4034 6400
583 404 719 465 i703

1630 356 1955 460 LEONTII.
1990 396 2504 459 NEAPOLITANI
2542 368 2897 455 EPISCOPIC

3708 386 3834 456 17M

576 515 945 573 innocentiam
1000 524 1056 567 et
1103 511 1518 583 integritatem:
1564 514 1835 569 sentiebat
1881 515 2030 569 enim
2077 528 2156 574 se,

2269 509 2489 581 Συμεὼν
2515 513 2578 564 ὲκ
2616 509 2716 579 τῆς
2748 505 3058 577 προσούσης
3102 505 3251 577 αὐτῷ
3281 504 3520 567 ἁκακίας
3550 504 3645 559 καὶ
3682 506 3833 558 καθα-

576 626 671 678 per
703 610 961 663 virtutem
993 605 1227 674 Spiritus
1263 605 1444 659 sancti
1482 605 1587 659 sibi
1635 605 2021 670 inhabitantis,
2056 620 2159 659 nec

578 702 769 754 timere
799 697 1065 759 dolorem,
1090 710 1193 749 nec
1221 693 1410 764 frigus,
1437 709 1538 749 nec
1568 694 1787 759 famem,
1820 698 2157 758 nectaestum,

575 791 668 845 sed
698 791 870 858 ipsam
905 796 1115 840 naturae
1135 784 1390 838 humanae
1435 783 1811 839 conditionem
1842 795 2013 853 prepe
2041 797 2161 835 esse

578 891 1055 952 praetergressum.

645 1055 735 1108 ‘27.
771 1053 907 1110 Dicit
946 1050 1145 1107 Joanni
1190 1069 1206 1106 :
1253 1051 1394 1118 Quid
1437 1051 1756 1121 proﬁcimus
1783 1050 2158 1120 imposterum,

578 1144 766 1208 frater,
803 1143 858 1197 in
886 1143 988 1197 hac
1019 1142 1316 1196 solitudine
1350 1149 1755 1195 commorantes
1778 1140 1803 1192 ?
1845 1138 2161 1201 Enimvero,

577 1239 733 1290 sime
767 1236 942 1299 audis,
971 1250 1152 1305 surge,
1188 1233 1555 1295 discedamus,
1590 1233 1723 1286 alios
1764 1230 1929 1287 etiam
1962 1230 2161 1284 reddo-

576 1343 699 1381 mus
735 1328 931 1382 salvos.
977 1327 1077 1381 llic
1129 1327 1296 1389 enim,
1338 1334 1699 1396 praeterquam
1746 1322 1925 1387 nobis,
1970 1335 2165 1391 prosu-

579 1434 701 1471 mus
750 1419 977 1481 nemini,
1025 1429 1080 1472 et
1121 1434 1150 1472 a
1182 1419 1333 1472 nullo
1376 1417 1682 1472 mercedem
1728 1415 2049 1484 accipimus.
2097 1411 2165 1467 Et

581 1516 875 1584 incipiebat
895 1516 943 1569 ei
970 1516 1154 1569 dicere
1180 1516 1441 1569 nonnulla
1478 1512 1790 1583 huiusmodi
1812 1528 1843 1566 e
1874 1512 2045 1565 sacris
2064 1525 2165 1580 pa-

580 1607 761 1677 ginis:
798 1625 815 1657 ι
853 1606 1024 1661 Nemo
1058 1608 1202 1675 quod
1252 1622 1412 1660 suum
1462 1614 1542 1660 est
1602 1613 1827 1674 quaerat,
1881 1604 1977 1658 sed
2019 1603 2163 1672 quod

593 1697 825 1765 proximi
852 1698 916 1751 “.
956 1716 974 1747 ι
1014 1698 1083 1751 Et
1115 1698 1313 1751 iterum
1346 1713 1358 1749 :
1392 1715 1412 1747 ι
1444 1696 1711 1751 Omnibus
1755 1696 1939 1750 omnia
1990 1695 2166 1749 factus

578 1804 721 1853 sum,
760 1798 821 1843 ut
867 1804 1057 1843 omnes
1107 1789 1376 1842 salvarem
1438 1791 1508 1842 ὀ.
1546 1807 1565 1840 ι
1607 1788 1674 1843 Ει
1715 1804 1781 1843 ex
1823 1787 2160 1858 Evangelio:

2266 603 2508 674 ρότητος.
2546 601 2838 672 ᾘσθάνετο
2898 600 3008 668 γὰρ
3055 599 3246 651 ἑαυτὸν
3276 598 3367 671 διᾲ
3398 598 3502 668 τῆς
3536 598 3835 666 ὲνοικούσης

2264 697 2321 746 ἐν
2349 692 2499 761 αύτῷ
2550 691 2644 744 τοῦ
2671 692 2828 756 ἁγίου
2854 690 3171 758 Πνεύματος
3207 689 3517 757 δυνάμεως,
3571 691 3705 756 μήτε
3738 690 3833 740 πά-

2264 788 2355 850 θος
2384 784 2740 854 φοϐούμενον,
2776 784 2912 854 μήτε
2942 781 3133 852 ψύχος,
3164 780 3197 852 ἢ
3248 785 3457 845 πεῖναν,
3495 781 3530 851 ἢ
3571 779 3835 843 καύσωνα,

2264 877 2399 930 ἀλλὰ
2424 876 2608 946 σχεδὸν
2639 875 2781 946 ὑπὲρ
2789 895 2803 943 3
2833 873 2903 927 τά
2942 872 3115 944 μέτρα
3142 874 3239 943 τῆς
3265 872 3483 941 φύσεως
3512 872 3611 941 τῆς
3642 870 3838 940 ἀνθρω-

2265 972 2427 1042 πίνης
2448 971 2763 1040 γενόμενον.

2335 1063 2438 1127 κζ’.
2471 1062 2633 1130 Λέγει
2705 1059 2784 1129 τῷ
2828 1059 3083 1131 Ἰωάννῃ*
3115 1058 3181 1112 Ti
3226 1058 3596 1127 ὠφελούμεθα
3640 1058 3835 1118 λοιπὸν,

2266 1154 2487 1223 ἀδελφὲ,
2537 1155 2597 1206 ὲν
2657 1155 2722 1223 τῇ
2778 1152 2969 1222 ἐρήμῳ
3032 1151 3208 1223 ταύτῃ
3245 1151 3657 1220 διατρίϐοντεςς
3708 1150 3835 1201 Ἀλλ’

2266 1246 2365 1297 ἐὰν
2408 1243 2649 1313 ἀκούσῃς
2715 1258 2837 1311 μου,
2895 1240 3124 1303 ἀνάστα,
3170 1239 3501 1307 ἀπέλθωμεν
3529 1279 3543 1302 ,
3590 1236 3838 1306 σώσωμεν

2266 1338 2359 1389 καὶ
2392 1336 2605 1396 ἄλλους.
2648 1326 2774 1385 Ὧδε
2795 1332 2905 1402 γὰρ
2928 1334 2975 1383 εί
3014 1332 3089 1401 μὴ
3122 1332 3352 1394 ἑαυτοὺς
3406 1330 3628 1399 μόνους.
3668 1328 3840 1398 ἔτερόν

2265 1445 2386 1480 τινα
2420 1427 2521 1480 οὐκ
2544 1424 2882 1495 ὠφελοῦμεν,
2914 1424 3010 1477 καλ⁸
3040 1422 3233 1494 μισθὸν
3261 1423 3415 1492 παρά
3428 1437 3580 1483 τινος
3612 1421 3710 1471 ούκ
3736 1418 3843 1487 ἔχο-

2270 1536 2389 1589 μεν.
2414 1520 2524 1571 Καὶ
2554 1518 2755 1588 ἤρξατο
2780 1517 2960 1584 λέγειν
2981 1513 3154 1585 αὐτῷ,
3174 1515 3270 1566 καὶ
3292 1517 3355 1566 ἐκ
3385 1513 3484 1580 τῆς
3509 1511 3675 1578 ἁγίας
3708 1509 3839 1580 Γραο

2268 1612 2373 1680 φῆς
2412 1627 2536 1663 τινα
2590 1608 2848 1663 τοιαῦται
2909 1607 3164 1677 «Μηδεὶς
3223 1605 3285 1658 τὸ
3337 1604 3535 1657 ἑαυτοῦ
3596 1602 3842 1673 ζητείτω,

2268 1701 2402 1755 ἀλλὰ
2444 1701 2506 1753 τὸ
2552 1700 2646 1753 τοῦ
2715 1698 2964 1769 πλησίου.
3005 1717 3025 1750 ι
3060 1698 3171 1751 Καὶ
3205 1697 3403 1750 πάλινο
3459 1716 3478 1747 ‹
3510 1696 3642 1759 Τοῖς
3688 1698 3844 1747 πᾶσιν

2270 1797 2447 1848 πάντα
2511 1794 2731 1861 γέγονα,
2779 1791 2866 1843 ἶνα
2900 1790 3119 1851 πάντως
3171 1788 3326 1851 τινάς
3368 1788 3552 1841 σώσω.
3596 1806 3619 1839 ι
3650 1788 3757 1838 Καὶ
3786 1788 3844 1838 ὲκ

586 1899 604 1929 ι
644 1880 734 1936 Sic
760 1882 939 1935 luceat
963 1881 1055 1933 lux
1080 1889 1257 1935 vestra
1286 1896 1469 1935 coram
1494 1881 1828 1945 hominibus,
1856 1888 1916 1933 ut
1944 1853 2163 1934 videant

2269 1887 2360 1941 τοῦ
2417 1853 2783 1954 Εὐάγγελίοψ
2822 1902 2841 1935 r
2890 1883 3015 1936 Ὅτι
3057 1882 3233 1945 οὓτως
3282 1880 3560 1951 λαμψάτω
3609 1880 3674 1931 τὸ
3738 1880 3846 1946 φῶς

579 1988 744 2041 opera
773 1983 951 2026 vestra
1010 1973 1174 2034 bona,
1213 1983 1266 2026 et
1291 1972 1599 2042 gloriﬁcent
1632 1973 1847 2027 Patrem
1894 1983 2160 2039 vestrum,

579 2060 762 2130 quiin
794 2062 945 2116 caelis
996 2070 1079 2116 est
1115 2062 1199 2127 η,
1257 2079 1275 2112 ι
1316 2070 1481 2131 atque
1527 2064 1630 2117 alia
1682 2065 1928 2134 quaedam
1977 2065 2165 2119 istius-

580 2152 748 2216 modi.
787 2153 852 2206 Et
880 2153 1225 2220 respondens.
1265 2154 1518 2208 dominus
1562 2154 1820 2221 Joannes,
1849 2157 1983 2211 dicit
2011 2157 2112 2226 ipsi
2145 2172 2159 2209 :

580 2245 742 2309 Puto,
771 2244 960 2306 frater,
986 2244 1218 2298 Satanas
1247 2244 1414 2312 quieti
1450 2256 1651 2302 nostra:
1677 2248 1893 2314 invidit,
1927 2257 1983 2303 et
2022 2249 2164 2303 hanc

582 2335 677 2390 tibi
707 2335 1094 2406 c0gitationem
1134 2335 1339 2404 injecit.
1372 2336 1515 2402 Quin
1555 2347 1610 2392 tu
1657 2340 1841 2409 potius
1881 2355 2064 2405 mane,
2110 2348 2166 2395 et

580 2442 800 2482 cursum
833 2436 1104 2492 nostrum,
1138 2442 1248 2496 quo
1277 2429 1453 2483 vocati
1485 2444 1675 2485 sumus
1704 2446 1733 2485 a
1775 2431 1908 2496 Deo,
1940 2432 2167 2503 implea-

582 2533 705 2572 mus
727 2519 782 2572 in
813 2519 914 2573 hac
942 2533 1150 2573 eremo.
1180 2518 1318 2572 Tum
1361 2520 1598 2590 Symeon
1626 2539 1639 2574 :
1679 2520 1875 2585 Crede,
1908 2538 2009 2593 ego
2054 2539 2165 2578 non

582 2626 800 2675 maneo,
832 2614 927 2665 sed
956 2611 1181 2666 discedo
1212 2612 1266 2665 in
1303 2612 1503 2668 virtute
1534 2612 1758 2677 Christi,
1792 2615 2057 2669 mundum
2086 2616 2168 2669 lu»

581 2702 1038 2765 dificaturus.Cui
1067 2720 1281 2759 rursum
1307 2704 1479 2759 frater
1495 2706 1616 2775 ejus
1642 2725 1654 2759 :
1687 2696 1950 2775 Ne,lbone
1977 2708 2163 2775 frater,

582 2809 681 2847 oro
710 2804 764 2848 te
794 2802 1018 2865 propter
1050 2795 1362 2864 Dominum,
1388 2812 1461 2851 ne
1488 2812 1577 2853 me
1606 2800 1869 2855 humilem
1905 2802 2165 2870 deseras;

582 2901 761 2953 neque
790 2886 935 2940 enim
958 2902 1027 2941 eo
1046 2888 1264 2942 virtutis
1300 2891 1546 2957 perveni,
1574 2897 1633 2944 ut
1667 2892 2167 2960 possimmundum

581 2971 880 3027 ludiﬁcare.
922 2975 1028 3029 Sed
1075 2985 1297 3045 propter
1334 2991 1483 3040 eum,
1526 2978 1751 3047 quinos
1800 2980 2001 3049 junxit,
2055 2983 2166 3036 noli

582 3062 823 3133 disjungi
855 3079 885 3118 a
914 3074 1005 3119 tuo
1038 3065 1227 3120 fratre.
1282 3065 1461 3133 Nosti,
1494 3070 1639 3137 quod
1683 3080 1807 3139 post
1858 3071 2025 3126 Deum
2055 3090 2167 3129 non

2270 1980 2424 2049 ὑμῶν
2456 1976 2764 2047 ἔμπροσθεν
2805 1975 2916 2028 τῶν
2940 1973 3263 2044 ἀνθρώπων,
3293 1974 3442 2034 ὅπως
3483 1972 3675 2024 ἴδωσιν
3701 1971 3846 2040 ὑμῶν

2267 2071 2335 2124 τὰ
2364 2069 2501 2124 καλὰ
2524 2068 2660 2139 ἔργα
2692 2068 2787 2121 καὶ
2807 2065 3109 2130 δοξάσωσιν
3155 2064 3246 2117 τὸν
3295 2065 3519 2135 Πατέρα
3548 2064 3581 2115 ύ
3592 2063 3732 2132 μῶν,
3759 2063 3845 2114 τὸν

2268 2163 2325 2215 ἑν
2359 2165 2471 2224 τοῖς
2495 2162 2766 2232 οὐρανοῖς*
2799 2178 2818 2211 ι
2848 2160 2943 2211 καὶ
2969 2157 3108 2213 ἄλλα
3132 2158 3253 2211 τινὰ
3283 2156 3534 2210 τοιαῦτα.
3574 2156 3688 2207 Καὶ
3711 2158 3837 2222 απο-

2266 2253 2477 2325 κριθεὶς
2506 2255 2534 2306 6
2570 2253 2777 2323 Κύριος
2818 2251 3095 2321 Ἰωάννης,
3157 2249 3306 2317 λέγει
3358 2248 3512 2316 αὐτῷ
3536 2265 3552 2279 ·
3600 2248 3841 2316 Νομίζω.

2268 2344 2484 2413 ἀδελφὲ,
2514 2345 2543 2396 6
2574 2344 2821 2405 Σατανᾶς
2844 2341 3145 2411 ἐφθόνησεν
3169 2339 3269 2410 τὴν
3291 2340 3523 2411 ἡσυχίαν
3554 2338 3741 2407 ἡμῶν,
3760 2339 3849 2389 καὶ

2267 2434 2538 2489 ὑπέϐαλέν
2567 2450 2649 2486 σοι
2674 2433 2769 2486 τὸν
2806 2432 3067 2501 λογισμὸν
3106 2430 3318 2484 τοῦτον.
3350 2429 3687 2484 Τουναντίον
3725 2427 3847 2482 κάθ-

2269 2544 2402 2589 ισον,
2422 2527 2515 2579 καὶ
2538 2528 2629 2578 τὸν
2655 2524 2857 2595 δρόμον
2886 2524 3063 2593 ἡμῶν,
3089 2523 3227 2575 ὅπου
3268 2520 3475 2592 ἐκλήθη
3486 2537 3593 2589 μεν
3628 2520 3736 2572 ὑπὸ
3762 2520 3844 2572 τοῦ

2267 2619 2424 2683 Θεοῦ,
2456 2619 2537 2681 είς
2591 2617 2689 2688 τὴν
2746 2617 2953 2687 ἔρημον
2983 2615 3187 2684 ταύτην
3246 2613 3661 2684 πληρώσωμεν.
3695 2614 3844 2679 Λέγει

2268 2712 2415 2780 αύτῷ
2443 2712 2470 2764 6
2508 2708 2763 2780 Συμεών·
2803 2708 3120 2772 Πίστευσον,
3174 2705 3286 2775 ἐγὼ
3327 2706 3391 2759 οὐ
3447 2706 3629 2774 μένω,
3660 2704 3845 2757 ἀλλ’ὲν

2268 2806 2336 2873 τῇ
2365 2803 2591 2871 δυνάμει
2612 2802 2705 2855 τοῦ
2734 2799 2974 2871 Χριστοῦ
2991 2798 3512 2869 ὑπάγω,ὲμπαίζων
3543 2798 3627 2867 τῷ
3645 2796 3843 2866 κόσμῳ.

2270 2896 2430 2963 Λέγει
2473 2893 2621 2961 αὑτῷ
2678 2892 2840 2945 πάλιν
2899 2894 2927 2945 6
2962 2891 3190 2960 ἁδελφὸς
3246 2889 3457 2943 αὑτοῦ·
3512 2888 3845 2959 Μὴ,ἁδελςὲ

2270 2988 2422 3051 καλὲ,
2446 2986 2755 3057 παρακαλῶ
2786 3004 2847 3039 σε
2878 2986 2967 3040 διὰ
2996 2985 3086 3039 τὸν
3113 2985 3337 3055 Κύριον,
3364 2985 3441 3054 μὴ
3467 2984 3648 3053 ἐάσῃς
3674 3001 3739 3051 με
3768 2982 3847 3033 τὸν

2267 3079 2542 3133 ταπεινόν.
2567 3079 2732 3131 Οθπω
2762 3079 2870 3149 γάρ
2904 3078 3015 3145 ἐγὼ
3046 3080 3126 3140 είς
3152 3077 3311 3130 τοῦτο
3341 3077 3403 3129 τὸ
3447 3076 3656 3146 μέτρον
3696 3074 3847 3142 ἔφθαο

586 3154 815 3208 habeam
849 3156 1038 3217 ullum,
1064 3165 1262 3225 praeter
1293 3167 1364 3223 te,
1399 3158 1568 3214 frater
1592 3163 1702 3227 mi;
1731 3164 1825 3219 sed
1856 3166 2163 3221 renuntiavi

2272 3190 2361 3236 σα,
2398 3173 2483 3225 ἵνα
2511 3172 2726 3241 δυνηθῶ
2757 3171 3024 3240 ἐμπαῖξαι
3054 3171 3132 3241 τῷ
3166 3164 3377 3241 κδσμὶρ.
3414 3168 3587 3221 Ἀλλά
3610 3167 3680 3221 δι’
3698 3167 3847 3220 αὑτὸν

584 3246 859 3311 omnibus,
893 3255 950 3301 ut
987 3247 1083 3301 tibi
1118 3249 1450 3304 adhaererem
1481 3268 1493 3304 :
1528 3262 1583 3306 et
1604 3270 1749 3310 nunc
1780 3264 1835 3309 tu
1869 3256 1950 3310 vis
1980 3258 2036 3311 in
2068 3258 2170 3313 hac

580 3337 879 3391 solitudine
907 3346 1164 3407 tanquam
1190 3338 1244 3393 in
1275 3341 1464 3410 pelago
1483 3358 1571 3397 me
1591 3344 1879 3413 linquere?
1900 3347 2171 3404 Memento

584 3425 749 3496 hujus
777 3427 907 3492 diei,
942 3444 1048 3498 qua
1088 3440 1292 3485 sortem
1331 3432 1588 3487 duximus
1634 3443 1689 3488 ct
1719 3437 2030 3492 audivimus
2070 3438 2170 3493 ab-

584 3516 767 3572 batem
807 3518 1096 3587 Niconem;
1130 3523 1275 3591 quod
1300 3526 1621 3580 convenerit
1650 3527 1794 3581 inter
1825 3534 1946 3593 nos,
1981 3539 2171 3584 mutuo

583 3623 695 3662 non
750 3612 1011 3679 separari.
1073 3612 1348 3669 Memento
1408 3618 1672 3674 terribilis
1723 3620 1895 3682 horae,
1950 3623 2170 3690 quando

583 3711 832 3753 sanctum
882 3700 1126 3755 habitum
1170 3695 1350 3759 induti
1402 3720 1616 3772 sumus,
1668 3717 1725 3763 et
1780 3725 1997 3769 eramus
2040 3712 2168 3778 duo,

584 3791 728 3845 sicut
762 3792 946 3845 anima
982 3809 1112 3860 una,
1154 3796 1292 3849 adeo
1339 3806 1400 3851 ut
1443 3813 1635 3855 omnes
1678 3801 2026 3855 dilectionem
2075 3818 2172 3857 no-

570 3893 753 3939 stram
835 3894 1097 3954 tanquam
1163 3902 1279 3941 rem
1329 3904 1526 3943 novam
1583 3891 1933 3948 mirarentur.
1992 3893 2170 3951 Nolito

582 3976 831 4030 oblivisci
866 3990 1153 4031 sermones
1191 3981 1373 4049 magni
1402 3982 1571 4045 senis,
1612 3983 1815 4052 quibus
1852 4001 1953 4042 nos
1983 3988 2173 4043 admo-

584 4067 704 4120 nuit
736 4081 799 4121 ea
839 4077 1021 4132 nocte,
1055 4084 1162 4138 qua
1203 4086 1407 4143 egresSI
1454 4089 1667 4130 sumus.
1703 4064 1800 4141 Ne,
1853 4095 2057 4149 quaso,
2102 4097 2173 4137 ne

584 4155 728 4211 forte
775 4172 1028 4227 peream,
1082 4168 1140 4215 et
1185 4163 1428 4233 requirat
1484 4164 1625 4221 Deus
1689 4170 1929 4225 animam
1988 4187 2169 4228 meam

583 4246 684 4303 abs
722 4257 799 4303 te.

2270 3263 2362 3317 τὸν
2393 3262 2658 3328 ζεύξαντα
2692 3262 2843 3332 ἡμᾶς
2903 3265 2977 3333 μὴ
3038 3262 3272 3334 θελήσῃς
3309 3258 3729 3330 ἀποζευχθῆναι
3760 3256 3847 3310 τοῦ

2274 3355 2367 3408 σοῦ
2392 3355 2642 3423 ἀδελφοῦ.
2675 3354 2749 3408 Σὺ
2773 3348 2943 3419 οἶδας,
2979 3354 3063 3407 ὅτι
3100 3355 3238 3423 μετὰ
3282 3353 3418 3406 Θεὸν
3477 3353 3683 3405 οὐδένα
3727 3351 3846 3420 ἔχω,

2272 3449 2321 3499 εί
2351 3446 2424 3517 μὴ
2452 3447 2534 3511 σὲ,
2581 3446 2777 3514 ἀδελφέ
2832 3463 2959 3516 μου,
2984 3444 3119 3499 ἀλλὰ
3151 3446 3360 3507 πάντας
3387 3444 3729 3514 ἠρνησάμην
3766 3443 3849 3493 καὶ

2274 3537 2717 3609 προσεκολλήθην
2765 3555 2848 3590 σοι
2873 3554 2887 3568 ο
2924 3537 3184 3607 καὶ,ἆρτι
3234 3538 3298 3591 σὺ
3349 3536 3548 3599 θέλεις,
3584 3534 3771 3603 ὥσπερ
3799 3535 3848 3584 ἐν

2274 3631 2533 3699 πελάγει,
2567 3632 2729 3685 ἐᾶσαί
2772 3649 2836 3702 με
2870 3632 2950 3694 είς
2977 3631 3075 3702 τὴν
3108 3630 3314 3702 ἔρημον
3344 3629 3589 3700 ταύτηνς
3630 3627 3849 3695 MV!)th

2273 3741 2460 3777 νευσον
2483 3724 2583 3793 τῆς
2609 3727 2823 3795 ἡμέρας
2856 3725 3093 3794 ἐκείνης,
3139 3725 3228 3776 ὅτε
3260 3722 3555 3793 ἐλάχομεν,
3593 3722 3689 3774 καὶ
3722 3735 3850 3771 κατ-

2273 3814 2558 3886 ηρχόμεθσ.
2587 3816 2680 3867 ἐπὶ
2699 3815 2790 3868 τὸν
2848 3815 3005 3886 κῦριν
3047 3815 3290 3877 Νίκωνα,
3346 3815 3427 3866 ὅτι
3493 3810 3847 3882 συνεθέμεθα,

2278 3910 2352 3979 μὴ
2385 3906 2719 3980 χωρίζεσθαι
2740 3907 2835 3960 ἀπ’
2892 3906 3153 3977 ἀλλήλων.
3194 3905 3599 3975 Μνημόνευσον
3633 3904 3739 3972 τῆς
3762 3918 3847 3969 φο-

2274 4000 2442 4069 ϐερᾶς
2498 3997 2666 4068 ὥρας,
2700 3997 2789 4049 ὅτε
2848 3996 2909 4049 τὸ
2936 3994 3089 4063 ἆγιον
3125 3993 3317 4065 σχῆμα
3363 3990 3731 4061 ὲνεδύθημεν,
3765 3990 3845 4041 καὶ

2272 4089 2413 4164 ἦμεν
2434 4093 2486 4146 οἱ
2517 4091 2609 4145 δύο
2657 4090 2844 4161 ὥσπερ
2888 4090 2984 4162 μία
3022 4090 3189 4160 ψυχὴ,
3223 4088 3361 4142 ὥστε
3406 4087 3630 4151 πάντας
3664 4084 3849 4149 ξενίζε-

2276 4183 2399 4235 σθαι
2430 4184 2523 4235 ἐπὶ
2550 4184 2617 4252 τῇ
2673 4182 2864 4254 ἀγάπῃ
2908 4182 3090 4252 ήμῶν.
3120 4182 3210 4251 Μὴ
3244 4180 3479 4249 ὲπιλάθῃ
3508 4179 3628 4231 τῶν
3685 4178 3848 4245 λόγων

2272 4273 2368 4326 τοῦ
2410 4274 2647 4343 μεγάλου
2698 4274 2984 4345 γέροντος,
3051 4266 3127 4326 ὧν
3183 4273 3328 4343 ἡμᾶς
3372 4270 3738 4339 ἐνουθέτησεν
3788 4271 3845 4335 τῇ

2275 4369 2465 4432 νυκτὶ,
2561 4366 2879 4437 ἐξήλθομεν.
2925 4367 3038 4438 Μὴ,
3077 4365 3407 4437 παρακαλῶξ,
3458 4365 3534 4433 μή
3580 4379 3701 4423 πως
3750 4362 3847 4413 άπ-

2275 4463 2482 4533 όλωμαι
2520 4463 2613 4517 καὶ
2635 4463 2952 4533 ὲκζητήσῃδ
2979 4461 3109 4522 Θεὸς
3136 4461 3234 4529 τὴν
3254 4459 3432 4528 ψυχήν
3459 4474 3564 4525 μου
3597 4455 3708 4507 ἀπὸ
3740 4454 3841 4505 σοῦ.

654 4546 743 4603 28.
780 4548 878 4602 Cui
917 4549 1116 4603 iterum
1148 4548 1381 4623 Symeon
1415 4574 1427 4607 :
1470 4555 1658 4627 COgita
1707 4574 1795 4631 me
1849 4576 1973 4617 esse
2018 4578 2165 4617 mor-

2342 4562 2451 4627 κη’.
2480 4555 2643 4622 Λέγει
2665 4554 2812 4625 αὐτῷ
2837 4555 2999 4606 πάλιν
3026 4555 3053 4606 6
3082 4552 3305 4622 Συμεών
3337 4567 3357 4584 ο
3410 4552 3683 4619 Νόμισον,
3743 4551 3840 4601 ἀπ-

585 4649 772 4705 tuum;
825 4655 1010 4695 nonne
1073 4643 1519 4709 haberes,runde
1569 4650 1644 4702 tui
1689 4666 1876 4708 curam
1929 4669 2170 4724 gereres.

586 4732 802 4785 tametsi
829 4732 977 4787 solus
1006 4734 1198 4788 esses?
1238 4734 1435 4802 Crede,
1478 4738 1521 4792 si
1562 4742 1772 4808 venias,
1812 4754 1961 4799 recte
2004 4744 2170 4802 facies

584 4831 641 4876 et
668 4823 839 4888 belle;
889 4825 1146 4893 quoniam
1199 4841 1299 4898 ego
1345 4844 1455 4883 non
1505 4847 1721 4886 maneo.
1760 4832 1858 4888 Ubi
1896 4834 2027 4889 vidit
2062 4836 2170 4889 fra-

585 4922 668 4969 ter
691 4915 933 4971 Joannes
975 4932 1100 4972 cum
1143 4920 1459 4989 persistere,
1497 4926 1751 4994 cognovit
1790 4928 1936 4996 quod
1982 4928 2170 4983 divino

585 5000 869 5061 instinctu
896 5010 1001 5063 hoc
1045 5009 1271 5066 faceret.
1312 5010 1459 5067 Nihil
1503 5018 1705 5086 quippe
1751 5033 1847 5073 eos
1900 5019 2168 5090 potuisset

584 5112 839 5167 separare
873 5103 976 5155 nisi
1010 5103 1123 5157 sola
1145 5121 1314 5173 mors,
1338 5117 1394 5162 et
1420 5106 1653 5163 fortasse
1681 5125 1750 5165 ne
1778 5111 1894 5181 ipsa
1915 5112 2163 5182 quidem.

584 5186 719 5243 Nam
750 5192 947 5260 smpius
977 5194 1083 5248 hoc
1112 5197 1273 5250 etiam
1306 5198 1477 5252 Deum
1510 5212 1857 5272 rogaveram,
1883 5211 1942 5256 ut
1975 5204 2166 5258 ambos

584 5281 747 5374 simul
768 5297 799 5336 e
830 5284 939 5339 vita
971 5298 1221 5349 vocaret,
1263 5298 1318 5343 et
1367 5291 1665 5346 credebant
1698 5295 2071 5350 exaudiendos
2104 5309 2164 5350 se

582 5373 753 5433 fuisse
795 5393 824 5433 a
885 5380 1113 5437 Domino
1162 5382 1216 5436 in
1276 5384 1380 5439 hac
1438 5400 1525 5451 re,
1573 5387 1733 5442 sicuti
1775 5388 1829 5442 in
1884 5390 2161 5445 omnibus.

584 5469 727 5524 Dicit
754 5471 935 5541 itaque
968 5475 1014 5529 ei
1045 5473 1360 5549 [Joannes]:
1396 5477 1631 5543 Videsis,
1666 5480 1921 5551 Symeon,
1951 5498 2021 5535 ne
2050 5482 2166 5537 dia-

582 5558 742 5615 bolus
766 5561 992 5619 fortasse
1026 5566 1120 5619 tibi
1171 5568 1301 5623 velit
1335 5578 1545 5625 struere
1575 5570 1819 5625 insidias.
1860 5570 2164 5641 Respondit

586 5649 675 5706 illc
707 5669 720 5704 :
754 5648 833 5707 Tu
866 5656 1028 5710 modo
1063 5673 1131 5711 ne
1165 5658 1270 5713 mei
1302 5660 1623 5717 obliviscere
1657 5662 1710 5716 in
1745 5664 1854 5718 tuis
1880 5663 2157 5733 precibus,

659 5826 701 5856 η
732 5824 750 5878 ι
780 5825 905 5882 Cor.
944 5845 995 5894 κ,
1021 5831 1114 5884 ει.

1222 5836 1268 5866 ¹⁶
1300 5836 1318 5887 l
1353 5835 1477 5890 Cor.
1526 5855 1600 5905 Ix,
1629 5841 1719 5895 9‘2.
1796 5842 1838 5874 ²¹
1872 5841 2060 5896 Matth.
2091 5858 2144 5909 ν,
2179 5842 2265 5896 16.

2271 4648 2479 4712 ἐθανον,
2527 4649 2627 4700 οὐκ
2656 4643 2799 4717 εἶχες
2830 4647 3111 4716 φροντίσαι
3136 4646 3331 4699 ἑαυτοῦ
3361 4643 3502 4699 κατὰ
3537 4645 3713 4712 μόνας
3742 4641 3841 4699 dav;

2270 4740 2588 4804 Πίστευσον,
2615 4739 2662 4789 εἰ
2703 4737 2802 4808 μὲν
2833 4738 2989 4808 ἔρχῃ,
3027 4731 3084 4790 εὖ
3118 4738 3212 4790 καὶ
3245 4734 3448 4799 καλῶς,
3499 4735 3627 4785 ἐπεὶ
3658 4732 3765 4800 ἐγὼ
3787 4731 3843 4780 οὐ

2273 4830 2543 4902 μένω.Ὡ;
2596 4825 2687 4882 οὖν
2738 4828 2846 4883 ἴδεν
2905 4829 3069 4885 αὑτὸν
3112 4830 3141 4880 6
3174 4827 3397 4896 ἁδελφὸς
3440 4826 3706 4897 Ἰωάννης
3737 4825 3844 4876 ἑπι-

2275 4924 2539 4994 μένοντα,
2593 4920 2733 4989 ἔγνω
2790 4922 2871 4974 ὅτι
2922 4924 2987 4974 ὲκ
3033 4921 3167 4974 Θεοῦ
3209 4918 3638 4990 ὲπληροιρορήθη
3700 4915 3847 4970 τοῦτο

2273 5014 2493 5085 πρᾶξαι.
2541 5015 2691 5067 Ἐπεὶ
2744 5015 2843 5067 οὐκ
2900 5014 3161 5085 ἐχώριζεν
3187 5013 3404 5077 αὐτοὺς,
3435 5013 3591 5083 εἰμὴ
3616 5012 3649 5062 δ
3696 5011 3848 5065 θάνε·

2269 5106 2603 5177 τος,τάχαδὲ
2626 5106 2746 5159 οὐδὲ
2775 5106 2957 5169 αὑτός.
2986 5106 3097 5160 Καλ⁵
3120 5098 3385 5176 γὰρῆσαν
3414 5104 3510 5157 καὶ
3540 5102 3712 5155 τοῦτο
3734 5100 3848 5153 πολ-

2269 5200 2428 5263 λάκις
2471 5198 2954 5271 παρακαλέσαντες
2998 5199 3087 5252 τὸν
3148 5198 3300 5263 Θεὸν,
3366 5197 3454 5250 ἵνα
3490 5195 3631 5266 ὁμοῦ
3686 5210 3848 5264 προσ-

2268 5292 2500 5363 λάδηται
2527 5293 2654 5355 τοὺς
2681 5290 2791 5357 δύο,
2821 5309 2915 5345 και.
2962 5291 3243 5345 ἐπίστευον
3284 5290 3366 5343 ὅτι
3405 5288 3729 5341 είσακούσει
3763 5286 3849 5337 αὖε

2272 5384 2379 5437 τῶν
2407 5386 2434 5436 6
2475 5382 2679 5455 Κύριος
2730 5384 2823 5437 καὶ
2866 5385 2925 5437 ὲν
2963 5382 3153 5451 τούτῳ,
3193 5382 3268 5445 ὼς
3316 5384 3374 5434 ὲν
3415 5382 3651 5436 ἅπασιν.
3696 5379 3847 5444 Λέγει

2272 5475 2366 5529 οὖν
2397 5474 2565 5547 αὐτῷ’
2594 5473 2786 5539 Βλέπε,
2814 5473 3059 5545 Συμεὼν,
3089 5476 3163 5543 μή
3194 5490 3311 5536 πως
3332 5474 3359 5527 6
3383 5472 3638 5534 διάϐολος
3669 5470 3849 5539 χλευάο

2272 5586 2360 5621 σαι
2395 5585 2453 5621 σε
2485 5568 2634 5638 Θέλῃ.
2665 5569 2725 5621 '0
2774 5567 2831 5619 δὲ
2878 5563 3031 5620 εἶπεν
3082 5565 3257 5636 αὐτῷ·
3291 5566 3363 5619 Σὺ
3404 5565 3571 5635 μόνον
3616 5564 3697 5634 μὴ
3733 5564 3847 5613 im-

2269 5665 2410 5737 λάθῃ
2429 5682 2528 5735 μου
2560 5664 2711 5735 ἐνιπῇ
2728 5664 2862 5735 εὐχῇ
2897 5680 3012 5731 σου,
3045 5663 3234 5734 ὥσπερ
3262 5661 3381 5715 οὐδὲ
3408 5658 3523 5729 ἐγὼ
3552 5657 3681 5723 σοῦ,
3710 5656 3851 5710 καὶό
