4034 6392
590 374 722 437 1⁸1⁷07

1568 366 1876 429 LEONTII
1920 364 2438 429 NEAPOLITANI
2481 366 2828 429 EPISCOPI

3729 366 3867 432 ῙῚΕΒ

585 488 799 546 accedit
832 487 900 544 ad
946 487 1224 543 hominem
1268 485 1526 557 superbia
1571 493 1626 539 et
1670 480 1998 539 existimatio
2046 497 2177 553 pro-

2287 480 2346 535 ὲκ
2374 481 2469 536 τοῦ
2505 481 2644 553 βίου,
2668 483 2759 537 ἴνα
2782 480 3027 555 διαφύγῃ
3046 478 3146 553 τὴν
3181 479 3297 537 τῶν
3328 480 3632 555 ἀνθρώπων
3682 481 3863 548 δόξαν,

584 584 726 654 pria,
760 596 883 654 qua:
912 581 997 638 vel
1020 581 1168 652 ipsos
1198 578 1421 651 angelos
1444 574 1680 648 perdidit
1716 574 1771 629 in
1804 572 1963 629 coelo.
1996 572 2175 628 Exau-

584 678 722 733 divit
759 692 892 750 ergo
941 678 1123 748 ipsum
1175 673 1299 735 ille,
1344 672 1437 743 qui
1486 670 1621 727 dixit
1662 684 1677 723 :
1714 687 1733 721 ι
1787 667 2177 724 Clamaverunt

582 772 740 844 justi,
773 781 828 827 et
862 770 1122 825 Dominus
1145 766 1426 825 exaudivit
1457 778 1552 820 eos
1581 764 1649 817 ".
1687 779 1706 813 ι
1736 759 1949 817 Etenim
2001 777 2177 832 quan-

586 881 751 936 quam
786 870 935 919 tanta
978 870 1219 933 patraret
1250 856 1515 931 prodigia,
1550 866 1606 912 et
1647 871 1737 911 res
1775 865 1883 912 tam
1931 854 2174 911 incredi-

587 957 725 1013 biles
757 969 920 1025 supra
954 952 1289 1023 opinioncm,
1324 955 1486 1020 prout
1526 945 1754 1016 intelligi
1809 945 1969 999 datur
2001 959 2068 999 ex
2108 942 2177 998 iis

587 1066 709 1120 qua:
738 1054 1077 1117 sequuntur:
1113 1059 1224 1099 non
1256 1042 1459 1099 flebant
1488 1042 1737 1099 actiones
1762 1039 1963 1108 sancti,
1998 1039 2176 1095 homio

589 1141 755 1198 nibus
782 1136 1115 1193 manifestae.
1151 1132 1288 1189 Nam
1318 1134 1511 1205 petitio
1556 1133 1678 1203 ejus
1718 1122 1861 1187 facta
1912 1141 1999 1187 est
2024 1130 2177 1186 velut

589 1238 805 1301 tegmen
838 1243 1006 1299 super
1055 1227 1219 1281 corda
1256 1241 1469 1287 eorum,
1499 1225 1675 1280 donec
1721 1222 1776 1277 in
1815 1221 2045 1277 Domino
2086 1220 2179 1276 οἱ»

588 1321 869 1384 d'ormiret,
898 1320 990 1390 qui
1032 1317 1288 1373 videbant
1320 1333 1407 1383 ea,
1436 1333 1557 1387 qua
1586 1314 1925 1388 perficiebat,
1963 1314 2040 1386 [et
2063 1330 2173 1370 non

578 1407 1013 1496 intelligebantj
1057 1408 1343 1475 Quomodo
1386 1410 1556 1474 enim,
1591 1406 1696 1461 nisi
1736 1421 1824 1461 res
1874 1406 1951 1461 ita
1986 1420 2047 1461 se
2077 1405 2182 1460 ba-

585 1503 767 1561 buerit
790 1546 803 1569 ,
839 1502 966 1565 nisi,
993 1501 1238 1571 in’quam,
1277 1499 1424 1555 Deus
1457 1499 1719 1555 virtutem
1758 1498 1902 1553 beati
1936 1498 2038 1553 viri
2072 1498 2175 1554 lto-

586 1596 828 1651 minibus
880 1593 1191 1659 occultarit,
1253 1602 1479 1664 propter
1520 1607 1663 1657 eam,
1708 1606 1873 1661 quam
1921 1591 1991 1646 ab
2042 1590 2177 1660 ipsis

586 1691 883 1760 adepturus
913 1696 1047 1749 erat,
1075 1687 1321 1758 gloriam,
1344 1700 1457 1741 non
1490 1683 2181 1740 innotesccbatomnibus?

586 1785 689 1850 Qui
715 1800 862 1840 nunc
886 1782 1107 1854 quidem
1137 1781 1505 1836 dmmoniacos
1528 1779 1776 1845 sanabat,
1805 1793 1955 1833 nunc
1984 1792 2178 1831 rursus

2275 568 2437 647 δι’ἦς
2469 574 2834 645 παραγίνεται
2890 573 2973 645 τῷ
3020 571 3302 645 ἀνθρώπῳ
3337 574 3721 646 ὑπερηφάνεια
3774 579 3862 630 καὶ

2276 662 2480 737 οίησις,
2521 665 2615 719 καὶ
2659 664 2925 734 ἀγγέλους
2965 663 3288 719 ἀπολέσασα
3329 664 3391 731 ἐξ
3426 665 3695 738 οὐρανῶν.
3746 668 3865 720 εἰσ·

2276 755 2513 827 ήκουσεν
2536 749 2633 809 οὖν
2654 753 2844 819 αὐτοῦ,
2882 754 2911 808 ό
2931 753 3135 811 εἰπών’
3162 773 3182 809 ι
3209 755 3551 828 Ἑκέκραξαν
3574 757 3625 809 οἱ
3643 756 3863 820 δίκαιοι,

2278 851 2375 904 καὶ
2411 849 2441 902 ὁ
2470 848 2677 921 Κύριος
2698 849 3024 921 είσήκουσεν
3048 850 3254 905 αὐτῶν*
3291 868 3313 902 ι
3341 851 3438 904 καὶ
3459 850 3572 921 γὰρ
3600 849 3868 914 τοσαύτας

2279 943 2734 1016 θαυματουργίας
2784 941 2951 998 αὑτοῦ
2990 943 3412 1009 ἐπιτελέσαντος
3435 984 3451 1009 ,
3494 942 3595 998 καὶ
3630 943 3866 999 τοσαῦτα

2278 1037 2561 1110 παράδοξα
2586 1038 3102 1111 κατεργασαμένου,
3128 1038 3205 1104 ὡς
3223 1041 3288 1094 ὲκ
3322 1039 3436 1094 τῶν
3468 1039 3598 1110 ἑξῆς
3624 1037 3748 1093 ἐστι
3772 1058 3867 1111 μαι

2281 1131 2433 1198 θεῖν,
2476 1131 2579 1187 οὐκ
2633 1132 2856 1201 ἐγένετο
2892 1132 3029 1204 δήλη
3066 1134 3103 1206 ή
3132 1132 3230 1188 τοῦ
3278 1133 3429 1187 ὁσίου
3470 1132 3717 1206 ἐργασία
3764 1136 3867 1196 τοὶς

2278 1223 2612 1297 ἀνθρώποις.
2661 1224 2727 1280 Ἦ
2774 1225 2886 1298 γὰρ
2914 1225 3133 1298 αἴτησις
3161 1225 3329 1281 αὑτοῦ
3366 1225 3556 1297 ὥσπερ
3604 1226 3869 1295 κάλυμμα

2279 1317 2503 1387 ἐγένετο
2526 1318 2619 1372 ἐπὶ
2656 1318 2758 1382 τὰς
2786 1318 3015 1391 καρδίας
3034 1318 3149 1373 τῶν
3175 1318 3528 1391 θεωρούντων
3550 1318 3629 1372 τὸ.
3662 1318 3757 1372 ὑπ’
3784 1320 3870 1371 αύ-

2278 1412 2373 1466 τοῦ
2399 1412 2731 1485 τελούμενα,
2757 1412 2864 1478 ἕως
2891 1414 2990 1485 τῆς
3013 1413 3181 1468 αὑτοῦ
3204 1415 3539 1484 κοιμήσεως.
3579 1413 3726 1477 Πῶς
3749 1414 3873 1485 γὰρ,

2279 1505 2330 1556 εί
2366 1502 2443 1574 μὴ
2481 1503 2643 1558 τοῦτο
2681 1498 2771 1575 ἦν,
2796 1503 2944 1571 λέγω
2969 1504 3036 1576 δή
3059 1504 3121 1559 τὸ
3144 1504 3238 1558 τὸν
3270 1505 3402 1559 Θεὸν
3426 1506 3662 1559 σκέπειν
3685 1504 3748 1570 ἐξ
3783 1508 3868 1560 ἀν-

2282 1593 2518 1665 θρώπων
2566 1595 2666 1667 τὴν
2721 1597 2929 1667 ἀρετὴν
2954 1596 3049 1650 τοῦ
3093 1595 3396 1668 μακαρίτου
3420 1639 3436 1664 ,
3474 1596 3566 1651 διὰ
3614 1597 3721 1668 τὴν
3750 1600 3870 1669 παρ’

2281 1687 2463 1742 αὐτῶν
2493 1686 2672 1754 δόξαν,
2703 1688 2765 1741 οὺ
2797 1690 2966 1742 πᾶσιν
3001 1689 3309 1760 κατάδηλος
3349 1689 3601 1758 ὲγένετος
3638 1688 3757 1743 Νῦν
3782 1690 3871 1760 μὲν

2280 1779 2655 1850 δαιμονῶντας
2682 1778 2936 1852 ἰώμενος,
2968 1780 3134 1835 πάλιν
3156 1780 3219 1835 δὲ
3245 1783 3305 1835 ὲν
3347 1786 3417 1853 τῇ
3455 1782 3609 1853 χειρὶ
3650 1785 3869 1854 λαμπρὶ

588 1879 768 1949 ignem
796 1877 906 1948 (50)
937 1875 1148 1929 ferebat
1176 1889 1377 1937 manu;
1425 1887 1571 1926 nunc
1618 1886 1749 1925 vero
1789 1871 1987 1940 saepius
2037 1884 2182 1923 non-

2287 1843 2574 1944 βαστάζων
2598 1912 2615 1937 ,
2638 1843 2789 1928 ’τισίν
2811 1875 2869 1929 δὲ
2894 1843 3157 1941 πολλάκις
3172 1877 3241 1931 τὰ
3264 1843 3527 1947 μέλλοντα
3549 1843 3872 1947 προλέγων,

590 1970 756 2025 nullis
807 1970 991 2024 futura
1051 1966 1403 2036 praedicebat,
1449 1977 1504 2021 et
1546 1962 1666 2017 aliis
1722 1961 2065 2035 signiﬁcabat
2094 1977 2180 2029 ea,

2287 1966 2381 2019 καὶ
2410 1965 2590 2031 ἄλλοις
2619 1967 2689 2020 τὰ
2721 1967 2834 2021 ἀπὸ
2868 1967 3147 2039 μακρόθεν
3186 1967 3320 2040 περὶ
3364 1967 3531 2021 αὐτοῦ
3564 1968 3869 2039 λαληθέντα

586 2080 709 2132 qua:
747 2062 804 2116 in
834 2061 953 2115 loco
982 2068 1196 2115 remoto
1230 2058 1297 2113 de
1334 2073 1394 2112 se
1428 2065 1586 2113 erant
1621 2056 1767 2110 dicta
1795 2072 1808 2122 ;
1842 2070 1990 2109 nunc
2030 2054 2183 2109 cibos

2287 2059 2613 2132 cqpalvwv'
2648 2061 2711 2128 ὲξ
2739 2062 2977 2134 ἀοράτου
3035 2061 3246 2135 τροφὴν
3292 2063 3353 2116 ὲν
3389 2064 3459 2133 τῇ
3496 2064 3703 2134 ἐρήμῳ
3745 2080 3872 2116 πανο

587 2152 769 2207 nmnis
805 2150 1025 2223 generis
1060 2165 1123 2205 ac
1170 2148 1414 2214 delicias,
1452 2148 1665 2203 occulta
1696 2146 1922 2213 virtute,
1963 2155 2019 2201 et
2048 2144 2181 2199 ridi-

2287 2152 2437 2215 τοίας
2459 2153 2680 2225 τρυφῆς
2726 2153 3033 2222 γελοιωδῶς
3069 2154 3448 2226 ὲπικομίζων·
3490 2153 3649 2206 ἐστιν
3696 2153 3749 2206 δὲ
3786 2155 3868 2207 ὅτε

587 2249 714 2305 culo
743 2247 929 2310 modo,
986 2246 1040 2299 in
1096 2259 1343 2299 eremum
1412 2242 1721 2309 inferebat;
1785 2255 2183 2311 nonnunquam

588 2342 759 2395 etiam
786 2339 1067 2403 llebrzeos,
1102 2348 1197 2393 aut
1228 2354 1257 2392 a
1284 2336 1391 2391 fide
1427 2336 1616 2391 devios
1659 2335 1726 2390 ad
1753 2334 2017 2406 pietatem
2046 2350 2182 2389 con-

588 2437 858 2509 vertebat,
895 2434 1124 2489 sanabat
1167 2440 1419 2502 aegrotos,
1468 2439 1520 2485 et
1548 2430 1684 2485 alios
1733 2446 1763 2484 e
1806 2428 2067 2500 periculis
2120 2428 2186 2483 li-

588 2527 837 2582 berabat.
903 2526 1117 2596 Saepius
1171 2524 1300 2579 item
1355 2522 1709 2577 mulierculas
1771 2520 2078 2592 impudicas
2129 2529 2185 2576 et

591 2619 929 2683 meretrices,
988 2617 1187 2689 partim
1252 2615 1471 2685 quidem
1520 2614 1588 2669 ad
1640 2614 1908 2685 legitimas
1963 2614 2185 2684 nuptias

588 2712 800 2767 ludicro
832 2711 990 2765 modo
1021 2708 1364 2775 traducebat,
1406 2708 1604 2779 partim
1648 2708 1716 2762 ad
1745 2706 1981 2779 frugem,
2012 2723 2182 2778 pecu-

589 2804 699 2857 niis
729 2802 1015 2869 inescans;
1055 2802 1305 2873 quinimo
1368 2816 1463 2871 per
1510 2800 1728 2855 insitam
1784 2799 1886 2855 sibi
1924 2800 2181 2870 pietatem

592 2895 847 2966 tangebat
870 2912 1056 2949 earum
1096 2910 1210 2959 cor,
1247 2901 1306 2948 ut
1341 2893 1508 2947 vitam
1552 2891 1853 2947 solitariam
1882 2892 2183 2962 amplecte-

592 2998 800 3042 rentur.
834 2987 943 3042 Nec
980 2988 1171 3053 miror,
1199 2985 1566 3052 Christicolae,
1616 3000 1767 3050 eum,
1815 2986 1907 3054 qui
1941 2986 2056 3039 bare
2086 3002 2185 3057 per

596 3083 763 3135 Deum
814 3082 1073 3151 patravit,
1129 3080 1475 3152 incognitum
1532 3078 1924 3150 permansisse.
1967 3077 2181 3132 Etenim

2284 2246 2382 2300 καὶ
2423 2244 2797 2318 Ἐϐραίους,ἢ
2838 2247 3210 2311 κακοπίστους
3258 2247 3399 2319 πρὸς
3443 2248 3547 2317 τήν
3588 2247 3876 2300 εύσέδειαν

2285 2340 2660 2412 ἐπιστρέφων,
2692 2341 2786 2395 καὶ
2808 2341 3102 2405 νοσοῦντας
3130 2340 3384 2412 ἰώμενος,
3417 2341 3620 2404 ἄλλους
3652 2343 3719 2395 ὲκ
3764 2359 3870 2394 κιν-

2285 2432 2460 2487 δύνων
2490 2433 2780 2506 ῥυόμενος·
2803 2432 3072 2497 πολλάκις
3109 2433 3167 2486 δὲ
3200 2433 3296 2487 καὶ
3321 2434 3523 2501 γυναῖα
3542 2434 3762 2502 ἄσεμνα
3787 2432 3870 2486 καὶ

2287 2526 2545 2597 πορνικὰ,
2566 2526 2636 2580 τὰ
2667 2527 2768 2598 μὲν
2795 2528 2889 2581 ἐπὶ
2919 2523 3153 2599 νόμῖιμον
3190 2526 3370 2595 γάμον
3400 2526 3717 2595 παιγνικῶς
3758 2525 3869 2594 le:-

2289 2637 2402 2692 ρεν,
2432 2619 2575 2674 τὰδὲ
2602 2622 2903 2691 σωφρονεῖν
2947 2619 3038 2673 διὰ
3084 2619 3387 2692 χρημάτων
3436 2618 3868 2690 ἁνθηρευόμενος

2286 2713 2482 2770 ἐποίει.
2526 2712 2688 2768 Ἀλλὰ
2725 2714 2784 2767 δὲ
2820 2714 2916 2768 καὶ
2961 2713 3054 2767 τὸν
3093 2714 3310 2785 μονήρη
3351 2711 3467 2783 βίον
3512 2709 3868 2783 μετέρχεσθαι

2284 2805 2374 2859 διὰ
2405 2806 2504 2877 τῆς
2545 2805 2862 2878 προσούσης
2920 2804 3069 2877 αύτῷ
3117 2805 3497 2878 καθαρότητος
3556 2805 3865 2859 κατένυττε.

2286 2899 2397 2951 Καὶ⁵
2414 2898 2476 2951 ού
2509 2897 2797 2969 θαυμάζω,
2838 2898 3204 2971 φιλόχριστοι,
3222 2897 3375 2970 παρὰ
3401 2897 3526 2968 Θεῷ
3546 2896 3723 2951 ταῦτα
3744 2913 3864 2948 κατ-

2286 2990 2681 3063 εργαζόμενον,
2706 2995 2985 3062 ἄγνωστον
3020 2994 3317 3065 διαμεῖναι.
3360 2992 3422 3045 '0
3448 2991 3563 3061 γὰρ
3587 2991 3761 3045 ποιῶν
3780 2990 3865 3052 τὶς

2286 3086 2681 3157 κεκρυμμένας
2700 3087 2901 3162 ἀρετὰς
2923 3086 3033 3141 τῶν
3059 3085 3258 3140 ἑαυτοῦ
3283 3085 3652 3156 θεραπόντων
3684 3082 3870 3135 πολλάο

591 3172 780 3247 [sicut]
816 3174 904 3229 ille
934 3172 1260 3227 famulorum
1281 3188 1507 3227 suormn
1530 3172 1784 3236 virtutes,
1809 3186 1930 3242 quae
1957 3170 2183 3225 abscon-

2288 3193 2375 3240 κις
2398 3176 2738 3247 καταδήλους
2792 3179 2991 3245 πᾶσιν,
3017 3176 3191 3241 οὕτως
3238 3178 3305 3247 τῇ
3336 3174 3503 3230 αὑτοῦ
3565 3174 3866 3243 οἰκονομία,

589 3268 717 3322 dita:
746 3268 935 3331 latent,
961 3283 1106 3337 stupe
1135 3265 1469 3328 manifestat,
1520 3265 1597 3319 sic
1636 3265 2048 3336 dispensatione
2086 3280 2183 3319 sua

593 3362 755 3432 hujus
787 3360 958 3416 sancti
1004 3358 1283 3433 [virtutes]
1327 3359 1584 3414 omnibus
1631 3358 1963 3429 incognitas,
2008 3357 2185 3412 mani-

592 3456 833 3510 t'estavit.
868 3454 1069 3511 Tridua
1112 3456 1315 3525 itaque,
1348 3454 1426 3509 uti
1460 3453 1666 3508 dictum
1714 3460 1801 3507 est
1835 3467 2022 3523 supra,
2057 3467 2185 3506 san-

590 3549 695 3603 ctis
740 3549 878 3605 locis
933 3557 1297 3620 consumpto,
1352 3547 1407 3602 in
1460 3545 1856 3602 Emesenorum
1904 3545 2183 3603 civitatem

592 3651 863 3711 pervenit.

2286 3260 2519 3333 καὶτὰς
2549 3268 2742 3323 τούτου
2788 3269 2884 3324 τοῦ
2930 3270 3080 3325 ὁσίου
3113 3270 3284 3323 πᾶσιν
3323 3267 3493 3332 οὕσας
3538 3265 3875 3336 ἀγνώστους,

2286 3361 2630 3433 καταδήλους
2659 3362 2938 3435 ἐποίησεν.
2986 3362 3074 3427 Ὡς
3108 3362 3372 3433 ἀνωτέρω
3398 3361 3597 3428 ,τοίνυν
3634 3362 3864 3433 εἴρηται,

2283 3454 2574 3525 διατρίψας
2622 3455 2725 3519 τὰς
2780 3458 2933 3528 τρεῖς
2961 3455 3177 3526 ἡμέρας
3217 3457 3277 3509 ὲν
3330 3457 3446 3521 τοῖς
3476 3454 3659 3524 ἁγίοις
3695 3453 3872 3515 τόποις

2285 3548 2700 3620 καταλαμϐάνει
2741 3549 2832 3619 τὴν
2862 3548 3190 3620 Ἐμεσηνῶν
3224 3547 3405 3605 πόλιν.

2065 3771 2293 3829 CAPUT
2338 3773 2401 3828 Υ.

806 3890 1100 3945 Stultitia»:
1135 3891 1349 3945 simulat
1385 3889 1607 3945 Emesce.
1653 3889 1785 3960 Ejus
1810 3888 2006 3944 ibidem
2034 3890 2326 3961 famulatus
2346 3936 2360 3961 ,
2391 3894 2601 3948 verbera
2625 3933 2638 3959 ,
2678 3909 2756 3947 res
2780 3892 3075 3961 mirabiles,
3096 3890 3341 3964 jejunia,
3375 3890 3670 3945 miracula.

663 4014 751 4070 5|.
788 4012 847 4067 ln
877 4013 997 4083 ipso
1029 4021 1215 4067 autem
1256 4011 1495 4069 civitatis
1527 4011 1779 4082 ingressu
1811 4010 1885 4067 ita
1912 4026 1971 4067 se
1997 4012 2188 4084 gessit.

596 4111 734 4163 Cum
768 4106 999 4178 insignis
1037 4105 1328 4180 [Symeon]
1375 4107 1430 4161 in
1490 4106 1859 4178 sterquilinio,
1890 4107 2036 4178 quod
2072 4115 2194 4163 erat

597 4213 751 4258 extra
777 4201 1079 4268 civitatem,
1101 4200 1408 4257 invenisset
1448 4215 1640 4257 canem
1686 4208 1985 4267 mortuum,
2016 4200 2192 4257 soluta

597 4310 760 4364 quam
826 4293 1076 4364 portabat
1121 4309 1282 4359 zona,
1326 4308 1357 4348 e
1404 4292 1663 4347 funiculis
1717 4301 1885 4359 texta,
1945 4300 2002 4347 et
2040 4290 2193 4347 canis

599 4388 720 4459 pedi
752 4386 1267 4459 alligata,trahebat
1305 4386 1485 4456 ipsum
1529 4400 1779 4449 currens,
1819 4394 1875 4439 et
1913 4383 2191 4456 ingressus

596 4488 680 4533 est
713 4496 808 4551 per
837 4489 1070 4550 portam,
1102 4494 1271 4549 prope
1308 4494 1470 4548 quam
1493 4476 1679 4532 schola
1718 4484 1839 4531 erat
1865 4491 2187 4546 puerorum.

599 4571 715 4627 lloc
753 4570 892 4635 viso,
944 4571 1102 4642 pueri
1151 4578 1435 4641 cmperunt
1478 4571 1761 4626 clamare:
1816 4566 1972 4623 Vah!
2022 4568 2190 4623 abbas

2359 4016 2463 4070 λα’.
2508 4017 2567 4071 '0
2601 4017 2658 4071 δὲ
2681 4016 2885 4089 τρόπος
2913 4016 3015 4089 τῆς
3057 4017 3119 4070 ὲν
3154 4018 3223 4088 τῇ
3259 4014 3415 4070 πόλει
3454 4015 3679 4071 εἰσόδου
3715 4011 3872 4070 abso?»

2291 4106 2540 4178 ὑπῆρχεν
2570 4107 2764 4172 οὕτως.
2817 4107 3009 4180 Eripth
3046 4110 3075 4162 δ
3104 4107 3351 4179 ἀοίδιμος
3389 4107 3484 4163 ἐπὶ
3518 4106 3621 4179 τῆς
3653 4106 3868 4178 magis;

2288 4199 2389 4270 τῆς
2416 4200 2522 4265 ἔξω
2554 4192 2657 4273 τῆς
2685 4202 2917 4268 πόλεως,
2958 4200 3098 4257 κύνα
3125 4200 3343 4273 νεκρὸν,
3390 4200 3584 4265 λύσας,
3614 4200 3649 4254 δ
3671 4201 3865 4270 ἑφόρει.

2291 4292 2558 4364 ζωνάριον
2609 4295 2674 4348 ἐκ
2705 4294 2945 4365 σχοινίου
2968 4335 2987 4360 ,
3016 4295 3116 4349 καὶ
3170 4293 3344 4365 δήσας
3393 4292 3486 4347 τὸν
3517 4291 3662 4345 πόδα
3691 4287 3867 4351 αὐτοῦ,

2296 4383 2491 4456 ἔσυρεν
2520 4367 2685 4440 arbsz
2717 4387 2949 4457 τρέχων,
2973 4386 3067 4441 καὶ
3096 4385 3485 4457 εἰσερχόμενος
3507 4382 3601 4438 διὰ
3626 4384 3724 4453 τῆς
3747 4380 3867 4451 πόρ-

2296 4492 2417 4545 της,
2444 4477 2577 4531 ὅπου
2607 4476 2839 4549 πλησίον
2861 4478 3010 4531 ἐστὶν
3038 4477 3097 4532 τὸ
3119 4476 3335 4549 σχολίον
3358 4477 3472 4530 τῶν
3494 4476 3751 4530 παιδίων.
3791 4473 3865 4533 Ὧς

2296 4565 2483 4620 τοῦτον
2504 4563 2596 4621 οὖν
2616 4567 2910 4621 ἐθεάσαντο
2925 4568 2975 4621 οὶ
3004 4567 3469 4638 παῖδες,ήρξαντο
3494 4565 3746 4637 κράζεινυ
3769 4562 3862 4616 'E!

601 4662 688 4717 liic
720 4662 920 4718 stultus
943 4629 1047 4719 est.
1078 4662 1143 4717 Et
1170 4629 1488 4717 institerunt
1519 4669 1643 4733 post
1673 4661 1823 4715 illum
1859 4676 2105 4729 currere,
2134 4669 2183 4716 et

2295 4657 2469 4721 ἁϐὀᾶς
2506 4657 2704 4729 μωρός·
2738 4659 2832 4713 καὶ
2854 4657 3079 4712 ἔϐαλλον
3104 4629 3329 4729 τρέάέιᾴ
3351 4629 3547 4711 ὀπίσω·
3570 4629 3757 4719 αὑτοῦ,
3780 4654 3864 4707 καὶ

599 4755 772 4825 alapis
799 4771 925 4809 eum
958 4755 1245 4825 impetere.
1273 4753 1547 4809 Postridie
1576 4770 1708 4809 vero
1734 4753 1897 4823 hujus
1923 4752 2050 4818 diei,
2076 4768 2197 4824 quae

599 4858 718 4904 erat
750 4847 1053 4910 Dominica,
1087 4848 1231 4917 cepit
1264 4862 1455 4914 nuces,
1490 4856 1544 4901 et
1573 4846 1853 4916 ingressus
1873 4846 2188 4911 ecclesiam,

601 4938 657 4993 in
680 4939 952 5010 principio
982 4938 1152 4993 divini
1181 4936 1343 4993 oﬂicii
1372 4952 1543 4992 nuces
1574 4935 1823 5007 projecit,
1856 4946 1911 4989 et
1934 4936 2192 4991 candelas

600 5033 883 5087 exstinxit.
922 5030 1024 5087 Ubi
1058 5040 1240 5087 autem
1265 5039 1626 5086 accurrerunt
1652 5044 1779 5084 eum
1802 5028 2051 5099 ejecturi,
2076 5045 2193 5083 am-

601 5124 799 5177 bonem
837 5123 946 5194 (51)
992 5125 1331 5191 conscendit,
1366 5132 1419 5178 et
1455 5122 1655 5178 exinde
1694 5122 1927 5176 nucibus
1964 5130 2188 5193 appete-

621 5223 693 5269 ιλιι
719 5214 999 5270 mulieres.
1042 5215 1228 5287 Itaque
1274 5218 1405 5272 dum
1458 5218 1631 5273 multo
1676 5230 1802 5271 cum
1828 5214 2013 5272 labore
2058 5232 2184 5274 eum

670 5376 716 5405 "
740 5370 889 5427 Psal.
924 5387 1117 5437 χχχιιι,
1150 5370 1241 5426 18.

2294 4750 2768 4815 κοσσίζειναύτόν.
2801 4752 2882 4823 Τῇ
2909 4747 3003 4805 οὖν
3037 4749 3327 4820 ἐπαύριον,
3354 4748 3653 4820 Κυριακῆς
3688 4747 3861 4815 οὔσης.

2292 4844 2483 4897 ἐλαϐεν
2509 4844 2709 4916 κάρυα,
2748 4843 2843 4897 καὶ
2888 4843 3143 4915 εἰσῆλθεν
3189 4844 3247 4897 ὲν
3284 4844 3352 4914 τῇ
3415 4841 3693 4913 ἐκκλησίᾳ
3724 4842 3778 4893 ὲν
3805 4840 3861 4906 t7;

2294 4936 2436 5006 ἀρχῇ
2487 4936 2585 5007 τῆς
2626 4936 2971 5008 λειτουργίας
3018 4934 3350 5008 καρυδὶζων,
3403 4935 3500 4989 καὶ
3535 4934 3751 4987 σϐἐσων
3778 4930 3862 4992 τὰς

2292 5028 2588 5099 κανδήλας.
2657 5029 2745 5093 Ὠς
2794 5028 2889 5083 οὖν
2949 5028 3141 5083 τοῦτον
3184 5028 3469 5097 ἐξενέγκαι
3519 5027 3862 5098 κατέτρεχον,

2293 5121 2584 5192 ἀνέρχεται
2612 5124 2694 5187 είς
2723 5122 2815 5176 τδν
2839 5122 3090 5193 ἄμϐωνα,
3121 5122 3215 5176 καὶ
3245 5120 3456 5175 ἐκεῖθεν
3490 5120 3741 5182 ὲλίθαζεν
3776 5117 3863 5183 τὰς

2292 5217 2560 5284 γυναῖκας
2584 5217 2698 5278 τοῖς
2729 5213 3030 5288 καρυδίοις.
3057 5210 3244 5285 noue
3264 5206 3359 5267 οὖν
3376 5209 3531 5282 κόπῳ
3552 5208 3863 5281 ἐξενεγκάν-

2119 5459 2352 5519 NOTAE.

675 5556 780 5619 (30)
808 5553 1082 5625 lnterprcs
1106 5554 1247 5626 apud
1278 5552 1501 5608 Surium
1524 5570 1641 5626 non
1677 5554 1809 5609 satis
1852 5554 2070 5625 proprie
2100 5555 2181 5609 sic

604 5628 783 5680 reddit
820 5644 834 5680 :
870 5626 1096 5679 Rursum
1122 5625 1299 5679 autem
1333 5642 1414 5679 res
1448 5625 1751 5693 splendidas
1798 5642 1961 5679 manu
1997 5627 2177 5695 ferret.

604 5698 738 5750 Nam
781 5698 842 5750 τὸ
873 5697 1123 5766 λαμπρὸν
1177 5697 1338 5767 vulgo
1383 5696 1736 5766 splendidum,
1791 5696 2014 5752 denotat
2043 5712 2183 5765 prae-

607 5775 753 5819 terea
788 5768 983 5837 ignem,
1008 5768 1303 5837 ﬂammam,
1338 5768 1470 5837 ignis
1507 5767 1786 5837 fulgorem;
1816 5777 1870 5822 et
1912 5769 1998 5824 hic
2016 5785 2184 5836 μετω-

607 5836 850 5904 νυμικῶς
900 5836 1129 5893 ell‘cctus
1159 5836 1379 5892 videtur
1408 5836 1536 5907 poni
1570 5836 1667 5907 pro
1697 5852 1883 5904 causa,
1920 5839 2180 5893 nimirum

2287 5558 2532 5633 splendor
2558 5557 2830 5633 t'gttis,pro
2849 5561 2971 5633 igne
3006 5562 3147 5633 ipso.
3178 5556 3340 5633 Plura
3365 5556 3434 5614 de
3463 5556 3572 5613 hac
3599 5570 3663 5611 re
3690 5566 3867 5610 exem-

2289 5631 2376 5700 pla
2414 5632 2653 5703 reperies
2686 5631 2740 5686 in
2762 5631 3269 5703 Glossario‘Cangii.

2290 5695 2319 5829 ὲ
2508 5702 2798 5830 ἔξὲιρὶωηι,
2847 5704 3086 5763 tribunal
3140 5695 3387 5763 ecclesia
3414 5698 3489 5757 ab
3534 5695 3868 5757 ἀναϐαίνω»

2325 5792 2349 5830 5
2493 5791 2521 5829 ε
2591 5816 2603 5828 .
