4058 6418
265 384 401 449 1709

1530 386 1705 450 ΥΙΤΛ
1745 388 1807 451 S.
1849 388 2259 451 SYMEONIS.

3413 396 3549 462 1710

260 524 374 561 των
407 504 595 571 αὐτὸν,
640 506 699 559 ὲν
730 504 806 578 τῷ
858 503 1201 579 δξέρχεσθαι,
1230 507 1495 580 ἔστρεψεν
1541 508 1610 563 τὰ
1648 508 1846 564 ταϐλεα

1954 508 2241 579 ejicereut,
2279 511 2422 566 inter
2448 510 2840 583 egrediendum
2878 511 3089 570 tabulas
3130 517 3240 589 (δὲ)
3267 520 3546 591 placenta-

260 602 373 655 τῶν
394 599 871 672 πλακουνταρίων,
893 601 944 657 οῖ
971 600 1067 655 καὶ
1104 600 1315 656 ἔδωκαν
1344 601 1493 673 αὐτῷ
1527 602 1745 675 πληγὰς
1771 602 1846 665 εἰς

1957 603 2165 657 riorum
2196 603 2483 669 subvertit,
2516 604 2609 675 qui
2639 604 2810 677 plagis
2853 604 3003 662 illum
3032 609 3334 669 multarunt
3375 630 3549 686 usque

263 697 522 751 θάνατον.
567 695 657 759 Ὦς
686 688 781 749 οῦν
810 689 950 748 εἶδεν
982 693 1176 749 ἑαυτὸν
1204 694 1638 763 συγκλασθέντα,
1668 695 1852 765 ἔλεγεν

262 792 346 853 εἰς
375 790 569 843 ἑαυτόν
588 805 603 819 ·
632 788 867 843 Ταπεινὲ
893 786 1141 860 Συμεὼν,
1164 789 1333 855 ὅντως
1363 788 1537 856 οὕτως
1562 791 1623 845 οὺ
1654 790 1753 862 ζῇς
1774 792 1853 855 εἰς

261 882 363 946 τὰς
396 884 588 955 χεῖρας
608 881 819 937 τούτων
861 882 991 954 μίαν
1027 880 1200 955 ὥραν.
1245 884 1384 938 Κατ’
1411 885 1729 955 οἰκονομίαν
1758 879 1854 939 οῦν

263 974 357 1028 τοῦ
387 973 525 1030 Θεοῦ
562 974 762 1047 θεωρεῖ
784 972 947 1029 αὑτὸν
969 970 1051 1040 εἷς
1074 975 1430 1047 (ρουσκάριος,
1457 975 1552 1033 καὶ
1575 977 1676 1031 οὐκ
1713 977 1851 1049 ᾔδει,

261 1066 347 1121 ὃτι
377 1066 468 1121 τὸν
501 1065 661 1121 σαλὺν
692 1068 1096 1138 προσποιεῖται,
1130 1067 1226 1120 καὶ
1248 1065 1398 1135 λέγει
1432 1066 1610 1137 αὐτῷ·
1639 1066 1850 1139 Θέλεις,

264 1158 395 1231 κύρι
425 1157 588 1223 ἁόὄᾶ,
620 1158 743 1212 ἀντὶ
769 1158 862 1213 ¹τοῦ
896 1158 1174 1228 γυρεύειν,
1209 1159 1298 1212 ῖνα
1321 1159 1564 1226 ἴστασαι,
1604 1161 1700 1216 καὶ
1735 1179 1851 1215 πω-

264 1250 379 1317 λεῖς
396 1251 468 1307 τὰ
495 1250 720 1325 “puta;
752 1250 864 1306 Καὶ
898 1244 1053 1307 εἶπεν
1068 1251 1221 1324 αὺτῷ
1245 1253 1474 1316 ἐκεῖνος’
1506 1252 1637 1308 Ναί.

335 1430 440 1503 λβ’.
480 1431 566 1497 Ὠς
582 1427 676 1488 οὖν
701 1432 933 1504 ἔστησεν
970 1432 1138 1486 αὐτὸν
1178 1431 1308 1504 μξαν
1350 1432 1568 1505 ἡμέραν
1592 1468 1608 1498 ,
1645 1433 1852 1506 ἧρξατο

267 1519 446 1578 πάντα
475 1521 722 1595 ρογεύειν
746 1524 863 1587 τοῖς
889 1520 1225 1595 ἀνθρώποις,
1244 1522 1343 1578 κα).
1369 1522 1602 1594 τρώγειν
1634 1527 1727 1577 καὶ
1749 1525 1849 1579 αὐ-

264 1616 357 1681 τὸς
389 1616 705 1687 ἀπλήστως.
738 1611 850 1670 Ἦν
879 1616 991 1688 γὰρ
1024 1616 1101 1688 μὴ
1131 1614 1325 1687 φαγὼν
1370 1615 1500 1687 ὃλην
1547 1616 1648 1688 τὴν
1696 1616 1850 1671 ἐϐδο-

267 1708 431 1779 μάδα.
484 1707 653 1776 Λέγει
704 1702 797 1763 οῦν
834 1708 869 1779 ἡ
924 1706 1064 1779 γυνὴ
1084 1708 1181 1763 τοῦ
1215 1709 1555 1782 φουσκαριου
1586 1710 1665 1783 τῷ
1695 1712 1853 1784 ἀνδρὶ

262 1803 474 1873 αὐτῆς*
508 1800 682 1855 Πόθεν
708 1802 915 1873 ἤγαγες
934 1803 1069 1873 ἡμῖν
1096 1800 1189 1857 τδν
1221 1802 1399 1858 ἀϐϐᾶν
1428 1802 1618 1859 τοῦτον
1644 1821 1659 1872 ;
1683 1806 1852 1870 ὅντως

265 1892 366 1947 ἐὰν
415 1892 589 1955 οὕτως
636 1891 864 1966 τρώγει,
923 1894 986 1948 οὐ
1024 1894 1209 1966 χρεία,
1264 1894 1352 1948 ῖνα
1404 1895 1750 1969 πωλήσωμέν
1797 1914 1851 1951 τι

266 2001 420 2052 ποτε,
453 1984 556 2039 κᾶν
586 1984 718 2057 μίαν
733 1986 841 2058 γὰρ
869 1986 1135 2057 γάστραν,
1167 1987 1228 2053 ἐξ
1258 1982 1325 2060 ἦς
1356 1987 1466 2059 ἔχω
1489 1990 1853 2056 κανονίζουσα

266 2075 456 2143 αὐτὸν,
492 2075 695 2145 ἔφαγεν
722 2075 989 2149 θερμίων.
1024 2078 1138 2132 Οὐκ
1188 2078 1491 2148 ἐγίνωσκον
1534 2080 1593 2134 δὲ
1634 2080 1717 2134 ὃτι
1748 2080 1851 2135 ὅσα

265 2154 532 2240 ιῐχονκαὶ
554 2168 626 2222 τὰ
655 2168 819 2223 λοιπὰ
865 2170 1126 2242 γαστρξα,
1183 2173 1299 2235 τοῖς
1350 2172 1703 2243 σνναδελφοῖς
1753 2174 1852 2229 καὶ

256 2266 378 2336 Δτοῖς
411 2263 619 2328 λοιποῖς
645 2258 715 2334 ἦν
750 2262 1043 2333 ρογεύσας,
1076 2262 1223 2317 τοῦτ’
1245 2263 1392 2318 ἔστιν
1414 2264 1481 2319 τὰ
1506 2265 1723 2335 φάϐα-τα
1757 2266 1852 2321 κα)⁸

261 2360 364 2429 τὴν
391 2358 595 2428 φακῆν,
619 2356 716 2411 καὶ
740 2356 807 2411 τὰ
844 2355 1129 2429 τρωγάλια
1153 2359 1248 2411 καὶ
1277 2357 1479 2423 πάντα,
1522 2356 1638 2411 ἀλλ’
1667 2358 1851 2429 ἐνόμι-

264 2445 359 2516 ζον
391 2452 475 2505 ὅτι
498 2450 783 2522 ἐπώλησεν
811 2449 973 2505 αὑτά.
1028 2450 1117 2515 Ὠς
1148 2446 1242 2504 οὖν
1274 2451 1495 2522 ἤνοιξαν
1540 2450 1640 2524 τὴν
1688 2452 1851 2523 ὲμόο-

262 2544 384 2618 λὴν,
415 2544 511 2599 κα).
534 2544 632 2616 οὐχ
658 2536 817 2616 εὗρον
839 2543 1090 2616 φολερδν,
1134 2543 1339 2616 ἔτυψαν
1366 2545 1531 2600 αὐτὸν
1549 2586 1564 2611 ,
1611 2546 1706 2601 καὶ
1743 2546 1849 2601 ἀπ-

262 2638 483 2702 έλυσαν,
510 2637 760 2702 τιλαντες
789 2638 885 2692 καὶ
909 2638 1003 2691 τὸν
1027 2637 1250 2707 πώγονα
1298 2638 1487 2693 αὑτοῦ.
1523 2638 1636 2710 Τῆς
1681 2638 1847 2693 ἑσπέο

265 2748 366 2804 ρας
391 2726 485 2787 οὖν
509 2730 947 2803 καταλαϐούσης,
969 2730 1239 2803 ἠθέλησεν
1270 2731 1453 2803 βαλεῖν
1482 2731 1758 2804 θυμίαμα,
1786 2732 1848 2786 οὐ

262 2824 372 2897 γὰρ
399 2824 749 2897 ἀνεχώρησεν
777 2825 872 2879 ἀπ’
906 2825 1089 2880 αὐτῶν
1112 2825 1342 2896 ἀποψαὶ,
1382 2825 1498 2879 ἀλλ’
1539 2826 1657 2879 ἐκεῖ
1700 2828 1847 2879 ἐκοι-

264 2918 416 2989 μήθη
461 2917 661 2985 ἔξωθεν
712 2921 813 2990 τῆς
840 2918 1034 2991 θύρας.
1082 2919 1195 2973 Καὶ
1223 2919 1299 2990 μὴ
1337 2918 1516 2991 εὑρὼν
1550 2920 1845 2991 ὄστρακον,

262 3008 456 3065 ἔϐαλεν
481 3012 580 3082 τὴν
605 3012 764 3083 χεῖρα
798 3011 965 3067 αὐτοῦ
988 3012 1071 3077 εἰς
1100 3012 1198 3084 τὴν
1222 3011 1428 3087 ἑστίαν,
1460 3012 1555 3066 κα).
1584 3012 1849 3083 ἐγέμισεν

261 3101 435 3174 αὐτὴν
465 3102 714 3175 λαμπρὰ,
743 3103 839 3159 καὶ
868 3103 1090 3175 ὲθυμία.
1122 3103 1230 3158 Τοῦ
1263 3103 1399 3158 Θεοῦ
1428 3104 1487 3158 δὲ
1515 3104 1847 3176 θελήσαντος

1886 1872 1928 1928 Β

1959 692 2026 749 ad
2055 703 2307 749 mortem.
2344 694 2571 761 Quando
2605 695 2791 768 itaque
2830 707 3119 755 contusum
3152 716 3213 756 se
3242 703 3395 771 vidit,
3431 704 3549 762 haec

1960 799 2147 841 secum
2181 806 2194 841 :
2233 785 2461 842 llumilis
2498 788 2755 859 Symeon,
2783 805 2934 855 vere,
2958 807 3107 858 vere,
3141 794 3222 849 sic
3257 810 3367 851 non
3394 796 3551 854 vives

1960 875 2294 933 inmanibus
2331 893 2521 935 eorum
2571 897 2682 936 una
2734 882 2888 937 hora.
2928 882 3041 939 Deo
3080 884 3246 955 igitur
3285 887 3358 943 ita
3398 891 3549 945 ordio

1960 976 2148 1034 nante,
2175 972 2523 1042 conspicatus
2553 988 2679 1029 eum
2722 975 2943 1045 quidam
2992 978 3280 1047 puscarius
3318 980 3456 1048 (55),
3494 989 3549 1035 et

1959 1060 2183 1131 ignarus
2209 1064 2353 1134 quod
2384 1066 2675 1121 stultitiam
2706 1066 3010 1133 simularet,
3049 1069 3181 1126 dicit
3209 1071 3283 1126 illi
3314 1071 3544 1137 :\'isne,

1957 1153 2179 1211 domine
2210 1157 2322 1227 (3i)
2353 1159 2513 1223 abba,
2553 1159 2646 1230 qui
2696 1159 2815 1230 jam
2859 1161 3100 1231 gyrando
3126 1162 3400 1229 circumis,
3431 1174 3546 1220 sta-

1959 1254 2133 1303 torem
2164 1265 2347 1322 agere,
2397 1260 2452 1307 et
2495 1252 2735 1309 vendere
2768 1252 3061 1325 lupinum?
3086 1254 3185 1311 Cui
3209 1255 3301 1312 ille
3329 1273 3342 1311 :
3380 1256 3548 1329 Equie

1960 1339 2085 1395 dem
2120 1343 2265 1398 volo.

2032 1435 2121 1491 '52.
2164 1435 2459 1508 Postquam
2484 1453 2613 1512 ergo
2653 1437 2757 1511 ipsi
2818 1440 2925 1497 hoc
2966 1440 3127 1497 cilicii
3159 1442 3403 1500 dedisset
3436 1460 3547 1500 uno

1959 1526 2073 1589 die,
2122 1529 2289 1599 cwpit
2350 1530 2531 1586 omnia
2592 1547 2817 1605 erogare
2870 1533 3207 1597 hominibus,
3249 1546 3305 1591 et
3352 1552 3548 1591 vorare

1958 1617 2123 1673 etiam
2152 1618 2269 1690 ipse
2301 1620 2719 1691 insatiabiliter;
2747 1640 2874 1679 nam
2917 1632 3029 1680 tota
3057 1625 3401 1683 hebdomade
3435 1645 3546 1683 non

1958 1711 2294 1767 comederat.
2325 1712 2467 1769 Dicit
2498 1714 2683 1786 itaque
2718 1717 2956 1787 puscarii
2995 1732 3131 1773 uxor
3177 1719 3375 1775 marito
3406 1736 3507 1777 suo
3533 1739 3546 1776 :

1962 1800 2118 1858 Unde
2156 1804 2433 1861 adduxisti
2484 1807 2644 1862 nobis
2682 1808 2828 1862 hunc
2877 1810 3176 1865 abbatem?
3208 1810 3347 1868 Vere
3389 1815 3432 1869 si
3476 1815 3551 1869 ita

1956 1906 2133 1957 voret.
2162 1912 2272 1951 non
2296 1913 2457 1968 opus,
2482 1908 2541 1954 ut
2566 1899 2775 1971 aliquid
2807 1901 3047 1971 amplius
3079 1903 3400 1963 vendamus.
3461 1905 3551 1960 lit-

1956 1988 2128 2055 euim,
2149 2004 2214 2043 ex
2248 2004 2358 2059 quo
2391 2000 2645 2046 accurate
2668 1992 2846 2063 ipsum
2877 1994 3185 2062 observavi,
3228 1998 3548 2069 amphoram

1954 2082 2223 2154 integram
2251 2082 2566 2154 lupinorum
2605 2084 2875 2151 comedit;
2904 2101 3014 2142 non
3044 2097 3316 2144 noverant
3336 2100 3547 2156 autem.

1954 2191 2079 2232 eum
2125 2177 2512 2233 consodalibus
2574 2176 2689 2233 suis
2717 2187 2773 2232 et
2824 2179 3050 2250 reliquis
3100 2196 3357 2253 erogasse
3420 2199 3549 2240 vasa

1953 2285 2295 2341 quaecunque
2354 2270 2623 2327 habuerat
2671 2270 2901 2342 reliqua,
2932 2273 2986 2328 id
3029 2281 3111 2329 est
3154 2274 3327 2341 fabas,
3374 2276 3550 2333 lentes

1954 2372 2009 2419 et
2037 2363 2312 2435 legumina
2364 2363 2572 2428 omnia,
2621 2364 2715 2420 sed
2756 2364 3023 2435 putabant
3068 2366 3160 2422 illa
3209 2368 3546 2427 vendidisse.

1952 2457 2159 2528 Aperto
2198 2456 2379 2527 itaque
2409 2456 2669 2523 armario,
2726 2466 2783 2513 et
2830 2472 2935 2512 nec
2975 2472 3179 2525 merce,
3216 2474 3319 2515 nec
3366 2462 3547 2527 pretio

1952 2549 2076 2619 ejus
2130 2560 2373 2621 reperto,
2430 2551 2795 2607 verberarunt
2855 2550 3036 2621 ipsum
3087 2558 3143 2606 et
3194 2551 3545 2618 dimiserunt,

1951 2641 2072 2712 ejus
2109 2657 2326 2714 quoque
2357 2642 2582 2697 barbam
2616 2641 2901 2697 vellentes.
2945 2641 3209 2698 lnclinata
3254 2641 3310 2697 in
3353 2659 3553 2715 vespe-

1951 2750 2068 2791 ram
2109 2736 2221 2801 die,
2280 2736 2452 2791 voluit
2502 2735 2683 2790 thuris
2737 2735 2979 2791 sumtum
3032 2736 3288 2791 emittere
3344 2739 3549 2807 (neque

1952 2827 2100 2882 enim
2130 2826 2360 2882 recessit
2387 2827 2456 2881 ab
2491 2827 2572 2881 eis
2604 2827 2694 2880 illa
2725 2842 2974 2898 vespera,
3004 2826 3101 2882 sed
3132 2826 3438 2884 dormiebat
3470 2828 3548 2883 ibi

1951 2928 2104 2974 extra
2138 2918 2373 2991 portam)
2411 2927 2463 2975 et
2496 2935 2606 2975 non
2638 2919 2861 2975 inventa
2897 2928 3057 2985 testa,
3095 2935 3319 2976 manum
3358 2921 3548 2976 immi-

1951 3013 2024 3068 sit
2053 3013 2115 3066 in
2141 3014 2344 3078 focum,
2373 3022 2429 3069 et
2463 3013 2713 3083 implevit
2746 3029 2869 3070 eam
2899 3005 3024 3085 igne
3053 3012 3187 3085 (35),
3219 3026 3274 3069 et
3304 3015 3546 3071 sumtum

1950 3105 2121 3162 dedit.
2153 3105 2265 3161 Deo
2289 3114 2472 3161 autem
2516 3106 2733 3161 volente
2780 3106 2993 3161 salvum
3029 3106 3207 3163 facere
3232 3109 3546 3179 puscarium

263 3195 437 3250 σῶσαι
476 3196 565 3250 τὸν
600 3196 959 3269 φουσκάριον,
982 3192 1051 3269 ἦν
1084 3196 1193 3270 γὰρ
1228 3198 1506 3273 αἱρετικὸς
1541 3197 1652 3252 τῶν
1692 3198 1845 3251 ’Δκε-

1953 3200 2099 3269 (nam
2135 3197 2389 3253 hazresim
2411 3197 2812 3268 Acephalorum
2849 3197 2962 3268 (56)
2988 3196 3410 3255 Severianorum
3431 3198 3544 3271 ('57)

261 3288 447 3358 φάλων
473 3289 807 3361 Σευηριτῶν,
830 3290 972 3346 εἶδεν
997 3289 1161 3345 αὐτὸν
1189 3292 1221 3363 ἡ
1247 3289 1385 3361 γυνὴ
1412 3289 1577 3344 αὐτοῦ
1608 3288 1847 3361 θυμιῶν-

259 3398 330 3436 τα
357 3383 423 3453 τῇ
446 3380 591 3453 χειρὶ
617 3380 808 3450 αὐτοῦ,
835 3383 930 3437 καὶ
963 3382 1305 3452 ἐκπλαγεῖσα
1334 3383 1486 3453 λέγει
1512 3400 1525 3415 ο
1551 3378 1648 3447 Εἷς
1675 3382 1843 3447 Θεόςῑ

255 3474 407 3532 ἀδεᾶ
433 3476 681 3548 Συμεὼν,
716 3479 797 3540 εἰς
829 3477 928 3549 τὴν
952 3475 1115 3549 χεῖρά
1145 3494 1238 3531 σου
1270 3477 1506 3549 θυμιᾷςς

331 3570 435 3641 λγ’.
482 3571 570 3635 Ὠς
598 3570 655 3626 δὲ
677 3570 836 3626 τοῦτο
864 3572 894 3625 ὁ
918 3571 1098 3643 γέρων
1127 3572 1384 3643 ἤκουσεν,
1404 3570 1848 3643 προσεποιήσατο

258 3662 351 3717 τὸν
379 3662 691 3733 καιόμενον,
719 3662 813 3717 καὶ
836 3663 1107 3717 τινάσσων
1150 3662 1219 3717 τὰ
1260 3662 1492 3735 λαμπρὰ
1514 3664 1579 3717 ἐκ
1604 3663 1703 3734 τῆς
1735 3680 1847 3733 χει-

262 3755 357 3831 ρὸς
388 3753 575 3821 αὐτοῦ,
611 3751 942 3826 μετέϐαλλεν
973 3753 1115 3809 αὐτὰ
1144 3754 1226 3818 εἰς
1257 3753 1319 3807 τὸ
1350 3753 1577 3807 παλλιον
1599 3753 1765 3808 αὑτοῦ
1786 3753 1848 3808 τὸ

258 3846 509 3914 παλαιὸν,
547 3846 576 3900 ὃ
607 3846 817 3919 ἐφόρει,
843 3847 1015 3900 εἰπὼν
1046 3845 1218 3918 αὐτῇ’
1256 3846 1369 3900 Καὶ
1401 3845 1498 3900 ἐὰν
1544 3846 1619 3918 μὴ
1660 3845 1844 3921 θέλῃς,

258 3941 342 4006 εἰς
361 3940 462 4013 τὴν
488 3940 650 4012 χεῖρά
678 3956 803 4011 μου,
838 3938 915 3994 ῐδε
940 3940 1021 4003 εἰς
1045 3937 1104 3992 τὺ
1134 3938 1360 3994 παλλίον
1392 3955 1494 4010 μου
1512 3937 1715 4009 θυμιῶ.
1731 3938 1841 3993 Καὶ

257 4031 337 4097 ώς
363 4032 458 4086 ἐπὶ
486 4030 694 4103 Κυρίου
740 4028 837 4085 τοῦ
871 4028 1299 4099 διαφυλάξαντος
1328 4029 1429 4101 τὴν
1461 4029 1625 4101 βάτον
1672 4028 1839 4100 ἄφλε-

258 4135 408 4185 κτον,
453 4119 701 4184 καὶτοὺς
728 4118 943 4185 παῖδας,
1004 4119 1127 4173 οὐδὲ
1174 4116 1349 4184 οὕτως
1385 4121 1414 4173 ὁ
1469 4121 1615 4185 ὅσιος
1644 4120 1843 4193 ᾔσθετο

258 4209 357 4265 τοῦ
381 4210 667 4283 λαμπροῦ,
695 4210 818 4265 οὐδὲ
841 4211 902 4266 τὸ
924 4212 1149 4266 παλλῖον
1176 4212 1363 4267 αὐτοῦ.
1399 4214 1600 4286 Ὀποίῳ
1630 4214 1688 4267 δὲ
1717 4214 1843 4286 τρόο

257 4318 349 4373 πῳ
375 4299 663 4373 ἐσώθησαν
713 4304 741 4356 ὁ
776 4304 1109 4374 φουσκάριος
1146 4303 1243 4357 καὶ
1296 4305 1329 4375 ὴ
1376 4303 1514 4377 γυνὴ
1558 4302 1748 4370 αὐτοῦ,
1782 4305 1842 4357 ὲν

257 4391 434 4465 ἑτέρῳ
477 4390 764 4465 κεφαλαίῳ
804 4391 1123 4466 ῥηθήσεται.
1181 4392 1581 4465 Ἐπετήδενσαν
1629 4394 1683 4448 δὲ
1747 4395 1842 4450 κα).

1954 3288 2287 3362 sectabatur)
2311 3289 2445 3345 vidit
2466 3288 2790 3361 Symeonem
2808 3306 2975 3345 manu
3005 3306 3102 3345 sua
3124 3291 3367 3349 sullitum
3384 3294 3548 3347 emit-

1956 3391 2069 3435 tere
2098 3379 2332 3451 puscarii
2366 3394 2521 3445 uxor,
2549 3391 2606 3437 et
2638 3381 2886 3453 perculsa
2923 3380 3101 3438 dixit:
3150 3385 3305 3440 Unus
3361 3384 3542 3443 Deus!

1953 3471 2093 3526 abba
2120 3469 2378 3543 Symeon,
2409 3486 2479 3525 an
2510 3468 2830 3543 suﬂ'umigas
2853 3471 2907 3527 in
2943 3488 3111 3528 manu
3145 3474 3277 3530 tua?

2025 3564 2113 3619 55.
2156 3564 2273 3619 Hoc
2316 3564 2507 3620 audito
2561 3564 2715 3620 ﬁnxit
2766 3580 2935 3621 senex
2982 3581 3043 3621 se
3076 3566 3183 3632 uri,
3217 3576 3273 3623 et
3310 3566 3545 3642 igneme

1955 3670 2123 3710 manu
2173 3670 2270 3709 sua
2309 3656 2639 3726 projiciens,
2692 3655 2970 3712 transtulit
3011 3655 3068 3713 in
3111 3656 3333 3729 pallium
3381 3676 3543 3717 suum

1955 3755 2133 3811 vetus,
2164 3746 2308 3817 quod
2344 3746 2609 3819 gestabat,
2650 3747 2837 3804 dicens
2886 3748 2989 3819 ipsi
3026 3766 3039 3802 :
3092 3749 3147 3806 Si
3177 3750 3338 3818 nolis,
3380 3762 3442 3808 ut
3488 3755 3543 3808 in

1956 3855 2078 3895 mea
2102 3856 2289 3907 manu,
2334 3855 2462 3897 ecce
2494 3839 2549 3895 in
2591 3839 2761 3912 pallio
2814 3856 2938 3896 meo
2990 3840 3310 3915 sudumigo.
3357 3842 3423 3899 Et
3464 3844 3543 3899 sic

1951 3931 2153 3988 virtute
2198 3932 2315 3997 Dei,
2344 3932 2435 4003 qui
2466 3933 2813 3988 conservavit
2855 3929 3052 3989 rubum
3092 3933 3536 4002 incombustum,

1951 4033 2007 4080 et
2040 4039 2279 4094 pueros;
2308 4041 2409 4080 nec
2433 4025 2549 4096 ipse
2574 4035 2800 4082 sanctus
2832 4026 3006 4082 sensit
3044 4026 3246 4100 ignem,
3274 4044 3377 4084 nec
3422 4030 3541 4101 pal-

1950 4115 2086 4172 lium
2116 4116 2305 4188 ipsius.
2332 4114 2618 4183 Quomodo
2640 4127 2824 4173 antem
2850 4120 3137 4189 puscarius
3162 4128 3219 4176 et
3246 4135 3384 4175 uxor
3417 4121 3540 4192 ejus

1951 4208 2085 4264 salvi
2129 4207 2425 4276 evaserint,
2478 4204 2691 4265 dicetur
2730 4211 2784 4266 in
2832 4212 2939 4267 alio
2969 4213 3150 4284 capite
3201 4215 3338 4285 (58).
3402 4215 3540 4271 illud

1952 4304 2118 4361 etiam
2150 4302 2392 4359 studiose
2419 4302 2746 4360 observabat
2776 4312 3019 4370 sanctus,
3047 4316 3129 4373 ut,
3176 4308 3541 4379 quandocun.

1951 4412 2059 4467 que
2090 4395 2294 4452 fecerat
2313 4395 2517 4467 aliquid
2550 4405 2750 4469 praeter
2777 4397 3090 4469 Opinionem
3134 4398 3408 4466 mirabile,
3454 4402 3541 4457 vl-

1738 4529 1973 4590 NOTAE.

258 4659 263 4663 ’
330 4652 445 4724 (52)
480 4648 595 4724 ﬁou
642 4654 1045 4724 libros,»prout
1085 4649 1355 4724 interpres
1414 4650 1556 4724 apud
1617 4649 1837 4724 Surium
1873 4624 1965 4724 Dx
2020 4646 2137 4718 (56)
2179 4666 2195 4699 ι
2229 4642 2430 4724 Hostes
2481 4646 2702 4724 concilii
2757 4646 3249 4724 Chalcedonensis
3280 4648 3424 4704 inter
3479 4666 3543 4724 se

255 4717 439 4781 vertit.
478 4722 545 4780 Et
574 4739 704 4778 vero
740 4717 914 4776 τάδλόι
953 4736 1050 4792 seu
1090 4717 1311 4792 ταβλῖον
1353 4717 1494 4775 sumi
1530 4736 1629 4792 pro
1660 4720 1840 4775 tabula
1953 4717 2102 4792 ipsos
2120 4717 2280 4792 more
2306 4719 2687 4792 haereticorum
2726 4730 3067 4792 pugnarunt,
3105 4731 3166 4775 ut
3199 4720 3358 4791 plane
3391 4722 3538 4777 acci-

259 4794 786 4872 lusgij‘aLevincunt
807 4793 925 4848 loca
955 4807 985 4845 a
1015 4791 1217 4872 Cangio
1252 4790 1414 4846 allata
1460 4792 1513 4872 in
1534 4790 1835 4872 Glossario.

255 4928 258 4932 Α
330 4865 441 4935 (55)
468 4864 586 4921 Non
631 4875 934 4920 estnomen
976 4862 1279 4935 pr0pri_um_,
1314 4871 1375 4916 ut
1418 4863 1629 4935 putavit
1669 4862 1841 4935 inter-

258 4931 387 5009 pres
420 4931 561 5009 apud
608 4936 854 5009 Surium,
887 4931 987 5009 sed
1017 4931 1592 5009 appellativumfﬁive
1634 4931 1837 5009 etenim

258 5002 417 5079 posca
454 5002 537 5061 vel
583 5023 749 5079 pusca
785 5005 1052 5079 significet
1088 5002 1389 5073 ὀξύκρατον
1415 5004 1596 5079 vinum
1628 5004 1840 5079 acidum

255 5074 413 5148 aqua:
441 5074 677 5141 mistnm,
709 5076 824 5131 sive
840 5074 1121 5144 ipotionem
1160 5088 1314 5139 aqua:
1342 5084 1391 5128 et
1425 5074 1552 5137 vini,
1601 5074 1718 5148 sive
1748 5075 1844 5148 de-

255 5145 425 5219 nique
463 5150 726 5217 potionem
765 5162 1151 5219 quamcunque,
1177 5145 1712 5219 semperhpnscarins
1739 5145 1843 5198 erit

256 5214 368 5290 ille,
395 5214 488 5290 qui
523 5214 803 5290 potionem
832 5214 1140 5290 istiusmodi
1169 5214 1256 5269 vel
1294 5215 1515 5290 coniicit
1539 5216 1624 5269 vel
1652 5215 1843 5269 diveu-

254 5281 363 5344 dit.
392 5281 579 5358 lhepie
614 5290 795 5359 itaque
825 5287 1005 5344 dictus
1024 5287 1329 5357 interpres:
1362 5285 1504 5339 Videt
1536 5301 1653 5339 eum
1685 5302 1843 5351 unus,

255 5362 466 5415 nomine
493 5360 799 5415 Puscarius.

329 5432 440 5503 (54)
458 5431 652 5500 Κῦρις,
672 5430 803 5502 κῦρ,
824 5429 1020 5503 κὺρης,
1043 5429 1234 5502 κνρὺς,
1264 5426 1718 5485 Graeco-barbare
1741 5443 1841 5500 pro

254 5501 481 5571 Κύριος,
520 5503 801 5557 Dominus.

329 5569 446 5644 (55)
488 5572 737 5644 Ridicule
779 5569 976 5644 legitur
1014 5571 1159 5643 apud
1194 5569 1461 5644 Surium:
1506 5587 1527 5623 ι
1578 5569 1844 5644 Praeclare

256 5641 585 5713 implevit.)
624 5643 770 5700 Idem
793 5640 947 5698 error
972 5640 1117 5713 apud
1138 5642 1391 5697 eumdem
1418 5641 1654 5696 recurrit
1682 5640 1845 5713 paulo

256 5711 385 5795 post
419 5732 433 5795 ς
465 5732 484 5766 ‹
527 5712 590 5770 Et
612 5714 809 5795 nescio
839 5728 962 5795 qua:
986 5711 1165 5795 lucida
1190 5728 1221 5768 e
1251 5727 1415 5767 manu
1436 5726 1535 5767 sua
1570 5711 1847 5795 transtulit

260 5782 315 5838 in
346 5792 505 5840 vetus
541 5785 786 5856 pallium.
827 5782 1085 5856 {Recole
1128 5798 1216 5856 ea,
1265 5797 1386 5853 quin
1435 5798 1597 5855 supra
1631 5783 1741 5839 dixi
1788 5782 1844 5837 in

262 5854 555 5911 Annotatis
580 5856 644 5917 ad
669 5863 833 5927 caput
862 5855 931 5913 IV
967 5857 1104 5929 (not.
1131 5854 1240 5926 50).

1948 4788 2093 4861 derit
2144 4789 2269 4861 hoc,
2316 4789 2479 4861 veluti
2526 4788 2784 4861 portento
2807 4788 3080 4861 'quodam,
3120 4799 3183 4845 ut
3201 4788 3389 4846 bellua
3419 4792 3540 4848 sine

1948 4859 2131 4933 capite
2161 4859 2257 4928 (ita
2299 4860 2699 4933 Accpbalorum
2746 4859 2973 4933 bu-resis
3009 4861 3302 4933 appellata)
3343 4862 3537 4918 eadem

1948 4929 2196 5005 pluribus
2221 4929 2479 5005 prodierit
2500 4940 2703 5005 armata
2729 4929 3169 5005 capitibusihter
3197 4948 3255 4987 se
3286 4929 3539 5005 pugnan-

1950 5000 2118 5054 tibus.
2146 5000 2281 5083 Nam
2314 5016 2378 5055 ex
2407 5002 2495 5083 eis
2524 5000 3040 5083 primunt—eminuit
3085 5013 3248 5083 caput
3270 5000 3536 5083 §everus.

1952 5086 2018 5124 ex
2044 5086 2154 5140 quo
2202 5071 2537 5127 denominati
2586 5083 2715 5128 sunt
2757 5072 3058 5129 Severiani.
3100 5092 3119 5126 ι
3150 5071 3226 5128 lta
3269 5071 3537 5132 Batonius

1951 5141 2018 5195 ad
2048 5157 2252 5214 annum
2281 5142 2480 5214 Christi
2512 5141 2636 5214 555,
2663 5144 2806 5213 apud
2836 5159 2997 5213 quem
3023 5145 3198 5214 plura.

2023 5209 2137 5277 (57)
2171 5215 2246 5267 De
2274 5212 2593 5283 quintuplici
2623 5209 3045 5269 Severiaiioruni
3089 5216 3283 5278 classe,
3309 5231 3372 5271 ac
3398 5218 3538 5271 mul-

1952 5282 2125 5357 tiplici
2159 5296 2347 5357 errore
2383 5282 2576 5337 traCtat
2614 5284 2907 5357 Nicephori
2937 5285 3145 5341 Callisti
3181 5287 3406 5341 historia
3443 5287 3537 5342 Ec-

1954 5352 2271 5426 clesiastica
2285 5353 2380 5408 lib.
2414 5370 2569 5426 xviii,
2608 5371 2728 5426 cap.
2750 5352 2852 5412 ⁷49.

2029 5424 2143 5498 (58)
2177 5442 2197 5498 ς
2233 5421 2330 5498 Ep,
2370 5442 2387 5474 ι
2425 5421 2705 5498 nimirum,
2754 5427 2831 5481 ait
2884 5425 3169 5489 Baronius,
3230 5446 3251 5480 ι
3302 5443 3411 5498 quo
3467 5430 3535 5484 ab

1948 5491 2223 5562 Ait'hiopis
2258 5494 2486 5568 formam
2530 5495 2722 5568 induto
2754 5511 2922 5568 parvo
2964 5498 3231 5563 daemone,
3284 5491 3347 5552 ea
3388 5498 3537 5568 ipsos

1949 5579 2139 5636 passos
2168 5579 2289 5638 esse
2322 5564 2521 5638 damna
2561 5564 2772 5638 Auctor
2800 5575 3005 5633 narrat,
3046 5587 3065 5620 ι
3092 5569 3145 5625 in
3184 5583 3294 5638 quo
3327 5564 3535 5625 mentio

1951 5637 2010 5692 ﬁt
2039 5636 2416 5711 conversionis
2452 5637 2690 5711 puscarii
2717 5646 2787 5711 _et
2832 5639 3018 5694 uxoris
3051 5636 3534 5711 ejus,'rcfragame

1950 5706 2401 5792 nota_marginali
2433 5706 2851 5792 apudSurium,
2883 5722 2989 5792 qua
3011 5706 3212 5767 dicitur
3236 5706 3401 5792 caput
3428 5708 3531 5765 hoc

1950 5776 2330 5833 desiderari‘in
2371 5776 2479 5833 hac
2515 5777 2653 5833 Vita.
2686 5776 2820 5833 Vide
2866 5776 3065 5836 dictam
3110 5776 3528 5838 conversionem

1952 5847 2201 5917 sequenti
2230 5848 2428 5919 capite,
2454 5848 2598 5919 quod
2627 5859 2685 5907 et
2715 5850 2908 5919 legitur
2938 5853 3081 5922 apud
3105 5851 3349 5908 Surium.
