4058 6400
557 404 686 471 1711

1534 404 1846 469 LEONTII
1882 352 2395 467 NEAPOLITANi
2445 398 2791 464 EPISCOPI

3697 400 3831 470 me

551 521 756 577 «iniam
806 518 954 574 illam
1016 518 1266 589 protinus
1308 525 1581 583 mutaret,
1624 517 1800 572 donec
1840 530 1931 570 res
1977 526 2140 584 quam

2246 509 2406 563 τοῦτο
2437 510 2467 563 6
2495 509 2663 573 ὅσιος,
2685 508 2767 562 ὅτι
2808 505 3001 561 καθότι
3046 505 3223 564 ἐποίει
3253 505 3308 563 τί
3338 521 3472 564 ποτε
3506 511 3824 583 παρᾶδοξον,

553 617 777 679 fecerat,
801 622 947 669 esset
975 612 1250 668 oblivione
1280 611 1512 691 sepulta.
1564 609 1830 666 Studebat
1858 608 2045 673 etiam,
2082 615 2141 661 ut

552 706 721 777 inepti
750 705 951 776 aliquid
997 720 1107 776 pra:
1137 720 1195 760 se
1224 702 1417 769 ferret,
1460 718 1569 773 quo
1608 710 1930 773 contegeret
1982 701 2137 768 illud,

551 799 693 873 quod
728 808 876 856 recte
904 804 1167 870 gesserat.
1210 794 1407 851 Evenit
1447 794 1742 865 aliquando
1790 803 1850 849 ut
1888 792 1996 858 ille,
2045 791 2140 862 qui

553 892 775 964 lupinos
809 890 1169 945 distribuebat
1218 888 1273 944 in
1325 904 1596 960 caupona,
1638 887 1909 959 acciperet
1955 885 2138 941 cibum

554 986 675 1053 ejus
706 1002 719 1039 :
751 994 870 1039 erat
899 992 1080 1038 autem
1114 998 1290 1054 caupo
1319 983 1456 1039 adeo
1485 981 1736 1044 immitis,
1764 989 1825 1036 ut
1854 994 1999 1049 saepe
2027 993 2139 1033 non

554 1077 709 1131 daret
756 1076 806 1131 ei
864 1074 1071 1142 cibum,
1120 1073 1338 1130 tametsi
1383 1073 1555 1129 multa
1599 1072 1867 1129 venderet
1914 1080 2140 1141 propter

558 1172 908 1242 Symeonem.
936 1167 1068 1221 Nam
1098 1165 1265 1233 cives,
1305 1166 1461 1237 quasi
1487 1164 1567 1220 rei
1595 1163 1837 1220 novitate
1864 1159 2136 1232 suspensi,

555 1261 811 1317 dicebant
840 1260 985 1315 inter
1028 1273 1089 1313 se
1120 1274 1135 1311 :
1166 1257 1390 1323 Eamus,
1426 1257 1700 1321 bibamus,
1726 1256 1817 1310 ubi
1848 1254 2006 1309 Salus
2031 1260 2136 1307 est.

555 1351 801 1420 Quadam
837 1351 1000 1423 igitur
1027 1350 1117 1407 die
1166 1351 1448 1423 ingressus
1491 1358 1576 1405 est
1617 1363 1866 1419 serpens,
1917 1356 1972 1403 et
2002 1346 2142 1403 bibit

552 1448 742 1502 vinum
778 1462 847 1501 ex
891 1460 1000 1501 una
1039 1444 1279 1516 ampulla
1334 1444 1468 1517 ('59),
1519 1452 1576 1499 et
1612 1444 1858 1499 evomuit
1904 1442 2143 1512 desuper

553 1554 828 1595 venenum
854 1553 1034 1604 suum,
1065 1545 1121 1593 et
1157 1537 1311 1592 abiit.
1340 1535 1461 1591 Non
1503 1544 1621 1591 erat
1662 1536 1809 1591 intus
1836 1535 2004 1590 abbas
2046 1532 2145 1605 Sy-

553 1644 739 1695 meon,
776 1629 871 1684 sed
904 1628 1037 1684 foris
1066 1628 1301 1683 ducebat
1331 1626 1563 1683 choreas
1592 1640 1718 1681 cum
1762 1626 2140 1696 popularibus.

553 1724 850 1792 Postquam
892 1722 1135 1778 venisset
1182 1729 1423 1785 sanctus,
1451 1719 1601 1775 videt
1635 1719 1888 1791 ampulla:
1942 1718 2142 1774 inscri-

551 1822 731 1886 ptum,
755 1828 935 1880 mors;
961 1812 1040 1868 sic
1069 1822 1252 1867 tamen
1284 1821 1345 1865 ut
1369 1810 1538 1865 videri
1564 1824 1674 1864 non
1701 1818 1902 1879 posset.
1936 1807 2131 1863 Statim

2243 600 2450 664 εὐθέως
2481 598 2715 671 ιιγλλικιτσε
2742 598 2843 672 τὴν
2867 598 3140 670 γειτονίαν
3180 599 3400 672 ἐκείνην
3423 642 3437 667 ,
3478 601 3587 667 ἕως
3619 602 3709 657 τοῦ
3731 604 3827 675 λη-

2243 692 2489 765 σμονηοῇ
2515 692 2578 746 τὸ
2605 694 2861 767 πρᾶγμα,
2914 693 2944 748 δ
2977 694 3259 765 ἐποίησεν.
3296 694 3600 751 Ἐσπεοδεν
3650 695 3707 751 δὲ
3739 701 3831 752 καὶ

2244 786 2505 859 παραυτὰ
2564 785 3006 857 σχηματίσασθαι
3068 787 3305 858 ἄκαιρόν
3354 789 3409 842 τί
3458 807 3614 853 ποτε.
3650 791 3742 845 ἶνα
3766 792 3832 845 δι’

2242 881 2455 935 ἐκείνου
2480 880 2796 955 ἐπικαλύψῃ
2830 881 2893 935 τὸ
2923 882 3279 954 κατόρθωμα.
3314 883 3454 937 Ποτὲ
3482 884 3539 937 δὲ
3571 883 3829 957 Θερμοδο-

2236 974 2349 1030 τῶν
2389 977 2448 1029 ἐν
2483 974 2791 1046 καπηλείῳ,
2815 973 3096 1045 ἐλάμϐανε
3125 975 3228 1048 τὴν
3254 977 3464 1048 τροφὴν
3493 977 3691 1033 αὑτοῦ.
3726 973 3835 1032 Ἦν

2237 1066 2296 1120 δὲ
2324 1064 2669 1137 ἄσπλαγχνος
2702 1069 2731 1121 6
2756 1066 3194 1138 κάπηλος,ὣστε
3261 1067 3524 1135 πολλάκις
3573 1070 3700 1124 οὐδὲ
3742 1071 3837 1141 τὴν

2239 1160 2445 1234 τροφὴν
2499 1159 2668 1215 αὐτοῦ
2718 1159 2915 1225 ἐδίδου,
2966 1160 3177 1233 καίπερ
3212 1160 3415 1233 πολλὴν
3452 1162 3663 1233 πρᾶσιν
3698 1159 3841 1232 ἔχων

2237 1252 2326 1307 διὰ
2358 1253 2456 1307 τοῦ
2484 1252 2679 1309 Σαλοῦ.
2717 1253 2807 1317 Ὠς
2858 1255 2918 1308 ἐν
2957 1253 3110 1319 τάξει
3144 1254 3256 1327 γὰρ
3287 1253 3593 1327 μετεώρου,
3648 1254 3841 1324 ελεγον

2239 1346 2377 1419 πρὸς
2400 1346 2661 1420 ἀλλήλους
2686 1348 2736 1401 οἱ
2767 1348 2984 1402 πολῖται
3008 1365 3021 1379 ·
3060 1350 3347 1420 Ἄγωμεν,
3397 1350 3617 1421 πίωμεν
3642 1350 3786 1404 ὅπου
3809 1350 3840 1403 6

2240 1437 2428 1503 Σαλός.
2482 1438 2572 1493 Ἐν
2605 1441 2704 1511 μιᾷ
2733 1435 2827 1494 οὖν
2856 1441 2965 1495 τῶν
3006 1443 3232 1514 ἡμερῶν
3276 1441 3533 1513 εἰσῆλθεν
3562 1438 3721 1510 ὄφις,
3748 1442 3841 1495 καὶ

2239 1531 2394 1586 ἔπιεν
2429 1531 2489 1597 ἐξ
2523 1531 2643 1594 ἐνὸς
2685 1532 2795 1586 τῶν
2844 1530 3072 1604 βισονίων
3119 1533 3218 1588 τοῦ
3261 1536 3430 1601 οῐνου,
3459 1536 3555 1589 καὶ
3575 1535 3836 1607 ἐξέρασεν

2240 1624 2392 1679 κάτω
2424 1625 2516 1679 τὸν
2548 1626 2627 1680 ἰὸν
2656 1625 2845 1693 αὑτοῦ,
2872 1627 2970 1681 καὶ
2994 1626 3368 1698 ἀνεχώρησεν.
3398 1629 3513 1682 Οὐκ
3535 1624 3605 1700 ἦν
3633 1629 3698 1683 δὲ
3734 1628 3838 1682 iam

2236 1718 2268 1771 6
2296 1716 2472 1782 ἁϐσᾶς
2496 1716 2742 1789 Συμεὼν,
2767 1718 2885 1772 ἀλλ’
2903 1718 3012 1786 ἔξω
3033 1719 3318 1785 ἐϐάλλιζεν
3352 1719 3493 1791 μετὰ
3525 1719 3635 1773 τῶν
3664 1719 3843 1790 δημο-

2238 1806 2367 1862 τῶν.
2405 1804 2608 1863 Ἐλθὼν
2631 1806 2728 1865 οὖν
2772 1812 2802 1864 6
2849 1811 3018 1879 ὅσιος,
3050 1810 3252 1883 Θεωρεῖ
3281 1812 3382 1884 τὴν
3407 1804 3609 1883 βίσσαν
3646 1815 3837 1881 ἐπιγεο

554 1874 726 1980 ίεὶιιιιί
745 1874 1016 1978 intelligit,
1044 1904 1176 1975 quid
1219 1903 1276 1958 in
1300 1917 1363 1958 ea
1389 1901 1592 1959 factum
1621 1874 1767 1957 ess-et
1800 1920 1814 1956 :
1838 1909 1893 1957 et
1919 1900 2135 1958 sublato

2242 1900 2576 1973 γραμμένην
2602 1902 2870 1975 ἀοράτως,
2911 1874 3176 1969 dea'rog:
3207 1874 3427 1967 Εὐθέως
3470 1899 3583 1977 οὖν
3615 1874 3838 1975 ἐνόησεν

554 2000 731 2072 ligno,
750 1999 912 2071 fregit
941 2014 1085 2066 eam,
1126 1997 1283 2054 sicuti
1311 1998 1471 2068 plena
1514 2004 1652 2053 erat.
1683 1996 1926 2067 Abrepto
1957 1996 2140 2066 itaque

555 2094 703 2167 ligno
726 2109 757 2150 e
779 2091 1036 2149 manibus
1064 2091 1203 2161 ejus,
1226 2089 1534 2146 verberavit
1562 2089 1738 2161 ipsum
1758 2088 1943 2151 herus,
1968 2087 2143 2143 donec

555 2186 833 2251 deficeret,
870 2194 926 2241 et
964 2184 1352 2255 insequebatur
1388 2184 1588 2254 ipsum.
1631 2180 1794 2237 Venit
1819 2192 2004 2238 autem
2038 2197 2142 2253 po-

555 2278 749 2335 stridie
778 2278 944 2334 abbas
969 2272 1229 2349 Symeou,
1258 2285 1313 2331 et
1336 2275 1625 2331 abscondit
1648 2290 1709 2331 se
1732 2285 1855 2347 post
1881 2276 2138 2347 januam;

556 2380 613 2428 ct
639 2387 769 2428 ecce
803 2371 965 2428 rediit
993 2386 1238 2443 serpens,
1285 2381 1347 2426 ut
1380 2371 1624 2440 biberet,
1656 2386 1895 2442 eumque
1919 2370 2142 2443 conspi-

553 2477 710 2524 catus
757 2480 955 2537 caupo,
995 2464 1223 2536 arripuit
1275 2465 1483 2537 lignum
1524 2462 1691 2532 idem,
1740 2464 1931 2520 volens
1959 2466 2141 2536 ipsum

554 2558 844 2626 occidere;
876 2566 931 2613 et
960 2573 1085 2614 cum
1118 2557 1483 2629 percussisset
1524 2568 1581 2613 et
1620 2558 1947 2625 aberrasset,
1980 2558 2143 2629 fregit

553 2664 747 2706 omnes
775 2650 1042 2721 ampullas
1073 2659 1129 2705 et
1163 2650 1378 2720 pocula.
1407 2649 1564 2706 Tune
1592 2648 1835 2705 accurrit
1873 2649 2054 2717 Salus,
2087 2659 2144 2707 et

554 2740 728 2797 dicit:
772 2740 913 2808 Quid
939 2750 1044 2807 est,
1084 2740 1289 2796 stulte?
1340 2738 1499 2807 Vide,
1548 2756 1662 2797 non
1702 2755 1803 2813 ego
1828 2740 1977 2797 solus
2018 2756 2141 2797 sum

554 2834 702 2891 iners
729 2835 839 2907 (40)
874 2844 930 2891 et
974 2834 1160 2890 minus
1207 2835 1421 2891 dexter.
1466 2835 1606 2891 Tum
1654 2835 1924 2892 intellexit
1965 2850 2143 2908 caupo

544 2928 698 3000 quod
727 2929 798 2983 ob
830 2927 1077 2984 eamdem
1127 2943 1351 2983 causam
1406 2928 1576 2984 abbas
1602 2927 1838 3000 Symeon
1884 2927 2143 3003 fregisset

554 3019 871 3091 ampullam,
903 3030 959 3077 et
1001 3022 1302 3077 :editicatus
1344 3020 1473 3087 fuit,
1517 3029 1573 3077 et
1621 3019 1812 3077 habuit
1859 3037 1987 3078 eum
2040 3012 2143 3094 pro

554 3124 745 3172 sancto
754 3156 767 3169 .

2242 1990 2306 2046 τὸ
2347 1994 2572 2064 γεγονὸς
2607 1997 2687 2059 εις
2717 1995 2916 2068 αὐτὴν,
2946 1998 3044 2051 καὶ
3103 1998 3315 2071 ἐπάρας
3370 1990 3551 2063 ξύλον,
3605 1997 3835 2053 ἔκλασεν

2245 2084 2438 2157 αὐτὴν,
2488 2086 2565 2151 ὡς
2602 2086 2799 2159 ἔγεμε.
2847 2087 3044 2142 Λαϐὼν
3070 2084 3165 2144 οὖν
3201 2092 3235 2144 6
3276 2088 3545 2161 αὐθέντης
3574 2090 3744 2145 αὐτοῦ
3774 2090 3841 2144 τδ

2247 2177 2404 2244 ξύλον
2432 2181 2499 2234 ἐκ
2517 2180 2618 2252 τῆς
2645 2181 2829 2253 χειρὸς
2854 2181 3043 2250 αὑτοῦ,
3083 2184 3284 2238 ἔδωκεν
3308 2183 3460 2255 αὑτῷ
3488 2183 3611 2255 μετ’
3646 2184 3833 2247 αὑτοῦ,

2246 2271 2356 2336 ἕως
2380 2272 2665 2344 ὴτόνησεν,
2718 2274 2815 2328 καὶ
2846 2274 3067 2343 ἐδίωξεν
3117 2277 3303 2333 αὐτόν.
3336 2275 3468 2332 Ἐπὶ
3497 2277 3600 2350 τὴν
3642 2277 3835 2347 αὔριον

2240 2361 2300 2416 δὲ
2322 2358 2511 2435 ἦλθεν,
2555 2365 2651 2419 καὶ
2703 2367 3031 2443 παρεκρύϐη
3078 2370 3256 2425 ὀπίσω
3275 2373 3375 2444 τῆς
3398 2370 3571 2443 θύρας
3600 2374 3628 2426 6
3660 2372 3835 2435 ἁϐδᾱς-

2244 2453 2493 2527 Συμεὼν,
2526 2457 2621 2511 καὶ
2656 2456 2781 2512 ἰδὼν
2812 2459 2978 2514 αὑτὸν
3006 2461 3040 2515 6
3067 2461 3339 2531 κάπηλος,
3368 2460 3562 2515 ἐλαϐεν
3591 2462 3654 2516 τὸ
3680 2460 3833 2527 ξύλον

2243 2549 2306 2604 τὸ
2328 2551 2483 2617 αὐτὸ,
2515 2553 2612 2607 καὶ
2644 2554 2777 2620 ἰδοὺ,
2808 2554 2975 2610 πάλιν
3003 2556 3032 2609 6
3069 2556 3194 2626 ὄφις
3223 2550 3390 2629 ἦλθεν
3434 2558 3583 2611 πιεῖν
3604 2596 3620 2621 ,
3665 2556 3831 2610 Θέλων

2246 2644 2507 2716 φονεῦσαι
2534 2647 2721 2715 αὑτὸν,
2752 2650 2845 2705 καὶ
2873 2648 3192 2722 ἀποτυχὼν,
3223 2650 3426 2704 ἔδωκεν
3476 2651 3574 2705 καὶ
3606 2649 3833 2705 ἔκλασεν

2244 2738 2342 2794 ὅλα
2379 2739 2450 2794 τὰ
2484 2739 2669 2812 βισσία
2699 2741 2795 2797 καὶ
2827 2743 2895 2798 τὰ
2930 2742 3193 2815 ποτήρια.
3242 2744 3378 2798 Τότε
3420 2745 3780 2818 εἰσεπήδησεν
3802 2746 3829 2797 6

2244 2830 2435 2897 Σαλὸς,
2468 2836 2562 2888 καὶ
2583 2833 2730 2904 λέγει
2760 2835 2930 2907 αὐτῷ’
2957 2836 3024 2891 Τί
3048 2838 3224 2904 ἐστιν,
3255 2836 3419 2908 ἐξιηχε
3441 2856 3457 2906 ;
3480 2835 3701 2903 [63,061
3721 2838 3833 2907 είμὶ

2243 2922 2357 2993 ἐγὼ
2403 2925 2561 2996 μόνος
2612 2926 2882 3000 ἅπέργης.
2916 2926 3051 2983 Τότε
3081 2920 3177 2985 οὖν
3225 2929 3369 3000 ἔγνω
3396 2932 3428 2985 6
3453 2930 3723 3002 κάπηλος,
3752 2931 3829 2984 ὅτι

2244 3014 2315 3070 δι’
2334 3016 2465 3072 αὐτὸ
2497 3017 2726 3074 ἔκλασεν
2749 3023 2779 3075 6
2806 3020 2981 3085 ἀϐσᾶς
3005 3014 3235 3093 Συμεὼν
3255 3023 3316 3077 τὸ
3346 3021 3554 3095 βισσὶν,
3578 3024 3670 3077 καὶ
3692 3024 3835 3094 ᾠκο-

2243 3106 2475 3182 δομήθη,
2512 3114 2605 3167 καὶ
2631 3110 2779 3186 εἶχεν
2814 3114 2982 3169 αὒτδν
3014 3114 3195 3185 ἅγιον.

625 3207 714 3263 54.
757 3206 895 3264 Cum
926 3207 1108 3279 itaque
1139 3206 1302 3262 vellet
1333 3216 1556 3263 saueius
1586 3207 1805 3265 abolere
1831 3209 1918 3265 sui
1958 3210 2140 3267 existi-

2321 3203 2417 3262 λδ’.
2444 3204 2628 3263 Θέλων
2674 3200 2770 3263 οὖν
2797 3208 2827 3262 6
2868 3209 3015 3275 ὅσιος
3062 3210 3331 3265 ἀναλῦσαι
3378 3210 3481 3283 τὴν
3542 3207 3837 3281 οἰκοδομὴν

552 3306 876 3371 arationem,
928 3319 1002 3361 ne
1046 3305 1215 3360 herus
1271 3303 1511 3377 gloriose
1546 3302 1615 3359 de
1661 3318 1721 3360 se
1770 3305 2141 3376 praedicaret,

552 3398 642 3455 die
665 3398 921 3470 quadam,
968 3413 1095 3453 eum
1124 3411 1266 3453 uxor
1305 3398 1425 3466 eius
1464 3397 1732 3454 dormiret
1759 3400 1896 3465 sola,
1930 3409 1985 3455 et
2012 3399 2143 3470 ipse

551 3490 743 3546 vinum
762 3490 1048 3558 venderet,
1075 3489 1309 3547 accessit
1338 3492 1405 3547 ad
1432 3506 1551 3546 eam
1590 3490 1760 3546 abbas
1794 3491 2057 3564 Symeon,
2088 3496 2145 3549 et

551 3599 668 3655 pne
696 3598 757 3639 se
780 3582 899 3639 tulit
930 3594 1134 3639 exuere
1186 3597 1251 3640 se
1286 3592 1468 3639 vestes
1512 3594 1660 3640 "suas.
1706 3585 1801 3640 Illa
1845 3586 2141 3655 clamante,

555 3676 832 3748 ingressus
868 3685 956 3731 est
996 3676 1081 3732 vir
1107 3677 1248 3749 ejus.
1292 3675 1391 3733 Cui
1420 3677 1509 3733 illa
1543 3696 1555 3731 :
1599 3678 1770 3748 Ejiee,
1803 3678 2001 3750 inquit,
2030 3694 2144 3734 sce-

552 3768 907 3824 lestissimum
939 3767 1107 3834 hunc,
1143 3769 1270 3840 quia
1300 3768 1412 3825 vim
1444 3769 1578 3825 mibi
1608 3770 1814 3827 inferre
1843 3771 2054 3840 voluit;
2088 3778 2144 3826 et

553 3861 763 3933 pugnis
780 3872 915 3916 eum
946 3860 1186 3925 caedens,
1234 3875 1301 3916 ex
1338 3859 1554 3915 oﬂieina
1583 3862 1790 3931 expulit
1828 3862 1881 3918 in
1914 3862 2140 3935 glaciem

557 3954 698 4025 (erat
749 3953 898 4008 enim
975 3959 1274 4022 tempestas
1329 3951 1627 4023 perfrigida
1695 3967 1751 4008 et
1830 3954 2139 4027 pruinosa).

555 4047 734 4118 Atque
763 4060 827 4102 ex
857 4046 961 4101 hoc
991 4054 1234 4116 tempore
1267 4061 1441 4117 caupo
1470 4062 1579 4102 non
1604 4047 1765 4103 modo
1798 4061 1922 4105 eum
1947 4049 2142 4105 habuit

550 4150 658 4207 pro
687 4134 912 4193 homine
939 4143 1133 4191 emota:
1168 4137 1402 4204 mentis;
1448 4152 1636 4192 verum
1666 4137 1709 4192 si
1740 4138 1907 4192 ali-um
1950 4156 2141 4210 quem-

555 4228 701 4300 piam
729 4227 945 4283 audiret
990 4227 1262 4283 dicentem
1298 4244 1312 4283 :
1366 4230 1659 4285 Enimvero
1704 4229 1935 4285 fortasse
1967 4246 2024 4285 se
2054 4236 2141 4286 ta»

559 4319 663 4374 lem
703 4334 825 4374 esse
867 4317 1089 4373 simulat
1122 4320 1292 4374 abbas
1331 4320 1468 4385 iste;
1497 4320 1678 4374 statim
1724 4320 1797 4374 illi
1838 4320 2139 4392 responde-

555 4411 652 4467 bat
685 4409 863 4466 :Vere
902 4426 1073 4481 purus
1108 4421 1275 4482 putus
1306 4412 1681 4467 dtemoniacus
1702 4421 1822 4479 est;
1860 4428 1971 4468 non
2002 4413 2146 4468 fallit

557 4520 645 4561 me
675 4505 840 4560 homo
877 4523 890 4559 :
924 4520 1049 4560 nam
1102 4505 1260 4560 uxori
1301 4520 1445 4561 mete
1484 4505 1677 4560 vitium
1714 4504 1912 4560 afferre
1944 4506 2138 4574 voluit,

2246 3296 2435 3366 αὑτοῦ,
2463 3297 2553 3355 ἴνα
2580 3299 2657 3373 μὴ
2690 3300 3052 3378 θριαμΰεύσῃ
3090 3304 3297 3370 αὐτὸν,
3332 3302 3392 3357 ἐν
3429 3304 3525 3375 μιᾷ
3558 3302 3839 3375 κοιμωμέυ

2243 3406 2343 3461 νης
2369 3390 2472 3462 τῆς
2498 3392 2761 3462 γυναικὸς
2788 3395 2955 3451 αὐτοῦ
2981 3396 3177 3467 μόνης,
3210 3395 3472 3451 κάκείνδῦ
3494 3396 3835 3468 προϐάλλον-

2229 3485 2335 3547 ‘30;
2366 3482 2530 3551 οἶνον,
2582 3480 2758 3559 ἐπέϐη
2974 3490 3147 3563 αὐτὴν
3190 3491 3218 3544 6
3243 3489 3423 3555 6665;
3458 3489 3713 3561 Συμεὼν,
3743 3488 3838 3544 καὶ

2242 3572 2656 3647 ἐσχηματίσατο
2674 3576 3010 3633 ἀποδύεσθαι
3032 3578 3097 3633 τὸ
3126 3577 3344 3650 ἱμάτιον
3372 3574 3564 3636 αὑτοῦ.
3582 3578 3832 3652 ἐκείνης

2242 3665 2337 3723 οὖν
2376 3667 2653 3741 βοησάσης
2678 3711 2694 3735 ,
2747 3670 3001 3741 εἰσῆλθεν
3040 3673 3070 3726 6
3127 3670 3271 3745 ἀνὴρ
3299 3666 3496 3743 αὐτῆς,
3542 3673 3641 3728 καὶ
3682 3670 3832 3742 λέγει

2243 3759 2396 3834 αὐτῷ
2418 3761 2641 3833 ἐκείνην
2670 3761 2809 3817 Βάλε
2844 3762 2951 3828 ἐξω
2980 3761 3074 3817 τὸν
3115 3762 3562 3835 τρισκατάρατον
3614 3759 3840 3829 τοῦτον,

2242 3853 2325 3907 ὅτι
2387 3850 2681 3925 βιάσασθαι
2724 3853 2979 3926 ἐθέλησέν
3032 3871 3131 3927 με,
3168 3855 3269 3910 καὶ
3313 3856 3563 3925 πυγμαῖς
3608 3854 3835 3909 τύπτων

2243 3948 2537 4022 ἐξήνεγκεν
2578 3947 2742 4005 αὐτὸν
2774 3949 2839 4003 ἐκ
2882 3949 2977 4004 τοῦ
3006 3947 3378 4021 ἐργαστηρίου
3422 3949 3506 4013 είς
3534 3945 3597 4001 τὸ
3627 3948 3839 4019 κρπο

2240 4038 2310 4116 ἦν
2330 4041 2442 4115 γὰρ
2468 4039 2675 4114 χειμὼν
2702 4041 2877 4112 μέγας
2898 4041 2994 4096 καὶ
3026 4040 3220 4114 βροχὴ·
3242 4042 3336 4095 καὶ
3364 4041 3553 4097 ἔκτοτε
3581 4043 3643 4095 οὐ
3675 4044 3834 4113 μόνον

2242 4134 2324 4191 ὅτι
2359 4132 2505 4208 εἶχεν
2534 4134 2697 4191 αὑτὸν
2718 4136 2745 4189 6
2778 4133 3027 4207 κάπηλος
3063 4135 3397 4208 παράφρονα
3417 4175 3434 4202 ,
3477 4135 3617 4189 ἀλλὰ
3660 4137 3755 4191 καὶ
3784 4136 3833 4189 εί

2242 4228 2404 4285 ἄλλον
2454 4228 2601 4293 τινὸς
2648 4229 2846 4301 ἧκουεν
2892 4228 3169 4298 λέγοντος,
3230 4230 3441 4292 Ὄντως
3466 4229 3611 4301 τάχα
3639 4229 3833 4284 ἑαυτὸν

2242 4324 2389 4377 ποιεί
2438 4321 2612 4386 οὕτως
2661 4324 2690 4377 ὁ
2736 4322 2915 4381 ἀὸὁᾶς
2944 4318 3101 4387 οὗτος
3126 4363 3141 4388 ,
3197 4321 3402 4388 εὐθέως
3431 4323 3619 4393 ἔλεγεν
3648 4323 3835 4394 αὐτῷ’

2246 4415 2455 4480 Ὄντως
2482 4414 2827 4487 δαιμονιάρις
2859 4416 3008 4469 ἐστὶν
3032 4414 3299 4486 καθαρὺς,
3319 4417 3382 4469 οὐ
3425 4416 3610 4488 πλανᾷ
3640 4433 3711 4487 με
3742 4416 3831 4471 5v-

2245 4505 2485 4578 θρωπος,
2509 4505 2591 4559 ὅτι
2619 4505 2719 4574 τὴν
2743 4505 2981 4574 γυναῖκά
3010 4522 3113 4577 μου
3143 4505 3413 4577 ἠθέλησεν
3444 4505 3750 4577 μοιχεῦσαι,
3780 4506 3835 4558 ει.

557 4595 603 4650 si
638 4594 923 4665 potuisset,
966 4604 1022 4650 et
1058 4611 1253 4651 carnes
1292 4604 1449 4651 vorat
1490 4595 1632 4651 sicut
1669 4596 1886 4651 atheus.
1930 4596 2140 4669 Stepius

2247 4599 2538 4670 ἐπέτυχεν,
2590 4599 2686 4654 καὶ
2733 4598 2803 4652 τὰ
2838 4598 2977 4671 κρέα
3016 4596 3221 4669 τρώγει
3255 4598 3332 4663 ὼς
3384 4598 3462 4670 μὴ
3499 4598 3639 4668 ἔχων
3671 4597 3831 4652 Θεόν,

556 4686 759 4742 etenim
799 4701 994 4741 carnes
1037 4701 1261 4757 quoque
1295 4687 1523 4742 vorabat
1564 4686 1660 4742 Vir
1689 4687 1895 4757 justus,
1921 4688 2140 4757 quando

2254 4693 2534 4763 Ἔτρωγεν
2578 4690 2691 4763 γὰρ
2751 4689 3018 4756 πολλάκις
3078 4692 3107 4744 6
3151 4690 3363 4755 δίκαιος
3396 4692 3492 4745 καὶ
3536 4691 3697 4763 κρέα,
3744 4688 3829 4760 μίι

549 4795 656 4851 per
679 4788 846 4835 totam
894 4778 1289 4835 bebdomadem
1338 4793 1450 4834 non
1486 4788 1799 4851 gustaverat
1835 4794 2063 4851 panem,
2088 4790 2144 4837 et

555 4882 720 4928 uetno
738 4871 1006 4943 jejunium
1039 4870 1157 4942 ejus
1195 4868 1548 4942 intelligebat.
1586 4871 1655 4927 Et
1686 4887 1882 4928 carnes
1917 4873 2139 4943 quidem

555 4978 741 5020 coram
787 4963 871 5019 eis
914 4961 1167 5029 vorabat,
1201 4972 1263 5018 ut
1318 4962 1443 5018 illos
1488 4963 1721 5020 falleret.
1775 4962 1951 5021 Totus
2006 4980 2141 5022 vero

565 5054 727 5127 quasi
760 5055 1007 5126 corporis
1035 5071 1229 5127 expers
1255 5063 1394 5123 erat,
1439 5070 1620 5127 neque
1648 5057 1877 5113 curabat
1902 5058 2141 5114 dedecus

555 5155 653 5203 aut
676 5146 983 5214 hominum,
1014 5158 1109 5204 aut
1127 5158 1362 5204 naturae.
1399 5148 1612 5221 Saepius
1635 5150 1802 5216 enim,
1842 5151 2037 5208 volens
2063 5151 2142 5206 al—

552 5255 682 5297 vum
713 5253 1034 5306 exonerare,
1070 5240 1274 5295 nullius
1311 5258 1473 5297 causa
1518 5242 1872 5309 erubescens,
1906 5259 2031 5299 mox
2071 5244 2139 5300 ad

555 5334 1001 5406 locum'aliquem
1053 5333 1276 5389 sedebat
1324 5333 1379 5387 in
1440 5333 1561 5389 foro
1612 5350 1795 5390 coram
1845 5337 2136 5405 omnibus;

552 5437 717 5499 atque
742 5427 849 5484 hoc
873 5425 1129 5492 faciebat,
1163 5434 1224 5481 ut
1264 5426 1347 5480 vel
1396 5440 1463 5480 ex
1511 5441 1578 5480 eo
1604 5428 1982 5497 persuaderet,
2011 5445 2137 5487 vere

2247 4785 2545 4856 γενόμενος
2576 4784 2753 4856 ἄρτον
2790 4782 2922 4854 ὃλην
2966 4782 3064 4855 τὴν
3120 4783 3413 4856 ἑϐδομάδα,
3446 4782 3548 4839 καὶ
3596 4784 3695 4856 τὴν
3727 4782 3829 4854 μὶν

2249 4876 2506 4949 νηστείαν
2539 4876 2703 4932 αὐτοῦ
2740 4877 2921 4941 οὐδεὶς
2963 4877 3140 4943 ἐνόει,
3184 4877 3254 4931 τὰ
3293 4878 3353 4932 δὲ
3410 4877 3553 4949 κρέα
3594 4876 3832 4947 ἔτρωγεν

2249 4970 2562 5044 ἔμπροσθεν
2592 4969 2775 5025 αὐτῶν
2795 4969 2933 5043 πρὸς
2981 4970 3201 5041 ἀπάτην
3242 4969 3457 5024 αὐτῶν..
3486 4968 3649 5032 Ὅλος
3677 4968 3733 5022 δὲ
3761 4962 3830 5039 ἦν

2246 5064 2438 5136 ὥσπερ
2473 5062 2789 5135 ἀσώματος,
2826 5064 2923 5117 καὶ
2974 5063 3110 5134 μηδέ
3144 5063 3503 5136 ὑφορώμενος
3530 5063 3634 5133 τὴν
3660 5063 3825 5132 homo

2252 5157 2514 5230 μοσύνην,
2548 5158 2689 5230 μήτε
2718 5156 2816 5229 τὴν
2836 5156 2946 5210 τῶν
2964 5155 3301 5229 ἀνθρώπων,
3326 5157 3468 5227 μήτε
3488 5154 3587 5227 τὴν
3607 5154 3709 5225 τῆς
3735 5152 3827 5222 οὐ·

2248 5266 2407 5314 σεως.
2441 5249 2711 5313 Πολλάκις
2733 5248 2843 5320 γὰρ
2865 5247 2964 5319 τῆς
3005 5247 3240 5319 γαστρὸς
3272 5244 3450 5300 αὐτοῦ
3481 5244 3583 5316 τὴν
3622 5244 3829 5299 οἰκείαν

2245 5342 2437 5414 χρείαν
2484 5341 2853 5413 ἐπιζητούσης
2918 5342 3164 5412 ποιῆσαι,
3223 5338 3431 5403 εὐθέως
3478 5338 3685 5410 μηδένα
3706 5338 3830 5409 ἐρυ-

2248 5431 2447 5506 θριιῖιν,
2487 5434 2580 5487 ἐπὶ
2608 5431 2709 5503 τῆς
2756 5432 2965 5504 ἀγορᾶς
2996 5429 3137 5503 πρὸς
3181 5430 3349 5485 τόπον
3398 5426 3699 5493 ἐκαθέζετο
3736 5427 3839 5481 ἐπὶ

2062 5571 2305 5635 NOTVS.

622 5683 735 5755 (39)
769 5684 883 5756 Est,
923 5684 1092 5756 βίκος,
1122 5703 1214 5740 vas
1252 5686 1346 5742 vel
1376 5704 1509 5741 urna
1536 5686 1729 5744 habens
1752 5706 1930 5755 ansas,
1965 5692 2042 5748 uti
2070 5694 2139 5750 ab

553 5753 824 5826 lies3'ehio
848 5753 1161 5826 exponitur,
1189 5757 1273 5811 vel
1296 5774 1389 5812 vas
1417 5758 1704 5824 vinarium,
1746 5761 1824 5815 uti
1850 5753 2138 5821 Eustatbio

554 5824 861 5903 plaeet.3§n
891 5825 1285 5903 indepusqtov,
1313 5829 1419 5893 vel,
1454 5839 1513 5883 ut
1532 5831 1779 5900 sequitur
1807 5835 2052 5903 proxime
2079 5837 2133 5892 in

557 5902 724 5956 textu,
759 5893 940 5965 βίαια,
978 5893 1187 5965 βίσσινῖ

2326 5695 2443 5768 (ιθ)
2483 5695 2876 5768 Υρκᾼάπέργης
2903 5692 3355 5768 obscurioris_est
3391 5702 3559 5747 notae.
3602 5688 3841 5768 videtur

2248 5762 2453 5844 habere
2476 5762 2796 5844 afﬁnitatem
2824 5762 2952 5844 eum
2978 5762 3374 5844 significatione
3402 5762 3827 5844 vocutpnazmo;

2245 5839 2616 5962 ειεξέργὲλλος,
2654 5841 2815 5905 iners,
2863 5829 3077 5895 otiosa}.
3129 5836 3401 5904 lnterpres
3428 5832 3587 5905 apud
3606 5829 3836 5891 Sutilis):

2243 5923 2338 5963 ver
2367 5924 2377 5961 ι
2412 5949 2424 5975 ,
2495 5926 2617 5963 aue.
3605 5968 3610 5972 η
