4034 6390
188 412 317 480 1713

1445 417 1624 478 VITA
1662 417 1726 478 S.
1765 415 2165 478 SYMEONIS.

3312 406 3443 473 i714

181 529 420 590 πάντων,
476 524 767 580 κάντεῦθεν
816 526 1001 581 πείσαι
1038 523 1385 596 βουλόμενος,
1419 524 1496 589 ὼς
1543 526 1626 579 ὅτι
1650 524 1757 579 τῶν

1879 539 1920 580 se
1946 538 2068 579 esse
2090 531 2285 578 emotae
2328 521 2548 576 mentis.
2593 517 2808 576 Etenim
2849 518 3087 590 Spiritus
3127 519 3321 583 sancti.
3364 525 3441 577 uti

181 618 320 673 κατὰ
366 617 528 688 φύσιν
572 618 787 690 φρενῶν
842 617 1179 690 ἐξεστηκὼς,
1222 619 1384 672 τοῦτο
1437 617 1753 690 ἐργάζεται.

178 709 583 780 Φρουρούμενος
625 711 757 783 γάρ,
818 710 895 775 ὡς
928 711 1192 775 πολλάκις
1224 710 1465 782 εἴρηται,
1500 711 1567 783 τῇ
1617 710 1760 765 ἐνοι-

182 799 348 873 κούσῃ
378 799 530 872 αὐτῷ
565 800 791 872 δυνάμει
825 800 920 856 τοῦ
952 801 1114 871 άγίου
1162 800 1508 867 Πνεύματος,
1554 800 1655 871 τῆς
1695 802 1760 855 ἐκ

180 890 271 946 τοῦ
298 891 547 946 διαϐόλου
583 895 885 965 πυρώσεως
910 891 1186 964 άνὼτερος
1210 892 1508 963 ἐτύγχανεν
1531 931 1548 959 ,
1591 893 1762 965 μηδα·

184 982 296 1054 μῶς
325 982 431 1037 ύπδ
458 982 661 1055 ταύτης
688 983 1087 1056 βλαπτόμενος.
1192 1048 1193 1051 η

250 1082 339 1131 λε’.
368 1074 460 1129 Ἐν
492 1077 593 1148 μιᾷ
619 1071 715 1130 οὖν
739 1077 1081 1149 θεασάμενος
1106 1075 1305 1131 ’τοῦτον
1344 1078 1763 1149 κατατετηγμέ-

179 1185 267 1223 νον
297 1170 361 1223 ἐκ
387 1168 488 1239 τῆς
506 1169 794 1239 ἀσκήσεως
814 1164 902 1241 (ἦν
922 1170 1032 1242 γὰρ
1056 1169 1371 1241 άπόπασχα,
1395 1172 1491 1224 καὶ
1509 1165 1578 1244 ἦν
1599 1172 1762 1243 trod;-

182 1276 281 1324 σας
310 1260 493 1325 ἄσιτος
522 1260 625 1325 τὰς
646 1260 815 1331 ἁγίας
835 1261 1094 1333 νηστείας
1131 1262 1337 1332 πάσας)
1367 1264 1397 1316 6
1441 1280 1764 1335 προμνημο-

179 1351 389 1415 νευθεὶς
417 1352 674 1424 ἐνάρετος
696 1352 954 1426 Ἰωάννης
988 1354 1018 1407 6
1049 1353 1330 1426 θεοφιλὴς,
1356 1356 1385 1408 6
1408 1355 1506 1409 καὶ
1532 1354 1623 1409 τὸν
1648 1355 1765 1427 βίον

179 1441 342 1497 αὐτοῦ
359 1444 492 1515 ἡμῖν
513 1444 965 1517 ὑφηγησάμενος,
986 1445 1081 1500 καὶ
1106 1444 1492 1518 συμπαθήσας,
1515 1446 1612 1501 καὶ
1634 1446 1765 1502 θαυ-

183 1534 360 1605 μάσας
394 1536 492 1608 τὴν
540 1537 749 1608 ἄφατον
782 1537 949 1592 αὑτοῦ
995 1538 1442 1611 σκληραγωγίαν,
1469 1540 1673 1611 καίπερ
1707 1542 1765 1595 ἐν

179 1626 331 1680 πόλει
359 1627 742 1699 τυγχάνοντος,
769 1630 866 1685 καὶ
897 1630 1149 1699 γυναιξὶν
1179 1630 1275 1684 καὶ
1300 1628 1612 1702 ἀνθρώποις
1642 1648 1767 1685 συνο

179 1721 686 1792 αναστρεφομένου,
712 1722 997 1794 βουληθεὶς
1028 1723 1104 1789 ὡς
1152 1724 1210 1777 ἐν
1254 1722 1407 1788 τάξει
1460 1723 1764 1791 παιγνιδίου

176 1811 593 1884 ἀνακτήσασθαι
629 1814 801 1869 αὑτοῦ
837 1814 899 1869 τὸ
951 1814 1138 1886 σῶμα,
1183 1814 1337 1883 λέγει
1383 1814 1554 1885 αύτῷ·
1590 1816 1767 1889 Ἐρχῃ

174 1903 371 1969 λούειν,
404 1905 566 1973 Σαλές
595 1905 759 1976 Λέγει
785 1906 934 1977 αύτῷ
958 1884 1165 1971 ἐκεῖνος
1192 1906 1388 1976 λέγων·
1418 1884 1548 1961 Ναί.
1802 1884 1844 1939 Β

177 2012 300 2077 μεν.
329 1996 580 2068 ἄγωμενο
610 1999 707 2054 καὶ
736 1998 835 2052 σὺν
865 1997 943 2071 τῷ
963 1998 1110 2070 λόγῳ
1136 1998 1437 2053 ἀποδύεται
1461 2000 1524 2053 τδ
1556 1998 1770 2069 ἱμάτιον

180 2088 367 2152 αὐτοῦ,
400 2091 501 2144 καὶ
524 2090 760 2166 ἐπετέθη
786 2090 919 2144 αὐτὸ
945 2091 1027 2154 είς
1060 2090 1160 2161 τὴν
1185 2089 1432 2161 κεφαλὴν
1460 2091 1646 2155 αὑτοῦ,
1672 2091 1772 2161 δή·

179 2198 277 2247 σας
304 2183 439 2238 αὐτὸ
469 2183 551 2247 είς
583 2183 773 2254 αὐτὴν,
801 2181 880 2247 ὡς
912 2182 1194 2253 φακίολιν.
1229 2182 1341 2237 Καὶ
1384 2182 1535 2252 λέγει
1566 2182 1715 2255 αὐτῷ
1743 2185 1771 2238 6

178 2274 337 2349 κῦρις
360 2276 640 2347 Ἰωάννης·
662 2278 920 2346 Φόρεσον,
944 2274 1169 2346 άδελφέ,
1198 2275 1323 2330 ἐπεὶ
1343 2275 1513 2341 δντως
1537 2277 1633 2329 ἐὰν
1667 2293 1772 2345 γυ-

178 2369 312 2440 μνὸς
341 2371 690 2442 περιπατεῖς,
723 2367 835 2439 ἐγὼ
867 2368 1009 2440 μετὰ
1038 2366 1135 2423 σοῦ
1166 2366 1267 2422 ούκ
1310 2355 1566 2439 ἔρχομαι.
1607 2368 1773 2436 Λέγει

178 2461 329 2533 αὐτῷ
355 2465 386 2518 6
417 2462 594 2527 άϐὄάς
639 2461 887 2533 Συμεῶνα
925 2460 1171 2528 Ὕπαγε,
1223 2458 1386 2531 ἕξηχε
1412 2501 1429 2525 ,
1473 2458 1585 2530 ἐγὼ
1612 2459 1773 2532 ἔργον

179 2551 288 2623 πρὸ
320 2551 486 2623 ἔργου
534 2552 792 2624 ἐποίησα,
840 2550 892 2607 εἰ
926 2550 985 2606 δὲ
1024 2550 1125 2604 οὐκ
1150 2548 1307 2623 ἐρχῃ,
1343 2549 1454 2604 ἰδοὺ
1497 2548 1609 2618 ἐγὼ
1635 2567 1773 2622 προ-

179 2642 446 2715 λαμϐάνω
478 2660 538 2698 σε
562 2644 784 2717 μικρόν.
812 2646 921 2699 Καὶ
948 2645 1109 2715 ἀφεὶς
1131 2644 1292 2700 αὑτὸν
1329 2643 1631 2717 προέλαϐεν
1660 2642 1773 2697 όλὶ-

180 2752 300 2806 γον.
352 2736 460 2790 Δύο
509 2736 603 2791 οὖν
647 2736 852 2808 λουτρά
894 2732 1039 2809 ἦσαν
1078 2736 1372 2808 ἐγγίζοντα
1409 2736 1688 2808 ἀλλήλοις,
1716 2736 1775 2791 ἓν

182 2826 418 2897 ἀνδρῶν,
459 2828 555 2881 καὶ
586 2826 647 2881 ἐν
678 2830 1010 2896 γυναικεῖον.
1059 2829 1256 2884 Εἷασεν
1300 2822 1395 2883 οὖν
1427 2827 1490 2882 τὸ
1543 2827 1652 2882 τῶν
1682 2828 1778 2882 άν-

179 2918 327 2991 δρῶν
355 2921 384 2973 6
412 2919 603 2984 Σαλδς,
636 2921 731 2974 καὶ
760 2918 1027 2992 ὥρμησεν
1057 2922 1140 2985 εἰς
1164 2921 1225 2974 τὸ
1269 2920 1586 2989 γυναικεῖον
1618 2920 1775 2972 ἐκου-

184 3010 339 3075 σίως.
408 3010 684 3089 Ἔκραξεν
727 3006 825 3089 οὖν
867 3010 1019 3083 αὐτῷ
1047 3014 1075 3066 6
1127 3010 1289 3082 κῦρις
1320 3010 1615 3081 Ἰωάννης·
1663 3009 1775 3064 Ποῦ

186 3087 448 3172 ὑπάγεις,
478 3102 657 3171 Sale;
696 3087 900 3175 μεῖνον,
926 3102 1036 3157 τῶν
1083 3103 1364 3173 γυναικῶν
1396 3103 1543 3157 ἐστιν
1577 3102 1773 3156 ἐκεῖνο.

187 3195 465 3265 Στραφεὶς
520 3197 549 3248 6
594 3195 928 3267 θαυμάσιος,
990 3195 1141 3263 λέγει
1195 3194 1378 3266 αὐτῷ’
1434 3194 1676 3262 ’Ύπαγε,
1710 3194 1775 3248 σὺ

186 3246 544 3355 regem;
577 3246 805 3359 tua:
822 3246 930 3340 ⁷έὲιὶ
959 3246 1140 3357 νέρἐζιζ
1163 3246 1263 3339 xtl
1429 3246 1777 3357 causa
1805 3246 1850 3306 ο

185 3378 369 3446 νερόν.
406 3378 515 3431 Καὶ
536 3378 588 3432 τί
615 3395 746 3433 ποτε
781 3376 1046 3450 περισσὸν
1071 3377 1198 3431 οὔτε
1229 3377 1370 3442 ἐκεῖ,
1398 3374 1525 3430 οὔτε
1548 3370 1651 3430 ὦδε
1674 3374 1772 3431 ἔνι.

187 3469 301 3525 Καὶ
329 3469 577 3541 δραμὼν,
602 3471 853 3541 εἰσῆλθεν
891 3470 1170 3543 άναμὲσον
1208 3469 1318 3523 τῶν
1350 3469 1628 3537 γυναικῶν
1651 3509 1667 3534 ,
1702 3468 1779 3535 ὡς

188 3562 285 3617 ἐπὶ
313 3562 520 3635 Κυρίου
554 3564 659 3635 τῆς,
682 3564 860 3635 δόξης.
898 3565 1192 3636 ’Ὠρμησαν
1220 3563 1277 3617 δὲ
1312 3565 1486 3618 πᾶσαι
1527 3562 1649 3625 κατέ
1683 3563 1780 3617 αύ-

189 3656 310 3723 τοῦ,
330 3656 439 3709 ’καὶ
467 3656 769 3710 τύπτουσαι
794 3656 957 3710 αὐτὸν
984 3658 1311 3726 ἐξήνεγκαν.
1346 3655 1664 3727 Ἥρώτησεν
1686 3649 1780 3709 οὖν

189 3746 357 3800 αὐτὸν
384 3746 416 3798 ό
447 3745 698 3816 θεοφιλὴς
729 3746 1000 3811 διάκονος,
1041 3747 1132 3800 ὅτε
1169 3746 1288 3799 ὅλον
1319 3744 1411 3798 τδν
1454 3733 1568 3816 βίον
1613 3744 1779 3800 αὑτοῦ

188 3838 413 3904 ἐξεῖπεν
448 3838 617 3910 αὐτῷ’
642 3838 743 3892 Διά
772 3837 864 3891 τὸν
893 3838 1122 3909 Κύριον,
1155 3835 1361 3906 Πάτερ.
1391 3835 1508 3899 πῶς
1542 3836 1782 3906 ῂσθάνου

193 3932 448 4007 σεαυτὸν,
477 3931 553 3995 ὼς
584 3930 832 4002 εἰσῆλθες
865 3930 946 3994 είς
970 3928 1031 3984 τδ
1082 3928 1312 4000 λουτρὸν
1342 3928 1401 3981 τὸ
1433 3929 1779 3997 γυναικεῖον;

163 4071 165 4074 ι
190 4025 359 4094 Λέγει
390 4023 540 4096 αὐτῷ
559 4038 574 4054 ⁸
598 4024 917 4088 Πίστευσον,
966 4022 1178 4087 τέκνον,
1206 4021 1399 4088 ὥσπερ
1445 4020 1600 4087 ξύλον
1642 4017 1782 4091 μετὰ

192 4117 393 4184 ξύλων,
417 4115 591 4181 οὕτως
615 4116 769 4182 κάγὼ
798 4118 946 4188 ἤμην
970 4116 1114 4170 τότε.
1158 4114 1299 4170 Oliva
1334 4114 1441 4187 γὰρ
1490 4115 1571 4168 ὅτι
1621 4113 1781 4186 σῶμα

190 4212 450 4281 ἐφόρουν,
481 4210 604 4263 ούδέ
636 4211 721 4267 ὅτι
754 4211 834 4273 εὶς
866 4208 1098 4280 σώματα
1129 4206 1401 4277 εἰσῆλθον,
1439 4205 1778 4277 ᾐσθανόμην.

202 4302 348 4358 Ἀλλ’
383 4300 504 4364 ὅλος
528 4317 630 4371 μου
661 4301 691 4353 6
727 4298 854 4363 νοῦς
881 4299 963 4363 εἰς
999 4298 1061 4351 τὸ
1090 4296 1250 4368 ἔργον
1284 4296 1377 4350 τοῦ
1407 4295 1544 4349 Θεοῦ
1569 4291 1659 4367 ἦν,
1686 4297 1782 4351 καὶ

190 4395 251 4460 ἐξ
281 4392 453 4449 αὐτοῦ
476 4393 578 4447 οὐκ
602 4392 872 4461 ἀπέστην.
902 4390 985 4444 Τὰ
1011 4391 1110 4461 μὲν
1140 4391 1249 4460 γάρ
1276 4388 1386 4446 τῶν
1416 4387 1580 4441 αὑτοῦ
1611 4404 1784 4458 πραγ-

194 4486 392 4558 μάτων
415 4486 444 4538 ό
472 4485 681 4546 δίκαιος
708 4483 956 4543 ἐπετέλει
994 4482 1085 4537 διά
1109 4480 1388 4553 σωτηρίαν
1417 4480 1512 4535 καὶ
1560 4480 1780 4551 συμπά-

191 4580 349 4634 θειαν
379 4577 486 4631 τῶν
515 4575 844 4647 ἀνθρώπων,
875 4575 944 4631 τά
977 4575 1035 4629 δὲ
1075 4575 1165 4630 ἵνα
1193 4572 1639 4643 ἐπικαλυφθῶσιν
1684 4572 1782 4629 αὖ·
1812 4611 1858 4670 D

189 4674 289 4733 τοῦ
321 4672 849 4743 τᾶἴίπιτηδεύματα.

265 4762 377 4833 λς’.
406 4765 581 4819 Ἦσάν
617 4780 747 4817 ποτε
778 4762 941 4816 πάλιν
967 4760 1169 4829 ἔξωθεν
1189 4761 1287 4830 τῆς
1318 4759 1528 4823 πόλεως
1555 4757 1779 4829 τρέχον-

190 4882 287 4930 τες
346 4863 679 4935 λυσόπορτα,
741 4853 817 4916 ὧν
872 4857 955 4924 εἷς
1016 4859 1262 4931 ὑπῆρχεν
1316 4857 1431 4921 υἱὸς
1464 4856 1561 4910 τοῦ
1612 4850 1782 4925 κυροῦ

204 4958 460 5015 Ἰωάννου
494 4956 588 5013 τοῦ
615 4954 868 5010 διακόνου
896 4952 990 5006 τοῦ
1015 4951 1171 5021 φίλου
1207 4950 1396 5014 αὑτοῦ,
1423 4950 1482 5013 ὃς
1522 4948 1630 5020 πρὸ
1675 4947 1786 5001 6).!-

190 5068 311 5125 γων
349 5048 570 5120 ἡμερῶν
594 5043 662 5120 ἦν
689 5046 996 5119 πορνεύσας
1039 5043 1458 5114 εἰςηῦπανδρον,
1506 5043 1601 5095 καὶ
1626 5042 1683 5095 ἐν
1708 5038 1784 5111 τῷ

189 5140 520 5214 ἐξέρχεσθαι
547 5140 708 5193 αὐτὸν
738 5142 802 5194 ἐκ
822 5138 917 5194 τοῦ
959 5137 1112 5191 οἴκου
1164 5136 1335 5205 αὐτῆς
1360 5175 1376 5199 ,
1408 5131 1781 5204 ἐδαιμονίσθη,

195 5234 429 5306 μηδενὸς
469 5233 668 5297 ἰδόντος
694 5234 878 5288 αὐτόν.
923 5230 1211 5303 Ἐθέλησεν
1263 5223 1358 5284 οὖν
1386 5229 1415 5282 ό
1470 5228 1617 5290 ὅσιος
1667 5225 1784 5295 ἅμα

193 5330 295 5383 καὶ
325 5327 660 5399 σωφρονίσαι
704 5329 800 5381 καὶ
830 5326 1088 5382 ἰάσασθαι
1120 5324 1304 5387 αὐτὸν,
1338 5322 1434 5378 καὶ
1483 5321 1635 5390 λέγει
1665 5320 1781 5381 τοῖς

192 5416 505 5490 τρέχουσιν·
538 5418 749 5484 Ὄντως
778 5418 828 5473 εί
863 5417 939 5490 μὴ
969 5418 1067 5473 καὶ
1087 5415 1199 5487 ἐγὼ
1239 5413 1416 5480 παίξω
1454 5411 1573 5485 μεθ’
1601 5408 1779 5482 ὑμῶν,

1861 614 2069 670 dictum
2104 613 2305 684 saepius
2335 621 2439 675 est.
2471 610 2521 666 ei
2555 610 2916 666 inhabitantis
2945 608 3148 665 virtute
3176 612 3439 678 munitus,

1863 704 2180 761 incendium
2232 703 2434 760 diaboli
2480 703 2803 775 superabat,
2841 716 3184 773 nequaquam
3238 702 3307 758 ab
3353 703 3443 758 illo

1861 796 2042 853 laesus.

1934 1108 2026 1166 35.
2099 1107 2199 1163 Die
2255 1108 2490 1178 quadam
2535 1115 2820 1178 postquam
2868 1106 3100 1162 vidisset
3160 1121 3283 1160 eum
3336 1121 3448 1175 pm

1865 1198 2257 1255 exercitatione
2289 1207 2618 1254 maceratum
2660 1198 2807 1269 (nam
2837 1197 3046 1252 Pascha
3086 1198 3445 1268 praeterierat,

1865 1300 1921 1346 et
1951 1290 2068 1346 sine
2091 1290 2214 1345 cibo
2256 1304 2407 1344 saera
2451 1288 2634 1343 omnia
2668 1287 2876 1358 ieiunia
2917 1288 3275 1358 transegerat)
3306 1303 3448 1356 pra;-

1865 1381 2045 1437 dictus
2076 1390 2333 1451 spectatae
2372 1379 2593 1435 virtutis
2636 1378 2897 1443 Joannes,
2942 1377 3036 1432 Dei
3062 1392 3271 1441 amans,
3304 1377 3449 1432 idem

1867 1470 1978 1539 ille,
2008 1473 2099 1542 qui
2126 1472 2296 1527 vitam
2319 1470 2438 1541 ejus
2468 1470 2628 1525 nobis
2649 1469 2920 1540 exposuit,
2945 1484 3049 1524 nec
3078 1484 3188 1523 non
3220 1469 3451 1522 misera-

1867 1572 1957 1621 tus
2007 1580 2071 1620 ae
2112 1565 2342 1619 miratus
2383 1560 2716 1618 inetiabilem
2762 1562 2883 1632 ejus
2928 1561 3328 1627 austeritatem,
3370 1559 3453 1615 ta?-

1867 1658 2029 1712 metsi
2064 1657 2119 1711 in
2158 1656 2380 1711 civitate
2409 1656 2575 1719 esset,
2621 1664 2678 1709 et
2716 1669 2841 1709 cum
2886 1652 3211 1708 mulieribus
3248 1651 3454 1723 pariter

1869 1763 1935 1802 ac
1964 1763 2088 1802 cum
2114 1747 2260 1816 .viris
2290 1755 2640 1811 versaretur,
2674 1745 2868 1799 volens
2908 1742 3062 1813 quasi
3095 1758 3192 1813 per
3229 1743 3455 1798 modum

1872 1842 1985 1896 ludi
2014 1856 2216 1911 corpus
2239 1840 2412 1911 ipsius
2444 1838 2776 1905 reioeillare,
2812 1838 2982 1894 dicit:
3024 1836 3158 1893 Veni
3190 1838 3454 1902 lavatum,

1874 1931 2020 1986 Sale.
2055 1930 2301 2000 Suhjecit
2328 1931 2417 1985 ille
2451 1947 2465 1984 :
2504 1931 2620 1985 lmo
2670 1945 2822 1995 vero,
2875 1945 3086 1997 eamus,
3117 1945 3325 1984 eamus.
3360 1928 3457 1983 Di-

1873 2029 2018 2076 ctum
2059 2019 2296 2087 factum;
2336 2019 2489 2074 exuit
2519 2027 2726 2073 vestem
2778 2034 2956 2084 suam,
2992 2018 3158 2087 capiti
3188 2018 3459 2088 superim-

1872 2114 2077 2185 posuit,
2116 2122 2173 2168 et
2226 2121 2480 2183 tanquam
2521 2109 2749 2165 fasciam
2798 2110 2977 2165 eidem
3026 2110 3287 2183 alligavit.
3320 2108 3461 2164 Dicit

1872 2207 1951 2261 illi
1979 2206 2233 2262 dominus
2273 2205 2557 2261 Joannes:
2604 2203 2795 2270 Indue,
2834 2202 3038 2269 frater;
3066 2204 3192 2274 quia
3225 2218 3376 2268 vere,
3411 2202 3458 2257 si

1872 2298 2057 2353 nudus
2104 2296 2367 2363 ambulas,
2401 2310 2503 2365 ego
2544 2302 2727 2349 tecum
2774 2309 2884 2348 non
2924 2294 3106 2347 venio.
3149 2291 3247 2347 Cui
3293 2292 3462 2347 abbas

1877 2390 2142 2461 Symeon:
2167 2392 2372 2461 Apage,
2393 2389 2588 2443 stulte:
2608 2403 2748 2459 Opus
2766 2387 3033 2459 agendum
3065 2386 3303 2457 praeveni
3322 2384 3458 2455 (ιι).

1876 2479 1933 2536 Si
1976 2491 2157 2536 autem
2189 2481 2378 2536 venire
2411 2480 2619 2544 renuis,
2649 2495 2741 2542 eu,
2761 2479 3013 2550 praecedo
3051 2487 3102 2533 te
3129 2475 3459 2548 pauxillum;

1875 2586 2051 2641 eoque
2102 2571 2293 2627 relicto
2350 2570 2747 2641 aliquantulum
2797 2568 3097 2641 praecessit.
3150 2567 3267 2623 Duo
3304 2575 3465 2622 erant

1876 2659 2111 2724 lavacra,
2149 2668 2341 2715 mutuo
2385 2658 2489 2715 sibi
2531 2658 2863 2730 propinqua,
2910 2658 3153 2713 virorum
3191 2657 3460 2719 alterum;

1876 2751 2108 2807 alterum
2138 2752 2451 2807 mulierum.
2475 2750 2714 2821 Reliquit
2744 2749 2900 2805 Salus
2938 2748 3014 2814 id,
3057 2748 3203 2819 quod
3230 2756 3348 2802 erat
3382 2745 3464 2800 vi—

1878 2857 2086 2910 rorum,
2110 2850 2166 2898 et
2198 2842 2429 2899 contulit
2458 2857 2519 2898 se
2546 2842 2614 2897 ad
2647 2842 2800 2905 illud,
2821 2841 2966 2911 quod
3002 2848 3118 2894 erat
3146 2839 3463 2901 mulierum,

1878 2940 2080 2999 sponte
2106 2946 2224 2986 sua.
2287 2930 2622 2987 inclamabat
2669 2930 2930 2985 Dominus
2998 2926 3237 2984 Joannes
3283 2944 3296 2980 :
3345 2924 3466 2992 Quo

1880 3020 2083 3088 tendis,
2115 3021 2284 3078 Sale?
2320 3022 2509 3089 Mane;
2544 3022 2835 3078 mulierum
2877 3021 3007 3075 illud
3037 3028 3140 3074 est.
3155 3020 3466 3075 Conversus

1879 3113 1963 3167 vir
1992 3114 2294 3170 mirabilis:
2351 3117 2558 3187 Apage.
2611 3115 2813 3185 inquit,
2874 3113 3075 3179 stulte;
3136 3111 3244 3166 illic
3290 3110 3465 3165 calida

1880 3221 2021 3276 aqua
2044 3206 2177 3278 (6‘2),
2214 3217 2268 3263 et
2292 3204 2382 3263 liic
2406 3207 2578 3262 calida
2612 3222 2771 3276 aqua.
2820 3205 3092 3271 Quidnam
3120 3213 3205 3258 est
3233 3201 3467 3272 amplius

1884 3310 1980 3357 aut
1998 3301 2127 3369 illic,
2155 3311 2249 3358 aut
2272 3302 2403 3358 hic?
2436 3304 2502 3358 Et
2521 3318 2768 3365 currens,
2810 3298 3063 3355 transivit
3094 3314 3195 3369 per
3222 3296 3465 3353 medium
3530 3292 3535 3297 ’

1884 3395 2197 3461 mulierum,
2225 3394 2377 3466 quasi
2408 3394 2464 3449 in
2498 3395 2726 3450 Domino
2756 3392 3011 3465 glorians.
3047 3390 3253 3446 Omnes
3280 3399 3465 3443 autem

1886 3487 2167 3544 irruerunt
2197 3487 2253 3543 in
2270 3504 2416 3553 eum,
2442 3496 2498 3542 et
2518 3486 2872 3541 verberantes
2901 3484 3202 3554 eiecerunt.
3224 3481 3468 3536 interro-

1887 3581 2033 3653 gavit
2062 3595 2192 3653 ergo
2221 3595 2347 3637 eum
2382 3579 2478 3634 Dei
2504 3593 2696 3633 amans
2728 3577 3011 3641 diaconus,
3041 3575 3261 3646 quando
3296 3582 3467 3628 totam

1886 3672 1939 3727 ei
1963 3671 2128 3727 vitam
2174 3685 2329 3725 suam
2377 3666 2650 3738 exposuit.
2707 3666 2822 3730 Dic,
2865 3673 3091 3735 propter
3147 3660 3463 3722 Dominum,

1888 3762 2073 3828 Pater,
2098 3760 2376 3832 quomodo
2413 3759 2563 3815 fuisti
2598 3758 2848 3822 all'ectus,
2885 3765 3174 3827 postquam
3202 3754 3264 3808 es
3295 3752 3471 3805 intro-

1888 3871 2110 3928 gressus
2154 3855 2429 3910 lavacrum
2465 3851 2801 3907 mulierum?
2830 3848 2931 3904 Cui
2955 3847 3046 3903 ille
3080 3862 3093 3898 :
3125 3844 3320 3908 Crede,
3367 3842 3465 3907 ﬁli,

1888 3944 2029 3998 sicut
2079 3943 2283 4012 lignum
2334 3948 2418 3995 est
2464 3955 2588 3995 cum
2637 3937 2819 4009 lignis,
2856 3935 2937 3990 sic
2978 3947 3078 4003 ego
3118 3940 3250 3986 tunc
3292 3943 3466 3984 eram.

1888 4028 2077 4099 Neque
2133 4030 2279 4083 enim
2320 4029 2463 4098 quod
2505 4040 2705 4096 corpus
2751 4023 2971 4087 ferrem,
2997 4034 3177 4090 neque
3203 4015 3348 4087 quod
3393 4015 3473 4069 in-

1888 4137 2107 4195 gressus
2131 4137 2306 4178 essem
2325 4122 2525 4184 locum,
2551 4119 2641 4173 ubi
2664 4126 2823 4171 erant
2849 4129 3098 4184 corpora,
3125 4110 3465 4173 sentiebam;

1889 4214 1982 4269 sed
2017 4228 2171 4267 mens
2200 4228 2319 4266 mea
2351 4218 2462 4265 tota
2494 4217 2612 4264 erat
2647 4208 2703 4261 in
2728 4220 2893 4276 opere
2923 4203 3161 4267 Domini,
3190 4202 3258 4257 ab
3291 4215 3470 4271 eoque

1888 4324 2000 4363 non
2028 4306 2238 4362 destiti.
2264 4306 2395 4359 Nam
2414 4319 2497 4361 ea.
2519 4318 2641 4373 quze
2670 4300 2840 4372 gessit
2860 4306 3101 4362 sanctus,
3126 4297 3308 4351 etl‘ecit
3338 4312 3465 4367 par-

1889 4396 1986 4456 tim
2025 4412 2090 4451 ex
2132 4394 2313 4450 studio
2354 4391 2567 4458 salutis,
2598 4398 2653 4446 et
2681 4405 2750 4445 ex
2786 4385 3260 4444 commiseratione
3285 4383 3469 4439 homi-

1890 4504 2042 4556 num,
2070 4488 2267 4559 partim
2298 4495 2357 4541 ut
2383 4486 2773 4557 obtegerentur
2809 4481 2979 4555 ipsius
3009 4489 3158 4535 recte
3192 4477 3336 4533 facta

1960 4762 2050 4818 36.
2090 4759 2345 4816 Nonnulli
2390 4766 2544 4815 extra
2584 4756 2855 4812 civitatem
2898 4751 3176 4825 agitabant
3222 4763 3463 4812 cursum,

1883 4856 2154 4926 lys0porta
2204 4853 2433 4908 dictum.
2491 4849 2621 4904 Erat
2666 4848 2810 4903 inter
2863 4846 2983 4901 illos
3033 4842 3175 4899 (ilius
3236 4838 3466 4896 Joannis

1882 4945 2123 5011 diaconi,
2168 4941 2462 5016 Symeonis
2492 4939 2675 5002 amici,
2717 4937 2808 5009 qui
2854 4935 3041 5007 paucis
3098 4942 3227 4987 ante
3272 4930 3467 4986 diebus

1884 5054 2001 5094 rem
2060 5037 2331 5093 habuerat
2369 5050 2494 5090 cum
2563 5031 2790 5087 muliere
2844 5027 3127 5098 coujugata
3169 5040 3183 5076 :
3233 5036 3466 5092 cumque

1881 5134 2043 5189 domo
2072 5133 2191 5202 ejus
2227 5128 2598 5200 egrederetur,
2643 5122 2868 5179 nemine
2917 5120 3095 5192 ipsum
3137 5116 3376 5180 vidente,
3434 5130 3466 5168 a

1882 5226 2129 5282 daemone
2156 5233 2241 5278 est
2270 5222 2546 5276 obsessus.
2570 5215 2756 5273 Voluit
2784 5229 2910 5271 eum
2952 5220 3175 5267 sanctus
3203 5207 3361 5265 simul
3396 5204 3462 5260 ad

1884 5316 2094 5388 frugem
2139 5314 2419 5378 reducere,
2459 5309 2621 5366 simul
2665 5322 2882 5370 sanare,
2920 5313 2975 5360 et
3016 5303 3155 5359 dixit
3191 5296 3463 5354 currenti-

1885 5407 2032 5463 bus:
2067 5404 2360 5463 Euimvero
2394 5403 2440 5459 si
2490 5417 2590 5474 ego
2630 5399 2910 5459 vobiscum
2954 5409 3063 5448 una
3105 5406 3217 5446 non
3256 5389 3459 5450 lusero,

1699 5588 1936 5646 ΝΟΤᾸΞ.

270 5734 385 5800 (ιι)
428 5732 703 5806 lnterpres
732 5734 877 5806 apud
917 5732 1136 5806 Surium
1175 5736 1336 5806 vertit
1372 5753 1383 5788 :
1424 5753 1442 5786 ι
1476 5731 1589 5805 Ego
1625 5731 1773 5789 enim

199 5814 535 5877 anteuopus,
581 5805 725 5877 opus
762 5805 887 5876 feci,
926 5825 944 5860 ι
982 5805 1193 5862 utinam
1240 5805 1373 5861 satis
1421 5819 1662 5877 congrue
1724 5811 1777 5860 et

201 5873 593 5945 significanter.

1953 5727 2064 5799 (62)
2104 5727 2163 5782 τὸ
2192 5726 2384 5799 ναρόν,
2418 5725 2561 5780 idem
2602 5728 2759 5799 sonat
2786 5713 3140 5799 qu_od_t5796;,
3166 5710 3459 5799 humidum,

1890 5780 2165 5871 multum.
2192 5780 2329 5871 Vide
2348 5780 2639 5871 A'uctorcm
2660 5780 3011 5864 Etym'ologici
3032 5780 3091 5844 in
3119 5799 3251 5843 voce
3275 5798 3338 5835 να
3347 5780 3458 5852 ρόν.

1890 5866 2081 5927 Noster
2119 5867 2305 5924 scribit
2325 5884 2379 5921 νε
2388 5866 2496 5939 ρόν.
