4058 6430
529 441 666 510 1715

1545 443 1855 506 LEONTII
1881 445 2398 509 NEAPOLITANI
2429 448 2771 512 EPISCOPI

3707 443 3811 509 7l6

522 572 632 624 non
683 556 861 611 sinam
907 571 1004 613 vos
1037 571 1299 613 currere:
1340 556 1614 627 erupitque
1661 555 1717 610 in
1764 571 1859 611 eos
1903 556 2109 626 lapides

2225 561 2314 615 οὐκ
2347 560 2470 631 ἀφῶ
2497 562 2643 634 ὑμᾶς
2666 560 2919 630 δραμεῖν.
2949 553 3284 638 Καῖᾖρξατο
3309 555 3551 621 λιθάζειν
3584 555 3807 618 αὐτούς.

523 649 761 704 mittere.
795 645 1099 704 Voluerunt
1144 663 1276 719 ergo
1315 646 1603 704 admittere
1643 647 1796 702 illum
1841 662 1906 702 ea
1956 656 2113 717 parte

520 757 630 813 qua
655 741 1001 807 currebatis,
1055 755 1219 811 quem
1273 749 1395 797 erat
1425 751 1735 796 sanaturus.
1789 739 1904 796 Hoc
1961 740 2105 805 viso,

522 836 693 892 abbas
733 835 968 906 Symeon
1006 835 1191 904 potius
1238 834 1296 888 in
1326 835 1637 905 oppositam
1668 845 1884 904 partem
1923 848 2108 889 reces-

522 926 614 982 sit.
648 925 868 982 Sciebat
896 926 1044 982 enim
1081 925 1215 996 quid
1269 935 1419 981 esset
1462 925 1725 980 facturus.
1783 925 1851 980 Et
1891 925 2114 996 quando

521 1017 860 1089 incipiebant
885 1032 1131 1079 currere,
1160 1016 1511 1087 prosequitur
1556 1025 1780 1073 sanctus
1814 1016 2112 1087 juvenem;

522 1124 686 1178 quem
719 1109 931 1164 dtemon
961 1107 1253 1175 invaserat,
1278 1118 1475 1172 etcum
1510 1115 1820 1171 assecutus,
1850 1109 2002 1165 nullo
2058 1108 2116 1162 id

525 1199 877 1273 intelligente,
911 1203 1182 1258 maxillam
1229 1205 1349 1270 eius
1384 1204 1659 1269 verberat,
1706 1202 1986 1274 dicitque:
2036 1200 2116 1259 Nc

522 1295 754 1366 posthac
783 1294 1082 1362 moecbare,
1115 1310 1148 1349 ο
1183 1294 1371 1352 infelix
1397 1297 1409 1355 i
1438 1303 1492 1352 et
1518 1297 1735 1353 daemon
1765 1310 1876 1354 non
1906 1310 2109 1366 appro-

525 1392 810 1464 pinquabit
836 1393 954 1450 tibi.
977 1391 1172 1450 Statim
1200 1392 1382 1462 itaque
1404 1393 1699 1464 discerpsit
1720 1408 1845 1448 eum
1873 1393 2111 1458 daemon,

523 1495 582 1540 et
611 1501 804 1542 omnes
831 1494 1184 1543 accesserunt
1212 1485 1281 1540 ad
1306 1486 1486 1544 illum.
1517 1485 1655 1541 Dum
1691 1486 1874 1556 itaque
1906 1485 2119 1556 iaceret

525 1577 680 1632 humi
727 1593 1012 1648 spumans,
1063 1577 1258 1648 aspicit
1319 1577 1389 1642 is,
1435 1577 1530 1647 qui
1580 1577 1926 1647 patiebatur;
1972 1577 2118 1646 quod

527 1667 690 1726 Salus
719 1678 1145 1741 persequeretur
1177 1684 1371 1726 canem
1396 1670 1636 1742 nigrum,
1656 1685 1725 1724 ex
1749 1684 1808 1725 se
1835 1667 2117 1741 [ejectum]

527 1771 585 1818 et
611 1769 925 1832 percuteret
955 1763 1136 1832 ipsum
1165 1777 1331 1817 cruce
1363 1760 1565 1832 lignea.
1599 1760 1782 1818 Multis
1811 1770 1937 1832 post
1966 1762 2122 1816 horis

527 1851 598 1909 ad
629 1865 687 1906 se
707 1865 964 1909 reversus
987 1851 1428 1922 interrogabatur
1462 1868 1476 1906 :
1510 1849 1782 1916 Quidnam
1805 1865 1866 1906 es
1887 1866 2117 1922 passus:

529 1939 599 1999 Et
636 1943 776 2000 nihil
808 1951 1024 2015 poterat
1075 1945 1280 2012 dicere,
1331 1952 1704 2015 praeterquam
1750 1945 1856 2000 hoc
1890 1960 2062 2000 unum
2098 1960 2116 2000 :

527 2035 676 2090 Dixit
705 2036 839 2090 mihi
872 2036 1111 2106 aliquis:
1151 2033 1230 2090 Ne
1265 2037 1496 2106 posthac
1553 2035 1855 2092 moechare.
1907 2036 2117 2092 Abbate

529 2137 714 2184 autem
739 2127 1011 2201 Symeone
1041 2128 1110 2184 ad
1152 2142 1381 2198 superos
1425 2127 1711 2194 translato,
1743 2127 1906 2184 rediit
1941 2128 2010 2184 ad
2035 2144 2115 2197 se,

530 2228 586 2276 et
613 2235 726 2281 rem
751 2226 960 2291 gestam
986 2219 1306 2293 singulatim
1329 2221 1590 2276 omnibus
1623 2221 1899 2292 exposuit.

603 2309 694 2369 37.
735 2310 978 2367 Scenicaa
1013 2310 1093 2366 rei
1125 2326 1351 2381 operam
1391 2311 1597 2368 dabant
1627 2311 1682 2366 in
1706 2312 1921 2369 theatro
1943 2314 2115 2370 mimi.

535 2399 687 2457 Unus
716 2417 783 2456 ex
837 2402 945 2458 illis
995 2401 1284 2458 dicebatur
1345 2400 1609 2475 Psephas.
1669 2405 1857 2476 Itaque
1907 2421 2034 2463 cum
2088 2421 2119 2462 a

538 2491 680 2548 malo
716 2492 1028 2563 huiusmodi
1073 2495 1236 2550 vellet
1277 2510 1406 2554 eum
1457 2497 1770 2554 absterrere
1813 2498 1898 2555 vir
1934 2500 2120 2570 iustus

536 2583 797 2658 (habebat
863 2585 1010 2643 enim
1079 2602 1246 2656 opera
1299 2589 1546 2660 quaedam
1606 2589 1751 2646 bona
1825 2592 2122 2661 praedictus

533 2669 823 2744 Psepltas),
858 2690 966 2736 non
1029 2675 1355 2748 dedignatus
1415 2687 1502 2734 est
1541 2693 1610 2734 eo
1654 2679 1982 2738 discedere:
2025 2684 2122 2739 sed

535 2763 666 2820 illuc
701 2781 761 2820 se
799 2767 1052 2834 contulit,
1099 2777 1155 2823 et
1185 2770 1336 2826 stetit
1374 2771 1520 2827 infra
1565 2773 1620 2826 in
1659 2788 1788 2829 area
1823 2773 1979 2840 circi,
2029 2776 2119 2831 ubi

532 2857 794 2912 ludebant
828 2858 1002 2920 mimi.
1042 2857 1406 2930 Conspicatus
1451 2861 1599 2932 quod
1657 2862 1903 2933 Psephas
1961 2879 2123 2937 agere

532 2946 798 3019 inciperet
837 2963 925 3005 res
965 2949 1226 3021 quasdam
1255 2950 1512 3019 nefarias,
1561 2967 1788 3022 parvum
1825 2953 2122 3011 admodum

532 3038 767 3108 lapidem
793 3039 1055 3111 abripuit,
1103 3055 1268 3101 cruce
1314 3043 1467 3113 prius
1506 3043 1849 3115 insignitum,
1890 3047 2124 3118 proiecit

534 3133 588 3192 iu
634 3148 862 3194 manum
921 3133 1205 3193 dexteram
1259 3135 1516 3208 Psephae,
1585 3137 1734 3193 illam
1800 3138 2119 3196 exsiccavit.

532 3222 705 3281 Nemo
735 3233 922 3284 autem
966 3233 1080 3280 tum
1131 3226 1445 3283 observavit
1491 3229 1746 3299 quisnam
1801 3231 2124 3300 proiecisset

471 3344 480 3354 -
534 3315 793 3388 lapidem.
816 3316 1051 3373 Sanctus
1079 3317 1263 3389 itaque
1293 3328 1458 3376 noctu
1488 3331 1714 3394 apparet
1734 3322 1782 3376 ei
1811 3323 1866 3378 in
1893 3324 2124 3390 somnis,

532 3419 590 3470 et
626 3409 811 3474 dixit:
859 3409 1069 3466 Revera
1109 3427 1339 3483 scopum
1381 3413 1571 3484 attigi;
1605 3422 1660 3470 et
1708 3414 1813 3470 nisi
1855 3416 2129 3494 iuraveris

534 3502 653 3565 fore
684 3513 744 3558 ut
783 3503 888 3560 hoc
935 3503 1061 3560 vita:
1092 3503 1405 3560 institutum
1455 3521 1567 3562 non
1597 3507 1836 3578 amplius
1871 3509 2126 3577 secteris,

536 3596 856 3667 neutiquam
885 3597 1186 3654 sanaberis.
1209 3596 1422 3654 Juravit
1447 3615 1581 3671 ergo
1601 3600 1652 3656 ei
1685 3616 1784 3672 per
1808 3601 2126 3672 Deiparam,

536 3687 654 3744 fore
682 3698 741 3744 ut
775 3689 841 3744 de
866 3699 1064 3746 cetero
1098 3706 1210 3745 non
1252 3690 1488 3761 amplius
1531 3691 1692 3748 talem
1739 3693 1925 3752 ludum
1969 3710 2128 3751 exer-

537 3790 708 3841 ceret.
759 3780 827 3838 Et
867 3797 993 3838 cum
1041 3784 1392 3851 surrexisset,
1440 3785 1650 3842 invenit
1698 3802 1920 3842 manum
1969 3803 2128 3844 suam

540 3891 752 3942 sanam,
809 3885 865 3932 et
905 3877 1152 3936 narravit
1193 3893 1538 3948 quaecunque
1607 3878 1836 3935 viderat.
1882 3878 2080 3936 Verum
2115 3920 2132 3948 ,

540 3968 689 4039 quod
720 3967 883 4026 Salus
919 3979 1086 4034 esset,
1113 3969 1210 4040 qui
1231 3970 1335 4040 ipsi
1362 3971 1578 4026 loeutus
1601 3969 1781 4027 fuerat
1813 3971 1871 4027 in
1901 3972 2130 4041 somnis,

541 4074 788 4116 asserere
825 4076 934 4115 non
957 4068 1194 4131 poterat.
1224 4061 1466 4117 Tantum
1503 4060 1720 4118 dicebat
1751 4080 1766 4118 :
1809 4062 2130 4129 Monachus,

2228 654 2526 724 Ἦθέλησεν
2546 652 2640 708 οῦν
2669 651 2860 707 λαϐεῖν
2897 649 3058 706 αὑτὸν
3089 651 3171 713 είς
3187 647 3249 702 τὸ
3279 649 3447 720 μέρος
3481 648 3622 702 ὅπου
3661 648 3811 717 E19:-

2212 764 2331 819 χεν,
2367 747 2427 801 ὃν
2479 746 2705 819 ἔμελλεν
2743 743 3028 800 ἰάσασθαι.
3071 740 3222 797 Ἰδὼν
3262 741 3324 796 δέ
3375 740 3556 804 “Si;
3582 739 3810 809 Συμεὼν

2220 839 2422 911 μᾶλλον
2444 840 2524 902 είς
2556 839 2618 893 τὸ
2651 836 2972 902 ἐξεναντίας
2997 835 3166 908 μέρος
3197 833 3464 905 ἀπῆλθεν.
3512 833 3662 904 Ἤδη
3707 836 3814 902 γὰρ

2217 930 2277 985 τὸ
2302 931 2355 984 τί
2381 929 2618 1000 ἤμελλεν
2648 932 2844 994 ποιεῖν,
2879 927 2977 983 καὶ
3006 928 3082 993 ὡς
3129 925 3369 999 ἦρξαντο
3391 925 3637 998 τρέχειν,
3673 925 3813 995 ὁρμᾷ

2218 1023 2246 1076 6
2300 1023 2450 1085 ὅσιος
2500 1020 2643 1075 κατὰ
2667 1021 2761 1074 τοῦ
2779 1019 2988 1084 παιδὸς
3006 1019 3104 1074 τοῦ
3130 1016 3523 1089 δαιμονῶντος,
3559 1015 3657 1067 καὶ
3681 1013 3813 1081 906.-

2221 1133 2320 1180 σας
2342 1115 2527 1184 αὐτὸν,
2570 1114 2800 1186 μηδενὸς
2823 1113 3143 1185 νοήσαντος,
3167 1109 3362 1164 τύπτει
3404 1108 3574 1164 αὑτὸν
3617 1109 3700 1169 εἰς
3721 1107 3816 1177 τὴν

2221 1207 2472 1279 σιαγόνα,
2509 1208 2604 1262 καὶ
2625 1207 2810 1277 λέγει’
2839 1205 3062 1277 Μηκέτι
3123 1203 3367 1274 μοίχευε,
3422 1198 3679 1262 ταπεινέ,
3725 1199 3816 1252 καὶ

2218 1304 2322 1357 οὐκ
2351 1301 2563 1371 ἐγγίζει
2592 1318 2676 1354 σοι
2705 1301 2734 1354 6
2767 1299 3000 1370 δαίμων.
3026 1296 3242 1360 Εὐθέως
3267 1289 3362 1350 οὖν
3391 1294 3632 1366 ἔρῤηξεν
3657 1291 3817 1345 αύτδν

2219 1396 2280 1450 τὸ
2307 1394 2605 1467 δαιμόνιον,
2633 1393 2729 1448 καὶ⁸
2768 1391 3117 1462 συνήχθησαν
3157 1390 3363 1453 πάντες
3405 1387 3599 1440 ἐπάνω
3628 1383 3816 1439 αὑτοῦ.

2219 1487 2323 1550 "ﬂ;
2359 1483 2455 1540 οὖν
2484 1486 2666 1540 ἔκειτο
2699 1483 2877 1556 χαμαὶ
2905 1481 3176 1553 ἀφρίζων,
3208 1481 3409 1554 θεωρεῖ
3453 1479 3552 1532 τὸν
3594 1476 3767 1530 Σαλον
3791 1478 3819 1534 6

2223 1583 2453 1652 πάσχων
2486 1577 2752 1632 διώκοντα
2779 1577 2839 1641 ἐξ
2869 1574 3036 1630 αὑτοῦ
3087 1573 3228 1628 κύνα
3266 1572 3515 1643 μαῦρον,
3571 1570 3676 1623 καὶ
3729 1567 3819 1622 τύο

2221 1689 2424 1728 πτοντα
2455 1670 2620 1726 αὑτὸν
2657 1668 2799 1740 μετὰ
2832 1668 3047 1736 ξυλίνου
3077 1665 3342 1737 σταυροῦ.
3378 1664 3473 1728 Ei;
3526 1661 3728 1716 ἑαυτὸν
3763 1660 3818 1722 δι

2226 1768 2366 1840 μετά
2395 1764 2600 1828 πολλὰς
2637 1761 2789 1836 ὥρας
2819 1759 3157 1827 ἐπανελθὼν,
3203 1759 3486 1830 ηρωτᾶτο·
3522 1754 3592 1808 Τί
3619 1756 3819 1807 πεπον-

2225 1860 2363 1926 θας;
2397 1858 2492 1912 καὶ¹
2513 1858 2615 1910 οὐκ
2638 1853 2879 1926 ἠδυνήθη
2912 1855 3090 1908 είπεῖν
3113 1894 3129 1918 ,
3172 1853 3221 1904 εί
3257 1850 3334 1922 μὴ
3372 1849 3537 1920 μόνον
3577 1847 3667 1901 ὅτι
3721 1843 3815 1909 τίς

2225 1967 2358 2005 ποτε
2412 1946 2536 2002 εἷπέ
2569 1964 2681 2018 μοι’
2718 1945 2932 2018 Μηκέτι
2981 1944 3238 2019 πόρνευε.
3286 1939 3398 1995 Τοῦ
3442 1940 3500 1994 δὲ
3547 1939 3702 1993 ἀδεᾶ
3728 1937 3816 1992 Συ-

2228 2043 2374 2117 μεὼν
2395 2041 2778 2104 τελειωθέντος
2811 2039 2870 2093 ἐν
2917 2038 3136 2110 εἰρήνῃ,
3167 2035 3358 2107 ὥσπερ
3400 2030 3696 2105 ἀνὶνηψεν,
3727 2031 3814 2087 καὶ

2226 2136 2480 2208 ἐξηγεῖτο
2509 2134 2645 2187 πᾶσι
2678 2129 3035 2203 λεπτομερῶς
3063 2129 3125 2183 τὸ
3151 2129 3405 2201 πρᾶγμα.

2296 2319 2398 2386 λζ’.
2438 2317 2787 2390 Ἐθεάτριζον
2817 2331 2949 2370 ποτε
2976 2315 3139 2386 μῖμοι
3162 2311 3243 2376 εἰς
3257 2311 3320 2364 τὸ
3340 2309 3596 2379 θέατρον.
3623 2302 3732 2361 Ἦν
3755 2306 3809 2360 δι

2226 2407 2308 2477 εἷς
2341 2411 2401 2477 ἐξ
2434 2411 2638 2473 αὑτῶν.
2670 2409 2892 2479 Ψηφᾶς.
2925 2405 3111 2460 Θέλων
3137 2402 3233 2458 οῦν
3263 2402 3326 2456 τὸ
3372 2400 3616 2455 τοιοῦτον
3648 2398 3810 2452 κακὸν

2227 2505 2501 2575 ἀνακόψαι
2527 2503 2556 2556 6
2581 2503 2789 2565 δίκαιος
2821 2495 2957 2572 (εἶχε
2997 2497 3107 2567 γάρ
3132 2511 3254 2550 τινα
3274 2494 3420 2550 καλὰ
3441 2493 3581 2566 ἔργα
3608 2493 3642 2546 6
3663 2490 3808 2560 λεγόο

2233 2613 2392 2669 μενος
2446 2591 2700 2665 Ψηφᾶς),
2761 2590 2865 2644 ούκ
2921 2587 3206 2658 ἀπηξίωσε
3231 2586 3326 2639 τοῦ
3370 2583 3651 2647 ἀπελθεῖν,
3682 2582 3809 2636 ἀλλὰ

2229 2685 2462 2756 ἀπῆλθε,
2493 2684 2587 2738 καὶ
2610 2682 2762 2737 κάτω
2792 2681 2978 2734 ῑστατο
2999 2671 3080 2742 είς
3109 2676 3172 2731 τὸ
3194 2677 3398 2748 πέλμα,
3428 2676 3564 2730 ὅπου
3592 2673 3810 2739 ἔπαιζον

2228 2781 2278 2834 οἱ
2315 2781 2493 2850 μῖμοι·
2551 2773 2645 2829 καὶ
2697 2773 2776 2838 ὡς
2833 2771 2943 2825 ῖδεν
2987 2769 3083 2823 τὸν
3131 2768 3336 2839 Ψηφᾶν
3374 2765 3688 2838 ἀρξάμενον
3723 2763 3807 2817 τοῦ

2230 2871 2408 2923 ποιεῖν
2433 2867 2670 2937 ἀθέμιτα
2693 2863 3019 2934 πράγματα,
3044 2862 3227 2932 ῥίπτει
3254 2857 3401 2913 λίθον
3429 2857 3628 2929 μικρὸν
3651 2856 3806 2919 πάνυ,

2231 2962 2466 3033 ποιήσας
2500 2960 2580 3022 εις
2614 2958 2774 3010 αὐτὸν
2803 2953 3055 3026 σταυρὸν,
3091 2952 3189 3006 καὶ
3218 2950 3403 3022 βάλλει
3440 2948 3582 3004 κατὰ
3610 2949 3711 3019 τῆς
3733 2947 3811 3001 δε-

2233 3054 2353 3120 ξιᾶς
2382 3051 2565 3124 χειρὸς
2593 3048 2690 3103 τοῦ
2719 3043 2912 3118 Ψηφᾶ,
2953 3045 3048 3100 καὶ
3101 3043 3362 3115 ἐξήρανεν
3398 3043 3594 3114 αὐτήν.
3631 3039 3808 3104 Οὐδεὶς

2229 3141 2287 3200 δέ
2321 3145 2514 3215 ἐνόησε
2538 3142 2599 3195 τὸ
2623 3139 2708 3204 τίς
2723 3139 2814 3193 τὸν
2829 3138 2978 3192 λίθον
2999 3136 3248 3209 ἔῤῥιψενέ
3262 3134 3521 3189 Φαίνεται
3555 3127 3648 3186 οῦν
3671 3129 3811 3204 αύτῷ

2229 3240 2297 3308 τῇ
2333 3233 2492 3290 νυκτὶ
2520 3231 2664 3287 κατὰ
2686 3231 2814 3294 τοὺς
2843 3228 3047 3292 ὕπνους
3093 3227 3122 3280 6
3175 3227 3320 3288 ὅσιος
3340 3225 3436 3278 καὶ
3461 3222 3614 3292 λέγει
3649 3220 3810 3290 αὐτῷ·

2234 3329 2442 3394 Ὄντως
2471 3325 2754 3394 ἐπέτυχον,
2783 3322 2878 3375 καὶ
2905 3323 2954 3374 εί
2981 3319 3059 3390 μὴ
3089 3319 3312 3390 ὀμόσεις
3342 3318 3426 3371 ὅτι
3452 3317 3554 3370 οὐκ
3589 3315 3672 3369 ἔτι
3708 3317 3815 3369 ἐπιο

2229 3417 2480 3489 τηδεύεις
2505 3414 2747 3469 τοιοῦτόν
2780 3429 2834 3466 τι
2864 3411 3091 3482 πρᾶξαι,
3118 3410 3219 3480 οὐχ
3249 3406 3534 3479 ὑγιαίνεις.
3578 3407 3815 3477 Ὤμοσεν

2229 3511 2325 3566 οῦν
2347 3509 2497 3581 αὐτῷ
2524 3509 2666 3562 κατά
2693 3507 2796 3577 τῆς
2819 3505 3105 3570 Θεοτὸκου,
3128 3503 3211 3556 ὅτι
3240 3502 3315 3555 Ού
3342 3501 3417 3573 μὴ
3444 3497 3707 3570 παρέλθω
3728 3495 3814 3550 τοῦ

2230 3599 2422 3655 λοιποῦ
2465 3598 2555 3653 διὰ
2606 3595 2703 3650 τοῦ
2758 3594 3003 3649 τοιούτου
3035 3591 3365 3662 παιγνιδίου.
3414 3589 3526 3644 Καὶ
3556 3587 3814 3649 ἀναστὰς.

2231 3689 2358 3766 εὗρε
2379 3693 2479 3765 τὴν
2498 3673 2671 3764 ᾆεῖρα
2693 3688 2859 3744 αὑτοῦ
2882 3687 3034 3759 ὑγιῆ,
3071 3687 3166 3740 καὶ
3189 3685 3437 3757 ἐξηγεῖτο
3460 3682 3532 3737 τὰ
3555 3680 3818 3755 ὁραθέντα

2229 3786 2384 3859 αὐτῷ
2414 3783 2614 3839 πάντα.
2647 3781 2796 3854 Πλὴν
2814 3781 2897 3835 ὅτι
2926 3781 2954 3833 6
2972 3778 3140 3842 Σαλδς
3168 3773 3236 3849 ἦν
3257 3778 3286 3831 6
3311 3775 3485 3831 εἰπὼν
3507 3773 3660 3846 αὐτῷ
3680 3777 3818 3827 κατά

2227 3879 2356 3942 τοὺς
2392 3875 2619 3940 ὕπνους.
2673 3875 2776 3929 οὐκ
2831 3870 3076 3944 ἠδυνήθη
3108 3872 3304 3935 εἰπεῖν,
3337 3868 3502 3922 τοῦτο
3550 3868 3608 3924 δέ
3659 3866 3818 3938 μόνον

2231 3972 2477 4044 εἴρηκεν,
2505 3970 2590 4024 ὅτι
2615 3967 2714 4032 Τίς
2748 3981 2881 4020 ποτε
2913 3963 3170 4037 μοναχδς,
3197 3963 3382 4039 φορῶν
3411 3961 3682 4032 στέφανον
3712 3959 3817 4013 ἀτεδ

2193 4096 2195 4098 -
2236 4064 2426 4138 βαῒων,
2449 4058 2574 4118 εἷπᾶ
2605 4078 2696 4134 μοι
2721 4059 2917 4116 ταῦτα.

543 4151 734 4211 nescio
755 4151 903 4223 quis,
935 4151 1119 4214 ferens
1161 4167 1422 4214 coronam
1473 4168 1537 4210 ex
1575 4152 1793 4224 palmis,
1839 4155 1956 4213 lucc
1994 4155 2130 4214 mibi

542 4243 700 4303 dixit.

1991 4365 2220 4425 CAPUT
2273 4364 2364 4421 Vl.

545 4483 666 4539 Alia
684 4484 958 4558 Synteonis
989 4485 1276 4553 miracula,
1299 4487 1703 4556 praedictiones;
1731 4488 2121 4551 haereticorum,
2147 4485 2459 4567 Judagorum
2481 4494 2528 4538 et
2552 4482 2887 4538 meretricum
2921 4479 3298 4543 conversiones,
3325 4477 3530 4548 Iugatio
3551 4477 3811 4536 damonis,

1931 4563 2127 4613 donum
2156 4563 2444 4611 castitatis.

615 4652 704 4708 38.
745 4649 941 4723 Magno
987 4660 1144 4708 terra:
1175 4661 1357 4719 motu,
1402 4654 1596 4711 urbem
1634 4653 1930 4726 aliquando
1977 4653 2120 4708 inva-

2308 4649 2414 4721 λη’.
2442 4647 2748 4712 Μέλλοντός
2776 4663 2908 4701 ποτε
2933 4644 3033 4717 τὴν
3060 4643 3216 4699 πόλιν
3241 4640 3688 4714 καταλαμϐάνειν
3713 4654 3810 4693 σειν

541 4757 693 4804 auro,
734 4741 954 4812 quando
996 4741 1282 4799 Antiochis
1333 4742 1447 4814 (43)
1493 4743 1754 4809 concidit,
1793 4743 2120 4815 temporibus

2238 4743 2380 4817 σμοῦ
2405 4741 2671 4815 μεγάλου,
2695 4741 2786 4796 ὅτε
2817 4741 2852 4813 ἡ
2875 4739 3186 4811 ’Δντιόχεια
3208 4736 3428 4799 ἔπεσεν,
3457 4734 3551 4790 ἐπὶ
3581 4733 3686 4788 τῶν
3703 4729 3809 4802 χρό-

544 4832 715 4888 sancti
755 4831 867 4910 (ιι)
897 4831 1142 4888 Mauricii
1181 4833 1528 4905 imperatoris
1569 4834 1726 4905 (tunc
1759 4834 1906 4890 enim
1938 4849 1970 4889 e
2003 4834 2120 4890 soli-

2237 4856 2345 4894 νων
2377 4837 2472 4892 τοῦ
2494 4837 2552 4890 ἐν
2585 4834 2760 4904 ἁγίοις
2780 4832 3091 4904 Μαυρικίου
3123 4830 3218 4885 τοῦ
3253 4827 3520 4901 βασιλέως
3549 4827 3691 4899 (τότε
3714 4821 3814 4896 γὰρ

545 4923 738 4980 tudine
765 4925 819 4980 in
849 4925 1128 4998 publicum
1145 4926 1280 4982 exiit
1305 4926 1572 4999 sanctus),
1592 4926 1833 4998 abripuit
1860 4925 2035 4984 lorum
2067 4942 2120 4982 ei

2239 4933 2581 5005 κατήντησεν
2637 4931 2716 4993 εἰς
2766 4929 2865 4999 τὴν
2903 4925 3272 4997 οἰκουμένην,
3327 4924 3394 4977 ἐκ
3420 4921 3523 4986 τῆς
3563 4915 3815 4991 ἐρήμουό

544 5016 824 5085 funiculis,
874 5027 931 5075 et
969 5020 1138 5091 ctepit
1184 5020 1468 5080 columnas
1499 5031 1809 5092 percutere,
1858 5036 1921 5076 ac
1949 5020 2120 5080 dicert

2241 5025 2436 5098 ὅσιος),
2471 5026 2691 5099 ἥρπασε
2740 5022 2833 5076 τὸν
2881 5021 3056 5094 λῶρον
3088 5020 3154 5072 ἐκ
3181 5015 3275 5072 τοῦ
3317 5013 3580 5087 σχοινίου,
3609 5010 3817 5099 καὶνῆρ-

544 5106 818 5179 singulis:
859 5107 1004 5163 Dixit
1052 5107 1316 5165 Dominus
1361 5120 1506 5175 tuus,
1552 5119 1656 5172 sta.
1696 5109 1762 5165 Et
1811 5120 1934 5166 orto
1972 5119 2120 5166 terra

2242 5117 2372 5184 ξατο
2396 5117 2622 5171 τύπτειν
2642 5115 2768 5180 τοὺς
2796 5113 3025 5178 στύλους
3055 5112 3148 5166 καὶ
3167 5109 3350 5179 λέγειν
3386 5107 3628 5178 ἐκάστῳ·
3662 5098 3814 5158 Εἶπεν

546 5210 720 5266 motu,
747 5201 895 5256 nulla
919 5217 982 5257 ex
1007 5203 1264 5258 omnibus
1285 5203 1578 5268 columnis,
1604 5219 1741 5275 quas
1762 5215 2120 5276 percusserat,

2237 5210 2267 5264 6
2288 5207 2494 5280 Κύριός
2517 5207 2850 5283 σου,ἱστᾷσο.
2871 5205 2981 5258 Καὶ
3007 5204 3252 5265 ἐλθόντος
3269 5199 3364 5255 τοῦ
3382 5197 3636 5271 σεισμοῦ,
3657 5196 3819 5256 οὐδεὶς

547 5293 765 5352 cecidit.
799 5293 959 5350 Venit
988 5295 1168 5373 itaque
1190 5296 1258 5351 ad
1289 5312 1455 5352 unam
1487 5297 1823 5364 columnam,
1858 5307 1913 5354 et
1941 5299 2078 5355 dixit
2113 5317 2120 5355 :

2245 5297 2305 5366 ἐξ
2329 5299 2471 5354 ὅσων
2505 5297 2700 5373 ἔτυψεν
2733 5296 2960 5361 στύλων,
2987 5295 3211 5349 ἔπεσεν·
3237 5287 3442 5346 Ἶίλθεν
3483 5286 3581 5344 οῦν
3620 5289 3712 5343 καὶ
3746 5288 3815 5350 εἰς

550 5383 630 5440 Tu
665 5397 794 5444 vero
830 5403 933 5443 nec
970 5389 1126 5454 cade,
1170 5403 1274 5444 nec
1311 5398 1413 5444 sta.
1442 5389 1510 5445 Et
1543 5389 1714 5450 scissa
1749 5402 1833 5446 est
1862 5408 1892 5448 a
1921 5406 2120 5450 summt

2245 5392 2341 5447 ἕνα
2374 5389 2587 5456 στύλον,
2615 5388 2713 5443 καὶ
2732 5389 2880 5456 λέγει
2903 5386 3052 5459 αὐτῷ
3072 5404 3086 5422 ο
3119 5387 3190 5440 Σὺ
3216 5385 3274 5439 δέ
3315 5383 3450 5456 μηδὲ
3499 5380 3693 5454 πέσῃς,
3725 5395 3822 5450 μη-

551 5495 721 5549 usque
769 5479 1049 5547 deorsum,
1098 5479 1310 5552 ftiitqtte
1361 5481 1574 5537 modice
1611 5482 1895 5548 inclinata,
1952 5492 2008 5538 et
2057 5485 2120 5539 sit

2243 5483 2300 5537 δὲ
2332 5484 2556 5555 σταθῇς.
2590 5483 2704 5537 Καὶ
2738 5480 2966 5554 ἐσχίσθη
3012 5481 3122 5534 ἀπὸ
3142 5478 3350 5535 ἄνωθεν
3388 5477 3495 5539 ἕως
3527 5475 3702 5540 κάτω,
3731 5469 3822 5524 καὶ

550 5570 871 5644 permansit.
899 5571 1074 5631 Nemo
1121 5572 1455 5644 intelligebat
1497 5572 1550 5629 id
1599 5574 1744 5644 quod
1778 5573 1982 5631 fecerat
2007 5591 2120 5630 san-

2243 5577 2422 5633 ἓκλινε
2454 5575 2675 5648 μικρὸν,
2703 5577 2799 5630 καὶ
2827 5573 3001 5638 οὓτως
3029 5574 3266 5646 ἔμεινεν.
3291 5569 3482 5634 Οὐδεὶς
3503 5568 3562 5622 δέ
3597 5564 3822 5635 συνῆκεν

2082 5759 2311 5818 ΝΟΤᾸΞ.

620 5850 738 5923 (ςιῒι)
767 5851 863 5902 Sat.
892 5854 1077 5908 inultis
1100 5852 1167 5908 de
1191 5851 1291 5906 hac
1315 5855 1520 5923 spot-lia
1543 5864 1720 5909 actum
1748 5852 1799 5910 iu
1833 5855 2124 5914 (Inuum-n-

2313 5856 2361 5910 ll
2381 5855 2424 5918 ι)
2458 5852 2609 5907 Circa
2641 5854 2781 5908 hanc
2807 5864 3014 5911 vocem,
3045 5847 3288 5916 quatdam
3312 5842 3618 5898 notavimus
3647 5852 3757 5912 cap.
3781 5849 3818 5906 ι,

554 5921 690 5978 tario
713 5923 928 5992 praevio.

2145 5949 2150 5953 -
2245 5944 2361 5998 qua:
2401 5926 2483 5980 hic
2517 5942 2614 5995 pro
2637 5923 2856 5978 insertis
2891 5921 3080 5977 haberi
3113 5919 3378 5974 volumus.
