4034 6422
245 431 345 497 ’ἵιῖ

1486 432 1665 497 VITA
1706 435 1767 494 S.
1809 432 2109 495 SYMEON
2116 434 2209 495 IS.

3352 376 3489 493 171s

204 551 238 605 6
267 548 524 621 ἐποίησεν
573 551 603 605 6
657 552 990 624 μακαρίτης.
1026 552 1179 607 Ἀλλ’
1227 551 1415 623 ελεγον
1443 551 1666 616 πάντες,
1707 552 1789 606 ὅτι

1911 558 2042 616 :tus;
2079 550 2175 605 sed
2208 564 2316 604 uno
2337 564 2533 605 omnes
2571 565 2664 605 ore
2697 548 2972 612 dicebant,
3014 548 3160 618 quod
3205 546 3490 603 columnas

202 644 315 698 ἀπὸ
362 646 834 715 παραφρονήσεως
862 645 1042 718 ’ἔτυψε
1093 648 1222 711 τοὺς
1263 646 1515 711 στύλους.
1554 645 1791 713 Δοξάσαι

203 738 301 790 καὶ
329 737 606 807 θαυμάσαι
631 732 698 809 ἦν
720 736 810 792 τὸν
838 738 990 806 Θεὸν,
1032 739 1119 793 ὅτι
1151 739 1216 794 δι’
1240 733 1315 793 ὧν
1363 757 1508 803 τινες
1540 737 1793 811 ἐνόμιζον

205 828 370 881 αὐτὸν
399 829 770 884 ἀσωτεύεσθαι
801 833 1123 903 σχημάτων,
1155 833 1246 887 διὰ
1278 832 1485 895 τούτων
1531 831 1795 895 πολλάκις

205 922 277 975 τὰ
308 922 589 994 παράδοξα
644 924 1001 984 ἐνεδείκνυτο.
1052 928 1358 983 Θανατικοῦ
1415 929 1525 999 γάρ
1566 945 1695 981 ποτε
1724 928 1792 999 τῇ

207 1014 362 1068 πόλει
394 1014 725 1087 ἐπέρχεσθαι
761 1018 1069 1088 μέλλοντος,
1113 1019 1400 1090 παρελθὼν
1431 1021 1530 1074 ὅλα
1572 1020 1642 1073 τὰ
1674 1037 1799 1091 σχο-

207 1106 319 1173 λία,
350 1110 554 1180 ῆρξειτο
578 1110 923 1175 ἀσπάζεσθαι
955 1114 1084 1177 τοὺς
1116 1113 1335 1179 παῖδας,
1356 1112 1532 1180 λέγων
1554 1112 1793 1183 ἑκάστῳ,

208 1200 285 1265 ὡς
325 1203 382 1253 ὲν
404 1202 621 1274 γελοίῳ’
656 1204 875 1273 ’Ὕπαγε
899 1205 1103 1272 καλῶς,
1140 1205 1274 1259 καλέ
1312 1223 1437 1277 μου.
1470 1207 1545 1259 Οὺ
1588 1204 1799 1270 πάντας

207 1290 267 1344 δὲ
317 1292 628 1363 ἠσπάσατο,
669 1293 786 1349 ἀλλ’
833 1297 967 1350 ὅπου
1017 1298 1051 1368 ἡ
1109 1296 1246 1351 Θεοῦ
1287 1298 1447 1368 χάρις
1499 1296 1799 1369 ἐγνώρισεν

206 1384 380 1453 αύτῷ.
414 1385 526 1439 Καὶ
578 1385 733 1452 ἔλεγε
770 1388 850 1458 τῷ
901 1388 1209 1462 διδασκάλῳ
1253 1391 1487 1445 ἑκάστου
1546 1391 1795 1461 σχολίουσ

208 1475 317 1529 Τὸν
345 1476 500 1542 Θεὸν,
541 1477 725 1550 ἒξηχε,
766 1480 842 1553 μὴ
861 1481 1051 1554 δείρῃς
1091 1484 1161 1538 τὰ
1195 1483 1505 1550 παιδία,.τὰ
1530 1484 1688 1552 φιλῶ,
1718 1486 1799 1539 ὄτι

210 1568 434 1641 μακρὰν
462 1572 701 1642 στράταν
740 1572 958 1644 ἔχουσιν
1003 1575 1286 1630 ἀπελθεῖν.
1337 1576 1709 1640 Καταπαίξων
1745 1577 1801 1630 δὲ

208 1661 379 1714 αὐτοῦ
434 1663 463 1716 6
517 1663 839 1730 διδάσκαλος
894 1665 1045 1721 ἔστιν
1072 1667 1162 1721 ὅτε
1203 1667 1378 1722 ἐδίδου
1412 1667 1561 1738 αὐτῷ
1588 1667 1800 1731 ἀόἱνας,

207 1751 328 1806 ἔστι
356 1753 414 1807 δὲ
440 1754 529 1808 ὅτε
559 1756 655 1809 κα)⁵
678 1758 793 1821 τοῖς
816 1758 1006 1811 παισὶν
1041 1757 1213 1824 ἓνευε,
1256 1758 1350 1813 κα).
1395 1757 1679 1823 ὲστύλιζον
1703 1759 1802 1811 αύ-

205 1844 326 1900 τόν.
361 1846 467 1899 Τοῦ
493 1846 550 1901 δὲ
579 1846 872 1903 θανατικοῦ
903 1850 1330 1919 καταλαϐόντος,
1363 1851 1465 1905 οὐκ
1494 1851 1711 1920 ἔμεινεν
1740 1849 1801 1904 ού

1895 643 2264 712 percussisset
2291 658 2355 698 ex
2391 641 2688 697 dementia.
2730 640 3059 696 Laudandus
3101 649 3158 695 et
3203 639 3488 695 admiran-

1897 735 2001 790 dus
2031 735 2192 800 Deus,
2235 734 2401 805 quod,
2443 750 2541 806 per
2562 749 2697 804 quas
2745 732 2947 804 ﬁguras
2975 732 3368 788 existimabant
3395 730 3490 800 Sy-

1899 843 2151 881 meonem
2183 842 2241 881 se
2278 826 2474 882 stolide
2510 842 2725 895 gerere,
2763 842 2861 899 per
2887 842 2982 881 eas
3014 840 3160 896 saepe
3185 823 3494 879 ostenderit

1900 936 2008 984 res,
2061 920 2374 991 opinionem
2417 920 2703 975 hominum
2739 920 3089 976 excedentes.
3134 916 3494 987 lmpendente

1899 1010 2102 1067 civitati
2131 1011 2239 1075 lue,
2276 1011 2488 1065 scholas
2511 1010 2601 1065 ubi
2630 1025 2825 1065 omnes
2868 1009 3113 1073 adiisset,
3152 1007 3320 1078 coepit
3349 1006 3494 1061 salu-

1900 1108 2023 1156 tare
2069 1116 2289 1171 pueros,
2342 1100 2532 1155 dicens
2576 1098 2803 1169 singulis
2846 1098 3001 1168 quasi
3057 1098 3183 1166 joco
3234 1113 3247 1149 :
3310 1098 3494 1166 Apage

1900 1192 2061 1257 bene,
2092 1193 2166 1247 mi
2205 1193 2364 1247 bone.
2419 1188 2607 1260 Neque
2655 1190 2911 1244 salutavit
2955 1204 3168 1252 omnes,
3208 1187 3303 1243 sed
3353 1201 3494 1256 quos

1900 1283 1996 1337 Dei
2077 1283 2243 1355 gratia
2299 1282 2581 1337 indicavit.
2632 1281 2886 1351 Dixitque
2970 1281 3228 1350 magistro
3303 1278 3495 1332 unius-

1902 1378 2168 1447 cujusque
2195 1376 2397 1431 schola:
2429 1392 2441 1427 :
2483 1375 2588 1430 Per
2612 1376 2805 1440 Deum,
2831 1373 3017 1439 stulte,
3046 1389 3114 1427 ne
3135 1370 3495 1427 excarniﬁces

1902 1486 2137 1541 pueros;
2197 1486 2320 1524 amo
2374 1470 2543 1525 illos:
2595 1470 2811 1540 longam
2859 1469 3004 1523 enim
3046 1468 3191 1521 viam
3215 1467 3493 1521 conﬁcere

1902 1561 2123 1615 debent.
2156 1559 2413 1629 Magister
2438 1570 2645 1624 autem,
2677 1559 2727 1614 ei
2759 1558 2918 1613 ludos
2950 1558 3178 1617 faciens.
3234 1571 3493 1610 nonnun-

1903 1669 2065 1723 quam
2100 1652 2341 1707 czcdebat
2367 1653 2598 1716 scutica,
2628 1667 3025 1722 nonnunquam
3059 1650 3334 1705 annuebat
3365 1663 3495 1718 pue-

1905 1746 2003 1809 ris,
2027 1755 2081 1800 et
2112 1745 2419 1815 procaciter
2458 1746 2507 1799 ei
2544 1744 2885 1800 iusultabant
2924 1743 3059 1815 (45).
3099 1742 3337 1797 Suborta
3377 1742 3491 1813 jam

1905 1839 2014 1904 lue,
2053 1854 2122 1891 ne
2172 1854 2313 1892 unus
2347 1838 2568 1909 quidem
2613 1838 2877 1892 remansit
2903 1854 2969 1892 ex
3000 1837 3088 1901 iis,
3120 1852 3259 1907 quos
3287 1835 3494 1890 saluta-

205 1937 267 1989 δὲ
290 1932 370 2002 εἷς
398 1936 459 2004 ἐξ
479 1931 553 1993 ὧν
585 1939 876 2010 ἠσπάσατο
904 1946 933 1997 6
953 1944 1127 2009 ἀὸϐἇς
1158 1943 1408 2017 Συμεὼν,
1432 1942 1570 1997 ἀλλὰ
1601 1942 1803 2007 πάντες

1911 1938 2059 1985 verat
2088 1929 2258 1984 abbas
2282 1928 2637 2000 Symeonem,
2663 1928 2759 1985 sed
2784 1943 2977 1984 omnes
3002 1930 3203 1986 mortui
3235 1938 3383 1984 sunt.

207 2029 505 2085 ἀπέθανον.

282 2122 381 2179 λθ’.
419 2121 547 2199 Εἶχε
576 2128 635 2183 δὲ
667 2130 757 2184 ml
791 2130 911 2197 ἔθος
958 2130 987 2184 6
1045 2131 1191 2196 ὅσιος
1221 2131 1545 2204 ἀνέρχεσθαι
1576 2134 1655 2199 εἰς
1678 2134 1803 2199 τοὺς

208 2212 395 2278 οἴκους
419 2216 527 2271 τῶν
555 2218 827 2275 πλουσίων
859 2223 953 2276 καὶ
981 2221 1220 2288 παίζειν,
1247 2223 1510 2289 πολλάκις
1548 2224 1606 2278 δὲ
1636 2242 1805 2296 προσ-

211 2306 486 2362 ποιεῖσθαι
518 2313 842 2380 καταφιλεῖν
876 2315 970 2369 καὶ
1011 2316 1110 2379 τὰς
1139 2316 1332 2381 δούλας
1364 2316 1581 2382 αὐτῶν,
1630 2320 1686 2371 ἐν
1721 2312 1803 2382 οἷς

210 2399 274 2449 ἐν
309 2400 407 2471 μιᾷ
443 2401 590 2467 τινὸς
634 2404 871 2475 δημότου
905 2408 1397 2481 ὲγγαστρώσαντος
1445 2409 1577 2481 μίαν
1607 2410 1803 2484 δούλην

209 2489 335 2554 ὲνδς
369 2492 479 2548 τῶν
514 2496 795 2567 ἐμφανῶν,
833 2500 926 2554 καὶ
974 2500 1050 2573 μὴ
1102 2502 1437 2575 βουλομένης
1468 2504 1567 2575 τῆς
1608 2504 1803 2578 δούλης

210 2582 449 2650 ὲκφάναι
485 2586 574 2640 τὸν
601 2591 978 2661 πορνεύσαντα
1004 2594 1086 2657 είς
1116 2594 1308 2664 αὐτὴν,
1348 2596 1603 2666 ἡρωτᾶτο
1654 2596 1804 2668 παρὰ

208 2674 314 2744 τῆς
348 2679 548 2749 κυρίας
590 2681 769 2753 ἀὐτῆς
827 2682 890 2736 τὸ
922 2682 1003 2748 τίς
1057 2684 1226 2757 αὐτὴν
1260 2686 1592 2760 διέφθειρεν.
1634 2690 1697 2743 Ἡ
1746 2691 1806 2745 δὲ

211 2762 390 2819 εἶπεν·
435 2769 492 2822 '0
522 2771 689 2836 Σαλδς
732 2772 958 2845 Συμεὼν
981 2776 1242 2831 ἐϐιάσατὸ
1272 2796 1367 2848 με,
1398 2780 1679 2845 Ἐλθόντος
1709 2777 1803 2837 οὖν

212 2861 383 2916 αὑτοῦ
415 2866 558 2918 κατὰ
589 2868 882 2938 συνήθειαν
908 2873 988 2935 είς
1022 2871 1111 2925 τὸν
1132 2868 1316 2940 οἷκον,
1358 2874 1509 2943 λέγει
1535 2878 1567 2947 ἡ
1607 2876 1804 2930 αὐθέν-

208 2969 341 3021 τρια
377 2954 477 3024 τῆς
506 2957 679 3029 κόρης
700 2976 713 2990 ο
743 2960 963 3025 Καλῶς,
995 2963 1138 3017 ά66ἄ
1169 2965 1415 3035 Συμεὼν,
1443 2967 1525 3021 ὅτι
1546 2967 1804 3040 ἔφθειρας

212 3044 309 3097 καὶ
334 3046 755 3120 ὲνεγάστρωσας
776 3051 874 3124 τὴν
901 3053 1093 3126 δούλην
1131 3075 1254 3127 μου.
1293 3059 1510 3122 Εὐθέως
1537 3056 1632 3114 οὖν
1659 3063 1805 3114 ἐκεῖ-

213 3152 304 3200 νος
326 3137 588 3206 γελάσας,
627 3144 721 3196 καὶ
755 3144 1041 3217 ὑποκύψας
1065 3148 1165 3220 τὴν
1210 3151 1408 3204 ἑαυτοῦ
1450 3153 1694 3223 κεφαλὴν
1736 3157 1802 3225 τῇ

212 3233 361 3302 χειρὶ
386 3236 450 3305 τῇ
483 3235 632 3309 δεξιᾷ
656 3239 842 3307 αὐτοῦ,
876 3242 1066 3312 ἔλεγεν
1088 3246 1253 3318 αὐτῇ,
1285 3249 1633 3319 ὲπισυνάγων
1665 3251 1801 3322 ὁμοῦ

211 3324 342 3388 τοὺς
366 3326 527 3380 πέντε
555 3329 855 3398 δακτύλους
888 3335 1109 3390 ἑαυτοῦ·
1143 3340 1335 3407 Ἀφες,
1354 3341 1512 3410 ἄφες,
1544 3343 1802 3415 ταπεινὴ,

212 3416 340 3487 ἄρτι
361 3423 525 3493 γεννᾷ
551 3440 654 3487 σοι,
681 3426 777 3479 καὶ
811 3425 955 3498 ἔχεις
987 3430 1186 3502 μικρὸν
1216 3433 1465 3504 Συμεών.
1514 3434 1661 3501 Ἕως
1713 3434 1805 3492 οὖν

213 3509 451 3579 ἔφθασεν
474 3514 513 3581 ,ή
561 3516 747 3587 ἡμέρα
775 3519 966 3592 αὐτῆς,
1019 3522 1238 3594 ἔμεινεν
1270 3528 1297 3579 6
1327 3525 1502 3590 ἀϐὃᾶς
1552 3529 1804 3599 Συμεὼν,

215 3603 500 3658 κουόαλῶν
524 3608 662 3680 αὐτῇ
688 3611 947 3680 σιλίγνια,
980 3616 1074 3672 καὶ
1098 3617 1309 3686 κρέατα
1334 3598 1437 3674 ’καὶ
1460 3620 1687 3694 ὀψάρια,
1712 3625 1808 3679 καὶ

214 3697 370 3767 ἔλεγε
396 3715 408 3728 ⁸
433 3702 598 3770 Φάγε,
629 3705 766 3776 γυνή
794 3723 920 3775 μου.
949 3705 1082 3760 Ὅτε
1102 3708 1159 3761 δὲ
1185 3710 1423 3779 ἔφθασεν
1448 3716 1475 3768 6
1499 3715 1692 3789 καιρὸς
1714 3718 1809 3772 καὶ

215 3791 250 3859 ἡ
284 3790 404 3862 ὥρα
430 3794 523 3848 τοῦ
556 3797 814 3869 γεννῆσαι
847 3797 1039 3871 αὐτὴν,
1072 3799 1493 3875 ὲκυλιοπόνησεν
1529 3808 1627 3871 τὰς
1660 3813 1809 3879 τρεῖς

216 3884 433 3956 ἡμέρας
456 3886 563 3952 ἓως
601 3889 855 3946 θανάτου.
888 3892 1052 3960 Λέγει
1075 3887 1168 3947 οῦν
1204 3895 1237 3966 ἡ
1275 3894 1442 3965 κυρία
1469 3897 1641 3966 αὐτῆς
1672 3901 1809 3969 πρὸς

216 3978 309 4030 τὸν
356 3979 552 4035 Σαλόν·
603 3982 795 4050 Εῦξαι,
831 3983 981 4038 ά66ᾶ
1006 3984 1253 4057 Συμεὼν,
1286 3987 1367 4041 ὅτι
1399 3989 1431 4059 ὴ
1459 3990 1596 4061 γυνή
1621 4006 1714 4043 σου
1746 3992 1807 4043 οὐ

213 4068 443 4125 δύναται
472 4075 757 4145 γεννῆσαι.
810 4073 869 4128 '0
898 4075 956 4129 δὲ
986 4071 1141 4131 εἶπεν
1187 4078 1325 4149 αὐτῇ
1361 4078 1629 4149 βαλλίζων
1655 4095 1669 4109 ·
1715 4081 1809 4135 Μὰ

215 4161 309 4215 τὸν
330 4161 561 4234 Ἰησοῦν,
600 4165 677 4237 μα
704 4167 794 4220 τὸν
818 4167 1051 4240 Ἰησοῦν,
1084 4172 1343 4242 ταπεινὴ,
1372 4172 1473 4225 οὐκ
1503 4172 1809 4245 ἀπέρχεται

215 4253 278 4306 τὸ
317 4256 533 4312 παιδίον
558 4259 771 4313 ἐκεῖθεν
804 4260 912 4326 ἕως
957 4256 1019 4317 οὗ
1050 4262 1183 4337 εἴπῃ
1241 4263 1327 4327 τίς
1367 4264 1515 4318 ἐστιν
1561 4267 1590 4320 6
1625 4266 1809 4339 πατὴρ

217 4346 405 4403 αὑτοῦ.
453 4350 539 4415 Ὡς
564 4347 659 4405 οῦν
688 4354 920 4424 ἤκουσεν
950 4354 1113 4410 τοῦτο
1141 4357 1603 4429 ήκινδυνεύουσα,
1630 4355 1805 4421 εἶπεν,

216 4440 302 4494 ὅτι
340 4441 667 4509 Κατέπλεξα
716 4445 909 4512 αὑτοῦ,
941 4447 1056 4501 ἀλλ’
1082 4450 1147 4503 ὲκ
1175 4448 1270 4502 τοῦ
1298 4449 1472 4516 δεῖνος
1514 4448 1610 4505 τοῦ
1634 4450 1807 4523 δημό-

216 4548 314 4587 του
344 4534 514 4590 ἐστίν.
558 4536 692 4590 Τότε
716 4533 809 4593 οὖν
840 4539 1046 4605 εὐθέως
1072 4542 1385 4615 ἐγέννησεν.
1426 4545 1539 4600 Καὶ
1587 4545 1806 4619 θαυμα-

1960 2128 2061 2183 59.
2103 2128 2324 2184 Solebat
2359 2136 2523 2184 etiam
2558 2138 2781 2185 sanctus
2829 2130 2980 2186 adire
3024 2131 3251 2187 divitum
3277 2131 3490 2195 domos,

1904 2232 1959 2278 et
1994 2222 2204 2289 ludere,
2252 2232 2309 2278 et
2338 2239 2450 2279 non
2496 2238 2621 2278 raro
2654 2224 2819 2279 etiam
2852 2224 3112 2280 simulare
3160 2240 3219 2280 se
3260 2224 3492 2279 osculari

1902 2326 2101 2365 eorum
2132 2312 2375 2367 ancillas.
2410 2312 2547 2367 Dum
2592 2312 2682 2368 die
2720 2313 2953 2383 quadam
2997 2314 3194 2383 aliquis
3246 2316 3496 2385 plebeius

1903 2400 2320 2475 impraegnas‘set
2359 2405 2613 2461 ancillam
2662 2406 2827 2460 unius
2870 2422 2937 2461 ex
2983 2405 3397 2467 illustrioribus.
3439 2414 3495 2461 rt

1902 2496 2074 2551 nollet
2104 2497 2301 2552 ancilla
2334 2497 2568 2567 prodere
2606 2507 2998 2569 stupratorem,
3046 2499 3495 2570 interrogabatur

1876 2605 1933 2644 -a
1966 2606 2064 2646 sua
2095 2589 2336 2657 domina,
2383 2592 2633 2662 quisnam
2666 2608 2725 2648 se
2770 2592 3134 2663 corrupisset.
3192 2590 3496 2662 Respondit

1904 2681 1993 2737 illa
2033 2700 2046 2736 :
2088 2681 2323 2754 Symeon
2383 2683 2542 2741 Salus
2570 2686 2679 2740 vim
2732 2686 2864 2741 mihi
2917 2686 3122 2740 attulit.
3164 2685 3497 2756 lngredicnti

1902 2775 1978 2829 illi
2005 2777 2071 2831 de
2104 2792 2254 2831 more
2279 2778 2521 2843 domum,
2552 2779 2684 2834 dicit
2713 2779 2907 2849 puellae
2932 2780 3181 2835 domina:
3210 2780 3496 2843 Prteclarc,

1904 2871 2044 2924 abha
2078 2870 2336 2942 Symeon,
2387 2872 2513 2942 quia
2552 2873 2844 2941 corrupisti
2889 2883 2943 2928 et
2972 2874 3345 2946 imprmgnasti
3392 2891 3496 2927 au-

1904 2964 2084 3019 cillam
2117 2980 2314 3019 meam.
2346 2965 2516 3037 Igitur
2541 2966 2656 3036 ipse
2680 2967 2890 3031 ridens,
2920 2968 3207 3024 incurvato
3227 2969 3408 3039 capite
3442 2970 3498 3023 in

1904 3057 2185 3114 dexteram
2219 3074 2375 3114 suam
2423 3075 2665 3125 manum,
2710 3069 2766 3116 et
2809 3062 3109 3117 contractis
3143 3062 3386 3132 quinque
3413 3062 3495 3115 di-

1906 3149 2052 3220 gitis,
2078 3149 2247 3205 dixit:
2277 3149 2430 3212 Siue,
2457 3150 2600 3215 sine,
2629 3168 2663 3205 ο
2683 3152 2904 3206 miserat
2929 3151 3022 3206 llla
3054 3152 3271 3221 tibijam
3303 3152 3497 3221 pariet,

1907 3251 1962 3297 et
1982 3242 2210 3297 habebis
2237 3258 2466 3311 parvum
2506 3229 2857 3314 Simeonem.
2892 3243 3079 3300 Donec
3119 3244 3301 3314 itaque
3336 3246 3497 3299 veni-

1910 3346 1989 3392 ret
2012 3336 2128 3392 dies
2169 3336 2303 3407 ejus,
2352 3336 2554 3391 mansit
2586 3337 2754 3393 abbas
2810 3338 3070 3409 Symcon,
3100 3339 3347 3394 aﬂ’erens
3382 3339 3494 3409 (46)

1910 3429 2011 3500 ipsi
2036 3428 2314 3499 siligineos
2358 3429 2470 3501 (47)
2509 3440 2794 3501 panes,,et
2817 3447 3011 3487 carnes
3046 3441 3102 3487 et
3146 3432 3397 3496 obsonia,
3444 3440 3502 3487 et

1908 3522 2082 3577 dixit:
2129 3521 2390 3585 Comede,
2413 3539 2532 3578 mea
2589 3540 2748 3579 uxor.
2794 3524 3029 3591 Quando
3076 3535 3260 3581 autem
3310 3526 3501 3580 aderat

1911 3622 2127 3685 tempus
2162 3624 2218 3669 et
2270 3616 2403 3669 bora
2446 3616 2585 3686 ejus,
2632 3625 2693 3671 ut
2734 3626 2971 3687 pareret.
3026 3618 3144 3673 dies
3195 3628 3307 3672 tres
3361 3617 3500 3672 uteri

1910 3705 2155 3759 cruciatu
2188 3705 2299 3777 (48)
2331 3705 2399 3761 ad
2440 3716 2673 3762 mortem
2698 3722 2871 3777 usque
2905 3707 3192 3762 laboravit.
3225 3706 3365 3762 Dicit
3394 3707 3503 3761 ita-

1910 3815 2016 3870 que
2038 3799 2255 3854 domina
2277 3800 2395 3867 ejus
2424 3800 2491 3855 ad
2514 3798 2702 3855 Saltim
2732 3817 2745 3853 :
2770 3800 2900 3864 Ora,
2926 3800 3064 3855 abba
3092 3800 3349 3872 Symeon,
3374 3799 3501 3871 quia

1913 3898 2003 3945 tua
2037 3906 2175 3945 uxor
2221 3907 2330 3946 non
2358 3900 2539 3962 potest
2578 3909 2790 3963 parere.
2842 3892 3144 3963 ReSpundit
3186 3892 3278 3948 ille
3324 3893 3500 3964 tripu-

1912 3982 2067 4037 dians
2100 4004 2114 4039 :
2144 3984 2246 4039 Per
2279 3984 2489 4051 Jesum,
2510 4002 2608 4057 per
2633 3985 2852 4042 Jesum!
2880 4002 2913 4041 ο
2942 3987 3172 4042 misera!
3203 4001 3314 4041 non
3343 4001 3504 4058 θεῖος

1913 4074 2092 4129 dietur
2117 4074 2244 4130 inde
2276 4077 2476 4143 infans,
2523 4079 2697 4134 donec
2729 4078 2879 4149 prius
2926 4079 3040 4150 ipsa
3088 4079 3233 4135 dicat
3268 4080 3391 4151 quis
3431 4080 3504 4135 sit

1911 4173 2068 4234 pater
2112 4165 2253 4233 ejus.
2312 4166 2427 4221 Hoc
2470 4167 2679 4234 audito,
2741 4170 2829 4223 illa
2891 4186 3012 4240 quae
3060 4171 3500 4240 periclitabatur,

1912 4255 2047 4312 dixit
2079 4272 2091 4308 :
2122 4255 2238 4311 Hoc
2273 4273 2372 4328 ego
2416 4258 2626 4313 crimen
2673 4260 2722 4313 ei
2768 4260 2972 4326 aﬂinxi,
3011 4261 3145 4333 [non
3177 4262 3345 4327 illius,
3380 4263 3511 4336 sed]-

1910 4350 2143 4420 alicujus
2171 4365 2201 4405 e
2228 4351 2385 4421 plebe
2415 4351 2598 4421 proles
2631 4361 2733 4406 est.
2768 4350 2923 4408 Tunc
2948 4369 3079 4425 ergo
3110 4356 3292 4410 statim
3335 4372 3503 4428 pepe-

1912 4444 2017 4508 rit;
2074 4452 2129 4498 et
2172 4443 2501 4499 mirantibus
2560 4444 2855 4510 omnibus,
2919 4445 3347 4502 domesticorum
3409 4449 3505 4503 alii

1909 4536 2255 4593 aestimabant
2314 4536 2494 4609 ipsum
2544 4547 2816 4602 sanctum,
2856 4539 2945 4596 alii
2985 4548 3170 4595 autem
3201 4540 3498 4596 dicebant:

221 4626 432 4680 σάντων
458 4627 697 4695 πάντων,
730 4625 876 4702 εἶχον
903 4632 1087 4701 αὑτὸν,
1116 4635 1166 4687 οἱ
1193 4634 1291 4705 μὲν
1319 4633 1417 4689 τοῦ
1442 4637 1595 4691 οῐκου
1623 4637 1802 4709 ἅγιον,

1913 4628 2030 4699 Ope
2078 4628 2298 4685 Satanae
2337 4628 2572 4696 divinat,
2612 4630 2872 4700 quoniam
2910 4646 3138 4701 prorsus
3176 4639 3264 4687 est
3306 4640 3503 4687 emotte

216 4716 347 4772 οἰδὲ
382 4719 546 4774 πάλιν
569 4720 791 4790 ἔλεγον,
822 4724 905 4777 ὅτι
952 4725 1048 4779 Ἐκ
1076 4721 1174 4778 τοῦ
1205 4726 1424 4782 Σατανᾶ
1454 4727 1806 4799 μαντεύεται,

216 4814 343 4868 ἕπε).
370 4813 564 4886 ἕξηχος
589 4815 830 4887 καθαρός
857 4820 1027 4875 ἐστιν.
1230 4822 1233 4825 ’

290 4912 366 4977 μ’.
397 4908 527 4973 ξΔύο
555 4907 612 4963 δέ
668 4927 831 4964 τινων
871 4911 1136 4985 Πατέρων
1187 4913 1313 4968 τότε
1362 4916 1422 4969 ὲν
1458 4916 1812 4989 μοναστηρίῳ

215 5001 324 5063 τιν)
356 4999 582 5073 πλησίον
610 5001 850 5075 Ἐμέσης
884 5006 965 5069 εἰς
1008 5006 1239 5070 ἑαυτοὺς
1277 5006 1507 5080 ζήτησιν
1540 5009 1803 5081 ποιουμέ-

216 5110 348 5158 νων,
376 5094 471 5147 καὶ
500 5092 932 5167 ἐξερευνώντων,
958 5098 1021 5153 τὸ
1042 5099 1131 5154 διὰ
1152 5100 1204 5153 τί
1227 5098 1335 5171 ἄρα
1353 5100 1639 5175 Ὤριγένης
1668 5104 1696 5155 6
1719 5102 1807 5155 αί-

219 5186 435 5257 ρετικδς
462 5186 683 5256 ἔπεσεν,
705 5189 931 5263 τοιαύτῃ
957 5191 1154 5266 γνώμῃ
1182 5192 1275 5247 καὶ
1297 5193 1459 5264 σοφίᾳ
1499 5193 1651 5266 παρὰ
1668 5192 1805 5249 Θεοῦ

1907 4722 2130 4780 mentis.

1977 4903 2070 4958 40.
2096 4900 2234 4958 Dum
2266 4902 2375 4959 duo
2427 4902 2647 4974 quidam
2690 4912 2895 4974 patres,
2936 4904 3031 4975 qui
3076 4909 3212 4960 tunc
3248 4910 3407 4960 erant
3445 4903 3502 4958 in
3570 4970 3574 4973 _

1914 4998 2101 5070 aliquo
2127 4998 2462 5053 monasterio
2488 5014 2661 5070 prope
2690 4997 2966 5065 Emesam,
2999 5007 3311 5071 quaererent
3361 4997 3504 5054 inter

1914 5106 1997 5156 se,
2032 5099 2089 5145 et
2118 5090 2463 5161 indagarent,
2496 5089 2627 5161 quid
2666 5106 2845 5147 causa:
2874 5090 3089 5153 fuisset.
3124 5089 3272 5162 quod
3311 5088 3505 5162 Origeo

1915 5201 2017 5243 nes
2042 5188 2099 5242 in
2143 5186 2400 5242 haeresim
2436 5185 2545 5256 (49)
2583 5185 2857 5253 inciderit,
2911 5186 3006 5259 qui
3048 5186 3141 5245 tali
3186 5185 3407 5258 ingenio
3452 5196 3506 5243 et

1803 5327 2040 5386 NOTAE.

292 5436 407 5512 με)
440 5436 547 5493 Pro
567 5438 803 5512 στυλίζω
834 5441 1202 5497 communiter
1227 5440 1441 5497 dicetur
1474 5440 1799 5512 στηλιτεύω,

218 5510 445 5581 infantia
481 5520 625 5573 noto,
647 5509 873 5580 publica,
911 5513 1150 5581 (pretioue
1187 5513 1439 5567 invectiva
1484 5509 1623 5566 utor.
1667 5512 1805 5567 Hinc

219 5578 498 5652 «rationes
518 5578 695 5637 sancti
725 5581 971 5652 Gregorii
994 5579 1322 5652 Nazianzeni
1348 5583 1615 5638 adversus
1634 5583 1806 5638 Julia-

219 5666 353 5727 num
388 5651 651 5727 dicuntur
708 5650 860 5727 λόγοὶ
910 5650 1313 5723 στηλιτευτικοὶ
1364 5668 1463 5727 pro
1491 5668 1600 5726 quo
1638 5655 1805 5711 etiam

219 5719 423 5792 dicitur
454 5721 812 5792 στυλομαχία.

296 5791 409 5916 (46)
454 5791 758 5875 μουδαλετν
803 5801 906 5859 est,
959 5794 1169 5864 afferre;
1212 5793 1477 5851 adducere
1513 5796 1809 5868 etc.,quod

321 5878 390 5916 tto
420 5863 621 5916 dtcnur
645 5864 887 5916 ἔπονεῐν.
918 5864 1284 5916 διακομίζειν.
1310 5866 1554 5916 ἀνάγειν.

225 5863 390 5937 vulgo
403 5936 406 5937 ν
420 5863 621 5937 dicitur
645 5864 1284 5937 inoxc1v,_6_taxopi(_ztv,
1310 5866 1554 5937 ἀνάγειν.

302 5933 417 6008 (47)
450 5934 724 6008 Σιλίγνιον
752 5933 809 5994 ct
843 5933 1095 6009 σιλίγνις,
1119 5934 1291 6010 siligo,
1336 5933 1548 5995 videtur
1592 5936 1685 5996 hic
1719 5936 1808 5995 de-

1914 5511 2009 5567 lib.
2066 5526 2106 5566 ι.
2173 5503 2246 5565 Πε
2283 5503 2473 5572 Iacuit.
2508 5503 2844 5563 Valimeittor.
2903 5503 3129 5560 vocatur
3203 5503 3507 5572 σιλιγνίτης

1915 5582 2101 5652 ἄρτος.
2130 5581 2243 5637 Nisi
2273 5574 2428 5635 malis
2460 5578 2549 5635 hic
2591 5576 2745 5652 sumi
2799 5591 2998 5647 panem
3048 5574 3356 5652 siligineum
3404 5591 3506 5646 pro

1917 5646 2096 5723 quovis
2139 5668 2276 5721 pane
2326 5650 2771 5723 indeterminato,
2803 5646 3074 5718 tanquam
3117 5646 3357 5719 speciem
3406 5660 3507 5718 pro

1919 5719 2122 5794 genere
2140 5719 2673 5794 persynecdochen.
2747 5789 2757 5794 _
2836 5770 2896 5794 Α-
2942 5789 2952 5794 _
3030 5774 3077 5779 ,,

1993 5792 2105 5863 (48)
2138 5788 2313 5847 {cultui
2341 5791 2507 5851 volvo.
2538 5800 2596 5844 et
2630 5789 2830 5855 novin),
2877 5789 3095 5863 laboro;
3124 5788 3280 5863 quasi
3313 5788 3462 5843 dicas
3487 5804 3515 5848 :,

1922 5861 2180 5930 Torqu'erc
2208 5881 2261 5919 se
2288 5864 2344 5916 in
2369 5878 2577 5917 omnem
2600 5870 2808 5929 partem
2840 5877 2948 5930 pra:
2978 5861 3239 5915 molestia.

1996 5881 2020 5918 r
2058 5881 2180 5918 uere
2208 5881 2261 5919 δε
2288 5881 2344 5916 ιη
2369 5881 2577 5917 omnem
2600 5881 2808 5929 partem
2840 5881 2948 5930 pra:
2978 5881 3239 5915 ntateatta.

1991 5881 2101 6009 (Z9)
2134 5933 2375 5992 Platonis
2412 5931 2755 6007 philosottltia
2785 5932 2840 5990 iu
2872 5932 3051 5991 varios
3094 5932 3245 5988 illum
3287 5945 3505 5989 errores

1911 5438 2044 5495 bere
2088 5438 2259 5511 accipi
2329 5454 2389 5493 ro
2420 5437 2658 5505 siligittco
2708 5452 2865 5505 pane,
2912 5433 3004 5505 qui
3056 5433 3202 5503 apud
3237 5432 3503 5489 Calenum

1914 5511 2009 5567 lib.
2066 5526 2106 5566 ι.
2131 5511 2246 5582 “De
2282 5455 2474 5582 ﬂuuit.
2503 5578 2512 5582 _
2537 5508 2844 5582 alimentor.
2903 5514 3129 5582 vocatur
3172 5503 3503 5582 .otkcyvirq;
