4034 6428
213 457 352 526 1725

1493 450 1673 513 VITA
1702 447 1763 507 S.
1805 440 2206 504 SYMEONIS.

3358 428 3496 495 1726

208 569 327 634 οὖν,
360 567 556 640 φησιν,
580 568 609 622 ὁ
629 564 933 640 Θαυμάσιος
959 564 1168 631 Νίκιον,
1208 563 1415 634 ἐπῆρεν
1450 559 1595 630 ὕδωρ
1621 559 1686 610 ὲκ
1706 550 1802 607 τοῦ

1916 565 2099 620 quare.
2132 547 2434 603 Subridens
2482 547 2665 617 itaque
2716 541 2984 599 mirabilis
3042 540 3241 609 Nicon,
3295 544 3370 598 uti
3403 559 3496 598 re-

211 635 384 729 éyiou'
414 635 681 734 'lopiidvou
701 700 716 726 ,
741 635 840 714 παὶ
865 657 1058 712 ἔϐαλεν
1113 656 1373 710 ὑποκάτω
1412 651 1507 708 τοῦ
1551 645 1800 721 ὀμφαλοῦ

1916 643 2026 699 tulit
2059 643 2317 713 Symcon,
2366 639 2587 695 sustulit
2629 653 2825 708 aquam
2859 653 2890 692 e
2915 645 3126 700 sancto,
3151 635 3414 701 Jordane,
3441 646 3498 692 et

207 754 402 820 αὐτοῦ,
435 754 746 826 σφραγίσας
768 750 847 823 τῷ
874 750 1034 822 τύπῳ
1063 748 1158 805 τοῦ
1189 747 1374 820 τιμίου
1411 740 1674 816 σταυροῦ,
1705 739 1803 794 καὶ

210 843 368 901 εἶπεν
397 847 546 917 αὑτῷ
573 863 586 878 ·
646 847 778 900 Ἰδοὺ
802 845 963 916 ὑγιὴς
982 844 1235 915 γέγονας.
1281 840 1417 896 Ἀπὸ
1439 839 1559 894 τότε
1584 832 1698 901 οὖν,
1726 834 1804 898 ὡς

210 937 451 1010 ὤμνυεν,
482 937 606 992 οὔτε
641 937 764 993 καθ’
797 937 1022 1004 ὕπνους,
1073 935 1200 990 οὔτε
1242 931 1539 1004 γρηγορῶν
1563 970 1578 995 ,
1611 926 1802 1001 πυρώ-

214 1048 355 1095 σεως
406 1031 731 1101 σωματικῆς
764 1028 983 1102 ⁴ᾔσθετο.
1044 1027 1134 1082 Διὸ
1169 1027 1404 1098 μάλιστα
1451 1023 1547 1078 καὶ
1579 1020 1802 1094 θαρρῶν

213 1124 312 1176 ἐπὶ
334 1122 425 1178 τὸν
447 1123 654 1194 κόσμον
682 1122 1024 1194 ὑπέστρεψεν
1046 1121 1074 1172 ὁ
1103 1119 1352 1188 γενναῖος
1371 1157 1387 1181 ,
1439 1112 1801 1185 συμπαθῆσαι

214 1217 313 1270 καὶ
339 1214 504 1270 σῶσαι
522 1217 650 1280 τοὺς
677 1213 1118 1287 πολεμουμένους
1141 1211 1484 1283 βουλόμενος.
1511 1208 1666 1261 Ἔστι
1691 1204 1802 1276 γάρ

216 1309 311 1362 ὅτε
350 1309 440 1362 καὶ
471 1307 628 1362 τοῦτο
651 1307 804 1377 ἔλεγε
831 1307 970 1376 πρὸς
998 1304 1130 1376 μίαν
1151 1303 1258 1358 τῶν
1284 1301 1589 1374 ἑταιρίδωνο
1615 1297 1804 1362 Θέλεις

218 1401 331 1472 ἔχω
361 1418 419 1455 σε
454 1401 648 1474 φίλην;
684 1402 780 1456 καὶ
803 1400 931 1454 δίδω
963 1416 1045 1454 σοι
1075 1400 1272 1452 ἑκατὸν
1300 1397 1602 1452 όλοκοτίνα.
1643 1395 1805 1466 Ἐρε-

215 1491 503 1563 θιζόμεναι
531 1488 625 1547 οὖν
660 1491 853 1546 πολλαὶ
881 1490 1031 1562 αὐτῷ
1061 1490 1331 1544 ἐπίθοντο.
1391 1487 1662 1542 Ἑδείκνυε
1693 1485 1804 1556 γάρ

214 1585 410 1647 αὐταῖς
437 1585 532 1639 καὶ
565 1585 624 1639 τὸ
651 1584 899 1656 λογάριψ
931 1578 1045 1654 εἶχε
1074 1583 1184 1652 γὰρ
1214 1583 1316 1635 ὅσα
1351 1580 1533 1651 ἤθελε,
1551 1577 1648 1633 τοῦ
1667 1575 1802 1632 Θεοῦ

214 1677 465 1750 ἀοράτως
496 1676 648 1748 αὐτῷ
684 1676 1048 1750 χορηγοῦντος
1069 1675 1156 1729 διὰ
1178 1673 1239 1729 τὸ
1265 1674 1446 1728 ἔνθεον
1476 1669 1646 1728 αὐτοῦ
1676 1687 1804 1724 σκο-

216 1771 341 1824 πόν.
383 1771 491 1824 Καὶ
511 1770 700 1825 λοιπὸν
731 1770 900 1840 ὅρκον
928 1768 1128 1841 ἀπῄτει
1165 1767 1319 1838 παρᾶι
1353 1766 1452 1836 τῆς
1491 1762 1807 1836 λαμϐανού-

218 1879 345 1933 σης,
378 1863 460 1917 ὅτι
488 1863 590 1917 οὐκ
628 1862 814 1916 ἀθετεῖ
845 1861 1030 1917 αὐτόν.
1062 1860 1248 1916 Πάντα
1275 1858 1333 1914 δὲ
1377 1858 1465 1914 διὰ
1509 1857 1808 1930 σχημάτων

221 1952 402 2007 σαλῶν
431 1953 526 2008 καὶ
556 1952 825 2026 ἀσχήμων
861 1951 1056 2021 ἐποίει.

293 2221 396 2286 με’.
431 2214 572 2270 Ἀλλ’
593 2216 652 2270 οὖ
675 2216 900 2271 δύναται
932 2217 961 2271 ὁ
983 2216 1138 2287 λόγος
1167 2216 1267 2289 τὴν
1305 2215 1414 2270 τῶν
1458 2213 1808 2287 πραγμάτων

217 2307 403 2360 είκόνα
457 2307 755 2372 ὑποδεῖξαι.
809 2302 922 2360 Ἦν
968 2307 1078 2378 γάρ
1110 2306 1278 2360 ποιῶν
1322 2305 1539 2370 ἑαυτὸν,
1589 2303 1722 2358 ποτὲ
1750 2304 1808 2358 δὲ

220 2394 516 2465 συρόμενον
542 2397 623 2460 είς
647 2396 718 2451 τά
741 2396 1080 2467 καθίσματα,
1110 2395 1242 2450 ποτὲ
1269 2395 1326 2449 δὲ
1372 2394 1640 2465 βάλλοντα
1670 2391 1810 2448 πόδα

217 2489 323 2542 τινὶ
354 2488 620 2561 τρέχοντι,
654 2491 752 2544 καὶ
781 2491 1048 2564 ῥίπτοντα
1081 2488 1269 2547 αὐτόν.
1325 2488 1495 2544 Πάλιν
1548 2488 1605 2542 δὲ
1664 2488 1808 2543 κατὰ

214 2580 316 2649 τὴν
359 2583 590 2655 σελήνης
617 2583 812 2652 γένναν
848 2584 942 2636 ἐπὶ
970 2582 1078 2652 γῆς
1109 2582 1434 2654 κυλιόμενον
1463 2582 1557 2636 καὶ
1585 2579 1686 2645 λὰξ
1709 2581 1809 2636 αὐ-

215 2673 316 2740 τὴν
353 2673 584 2727 παίοντα
620 2676 734 2738 τοῖς
763 2675 944 2732 ποσίν.
989 2676 1146 2728 Ἐστι
1174 2673 1231 2728 δὲ
1259 2673 1348 2728 ὅτε
1379 2675 1474 2730 καὶ
1503 2673 1596 2728 τὸν
1621 2672 1810 2728 διαλα-

215 2764 416 2820 λοῦντα
461 2769 864 2837 προσεποιεῖτο.
933 2769 1130 2836 Ἔλεγε
1168 2767 1278 2839 γὰρ
1325 2768 1509 2821 πλεῖον
1533 2767 1672 2822 ὅλων
1697 2765 1808 2821 τῶν

219 2859 521 2930 σχημάτων
572 2859 841 2931 ἁρμόζειν
897 2861 996 2915 καὶ
1032 2859 1443 2931 συμϐάλλεσθαι
1491 2860 1555 2914 τὸ
1601 2859 1809 2914 τοιοῦτο

219 2950 434 3020 σχῆμα.
487 2953 602 3016 τοῖς
636 2952 1131 3024 προσποιουμένοις
1168 2953 1383 3025 μωρίαν
1425 2951 1514 3006 διά
1544 2953 1804 3024 Χριστόν.

217 3043 319 3094 Διὰ
347 3042 535 3097 τούτου
557 3044 668 3118 γάρ
688 3045 953 3109 πολλάκις
983 3046 1081 3100 καὶ
1106 3045 1357 3116 ἤλεγχεν,
1388 3046 1482 3101 καὶ
1509 3045 1810 3100 ἀνέκοπτεν

220 3137 516 3207 ἁμαρτίας,
573 3139 669 3192 καὶ
721 3139 894 3211 ὀργήν
922 3155 1028 3192 τινι
1076 3139 1215 3209 πρὸς
1249 3137 1535 3210 διόρθωσιν
1564 3139 1806 3210 ἔπεμπε,

218 3231 316 3284 καὶ
353 3229 616 3301 προέλεγέ
644 3247 794 3297 τινα,
825 3231 920 3285 καὶ
942 3233 1045 3287 ὅσα
1072 3231 1263 3303 ἢθελεν
1292 3232 1491 3296 ἐποίει,
1538 3231 1703 3302 μόνον
1746 3231 1801 3285 δὲ

215 3323 318 3392 τὴν
349 3322 540 3376 ἑαυτοῦ
569 3323 774 3393 φωνὴν,
802 3324 897 3377 καὶ
924 3323 995 3378 τά
1035 3324 1171 3395 μέλη
1213 3323 1501 3392 ὲξήλασσε,
1551 3324 1645 3377 atati.
1674 3325 1805 3378 ὅσα·

218 3427 328 3480 περ
367 3410 433 3464 ἂν
460 3413 655 3477 ἐποίει,
684 3410 831 3484 εἰχον
863 3414 1029 3473 αὐτὸν
1049 3413 1240 3486 ὥσπερ
1267 3415 1396 3478 τοὺς
1428 3413 1660 3480 πολλοὺς
1679 3417 1805 3481 τοὺς

217 3502 285 3556 ἑκ
305 3503 578 3575 δαιμόνων
606 3504 995 3570 διαλαλοῦντας
1021 3506 1118 3560 καὶ
1145 3509 1616 3580 προξητεὺοντας.

1836 1903 1880 1961 Β

1905 735 2133 807 projecit
2179 734 2368 789 subter
2411 733 2534 802 ejus
2578 731 2920 792 umbilicum,
2970 729 3128 800 signo
3156 728 3302 784 facto
3332 745 3498 784 vene-

1905 829 2088 883 randae
2125 827 2328 891 crucis,
2359 835 2414 879 et
2448 824 2583 880 dixit
2637 824 2736 894 ipsi
2771 840 2784 878 :
2835 823 2974 877 Ecce
3006 835 3176 876 sanus
3203 820 3380 876 factus
3411 838 3494 876 es.

1902 922 1986 978 Ab
2018 922 2123 976 hoc
2155 930 2422 991 tempore,
2458 919 2534 973 uti
2553 917 2792 988 jurabat,
2822 929 3003 986 neque
3029 914 3083 969 in
3117 913 3345 978 somnis,
3395 928 3498 966 ne-

1904 1031 2010 1086 que
2046 1015 2301 1087 vigilans,
2335 1011 2580 1082 eorporis
2625 1009 2897 1065 flammam
2942 1008 3136 1064 sensit.
3171 1006 3282 1062 llac
3314 1021 3374 1060 re
3407 1021 3498 1076 po-

1906 1109 2174 1165 tissimum
2226 1107 2357 1162 ﬁsus
2394 1107 2478 1160 vir
2523 1105 2612 1160 ille
2649 1117 2970 1176 generosus,
3001 1102 3056 1157 in
3108 1100 3376 1157 mundum
3409 1114 3498 1154 re-

1902 1216 2096 1258 versus
2132 1209 2248 1266 est,
2302 1197 2541 1269 compati
2592 1196 2785 1251 volens
2825 1202 2895 1275 oet
2958 1209 3182 1251 servare
3224 1208 3342 1259 eos,
3401 1191 3496 1262 qui

1904 1296 2390 1369 oppugnabantur.
2422 1291 2622 1348 Evenit
2642 1289 2939 1361 aliquando
2969 1296 3030 1343 ut
3063 1287 3280 1342 cuidam
3317 1300 3500 1340 mere-

1905 1388 2025 1444 trici
2049 1388 2256 1442 diceret
2290 1404 2304 1440 :
2341 1383 2502 1440 Visne
2535 1391 2594 1438 ut
2636 1382 2866 1436 amicam
2896 1388 2950 1434 te
2993 1378 3250 1444 habeam,
3283 1385 3338 1432 et
3370 1375 3497 1431 dem

1905 1482 2002 1538 tibi
2033 1489 2253 1536 centum
2277 1493 2475 1534 aureos
2503 1476 2640 1550 (65).
2669 1474 2852 1530 Multa:
2881 1473 3049 1545 igitur
3074 1471 3262 1526 animo
3282 1468 3498 1524 lubenti

1905 1571 2009 1643 ipsi
2031 1570 2352 1627 credebant.
2401 1567 2538 1624 Nam
2589 1566 2914 1624 ostendebat
2960 1565 3042 1618 eis
3093 1561 3344 1633 pecunia:
3382 1559 3496 1631 (66)

1905 1677 2213 1727 summam;
2258 1661 2496 1716 habebat
2547 1659 2719 1725 enim,
2764 1666 3027 1729 quantam
3082 1655 3335 1717 volebat;
3387 1653 3500 1707 Deo

1905 1754 2256 1811 invisibiliter
2284 1753 2336 1808 ei
2365 1750 2749 1823 suppeditante
2785 1757 3008 1820 propter
3033 1746 3303 1812 divinum,
3333 1758 3499 1815 quem

1909 1847 2011 1905 sibi
2040 1845 2372 1917 prreﬁxerat,
2417 1857 2670 1915 scopum.
2703 1841 3268 1912 Porrojuramentum
3311 1836 3500 1908 exige-

1909 1942 2002 1998 bat
2025 1941 2094 1995 ab
2121 1939 2230 2005 illa,
2265 1954 2389 2009 quae
2429 1943 2738 2008 acceperat,
2772 1950 2832 1990 se
2862 1934 3131 2005 promissa
3165 1947 3276 1987 non
3323 1929 3502 1986 reddi-

1908 2041 2087 2088 turam
2120 2031 2296 2084 irrita.
2339 2027 2539 2085 Omnia
2580 2035 2765 2082 autem
2815 2024 3051 2082 faciebat
3083 2039 3180 2097 per
3207 2022 3402 2079 stultas
3444 2028 3504 2078 et

1909 2125 2194 2180 indecoras
2227 2123 2446 2195 ﬁguras.

1980 2217 2070 2272 45.
2115 2217 2316 2272 Verum
2365 2231 2478 2271 non
2518 2224 2601 2270 est
2627 2228 2812 2269 rerum
2848 2210 3068 2284 imagini
3099 2215 3505 2280 representan-

1909 2310 1991 2364 dae
2017 2324 2114 2379 par
2138 2307 2332 2363 oratio.
2361 2303 2521 2362 Nunc
2544 2304 2692 2360 enim
2734 2303 3029 2360 simulabat
3055 2316 3115 2356 se
3165 2299 3500 2362 claudicare,

1909 2417 2056 2456 nunc
2079 2401 2300 2463 saltare,
2330 2415 2480 2455 nunc
2503 2398 2644 2454 trahi
2675 2396 2744 2452 ad
2771 2394 2992 2460 sedilia,
3010 2407 3159 2447 nunc
3183 2389 3346 2445 alicui
3372 2405 3503 2444 cur-

1911 2492 2052 2548 renti
2103 2490 2297 2561 pedem
2346 2489 2673 2560 impingere,
2727 2495 2783 2542 et
2822 2485 3003 2558 ipsum
3048 2480 3358 2554 projicere;
3406 2479 3506 2534 ali-

1909 2583 2130 2655 quando
2159 2591 2342 2638 autem
2371 2581 2473 2636 sub
2497 2589 2680 2636 ortum
2711 2579 2876 2644 lunae,
2898 2574 3042 2631 volvi
3075 2589 3174 2644 per
3205 2580 3430 2631 terram.
3449 2579 3506 2626 ct

1909 2676 2141 2746 pedibus
2171 2684 2226 2730 et
2273 2675 2422 2729 calce
2452 2688 2576 2727 eam
2619 2672 2885 2742 impetere
2920 2687 2933 2724 :
2981 2679 3380 2736 nonnunquam
3427 2662 3507 2718 si-

1909 2768 2148 2823 mulabat
2173 2782 2285 2822 non
2317 2764 2655 2822 cohaerentia
2686 2763 2870 2834 loqui;
2917 2760 3138 2817 dicebat
3170 2757 3342 2821 enim,
3390 2770 3507 2826 pm

1908 2860 2030 2916 aliis
2057 2859 2314 2915 omnibus
2339 2859 2484 2913 hanc
2513 2859 2739 2929 ﬁguram
2771 2853 3068 2912 convenire
3103 2860 3160 2907 et
3179 2849 3498 2906 conducere

1909 2954 1996 3018 iis,
2029 2955 2123 3025 qui
2156 2953 2454 3009 amentiam
2485 2951 2747 3006 simulant
2783 2956 3008 3020 propter
3054 2943 3364 3001 Christum.
3403 2940 3509 2996 Per

1909 3047 2015 3102 hoc
2049 3048 2196 3102 enim
2229 3062 2376 3118 saepe
2409 3045 2675 3117 arguebat
2702 3052 2758 3098 et
2801 3039 3137 3112 reprimebat
3165 3043 3412 3108 peccata.
3451 3041 3510 3089 et

1909 3139 2071 3194 bilem
2102 3138 2390 3194 evomebat
2418 3137 2684 3191 adversus
2707 3133 2966 3204 aliquem,
2998 3139 3059 3185 ut
3088 3127 3506 3197 corrigeretur;

1834 3262 1879 3322 α
1909 3231 2088 3302 aliqua
2121 3229 2473 3302 praedicebat,
2511 3237 2575 3322 et
2611 3225 2863 3290 faciebat,
2877 3233 3234 3322 quaecunque
3266 3215 3508 3322 volebat,

1915 3339 2104 3379 vocem
2127 3324 2412 3383 duntaxat.
2439 3337 2504 3376 ac
2533 3321 2701 3376 situm
2728 3317 3102 3372 membrorum
3138 3319 3507 3375 commutatus,

1913 3425 1969 3470 et
1996 3414 2258 3484 quidquid
2289 3412 2545 3478 faciebat,
2569 3411 2845 3466 habebant
2880 3421 3007 3463 cum
3049 3414 3306 3475 tanquam
3338 3415 3510 3456 unum

1915 3524 1946 3563 e
1975 3508 2182 3575 multis,
2228 3505 2321 3579 qui
2351 3505 2535 3562 afﬂatu
2569 3501 2838 3560 daemonis
2879 3501 3180 3574 loquuntur
3227 3502 3284 3551 et
3318 3491 3513 3549 vatici-

1918 3610 2143 3656 nuntur.

1693 3732 1846 3790 CAP.
1912 3735 2028 3793 VII.

330 3846 601 3904 Scrutatio
635 3863 977 3915 arcanarum,
1031 3849 1284 3904 diuturna
1338 3849 1580 3920 jejunia,
1622 3855 1804 3975 sanitbi
1833 3856 1994 3918 oculi,
2039 3856 2143 3912 cibi
2181 3855 2436 3911 divinitus
2475 3855 2655 3922 allati,
2679 3833 2884 3909 amicus
2909 3852 2976 3907 ab
3000 3853 3203 3924 injuste
3236 3862 3407 3909 morte

1746 3940 1761 3975 ι
1800 3935 2000 3975 erutus.

1746 3935 2000 3980 metatus.

296 4037 416 4107 μς’,
455 4037 524 4095 Et
551 4054 680 4092 ποτε
706 4037 762 4091 δὲ
788 4036 1002 4108 παρέϐη
1029 4037 1180 4108 αυτῷ
1216 4037 1318 4109 μία
1350 4035 1416 4094 ἐκ
1447 4038 1556 4093 τῶν
1590 4041 1811 4111 νομιζο-

227 4129 407 4200 μένων
451 4128 601 4200 αὑτῷ
650 4128 842 4198 φίλων,
880 4128 1086 4193 εὐθέως
1113 4128 1192 4200 τῷ
1219 4128 1492 4200 πνεύματι
1520 4122 1684 4196 ἐνόει,
1725 4131 1810 4186 ὃτι

224 4219 551 4291 ιπόρνευσε,
573 4219 670 4274 καὶ
692 4219 843 4288 ἔλεγε
873 4219 1072 4285 λαλῶν,
1105 4221 1200 4276 καὶ
1226 4220 1526 4291 ὲξανοίγων
1552 4222 1612 4276 τὸ
1635 4221 1812 4293 στόμα

223 4311 390 4367 αὑτοῦ
423 4313 520 4367 καὶ
548 4311 793 4384 κράζων·
829 4312 1108 4384 Παρέϐης.
1139 4312 1338 4382 Ἅγια,
1363 4313 1496 4381 ἅγια
1527 4312 1616 4377 δὸς
1647 4315 1811 4386 αὐτῇ,

223 4405 320 4459 καὶ
347 4403 446 4476 τὴν
468 4405 754 4459 ἀσθένειαν
769 4403 933 4476 αὐτῇ,
963 4405 1070 4470 ἕως
1100 4404 1336 4460 θανάτου
1378 4403 1580 4476 ηὔχετο
1612 4405 1811 4468 ἐλθεῖν,

224 4497 567 4568 ῆπολλάκις,
593 4497 688 4552 ἐὰν
720 4498 976 4569 ἐπέμεινε
1011 4497 1088 4570 μὴ
1125 4498 1514 4570 σωφρονοῦσα,
1555 4501 1651 4554 καὶ
1695 4499 1814 4554 δαίς

226 4606 366 4660 μονα
394 4590 534 4662 αὐτῇ
584 4591 822 4663 ἔπεμπε.
873 4592 971 4646 Ἐκ
1008 4592 1204 4646 τούτου
1259 4591 1448 4646 λοιπὸν
1482 4593 1663 4657 πάσας
1714 4592 1816 4658 τὰς

1986 4043 2078 4098 46.
2110 4043 2413 4114 Siquando
2454 4060 2562 4100 una
2603 4060 2670 4100 ex
2699 4042 2806 4108 his,
2848 4058 2970 4114 quae
3013 4041 3352 4114 putabantur
3389 4056 3517 4100 esse

1918 4131 2040 4202 ejus
2087 4132 2313 4199 amicae,
2364 4134 2726 4204 praevaricata
2776 4141 2945 4199 esset,
3001 4133 3189 4189 statim
3247 4131 3518 4190 instinctu

1920 4224 2147 4296 spiritus
2180 4225 2518 4296 intelligebat
2540 4225 2898 4293 fornicatam;
2929 4233 2987 4280 et
3017 4226 3237 4282 dicebat
3262 4225 3516 4296 loquens,

1920 4322 1977 4368 et
2028 4327 2186 4368 suum
2234 4329 2298 4369 os
2337 4313 2594 4384 aperiens
2646 4313 2948 4380 clamabat;
3008 4311 3369 4371 Praevaricata
3426 4331 3512 4373 es.

1920 4404 2139 4470 Sancta,
2171 4415 2360 4462 sancta
2391 4405 2460 4461 da
2501 4405 2639 4477 ipsi;
2683 4405 2986 4478 orabatque
3011 4414 3072 4461 ut
3099 4406 3393 4462 inﬁrmitas
3423 4424 3521 4463 us-

1921 4512 2030 4567 que
2058 4496 2126 4552 ad
2155 4507 2387 4553 mortem
2412 4497 2463 4553 ei
2491 4496 2764 4566 eveniret,
2799 4505 2896 4552 aut
2920 4513 3033 4555 non
3069 4513 3216 4564 raro,
3245 4497 3294 4553 si
3326 4515 3520 4570 perse—

1922 4588 2146 4644 verabat
2175 4588 2462 4662 indulgere
2490 4588 2731 4656 libidini,
2775 4589 3056 4646 diabolum
3103 4592 3272 4647 etiam
3321 4591 3373 4646 ei
3412 4591 3520 4647 im-

224 4680 574 4751 τασσομένας
623 4681 773 4752 αὐτῷ
799 4721 814 4747 ,
863 4683 1166 4753 σωφρονεῖν
1217 4682 1313 4736 καὶ
1347 4681 1423 4755 μὴ
1452 4682 1808 4755 παραϐαίνειν

1917 4680 2187 4738 mittebat.
2219 4681 2304 4737 Ab
2337 4682 2446 4739 hoc
2484 4690 2734 4753 tempore
2765 4682 2986 4739 tandem
3011 4682 3216 4750 ell‘eeit,
3251 4693 3313 4739 ut
3352 4695 3521 4755 quot.

225 4772 378 4844 αὐτῷ
403 4773 598 4832 ἐποίει.
616 4768 727 4828 Ἦν
749 4773 805 4828 δέ
828 4791 915 4839 τις
943 4775 1173 4846 πλησίον
1196 4775 1433 4847 Ἐμέσης
1463 4768 1643 4846 μένων
1667 4793 1818 4848 πρω-

224 4865 542 4937 τοκομήτης
563 4905 578 4930 ,
607 4867 704 4920 κοιλ⁸
723 4866 800 4931 ὼς
826 4867 1062 4939 ἤκουσεν
1113 4866 1206 4921 τὸν
1255 4866 1372 4938 βίον
1409 4866 1598 4931 αὑτοῦ,
1628 4867 1777 4935 λέγει
1799 4882 1815 4899 ’

226 4957 546 5024 Πίστευσον,
579 4958 674 5013 ἐὰν
700 4958 814 5026 ἴδω,
861 4959 960 5013 ἐὰν
1008 4958 1382 5031 προσποιητὸς
1425 4959 1564 5024 ἐστι,
1595 4959 1689 5013 καὶ
1721 4959 1818 5012 ἐάν

205 5032 287 5141 {ire
320 5051 378 5103 ὲν
401 5049 632 5122 ἀληθεία
660 5052 812 5106 ἐστὶν
837 5050 1053 5123 ἐξηχος.
1084 5051 1566 5141 ᾼΠαραγενόμενος
1609 5047 1704 5107 οὖν
1736 5053 1816 5116 εἰς

227 5141 326 5213 τὴν
353 5141 528 5207 πόλιν,
556 5141 700 5196 κατὰ
726 5143 1031 5215 συγκυρίαν
1051 5135 1234 5214 εὗρεν,
1267 5145 1351 5198 ὅτι
1384 5143 1684 5208 ἐϐάσταζεν
1715 5144 1816 5198 αὖ·

229 5234 328 5288 τὸν
358 5233 459 5304 μία
489 5238 896 5308 προῖσταμένη,
925 5236 1022 5290 καὶ
1048 5236 1184 5308 ἄλλη
1214 5235 1480 5308 έλώριζεν
1497 5235 1681 5292 αὐτόν.
1711 5237 1816 5291 Εὐ-

230 5325 372 5390 θέως
398 5326 456 5380 δὲ
486 5326 882 5399 ἑσκανδαλίσθη
909 5331 937 5384 ὁ
969 5329 1434 5401 πρωτοκομήτης.
1466 5329 1560 5383 καὶ
1581 5329 1661 5393 είς
1683 5330 1816 5382 ἑαυ-

1916 4781 2050 4844 quot
2077 4773 2126 4828 ei
2161 4773 2442 4838 suberant,
2482 4773 2552 4830 ad
2579 4773 2790 4846 frugem
2825 4775 3089 4842 redirent,
3127 4785 3184 4832 et
3220 4791 3336 4832 non
3363 4791 3514 4848 pra:-

1917 4850 2317 4924 varicarentur.
2357 4866 2536 4938 Prope
2572 4866 2829 4924 Emesam
2858 4867 3142 4924 habitabat
3164 4879 3515 4940 protocomes

1915 4959 2142 5030 aliquis;
2187 4959 2282 5030 qui
2329 4959 2422 5015 ubi
2463 4960 2675 5016 audivit
2714 4960 2883 5016 vitam
2940 4960 3276 5034 Symeonis:
3319 4961 3521 5028 Crede,

1915 5050 2112 5121 inquit,
2161 5051 2461 5107 dummodo
2512 5051 2666 5108 illum
2719 5051 2934 5119 videro,
3004 5053 3280 5109 stultusue
3341 5052 3416 5108 sit
3464 5051 3522 5108 in

1925 5143 2187 5214 speciem,
2240 5160 2308 5199 an
2351 5160 2483 5201 vere
2533 5154 2714 5201 emota
2760 5146 2832 5202 sit
2871 5153 3057 5202 mente
3113 5145 3524 5220 [comperiarm]

1929 5235 2064 5290 Dum
2112 5236 2300 5308 itaque
2334 5238 2578 5294 venisset
2633 5237 2700 5294 ad
2750 5239 3052 5308 civitatem,
3112 5239 3254 5296 forte
3304 5241 3526 5295 fortuna

1925 5331 2216 5400 comperit,
2258 5331 2404 5401 quod
2455 5347 2588 5398 una,
2619 5348 2744 5403 quae
2774 5333 2897 5405 ejus
2939 5335 3165 5406 gerebat
3193 5349 3405 5398 curam,
3441 5333 3526 5404 ip-

231 5417 325 5474 τὸν
359 5418 688 5489 διελογίζετο
735 5420 832 5475 καὶ
864 5421 1018 5490 ἔλεγε
1074 5421 1332 5494 Συριστί·
1367 5416 1519 5492 *Αρα
1579 5420 1740 5485 αὐτὸς
1789 5421 1808 5474 c'

1925 5439 2048 5478 sum
2089 5423 2382 5495 bajularet,
2429 5434 2486 5480 et
2512 5425 2662 5496 quod
2702 5425 2810 5482 alia
2856 5427 3035 5497 ipsum
3089 5425 3222 5482 loris
3265 5426 3524 5483 caederet.

233 5512 480 5576 Σατανᾶς
507 5510 568 5564 οὐ
593 5510 864 5576 πιστεύει,
884 5512 965 5566 ὅτι
986 5514 1245 5586 πορνεύει
1276 5513 1398 5584 μετ’
1427 5511 1610 5566 αὐτῶν
1631 5513 1658 5567 ὁ
1681 5511 1817 5584 ψευ-

1930 5513 2126 5572 Slatim
2160 5523 2507 5589 protocomes
2531 5510 2936 5575 scandalizatus
2969 5527 3075 5586 est,
3109 5526 3165 5573 et
3201 5532 3390 5574 secum
3425 5533 3524 5573 co-

1715 5630 1953 5689 NOTAE.

306 5723 419 5793 (65)
439 5721 642 5780 Probat
663 5723 899 5796 Cangius
929 5738 1092 5780 voces
1130 5724 1455 5792 ὁλοκοτίνος,
1497 5725 1817 5791 ὁλοκοτίνιν,

1992 5725 2105 5797 (66)
2133 5725 2362 5798 λογάριν
2398 5737 2455 5783 et
2485 5726 2744 5798 λογάριον
2771 5725 3079 5800 signiﬁcare
3102 5726 3340 5800 pecunia:
3363 5741 3516 5800 grim-

233 5797 529 5869 ).pxo_:j]qu
566 5795 963 5865 (apogra’phurn
1006 5805 1254 5869 nostrum
1311 5800 1473 5853 habet
1519 5796 1808 5864 ὀλοκοτίνα]

1921 5795 2104 5869 mm.
2125 5795 2221 5853 seu
2250 5795 2449 5869 certam
2487 5795 2846 5869 quun'titamﬂ
2873 5795 3231 5865 nummorum,
3271 5796 3327 5856 iu
3355 5797 3513 5857 Clus-

233 5865 539 5949 signiﬁcare
569 5881 841 5945 numinum
876 5882 972 5949 seu
1001 5866 1230 5949 solidum
1277 5886 1497 5923 (mn-um
1525 5884 1540 5931 ;
1573 5885 1669 5939 pro
1710 5884 1816 5939 quo
1917 5868 2063 5924 sario
2089 5868 2327 5941 (Iangius
2357 5865 2604 5924 afﬁrmat.

237 5937 502 6000 interpres
540 5952 659 5997 ηιωι
704 5937 898 5990 citatus
929 5939 1085 5991 habet
1123 5953 1319 5996 assrm.
