4058 6424
556 392 709 459 lii—‘1
1574 385 1883 448 LEONTII
1925 381 2441 445 NEAPOLITANI
2481 379 2822 442 EPISCOPI
3715 373 3887 438 I728

552 502 781 575 gitabat.
815 510 872 557 et
897 498 1117 557 dicebat
1139 496 1364 570 Syriaco
1394 513 1409 551 :
1439 494 1695 566 Nunquid
1742 495 1860 565 ipse
1905 493 2140 551 Satanas

2267 490 2481 554 ;οαϐϐἄς
2508 483 2703 557 οὗτος;
2731 486 3067 543 Καταλιπὼν
3094 484 3189 543 οὖν
3218 486 3409 555 αὐτὰς,
3440 485 3600 551 εὐθὺς
3622 488 3653 541 ό
3675 488 3885 551 Σαλος

554 594 741 649 credet
776 593 962 651 ﬁctum
987 593 1139 649 hunc
1163 592 1416 649 abbatem
1448 606 1572 645 cum
1609 589 1745 658 ipsis
1771 605 1887 645 rem
1918 590 2146 646 habere?

2267 584 2468 654 ἱρχεται
2491 581 2627 653 πρὸς
2648 580 2738 635 τὸν
2762 582 3201 654 πρωτοκομήτην
3224 580 3508 652 ἀπέχοντα
3530 580 3626 635 ἀπ’
3652 579 3879 644 αὑτοῦ,

555 681 668 743 Illis
705 686 892 756 itaque
918 685 1125 741 relictis
1171 685 1357 740 statim
1405 682 1566 738 Salus
1609 682 1678 737 ad
1726 682 2147 752 protocomitem

2267 674 2381 751 best
2403 674 2551 728 λίθου
2581 674 2764 747 βολὴν,
2795 675 2889 728 κα).
2913 674 3149 729 δέδωκεν
3177 673 3330 746 αύτῷ
3353 673 3570 741 κόσσρν,
3586 673 3879 743 ἐγύμνωο

554 778 728 840 venit.
758 779 852 850 qui
880 778 1071 834 aberat
1091 778 1161 832 ab
1182 777 1302 849 ipso
1326 775 1479 847 quasi
1511 774 1581 830 ad
1607 774 1818 845 jactum
1847 775 2062 845 lapidis,
2092 784 2149 831 et

555 870 709 926 dedit
758 870 864 941 ipsi
914 871 1167 941 alapam;
1211 870 1361 925 exuit
1408 876 1589 924 vestes
1630 882 1779 932 suas,
1815 868 2060 938 dixitque
2099 868 2150 924 ei

558 963 764 1018 saltans
788 963 1116 1027 :Adesdum,
1141 962 1289 1026 lude,
1311 977 1345 1017 ο
1368 961 1490 1015 vilis
1517 962 1716 1017 homo!
1749 960 1851 1015 Hic
1878 975 1988 1014 non
2020 961 2151 1016 sub-

557 1062 645 1107 e~t
702 1052 816 1123 (67)
849 1052 1035 1121 dolus.
1065 1051 1337 1122 Cognovit
1378 1051 1548 1122 igitur
1589 1051 1699 1117 ille,
1734 1052 1968 1106 scrutari
1997 1065 2147 1114 eum,

559 1157 682 1213 ιιιιςε
728 1141 973 1197 latebant
1018 1141 1073 1195 in
1118 1140 1305 1196 corde.
1365 1141 1431 1196 Et
1474 1141 1695 1212 quando
1739 1157 1853 1197 rem
1893 1141 2147 1205 miratus,

559 1233 835 1299 veniebat,
872 1242 933 1287 ut
962 1233 1171 1290 diceret
1193 1231 1353 1289 alicui
1383 1234 1437 1289 id
1476 1234 1623 1305 quod
1657 1234 1984 1306 contigerat,
2016 1234 2153 1307 liga—

560 1326 722 1382 batur
750 1325 872 1395 ejus
894 1326 1101 1397 lingua,
1132 1335 1187 1382 et
1212 1342 1323 1382 non
1348 1335 1565 1400 poterat
1591 1325 1863 1405 proloqui.

632 1417 723 1471 47.
762 1417 948 1473 Gratia
986 1418 1116 1472 item
1147 1417 1491 1473 abstinentiae
1538 1432 1650 1487 prce
1701 1416 1886 1475 multis
1936 1415 2157 1483 Sanctis

561 1507 840 1564 excelluit.
870 1508 1218 1564 Adveniente
1246 1508 1394 1568 enim
1414 1507 1616 1563 Sancta
1647 1517 1959 1564 sanctorum
2004 1507 2152 1577 jeju-

561 1600 780 1655 niorum
803 1599 1248 1669 Quadragesima,
1280 1616 1391 1655 non
1446 1601 1700 1672 gustabat
1732 1600 1940 1668 aliquid
1981 1614 2156 1669 usque

561 1694 630 1760 ad
675 1703 925 1750 sanctam
976 1694 1169 1749 feriam
1209 1693 1479 1764 quintam.
1543 1691 1667 1747 Mox
1708 1700 1891 1747 autem
1920 1707 1950 1745 a
1979 1692 2156 1761 primo

562 1787 826 1854 diluculo,
857 1787 993 1844 feria
1034 1788 1228 1846 eadem
1269 1787 1465 1859 quinta
1517 1785 1748 1840 sedebat
1788 1784 1842 1845 in
1896 1784 1997 1839 itra
2045 1784 2155 1856 (68)

2252 750 2400 820 σεδέ
2436 765 2504 820 τὰ
2530 767 2723 837 ίμόιτια
2747 765 2937 831 αὐτοῦ,
2974 767 3069 820 καὶ
3100 760 3254 820 εἶπεν
3291 765 3429 836 πρὸς
3453 765 3615 819 αύτδν
3660 764 3881 836 βαλλί-

2250 856 2359 923 ζων
2383 873 2398 887 ·
2431 857 2605 930 Δεῦρο
2660 857 2895 925 παίζων,
2954 856 3181 913 ταπεινέ
3202 899 3218 925 ,
3275 850 3378 910 ὦδε
3411 856 3563 920 δόλος
3610 856 3719 908 οὐκ
3752 854 3872 909 ενι.

2253 951 2438 1018 Ἔγνω
2463 946 2556 1004 οὖν
2587 951 2813 1016 ἐκεῖνος,
2835 951 2919 1003 ὅτι
2938 951 3009 1003 τὰ
3034 952 3093 1004 ἐν
3116 952 3183 1022 τῇ
3208 948 3409 1021 καρδίᾳ
3438 949 3605 1004 αὐτοῦ
3631 950 3875 1021 ἐνόησε,

2253 1044 2348 1097 καὶ
2376 1041 2670 1112 θαυμάσας
2707 1042 2900 1095 καθότι
2931 1042 3135 1113 ἤρχετο
3161 1043 3342 1095 είπεῖν
3368 1058 3478 1095 τινι
3496 1040 3559 1094 τὸ
3590 1043 3874 1113 πρᾶγμα,

2253 1133 2594 1204 ἐδεσμεῖτοὴ
2624 1132 2846 1204 γλῶσσα
2877 1133 3066 1199 αὐτοῦ,
3108 1134 3205 1188 καὶ
3256 1134 3360 1188 οὐκ
3404 1132 3639 1206 ⁴ἐγδύναιιτο
3685 1133 3879 1204 φθέγ-

2256 1226 2475 1294 ξασθαι.

2331 1433 2442 1504 μζ’.
2480 1427 2609 1504 Εἶχε
2638 1433 2696 1489 δὲ
2724 1432 2821 1487 καὶ
2841 1432 2901 1486 τὸ
2932 1431 3183 1504 χάρισμα
3208 1432 3307 1501 τῆς
3346 1427 3681 1501 ἐγκρατείας
3710 1425 3875 1498 ὑπὲρ

2257 1528 2487 1591 πολλοὺς
2520 1526 2628 1580 τῶν
2706 1524 2908 1595 ἁγίων.
2968 1524 3177 1579 Καθότι
3234 1524 3343 1595 γὰρ
3392 1521 3685 1592 ἔφθανενή
3717 1519 3873 1587 ἁγία

2258 1619 2687 1690 Τεσσαρακοστη
2715 1618 2824 1670 τῶν
2851 1616 3025 1685 ἁγίων
3050 1615 3341 1686 νηστειῶν,
3383 1614 3481 1666 οὐκ
3508 1613 3734 1681 ἐγεύετό
3767 1626 3869 1662 τι·

2258 1728 2348 1776 νος
2367 1712 2497 1782 ἄχρι
2523 1711 2626 1781 τῆς
2655 1710 2819 1779 ἁγίας
2850 1708 3133 1778 πέμπτης.
3155 1706 3375 1771 Εὐθέως
3390 1706 3446 1760 δέ
3470 1705 3579 1759 ἀπὸ
3602 1702 3757 1774 πρωῒ
3790 1703 3868 1771 τῇ

2262 1805 2394 1876 ἁγία
2419 1804 2646 1875 πέμπτῃ
2677 1801 2971 1868 ἐκαθέζετο
3002 1803 3080 1865 εἰς
3108 1800 3201 1854 τὸν
3229 1800 3406 1870 ίτρᾶν,
3436 1797 3684 1867 τρώγων,
3709 1793 3871 1848 ὥστε

562 1882 877 1948 conuertens,
915 1881 1055 1941 adeo
1087 1890 1146 1935 ut
1178 1880 1678 1937 seandalizarentur
1709 1888 2066 1949 spectatores,
2091 1896 2159 1935 eo

2267 1898 2356 1951 καὶ
2386 1899 2451 1950 ὲκ
2482 1894 2673 1949 τούτου
2707 1892 3163 1958 ἐσκανδαλίζοντο
3200 1893 3250 1946 οί
3295 1889 3632 1961 Θεωροῦντες
3665 1887 3867 1951 αὐτὸν,

563 1972 711 2043 quod
766 1990 845 2031 ne.
888 1973 1108 2043 quidem
1150 1980 1339 2037 saneta
1394 1971 1531 2028 feria
1593 1970 1787 2042 quinta
1844 1971 2153 2043 jejunabat.

561 2064 806 2122 Joannes
849 2080 979 2120 vero
1023 2065 1289 2119 diaconus
1336 2064 1702 2136 cognoscebat
1756 2063 1997 2120 divinam
2038 2066 2157 2135 ejus

564 2169 690 2213 esse
722 2154 1121 2226 operationem.
1154 2154 1255 2210 Ubi
1281 2170 1410 2227 ergo
1434 2162 1619 2209 saneta
1645 2152 1779 2211 feria
1800 2156 1991 2226 quinta
2020 2156 2161 2211 vidit

566 2263 694 2308 eum
752 2249 945 2304 sedere
980 2248 1035 2303 in
1086 2248 1212 2313 itra,
1267 2254 1324 2302 et
1368 2247 1658 2303 comedere
1717 2263 1747 2302 a
1788 2249 1965 2319 prima
2013 2247 2157 2315 lucc,

567 2340 749 2400 dicit:
791 2340 993 2408 Quanti
1036 2340 1143 2397 hoc
1189 2348 1297 2407 est,
1356 2340 1516 2396 Sale?
1566 2340 1667 2397 Cui
1720 2340 1835 2410 ille,
1885 2342 2160 2413 prehensa

569 2435 691 2503 ejus
725 2451 923 2501 manu;
962 2434 1193 2490 Follaris
1222 2434 1333 2506 (69)
1356 2435 1486 2508 istc,
1512 2450 1547 2489 o
1574 2435 1760 2501 stulte,
1796 2437 2160 2510 quadraginta

568 2528 716 2589 valet
759 2527 999 2585 nummis
1050 2528 1187 2599 (70),
1222 2526 1537 2601 signiﬁcans
1568 2544 1666 2599 per
1710 2529 1836 2595 hoe,
1883 2538 2008 2607 post
2043 2530 2161 2586 dies

568 2622 928 2695 quadraginta
967 2638 1042 2679 se.
1065 2624 1287 2687 demum
1326 2623 1636 2679 comedere.
1687 2621 1911 2679 Daemon
1961 2625 2161 2681 iterum

570 2715 628 2775 in
667 2715 776 2775 alio
826 2715 1071 2787 quodam
1109 2715 1263 2771 urbis
1313 2714 1556 2786 compito
1595 2714 1860 2787 frequens
1902 2717 2163 2773 versaba-

570 2818 702 2866 tur:
753 2826 919 2881 quem
970 2810 1061 2867 die
1118 2809 1355 2883 quadam
1382 2809 1521 2865 vidit
1563 2809 1820 2877 Sanctus,
1866 2810 2159 2881 transiens,

569 2902 717 2972 illac,
744 2904 888 2975 quod
921 2904 1087 2961 vellet
1115 2905 1337 2976 pulsare
1360 2904 1603 2975 aliquem
1640 2919 1855 2969 eorum,
1892 2905 1987 2978 qui
2024 2921 2167 2977 prae-

572 2993 849 3062 mribant;
889 3004 945 3050 et
967 2993 1211 3065 abreptis
1244 2993 1301 3049 in
1342 3007 1442 3048 suo
1479 2993 1605 3048 sinu
1659 2991 1958 3064 lapidibus,
1999 2990 2167 3062 erepit

571 3102 669 3149 eos
691 3086 956 3157 projicere
996 3087 1133 3153 hinc,
1157 3095 1214 3142 et
1243 3086 1374 3143 inde
1412 3087 1483 3143 ad
1513 3085 1718 3154 forum,
1752 3094 1809 3141 et
1832 3083 2168 3157 impediebat

571 3194 790 3243 omnes,
817 3179 908 3250 qui
939 3180 1197 3237 volebant
1240 3179 1500 3237 transire.
1541 3179 1693 3235 Inter
1734 3179 1853 3234 haec
1899 3178 2167 3233 transibat

2259 1989 2335 2053 ὼς
2367 1988 2469 2049 ὅτι,
2501 1987 2687 2058 φησὶν,
2718 1985 2841 2040 ούδέ
2873 1985 2973 2059 τὴν
3001 1984 3165 2054 ἁγίαν
3194 1984 3459 2055 πέμπτην
3477 1979 3761 2053 νηστεύει.
3806 1978 3869 2031 '0

2258 2079 2317 2134 δέ
2350 2079 2509 2152 κῦρις
2531 2079 2787 2149 Ἰωάννης
2819 2080 2847 2133 ό
2871 2079 3121 2142 διάκονος
3146 2076 3443 2145 ἐγίνωσκεν
3484 2073 3667 2127 ἔνθεον
3714 2068 3869 2126 εἶναι

2260 2169 2358 2241 τὴν
2386 2168 2646 2242 ἐργασίαν
2669 2167 2859 2225 αὐτοῦ.
2903 2168 2992 2226 Ὦς
3020 2166 3099 2221 ἴδε
3151 2166 3210 2219 δέ
3238 2164 3401 2219 αὑτὸν
3445 2165 3515 2233 τῇ
3545 2162 3683 2232 ἁγία
3715 2160 3871 2229 πέμ-

2262 2249 2371 2341 am
2396 2259 2768 2331 καθεζόμενον
2820 2260 2902 2323 εἰς
2926 2257 3018 2311 τὸν
3054 2257 3214 2328 ίτρᾶν
3241 2255 3335 2308 καὶ
3365 2251 3654 2326 τρώγοντα
3686 2246 3864 2319 πρωῒ,

2259 2354 2410 2423 λέγει
2437 2353 2619 2425 αὐτῷ’
2654 2352 2831 2407 Πόσου
2858 2350 3042 2415 τοῦτο,
3074 2348 3249 2413 Σαλέ;
3277 2345 3443 2415 Λέγει
3478 2341 3627 2414 αύτῷ
3663 2342 3859 2396 κάκεῖ-

2262 2466 2352 2513 νος
2375 2446 2661 2521 κρατήσας
2690 2447 2750 2503 ἐν
2778 2446 2848 2516 τῇ
2876 2443 3020 2515 χειρὶ
3049 2440 3241 2506 αὐτοῦ,
3274 2436 3684 2508 τεσσαράκοντα
3712 2431 3859 2503 ἔχων

2263 2541 2483 2612 νουμία,
2509 2540 2583 2593 Τὸ
2613 2536 2860 2609 φολερδν,
2879 2535 3064 2607 ἐξηχε,
3086 2532 3264 2604 δηλῶν
3285 2531 3378 2585 διὰ
3399 2529 3579 2591 τοῦτο,
3610 2526 3697 2581 διὰ
3723 2540 3851 2578 τεσ-

2266 2634 2576 2706 σαράκοντα
2599 2631 2828 2704 ⁴ιῖιμερῶν
2850 2628 3051 2693 ἐσθίειν
3073 2626 3259 2681 αὐτόν.
3300 2619 3656 2697 Ἐφιλοχὼρει
3690 2617 3857 2672 πάλιν

2265 2727 2323 2783 ἐν
2353 2726 2527 2798 ἑτέρῳ
2546 2726 2655 2780 τινὶ
2683 2725 2786 2793 τῆς
2826 2722 3037 2786 πόλεως
3077 2718 3308 2791 ἁμφόδῳ
3357 2716 3590 2786 δαίμων.
3633 2712 3722 2767 Ἐν
3757 2710 3862 2782 μιᾷ

2265 2814 2360 2874 οὖν
2403 2816 2543 2874 εἶδεν
2572 2818 2735 2876 αὐτὸν
2790 2817 2821 2871 6
2858 2818 3006 2879 ὅσιος
3058 2812 3300 2885 παριὼν,
3351 2809 3576 2865 θέλοντα
3623 2803 3861 2879 κροῦσαι

2265 2928 2390 2969 τινα
2417 2910 2528 2966 τῶν
2554 2909 3003 2983 παρερχομένων,
3032 2907 3126 2962 καὶ
3146 2904 3331 2961 λαϐὼν
3352 2907 3411 2959 ἐν
3437 2901 3516 2974 τῷ
3544 2901 3733 2971 κόλπῳ
3756 2898 3860 2953 αύ-

2266 3004 2361 3060 τοῦ
2387 3005 2591 3069 λίθους,
2621 3006 2828 3078 ἡρξατο
2854 3002 3096 3068 λιθάζειν
3127 3000 3283 3055 ἔνθεν
3325 2999 3423 3055 καὶ
3447 2997 3601 3055 ἐνθεν
3626 2997 3708 3059 είς
3756 2994 3861 3065 τὴν

2267 3099 2499 3170 ἀγορὰν,
2535 3099 2630 3155 καὶ
2660 3096 2868 3156 ἐκώλυε
2903 3096 3114 3160 πάντας
3145 3096 3273 3159 τοὺς
3300 3093 3554 3158 θέλοντας
3592 3090 3859 3163 περᾶσαι.

2282 3192 2371 3249 Ἑν
2428 3189 2641 3255 τούτοις
2698 3189 2945 3262 παρῆλθε
2996 3189 3167 3255 κύων,
3222 3188 3317 3249 καὶ
3343 3187 3604 3259 ἔκρουσεν
3641 3183 3807 3239 αὐτὸν
3833 3184 3863 3236 6

572 3270 762 3337 canis;
800 3287 962 3342 quem
985 3272 1113 3328 dum
1148 3272 1511 3343 percussisset
1535 3273 1788 3334 diemon',
1830 3272 1999 3342 capit
2036 3288 2162 3343 spu-

2267 3288 2499 3357 δαίμων,
2544 3288 2641 3343 καί
2686 3287 2891 3358 ἤρξατο
2939 3286 3216 3358 ἀφρίζειν.
3264 3282 3399 3339 Τότε
3453 3283 3603 3352 λέγει
3635 3280 3861 3336 πᾶσινό

573 3380 694 3422 tuas
721 3364 993 3420 emittere.
1030 3363 1189 3420 Tunc
1226 3363 1362 3421 dixit
1394 3363 1652 3419 omnibus
1694 3363 1933 3420 Sanctus
1967 3381 1980 3418 :
2014 3362 2169 3418 Nunc

574 3457 828 3522 transite.
878 3458 1050 3514 stulti.
1089 3456 1325 3513 Noverat
1379 3457 1529 3512 enim
1571 3457 1655 3512 vir
1704 3456 2167 3528 sapientissimus,

572 3547 742 3615 quod.
768 3547 814 3601 si
853 3548 1196 3604 transivissct
1239 3547 1426 3613 homo,
1463 3547 1785 3618 pulsaturus
1817 3548 1997 3619 ipsum
2034 3547 2170 3602 fuis-

573 3650 662 3694 set
700 3639 962 3713 [daemon]
998 3643 1119 3697 loco
1156 3642 1349 3707 cauis;
1388 3642 1591 3698 idcirco
1619 3642 2011 3713 aliquantisper
2037 3656 2169 3713 pro-

574 3731 756 3790 hibuit
800 3748 895 3787 eos
944 3732 1202 3788 transire.
1236 3733 1409 3791 Totus
1452 3732 1653 3805 quippe
1699 3750 1920 3804 5e0pus,
1953 3743 2013 3789 ut
2055 3735 2168 3803 jam

573 3823 930 3900 prmdictum,
975 3825 1367 3895 sapientissimi
1414 3827 1583 3894 hujus
1646 3826 1933 3898 Symeonis
1978 3825 2053 3881 ita
2108 3842 2169 3883 se

575 3916 786 3983 habuit,
822 3919 1001 3987 primo
1025 3918 1269 3988 quidem.
1295 3926 1353 3971 ut
1375 3918 1590 3973 animas
1620 3917 1797 3974 salvas
1823 3917 2030 3974 iaceret
2053 3919 2169 3976 sive

573 4025 675 4081 per
699 4010 959 4074 rationes,
987 4027 1122 4081 quas
1162 4010 1297 4081 ipsis
1334 4010 1585 4077 ridicule,
1629 4010 1716 4067 vel
1756 4011 1997 4083 captiose
2043 4029 2171 4086 sug-

574 4103 834 4170 gerebat;
874 4102 991 4158 sive
1030 4117 1128 4174 per
1175 4103 1463 4169 miracula,
1500 4118 1622 4174 quae
1660 4103 1787 4165 aliis
1823 4121 1938 4161 non
1970 4107 2171 4162 adver-

576 4195 821 4255 tentibus
850 4196 1237 4267 perpetrabat;
1266 4198 1384 4253 sive
1407 4213 1505 4269 per
1522 4198 1811 4269 promissa,
1840 4214 1983 4269 quae,
2027 4200 2169 4255 stul-

576 4297 692 4344 tum
720 4288 1001 4355 mentitus,
1032 4288 1362 4359 proferebat.
1384 4289 1592 4345 Deinde
1617 4297 1674 4343 ut
1701 4289 1877 4345 virtus
1905 4291 2027 4360 ejus
2056 4307 2167 4347 non

576 4379 965 4441 innotesceret.
1011 4390 1068 4435 et
1108 4380 1315 4443 nullam
1361 4380 1509 4451 apud
1550 4381 1803 4438 homines
1844 4382 2061 4439 laudem
2111 4394 2170 4440 et

575 4470 804 4545 gloriam
830 4472 1124 4542 acciperet.

2268 3380 2445 3449 ἂγιοςσ
2481 3380 2639 3449 ἸΑρτι
2663 3377 2987 3450 παρέλθετε,
3025 3378 3230 3448 ἐξηχοι.
3260 3376 3416 3450 ᾜδει
3447 3377 3559 3446 γὰρ
3590 3377 3621 3429 6
3654 3374 3858 3429 πάνσο·

2270 3490 2392 3543 φος,
2408 3474 2492 3529 ὅτι
2520 3474 2569 3526 εί
2600 3473 2872 3544 ἐπέρασεν
2896 3472 3210 3544 ἅνθρωπος,
3226 3471 3391 3525 αὐτὸν
3415 3469 3619 3541 ἣμελλε
3642 3469 3859 3540 κρούειν

2269 3570 2297 3621 6
2324 3567 2531 3638 δαίμων
2560 3565 2683 3620 ἀντὶ
2708 3565 2802 3620 τοῦ
2837 3565 3021 3629 κυνὸς,
3047 3564 3136 3618 διὰ
3162 3564 3322 3618 τοῦτο
3346 3563 3622 3618 ἐκώλυσεν
3660 3563 3858 3625 αὐτοὺς

2270 3657 2564 3730 παρελθεῖν
2597 3656 2736 3730 πρὸς
2763 3654 2963 3727 βραχύ.
2995 3655 3160 3721 Ὄλος
3194 3658 3292 3728 μὲν
3320 3652 3415 3710 οὖν
3457 3658 3486 3709 ό
3515 3654 3748 3719 σκοπὸς,
3779 3654 3857 3718 ὡς

2269 3753 2372 3824 ἥδη
2398 3751 2748 3824 προείρηται,
2776 3749 2872 3803 τοῦ
2900 3749 3178 3818 πανσόφου
3211 3748 3405 3806 τούτου
3430 3746 3656 3819 Συμεὼν
3683 3746 3857 3811 οὓτως

2272 3847 2519 3916 ὑπῆρχε·
2566 3842 2786 3915 πρῶτον
2842 3840 2943 3913 μέν
2990 3836 3070 3903 εἰς
3095 3841 3158 3896 τὸ
3208 3840 3381 3895 σῶσαι
3418 3840 3618 3911 ψυχὰς,
3654 3841 3762 3893 εἴτε
3787 3838 3855 3895 δι’

2271 3933 2592 4005 ἐπιφορῶν,
2644 3926 2720 3986 ὧν
2751 3931 2945 3995 αὐταῖς
3004 3930 3313 4001 γελοιοδῶς,
3368 3931 3401 3999 ἣ
3463 3927 3856 4001 μεθοδευτικῶς

2273 4025 2547 4095 ἔπεμπεν,
2574 4024 2686 4079 εἴτε
2718 4022 2882 4077 πάλιν
2910 4022 2999 4077 διὰ
3033 4022 3354 4089 θαυμάτων,
3395 4014 3472 4075 ὧν
3489 4022 3730 4089 ἀνοήτως
3760 4022 3856 4073 ἐπο

2272 4118 2504 4185 έστειλε,
2541 4119 2652 4172 εἴτε
2684 4116 2776 4172 διὰ
2810 4116 3225 4189 παραγγελιῶν,
3253 4109 3333 4171 ὧν
3363 4117 3503 4189 πρὸς
3522 4116 3720 4180 αὐτοὺς
3745 4133 3855 4187 μω-

2274 4212 2514 4287 ροποιῶν
2564 4210 2754 4281 έλεγεν
2788 4224 2804 4241 ’
2849 4211 3041 4265 ἔπειτα
3081 4210 3137 4263 δέ
3166 4210 3255 4266 ἵνα
3280 4209 3358 4282 μὴ
3380 4209 3598 4281 γνωσθῇ
3629 4208 3789 4263 αὑτοῦ
3817 4212 3848 4279 ή

2271 4306 2466 4378 ἁρετὴ,
2518 4305 2615 4360 καὶ
2645 4304 2787 4378 λάϐῃ
2823 4304 3046 4360 ἔπαινον
3072 4302 3225 4376 παρὰ
3272 4301 3582 4376 ἀνθρώπων
3629 4304 3722 4358 καὶ
3770 4319 3850 4358 τι·

2274 4402 2401 4473 μὴνο

645 4566 735 4621 48.
774 4567 911 4621 Nam
959 4583 1085 4623 cum
1131 4568 1186 4623 in
1240 4567 1477 4641 quodam
1521 4569 1646 4625 vico
1686 4568 1883 4640 puellae
1936 4569 2162 4627 choreas

2349 4587 2465 4653 puq'.
2505 4579 2856 4652 Χορευόντων
2895 4578 3004 4650 γὰρ
3046 4576 3106 4631 ἐν
3153 4577 3253 4649 μιᾷ
3296 4571 3501 4649 [ῥύμῃ]
3567 4570 3842 4643 κορασίων,

572 4657 861 4724 ducerent,
897 4669 954 4715 et
992 4676 1283 4716 numerum
1313 4662 1516 4719 inirent
1538 4660 1750 4728 ,visum
1772 4668 1859 4715 est
1895 4661 1943 4716 ei
1981 4671 2168 4718 trans-

577 4752 659 4808 ire
702 4768 802 4822 per
852 4752 1011 4807 illum
1042 4754 1247 4808 vicum.
1291 4754 1396 4810 Ubi
1449 4769 1575 4809 eum
1622 4764 2048 4824 conspexerunt,
2075 4771 2168 4811 ac-

572 4859 803 4900 censere
830 4861 959 4900 cum
991 4844 1437 4919 [colludentibus]
1468 4847 1579 4916 (7i)
1607 4853 1914 4916 cmpcrunt.
1941 4844 2036 4901 Vir
2067 4848 2170 4902 ita—

572 4952 685 5007 que
700 4938 902 5004 justus,
931 4938 1070 4994 fusis
1099 4939 1376 5009 precibus,
1404 4939 1593 4994 volens
1614 4953 1711 4994 eas
1741 4937 1883 5009 frugi
1914 4940 2169 5006 reddere,

576 5045 707 5094 mox
741 5048 935 5088 omnes
976 5032 1109 5088 fecit
1146 5032 1475 5099 strabones;
1519 5031 1765 5102 dumque
1806 5031 1951 5087 inter
1981 5047 2041 5087 se
2078 5049 2171 5089 re-

2276 4678 2372 4731 καὶ
2404 4674 2820 4745 καταλεγόντων
2846 4672 3051 4730 αὐτῶν,
3081 4669 3263 4735 ἔδοξεν
3288 4668 3441 4739 αὐτῷ
3484 4664 3842 4738 παρέρχεσθαι

2275 4770 2343 4825 δι’
2372 4768 2592 4835 ἐκείνης
2615 4768 2714 4838 τῆς
2751 4766 2952 4839 ῥύμης.
2993 4764 3080 4828 Ὠς
3099 4758 3193 4817 οὖν
3214 4758 3358 4817 εἶδον
3400 4760 3583 4822 αὐτὸν,
3629 4756 3847 4827 ἤρξαντο

2272 4861 2599 4934 καταλέγειν
2640 4861 2723 4922 είς
2752 4857 3017 4922 ἁϐϐἀδας.
3055 4855 3373 4926 Εύξάμενος
3418 4848 3514 4907 οὖν
3553 4851 3582 4903 6
3608 4849 3809 4910 δίκαιος
3832 4887 3847 4911 ,

2269 4960 2439 5014 θέλων
2471 4953 2806 5025 σωφρονίσαι
2841 4950 3033 5017 αὐτας,
3069 4948 3277 5011 εὐθέως
3311 4943 3668 5018 ἐστραύωσεν
3709 4941 3847 5004 ὅλας.

2269 5051 2364 5106 καὶ
2389 5050 2465 5114 ὡς
2494 5048 2731 5119 ἤρξαντο
2775 5044 3041 5117 ἀλλήλαις
3084 5042 3267 5110 λέγειν
3300 5040 3362 5094 τὸ
3420 5037 3640 5110 συμϐὰν
3674 5036 3850 5097 αὐταῖς

2118 5204 2352 5266 NOTAE.

649 5315 763 5385 (‘67)
799 5316 904 5389 Per
930 5332 1211 5388 apocopen
1256 5316 1439 5373 lonice
1471 5335 1571 5389 pro
1593 5319 1771 5373 ἔνεστι
1801 5318 2025 5389 ponitur
2064 5321 2163 5376 ἔνι.

651 5388 782 5455 (68)·
804 5386 1003 5462 Vocem
1038 5386 1192 5459 ἰτρᾶν
1225 5390 1414 5448 nullibi
1460 5386 1877 5462 reperio._Quid
1906 5393 1952 5447 si
1990 5409 2164 5462 pona-

579 5468 669 5511 tur
715 5475 812 5529 pro
848 5461 1038 5529 ἰτρίου,
1085 5462 1236 5529 quod
1289 5475 1422 5515 mss.
1475 5460 1889 5515 Graeco-Latina
1941 5460 2165 5518 vertunt

576 5530 764 5584 itrium
802 5539 1030 5583 tractum
1075 5531 1249 5601 ίκρίσν
1279 5531 1535 5585 emendat
1554 5532 1853 5585 Salmasius
1879 5534 1945 5586 ad
1968 5534 2161 5587 histor.

579 5602 811 5687 August.
861 5617 986 5683 pag.
1038 5602 1141 5686 εὃὸ
1169 5601 1522 5687 etperqulant
1569 5602 1983 5687 interpretatur.
2029 5602 2166 5659 Vide

580 5670 910 5746 llesgjchiinu
942 5670 998 5728 in
1042 5672 1209 5743 ἴτριον
1242 5670 1298 5728 et
1326 5670 1655 5746 Favorinum
1692 5670 1747 5727 in
1779 5674 1946 5746 ίτρον.

654 5741 766 5809 (69)
799 5741 987 5819 Genus
1012 5741 1412 5819 _est_ni_0neta:,
1459 5745 1527 5819 de
1560 5760 1668 5814 quo
1704 5741 1928 5819 consule
1978 5744 2164 5819 Cangii

580 5812 880 5887 tilossa_ria.
938 5813 1033 5887 ubi
1060 5812 1315 5887 plurima
1343 5812 1591 5887 Acuriose
1626 5817 1923 5886 congessit.
1978 5812 2166 5887 Inepte

582 5882 748 5953 igitur
766 5880 1199 5951 Latinejvidetur
1220 5884 1355 5943 verti
1384 5886 1705 5949 esculentum
1736 5880 1890 5957 apud
1922 5880 2166 5946 Surium.

2346 5327 2457 5398 (70)
2486 5327 2757 5398 Nummus
2777 5338 2903 5398 pars
2926 5320 3119 5398 _te_rtia_
3149 5328 3257 5398 est_
3279 5313 3625 5398 quadrantis,
3671 5311 3844 5398 talenti

2268 5385 2453 5454 auiem’
2484 5413 2581 5453 seu
2625 5385 2793 5452 solidi
2825 5393 3042 5459 18,000.
3076 5390 3215 5447 Nam
3246 5385 3311 5443 ini
3325 5397 3405 5443 tot
3440 5385 3637 5457 νουμία
3671 5385 3844 5447 dividi,

2271 5472 2531 5526 observat
2560 5466 2880 5538 Hesychius.

2345 5523 2456 5612 (71)
2493 5523 2772 5612 Quidsibi
2803 5536 2927 5612 vult
2950 5534 3029 5599 είς
3079 5530 3367 5612 ἁϐϐἀᾷαςῖ
3402 5523 3846 5612 Ιηιρτρτρενιιριιιι

2275 5599 2743 5679 8ιιί·ἰιιήι”;ιεερρίι
2775 5623 2877 5678 pro
2910 5606 3028 5661 lusu
3069 5603 3414 5679 calculorum,
3450 5616 3559 5669 quo
3596 5599 3841 5679 calente,

2272 5666 2381 5752 quo
2418 5682 2576 5745 vade,
2608 5666 2717 5750 quo
2749 5666 3157 5752 teste,__nescio.
3208 5674 3300 5728 Sic
3334 5666 3518 5752 itaque
3559 5668 3729 5751 reddit
3760 5666 3849 5752 la-

2275 5743 2389 5810 tine
2419 5743 2569 5808 hunc»
2595 5743 2819 5824 sensum
2853 5770 2866 5803 ;
2896 5748 2961 5803 Et
2993 5755 3255 5824 creperum
3276 5759 3399 5824 eum
3425 5743 3619 5813 referre
3636 5743 3686 5794 in
3710 5746 3843 5793 cata-

2281 5827 2452 5897 logum
2474 5840 2673 5884 corum,
2694 5823 2782 5893 qui
2812 5830 2961 5875 erant
3004 5813 3169 5873 Ιιιέιιγὶ
3203 5813 3439 5872 calculis.
