  <div class='ocr_page' id='page_1' title='image "/cluster/home/n/w/nwhite01/storage/ocr_20150623/93/hvd.32044019208040/873.png"; bbox 0 0 4034 6454; ppageno 0'>
   <div class='ocr_carea' id='block_1_1' title="bbox 570 375 3869 465">
    <p class='ocr_par' dir='ltr' id='par_1_1' title="bbox 570 375 3869 465">
     <span class='ocr_line' id='line_1_1' title="bbox 570 375 3869 465; baseline -0.009 0"><span class='ocrx_word' id='word_1_1' title='bbox 570 399 701 465; x_wconf 70' lang='grc'><strong>1731</strong></span> <span class='ocrx_word' id='word_1_2' title='bbox 1580 388 1893 454; x_wconf 80' lang='lat' dir='ltr'><strong>LEONTII</strong></span> <span class='ocrx_word' id='word_1_3' title='bbox 1933 384 2451 449; x_wconf 76' lang='lat' dir='ltr'><strong>NEAPOLITANI</strong></span> <span class='ocrx_word' id='word_1_4' title='bbox 2488 380 2831 445; x_wconf 71' lang='lat' dir='ltr'><strong>EPJSCOPI</strong></span> <span class='ocrx_word' id='word_1_5' title='bbox 3722 375 3869 437; x_wconf 71' lang='lat'><strong>1732</strong></span> 
     </span>
    </p>
   </div>
   <div class='ocr_carea' id='block_1_2' title="bbox 536 490 2162 584">
    <p class='ocr_par' dir='ltr' id='par_1_2' title="bbox 536 498 2154 584">
     <span class='ocr_line' id='line_1_2' title="bbox 536 498 2154 584; baseline -0.01 -16"><span class='ocrx_word' id='word_1_6' title='bbox 536 527 739 584; x_wconf 84' lang='lat' dir='ltr'><strong>prope</strong></span> <span class='ocrx_word' id='word_1_7' title='bbox 786 519 995 582; x_wconf 88' lang='lat' dir='ltr'><strong>portam</strong></span> <span class='ocrx_word' id='word_1_8' title='bbox 1044 505 1298 573; x_wconf 72' lang='lat' dir='ltr'><strong>civitatis,</strong></span> <span class='ocrx_word' id='word_1_9' title='bbox 1348 504 1584 561; x_wconf 89' lang='lat' dir='ltr'><strong>dicens:</strong></span> <span class='ocrx_word' id='word_1_10' title='bbox 1629 503 1771 570; x_wconf 86' lang='lat' dir='ltr'><strong>Quid</strong></span> <span class='ocrx_word' id='word_1_11' title='bbox 1818 512 1919 581; x_wconf 80' lang='lat' dir='ltr'><strong>est,</strong></span> <span class='ocrx_word' id='word_1_12' title='bbox 1950 498 2154 557; x_wconf 84' lang='lat' dir='ltr'><strong>stulte?</strong></span> 
     </span>
    </p>
   </div>
   <div class='ocr_carea' id='block_1_3' title="bbox 2267 490 3869 584">
    <p class='ocr_par' dir='ltr' id='par_1_3' title="bbox 2267 490 3869 567">
     <span class='ocr_line' id='line_1_3' title="bbox 2267 490 3869 567; baseline -0.004 -17"><span class='ocrx_word' id='word_1_13' title='bbox 2267 495 2404 567; x_wconf 78' lang='grc' dir='ltr'>ιύτῷ</span> <span class='ocrx_word' id='word_1_14' title='bbox 2435 497 2515 560; x_wconf 81' lang='grc' dir='ltr'><strong>είς</strong></span> <span class='ocrx_word' id='word_1_15' title='bbox 2547 495 2649 567; x_wconf 79' lang='grc' dir='ltr'>τὴν</span> <span class='ocrx_word' id='word_1_16' title='bbox 2684 496 2899 567; x_wconf 72' lang='grc' dir='ltr'>πόρτιν</span> <span class='ocrx_word' id='word_1_17' title='bbox 2919 493 3019 564; x_wconf 77' lang='grc' dir='ltr'>τῆς</span> <span class='ocrx_word' id='word_1_18' title='bbox 3058 492 3265 555; x_wconf 73' lang='grc' dir='ltr'>πόλεως</span> <span class='ocrx_word' id='word_1_19' title='bbox 3314 492 3342 544; x_wconf 88' lang='lat'><strong>6</strong></span> <span class='ocrx_word' id='word_1_20' title='bbox 3377 490 3548 556; x_wconf 68' lang='lat'><em>6665.;</em></span> <span class='ocrx_word' id='word_1_21' title='bbox 3596 491 3869 561; x_wconf 76' lang='grc' dir='ltr'>Συμεὼν,</span> 
     </span>
    </p>
   </div>
   <div class='ocr_carea' id='block_1_4' title="bbox 568 584 2162 672">
    <p class='ocr_par' dir='ltr' id='par_1_4' title="bbox 568 594 2154 672">
     <span class='ocr_line' id='line_1_4' title="bbox 568 594 2154 672; baseline -0.006 -13"><span class='ocrx_word' id='word_1_22' title='bbox 568 603 672 672; x_wconf 80' lang='lat' dir='ltr'><strong>Qui</strong></span> <span class='ocrx_word' id='word_1_23' title='bbox 702 602 844 659; x_wconf 87' lang='lat' dir='ltr'><strong>valet</strong></span> <span class='ocrx_word' id='word_1_24' title='bbox 872 602 1091 668; x_wconf 89' lang='lat' dir='ltr'><strong>stultus,</strong></span> <span class='ocrx_word' id='word_1_25' title='bbox 1124 601 1201 656; x_wconf 89' lang='lat' dir='ltr'><strong>tui</strong></span> <span class='ocrx_word' id='word_1_26' title='bbox 1251 599 1446 654; x_wconf 75' lang='lat' dir='ltr'><strong>similis</strong></span> <span class='ocrx_word' id='word_1_27' title='bbox 1476 597 1762 653; x_wconf 84' lang='lat' dir='ltr'><strong>Joannes?</strong></span> <span class='ocrx_word' id='word_1_28' title='bbox 1803 594 1923 651; x_wconf 87' lang='lat' dir='ltr'><strong>Non</strong></span> <span class='ocrx_word' id='word_1_29' title='bbox 1965 610 2154 651; x_wconf 88' lang='lat' dir='ltr'><strong>come-</strong></span> 
     </span>
    </p>
   </div>
   <div class='ocr_carea' id='block_1_5' title="bbox 2267 584 3872 672">
    <p class='ocr_par' dir='ltr' id='par_1_5' title="bbox 2267 584 3872 662">
     <span class='ocr_line' id='line_1_5' title="bbox 2267 584 3872 662; baseline -0.005 -17"><span class='ocrx_word' id='word_1_30' title='bbox 2267 591 2429 662; x_wconf 65' lang='grc' dir='ltr'>λέγων</span> <span class='ocrx_word' id='word_1_31' title='bbox 2468 589 2636 661; x_wconf 80' lang='grc' dir='ltr'>αὐτῷ·</span> <span class='ocrx_word' id='word_1_32' title='bbox 2671 588 2934 654; x_wconf 78' lang='grc' dir='ltr'>Τίέστιν,</span> <span class='ocrx_word' id='word_1_33' title='bbox 2974 587 3175 659; x_wconf 73' lang='grc' dir='ltr'>ἔξηχες</span> <span class='ocrx_word' id='word_1_34' title='bbox 3230 586 3357 651; x_wconf 68' lang='grc' dir='ltr'><strong>πῶς</strong></span> <span class='ocrx_word' id='word_1_35' title='bbox 3388 585 3505 657; x_wconf 61' lang='lat' dir='ltr'><strong>[let</strong></span> <span class='ocrx_word' id='word_1_36' title='bbox 3558 587 3587 639; x_wconf 92' lang='lat'><strong>6</strong></span> <span class='ocrx_word' id='word_1_37' title='bbox 3614 584 3801 648; x_wconf 74' lang='grc' dir='ltr'>Σαλδς</span> <span class='ocrx_word' id='word_1_38' title='bbox 3841 585 3872 638; x_wconf 97' lang='lat'><strong>6</strong></span> 
     </span>
    </p>
   </div>
   <div class='ocr_carea' id='block_1_6' title="bbox 570 677 2162 767">
    <p class='ocr_par' dir='ltr' id='par_1_6' title="bbox 570 688 2157 767">
     <span class='ocr_line' id='line_1_6' title="bbox 570 688 2157 767; baseline -0.006 -16"><span class='ocrx_word' id='word_1_39' title='bbox 570 696 698 751; x_wconf 88' lang='lat' dir='ltr'><strong>disti</strong></span> <span class='ocrx_word' id='word_1_40' title='bbox 734 694 998 767; x_wconf 74' lang='lat' dir='ltr'><strong>eulogias,</strong></span> <span class='ocrx_word' id='word_1_41' title='bbox 1041 708 1177 763; x_wconf 85' lang='lat' dir='ltr'><strong>quas</strong></span> <span class='ocrx_word' id='word_1_42' title='bbox 1221 691 1319 746; x_wconf 89' lang='lat' dir='ltr'><strong>tibi</strong></span> <span class='ocrx_word' id='word_1_43' title='bbox 1371 690 1567 746; x_wconf 89' lang='lat' dir='ltr'><strong>dedit?</strong></span> <span class='ocrx_word' id='word_1_44' title='bbox 1605 689 1762 757; x_wconf 81' lang='lat' dir='ltr'><strong>Vere,</strong></span> <span class='ocrx_word' id='word_1_45' title='bbox 1794 704 1943 754; x_wconf 93' lang='lat' dir='ltr'><strong>vere,</strong></span> <span class='ocrx_word' id='word_1_46' title='bbox 1985 688 2030 743; x_wconf 90' lang='lat' dir='ltr'><strong>si</strong></span> <span class='ocrx_word' id='word_1_47' title='bbox 2065 703 2157 742; x_wconf 81' lang='lat' dir='ltr'><strong>co-</strong></span> 
     </span>
    </p>
   </div>
   <div class='ocr_carea' id='block_1_7' title="bbox 2267 677 3873 767">
    <p class='ocr_par' dir='ltr' id='par_1_7' title="bbox 2267 677 3873 757">
     <span class='ocr_line' id='line_1_7' title="bbox 2267 677 3873 757; baseline -0.006 -18"><span class='ocrx_word' id='word_1_48' title='bbox 2267 685 2439 757; x_wconf 83' lang='grc' dir='ltr'>5μοιός</span> <span class='ocrx_word' id='word_1_49' title='bbox 2481 702 2575 738; x_wconf 90' lang='grc' dir='ltr'><strong>σου</strong></span> <span class='ocrx_word' id='word_1_50' title='bbox 2617 682 2907 756; x_wconf 72' lang='grc' dir='ltr'>Ἰωάννηςς</span> <span class='ocrx_word' id='word_1_51' title='bbox 2951 681 3026 753; x_wconf 77' lang='grc' dir='ltr'>μὴ</span> <span class='ocrx_word' id='word_1_52' title='bbox 3077 681 3280 749; x_wconf 77' lang='grc' dir='ltr'><strong>ἔφαγες</strong></span> <span class='ocrx_word' id='word_1_53' title='bbox 3317 679 3419 746; x_wconf 68' lang='grc' dir='ltr'><strong>τὰς</strong></span> <span class='ocrx_word' id='word_1_54' title='bbox 3460 677 3765 748; x_wconf 77' lang='grc' dir='ltr'>εὐλογίας,</span> <span class='ocrx_word' id='word_1_55' title='bbox 3800 678 3873 741; x_wconf 68' lang='grc' dir='ltr'>ἃς</span> 
     </span>
    </p>
   </div>
   <div class='ocr_carea' id='block_1_8' title="bbox 568 771 2162 848">
    <p class='ocr_par' dir='ltr' id='par_1_8' title="bbox 568 778 2154 848">
     <span class='ocr_line' id='line_1_8' title="bbox 568 778 2154 848; baseline -0.006 -6"><span class='ocrx_word' id='word_1_56' title='bbox 568 788 835 843; x_wconf 81' lang='lat' dir='ltr'><strong>medisses</strong></span> <span class='ocrx_word' id='word_1_57' title='bbox 888 787 1051 841; x_wconf 87' lang='lat' dir='ltr'><strong>hasce</strong></span> <span class='ocrx_word' id='word_1_58' title='bbox 1107 794 1241 848; x_wconf 87' lang='lat' dir='ltr'><strong>tres,</strong></span> <span class='ocrx_word' id='word_1_59' title='bbox 1296 783 1435 839; x_wconf 85' lang='lat' dir='ltr'><strong>male</strong></span> <span class='ocrx_word' id='word_1_60' title='bbox 1494 782 1612 838; x_wconf 91' lang='lat' dir='ltr'><strong>illas</strong></span> <span class='ocrx_word' id='word_1_61' title='bbox 1660 782 1997 838; x_wconf 74' lang='lat' dir='ltr'><strong>decoxisses.</strong></span> <span class='ocrx_word' id='word_1_62' title='bbox 2063 778 2154 836; x_wconf 88' lang='lat' dir='ltr'><strong>Ille</strong></span> 
     </span>
    </p>
   </div>
   <div class='ocr_carea' id='block_1_9' title="bbox 2267 771 3873 848">
    <p class='ocr_par' dir='ltr' id='par_1_9' title="bbox 2267 771 3873 844">
     <span class='ocr_line' id='line_1_9' title="bbox 2267 771 3873 844; baseline -0.006 -13"><span class='ocrx_word' id='word_1_63' title='bbox 2267 777 2457 832; x_wconf 73' lang='grc' dir='ltr'>Βέδωκέ</span> <span class='ocrx_word' id='word_1_64' title='bbox 2479 794 2590 844; x_wconf 87' lang='grc' dir='ltr'>σοι;</span> <span class='ocrx_word' id='word_1_65' title='bbox 2621 776 2816 840; x_wconf 74' lang='grc' dir='ltr'>ὅντως,</span> <span class='ocrx_word' id='word_1_66' title='bbox 2846 775 3037 841; x_wconf 77' lang='grc' dir='ltr'>ὅντως,</span> <span class='ocrx_word' id='word_1_67' title='bbox 3073 772 3169 827; x_wconf 77' lang='grc' dir='ltr'><strong>ἐὰν</strong></span> <span class='ocrx_word' id='word_1_68' title='bbox 3198 773 3404 842; x_wconf 80' lang='grc' dir='ltr'><strong>ἔφαγες</strong></span> <span class='ocrx_word' id='word_1_69' title='bbox 3423 771 3521 835; x_wconf 81' lang='grc' dir='ltr'><strong>τὰς</strong></span> <span class='ocrx_word' id='word_1_70' title='bbox 3548 773 3724 843; x_wconf 84' lang='grc' dir='ltr'>τρεῖς,</span> <span class='ocrx_word' id='word_1_71' title='bbox 3761 788 3873 823; x_wconf 82' lang='grc' dir='ltr'>κα-</span> 
     </span>
    </p>
   </div>
   <div class='ocr_carea' id='block_1_10' title="bbox 571 860 2162 951">
    <p class='ocr_par' dir='ltr' id='par_1_10' title="bbox 571 875 2157 951">
     <span class='ocr_line' id='line_1_10' title="bbox 571 875 2157 951; baseline -0.004 -16"><span class='ocrx_word' id='word_1_72' title='bbox 571 880 753 951; x_wconf 85' lang='lat' dir='ltr'><strong>itaque</strong></span> <span class='ocrx_word' id='word_1_73' title='bbox 790 880 1093 951; x_wconf 89' lang='lat' dir='ltr'><strong>obstupuit,</strong></span> <span class='ocrx_word' id='word_1_74' title='bbox 1125 878 1219 934; x_wconf 88' lang='lat' dir='ltr'><strong>ubi</strong></span> <span class='ocrx_word' id='word_1_75' title='bbox 1264 878 1474 934; x_wconf 78' lang='lat' dir='ltr'><strong>audivit</strong></span> <span class='ocrx_word' id='word_1_76' title='bbox 1516 876 1719 943; x_wconf 85' lang='lat' dir='ltr'><strong>omnia,</strong></span> <span class='ocrx_word' id='word_1_77' title='bbox 1781 892 1903 947; x_wconf 79' lang='lat' dir='ltr'><strong>qua:</strong></span> <span class='ocrx_word' id='word_1_78' title='bbox 1936 875 2157 930; x_wconf 73' lang='lat' dir='ltr'><strong>velebat</strong></span> 
     </span>
    </p>
   </div>
   <div class='ocr_carea' id='block_1_11' title="bbox 2267 860 3871 951">
    <p class='ocr_par' dir='ltr' id='par_1_11' title="bbox 2267 860 3871 935">
     <span class='ocr_line' id='line_1_11' title="bbox 2267 860 3871 935; baseline -0.006 -10"><span class='ocrx_word' id='word_1_79' title='bbox 2267 871 2369 935; x_wconf 76' lang='grc' dir='ltr'>κῶς</span> <span class='ocrx_word' id='word_1_80' title='bbox 2416 868 2585 934; x_wconf 80' lang='grc' dir='ltr'>αὑτὰς</span> <span class='ocrx_word' id='word_1_81' title='bbox 2654 868 2895 932; x_wconf 76' lang='grc' dir='ltr'>πέττεις.</span> <span class='ocrx_word' id='word_1_82' title='bbox 2962 864 3201 929; x_wconf 84' lang='grc' dir='ltr'>Ἐκεῖνος</span> <span class='ocrx_word' id='word_1_83' title='bbox 3237 860 3331 920; x_wconf 81' lang='grc' dir='ltr'>οὖν</span> <span class='ocrx_word' id='word_1_84' title='bbox 3390 863 3726 935; x_wconf 72' lang='grc' dir='ltr'>ἔθαμϐήθη,</span> <span class='ocrx_word' id='word_1_85' title='bbox 3791 860 3871 925; x_wconf 80' lang='grc' dir='ltr'><strong>ὡς</strong></span> 
     </span>
    </p>
   </div>
   <div class='ocr_carea' id='block_1_12' title="bbox 570 953 2162 1046">
    <p class='ocr_par' dir='ltr' id='par_1_12' title="bbox 570 968 2154 1046">
     <span class='ocr_line' id='line_1_12' title="bbox 570 968 2154 1046; baseline -0.006 -16"><span class='ocrx_word' id='word_1_86' title='bbox 570 974 673 1046; x_wconf 88' lang='lat' dir='ltr'><strong>ipsi</strong></span> <span class='ocrx_word' id='word_1_87' title='bbox 698 975 903 1031; x_wconf 85' lang='lat' dir='ltr'><strong>dicere.</strong></span> <span class='ocrx_word' id='word_1_88' title='bbox 941 972 1171 1045; x_wconf 78' lang='lat' dir='ltr'><strong>Excepit</strong></span> <span class='ocrx_word' id='word_1_89' title='bbox 1198 972 1381 1043; x_wconf 77' lang='lat' dir='ltr'><strong>itaque</strong></span> <span class='ocrx_word' id='word_1_90' title='bbox 1410 987 1537 1025; x_wconf 89' lang='lat' dir='ltr'><strong>eum</strong></span> <span class='ocrx_word' id='word_1_91' title='bbox 1570 970 1753 1025; x_wconf 88' lang='lat' dir='ltr'><strong>statim</strong></span> <span class='ocrx_word' id='word_1_92' title='bbox 1795 970 1849 1023; x_wconf 94' lang='lat' dir='ltr'><strong>in</strong></span> <span class='ocrx_word' id='word_1_93' title='bbox 1875 968 2154 1039; x_wconf 82' lang='lat' dir='ltr'><strong>tugurium</strong></span> 
     </span>
    </p>
   </div>
   <div class='ocr_carea' id='block_1_13' title="bbox 2267 953 3872 1046">
    <p class='ocr_par' dir='ltr' id='par_1_13' title="bbox 2267 953 3872 1030">
     <span class='ocr_line' id='line_1_13' title="bbox 2267 953 3872 1030; baseline -0.005 -18"><span class='ocrx_word' id='word_1_94' title='bbox 2267 959 2458 1030; x_wconf 64' lang='grc' dir='ltr'>ἢκουσε</span> <span class='ocrx_word' id='word_1_95' title='bbox 2506 959 2704 1021; x_wconf 71' lang='grc' dir='ltr'>πάντα,</span> <span class='ocrx_word' id='word_1_96' title='bbox 2745 956 2846 1011; x_wconf 86' lang='grc' dir='ltr'>ὃσα</span> <span class='ocrx_word' id='word_1_97' title='bbox 2876 954 3138 1026; x_wconf 71' lang='grc' dir='ltr'>ἠϐούλετο</span> <span class='ocrx_word' id='word_1_98' title='bbox 3196 956 3373 1009; x_wconf 72' lang='grc' dir='ltr'>εἰπεῖν</span> <span class='ocrx_word' id='word_1_99' title='bbox 3405 954 3577 1024; x_wconf 81' lang='grc' dir='ltr'>αὐτῷ.</span> <span class='ocrx_word' id='word_1_100' title='bbox 3614 953 3872 1006; x_wconf 77' lang='grc' dir='ltr'>Ἔλαϐεν</span> 
     </span>
    </p>
   </div>
   <div class='ocr_carea' id='block_1_14' title="bbox 570 1044 2162 1136">
    <p class='ocr_par' dir='ltr' id='par_1_14' title="bbox 570 1044 2156 1136">
     <span class='ocr_line' id='line_1_14' title="bbox 570 1044 2156 1136; baseline -0.004 -14"><span class='ocrx_word' id='word_1_101' title='bbox 570 1044 731 1122; x_wconf 76' lang='lat' dir='ltr'><strong>suum</strong></span> <span class='ocrx_word' id='word_1_102' title='bbox 761 1065 954 1134; x_wconf 88' lang='lat' dir='ltr'><strong>Salus;</strong></span> <span class='ocrx_word' id='word_1_103' title='bbox 978 1075 1141 1136; x_wconf 89' lang='lat' dir='ltr'><strong>atque</strong></span> <span class='ocrx_word' id='word_1_104' title='bbox 1170 1066 1245 1120; x_wconf 88' lang='lat' dir='ltr'><strong>ita</strong></span> <span class='ocrx_word' id='word_1_105' title='bbox 1274 1062 1635 1120; x_wconf 82' lang='lat' dir='ltr'><strong>conﬁrmabat</strong></span> <span class='ocrx_word' id='word_1_106' title='bbox 1661 1060 2156 1125; x_wconf 87' lang='lat' dir='ltr'><strong>mercator,omnia</strong></span> 
     </span>
    </p>
   </div>
   <div class='ocr_carea' id='block_1_15' title="bbox 2267 1044 3873 1136">
    <p class='ocr_par' dir='ltr' id='par_1_15' title="bbox 2267 1044 3873 1112">
     <span class='ocr_line' id='line_1_15' title="bbox 2267 1044 3873 1112; baseline -0.006 -7"><span class='ocrx_word' id='word_1_107' title='bbox 2267 1046 2349 1105; x_wconf 61' lang='grc' dir='ltr'>οὖν</span> <span class='ocrx_word' id='word_1_108' title='bbox 2380 1050 2541 1103; x_wconf 78' lang='grc' dir='ltr'>αὑτὸν</span> <span class='ocrx_word' id='word_1_109' title='bbox 2579 1046 2783 1112; x_wconf 75' lang='grc' dir='ltr'>εὐθέως</span> <span class='ocrx_word' id='word_1_110' title='bbox 2812 1050 2894 1111; x_wconf 81' lang='grc' dir='ltr'><strong>εἰς</strong></span> <span class='ocrx_word' id='word_1_111' title='bbox 2920 1048 2983 1102; x_wconf 79' lang='grc' dir='ltr'>τὸ</span> <span class='ocrx_word' id='word_1_112' title='bbox 3010 1046 3270 1102; x_wconf 74' lang='grc' dir='ltr'>καλύϐιον</span> <span class='ocrx_word' id='word_1_113' title='bbox 3294 1046 3460 1102; x_wconf 80' lang='grc' dir='ltr'>αὐτοῦ</span> <span class='ocrx_word' id='word_1_114' title='bbox 3487 1048 3517 1099; x_wconf 90' lang='lat'><strong>6</strong></span> <span class='ocrx_word' id='word_1_115' title='bbox 3547 1044 3749 1108; x_wconf 81' lang='grc' dir='ltr'>Σαλὺς,</span> <span class='ocrx_word' id='word_1_116' title='bbox 3769 1044 3873 1096; x_wconf 77' lang='grc' dir='ltr'>καὶ</span> 
     </span>
    </p>
   </div>
   <div class='ocr_carea' id='block_1_16' title="bbox 546 1135 2162 1231">
    <p class='ocr_par' dir='ltr' id='par_1_16' title="bbox 546 1135 2153 1231">
     <span class='ocr_line' id='line_1_16' title="bbox 546 1135 2153 1231; baseline -0.004 -18"><span class='ocrx_word' id='word_1_117' title='bbox 546 1158 674 1231; x_wconf 80' lang='lat' dir='ltr'><strong>sibi</strong></span> <span class='ocrx_word' id='word_1_118' title='bbox 699 1159 890 1213; x_wconf 89' lang='lat' dir='ltr'><strong>eadem</strong></span> <span class='ocrx_word' id='word_1_119' title='bbox 939 1135 1261 1228; x_wconf 83' lang='lat' dir='ltr'><strong>apposuisse</strong></span> <span class='ocrx_word' id='word_1_120' title='bbox 1315 1172 1441 1211; x_wconf 92' lang='lat' dir='ltr'><strong>eum</strong></span> <span class='ocrx_word' id='word_1_121' title='bbox 1497 1156 1617 1211; x_wconf 83' lang='lat' dir='ltr'><strong>sine</strong></span> <span class='ocrx_word' id='word_1_122' title='bbox 1672 1155 1781 1209; x_wconf 91' lang='lat' dir='ltr'><strong>ulla</strong></span> <span class='ocrx_word' id='word_1_123' title='bbox 1830 1152 2153 1219; x_wconf 89' lang='lat' dir='ltr'><strong>mutatione,</strong></span> 
     </span>
    </p>
   </div>
   <div class='ocr_carea' id='block_1_17' title="bbox 2267 1135 3874 1231">
    <p class='ocr_par' dir='ltr' id='par_1_17' title="bbox 2267 1135 3874 1211">
     <span class='ocr_line' id='line_1_17' title="bbox 2267 1135 3874 1211; baseline -0.004 -18"><span class='ocrx_word' id='word_1_124' title='bbox 2267 1139 2430 1203; x_wconf 64' lang='lat' dir='ltr'><strong>36m);</strong></span> <span class='ocrx_word' id='word_1_125' title='bbox 2453 1136 2815 1210; x_wconf 76' lang='grc' dir='ltr'><strong>διισχυρίζετο</strong></span> <span class='ocrx_word' id='word_1_126' title='bbox 2844 1141 2872 1193; x_wconf 93' lang='lat'><strong>6</strong></span> <span class='ocrx_word' id='word_1_127' title='bbox 2902 1138 3357 1211; x_wconf 73' lang='grc' dir='ltr'><strong>πραγματευτὴς,</strong></span> <span class='ocrx_word' id='word_1_128' title='bbox 3391 1138 3475 1192; x_wconf 86' lang='grc' dir='ltr'>ὅτι</span> <span class='ocrx_word' id='word_1_129' title='bbox 3503 1135 3694 1191; x_wconf 77' lang='grc' dir='ltr'>Πάντα</span> <span class='ocrx_word' id='word_1_130' title='bbox 3714 1136 3874 1188; x_wconf 79' lang='grc' dir='ltr'>ἁπα-</span> 
     </span>
    </p>
   </div>
   <div class='ocr_carea' id='block_1_18' title="bbox 570 1244 2154 1319">
    <p class='ocr_par' dir='ltr' id='par_1_18' title="bbox 570 1244 2154 1319">
     <span class='ocr_line' id='line_1_18' title="bbox 570 1244 2154 1319; baseline -0.004 -15"><span class='ocrx_word' id='word_1_131' title='bbox 570 1249 713 1306; x_wconf 76' lang='grc' dir='ltr'>εῖοιιῐ</span> <span class='ocrx_word' id='word_1_132' title='bbox 738 1249 943 1304; x_wconf 76' lang='lat' dir='ltr'><strong>iecerat</strong></span> <span class='ocrx_word' id='word_1_133' title='bbox 971 1250 1138 1304; x_wconf 83' lang='lat' dir='ltr'><strong>abbas</strong></span> <span class='ocrx_word' id='word_1_134' title='bbox 1177 1248 1440 1313; x_wconf 88' lang='lat' dir='ltr'><strong>Joannes,</strong></span> <span class='ocrx_word' id='word_1_135' title='bbox 1467 1262 1641 1319; x_wconf 86' lang='lat' dir='ltr'><strong>usque</strong></span> <span class='ocrx_word' id='word_1_136' title='bbox 1666 1247 1736 1302; x_wconf 90' lang='lat' dir='ltr'><strong>ad</strong></span> <span class='ocrx_word' id='word_1_137' title='bbox 1770 1245 1945 1317; x_wconf 88' lang='lat' dir='ltr'><strong>ipsam</strong></span> <span class='ocrx_word' id='word_1_138' title='bbox 1974 1244 2154 1316; x_wconf 88' lang='lat' dir='ltr'><strong>poculi</strong></span> 
     </span>
    </p>
   </div>
   <div class='ocr_carea' id='block_1_19' title="bbox 569 1340 2159 1413">
    <p class='ocr_par' dir='ltr' id='par_1_19' title="bbox 569 1340 2159 1413">
     <span class='ocr_line' id='line_1_19' title="bbox 569 1340 2159 1413; baseline -0.002 -16"><span class='ocrx_word' id='word_1_139' title='bbox 569 1342 1025 1413; x_wconf 76' lang='lat' dir='ltr'><strong>magnitudinem,</strong></span> <span class='ocrx_word' id='word_1_140' title='bbox 1057 1342 1199 1412; x_wconf 89' lang='lat' dir='ltr'><strong>quod</strong></span> <span class='ocrx_word' id='word_1_141' title='bbox 1244 1341 1302 1397; x_wconf 87' lang='lat' dir='ltr'><strong>in</strong></span> <span class='ocrx_word' id='word_1_142' title='bbox 1333 1342 1592 1412; x_wconf 64' lang='lat' dir='ltr'><strong>spelunca</strong></span> <span class='ocrx_word' id='word_1_143' title='bbox 1644 1342 1765 1411; x_wconf 86' lang='lat' dir='ltr'><strong>ejus</strong></span> <span class='ocrx_word' id='word_1_144' title='bbox 1807 1340 2038 1395; x_wconf 76' lang='lat' dir='ltr'><strong>viderat.</strong></span> <span class='ocrx_word' id='word_1_145' title='bbox 2091 1340 2159 1395; x_wconf 85' lang='lat' dir='ltr'><strong>Et</strong></span> 
     </span>
    </p>
   </div>
   <div class='ocr_carea' id='block_1_20' title="bbox 569 1433 2158 1505">
    <p class='ocr_par' dir='ltr' id='par_1_20' title="bbox 569 1433 2158 1505">
     <span class='ocr_line' id='line_1_20' title="bbox 569 1433 2158 1505; baseline 0.001 -17"><span class='ocrx_word' id='word_1_146' title='bbox 569 1435 789 1505; x_wconf 86' lang='lat' dir='ltr'><strong>quando</strong></span> <span class='ocrx_word' id='word_1_147' title='bbox 837 1435 1272 1497; x_wconf 89' lang='lat' dir='ltr'><strong>comederamus.</strong></span> <span class='ocrx_word' id='word_1_148' title='bbox 1321 1434 1446 1489; x_wconf 89' lang='lat' dir='ltr'><strong>dedi</strong></span> <span class='ocrx_word' id='word_1_149' title='bbox 1500 1434 1626 1505; x_wconf 87' lang='lat' dir='ltr'><strong>ipsi,</strong></span> <span class='ocrx_word' id='word_1_150' title='bbox 1688 1433 1996 1504; x_wconf 73' lang='lat' dir='ltr'><strong>inquiebat,</strong></span> <span class='ocrx_word' id='word_1_151' title='bbox 2047 1442 2158 1489; x_wconf 90' lang='lat' dir='ltr'><strong>tres</strong></span> 
     </span>
    </p>
   </div>
   <div class='ocr_carea' id='block_1_21' title="bbox 571 1527 2158 1599">
    <p class='ocr_par' dir='ltr' id='par_1_21' title="bbox 571 1527 2158 1599">
     <span class='ocr_line' id='line_1_21' title="bbox 571 1527 2158 1599; baseline -0.001 -16"><span class='ocrx_word' id='word_1_152' title='bbox 571 1527 834 1599; x_wconf 76' lang='lat' dir='ltr'><strong>eulogias,</strong></span> <span class='ocrx_word' id='word_1_153' title='bbox 866 1536 921 1583; x_wconf 89' lang='lat' dir='ltr'><strong>et</strong></span> <span class='ocrx_word' id='word_1_154' title='bbox 963 1531 1166 1583; x_wconf 84' lang='lat' dir='ltr'><strong>recessi</strong></span> <span class='ocrx_word' id='word_1_155' title='bbox 1218 1528 1274 1582; x_wconf 92' lang='lat' dir='ltr'><strong>in</strong></span> <span class='ocrx_word' id='word_1_156' title='bbox 1327 1527 1551 1583; x_wconf 83' lang='lat' dir='ltr'><strong>domum</strong></span> <span class='ocrx_word' id='word_1_157' title='bbox 1597 1542 1796 1591; x_wconf 84' lang='lat' dir='ltr'><strong>meam,</strong></span> <span class='ocrx_word' id='word_1_158' title='bbox 1829 1527 2158 1582; x_wconf 90' lang='lat' dir='ltr'><strong>erubescens</strong></span> 
     </span>
    </p>
   </div>
   <div class='ocr_carea' id='block_1_22' title="bbox 570 1619 2157 1691">
    <p class='ocr_par' dir='ltr' id='par_1_22' title="bbox 570 1619 2157 1691">
     <span class='ocr_line' id='line_1_22' title="bbox 570 1619 2157 1691; baseline 0.002 -19"><span class='ocrx_word' id='word_1_159' title='bbox 570 1619 869 1690; x_wconf 83' lang='lat' dir='ltr'><strong>quidquam</strong></span> <span class='ocrx_word' id='word_1_160' title='bbox 911 1620 1165 1691; x_wconf 87' lang='lat' dir='ltr'><strong>cuiquam</strong></span> <span class='ocrx_word' id='word_1_161' title='bbox 1208 1620 1275 1674; x_wconf 92' lang='lat' dir='ltr'><strong>de</strong></span> <span class='ocrx_word' id='word_1_162' title='bbox 1305 1619 1424 1691; x_wconf 83' lang='lat' dir='ltr'><strong>ipso</strong></span> <span class='ocrx_word' id='word_1_163' title='bbox 1456 1620 1661 1687; x_wconf 90' lang='lat' dir='ltr'><strong>dicere,</strong></span> <span class='ocrx_word' id='word_1_164' title='bbox 1706 1619 1799 1690; x_wconf 91' lang='lat' dir='ltr'><strong>qui</strong></span> <span class='ocrx_word' id='word_1_165' title='bbox 1834 1635 2027 1675; x_wconf 91' lang='lat' dir='ltr'><strong>omnes</strong></span> <span class='ocrx_word' id='word_1_166' title='bbox 2059 1634 2157 1690; x_wconf 87' lang='lat' dir='ltr'><strong>pro</strong></span> 
     </span>
    </p>
   </div>
   <div class='ocr_carea' id='block_1_23' title="bbox 571 1711 1607 1768">
    <p class='ocr_par' dir='ltr' id='par_1_23' title="bbox 571 1711 1607 1768">
     <span class='ocr_line' id='line_1_23' title="bbox 571 1711 1607 1768; baseline -0.002 0"><span class='ocrx_word' id='word_1_167' title='bbox 571 1720 724 1768; x_wconf 82' lang='lat' dir='ltr'><strong>certo</strong></span> <span class='ocrx_word' id='word_1_168' title='bbox 751 1712 1024 1768; x_wconf 86' lang='lat' dir='ltr'><strong>habebant</strong></span> <span class='ocrx_word' id='word_1_169' title='bbox 1053 1727 1177 1767; x_wconf 90' lang='lat' dir='ltr'><strong>eum</strong></span> <span class='ocrx_word' id='word_1_170' title='bbox 1215 1727 1338 1767; x_wconf 89' lang='lat' dir='ltr'><strong>esse</strong></span> <span class='ocrx_word' id='word_1_171' title='bbox 1374 1711 1607 1767; x_wconf 80' lang='lat' dir='ltr'><strong>fatuum.</strong></span> 
     </span>
    </p>
   </div>
   <div class='ocr_carea' id='block_1_24' title="bbox 641 1889 2157 1964">
    <p class='ocr_par' dir='ltr' id='par_1_24' title="bbox 641 1889 2157 1964">
     <span class='ocr_line' id='line_1_24' title="bbox 641 1889 2157 1964; baseline -0.003 -16"><span class='ocrx_word' id='word_1_172' title='bbox 641 1890 731 1950; x_wconf 82' lang='lat'><strong>50.</strong></span> <span class='ocrx_word' id='word_1_173' title='bbox 772 1890 1017 1947; x_wconf 76' lang='lat' dir='ltr'><strong>Diximus</strong></span> <span class='ocrx_word' id='word_1_174' title='bbox 1043 1892 1299 1963; x_wconf 88' lang='lat' dir='ltr'><strong>superius</strong></span> <span class='ocrx_word' id='word_1_175' title='bbox 1327 1892 1462 1963; x_wconf 77' lang='lat'><strong>(73),</strong></span> <span class='ocrx_word' id='word_1_176' title='bbox 1486 1891 1632 1963; x_wconf 89' lang='lat' dir='ltr'><strong>quod</strong></span> <span class='ocrx_word' id='word_1_177' title='bbox 1662 1889 1889 1964; x_wconf 89' lang='lat' dir='ltr'><strong>patrarit</strong></span> <span class='ocrx_word' id='word_1_178' title='bbox 1914 1891 2157 1947; x_wconf 82' lang='lat' dir='ltr'><strong>miracu-</strong></span> 
     </span>
    </p>
   </div>
   <div class='ocr_carea' id='block_1_25' title="bbox 569 1985 2158 2057">
    <p class='ocr_par' dir='ltr' id='par_1_25' title="bbox 569 1985 2158 2057">
     <span class='ocr_line' id='line_1_25' title="bbox 569 1985 2158 2057; baseline -0.002 -15"><span class='ocrx_word' id='word_1_179' title='bbox 569 1985 684 2043; x_wconf 90' lang='lat' dir='ltr'><strong>lum</strong></span> <span class='ocrx_word' id='word_1_180' title='bbox 717 1986 936 2057; x_wconf 87' lang='lat' dir='ltr'><strong>aliquod</strong></span> <span class='ocrx_word' id='word_1_181' title='bbox 973 1986 1028 2040; x_wconf 91' lang='lat' dir='ltr'><strong>in</strong></span> <span class='ocrx_word' id='word_1_182' title='bbox 1074 1986 1195 2041; x_wconf 88' lang='lat' dir='ltr'><strong>viro</strong></span> <span class='ocrx_word' id='word_1_183' title='bbox 1252 1986 1346 2041; x_wconf 86' lang='lat' dir='ltr'><strong>Dei</strong></span> <span class='ocrx_word' id='word_1_184' title='bbox 1391 1994 1631 2050; x_wconf 84' lang='lat' dir='ltr'><strong>amante,</strong></span> <span class='ocrx_word' id='word_1_185' title='bbox 1680 1986 1774 2057; x_wconf 90' lang='lat' dir='ltr'><strong>qui</strong></span> <span class='ocrx_word' id='word_1_186' title='bbox 1821 1985 1990 2041; x_wconf 85' lang='lat' dir='ltr'><strong>vitam</strong></span> <span class='ocrx_word' id='word_1_187' title='bbox 2038 1986 2158 2054; x_wconf 86' lang='lat' dir='ltr'><strong>ejus</strong></span> 
     </span>
    </p>
   </div>
   <div class='ocr_carea' id='block_1_26' title="bbox 570 2074 2159 2146">
    <p class='ocr_par' dir='ltr' id='par_1_26' title="bbox 570 2074 2159 2146">
     <span class='ocr_line' id='line_1_26' title="bbox 570 2074 2159 2146; baseline -0.002 -13"><span class='ocrx_word' id='word_1_188' title='bbox 570 2077 732 2133; x_wconf 88' lang='lat' dir='ltr'><strong>nobis</strong></span> <span class='ocrx_word' id='word_1_189' title='bbox 789 2076 1061 2146; x_wconf 78' lang='lat' dir='ltr'><strong>exposuit.</strong></span> <span class='ocrx_word' id='word_1_190' title='bbox 1116 2074 1357 2146; x_wconf 74' lang='lat' dir='ltr'><strong>Contigit</strong></span> <span class='ocrx_word' id='word_1_191' title='bbox 1422 2084 1607 2130; x_wconf 87' lang='lat' dir='ltr'><strong>autem</strong></span> <span class='ocrx_word' id='word_1_192' title='bbox 1669 2076 1997 2131; x_wconf 91' lang='lat' dir='ltr'><strong>miraculum</strong></span> <span class='ocrx_word' id='word_1_193' title='bbox 2053 2076 2159 2130; x_wconf 87' lang='lat' dir='ltr'><strong>hoc</strong></span> 
     </span>
    </p>
   </div>
   <div class='ocr_carea' id='block_1_27' title="bbox 571 2167 2159 2238">
    <p class='ocr_par' dir='ltr' id='par_1_27' title="bbox 571 2167 2159 2238">
     <span class='ocr_line' id='line_1_27' title="bbox 571 2167 2159 2238; baseline -0.001 -15"><span class='ocrx_word' id='word_1_194' title='bbox 571 2168 783 2223; x_wconf 87' lang='lat' dir='ltr'><strong>modo:</strong></span> <span class='ocrx_word' id='word_1_195' title='bbox 817 2167 1044 2223; x_wconf 77' lang='lat' dir='ltr'><strong>Maleﬁci</strong></span> <span class='ocrx_word' id='word_1_196' title='bbox 1089 2167 1311 2238; x_wconf 84' lang='lat' dir='ltr'><strong>quidam</strong></span> <span class='ocrx_word' id='word_1_197' title='bbox 1351 2167 1632 2223; x_wconf 87' lang='lat' dir='ltr'><strong>hominem</strong></span> <span class='ocrx_word' id='word_1_198' title='bbox 1685 2167 2029 2229; x_wconf 89' lang='lat' dir='ltr'><strong>occiderunt.</strong></span> <span class='ocrx_word' id='word_1_199' title='bbox 2098 2184 2159 2222; x_wconf 81' lang='lat' dir='ltr'><strong>a-</strong></span> 
     </span>
    </p>
   </div>
   <div class='ocr_carea' id='block_1_28' title="bbox 574 2258 2160 2331">
    <p class='ocr_par' dir='ltr' id='par_1_28' title="bbox 574 2258 2160 2331">
     <span class='ocr_line' id='line_1_28' title="bbox 574 2258 2160 2331; baseline -0.002 -16"><span class='ocrx_word' id='word_1_200' title='bbox 574 2260 831 2331; x_wconf 89' lang='lat' dir='ltr'><strong>breptum</strong></span> <span class='ocrx_word' id='word_1_201' title='bbox 858 2260 1091 2316; x_wconf 87' lang='lat' dir='ltr'><strong>cadaver</strong></span> <span class='ocrx_word' id='word_1_202' title='bbox 1121 2258 1232 2330; x_wconf 76' lang='lat'><strong>(74)</strong></span> <span class='ocrx_word' id='word_1_203' title='bbox 1256 2259 1608 2330; x_wconf 72' lang='lat' dir='ltr'><strong>proiecerunt</strong></span> <span class='ocrx_word' id='word_1_204' title='bbox 1641 2275 1740 2329; x_wconf 89' lang='lat' dir='ltr'><strong>per</strong></span> <span class='ocrx_word' id='word_1_205' title='bbox 1778 2258 2073 2315; x_wconf 76' lang='lat' dir='ltr'><strong>fenestram</strong></span> <span class='ocrx_word' id='word_1_206' title='bbox 2104 2258 2160 2313; x_wconf 91' lang='lat' dir='ltr'><strong>in</strong></span> 
     </span>
    </p>
   </div>
   <div class='ocr_carea' id='block_1_29' title="bbox 569 2352 2159 2424">
    <p class='ocr_par' dir='ltr' id='par_1_29' title="bbox 569 2352 2159 2424">
     <span class='ocr_line' id='line_1_29' title="bbox 569 2352 2159 2424; baseline -0.002 -15"><span class='ocrx_word' id='word_1_207' title='bbox 569 2352 796 2409; x_wconf 84' lang='lat' dir='ltr'><strong>domum</strong></span> <span class='ocrx_word' id='word_1_208' title='bbox 825 2353 926 2409; x_wconf 85' lang='lat' dir='ltr'><strong>viri</strong></span> <span class='ocrx_word' id='word_1_209' title='bbox 967 2353 1062 2409; x_wconf 85' lang='lat' dir='ltr'><strong>Dei</strong></span> <span class='ocrx_word' id='word_1_210' title='bbox 1102 2352 1463 2408; x_wconf 89' lang='lat' dir='ltr'><strong>amantissimi</strong></span> <span class='ocrx_word' id='word_1_211' title='bbox 1495 2353 1761 2423; x_wconf 67' lang='lat' dir='ltr'><strong>praedicti.</strong></span> <span class='ocrx_word' id='word_1_212' title='bbox 1805 2352 1925 2407; x_wconf 80' lang='lat' dir='ltr'><strong>Non</strong></span> <span class='ocrx_word' id='word_1_213' title='bbox 1977 2352 2159 2424; x_wconf 78' lang='lat' dir='ltr'><strong>parvis</strong></span> 
     </span>
    </p>
   </div>
   <div class='ocr_carea' id='block_1_30' title="bbox 571 2443 2159 2517">
    <p class='ocr_par' dir='ltr' id='par_1_30' title="bbox 571 2443 2159 2517">
     <span class='ocr_line' id='line_1_30' title="bbox 571 2443 2159 2517; baseline -0.002 -16"><span class='ocrx_word' id='word_1_214' title='bbox 571 2443 740 2517; x_wconf 75' lang='lat' dir='ltr'><strong>igitur</strong></span> <span class='ocrx_word' id='word_1_215' title='bbox 759 2444 1047 2501; x_wconf 89' lang='lat' dir='ltr'><strong>concitatis</strong></span> <span class='ocrx_word' id='word_1_216' title='bbox 1076 2445 1273 2507; x_wconf 87' lang='lat' dir='ltr'><strong>turbis,</strong></span> <span class='ocrx_word' id='word_1_217' title='bbox 1303 2461 1392 2501; x_wconf 86' lang='lat' dir='ltr'><strong>res</strong></span> <span class='ocrx_word' id='word_1_218' title='bbox 1423 2444 1489 2499; x_wconf 91' lang='lat' dir='ltr'><strong>ad</strong></span> <span class='ocrx_word' id='word_1_219' title='bbox 1521 2453 1815 2516; x_wconf 71' lang='lat' dir='ltr'><strong>praetorem</strong></span> <span class='ocrx_word' id='word_1_220' title='bbox 1847 2444 2026 2500; x_wconf 87' lang='lat' dir='ltr'><strong>delata</strong></span> <span class='ocrx_word' id='word_1_221' title='bbox 2054 2451 2159 2513; x_wconf 91' lang='lat' dir='ltr'><strong>est,</strong></span> 
     </span>
    </p>
   </div>
   <div class='ocr_carea' id='block_1_31' title="bbox 570 2536 2160 2610">
    <p class='ocr_par' dir='ltr' id='par_1_31' title="bbox 570 2536 2160 2610">
     <span class='ocr_line' id='line_1_31' title="bbox 570 2536 2160 2610; baseline -0.001 -16"><span class='ocrx_word' id='word_1_222' title='bbox 570 2539 665 2609; x_wconf 88' lang='lat' dir='ltr'><strong>qui</strong></span> <span class='ocrx_word' id='word_1_223' title='bbox 696 2539 991 2610; x_wconf 84' lang='lat' dir='ltr'><strong>suspendio</strong></span> <span class='ocrx_word' id='word_1_224' title='bbox 1016 2536 1222 2593; x_wconf 78' lang='lat' dir='ltr'><strong>addixit</strong></span> <span class='ocrx_word' id='word_1_225' title='bbox 1252 2537 1544 2593; x_wconf 89' lang='lat' dir='ltr'><strong>Dominum</strong></span> <span class='ocrx_word' id='word_1_226' title='bbox 1572 2537 1860 2593; x_wconf 86' lang='lat' dir='ltr'><strong>Joannem.</strong></span> <span class='ocrx_word' id='word_1_227' title='bbox 1905 2538 2160 2593; x_wconf 85' lang='lat' dir='ltr'><strong>Tendens</strong></span> 
     </span>
    </p>
   </div>
   <div class='ocr_carea' id='block_1_32' title="bbox 538 2629 2156 2703">
    <p class='ocr_par' dir='ltr' id='par_1_32' title="bbox 538 2629 2156 2703">
     <span class='ocr_line' id='line_1_32' title="bbox 538 2629 2156 2703; baseline -0.001 -18"><span class='ocrx_word' id='word_1_228' title='bbox 538 2629 640 2703; x_wconf 83' lang='lat' dir='ltr'><strong>ad</strong></span> <span class='ocrx_word' id='word_1_229' title='bbox 669 2640 924 2696; x_wconf 89' lang='lat' dir='ltr'><strong>mortem,</strong></span> <span class='ocrx_word' id='word_1_230' title='bbox 953 2631 1091 2685; x_wconf 86' lang='lat' dir='ltr'><strong>nihil</strong></span> <span class='ocrx_word' id='word_1_231' title='bbox 1127 2631 1276 2686; x_wconf 88' lang='lat' dir='ltr'><strong>aliud</strong></span> <span class='ocrx_word' id='word_1_232' title='bbox 1314 2647 1502 2687; x_wconf 91' lang='lat' dir='ltr'><strong>secum</strong></span> <span class='ocrx_word' id='word_1_233' title='bbox 1537 2631 1774 2695; x_wconf 89' lang='lat' dir='ltr'><strong>dicebat,</strong></span> <span class='ocrx_word' id='word_1_234' title='bbox 1806 2646 1969 2702; x_wconf 90' lang='lat' dir='ltr'><strong>quam</strong></span> <span class='ocrx_word' id='word_1_235' title='bbox 2010 2630 2156 2685; x_wconf 89' lang='lat' dir='ltr'><strong>hoc:</strong></span> 
     </span>
    </p>
   </div>
   <div class='ocr_carea' id='block_1_33' title="bbox 571 2712 2161 2787">
    <p class='ocr_par' dir='ltr' id='par_1_33' title="bbox 571 2712 2161 2787">
     <span class='ocr_line' id='line_1_33' title="bbox 571 2712 2161 2787; baseline -0.001 -10"><span class='ocrx_word' id='word_1_236' title='bbox 571 2719 619 2777; x_wconf 90' lang='grc' dir='ltr'>Ο</span> <span class='ocrx_word' id='word_1_237' title='bbox 647 2720 792 2777; x_wconf 90' lang='lat' dir='ltr'><strong>Deus</strong></span> <span class='ocrx_word' id='word_1_238' title='bbox 836 2720 967 2787; x_wconf 87' lang='lat' dir='ltr'><strong>Sali,</strong></span> <span class='ocrx_word' id='word_1_239' title='bbox 1012 2721 1158 2777; x_wconf 85' lang='lat' dir='ltr'><strong>adsis</strong></span> <span class='ocrx_word' id='word_1_240' title='bbox 1190 2722 1326 2776; x_wconf 91' lang='lat' dir='ltr'><strong>mihi</strong></span> <span class='ocrx_word' id='word_1_241' title='bbox 1368 2721 1422 2776; x_wconf 91' lang='lat' dir='ltr'><strong>in</strong></span> <span class='ocrx_word' id='word_1_242' title='bbox 1463 2712 1567 2777; x_wconf 85' lang='lat' dir='ltr'><strong>hac</strong></span> <span class='ocrx_word' id='word_1_243' title='bbox 1612 2722 1771 2777; x_wconf 88' lang='lat' dir='ltr'><strong>hora.</strong></span> <span class='ocrx_word' id='word_1_244' title='bbox 1820 2718 1931 2777; x_wconf 90' lang='lat' dir='ltr'><strong>Deo</strong></span> <span class='ocrx_word' id='word_1_245' title='bbox 1978 2730 2161 2776; x_wconf 84' lang='lat' dir='ltr'><strong>autem</strong></span> 
     </span>
    </p>
   </div>
   <div class='ocr_carea' id='block_1_34' title="bbox 568 2812 2161 2884">
    <p class='ocr_par' dir='ltr' id='par_1_34' title="bbox 568 2812 2161 2884">
     <span class='ocr_line' id='line_1_34' title="bbox 568 2812 2161 2884; baseline -0.003 -12"><span class='ocrx_word' id='word_1_246' title='bbox 568 2816 788 2872; x_wconf 84' lang='lat' dir='ltr'><strong>volente</strong></span> <span class='ocrx_word' id='word_1_247' title='bbox 825 2814 977 2882; x_wconf 89' lang='lat' dir='ltr'><strong>illum</strong></span> <span class='ocrx_word' id='word_1_248' title='bbox 1004 2815 1238 2871; x_wconf 89' lang='lat' dir='ltr'><strong>liberare</strong></span> <span class='ocrx_word' id='word_1_249' title='bbox 1264 2830 1294 2870; x_wconf 89' lang='lat' dir='ltr'><strong>a</strong></span> <span class='ocrx_word' id='word_1_250' title='bbox 1324 2814 1416 2870; x_wconf 89' lang='lat' dir='ltr'><strong>tali</strong></span> <span class='ocrx_word' id='word_1_251' title='bbox 1446 2812 1741 2881; x_wconf 89' lang='lat' dir='ltr'><strong>calumnia,</strong></span> <span class='ocrx_word' id='word_1_252' title='bbox 1774 2814 1928 2870; x_wconf 83' lang='lat' dir='ltr'><strong>venit</strong></span> <span class='ocrx_word' id='word_1_253' title='bbox 1958 2814 2161 2884; x_wconf 87' lang='lat' dir='ltr'><strong>aliquis</strong></span> 
     </span>
    </p>
   </div>
   <div class='ocr_carea' id='block_1_35' title="bbox 570 2906 2164 2979">
    <p class='ocr_par' dir='ltr' id='par_1_35' title="bbox 570 2906 2164 2979">
     <span class='ocr_line' id='line_1_35' title="bbox 570 2906 2164 2979; baseline -0.002 -14"><span class='ocrx_word' id='word_1_254' title='bbox 570 2908 644 2965; x_wconf 86' lang='lat' dir='ltr'><strong>ad</strong></span> <span class='ocrx_word' id='word_1_255' title='bbox 674 2908 926 2962; x_wconf 88' lang='lat' dir='ltr'><strong>abbatem</strong></span> <span class='ocrx_word' id='word_1_256' title='bbox 971 2906 1321 2979; x_wconf 84' lang='lat' dir='ltr'><strong>Symeonem,</strong></span> <span class='ocrx_word' id='word_1_257' title='bbox 1366 2916 1421 2963; x_wconf 90' lang='lat' dir='ltr'><strong>et</strong></span> <span class='ocrx_word' id='word_1_258' title='bbox 1459 2907 1645 2963; x_wconf 89' lang='lat' dir='ltr'><strong>dixit:</strong></span> <span class='ocrx_word' id='word_1_259' title='bbox 1677 2906 1902 2962; x_wconf 83' lang='lat' dir='ltr'><strong>infelix!</strong></span> <span class='ocrx_word' id='word_1_260' title='bbox 1939 2907 2164 2962; x_wconf 81' lang='lat' dir='ltr'><strong>Amicus</strong></span> 
     </span>
    </p>
   </div>
   <div class='ocr_carea' id='block_1_36' title="bbox 572 2995 2163 3062">
    <p class='ocr_par' dir='ltr' id='par_1_36' title="bbox 572 2995 2163 3062">
     <span class='ocr_line' id='line_1_36' title="bbox 572 2995 2163 3062; baseline -0.002 -8"><span class='ocrx_word' id='word_1_261' title='bbox 572 2995 679 3054; x_wconf 80' lang='lat' dir='ltr'><strong>iste</strong></span> <span class='ocrx_word' id='word_1_262' title='bbox 708 3006 834 3052; x_wconf 89' lang='lat' dir='ltr'><strong>tuus</strong></span> <span class='ocrx_word' id='word_1_263' title='bbox 874 2997 1141 3051; x_wconf 91' lang='lat' dir='ltr'><strong>Dominus</strong></span> <span class='ocrx_word' id='word_1_264' title='bbox 1183 2996 1423 3052; x_wconf 90' lang='lat' dir='ltr'><strong>Joannes</strong></span> <span class='ocrx_word' id='word_1_265' title='bbox 1459 2996 1713 3062; x_wconf 86' lang='lat' dir='ltr'><strong>discedit,</strong></span> <span class='ocrx_word' id='word_1_266' title='bbox 1758 3005 1819 3051; x_wconf 88' lang='lat' dir='ltr'><strong>ut</strong></span> <span class='ocrx_word' id='word_1_267' title='bbox 1867 2996 1923 3051; x_wconf 94' lang='lat' dir='ltr'><strong>in</strong></span> <span class='ocrx_word' id='word_1_268' title='bbox 1955 2997 2163 3052; x_wconf 83' lang='lat' dir='ltr'><strong>furcam</strong></span> 
     </span>
    </p>
   </div>
   <div class='ocr_carea' id='block_1_37' title="bbox 573 3088 2164 3161">
    <p class='ocr_par' dir='ltr' id='par_1_37' title="bbox 573 3088 2164 3161">
     <span class='ocr_line' id='line_1_37' title="bbox 573 3088 2164 3161; baseline -0.001 -17"><span class='ocrx_word' id='word_1_269' title='bbox 573 3096 805 3161; x_wconf 82' lang='lat' dir='ltr'><strong>agatur;</strong></span> <span class='ocrx_word' id='word_1_270' title='bbox 832 3098 888 3144; x_wconf 91' lang='lat' dir='ltr'><strong>et</strong></span> <span class='ocrx_word' id='word_1_271' title='bbox 911 3104 1038 3144; x_wconf 83' lang='lat' dir='ltr'><strong>vere</strong></span> <span class='ocrx_word' id='word_1_272' title='bbox 1064 3088 1110 3143; x_wconf 91' lang='lat' dir='ltr'><strong>si</strong></span> <span class='ocrx_word' id='word_1_273' title='bbox 1140 3088 1230 3145; x_wconf 88' lang='lat' dir='ltr'><strong>ille</strong></span> <span class='ocrx_word' id='word_1_274' title='bbox 1266 3088 1558 3154; x_wconf 88' lang='lat' dir='ltr'><strong>moriatur,</strong></span> <span class='ocrx_word' id='word_1_275' title='bbox 1591 3089 1846 3144; x_wconf 91' lang='lat' dir='ltr'><strong>morieris</strong></span> <span class='ocrx_word' id='word_1_276' title='bbox 1875 3096 1930 3144; x_wconf 92' lang='lat' dir='ltr'><strong>et</strong></span> <span class='ocrx_word' id='word_1_277' title='bbox 1963 3096 2021 3143; x_wconf 90' lang='lat' dir='ltr'><strong>tu</strong></span> <span class='ocrx_word' id='word_1_278' title='bbox 2052 3104 2164 3158; x_wconf 75' lang='lat' dir='ltr'><strong>pra:</strong></span> 
     </span>
    </p>
   </div>
   <div class='ocr_carea' id='block_1_38' title="bbox 2259 1220 3873 1304">
    <p class='ocr_par' dir='ltr' id='par_1_38' title="bbox 2259 1220 3873 1304">
     <span class='ocr_line' id='line_1_38' title="bbox 2259 1220 3873 1304; baseline -0.003 -19"><span class='ocrx_word' id='word_1_279' title='bbox 2259 1232 2579 1304; x_wconf 80' lang='grc' dir='ltr'>ραλλάκτως</span> <span class='ocrx_word' id='word_1_280' title='bbox 2608 1230 2893 1302; x_wconf 81' lang='grc' dir='ltr'>παρέθηκὲ</span> <span class='ocrx_word' id='word_1_281' title='bbox 2933 1249 3022 1302; x_wconf 88' lang='grc' dir='ltr'><strong>μοι</strong></span> <span class='ocrx_word' id='word_1_282' title='bbox 3054 1232 3150 1285; x_wconf 74' lang='grc' dir='ltr'>καὶ</span> <span class='ocrx_word' id='word_1_283' title='bbox 3180 1220 3338 1295; x_wconf 72' lang='grc' dir='ltr'>οὗτος</span> <span class='ocrx_word' id='word_1_284' title='bbox 3373 1229 3451 1294; x_wconf 85' lang='grc' dir='ltr'><strong>ὡς</strong></span> <span class='ocrx_word' id='word_1_285' title='bbox 3496 1230 3593 1283; x_wconf 77' lang='grc' dir='ltr'><strong>καὶ</strong></span> <span class='ocrx_word' id='word_1_286' title='bbox 3628 1230 3659 1282; x_wconf 94' lang='lat'><strong>6</strong></span> <span class='ocrx_word' id='word_1_287' title='bbox 3679 1228 3873 1290; x_wconf 72' lang='lat' dir='ltr'><em>6665i;</em></span> 
     </span>
    </p>
   </div>
   <div class='ocr_carea' id='block_1_39' title="bbox 2270 1320 3871 1403">
    <p class='ocr_par' dir='ltr' id='par_1_39' title="bbox 2270 1320 3871 1403">
     <span class='ocr_line' id='line_1_39' title="bbox 2270 1320 3871 1403; baseline -0.003 -25"><span class='ocrx_word' id='word_1_288' title='bbox 2270 1324 2543 1403; x_wconf 82' lang='grc' dir='ltr'>Ἰωάννης,</span> <span class='ocrx_word' id='word_1_289' title='bbox 2575 1325 2680 1389; x_wconf 77' lang='grc' dir='ltr'>ἕως</span> <span class='ocrx_word' id='word_1_290' title='bbox 2723 1324 2818 1379; x_wconf 73' lang='grc' dir='ltr'>καὶ</span> <span class='ocrx_word' id='word_1_291' title='bbox 2859 1324 3026 1379; x_wconf 79' lang='grc' dir='ltr'>αὐτοῦ</span> <span class='ocrx_word' id='word_1_292' title='bbox 3061 1324 3155 1378; x_wconf 83' lang='grc' dir='ltr'><strong>τοῦ</strong></span> <span class='ocrx_word' id='word_1_293' title='bbox 3210 1323 3473 1394; x_wconf 79' lang='grc' dir='ltr'>μεγέθους</span> <span class='ocrx_word' id='word_1_294' title='bbox 3502 1323 3601 1392; x_wconf 78' lang='grc' dir='ltr'>τῆς</span> <span class='ocrx_word' id='word_1_295' title='bbox 3636 1320 3871 1391; x_wconf 72' lang='grc' dir='ltr'>βίσσης,</span> 
     </span>
    </p>
   </div>
   <div class='ocr_carea' id='block_1_40' title="bbox 2257 1412 3871 1489">
    <p class='ocr_par' dir='ltr' id='par_1_40' title="bbox 2257 1412 3871 1489">
     <span class='ocr_line' id='line_1_40' title="bbox 2257 1412 3871 1489; baseline -0.002 -18"><span class='ocrx_word' id='word_1_296' title='bbox 2257 1412 2325 1489; x_wconf 77' lang='grc' dir='ltr'>ἧς</span> <span class='ocrx_word' id='word_1_297' title='bbox 2364 1413 2502 1473; x_wconf 83' lang='grc' dir='ltr'>εἶδεν</span> <span class='ocrx_word' id='word_1_298' title='bbox 2529 1420 2609 1482; x_wconf 84' lang='grc' dir='ltr'><strong>είς</strong></span> <span class='ocrx_word' id='word_1_299' title='bbox 2654 1418 2715 1471; x_wconf 71' lang='grc' dir='ltr'>τὸ</span> <span class='ocrx_word' id='word_1_300' title='bbox 2770 1418 3041 1489; x_wconf 86' lang='grc' dir='ltr'>σπήλαιον</span> <span class='ocrx_word' id='word_1_301' title='bbox 3095 1416 3284 1480; x_wconf 73' lang='grc' dir='ltr'>αὑτοῦ,</span> <span class='ocrx_word' id='word_1_302' title='bbox 3312 1418 3408 1470; x_wconf 79' lang='grc' dir='ltr'>καὶ</span> <span class='ocrx_word' id='word_1_303' title='bbox 3440 1415 3517 1478; x_wconf 84' lang='grc' dir='ltr'><strong>ὡς</strong></span> <span class='ocrx_word' id='word_1_304' title='bbox 3548 1416 3871 1483; x_wconf 73' lang='grc' dir='ltr'>ἐφάγομεν,</span> 
     </span>
    </p>
   </div>
   <div class='ocr_carea' id='block_1_41' title="bbox 2258 1505 3874 1583">
    <p class='ocr_par' dir='ltr' id='par_1_41' title="bbox 2258 1505 3874 1583">
     <span class='ocr_line' id='line_1_41' title="bbox 2258 1505 3874 1583; baseline -0.006 -18"><span class='ocrx_word' id='word_1_305' title='bbox 2258 1511 2433 1565; x_wconf 72' lang='grc' dir='ltr'>ἔδωκα</span> <span class='ocrx_word' id='word_1_306' title='bbox 2457 1510 2606 1583; x_wconf 80' lang='grc' dir='ltr'>αὐτῷ</span> <span class='ocrx_word' id='word_1_307' title='bbox 2633 1512 2735 1576; x_wconf 82' lang='grc' dir='ltr'>τὰς</span> <span class='ocrx_word' id='word_1_308' title='bbox 2770 1515 2921 1583; x_wconf 81' lang='grc' dir='ltr'>τρεῖς</span> <span class='ocrx_word' id='word_1_309' title='bbox 2954 1511 3238 1579; x_wconf 74' lang='grc' dir='ltr'><strong>εὐλογίας,</strong></span> <span class='ocrx_word' id='word_1_310' title='bbox 3281 1510 3375 1563; x_wconf 75' lang='grc' dir='ltr'>καὶ</span> <span class='ocrx_word' id='word_1_311' title='bbox 3406 1505 3747 1579; x_wconf 71' lang='grc' dir='ltr'><strong>ἀνεχώρησα</strong></span> <span class='ocrx_word' id='word_1_312' title='bbox 3789 1507 3874 1567; x_wconf 82' lang='grc' dir='ltr'><strong>εἰς</strong></span> 
     </span>
    </p>
   </div>
   <div class='ocr_carea' id='block_1_42' title="bbox 2255 1597 3872 1676">
    <p class='ocr_par' dir='ltr' id='par_1_42' title="bbox 2255 1597 3872 1676">
     <span class='ocr_line' id='line_1_42' title="bbox 2255 1597 3872 1676; baseline -0.007 -17"><span class='ocrx_word' id='word_1_313' title='bbox 2255 1604 2349 1659; x_wconf 80' lang='grc' dir='ltr'>τὸν</span> <span class='ocrx_word' id='word_1_314' title='bbox 2392 1602 2541 1658; x_wconf 81' lang='grc' dir='ltr'>οἶκόν</span> <span class='ocrx_word' id='word_1_315' title='bbox 2573 1622 2700 1676; x_wconf 91' lang='grc' dir='ltr'>μου,</span> <span class='ocrx_word' id='word_1_316' title='bbox 2764 1603 3034 1676; x_wconf 74' lang='grc' dir='ltr'><strong>ἐρυθριῶν</strong></span> <span class='ocrx_word' id='word_1_317' title='bbox 3092 1604 3268 1655; x_wconf 77' lang='grc' dir='ltr'>εἰπεῖν</span> <span class='ocrx_word' id='word_1_318' title='bbox 3326 1598 3436 1654; x_wconf 85' lang='grc' dir='ltr'>τινί</span> <span class='ocrx_word' id='word_1_319' title='bbox 3465 1599 3517 1653; x_wconf 88' lang='grc' dir='ltr'><strong>τί</strong></span> <span class='ocrx_word' id='word_1_320' title='bbox 3558 1615 3695 1652; x_wconf 88' lang='grc' dir='ltr'>ποτε</span> <span class='ocrx_word' id='word_1_321' title='bbox 3729 1597 3872 1667; x_wconf 77' lang='grc' dir='ltr'>περὶ</span> 
     </span>
    </p>
   </div>
   <div class='ocr_carea' id='block_1_43' title="bbox 2258 1687 3871 1766">
    <p class='ocr_par' dir='ltr' id='par_1_43' title="bbox 2258 1687 3871 1766">
     <span class='ocr_line' id='line_1_43' title="bbox 2258 1687 3871 1766; baseline -0.001 -15"><span class='ocrx_word' id='word_1_322' title='bbox 2258 1696 2449 1753; x_wconf 76' lang='grc' dir='ltr'>αὐτοῦ.</span> <span class='ocrx_word' id='word_1_323' title='bbox 2503 1696 2649 1750; x_wconf 86' lang='grc' dir='ltr'>Διότι</span> <span class='ocrx_word' id='word_1_324' title='bbox 2717 1698 2919 1760; x_wconf 73' lang='grc' dir='ltr'>πάντες</span> <span class='ocrx_word' id='word_1_325' title='bbox 2982 1690 3462 1766; x_wconf 79' lang='grc' dir='ltr'>ὲπληροφοροῦντο</span> <span class='ocrx_word' id='word_1_326' title='bbox 3506 1690 3592 1743; x_wconf 81' lang='grc' dir='ltr'><strong>ὅτι</strong></span> <span class='ocrx_word' id='word_1_327' title='bbox 3661 1687 3871 1758; x_wconf 71' lang='grc' dir='ltr'>ἑξηκὸς</span> 
     </span>
    </p>
   </div>
   <div class='ocr_carea' id='block_1_44' title="bbox 2259 1792 2428 1844">
    <p class='ocr_par' dir='ltr' id='par_1_44' title="bbox 2259 1792 2428 1844">
     <span class='ocr_line' id='line_1_44' title="bbox 2259 1792 2428 1844; baseline 0 0"><span class='ocrx_word' id='word_1_328' title='bbox 2259 1792 2428 1844; x_wconf 76' lang='grc' dir='ltr'>ἐστιν.</span> 
     </span>
    </p>
   </div>
   <div class='ocr_carea' id='block_1_45' title="bbox 2331 1876 3870 1955">
    <p class='ocr_par' dir='ltr' id='par_1_45' title="bbox 2331 1876 3870 1955">
     <span class='ocr_line' id='line_1_45' title="bbox 2331 1876 3870 1955; baseline -0.005 -17"><span class='ocrx_word' id='word_1_329' title='bbox 2331 1881 2395 1944; x_wconf 77' lang='grc' dir='ltr'><strong>ν’.</strong></span> <span class='ocrx_word' id='word_1_330' title='bbox 2452 1883 2736 1955; x_wconf 80' lang='grc' dir='ltr'>Ἀνωτέρω</span> <span class='ocrx_word' id='word_1_331' title='bbox 2788 1883 3125 1954; x_wconf 78' lang='grc' dir='ltr'>εἰρήκαμεν,</span> <span class='ocrx_word' id='word_1_332' title='bbox 3178 1879 3265 1934; x_wconf 82' lang='grc' dir='ltr'>ὃτι</span> <span class='ocrx_word' id='word_1_333' title='bbox 3319 1878 3543 1950; x_wconf 81' lang='grc' dir='ltr'>ἐποίησέ</span> <span class='ocrx_word' id='word_1_334' title='bbox 3579 1895 3637 1931; x_wconf 85' lang='grc' dir='ltr'><strong>τι</strong></span> <span class='ocrx_word' id='word_1_335' title='bbox 3670 1876 3870 1947; x_wconf 77' lang='grc' dir='ltr'>θαῦμα</span> 
     </span>
    </p>
   </div>
   <div class='ocr_carea' id='block_1_46' title="bbox 2259 1970 3868 2049">
    <p class='ocr_par' dir='ltr' id='par_1_46' title="bbox 2259 1970 3868 2049">
     <span class='ocr_line' id='line_1_46' title="bbox 2259 1970 3868 2049; baseline -0.006 -17"><span class='ocrx_word' id='word_1_336' title='bbox 2259 1981 2340 2045; x_wconf 81' lang='grc' dir='ltr'><strong>εἰς</strong></span> <span class='ocrx_word' id='word_1_337' title='bbox 2367 1978 2460 2033; x_wconf 69' lang='grc' dir='ltr'><strong>τὸν</strong></span> <span class='ocrx_word' id='word_1_338' title='bbox 2483 1978 2708 2049; x_wconf 80' lang='grc' dir='ltr'>θεοφιλῆ</span> <span class='ocrx_word' id='word_1_339' title='bbox 2732 1977 2923 2049; x_wconf 77' lang='grc' dir='ltr'>ἄνδρα,</span> <span class='ocrx_word' id='word_1_340' title='bbox 2944 1977 3034 2031; x_wconf 76' lang='grc' dir='ltr'>τὸν</span> <span class='ocrx_word' id='word_1_341' title='bbox 3065 1976 3160 2029; x_wconf 78' lang='grc' dir='ltr'>καὶ</span> <span class='ocrx_word' id='word_1_342' title='bbox 3188 1973 3278 2027; x_wconf 78' lang='grc' dir='ltr'>τὸν</span> <span class='ocrx_word' id='word_1_343' title='bbox 3304 1972 3420 2044; x_wconf 83' lang='grc' dir='ltr'>βίον</span> <span class='ocrx_word' id='word_1_344' title='bbox 3456 1972 3624 2026; x_wconf 74' lang='grc' dir='ltr'>αὐτοῦ</span> <span class='ocrx_word' id='word_1_345' title='bbox 3654 1970 3868 2040; x_wconf 76' lang='grc' dir='ltr'>ἐξηγηο</span> 
     </span>
    </p>
   </div>
   <div class='ocr_carea' id='block_1_47' title="bbox 2261 2062 3866 2145">
    <p class='ocr_par' dir='ltr' id='par_1_47' title="bbox 2261 2062 3866 2145">
     <span class='ocr_line' id='line_1_47' title="bbox 2261 2062 3866 2145; baseline -0.008 -17"><span class='ocrx_word' id='word_1_346' title='bbox 2261 2074 2497 2145; x_wconf 82' lang='grc' dir='ltr'>σάμενον</span> <span class='ocrx_word' id='word_1_347' title='bbox 2528 2074 2684 2143; x_wconf 82' lang='grc' dir='ltr'>ἡμῖν.</span> <span class='ocrx_word' id='word_1_348' title='bbox 2727 2072 2787 2125; x_wconf 93' lang='lat' dir='ltr'><strong>&#39;O</strong></span> <span class='ocrx_word' id='word_1_349' title='bbox 2809 2071 2866 2125; x_wconf 77' lang='grc' dir='ltr'>δὲ</span> <span class='ocrx_word' id='word_1_350' title='bbox 2895 2070 3095 2143; x_wconf 81' lang='grc' dir='ltr'>τρόπος</span> <span class='ocrx_word' id='word_1_351' title='bbox 3129 2067 3223 2122; x_wconf 81' lang='grc' dir='ltr'>τοῦ</span> <span class='ocrx_word' id='word_1_352' title='bbox 3270 2065 3548 2137; x_wconf 82' lang='grc' dir='ltr'>θαύματός</span> <span class='ocrx_word' id='word_1_353' title='bbox 3586 2062 3866 2118; x_wconf 77' lang='grc' dir='ltr'>ὲστινόὖο</span> 
     </span>
    </p>
   </div>
   <div class='ocr_carea' id='block_1_48' title="bbox 2260 2158 3858 2237">
    <p class='ocr_par' dir='ltr' id='par_1_48' title="bbox 2260 2158 3858 2237">
     <span class='ocr_line' id='line_1_48' title="bbox 2260 2158 3858 2237; baseline -0.007 -16"><span class='ocrx_word' id='word_1_354' title='bbox 2260 2184 2391 2231; x_wconf 75' lang='grc' dir='ltr'>τωςο</span> <span class='ocrx_word' id='word_1_355' title='bbox 2425 2167 2586 2232; x_wconf 79' lang='grc' dir='ltr'>Τινὲς</span> <span class='ocrx_word' id='word_1_356' title='bbox 2626 2166 2919 2237; x_wconf 81' lang='grc' dir='ltr'>κακοῦργοι</span> <span class='ocrx_word' id='word_1_357' title='bbox 2949 2165 3216 2236; x_wconf 76' lang='grc' dir='ltr'>ἐποίησαν</span> <span class='ocrx_word' id='word_1_358' title='bbox 3255 2163 3434 2233; x_wconf 85' lang='grc' dir='ltr'>φόνον,</span> <span class='ocrx_word' id='word_1_359' title='bbox 3474 2160 3573 2215; x_wconf 69' lang='grc' dir='ltr'>καὶ</span> <span class='ocrx_word' id='word_1_360' title='bbox 3595 2158 3858 2221; x_wconf 80' lang='grc' dir='ltr'>λαϐόντες</span> 
     </span>
    </p>
   </div>
   <div class='ocr_carea' id='block_1_49' title="bbox 2258 2245 3859 2330">
    <p class='ocr_par' dir='ltr' id='par_1_49' title="bbox 2258 2245 3859 2330">
     <span class='ocr_line' id='line_1_49' title="bbox 2258 2245 3859 2330; baseline -0.007 -16"><span class='ocrx_word' id='word_1_361' title='bbox 2258 2260 2322 2314; x_wconf 77' lang='grc' dir='ltr'>τὸ</span> <span class='ocrx_word' id='word_1_362' title='bbox 2343 2260 2631 2330; x_wconf 83' lang='grc' dir='ltr'><strong>σκήνωμα,</strong></span> <span class='ocrx_word' id='word_1_363' title='bbox 2664 2258 2898 2330; x_wconf 73' lang='grc' dir='ltr'>ἔρριψαν</span> <span class='ocrx_word' id='word_1_364' title='bbox 2928 2257 3017 2312; x_wconf 80' lang='grc' dir='ltr'><strong>διὰ</strong></span> <span class='ocrx_word' id='word_1_365' title='bbox 3047 2255 3261 2329; x_wconf 75' lang='grc' dir='ltr'>θυρίδος</span> <span class='ocrx_word' id='word_1_366' title='bbox 3296 2254 3400 2319; x_wconf 83' lang='grc' dir='ltr'>ἓως</span> <span class='ocrx_word' id='word_1_367' title='bbox 3437 2253 3532 2307; x_wconf 80' lang='grc' dir='ltr'><strong>τδν</strong></span> <span class='ocrx_word' id='word_1_368' title='bbox 3572 2245 3724 2305; x_wconf 77' lang='grc' dir='ltr'>οἶκον</span> <span class='ocrx_word' id='word_1_369' title='bbox 3766 2249 3859 2303; x_wconf 76' lang='grc' dir='ltr'>τοῦ</span> 
     </span>
    </p>
   </div>
   <div class='ocr_carea' id='block_1_50' title="bbox 2261 2336 3860 2421">
    <p class='ocr_par' dir='ltr' id='par_1_50' title="bbox 2261 2336 3860 2421">
     <span class='ocr_line' id='line_1_50' title="bbox 2261 2336 3860 2421; baseline -0.007 -18"><span class='ocrx_word' id='word_1_370' title='bbox 2261 2348 2555 2421; x_wconf 81' lang='grc' dir='ltr'>εἰρημένου</span> <span class='ocrx_word' id='word_1_371' title='bbox 2592 2347 3009 2418; x_wconf 75' lang='grc' dir='ltr'>θεοφιλεστάτου</span> <span class='ocrx_word' id='word_1_372' title='bbox 3055 2345 3270 2416; x_wconf 84' lang='grc' dir='ltr'>ἀνδρός.</span> <span class='ocrx_word' id='word_1_373' title='bbox 3304 2345 3566 2415; x_wconf 75' lang='grc' dir='ltr'>Ταραχῆς</span> <span class='ocrx_word' id='word_1_374' title='bbox 3618 2336 3712 2395; x_wconf 78' lang='grc' dir='ltr'>οὖν</span> <span class='ocrx_word' id='word_1_375' title='bbox 3753 2340 3860 2393; x_wconf 74' lang='grc' dir='ltr'>οὐκ</span> 
     </span>
    </p>
   </div>
   <div class='ocr_carea' id='block_1_51' title="bbox 2260 2436 3857 2514">
    <p class='ocr_par' dir='ltr' id='par_1_51' title="bbox 2260 2436 3857 2514">
     <span class='ocr_line' id='line_1_51' title="bbox 2260 2436 3857 2514; baseline -0.005 -18"><span class='ocrx_word' id='word_1_376' title='bbox 2260 2442 2448 2514; x_wconf 80' lang='grc' dir='ltr'><strong>ὀλίγης</strong></span> <span class='ocrx_word' id='word_1_377' title='bbox 2472 2441 2796 2513; x_wconf 83' lang='grc' dir='ltr'>γενομένης,</span> <span class='ocrx_word' id='word_1_378' title='bbox 2827 2437 2993 2513; x_wconf 78' lang='grc' dir='ltr'>ἦλθεν</span> <span class='ocrx_word' id='word_1_379' title='bbox 3013 2441 3091 2503; x_wconf 85' lang='grc' dir='ltr'><strong>είς</strong></span> <span class='ocrx_word' id='word_1_380' title='bbox 3122 2439 3214 2493; x_wconf 82' lang='grc' dir='ltr'><strong>τὸν</strong></span> <span class='ocrx_word' id='word_1_381' title='bbox 3240 2438 3477 2509; x_wconf 78' lang='grc' dir='ltr'>ἄρχοντα</span> <span class='ocrx_word' id='word_1_382' title='bbox 3505 2436 3564 2489; x_wconf 82' lang='grc' dir='ltr'>τὸ</span> <span class='ocrx_word' id='word_1_383' title='bbox 3595 2436 3857 2507; x_wconf 80' lang='grc' dir='ltr'>πρᾶγμα.</span> 
     </span>
    </p>
   </div>
   <div class='ocr_carea' id='block_1_52' title="bbox 2261 2526 3858 2606">
    <p class='ocr_par' dir='ltr' id='par_1_52' title="bbox 2261 2526 3858 2606">
     <span class='ocr_line' id='line_1_52' title="bbox 2261 2526 3858 2606; baseline -0.006 -18"><span class='ocrx_word' id='word_1_384' title='bbox 2261 2536 2355 2588; x_wconf 75' lang='grc' dir='ltr'>καὶ</span> <span class='ocrx_word' id='word_1_385' title='bbox 2389 2533 2713 2606; x_wconf 73' lang='grc' dir='ltr'>ἑψηφίσατο,</span> <span class='ocrx_word' id='word_1_386' title='bbox 2735 2534 2824 2587; x_wconf 83' lang='grc' dir='ltr'>ἵνα</span> <span class='ocrx_word' id='word_1_387' title='bbox 2850 2531 3162 2604; x_wconf 83' lang='grc' dir='ltr'>φουρκισθῇ</span> <span class='ocrx_word' id='word_1_388' title='bbox 3188 2533 3217 2585; x_wconf 92' lang='lat'><strong>6</strong></span> <span class='ocrx_word' id='word_1_389' title='bbox 3251 2529 3411 2601; x_wconf 82' lang='grc' dir='ltr'>κῦρις</span> <span class='ocrx_word' id='word_1_390' title='bbox 3448 2528 3725 2598; x_wconf 74' lang='grc' dir='ltr'>Ἰωάννης.</span> <span class='ocrx_word' id='word_1_391' title='bbox 3771 2526 3858 2589; x_wconf 82' lang='grc' dir='ltr'>Ὠς</span> 
     </span>
    </p>
   </div>
   <div class='ocr_carea' id='block_1_53' title="bbox 2262 2619 3857 2691">
    <p class='ocr_par' dir='ltr' id='par_1_53' title="bbox 2262 2619 3857 2691">
     <span class='ocr_line' id='line_1_53' title="bbox 2262 2619 3857 2691; baseline -0.008 -8"><span class='ocrx_word' id='word_1_392' title='bbox 2262 2626 2356 2683; x_wconf 75' lang='grc' dir='ltr'>οὖν</span> <span class='ocrx_word' id='word_1_393' title='bbox 2394 2628 2571 2682; x_wconf 42' lang='grc' dir='ltr'>ἀπεῖεν</span> <span class='ocrx_word' id='word_1_394' title='bbox 2597 2627 2910 2689; x_wconf 82' lang='grc' dir='ltr'>ἀποθανεῖν,</span> <span class='ocrx_word' id='word_1_395' title='bbox 2943 2626 3097 2680; x_wconf 73' lang='grc' dir='ltr'>οὐδὲν</span> <span class='ocrx_word' id='word_1_396' title='bbox 3124 2625 3253 2679; x_wconf 81' lang='grc' dir='ltr'>ἄλλο</span> <span class='ocrx_word' id='word_1_397' title='bbox 3283 2624 3470 2691; x_wconf 75' lang='grc' dir='ltr'>ελεγεν</span> <span class='ocrx_word' id='word_1_398' title='bbox 3520 2623 3599 2685; x_wconf 85' lang='grc' dir='ltr'><strong>είς</strong></span> <span class='ocrx_word' id='word_1_399' title='bbox 3638 2619 3857 2681; x_wconf 75' lang='grc' dir='ltr'>ἑαυτὸν,</span> 
     </span>
    </p>
   </div>
   <div class='ocr_carea' id='block_1_54' title="bbox 2263 2711 3859 2793">
    <p class='ocr_par' dir='ltr' id='par_1_54' title="bbox 2263 2711 3859 2793">
     <span class='ocr_line' id='line_1_54' title="bbox 2263 2711 3859 2793; baseline -0.007 -17"><span class='ocrx_word' id='word_1_400' title='bbox 2263 2723 2312 2776; x_wconf 83' lang='grc' dir='ltr'><strong>εξ</strong></span> <span class='ocrx_word' id='word_1_401' title='bbox 2341 2722 2439 2793; x_wconf 83' lang='grc' dir='ltr'><strong>μή·</strong></span> <span class='ocrx_word' id='word_1_402' title='bbox 2460 2722 2517 2775; x_wconf 88' lang='grc' dir='ltr'><strong>Ὀ</strong></span> <span class='ocrx_word' id='word_1_403' title='bbox 2536 2721 2667 2785; x_wconf 79' lang='grc' dir='ltr'>Θεὸς</span> <span class='ocrx_word' id='word_1_404' title='bbox 2694 2720 2789 2773; x_wconf 86' lang='grc' dir='ltr'>τοῦ</span> <span class='ocrx_word' id='word_1_405' title='bbox 2815 2719 3011 2785; x_wconf 79' lang='grc' dir='ltr'>Σαλοῦ,</span> <span class='ocrx_word' id='word_1_406' title='bbox 3035 2718 3349 2791; x_wconf 86' lang='grc' dir='ltr'>παράστηθί</span> <span class='ocrx_word' id='word_1_407' title='bbox 3381 2733 3472 2787; x_wconf 90' lang='grc' dir='ltr'><strong>μοι</strong></span> <span class='ocrx_word' id='word_1_408' title='bbox 3500 2717 3565 2785; x_wconf 82' lang='grc' dir='ltr'>τῇ</span> <span class='ocrx_word' id='word_1_409' title='bbox 3592 2716 3716 2785; x_wconf 81' lang='grc' dir='ltr'><strong>ὥρᾳ</strong></span> <span class='ocrx_word' id='word_1_410' title='bbox 3728 2711 3859 2766; x_wconf 79' lang='grc' dir='ltr'>ταύ-</span> 
     </span>
    </p>
   </div>
   <div class='ocr_carea' id='block_1_55' title="bbox 2262 2808 3860 2887">
    <p class='ocr_par' dir='ltr' id='par_1_55' title="bbox 2262 2808 3860 2887">
     <span class='ocr_line' id='line_1_55' title="bbox 2262 2808 3860 2887; baseline -0.007 -18"><span class='ocrx_word' id='word_1_411' title='bbox 2262 2833 2352 2887; x_wconf 77' lang='grc' dir='ltr'><strong>τῃ.</strong></span> <span class='ocrx_word' id='word_1_412' title='bbox 2383 2813 2491 2868; x_wconf 77' lang='grc' dir='ltr'>Τοῦ</span> <span class='ocrx_word' id='word_1_413' title='bbox 2514 2815 2719 2886; x_wconf 80' lang='grc' dir='ltr'>Κυρίου</span> <span class='ocrx_word' id='word_1_414' title='bbox 2742 2813 2799 2867; x_wconf 81' lang='grc' dir='ltr'>δὲ</span> <span class='ocrx_word' id='word_1_415' title='bbox 2830 2813 3079 2877; x_wconf 82' lang='grc' dir='ltr'>θέλοντος</span> <span class='ocrx_word' id='word_1_416' title='bbox 3104 2811 3277 2866; x_wconf 83' lang='grc' dir='ltr'>σῶσαι</span> <span class='ocrx_word' id='word_1_417' title='bbox 3308 2810 3470 2865; x_wconf 77' lang='grc' dir='ltr'>αὐτὸν</span> <span class='ocrx_word' id='word_1_418' title='bbox 3500 2811 3567 2863; x_wconf 82' lang='grc' dir='ltr'>ὲκ</span> <span class='ocrx_word' id='word_1_419' title='bbox 3604 2808 3705 2879; x_wconf 72' lang='grc' dir='ltr'>τῆς</span> <span class='ocrx_word' id='word_1_420' title='bbox 3733 2824 3860 2860; x_wconf 87' lang='grc' dir='ltr'>τοι-</span> 
     </span>
    </p>
   </div>
   <div class='ocr_carea' id='block_1_56' title="bbox 2264 2898 3856 2974">
    <p class='ocr_par' dir='ltr' id='par_1_56' title="bbox 2264 2898 3856 2974">
     <span class='ocr_line' id='line_1_56' title="bbox 2264 2898 3856 2974; baseline -0.005 -17"><span class='ocrx_word' id='word_1_421' title='bbox 2264 2902 2436 2973; x_wconf 77' lang='grc' dir='ltr'>αύτης</span> <span class='ocrx_word' id='word_1_422' title='bbox 2482 2903 2872 2972; x_wconf 78' lang='grc' dir='ltr'><strong>συκοφαντίας,</strong></span> <span class='ocrx_word' id='word_1_423' title='bbox 2931 2898 3065 2974; x_wconf 81' lang='grc' dir='ltr'>ἦλθέ</span> <span class='ocrx_word' id='word_1_424' title='bbox 3122 2919 3227 2966; x_wconf 88' lang='grc' dir='ltr'>τις,</span> <span class='ocrx_word' id='word_1_425' title='bbox 3275 2902 3373 2957; x_wconf 73' lang='grc' dir='ltr'>καὶ</span> <span class='ocrx_word' id='word_1_426' title='bbox 3418 2900 3568 2968; x_wconf 80' lang='grc' dir='ltr'>λέγει</span> <span class='ocrx_word' id='word_1_427' title='bbox 3603 2898 3686 2970; x_wconf 79' lang='grc' dir='ltr'>τῷ</span> <span class='ocrx_word' id='word_1_428' title='bbox 3713 2898 3856 2966; x_wconf 72' lang='grc' dir='ltr'><strong>ἀεὸᾷ</strong></span> 
     </span>
    </p>
   </div>
   <div class='ocr_carea' id='block_1_57' title="bbox 2265 2993 3857 3067">
    <p class='ocr_par' dir='ltr' id='par_1_57' title="bbox 2265 2993 3857 3067">
     <span class='ocr_line' id='line_1_57' title="bbox 2265 2993 3857 3067; baseline -0.003 -18"><span class='ocrx_word' id='word_1_429' title='bbox 2265 2995 2511 3067; x_wconf 81' lang='grc' dir='ltr'>Συμεών·</span> <span class='ocrx_word' id='word_1_430' title='bbox 2550 2995 2810 3061; x_wconf 78' lang='grc' dir='ltr'>Ταπεινὲ,</span> <span class='ocrx_word' id='word_1_431' title='bbox 2845 2998 2873 3050; x_wconf 98' lang='lat'><strong>6</strong></span> <span class='ocrx_word' id='word_1_432' title='bbox 2902 2995 3052 3065; x_wconf 86' lang='grc' dir='ltr'>φίλος</span> <span class='ocrx_word' id='word_1_433' title='bbox 3088 3013 3183 3049; x_wconf 89' lang='grc' dir='ltr'><strong>σου</strong></span> <span class='ocrx_word' id='word_1_434' title='bbox 3223 2996 3431 3058; x_wconf 76' lang='grc' dir='ltr'>ἐκεῖνος</span> <span class='ocrx_word' id='word_1_435' title='bbox 3455 2993 3659 3061; x_wconf 79' lang='grc' dir='ltr'><strong>ὑπάγει</strong></span> <span class='ocrx_word' id='word_1_436' title='bbox 3686 3007 3857 3062; x_wconf 80' lang='grc' dir='ltr'>φουρ-</span> 
     </span>
    </p>
   </div>
   <div class='ocr_carea' id='block_1_58' title="bbox 2266 3084 3854 3162">
    <p class='ocr_par' dir='ltr' id='par_1_58' title="bbox 2266 3084 3854 3162">
     <span class='ocr_line' id='line_1_58' title="bbox 2266 3084 3854 3162; baseline -0.004 -19"><span class='ocrx_word' id='word_1_437' title='bbox 2266 3090 2523 3160; x_wconf 57' lang='lat' dir='ltr'><strong>meam</strong></span> <span class='ocrx_word' id='word_1_438' title='bbox 2568 3091 2597 3144; x_wconf 88' lang='lat'><strong>6</strong></span> <span class='ocrx_word' id='word_1_439' title='bbox 2640 3088 2804 3162; x_wconf 83' lang='grc' dir='ltr'>κῦρις</span> <span class='ocrx_word' id='word_1_440' title='bbox 2853 3089 3130 3160; x_wconf 80' lang='grc' dir='ltr'><strong>Ἰωάννης,</strong></span> <span class='ocrx_word' id='word_1_441' title='bbox 3171 3088 3267 3142; x_wconf 75' lang='grc' dir='ltr'>καὶ</span> <span class='ocrx_word' id='word_1_442' title='bbox 3309 3088 3480 3150; x_wconf 78' lang='grc' dir='ltr'>ὅντως</span> <span class='ocrx_word' id='word_1_443' title='bbox 3502 3088 3551 3140; x_wconf 81' lang='grc' dir='ltr'><strong>εί</strong></span> <span class='ocrx_word' id='word_1_444' title='bbox 3582 3084 3854 3156; x_wconf 70' lang='grc' dir='ltr'>ἀποθάνῃ.</span> 
     </span>
    </p>
   </div>
   <div class='ocr_carea' id='block_1_59' title="bbox 574 3175 2162 3251">
    <p class='ocr_par' dir='ltr' id='par_1_59' title="bbox 574 3179 2161 3251">
     <span class='ocr_line' id='line_1_59' title="bbox 574 3179 2161 3251; baseline -0.001 -15"><span class='ocrx_word' id='word_1_445' title='bbox 574 3179 754 3247; x_wconf 80' lang='lat' dir='ltr'><strong>fame;</strong></span> <span class='ocrx_word' id='word_1_446' title='bbox 776 3196 903 3235; x_wconf 91' lang='lat' dir='ltr'><strong>nam</strong></span> <span class='ocrx_word' id='word_1_447' title='bbox 930 3180 1092 3236; x_wconf 90' lang='lat' dir='ltr'><strong>talem</strong></span> <span class='ocrx_word' id='word_1_448' title='bbox 1131 3196 1296 3235; x_wconf 91' lang='lat' dir='ltr'><strong>nemo</strong></span> <span class='ocrx_word' id='word_1_449' title='bbox 1327 3181 1406 3235; x_wconf 93' lang='lat' dir='ltr'><strong>tui</strong></span> <span class='ocrx_word' id='word_1_450' title='bbox 1437 3197 1624 3236; x_wconf 90' lang='lat' dir='ltr'><strong>curam</strong></span> <span class='ocrx_word' id='word_1_451' title='bbox 1665 3182 1832 3236; x_wconf 88' lang='lat' dir='ltr'><strong>habet</strong></span> <span class='ocrx_word' id='word_1_452' title='bbox 1859 3191 2020 3251; x_wconf 89' lang='lat' dir='ltr'><strong>atque</strong></span> <span class='ocrx_word' id='word_1_453' title='bbox 2049 3180 2161 3235; x_wconf 90' lang='lat' dir='ltr'><strong>ille.</strong></span> 
     </span>
    </p>
   </div>
   <div class='ocr_carea' id='block_1_60' title="bbox 2267 3175 3857 3251">
    <p class='ocr_par' dir='ltr' id='par_1_60' title="bbox 2267 3175 3857 3251">
     <span class='ocr_line' id='line_1_60' title="bbox 2267 3175 3857 3251; baseline -0.005 -16"><span class='ocrx_word' id='word_1_454' title='bbox 2267 3180 2375 3235; x_wconf 80' lang='grc' dir='ltr'><strong>ἀπὸ</strong></span> <span class='ocrx_word' id='word_1_455' title='bbox 2401 3182 2593 3245; x_wconf 85' lang='grc' dir='ltr'>πείνας</span> <span class='ocrx_word' id='word_1_456' title='bbox 2622 3181 3010 3251; x_wconf 77' lang='grc' dir='ltr'>ἀποθνήσκεις,</span> <span class='ocrx_word' id='word_1_457' title='bbox 3054 3181 3135 3235; x_wconf 87' lang='grc' dir='ltr'>ὃτι</span> <span class='ocrx_word' id='word_1_458' title='bbox 3167 3179 3341 3241; x_wconf 76' lang='grc' dir='ltr'>οὐδείς</span> <span class='ocrx_word' id='word_1_459' title='bbox 3372 3196 3432 3232; x_wconf 93' lang='grc' dir='ltr'>σε</span> <span class='ocrx_word' id='word_1_460' title='bbox 3472 3175 3753 3248; x_wconf 77' lang='grc' dir='ltr'>φροντίζει</span> <span class='ocrx_word' id='word_1_461' title='bbox 3783 3175 3857 3236; x_wconf 80' lang='grc' dir='ltr'>ὡς</span> 
     </span>
    </p>
   </div>
   <div class='ocr_carea' id='block_1_61' title="bbox 574 3268 2161 3343">
    <p class='ocr_par' dir='ltr' id='par_1_61' title="bbox 574 3268 2161 3343">
     <span class='ocr_line' id='line_1_61' title="bbox 574 3268 2161 3343; baseline 0.001 -18"><span class='ocrx_word' id='word_1_462' title='bbox 574 3268 723 3325; x_wconf 80' lang='lat' dir='ltr'><strong>Dixit</strong></span> <span class='ocrx_word' id='word_1_463' title='bbox 747 3280 931 3326; x_wconf 89' lang='lat' dir='ltr'><strong>autem</strong></span> <span class='ocrx_word' id='word_1_464' title='bbox 961 3271 1010 3327; x_wconf 88' lang='lat' dir='ltr'><strong>ei</strong></span> <span class='ocrx_word' id='word_1_465' title='bbox 1043 3272 1317 3343; x_wconf 82' lang='lat' dir='ltr'><strong>quomodo</strong></span> <span class='ocrx_word' id='word_1_466' title='bbox 1358 3272 1566 3327; x_wconf 90' lang='lat' dir='ltr'><strong>crimen</strong></span> <span class='ocrx_word' id='word_1_467' title='bbox 1610 3272 1775 3328; x_wconf 59' lang='lat' dir='ltr'><strong>caedis</strong></span> <span class='ocrx_word' id='word_1_468' title='bbox 1825 3282 1973 3328; x_wconf 84' lang='lat' dir='ltr'><strong>esset</strong></span> <span class='ocrx_word' id='word_1_469' title='bbox 2000 3273 2161 3327; x_wconf 85' lang='lat' dir='ltr'><strong>ador-</strong></span> 
     </span>
    </p>
   </div>
   <div class='ocr_carea' id='block_1_62' title="bbox 577 3360 2162 3432">
    <p class='ocr_par' dir='ltr' id='par_1_62' title="bbox 577 3360 2162 3432">
     <span class='ocr_line' id='line_1_62' title="bbox 577 3360 2162 3432; baseline 0.003 -19"><span class='ocrx_word' id='word_1_470' title='bbox 577 3367 786 3413; x_wconf 82' lang='lat' dir='ltr'><strong>natum.</strong></span> <span class='ocrx_word' id='word_1_471' title='bbox 815 3360 999 3416; x_wconf 78' lang='lat' dir='ltr'><strong>Abbas</strong></span> <span class='ocrx_word' id='word_1_472' title='bbox 1023 3360 1259 3432; x_wconf 84' lang='lat' dir='ltr'><strong>Symeon</strong></span> <span class='ocrx_word' id='word_1_473' title='bbox 1291 3362 1577 3418; x_wconf 89' lang='lat' dir='ltr'><strong>stultitiam</strong></span> <span class='ocrx_word' id='word_1_474' title='bbox 1624 3364 1911 3429; x_wconf 86' lang='lat' dir='ltr'><strong>mentitus,</strong></span> <span class='ocrx_word' id='word_1_475' title='bbox 1954 3364 2162 3419; x_wconf 90' lang='lat' dir='ltr'><strong>dimisit</strong></span> 
     </span>
    </p>
   </div>
   <div class='ocr_carea' id='block_1_63' title="bbox 575 3453 2163 3523">
    <p class='ocr_par' dir='ltr' id='par_1_63' title="bbox 575 3453 2163 3523">
     <span class='ocr_line' id='line_1_63' title="bbox 575 3453 2163 3523; baseline 0.004 -16"><span class='ocrx_word' id='word_1_476' title='bbox 575 3466 725 3518; x_wconf 88' lang='lat' dir='ltr'><strong>cum,</strong></span> <span class='ocrx_word' id='word_1_477' title='bbox 755 3453 847 3523; x_wconf 88' lang='lat' dir='ltr'><strong>qui</strong></span> <span class='ocrx_word' id='word_1_478' title='bbox 883 3453 987 3508; x_wconf 88' lang='lat' dir='ltr'><strong>hoc</strong></span> <span class='ocrx_word' id='word_1_479' title='bbox 1016 3454 1307 3521; x_wconf 82' lang='lat' dir='ltr'><strong>referebat,</strong></span> <span class='ocrx_word' id='word_1_480' title='bbox 1338 3465 1394 3511; x_wconf 89' lang='lat' dir='ltr'><strong>et</strong></span> <span class='ocrx_word' id='word_1_481' title='bbox 1420 3457 1648 3513; x_wconf 89' lang='lat' dir='ltr'><strong>secessit</strong></span> <span class='ocrx_word' id='word_1_482' title='bbox 1680 3458 1736 3511; x_wconf 91' lang='lat' dir='ltr'><strong>in</strong></span> <span class='ocrx_word' id='word_1_483' title='bbox 1764 3459 2045 3514; x_wconf 90' lang='lat' dir='ltr'><strong>occultum</strong></span> <span class='ocrx_word' id='word_1_484' title='bbox 2080 3458 2163 3514; x_wconf 90' lang='lat' dir='ltr'><strong>lo-</strong></span> 
     </span>
    </p>
   </div>
   <div class='ocr_carea' id='block_1_64' title="bbox 538 3534 2159 3618">
    <p class='ocr_par' dir='ltr' id='par_1_64' title="bbox 538 3534 2159 3618">
     <span class='ocr_line' id='line_1_64' title="bbox 538 3534 2159 3618; baseline 0.005 -22"><span class='ocrx_word' id='word_1_485' title='bbox 538 3534 541 3535; x_wconf 44' lang='grc'><strong><em>⁷</em></strong></span> <span class='ocrx_word' id='word_1_486' title='bbox 576 3556 727 3609; x_wconf 88' lang='lat' dir='ltr'><strong>cum,</strong></span> <span class='ocrx_word' id='word_1_487' title='bbox 772 3543 888 3609; x_wconf 90' lang='lat' dir='ltr'><strong>ubi,</strong></span> <span class='ocrx_word' id='word_1_488' title='bbox 919 3559 1139 3615; x_wconf 88' lang='lat' dir='ltr'><strong>semper</strong></span> <span class='ocrx_word' id='word_1_489' title='bbox 1185 3546 1398 3609; x_wconf 89' lang='lat' dir='ltr'><strong>orabat.</strong></span> <span class='ocrx_word' id='word_1_490' title='bbox 1433 3564 1596 3618; x_wconf 87' lang='lat' dir='ltr'><strong>quem</strong></span> <span class='ocrx_word' id='word_1_491' title='bbox 1646 3565 1809 3603; x_wconf 90' lang='lat' dir='ltr'><strong>nemo</strong></span> <span class='ocrx_word' id='word_1_492' title='bbox 1839 3560 2019 3616; x_wconf 89' lang='lat' dir='ltr'><strong>norat,</strong></span> <span class='ocrx_word' id='word_1_493' title='bbox 2052 3548 2159 3604; x_wconf 88' lang='lat' dir='ltr'><strong>nisi</strong></span> 
     </span>
    </p>
   </div>
   <div class='ocr_carea' id='block_1_65' title="bbox 577 3633 2164 3712">
    <p class='ocr_par' dir='ltr' id='par_1_65' title="bbox 577 3633 2164 3712">
     <span class='ocr_line' id='line_1_65' title="bbox 577 3633 2164 3712; baseline 0.006 -24"><span class='ocrx_word' id='word_1_494' title='bbox 577 3633 790 3690; x_wconf 82' lang='lat' dir='ltr'><strong>amicus</strong></span> <span class='ocrx_word' id='word_1_495' title='bbox 821 3638 962 3705; x_wconf 82' lang='lat' dir='ltr'><strong>ejus,</strong></span> <span class='ocrx_word' id='word_1_496' title='bbox 998 3635 1091 3693; x_wconf 91' lang='lat' dir='ltr'><strong>Dei</strong></span> <span class='ocrx_word' id='word_1_497' title='bbox 1133 3654 1323 3694; x_wconf 91' lang='lat' dir='ltr'><strong>amans</strong></span> <span class='ocrx_word' id='word_1_498' title='bbox 1370 3638 1630 3708; x_wconf 88' lang='lat' dir='ltr'><strong>Joannes,</strong></span> <span class='ocrx_word' id='word_1_499' title='bbox 1663 3651 1719 3697; x_wconf 91' lang='lat' dir='ltr'><strong>et</strong></span> <span class='ocrx_word' id='word_1_500' title='bbox 1750 3642 1903 3698; x_wconf 84' lang='lat' dir='ltr'><strong>ﬂexis</strong></span> <span class='ocrx_word' id='word_1_501' title='bbox 1931 3642 2164 3712; x_wconf 80' lang='lat' dir='ltr'><strong>genibus</strong></span> 
     </span>
    </p>
   </div>
   <div class='ocr_carea' id='block_1_66' title="bbox 578 3727 2164 3806">
    <p class='ocr_par' dir='ltr' id='par_1_66' title="bbox 578 3727 2164 3806">
     <span class='ocr_line' id='line_1_66' title="bbox 578 3727 2164 3806; baseline 0.006 -25"><span class='ocrx_word' id='word_1_502' title='bbox 578 3727 770 3782; x_wconf 84' lang='lat' dir='ltr'><strong>orabat</strong></span> <span class='ocrx_word' id='word_1_503' title='bbox 800 3728 994 3796; x_wconf 90' lang='lat' dir='ltr'><strong>Deum,</strong></span> <span class='ocrx_word' id='word_1_504' title='bbox 1027 3738 1089 3785; x_wconf 91' lang='lat' dir='ltr'><strong>ut</strong></span> <span class='ocrx_word' id='word_1_505' title='bbox 1115 3746 1334 3787; x_wconf 89' lang='lat' dir='ltr'><strong>servum</strong></span> <span class='ocrx_word' id='word_1_506' title='bbox 1367 3748 1528 3789; x_wconf 88' lang='lat' dir='ltr'><strong>suum</strong></span> <span class='ocrx_word' id='word_1_507' title='bbox 1553 3735 1811 3790; x_wconf 90' lang='lat' dir='ltr'><strong>liberaret</strong></span> <span class='ocrx_word' id='word_1_508' title='bbox 1832 3751 1862 3789; x_wconf 90' lang='lat' dir='ltr'><strong>e</strong></span> <span class='ocrx_word' id='word_1_509' title='bbox 1884 3736 1977 3790; x_wconf 88' lang='lat' dir='ltr'><strong>tali</strong></span> <span class='ocrx_word' id='word_1_510' title='bbox 2014 3735 2164 3806; x_wconf 87' lang='lat' dir='ltr'><strong>peri-</strong></span> 
     </span>
    </p>
   </div>
   <div class='ocr_carea' id='block_1_67' title="bbox 578 3818 2165 3897">
    <p class='ocr_par' dir='ltr' id='par_1_67' title="bbox 578 3818 2165 3897">
     <span class='ocr_line' id='line_1_67' title="bbox 578 3818 2165 3897; baseline 0.004 -22"><span class='ocrx_word' id='word_1_511' title='bbox 578 3819 724 3875; x_wconf 88' lang='lat' dir='ltr'><strong>culo.</strong></span> <span class='ocrx_word' id='word_1_512' title='bbox 759 3818 1052 3893; x_wconf 85' lang='lat' dir='ltr'><strong>Postquam</strong></span> <span class='ocrx_word' id='word_1_513' title='bbox 1093 3821 1173 3889; x_wconf 89' lang='lat' dir='ltr'><strong>bi,</strong></span> <span class='ocrx_word' id='word_1_514' title='bbox 1214 3823 1306 3894; x_wconf 90' lang='lat' dir='ltr'><strong>qui</strong></span> <span class='ocrx_word' id='word_1_515' title='bbox 1346 3840 1474 3879; x_wconf 89' lang='lat' dir='ltr'><strong>eum</strong></span> <span class='ocrx_word' id='word_1_516' title='bbox 1507 3825 1805 3888; x_wconf 90' lang='lat' dir='ltr'><strong>ducebant,</strong></span> <span class='ocrx_word' id='word_1_517' title='bbox 1842 3834 1902 3880; x_wconf 91' lang='lat' dir='ltr'><strong>ut</strong></span> <span class='ocrx_word' id='word_1_518' title='bbox 1932 3842 2165 3897; x_wconf 88' lang='lat' dir='ltr'><strong>suspen-</strong></span> 
     </span>
    </p>
   </div>
   <div class='ocr_carea' id='block_1_68' title="bbox 580 3911 2164 3986">
    <p class='ocr_par' dir='ltr' id='par_1_68' title="bbox 580 3911 2164 3986">
     <span class='ocr_line' id='line_1_68' title="bbox 580 3911 2164 3986; baseline 0.004 -21"><span class='ocrx_word' id='word_1_519' title='bbox 580 3911 827 3977; x_wconf 86' lang='lat' dir='ltr'><strong>deretur,</strong></span> <span class='ocrx_word' id='word_1_520' title='bbox 858 3914 1241 3983; x_wconf 88' lang='lat' dir='ltr'><strong>pervenissent</strong></span> <span class='ocrx_word' id='word_1_521' title='bbox 1272 3915 1340 3969; x_wconf 91' lang='lat' dir='ltr'><strong>ad</strong></span> <span class='ocrx_word' id='word_1_522' title='bbox 1372 3915 1573 3980; x_wconf 91' lang='lat' dir='ltr'><strong>locum,</strong></span> <span class='ocrx_word' id='word_1_523' title='bbox 1616 3916 1707 3970; x_wconf 94' lang='lat' dir='ltr'><strong>ubi</strong></span> <span class='ocrx_word' id='word_1_524' title='bbox 1740 3925 1899 3971; x_wconf 86' lang='lat' dir='ltr'><strong>erant</strong></span> <span class='ocrx_word' id='word_1_525' title='bbox 1935 3916 2164 3986; x_wconf 90' lang='lat' dir='ltr'><strong>posituri</strong></span> 
     </span>
    </p>
   </div>
   <div class='ocr_carea' id='block_1_69' title="bbox 581 3999 2162 4077">
    <p class='ocr_par' dir='ltr' id='par_1_69' title="bbox 581 3999 2162 4077">
     <span class='ocr_line' id='line_1_69' title="bbox 581 3999 2162 4077; baseline 0.006 -22"><span class='ocrx_word' id='word_1_526' title='bbox 581 3999 829 4069; x_wconf 79' lang='lat' dir='ltr'><strong>furcam,</strong></span> <span class='ocrx_word' id='word_1_527' title='bbox 882 4018 1010 4058; x_wconf 84' lang='lat' dir='ltr'><strong>ecce</strong></span> <span class='ocrx_word' id='word_1_528' title='bbox 1062 4013 1361 4059; x_wconf 87' lang='lat' dir='ltr'><strong>accurrunt</strong></span> <span class='ocrx_word' id='word_1_529' title='bbox 1413 4006 1630 4076; x_wconf 81' lang='lat' dir='ltr'><strong>equites</strong></span> <span class='ocrx_word' id='word_1_530' title='bbox 1677 4006 1787 4075; x_wconf 82' lang='lat' dir='ltr'><strong>(75l</strong></span> <span class='ocrx_word' id='word_1_531' title='bbox 1843 4018 1897 4064; x_wconf 90' lang='lat' dir='ltr'><strong>et</strong></span> <span class='ocrx_word' id='word_1_532' title='bbox 1948 4008 2162 4077; x_wconf 88' lang='lat' dir='ltr'><strong>dicunt,</strong></span> 
     </span>
    </p>
   </div>
   <div class='ocr_carea' id='block_1_70' title="bbox 582 4092 2166 4161">
    <p class='ocr_par' dir='ltr' id='par_1_70' title="bbox 582 4092 2166 4161">
     <span class='ocr_line' id='line_1_70' title="bbox 582 4092 2166 4161; baseline 0.007 -14"><span class='ocrx_word' id='word_1_533' title='bbox 582 4099 644 4147; x_wconf 88' lang='lat' dir='ltr'><strong>ut</strong></span> <span class='ocrx_word' id='word_1_534' title='bbox 673 4092 851 4148; x_wconf 87' lang='lat' dir='ltr'><strong>virum</strong></span> <span class='ocrx_word' id='word_1_535' title='bbox 881 4094 1268 4161; x_wconf 79' lang='lat' dir='ltr'><strong>absolverent,</strong></span> <span class='ocrx_word' id='word_1_536' title='bbox 1314 4093 1570 4153; x_wconf 89' lang='lat' dir='ltr'><strong>inventos</strong></span> <span class='ocrx_word' id='word_1_537' title='bbox 1630 4114 1754 4156; x_wconf 87' lang='lat' dir='ltr'><strong>esse</strong></span> <span class='ocrx_word' id='word_1_538' title='bbox 1796 4117 1957 4158; x_wconf 88' lang='lat' dir='ltr'><strong>veros</strong></span> <span class='ocrx_word' id='word_1_539' title='bbox 1998 4102 2166 4158; x_wconf 85' lang='lat' dir='ltr'><strong>caedis</strong></span> 
     </span>
    </p>
   </div>
   <div class='ocr_carea' id='block_1_71' title="bbox 582 4194 863 4241">
    <p class='ocr_par' dir='ltr' id='par_1_71' title="bbox 582 4194 863 4241">
     <span class='ocr_line' id='line_1_71' title="bbox 582 4194 863 4241; baseline 0 0"><span class='ocrx_word' id='word_1_540' title='bbox 582 4194 863 4241; x_wconf 82' lang='lat' dir='ltr'><strong>auctores.</strong></span> 
     </span>
    </p>
   </div>
   <div class='ocr_carea' id='block_1_72' title="bbox 656 4366 2167 4441">
    <p class='ocr_par' dir='ltr' id='par_1_72' title="bbox 656 4366 2167 4441">
     <span class='ocr_line' id='line_1_72' title="bbox 656 4366 2167 4441; baseline 0.009 -20"><span class='ocrx_word' id='word_1_541' title='bbox 656 4366 743 4421; x_wconf 82' lang='lat'><strong>5|.</strong></span> <span class='ocrx_word' id='word_1_542' title='bbox 784 4367 1078 4423; x_wconf 83' lang='lat' dir='ltr'><strong>Absolutus</strong></span> <span class='ocrx_word' id='word_1_543' title='bbox 1116 4368 1296 4441; x_wconf 85' lang='lat' dir='ltr'><strong>itaque</strong></span> <span class='ocrx_word' id='word_1_544' title='bbox 1339 4371 1559 4438; x_wconf 86' lang='lat' dir='ltr'><strong>statim,</strong></span> <span class='ocrx_word' id='word_1_545' title='bbox 1607 4382 1756 4429; x_wconf 87' lang='lat' dir='ltr'><strong>recta</strong></span> <span class='ocrx_word' id='word_1_546' title='bbox 1810 4377 2054 4433; x_wconf 88' lang='lat' dir='ltr'><strong>cucurrit</strong></span> <span class='ocrx_word' id='word_1_547' title='bbox 2098 4376 2167 4434; x_wconf 88' lang='lat' dir='ltr'><strong>ad</strong></span> 
     </span>
    </p>
   </div>
   <div class='ocr_carea' id='block_1_73' title="bbox 582 4458 2165 4542">
    <p class='ocr_par' dir='ltr' id='par_1_73' title="bbox 582 4458 2165 4542">
     <span class='ocr_line' id='line_1_73' title="bbox 582 4458 2165 4542; baseline 0.009 -29"><span class='ocrx_word' id='word_1_548' title='bbox 582 4458 786 4525; x_wconf 88' lang='lat' dir='ltr'><strong>locum,</strong></span> <span class='ocrx_word' id='word_1_549' title='bbox 817 4462 906 4515; x_wconf 90' lang='lat' dir='ltr'><strong>ubi</strong></span> <span class='ocrx_word' id='word_1_550' title='bbox 937 4463 1144 4518; x_wconf 86' lang='lat' dir='ltr'><strong>sciebat</strong></span> <span class='ocrx_word' id='word_1_551' title='bbox 1191 4480 1409 4535; x_wconf 84' lang='lat' dir='ltr'><strong>semper</strong></span> <span class='ocrx_word' id='word_1_552' title='bbox 1448 4482 1607 4522; x_wconf 90' lang='lat' dir='ltr'><strong>orare</strong></span> <span class='ocrx_word' id='word_1_553' title='bbox 1644 4468 1899 4523; x_wconf 89' lang='lat' dir='ltr'><strong>abbatem</strong></span> <span class='ocrx_word' id='word_1_554' title='bbox 1939 4471 2165 4542; x_wconf 73' lang='lat' dir='ltr'><strong>Symeo-</strong></span> 
     </span>
    </p>
   </div>
   <div class='ocr_carea' id='block_1_74' title="bbox 2264 3269 3855 3345">
    <p class='ocr_par' dir='ltr' id='par_1_74' title="bbox 2264 3269 3855 3345">
     <span class='ocr_line' id='line_1_74' title="bbox 2264 3269 3855 3345; baseline -0.004 -18"><span class='ocrx_word' id='word_1_555' title='bbox 2264 3274 2493 3338; x_wconf 81' lang='grc' dir='ltr'>ὲκεῖνος.</span> <span class='ocrx_word' id='word_1_556' title='bbox 2523 3269 2659 3327; x_wconf 83' lang='grc' dir='ltr'>Εἶπε</span> <span class='ocrx_word' id='word_1_557' title='bbox 2694 3272 2752 3327; x_wconf 86' lang='grc' dir='ltr'>δὲ</span> <span class='ocrx_word' id='word_1_558' title='bbox 2778 3272 2929 3344; x_wconf 83' lang='grc' dir='ltr'><strong>αύτῷ</strong></span> <span class='ocrx_word' id='word_1_559' title='bbox 2969 3273 3065 3326; x_wconf 77' lang='grc' dir='ltr'>καὶ</span> <span class='ocrx_word' id='word_1_560' title='bbox 3089 3272 3181 3326; x_wconf 81' lang='grc' dir='ltr'><strong>τὸν</strong></span> <span class='ocrx_word' id='word_1_561' title='bbox 3205 3273 3408 3345; x_wconf 81' lang='grc' dir='ltr'>τρόπον</span> <span class='ocrx_word' id='word_1_562' title='bbox 3436 3272 3537 3340; x_wconf 82' lang='grc' dir='ltr'>τῆς</span> <span class='ocrx_word' id='word_1_563' title='bbox 3577 3269 3855 3323; x_wconf 76' lang='grc' dir='ltr'>καταπλο-</span> 
     </span>
    </p>
   </div>
   <div class='ocr_carea' id='block_1_75' title="bbox 2263 3358 3855 3436">
    <p class='ocr_par' dir='ltr' id='par_1_75' title="bbox 2263 3358 3855 3436">
     <span class='ocr_line' id='line_1_75' title="bbox 2263 3358 3855 3436; baseline -0.006 -17"><span class='ocrx_word' id='word_1_564' title='bbox 2263 3364 2367 3436; x_wconf 85' lang='grc' dir='ltr'>κῆς</span> <span class='ocrx_word' id='word_1_565' title='bbox 2394 3364 2489 3419; x_wconf 76' lang='grc' dir='ltr'>τοῦ</span> <span class='ocrx_word' id='word_1_566' title='bbox 2508 3365 2692 3436; x_wconf 86' lang='grc' dir='ltr'>φόνου.</span> <span class='ocrx_word' id='word_1_567' title='bbox 2715 3365 2955 3435; x_wconf 78' lang='grc' dir='ltr'>Ποιήσας</span> <span class='ocrx_word' id='word_1_568' title='bbox 2981 3360 3076 3418; x_wconf 79' lang='grc' dir='ltr'>οὖν</span> <span class='ocrx_word' id='word_1_569' title='bbox 3121 3363 3315 3418; x_wconf 77' lang='grc' dir='ltr'>ἑαυτὸν</span> <span class='ocrx_word' id='word_1_570' title='bbox 3355 3363 3385 3416; x_wconf 89' lang='lat'><strong>6</strong></span> <span class='ocrx_word' id='word_1_571' title='bbox 3421 3361 3594 3423; x_wconf 74' lang='grc' dir='ltr'>ἁὸὁᾶς</span> <span class='ocrx_word' id='word_1_572' title='bbox 3625 3358 3855 3428; x_wconf 83' lang='grc' dir='ltr'>Συμεὼν</span> 
     </span>
    </p>
   </div>
   <div class='ocr_carea' id='block_1_76' title="bbox 2263 3449 3847 3527">
    <p class='ocr_par' dir='ltr' id='par_1_76' title="bbox 2263 3449 3847 3527">
     <span class='ocr_line' id='line_1_76' title="bbox 2263 3449 3847 3527; baseline -0.004 -19"><span class='ocrx_word' id='word_1_573' title='bbox 2263 3455 2478 3527; x_wconf 81' lang='grc' dir='ltr'>έξηχον,</span> <span class='ocrx_word' id='word_1_574' title='bbox 2508 3455 2721 3526; x_wconf 81' lang='grc' dir='ltr'>ἀφῆκεν</span> <span class='ocrx_word' id='word_1_575' title='bbox 2758 3455 2848 3508; x_wconf 77' lang='grc' dir='ltr'>τὸν</span> <span class='ocrx_word' id='word_1_576' title='bbox 2872 3454 3098 3508; x_wconf 74' lang='grc' dir='ltr'>εἰπόντα</span> <span class='ocrx_word' id='word_1_577' title='bbox 3140 3453 3312 3525; x_wconf 74' lang='grc' dir='ltr'>αὐτῷ,</span> <span class='ocrx_word' id='word_1_578' title='bbox 3351 3453 3448 3506; x_wconf 73' lang='grc' dir='ltr'>καὶ</span> <span class='ocrx_word' id='word_1_579' title='bbox 3490 3449 3847 3521; x_wconf 78' lang='grc' dir='ltr'>ἀνεχώρησεν</span> 
     </span>
    </p>
   </div>
   <div class='ocr_carea' id='block_1_77' title="bbox 2264 3540 3851 3619">
    <p class='ocr_par' dir='ltr' id='par_1_77' title="bbox 2264 3540 3851 3619">
     <span class='ocr_line' id='line_1_77' title="bbox 2264 3540 3851 3619; baseline -0.006 -17"><span class='ocrx_word' id='word_1_580' title='bbox 2264 3550 2342 3611; x_wconf 83' lang='grc' dir='ltr'><strong>είς</strong></span> <span class='ocrx_word' id='word_1_581' title='bbox 2378 3549 2542 3602; x_wconf 80' lang='grc' dir='ltr'>τόπον</span> <span class='ocrx_word' id='word_1_582' title='bbox 2571 3546 2832 3619; x_wconf 76' lang='grc' dir='ltr'>κρυπτὸν,</span> <span class='ocrx_word' id='word_1_583' title='bbox 2865 3548 3000 3601; x_wconf 84' lang='grc' dir='ltr'>ὅπου</span> <span class='ocrx_word' id='word_1_584' title='bbox 3052 3546 3252 3617; x_wconf 74' lang='grc' dir='ltr'>ηὔχετο</span> <span class='ocrx_word' id='word_1_585' title='bbox 3297 3548 3552 3605; x_wconf 69' lang='grc' dir='ltr'>πάντοτε,</span> <span class='ocrx_word' id='word_1_586' title='bbox 3584 3543 3645 3596; x_wconf 83' lang='grc' dir='ltr'>ὃν</span> <span class='ocrx_word' id='word_1_587' title='bbox 3667 3540 3851 3604; x_wconf 78' lang='grc' dir='ltr'>οὐδεὶς</span> 
     </span>
    </p>
   </div>
   <div class='ocr_carea' id='block_1_78' title="bbox 2263 3634 3854 3711">
    <p class='ocr_par' dir='ltr' id='par_1_78' title="bbox 2263 3634 3854 3711">
     <span class='ocr_line' id='line_1_78' title="bbox 2263 3634 3854 3711; baseline -0.003 -18"><span class='ocrx_word' id='word_1_588' title='bbox 2263 3639 2582 3708; x_wconf 77' lang='grc' dir='ltr'>ἐγίνωσκεν,</span> <span class='ocrx_word' id='word_1_589' title='bbox 2618 3640 2664 3693; x_wconf 86' lang='grc' dir='ltr'><strong>εί</strong></span> <span class='ocrx_word' id='word_1_590' title='bbox 2691 3639 2767 3711; x_wconf 85' lang='grc' dir='ltr'>μὴ</span> <span class='ocrx_word' id='word_1_591' title='bbox 2797 3642 2825 3693; x_wconf 91' lang='lat'><strong>6</strong></span> <span class='ocrx_word' id='word_1_592' title='bbox 2848 3638 3001 3709; x_wconf 84' lang='grc' dir='ltr'>φίλος</span> <span class='ocrx_word' id='word_1_593' title='bbox 3029 3638 3194 3692; x_wconf 77' lang='grc' dir='ltr'>αὑτοῦ</span> <span class='ocrx_word' id='word_1_594' title='bbox 3227 3640 3255 3692; x_wconf 95' lang='lat'><strong>6</strong></span> <span class='ocrx_word' id='word_1_595' title='bbox 3282 3637 3536 3707; x_wconf 83' lang='grc' dir='ltr'>θεοφιλὴς</span> <span class='ocrx_word' id='word_1_596' title='bbox 3563 3634 3854 3704; x_wconf 79' lang='grc' dir='ltr'>Ἰωάννης,</span> 
     </span>
    </p>
   </div>
   <div class='ocr_carea' id='block_1_79' title="bbox 2265 3720 3857 3803">
    <p class='ocr_par' dir='ltr' id='par_1_79' title="bbox 2265 3720 3857 3803">
     <span class='ocr_line' id='line_1_79' title="bbox 2265 3720 3857 3803; baseline -0.004 -17"><span class='ocrx_word' id='word_1_597' title='bbox 2265 3733 2363 3789; x_wconf 74' lang='grc' dir='ltr'>καὶ</span> <span class='ocrx_word' id='word_1_598' title='bbox 2389 3732 2576 3796; x_wconf 83' lang='grc' dir='ltr'>κλίνας</span> <span class='ocrx_word' id='word_1_599' title='bbox 2601 3731 2668 3787; x_wconf 78' lang='grc' dir='ltr'><strong>τὰ</strong></span> <span class='ocrx_word' id='word_1_600' title='bbox 2704 3732 2934 3802; x_wconf 84' lang='grc' dir='ltr'>γόνατα,</span> <span class='ocrx_word' id='word_1_601' title='bbox 2971 3720 3274 3803; x_wconf 76' lang='grc' dir='ltr'>παρεκάλει</span> <span class='ocrx_word' id='word_1_602' title='bbox 3302 3730 3395 3785; x_wconf 76' lang='grc' dir='ltr'><strong>τὸν</strong></span> <span class='ocrx_word' id='word_1_603' title='bbox 3415 3729 3550 3784; x_wconf 80' lang='grc' dir='ltr'><strong>Θεὸν</strong></span> <span class='ocrx_word' id='word_1_604' title='bbox 3586 3728 3857 3800; x_wconf 69' lang='grc' dir='ltr'>ρυσθῆναι</span> 
     </span>
    </p>
   </div>
   <div class='ocr_carea' id='block_1_80' title="bbox 2264 3820 3860 3885">
    <p class='ocr_par' dir='ltr' id='par_1_80' title="bbox 2264 3820 3860 3885">
     <span class='ocr_line' id='line_1_80' title="bbox 2264 3820 3860 3885; baseline -0.004 -5"><span class='ocrx_word' id='word_1_605' title='bbox 2264 3826 2356 3880; x_wconf 82' lang='grc' dir='ltr'><strong>τδν</strong></span> <span class='ocrx_word' id='word_1_606' title='bbox 2382 3826 2547 3881; x_wconf 82' lang='grc' dir='ltr'>αὑτοῦ</span> <span class='ocrx_word' id='word_1_607' title='bbox 2576 3824 2761 3879; x_wconf 77' lang='grc' dir='ltr'>δοῦλον</span> <span class='ocrx_word' id='word_1_608' title='bbox 2788 3825 2854 3878; x_wconf 79' lang='grc' dir='ltr'>ὲκ</span> <span class='ocrx_word' id='word_1_609' title='bbox 2887 3823 2982 3879; x_wconf 77' lang='grc' dir='ltr'><strong>τοῦ</strong></span> <span class='ocrx_word' id='word_1_610' title='bbox 3026 3823 3272 3878; x_wconf 85' lang='grc' dir='ltr'>τοιούτου</span> <span class='ocrx_word' id='word_1_611' title='bbox 3311 3823 3581 3878; x_wconf 84' lang='grc' dir='ltr'>κινδύνου.</span> <span class='ocrx_word' id='word_1_612' title='bbox 3633 3823 3747 3876; x_wconf 75' lang='grc' dir='ltr'><strong>Καὶ</strong></span> <span class='ocrx_word' id='word_1_613' title='bbox 3777 3820 3860 3885; x_wconf 79' lang='grc' dir='ltr'><strong>ὡς</strong></span> 
     </span>
    </p>
   </div>
   <div class='ocr_carea' id='block_1_81' title="bbox 2265 3914 3856 3989">
    <p class='ocr_par' dir='ltr' id='par_1_81' title="bbox 2265 3914 3856 3989">
     <span class='ocr_line' id='line_1_81' title="bbox 2265 3914 3856 3989; baseline -0.003 -19"><span class='ocrx_word' id='word_1_614' title='bbox 2265 3916 2509 3987; x_wconf 75' lang='grc' dir='ltr'>ἔφθασαν</span> <span class='ocrx_word' id='word_1_615' title='bbox 2536 3917 2585 3971; x_wconf 83' lang='grc' dir='ltr'><strong>οί</strong></span> <span class='ocrx_word' id='word_1_616' title='bbox 2612 3916 2997 3987; x_wconf 74' lang='grc' dir='ltr'>ἐξενέγκαντες</span> <span class='ocrx_word' id='word_1_617' title='bbox 3026 3933 3316 3989; x_wconf 86' lang='grc' dir='ltr'>φουρκισαι</span> <span class='ocrx_word' id='word_1_618' title='bbox 3342 3915 3509 3971; x_wconf 72' lang='grc' dir='ltr'>αὑτὸν</span> <span class='ocrx_word' id='word_1_619' title='bbox 3535 3916 3617 3980; x_wconf 84' lang='grc' dir='ltr'><strong>είς</strong></span> <span class='ocrx_word' id='word_1_620' title='bbox 3642 3914 3735 3970; x_wconf 81' lang='grc' dir='ltr'><strong>τὸν</strong></span> <span class='ocrx_word' id='word_1_621' title='bbox 3762 3915 3856 3967; x_wconf 85' lang='grc' dir='ltr'>τό-</span> 
     </span>
    </p>
   </div>
   <div class='ocr_carea' id='block_1_82' title="bbox 2266 4008 3852 4081">
    <p class='ocr_par' dir='ltr' id='par_1_82' title="bbox 2266 4008 3852 4081">
     <span class='ocr_line' id='line_1_82' title="bbox 2266 4008 3852 4081; baseline -0.001 -18"><span class='ocrx_word' id='word_1_622' title='bbox 2266 4026 2370 4063; x_wconf 86' lang='grc' dir='ltr'><strong>πον</strong></span> <span class='ocrx_word' id='word_1_623' title='bbox 2405 4010 2540 4065; x_wconf 84' lang='grc' dir='ltr'>δπου</span> <span class='ocrx_word' id='word_1_624' title='bbox 2566 4009 2800 4081; x_wconf 76' lang='grc' dir='ltr'>ἦμελλον</span> <span class='ocrx_word' id='word_1_625' title='bbox 2836 4009 3032 4081; x_wconf 84' lang='grc' dir='ltr'>στῆσαι</span> <span class='ocrx_word' id='word_1_626' title='bbox 3068 4009 3168 4080; x_wconf 85' lang='grc' dir='ltr'>τὴν</span> <span class='ocrx_word' id='word_1_627' title='bbox 3205 4008 3448 4081; x_wconf 74' lang='grc' dir='ltr'>φούρκαι</span> <span class='ocrx_word' id='word_1_628' title='bbox 3488 4008 3658 4063; x_wconf 77' lang='grc' dir='ltr'>αὑτοῦ</span> <span class='ocrx_word' id='word_1_629' title='bbox 3679 4049 3695 4074; x_wconf 95' lang='grc'><strong>,</strong></span> <span class='ocrx_word' id='word_1_630' title='bbox 3742 4008 3852 4062; x_wconf 73' lang='lat' dir='ltr'><strong>[Bob</strong></span> 
     </span>
    </p>
   </div>
   <div class='ocr_carea' id='block_1_83' title="bbox 2266 4100 3849 4173">
    <p class='ocr_par' dir='ltr' id='par_1_83' title="bbox 2266 4100 3849 4173">
     <span class='ocr_line' id='line_1_83' title="bbox 2266 4100 3849 4173; baseline -0.003 -16"><span class='ocrx_word' id='word_1_631' title='bbox 2266 4100 2626 4173; x_wconf 74' lang='grc' dir='ltr'>καθαλλάριοι</span> <span class='ocrx_word' id='word_1_632' title='bbox 2663 4100 2952 4173; x_wconf 76' lang='grc' dir='ltr'>τρέχοντες</span> <span class='ocrx_word' id='word_1_633' title='bbox 2980 4102 3073 4156; x_wconf 52' lang='grc' dir='ltr'><strong>καὶ⁵</strong></span> <span class='ocrx_word' id='word_1_634' title='bbox 3113 4101 3366 4171; x_wconf 89' lang='grc' dir='ltr'>λέγοντες</span> <span class='ocrx_word' id='word_1_635' title='bbox 3396 4100 3741 4171; x_wconf 78' lang='grc' dir='ltr'>ἀπολυθῆναι</span> <span class='ocrx_word' id='word_1_636' title='bbox 3760 4100 3849 4156; x_wconf 77' lang='grc' dir='ltr'>τὸν</span> 
     </span>
    </p>
   </div>
   <div class='ocr_carea' id='block_1_84' title="bbox 2267 4194 3848 4268">
    <p class='ocr_par' dir='ltr' id='par_1_84' title="bbox 2267 4194 3848 4268">
     <span class='ocr_line' id='line_1_84' title="bbox 2267 4194 3848 4268; baseline 0 -19"><span class='ocrx_word' id='word_1_637' title='bbox 2267 4194 2470 4267; x_wconf 76' lang='grc' dir='ltr'>ἄνδρα,</span> <span class='ocrx_word' id='word_1_638' title='bbox 2500 4195 2582 4251; x_wconf 83' lang='grc' dir='ltr'>ὅτι</span> <span class='ocrx_word' id='word_1_639' title='bbox 2610 4195 2916 4268; x_wconf 84' lang='grc' dir='ltr'>εὑρέθησαν</span> <span class='ocrx_word' id='word_1_640' title='bbox 2946 4198 2994 4250; x_wconf 73' lang='grc' dir='ltr'>οἱ</span> <span class='ocrx_word' id='word_1_641' title='bbox 3032 4199 3124 4253; x_wconf 81' lang='grc' dir='ltr'>τὸν</span> <span class='ocrx_word' id='word_1_642' title='bbox 3161 4196 3321 4268; x_wconf 87' lang='grc' dir='ltr'>φόνον</span> <span class='ocrx_word' id='word_1_643' title='bbox 3340 4198 3398 4250; x_wconf 71' lang='grc' dir='ltr'>ὲν</span> <span class='ocrx_word' id='word_1_644' title='bbox 3432 4194 3663 4268; x_wconf 79' lang='grc' dir='ltr'>ἀληθείᾳ</span> <span class='ocrx_word' id='word_1_645' title='bbox 3691 4194 3848 4265; x_wconf 74' lang='grc' dir='ltr'>ποιή-</span> 
     </span>
    </p>
   </div>
   <div class='ocr_carea' id='block_1_85' title="bbox 2271 4301 2466 4351">
    <p class='ocr_par' dir='ltr' id='par_1_85' title="bbox 2271 4301 2466 4351">
     <span class='ocr_line' id='line_1_85' title="bbox 2271 4301 2466 4351; baseline -0.005 -11"><span class='ocrx_word' id='word_1_646' title='bbox 2271 4301 2466 4351; x_wconf 85' lang='grc' dir='ltr'>σαντες</span> 
     </span>
    </p>
   </div>
   <div class='ocr_carea' id='block_1_86' title="bbox 2342 4376 3851 4453">
    <p class='ocr_par' dir='ltr' id='par_1_86' title="bbox 2342 4376 3851 4453">
     <span class='ocr_line' id='line_1_86' title="bbox 2342 4376 3851 4453; baseline -0.001 -20"><span class='ocrx_word' id='word_1_647' title='bbox 2342 4385 2444 4434; x_wconf 67' lang='grc' dir='ltr'>ναν.</span> <span class='ocrx_word' id='word_1_648' title='bbox 2477 4379 2798 4444; x_wconf 70' lang='grc' dir='ltr'>Ἀπολυθεὶς</span> <span class='ocrx_word' id='word_1_649' title='bbox 2834 4376 2929 4433; x_wconf 83' lang='grc' dir='ltr'>οὖν</span> <span class='ocrx_word' id='word_1_650' title='bbox 2954 4379 3178 4446; x_wconf 82' lang='grc' dir='ltr'>εὐθέως,</span> <span class='ocrx_word' id='word_1_651' title='bbox 3204 4380 3624 4453; x_wconf 85' lang='grc' dir='ltr'>ὠρθοδρόμησεν</span> <span class='ocrx_word' id='word_1_652' title='bbox 3653 4382 3735 4445; x_wconf 75' lang='grc' dir='ltr'><strong>είς</strong></span> <span class='ocrx_word' id='word_1_653' title='bbox 3763 4378 3851 4433; x_wconf 68' lang='grc' dir='ltr'>τὸν</span> 
     </span>
    </p>
   </div>
   <div class='ocr_carea' id='block_1_87' title="bbox 2268 4471 3852 4545">
    <p class='ocr_par' dir='ltr' id='par_1_87' title="bbox 2268 4471 3852 4545">
     <span class='ocr_line' id='line_1_87' title="bbox 2268 4471 3852 4545; baseline -0.002 -21"><span class='ocrx_word' id='word_1_654' title='bbox 2268 4471 2456 4535; x_wconf 84' lang='grc' dir='ltr'>τόπον,</span> <span class='ocrx_word' id='word_1_655' title='bbox 2488 4471 2624 4525; x_wconf 79' lang='grc' dir='ltr'>ὅπου</span> <span class='ocrx_word' id='word_1_656' title='bbox 2666 4471 2782 4543; x_wconf 77' lang='grc' dir='ltr'>ᾔδει</span> <span class='ocrx_word' id='word_1_657' title='bbox 2839 4472 3070 4527; x_wconf 82' lang='grc' dir='ltr'>πάντοτε</span> <span class='ocrx_word' id='word_1_658' title='bbox 3105 4472 3506 4545; x_wconf 81' lang='grc' dir='ltr'>προσεύχεσθαι</span> <span class='ocrx_word' id='word_1_659' title='bbox 3554 4474 3648 4527; x_wconf 78' lang='grc' dir='ltr'>τὸν</span> <span class='ocrx_word' id='word_1_660' title='bbox 3679 4471 3852 4526; x_wconf 74' lang='grc' dir='ltr'>ἀδόᾶν</span> 
     </span>
    </p>
   </div>
   <div class='ocr_carea' id='block_1_88' title="bbox 584 4544 2162 4638">
    <p class='ocr_par' dir='ltr' id='par_1_88' title="bbox 584 4555 2162 4627">
     <span class='ocr_line' id='line_1_88' title="bbox 584 4555 2162 4627; baseline 0.009 -23"><span class='ocrx_word' id='word_1_661' title='bbox 584 4565 734 4616; x_wconf 87' lang='lat' dir='ltr'><strong>nem,</strong></span> <span class='ocrx_word' id='word_1_662' title='bbox 764 4561 819 4606; x_wconf 92' lang='lat' dir='ltr'><strong>et</strong></span> <span class='ocrx_word' id='word_1_663' title='bbox 840 4555 1185 4623; x_wconf 85' lang='lat' dir='ltr'><strong>conspicatus</strong></span> <span class='ocrx_word' id='word_1_664' title='bbox 1217 4571 1343 4611; x_wconf 90' lang='lat' dir='ltr'><strong>eum</strong></span> <span class='ocrx_word' id='word_1_665' title='bbox 1391 4558 1582 4627; x_wconf 88' lang='lat' dir='ltr'><strong>procul</strong></span> <span class='ocrx_word' id='word_1_666' title='bbox 1626 4575 1823 4614; x_wconf 88' lang='lat' dir='ltr'><strong>manus</strong></span> <span class='ocrx_word' id='word_1_667' title='bbox 1866 4562 2162 4617; x_wconf 71' lang='lat' dir='ltr'><strong>extendent-</strong></span> 
     </span>
    </p>
   </div>
   <div class='ocr_carea' id='block_1_89' title="bbox 2267 4544 3851 4638">
    <p class='ocr_par' dir='ltr' id='par_1_89' title="bbox 2275 4562 3851 4638">
     <span class='ocr_line' id='line_1_89' title="bbox 2275 4562 3851 4638; baseline 0 -20"><span class='ocrx_word' id='word_1_668' title='bbox 2275 4562 2523 4635; x_wconf 86' lang='grc' dir='ltr'>Συμεὼν,</span> <span class='ocrx_word' id='word_1_669' title='bbox 2551 4565 2647 4619; x_wconf 75' lang='grc' dir='ltr'>καὶ</span> <span class='ocrx_word' id='word_1_670' title='bbox 2671 4564 2792 4618; x_wconf 87' lang='grc' dir='ltr'>ίδὼν</span> <span class='ocrx_word' id='word_1_671' title='bbox 2820 4566 2984 4620; x_wconf 81' lang='grc' dir='ltr'>αὑτὸν</span> <span class='ocrx_word' id='word_1_672' title='bbox 3008 4567 3116 4621; x_wconf 84' lang='grc' dir='ltr'><strong>ἀπὸ</strong></span> <span class='ocrx_word' id='word_1_673' title='bbox 3149 4566 3387 4638; x_wconf 83' lang='grc' dir='ltr'>μήκοθεν</span> <span class='ocrx_word' id='word_1_674' title='bbox 3418 4565 3730 4621; x_wconf 72' lang='grc' dir='ltr'>ἐκτείνοντα</span> <span class='ocrx_word' id='word_1_675' title='bbox 3755 4568 3851 4630; x_wconf 67' lang='grc' dir='ltr'><strong>τὰς</strong></span> 
     </span>
    </p>
   </div>
   <div class='ocr_carea' id='block_1_90' title="bbox 546 4645 2164 4727">
    <p class='ocr_par' dir='ltr' id='par_1_90' title="bbox 546 4645 2164 4727">
     <span class='ocr_line' id='line_1_90' title="bbox 546 4645 2164 4727; baseline 0.007 -30"><span class='ocrx_word' id='word_1_676' title='bbox 546 4653 695 4727; x_wconf 61' lang='grc' dir='ltr'>ἰείη</span> <span class='ocrx_word' id='word_1_677' title='bbox 755 4645 823 4699; x_wconf 91' lang='lat' dir='ltr'><strong>ad</strong></span> <span class='ocrx_word' id='word_1_678' title='bbox 874 4646 1092 4710; x_wconf 84' lang='lat' dir='ltr'><strong>coelum,</strong></span> <span class='ocrx_word' id='word_1_679' title='bbox 1144 4648 1341 4704; x_wconf 87' lang='lat' dir='ltr'><strong>timuit.</strong></span> <span class='ocrx_word' id='word_1_680' title='bbox 1395 4649 1608 4706; x_wconf 88' lang='lat' dir='ltr'><strong>Juravit</strong></span> <span class='ocrx_word' id='word_1_681' title='bbox 1659 4652 1805 4707; x_wconf 90' lang='lat' dir='ltr'><strong>enim</strong></span> <span class='ocrx_word' id='word_1_682' title='bbox 1855 4667 1915 4708; x_wconf 88' lang='lat' dir='ltr'><strong>se</strong></span> <span class='ocrx_word' id='word_1_683' title='bbox 1960 4654 2164 4711; x_wconf 88' lang='lat' dir='ltr'><strong>vidisse</strong></span> 
     </span>
    </p>
   </div>
   <div class='ocr_carea' id='block_1_91' title="bbox 586 4736 2166 4817">
    <p class='ocr_par' dir='ltr' id='par_1_91' title="bbox 586 4736 2166 4817">
     <span class='ocr_line' id='line_1_91' title="bbox 586 4736 2166 4817; baseline 0.009 -28"><span class='ocrx_word' id='word_1_684' title='bbox 586 4736 774 4809; x_wconf 74' lang='lat' dir='ltr'><strong>globos</strong></span> <span class='ocrx_word' id='word_1_685' title='bbox 805 4737 1011 4808; x_wconf 75' lang='lat' dir='ltr'><strong>igneos,</strong></span> <span class='ocrx_word' id='word_1_686' title='bbox 1033 4740 1125 4811; x_wconf 90' lang='lat' dir='ltr'><strong>qui</strong></span> <span class='ocrx_word' id='word_1_687' title='bbox 1154 4741 1221 4795; x_wconf 91' lang='lat' dir='ltr'><strong>ab</strong></span> <span class='ocrx_word' id='word_1_688' title='bbox 1252 4742 1371 4812; x_wconf 90' lang='lat' dir='ltr'><strong>ipso</strong></span> <span class='ocrx_word' id='word_1_689' title='bbox 1400 4745 1761 4817; x_wconf 85' lang='lat' dir='ltr'><strong>erumpebant</strong></span> <span class='ocrx_word' id='word_1_690' title='bbox 1784 4745 1836 4799; x_wconf 91' lang='lat' dir='ltr'><strong>in</strong></span> <span class='ocrx_word' id='word_1_691' title='bbox 1859 4746 2079 4812; x_wconf 68' lang='lat' dir='ltr'><strong>cadum,</strong></span> <span class='ocrx_word' id='word_1_692' title='bbox 2110 4757 2166 4803; x_wconf 88' lang='lat' dir='ltr'><strong>et</strong></span> 
     </span>
    </p>
   </div>
   <div class='ocr_carea' id='block_1_92' title="bbox 544 4831 2162 4913">
    <p class='ocr_par' dir='ltr' id='par_1_92' title="bbox 544 4831 2162 4913">
     <span class='ocr_line' id='line_1_92' title="bbox 544 4831 2162 4913; baseline 0.006 -29"><span class='ocrx_word' id='word_1_693' title='bbox 544 4897 552 4913; x_wconf 45' lang='lat'><strong>.</strong></span> <span class='ocrx_word' id='word_1_694' title='bbox 588 4831 644 4884; x_wconf 86' lang='lat' dir='ltr'><strong>in</strong></span> <span class='ocrx_word' id='word_1_695' title='bbox 677 4831 907 4886; x_wconf 89' lang='lat' dir='ltr'><strong>circuitu</strong></span> <span class='ocrx_word' id='word_1_696' title='bbox 943 4833 1059 4902; x_wconf 81' lang='lat' dir='ltr'><strong>ejus</strong></span> <span class='ocrx_word' id='word_1_697' title='bbox 1079 4834 1231 4903; x_wconf 86' lang='lat' dir='ltr'><strong>quasi</strong></span> <span class='ocrx_word' id='word_1_698' title='bbox 1256 4835 1529 4889; x_wconf 91' lang='lat' dir='ltr'><strong>clibanum</strong></span> <span class='ocrx_word' id='word_1_699' title='bbox 1564 4851 1874 4904; x_wconf 88' lang='lat' dir='ltr'><strong>accensum,</strong></span> <span class='ocrx_word' id='word_1_700' title='bbox 1910 4849 1964 4894; x_wconf 85' lang='lat' dir='ltr'><strong>et</strong></span> <span class='ocrx_word' id='word_1_701' title='bbox 1986 4836 2162 4909; x_wconf 88' lang='lat' dir='ltr'><strong>ipsum</strong></span> 
     </span>
    </p>
   </div>
   <div class='ocr_carea' id='block_1_93' title="bbox 586 4920 2164 4995">
    <p class='ocr_par' dir='ltr' id='par_1_93' title="bbox 586 4920 2164 4995">
     <span class='ocr_line' id='line_1_93' title="bbox 586 4920 2164 4995; baseline 0.005 -20"><span class='ocrx_word' id='word_1_702' title='bbox 586 4920 645 4975; x_wconf 87' lang='lat' dir='ltr'><strong>in</strong></span> <span class='ocrx_word' id='word_1_703' title='bbox 685 4921 885 4985; x_wconf 91' lang='lat' dir='ltr'><strong>medio,</strong></span> <span class='ocrx_word' id='word_1_704' title='bbox 921 4922 1057 4977; x_wconf 89' lang='lat' dir='ltr'><strong>adeo</strong></span> <span class='ocrx_word' id='word_1_705' title='bbox 1083 4932 1141 4978; x_wconf 88' lang='lat' dir='ltr'><strong>ut</strong></span> <span class='ocrx_word' id='word_1_706' title='bbox 1172 4939 1279 4977; x_wconf 87' lang='lat' dir='ltr'><strong>non</strong></span> <span class='ocrx_word' id='word_1_707' title='bbox 1311 4926 1784 4995; x_wconf 85' lang='lat' dir='ltr'><strong>appropinquarit,</strong></span> <span class='ocrx_word' id='word_1_708' title='bbox 1822 4928 1999 4983; x_wconf 88' lang='lat' dir='ltr'><strong>donec</strong></span> <span class='ocrx_word' id='word_1_709' title='bbox 2037 4944 2164 4983; x_wconf 91' lang='lat' dir='ltr'><strong>ora-</strong></span> 
     </span>
    </p>
   </div>
   <div class='ocr_carea' id='block_1_94' title="bbox 589 5012 2165 5092">
    <p class='ocr_par' dir='ltr' id='par_1_94' title="bbox 589 5012 2165 5092">
     <span class='ocr_line' id='line_1_94' title="bbox 589 5012 2165 5092; baseline 0.006 -26"><span class='ocrx_word' id='word_1_710' title='bbox 589 5012 792 5067; x_wconf 88' lang='lat' dir='ltr'><strong>tionem</strong></span> <span class='ocrx_word' id='word_1_711' title='bbox 821 5013 1165 5069; x_wconf 88' lang='lat' dir='ltr'><strong>absolvisset.</strong></span> <span class='ocrx_word' id='word_1_712' title='bbox 1201 5015 1265 5070; x_wconf 86' lang='lat' dir='ltr'><strong>Et</strong></span> <span class='ocrx_word' id='word_1_713' title='bbox 1289 5032 1589 5072; x_wconf 87' lang='lat' dir='ltr'><strong>conversus</strong></span> <span class='ocrx_word' id='word_1_714' title='bbox 1620 5017 1843 5092; x_wconf 84' lang='lat' dir='ltr'><strong>[inquit]</strong></span> <span class='ocrx_word' id='word_1_715' title='bbox 1876 5020 2011 5076; x_wconf 91' lang='lat' dir='ltr'><strong>vidit</strong></span> <span class='ocrx_word' id='word_1_716' title='bbox 2045 5037 2165 5088; x_wconf 88' lang='lat' dir='ltr'><strong>me;</strong></span> 
     </span>
    </p>
   </div>
   <div class='ocr_carea' id='block_1_95' title="bbox 590 5107 2170 5179">
    <p class='ocr_par' dir='ltr' id='par_1_95' title="bbox 590 5107 2170 5179">
     <span class='ocr_line' id='line_1_95' title="bbox 590 5107 2170 5179; baseline 0.008 -21"><span class='ocrx_word' id='word_1_717' title='bbox 590 5113 647 5159; x_wconf 86' lang='lat' dir='ltr'><strong>et</strong></span> <span class='ocrx_word' id='word_1_718' title='bbox 699 5116 989 5175; x_wconf 86' lang='lat' dir='ltr'><strong>postquam</strong></span> <span class='ocrx_word' id='word_1_719' title='bbox 1051 5107 1297 5171; x_wconf 84' lang='lat' dir='ltr'><strong>vidisset,</strong></span> <span class='ocrx_word' id='word_1_720' title='bbox 1353 5108 1531 5165; x_wconf 88' lang='lat' dir='ltr'><strong>dicit:</strong></span> <span class='ocrx_word' id='word_1_721' title='bbox 1582 5109 1722 5174; x_wconf 86' lang='lat' dir='ltr'><strong>Quid</strong></span> <span class='ocrx_word' id='word_1_722' title='bbox 1775 5123 1881 5179; x_wconf 85' lang='lat' dir='ltr'><strong>est,</strong></span> <span class='ocrx_word' id='word_1_723' title='bbox 1941 5114 2170 5170; x_wconf 91' lang='lat' dir='ltr'><strong>diacone</strong></span> 
     </span>
    </p>
   </div>
   <div class='ocr_carea' id='block_1_96' title="bbox 588 5192 2167 5269">
    <p class='ocr_par' dir='ltr' id='par_1_96' title="bbox 588 5192 2167 5269">
     <span class='ocr_line' id='line_1_96' title="bbox 588 5192 2167 5269; baseline 0.008 -21"><span class='ocrx_word' id='word_1_724' title='bbox 588 5192 864 5248; x_wconf 88' lang='lat' dir='ltr'><strong>Joannes?</strong></span> <span class='ocrx_word' id='word_1_725' title='bbox 890 5192 1050 5255; x_wconf 80' lang='lat' dir='ltr'><strong>Vere.</strong></span> <span class='ocrx_word' id='word_1_726' title='bbox 1082 5211 1209 5251; x_wconf 86' lang='lat' dir='ltr'><strong>vere</strong></span> <span class='ocrx_word' id='word_1_727' title='bbox 1230 5198 1485 5254; x_wconf 90' lang='lat' dir='ltr'><strong>adbibisti</strong></span> <span class='ocrx_word' id='word_1_728' title='bbox 1516 5199 1829 5256; x_wconf 89' lang='lat' dir='ltr'><strong>immodice.</strong></span> <span class='ocrx_word' id='word_1_729' title='bbox 1851 5206 1949 5258; x_wconf 87' lang='lat' dir='ltr'><strong>Ast</strong></span> <span class='ocrx_word' id='word_1_730' title='bbox 1974 5204 2167 5269; x_wconf 86' lang='lat' dir='ltr'><strong>ahisis,</strong></span> 
     </span>
    </p>
   </div>
   <div class='ocr_carea' id='block_1_97' title="bbox 590 5282 2173 5365">
    <p class='ocr_par' dir='ltr' id='par_1_97' title="bbox 590 5282 2173 5365">
     <span class='ocr_line' id='line_1_97' title="bbox 590 5282 2173 5365; baseline 0.011 -28"><span class='ocrx_word' id='word_1_731' title='bbox 590 5300 708 5339; x_wconf 87' lang='lat' dir='ltr'><strong>ora.</strong></span> <span class='ocrx_word' id='word_1_732' title='bbox 759 5282 886 5339; x_wconf 65' lang='lat' dir='ltr'><strong>Haec</strong></span> <span class='ocrx_word' id='word_1_733' title='bbox 918 5300 1152 5355; x_wconf 87' lang='lat' dir='ltr'><strong>namque</strong></span> <span class='ocrx_word' id='word_1_734' title='bbox 1191 5287 1287 5341; x_wconf 90' lang='lat' dir='ltr'><strong>tibi</strong></span> <span class='ocrx_word' id='word_1_735' title='bbox 1325 5290 1520 5345; x_wconf 90' lang='lat' dir='ltr'><strong>accidit</strong></span> <span class='ocrx_word' id='word_1_736' title='bbox 1566 5294 1814 5358; x_wconf 89' lang='lat' dir='ltr'><strong>tcntatio,</strong></span> <span class='ocrx_word' id='word_1_737' title='bbox 1858 5294 1987 5365; x_wconf 87' lang='lat' dir='ltr'><strong>quia</strong></span> <span class='ocrx_word' id='word_1_738' title='bbox 2036 5297 2173 5353; x_wconf 87' lang='lat' dir='ltr'><strong>duos</strong></span> 
     </span>
    </p>
   </div>
   <div class='ocr_carea' id='block_1_98' title="bbox 593 5379 2171 5463">
    <p class='ocr_par' dir='ltr' id='par_1_98' title="bbox 593 5379 2171 5463">
     <span class='ocr_line' id='line_1_98' title="bbox 593 5379 2171 5463; baseline 0.01 -29"><span class='ocrx_word' id='word_1_739' title='bbox 593 5379 896 5447; x_wconf 87' lang='lat' dir='ltr'><strong>mendicos,</strong></span> <span class='ocrx_word' id='word_1_740' title='bbox 924 5380 1044 5437; x_wconf 85' lang='lat' dir='ltr'><strong>heri</strong></span> <span class='ocrx_word' id='word_1_741' title='bbox 1091 5394 1360 5439; x_wconf 88' lang='lat' dir='ltr'><strong>venerunt</strong></span> <span class='ocrx_word' id='word_1_742' title='bbox 1398 5385 1465 5440; x_wconf 86' lang='lat' dir='ltr'><strong>ad</strong></span> <span class='ocrx_word' id='word_1_743' title='bbox 1500 5396 1572 5452; x_wconf 91' lang='lat' dir='ltr'><strong>te,</strong></span> <span class='ocrx_word' id='word_1_744' title='bbox 1602 5404 1702 5459; x_wconf 89' lang='lat' dir='ltr'><strong>pro</strong></span> <span class='ocrx_word' id='word_1_745' title='bbox 1732 5404 1799 5445; x_wconf 89' lang='lat' dir='ltr'><strong>eo</strong></span> <span class='ocrx_word' id='word_1_746' title='bbox 1833 5406 1898 5446; x_wconf 88' lang='lat' dir='ltr'><strong>ac</strong></span> <span class='ocrx_word' id='word_1_747' title='bbox 1930 5402 2171 5463; x_wconf 88' lang='lat' dir='ltr'><strong>poteras,</strong></span> 
     </span>
    </p>
   </div>
   <div class='ocr_carea' id='block_1_99' title="bbox 2270 4656 3851 4729">
    <p class='ocr_par' dir='ltr' id='par_1_99' title="bbox 2270 4656 3851 4729">
     <span class='ocr_line' id='line_1_99' title="bbox 2270 4656 3851 4729; baseline 0.001 -20"><span class='ocrx_word' id='word_1_748' title='bbox 2270 4659 2461 4728; x_wconf 85' lang='grc' dir='ltr'>χεῖρας</span> <span class='ocrx_word' id='word_1_749' title='bbox 2487 4657 2569 4719; x_wconf 79' lang='grc' dir='ltr'><strong>εἰς</strong></span> <span class='ocrx_word' id='word_1_750' title='bbox 2612 4656 2703 4710; x_wconf 76' lang='grc' dir='ltr'><strong>τὸν</strong></span> <span class='ocrx_word' id='word_1_751' title='bbox 2742 4657 2992 4728; x_wconf 76' lang='grc' dir='ltr'>οὐρανὸν,</span> <span class='ocrx_word' id='word_1_752' title='bbox 3034 4658 3301 4729; x_wconf 74' lang='grc' dir='ltr'>ἐφοϐήθη.</span> <span class='ocrx_word' id='word_1_753' title='bbox 3348 4659 3587 4729; x_wconf 79' lang='grc' dir='ltr'>Ὠμνυεν</span> <span class='ocrx_word' id='word_1_754' title='bbox 3626 4660 3733 4729; x_wconf 73' lang='grc' dir='ltr'>γὰρ</span> <span class='ocrx_word' id='word_1_755' title='bbox 3772 4659 3851 4711; x_wconf 81' lang='grc' dir='ltr'>ὅτι</span> 
     </span>
    </p>
   </div>
   <div class='ocr_carea' id='block_1_100' title="bbox 2273 4747 3852 4822">
    <p class='ocr_par' dir='ltr' id='par_1_100' title="bbox 2273 4747 3852 4822">
     <span class='ocr_line' id='line_1_100' title="bbox 2273 4747 3852 4822; baseline 0.003 -23"><span class='ocrx_word' id='word_1_756' title='bbox 2273 4747 2509 4820; x_wconf 75' lang='grc' dir='ltr'>σφαίρας</span> <span class='ocrx_word' id='word_1_757' title='bbox 2526 4748 2696 4819; x_wconf 82' lang='grc' dir='ltr'>πυρὸς</span> <span class='ocrx_word' id='word_1_758' title='bbox 2718 4748 3087 4822; x_wconf 83' lang='grc' dir='ltr'>ἀνερχομένας</span> <span class='ocrx_word' id='word_1_759' title='bbox 3116 4751 3175 4816; x_wconf 81' lang='grc' dir='ltr'>ἐξ</span> <span class='ocrx_word' id='word_1_760' title='bbox 3204 4750 3369 4804; x_wconf 75' lang='grc' dir='ltr'>αὐτοῦ</span> <span class='ocrx_word' id='word_1_761' title='bbox 3399 4753 3480 4813; x_wconf 86' lang='grc' dir='ltr'><strong>είς</strong></span> <span class='ocrx_word' id='word_1_762' title='bbox 3512 4751 3602 4804; x_wconf 82' lang='grc' dir='ltr'>τὸν</span> <span class='ocrx_word' id='word_1_763' title='bbox 3628 4750 3852 4822; x_wconf 69' lang='grc' dir='ltr'>οὐρανὸν</span> 
     </span>
    </p>
   </div>
   <div class='ocr_carea' id='block_1_101' title="bbox 2271 4839 3850 4915">
    <p class='ocr_par' dir='ltr' id='par_1_101' title="bbox 2271 4839 3850 4915">
     <span class='ocr_line' id='line_1_101' title="bbox 2271 4839 3850 4915; baseline 0.001 -21"><span class='ocrx_word' id='word_1_764' title='bbox 2271 4839 2521 4913; x_wconf 74' lang='grc' dir='ltr'>ἐθεώρει,</span> <span class='ocrx_word' id='word_1_765' title='bbox 2553 4844 2649 4896; x_wconf 78' lang='grc' dir='ltr'>καὶ</span> <span class='ocrx_word' id='word_1_766' title='bbox 2695 4841 2882 4913; x_wconf 83' lang='grc' dir='ltr'>κύκλῳ</span> <span class='ocrx_word' id='word_1_767' title='bbox 2935 4843 3103 4897; x_wconf 71' lang='grc' dir='ltr'>αὑτοῦ</span> <span class='ocrx_word' id='word_1_768' title='bbox 3138 4844 3214 4908; x_wconf 85' lang='grc' dir='ltr'><strong>ὡς</strong></span> <span class='ocrx_word' id='word_1_769' title='bbox 3250 4843 3507 4899; x_wconf 76' lang='grc' dir='ltr'>κλίϐανον</span> <span class='ocrx_word' id='word_1_770' title='bbox 3542 4845 3850 4915; x_wconf 69' lang='grc' dir='ltr'>καιόμενον,</span> 
     </span>
    </p>
   </div>
   <div class='ocr_carea' id='block_1_102' title="bbox 2277 4934 3850 5009">
    <p class='ocr_par' dir='ltr' id='par_1_102' title="bbox 2277 4934 3850 5009">
     <span class='ocr_line' id='line_1_102' title="bbox 2277 4934 3850 5009; baseline 0.002 -22"><span class='ocrx_word' id='word_1_771' title='bbox 2277 4935 2371 4988; x_wconf 74' lang='grc' dir='ltr'>καὶ</span> <span class='ocrx_word' id='word_1_772' title='bbox 2403 4934 2568 4988; x_wconf 81' lang='grc' dir='ltr'>αὐτὸν</span> <span class='ocrx_word' id='word_1_773' title='bbox 2590 4937 2669 5000; x_wconf 81' lang='grc' dir='ltr'>εἰς</span> <span class='ocrx_word' id='word_1_774' title='bbox 2699 4935 2759 4990; x_wconf 78' lang='grc' dir='ltr'>τὸ</span> <span class='ocrx_word' id='word_1_775' title='bbox 2796 4936 2985 5006; x_wconf 85' lang='grc' dir='ltr'>μέσον,</span> <span class='ocrx_word' id='word_1_776' title='bbox 3012 4936 3154 4990; x_wconf 81' lang='grc' dir='ltr'>ὥστε</span> <span class='ocrx_word' id='word_1_777' title='bbox 3208 4936 3283 5009; x_wconf 82' lang='grc' dir='ltr'>μὴ</span> <span class='ocrx_word' id='word_1_778' title='bbox 3331 4936 3630 5008; x_wconf 80' lang='grc' dir='ltr'>πλησιάσαι</span> <span class='ocrx_word' id='word_1_779' title='bbox 3684 4937 3850 5006; x_wconf 75' lang='grc' dir='ltr'>αὐτῷ.</span> 
     </span>
    </p>
   </div>
   <div class='ocr_carea' id='block_1_103' title="bbox 2274 5023 3850 5101">
    <p class='ocr_par' dir='ltr' id='par_1_103' title="bbox 2274 5023 3850 5101">
     <span class='ocr_line' id='line_1_103' title="bbox 2274 5023 3850 5101; baseline -0.003 -18"><span class='ocrx_word' id='word_1_780' title='bbox 2274 5030 2380 5092; x_wconf 73' lang='grc' dir='ltr'>ἕως</span> <span class='ocrx_word' id='word_1_781' title='bbox 2403 5023 2466 5084; x_wconf 72' lang='grc' dir='ltr'>οὗ</span> <span class='ocrx_word' id='word_1_782' title='bbox 2493 5028 2590 5101; x_wconf 82' lang='grc' dir='ltr'>τὴν</span> <span class='ocrx_word' id='word_1_783' title='bbox 2619 5029 2784 5100; x_wconf 77' lang='grc' dir='ltr'>εὐχὴν</span> <span class='ocrx_word' id='word_1_784' title='bbox 2814 5028 3154 5093; x_wconf 75' lang='grc' dir='ltr'>ἐτελείωσεν,</span> <span class='ocrx_word' id='word_1_785' title='bbox 3192 5029 3288 5083; x_wconf 75' lang='grc' dir='ltr'>καὶ</span> <span class='ocrx_word' id='word_1_786' title='bbox 3332 5030 3595 5101; x_wconf 76' lang='grc' dir='ltr'>στραφεὶς</span> <span class='ocrx_word' id='word_1_787' title='bbox 3634 5030 3739 5083; x_wconf 83' lang='grc' dir='ltr'>ῐδεν</span> <span class='ocrx_word' id='word_1_788' title='bbox 3765 5048 3850 5100; x_wconf 64' lang='grc' dir='ltr'><strong>με,</strong></span> 
     </span>
    </p>
   </div>
   <div class='ocr_carea' id='block_1_104' title="bbox 2275 5120 3849 5192">
    <p class='ocr_par' dir='ltr' id='par_1_104' title="bbox 2275 5120 3849 5192">
     <span class='ocr_line' id='line_1_104' title="bbox 2275 5120 3849 5192; baseline 0 -17"><span class='ocrx_word' id='word_1_789' title='bbox 2275 5122 2373 5175; x_wconf 78' lang='grc' dir='ltr'>καὶ</span> <span class='ocrx_word' id='word_1_790' title='bbox 2402 5121 2527 5175; x_wconf 77' lang='grc' dir='ltr'>ἰδὼν</span> <span class='ocrx_word' id='word_1_791' title='bbox 2549 5121 2751 5187; x_wconf 83' lang='grc' dir='ltr'>εὐθέως</span> <span class='ocrx_word' id='word_1_792' title='bbox 2781 5121 2930 5190; x_wconf 82' lang='grc' dir='ltr'>λέγει</span> <span class='ocrx_word' id='word_1_793' title='bbox 2952 5136 3077 5192; x_wconf 86' lang='grc' dir='ltr'>μοι·</span> <span class='ocrx_word' id='word_1_794' title='bbox 3104 5122 3168 5175; x_wconf 86' lang='grc' dir='ltr'>Τί</span> <span class='ocrx_word' id='word_1_795' title='bbox 3191 5122 3330 5184; x_wconf 80' lang='grc' dir='ltr'>ἐστι,</span> <span class='ocrx_word' id='word_1_796' title='bbox 3366 5120 3581 5175; x_wconf 86' lang='grc' dir='ltr'>διάκονε</span> <span class='ocrx_word' id='word_1_797' title='bbox 3605 5122 3849 5189; x_wconf 55' lang='grc' dir='ltr'>Ἰωάννῃ</span> 
     </span>
    </p>
   </div>
   <div class='ocr_carea' id='block_1_105' title="bbox 2276 5212 3850 5286">
    <p class='ocr_par' dir='ltr' id='par_1_105' title="bbox 2276 5212 3850 5286">
     <span class='ocr_line' id='line_1_105' title="bbox 2276 5212 3850 5286; baseline -0.001 -18"><span class='ocrx_word' id='word_1_798' title='bbox 2276 5215 2466 5279; x_wconf 75' lang='grc' dir='ltr'>ὅντως,</span> <span class='ocrx_word' id='word_1_799' title='bbox 2489 5214 2678 5281; x_wconf 78' lang='grc' dir='ltr'>ὅντως,</span> <span class='ocrx_word' id='word_1_800' title='bbox 2698 5214 2849 5285; x_wconf 77' lang='grc' dir='ltr'>παρὰ</span> <span class='ocrx_word' id='word_1_801' title='bbox 2878 5214 3070 5286; x_wconf 84' lang='grc' dir='ltr'>κόμμα</span> <span class='ocrx_word' id='word_1_802' title='bbox 3097 5213 3282 5278; x_wconf 76' lang='grc' dir='ltr'>ἔπινες</span> <span class='ocrx_word' id='word_1_803' title='bbox 3310 5213 3484 5284; x_wconf 76' lang='grc' dir='ltr'>αὐτῷ,</span> <span class='ocrx_word' id='word_1_804' title='bbox 3512 5212 3626 5268; x_wconf 75' lang='grc' dir='ltr'>ἀλλ’</span> <span class='ocrx_word' id='word_1_805' title='bbox 3656 5212 3850 5280; x_wconf 78' lang='grc' dir='ltr'>ὕπαγε,</span> 
     </span>
    </p>
   </div>
   <div class='ocr_carea' id='block_1_106' title="bbox 2277 5300 3851 5381">
    <p class='ocr_par' dir='ltr' id='par_1_106' title="bbox 2277 5300 3851 5381">
     <span class='ocr_line' id='line_1_106' title="bbox 2277 5300 3851 5381; baseline -0.003 -20"><span class='ocrx_word' id='word_1_806' title='bbox 2277 5303 2451 5371; x_wconf 79' lang='grc' dir='ltr'>εὖξαι.</span> <span class='ocrx_word' id='word_1_807' title='bbox 2493 5300 2663 5371; x_wconf 74' lang='grc' dir='ltr'>Οὗτος</span> <span class='ocrx_word' id='word_1_808' title='bbox 2699 5306 2753 5360; x_wconf 80' lang='grc' dir='ltr'>δὲ</span> <span class='ocrx_word' id='word_1_809' title='bbox 2775 5308 2803 5361; x_wconf 93' lang='lat'><strong>6</strong></span> <span class='ocrx_word' id='word_1_810' title='bbox 2824 5306 3132 5381; x_wconf 76' lang='grc' dir='ltr'>πειρασμὸς</span> <span class='ocrx_word' id='word_1_811' title='bbox 3154 5305 3356 5373; x_wconf 68' lang='grc' dir='ltr'>ωνέὸη</span> <span class='ocrx_word' id='word_1_812' title='bbox 3394 5323 3497 5371; x_wconf 87' lang='grc' dir='ltr'>σοι,</span> <span class='ocrx_word' id='word_1_813' title='bbox 3528 5305 3666 5359; x_wconf 86' lang='grc' dir='ltr'>διότι</span> <span class='ocrx_word' id='word_1_814' title='bbox 3693 5300 3851 5375; x_wconf 66' lang='grc' dir='ltr'>ἦλθον</span> 
     </span>
    </p>
   </div>
   <div class='ocr_carea' id='block_1_107' title="bbox 2280 5395 3855 5468">
    <p class='ocr_par' dir='ltr' id='par_1_107' title="bbox 2280 5395 3855 5468">
     <span class='ocr_line' id='line_1_107' title="bbox 2280 5395 3855 5468; baseline -0.001 -18"><span class='ocrx_word' id='word_1_815' title='bbox 2280 5395 2407 5468; x_wconf 78' lang='grc' dir='ltr'>χθὲς</span> <span class='ocrx_word' id='word_1_816' title='bbox 2428 5398 2477 5450; x_wconf 75' lang='grc' dir='ltr'>οἱ</span> <span class='ocrx_word' id='word_1_817' title='bbox 2500 5395 2594 5450; x_wconf 85' lang='grc' dir='ltr'><strong>δύο</strong></span> <span class='ocrx_word' id='word_1_818' title='bbox 2617 5398 2824 5468; x_wconf 71' lang='grc' dir='ltr'>πτωχοὶ</span> <span class='ocrx_word' id='word_1_819' title='bbox 2865 5398 3003 5468; x_wconf 77' lang='grc' dir='ltr'>πρὸς</span> <span class='ocrx_word' id='word_1_820' title='bbox 3031 5397 3116 5463; x_wconf 77' lang='grc' dir='ltr'>σὲ,</span> <span class='ocrx_word' id='word_1_821' title='bbox 3148 5398 3245 5453; x_wconf 64' lang='grc' dir='ltr'><strong>καὶ</strong></span> <span class='ocrx_word' id='word_1_822' title='bbox 3279 5397 3528 5467; x_wconf 80' lang='grc' dir='ltr'>εὐπορῶν</span> <span class='ocrx_word' id='word_1_823' title='bbox 3551 5396 3732 5451; x_wconf 81' lang='grc' dir='ltr'>δοῦναι</span> <span class='ocrx_word' id='word_1_824' title='bbox 3760 5398 3855 5449; x_wconf 77' lang='grc' dir='ltr'><strong>αὖ-</strong></span> 
     </span>
    </p>
   </div>
   <div class='ocr_carea' id='block_1_108' title="bbox 2078 5548 2319 5610">
    <p class='ocr_par' dir='ltr' id='par_1_108' title="bbox 2078 5548 2319 5610">
     <span class='ocr_line' id='line_1_108' title="bbox 2078 5548 2319 5610; baseline 0.025 -6"><span class='ocrx_word' id='word_1_825' title='bbox 2078 5548 2319 5610; x_wconf 58' lang='lat' dir='ltr'><strong>NOTAE.</strong></span> 
     </span>
    </p>
   </div>
   <div class='ocr_carea' id='block_1_109' title="bbox 666 5628 1223 5701">
    <p class='ocr_par' dir='ltr' id='par_1_109' title="bbox 666 5628 1223 5701">
     <span class='ocr_line' id='line_1_109' title="bbox 666 5628 1223 5701; baseline 0.007 -18"><span class='ocrx_word' id='word_1_826' title='bbox 666 5628 778 5701; x_wconf 71' lang='lat'><strong>(7&#39;5)</strong></span> <span class='ocrx_word' id='word_1_827' title='bbox 811 5628 1001 5701; x_wconf 83' lang='lat' dir='ltr'><strong>Capite</strong></span> <span class='ocrx_word' id='word_1_828' title='bbox 1027 5632 1223 5701; x_wconf 90' lang='lat' dir='ltr'><strong>primo.</strong></span> 
     </span>
    </p>
   </div>
   <div class='ocr_carea' id='block_1_110' title="bbox 667 5700 2164 5778">
    <p class='ocr_par' dir='ltr' id='par_1_110' title="bbox 667 5700 2164 5778">
     <span class='ocr_line' id='line_1_110' title="bbox 667 5700 2164 5778; baseline 0.009 -26"><span class='ocrx_word' id='word_1_829' title='bbox 667 5700 781 5778; x_wconf 66' lang='grc' dir='ltr'><strong>ς’ζι)</strong></span> <span class='ocrx_word' id='word_1_830' title='bbox 810 5700 1203 5778; x_wconf 41' lang='grc' dir='ltr'>,Τὸ-σκήνωμα</span> <span class='ocrx_word' id='word_1_831' title='bbox 1253 5714 1338 5760; x_wconf 90' lang='lat' dir='ltr'><strong>est</strong></span> <span class='ocrx_word' id='word_1_832' title='bbox 1388 5706 1690 5769; x_wconf 79' lang='lat' dir='ltr'><strong>tentorium,</strong></span> <span class='ocrx_word' id='word_1_833' title='bbox 1743 5709 2164 5778; x_wconf 78' lang='lat' dir='ltr'><strong>tabernaculum,</strong></span> 
     </span>
    </p>
   </div>
   <div class='ocr_carea' id='block_1_111' title="bbox 598 5769 2169 5852">
    <p class='ocr_par' dir='ltr' id='par_1_111' title="bbox 598 5769 2169 5852">
     <span class='ocr_line' id='line_1_111' title="bbox 598 5769 2169 5852; baseline 0.011 -30"><span class='ocrx_word' id='word_1_834' title='bbox 598 5769 854 5852; x_wconf 45' lang='lat' dir='ltr'><strong>habitat-io</strong></span> <span class='ocrx_word' id='word_1_835' title='bbox 876 5787 895 5825; x_wconf 91' lang='lat'><strong><em>:</em></strong></span> <span class='ocrx_word' id='word_1_836' title='bbox 920 5771 1010 5826; x_wconf 88' lang='lat' dir='ltr'><strong>hic</strong></span> <span class='ocrx_word' id='word_1_837' title='bbox 1035 5769 1342 5852; x_wconf 71' lang='lat' dir='ltr'><strong>usurpatur</strong></span> <span class='ocrx_word' id='word_1_838' title='bbox 1380 5778 1771 5852; x_wconf 37' lang='grc' dir='ltr'>,μεταφορικῶς</span> <span class='ocrx_word' id='word_1_839' title='bbox 1812 5796 1910 5852; x_wconf 83' lang='lat' dir='ltr'><strong>pro</strong></span> <span class='ocrx_word' id='word_1_840' title='bbox 1955 5769 2169 5851; x_wconf 67' lang='lat' dir='ltr'><strong>corpore</strong></span> 
     </span>
    </p>
   </div>
   <div class='ocr_carea' id='block_1_112' title="bbox 603 5840 1796 5910">
    <p class='ocr_par' dir='ltr' id='par_1_112' title="bbox 603 5840 1796 5910">
     <span class='ocr_line' id='line_1_112' title="bbox 603 5840 1796 5910; baseline 0.01 -18"><span class='ocrx_word' id='word_1_841' title='bbox 603 5840 684 5893; x_wconf 89' lang='lat' dir='ltr'><strong>vel</strong></span> <span class='ocrx_word' id='word_1_842' title='bbox 711 5840 982 5906; x_wconf 73' lang='lat' dir='ltr'><strong>cadavere,</strong></span> <span class='ocrx_word' id='word_1_843' title='bbox 1005 5842 1145 5910; x_wconf 84' lang='lat' dir='ltr'><strong>quod</strong></span> <span class='ocrx_word' id='word_1_844' title='bbox 1172 5840 1431 5901; x_wconf 72' lang='lat' dir='ltr'><strong>habitatio</strong></span> <span class='ocrx_word' id='word_1_845' title='bbox 1452 5840 1647 5904; x_wconf 65' lang='lat' dir='ltr'><strong>animae</strong></span> <span class='ocrx_word' id='word_1_846' title='bbox 1676 5840 1796 5904; x_wconf 77' lang='lat' dir='ltr'><strong>fuit.</strong></span> 
     </span>
    </p>
   </div>
   <div class='ocr_carea' id='block_1_113' title="bbox 2347 5643 3850 5716">
    <p class='ocr_par' dir='ltr' id='par_1_113' title="bbox 2347 5643 3850 5716">
     <span class='ocr_line' id='line_1_113' title="bbox 2347 5643 3850 5716; baseline -0.001 -16"><span class='ocrx_word' id='word_1_847' title='bbox 2347 5643 2459 5716; x_wconf 82' lang='lat'><strong>(75)</strong></span> <span class='ocrx_word' id='word_1_848' title='bbox 2491 5644 2729 5716; x_wconf 83' lang='lat' dir='ltr'><strong>Lexicon</strong></span> <span class='ocrx_word' id='word_1_849' title='bbox 2762 5645 2944 5713; x_wconf 77' lang='lat' dir='ltr'><strong>Cyrilli</strong></span> <span class='ocrx_word' id='word_1_850' title='bbox 2967 5660 3069 5700; x_wconf 90' lang='lat' dir='ltr'><strong>ms.</strong></span> <span class='ocrx_word' id='word_1_851' title='bbox 3100 5654 3154 5700; x_wconf 86' lang='lat' dir='ltr'><strong>et</strong></span> <span class='ocrx_word' id='word_1_852' title='bbox 3180 5646 3371 5702; x_wconf 88' lang='lat' dir='ltr'><strong>Glossa</strong></span> <span class='ocrx_word' id='word_1_853' title='bbox 3395 5645 3609 5703; x_wconf 71' lang='lat' dir='ltr'><strong>Basilio.</strong></span> <span class='ocrx_word' id='word_1_854' title='bbox 3640 5645 3850 5701; x_wconf 63' lang='grc' dir='ltr'>Καϐαλ-</span> 
     </span>
    </p>
   </div>
   <div class='ocr_carea' id='block_1_114' title="bbox 2273 5714 3853 5790">
    <p class='ocr_par' dir='ltr' id='par_1_114' title="bbox 2273 5714 3853 5790">
     <span class='ocr_line' id='line_1_114' title="bbox 2273 5714 3853 5790; baseline 0.001 -23"><span class='ocrx_word' id='word_1_855' title='bbox 2273 5714 2484 5790; x_wconf 75' lang='grc' dir='ltr'>λάριος.</span> <span class='ocrx_word' id='word_1_856' title='bbox 2517 5715 2776 5790; x_wconf 67' lang='grc' dir='ltr'>ἔφιππος,</span> <span class='ocrx_word' id='word_1_857' title='bbox 2800 5719 2829 5790; x_wconf 86' lang='lat'><strong>6</strong></span> <span class='ocrx_word' id='word_1_858' title='bbox 2854 5720 2912 5770; x_wconf 82' lang='grc' dir='ltr'>ὲν</span> <span class='ocrx_word' id='word_1_859' title='bbox 2932 5717 3084 5789; x_wconf 82' lang='grc' dir='ltr'>ἵππῳ</span> <span class='ocrx_word' id='word_1_860' title='bbox 3113 5719 3442 5790; x_wconf 80' lang='grc' dir='ltr'>καθήμενος.</span> <span class='ocrx_word' id='word_1_861' title='bbox 3475 5716 3719 5790; x_wconf 74' lang='grc' dir='ltr'>Κάϐαλος</span> <span class='ocrx_word' id='word_1_862' title='bbox 3746 5721 3853 5790; x_wconf 69' lang='grc' dir='ltr'>γάρ</span> 
     </span>
    </p>
   </div>
   <div class='ocr_carea' id='block_1_115' title="bbox 2275 5785 3849 5867">
    <p class='ocr_par' dir='ltr' id='par_1_115' title="bbox 2275 5785 3849 5867">
     <span class='ocr_line' id='line_1_115' title="bbox 2275 5785 3849 5867; baseline 0.003 -29"><span class='ocrx_word' id='word_1_863' title='bbox 2275 5787 2305 5838; x_wconf 90' lang='lat'><strong>6</strong></span> <span class='ocrx_word' id='word_1_864' title='bbox 2336 5786 2523 5867; x_wconf 59' lang='grc' dir='ltr'>ζππος,</span> <span class='ocrx_word' id='word_1_865' title='bbox 2547 5785 2910 5855; x_wconf 81' lang='lat' dir='ltr'><strong>Cavallarius,</strong></span> <span class='ocrx_word' id='word_1_866' title='bbox 2940 5785 3117 5859; x_wconf 66' lang='lat' dir='ltr'><strong>eques,</strong></span> <span class='ocrx_word' id='word_1_867' title='bbox 3143 5785 3382 5859; x_wconf 33' lang='lat' dir='ltr'><strong>qui-equo</strong></span> <span class='ocrx_word' id='word_1_868' title='bbox 3402 5788 3607 5843; x_wconf 74' lang='lat' dir='ltr'><strong>insidet.</strong></span> <span class='ocrx_word' id='word_1_869' title='bbox 3626 5785 3849 5843; x_wconf 58' lang='lat' dir='ltr'><strong>Carolus</strong></span> 
     </span>
    </p>
   </div>
   <div class='ocr_carea' id='block_1_116' title="bbox 2280 5866 2806 5929">
    <p class='ocr_par' dir='ltr' id='par_1_116' title="bbox 2280 5866 2806 5929">
     <span class='ocr_line' id='line_1_116' title="bbox 2280 5866 2806 5929; baseline 0.002 -18"><span class='ocrx_word' id='word_1_870' title='bbox 2280 5866 2420 5911; x_wconf 77' lang='lat' dir='ltr'><strong>enim</strong></span> <span class='ocrx_word' id='word_1_871' title='bbox 2451 5866 2525 5912; x_wconf 79' lang='lat' dir='ltr'><strong>est</strong></span> <span class='ocrx_word' id='word_1_872' title='bbox 2556 5873 2735 5927; x_wconf 72' lang='lat' dir='ltr'><strong>equus.</strong></span> <span class='ocrx_word' id='word_1_873' title='bbox 2800 5923 2806 5929; x_wconf 91' lang='lat'><strong>_</strong></span> 
     </span>
    </p>
   </div>
  </div>
