4058 6434
202 395 349 463 ΠὩ

1484 391 1661 456 VITA
1702 392 1762 453 S.
1787 389 2200 455 SYIIEONIS.

3357 400 3494 465 17M

194 516 337 579 τοῖς,
370 508 722 585 ἀπέστρεψας
746 510 968 576 αὐτούς’
1002 508 1079 584 μὴ
1117 508 1225 582 γὰρ
1268 508 1339 563 σά
1379 508 1519 563 τίσιν
1556 507 1592 563 ἃ
1620 507 1800 573 δίδως,

1908 522 2015 559 non
2043 504 2364 571 sublevasti,
2406 505 2501 561 sed
2533 504 2813 576 crejecisti.
2855 506 2974 564 Non
3003 509 3150 566 enim
3199 521 3291 568 tua
3342 527 3491 575 sunt.

195 603 421 675 ἀδελφέ.
458 604 521 658 El
551 604 803 667 ἀπιστεῖς
831 603 911 675 τῷ
934 604 1165 670 εἰπόντι,
1184 602 1267 656 ὅτι
1298 602 1533 665 ῐκαστος
1565 600 1636 655 τὰ
1662 600 1799 654 πλα-

197 697 358 752 σίονα
394 697 424 750 6
448 695 787 768 μεταδιδοὺς,
832 695 1066 767 λήψεται
1098 695 1158 748 ὲν
1182 692 1263 766 τῷ
1288 693 1384 751 νῦν
1422 693 1599 760 αίῶνι,
1624 693 1719 747 καὶ
1740 694 1799 746 ἐν

193 789 279 860 τῷ
312 788 562 860 μέλλοντι
596 787 742 860 ζωὴν
767 787 987 844 αἰώνιον
1012 786 1437 860 κληρονομήσει.
1478 786 1541 840 Ei
1565 784 1662 857 μὲν
1699 783 1798 839 οὐκ

195 883 462 954 ἀπιστῇς,
496 881 607 946 δός.
640 882 703 935 Ei
736 881 791 935 δὲ
812 881 876 935 οὐ
899 880 1085 946 δίδως,
1113 880 1348 954 φανερὸς
1365 875 1417 933 εἴ
1441 880 1523 934 ὅτι
1549 879 1799 942 ἀπιστεῖς

196 972 280 1046 τῷ
314 975 529 1046 Κυρίῳ.
573 974 707 1028 Ἰδοὺ
727 974 876 1042 λόγοι
909 972 1095 1038 σαλοῦ,
1122 973 1324 1045 μᾶλλον
1348 972 1405 1026 δὲ
1428 971 1595 1044 σοφοῦ
1617 971 1798 1041 ἁγίου.

195 1065 351 1138 Πρὸς
380 1065 572 1120 τοῦτον
612 1065 712 1137 μὲν
735 1066 844 1138 γὰρ
877 1066 970 1120 τὸν
1005 1064 1165 1136 κῦριν
1200 1065 1460 1137 Ἰωάννην
1480 1103 1494 1129 ,
1526 1065 1609 1118 ὅτι
1645 1063 1797 1137 εὑρί-

198 1174 398 1211 σκοντο
432 1159 484 1211 oi
514 1157 610 1212 δύο
641 1157 786 1211 κατὰ
839 1156 1033 1228 μόνας,
1064 1156 1219 1210 οὐδὲν
1253 1154 1427 1209 ὲποίει
1483 1152 1579 1208 τοῦ
1606 1152 1793 1208 σαλοῦ.

211 1250 358 1304 Ἀλλ’
383 1249 557 1317 οὕτως
587 1250 880 1325 εὐρύθμως
901 1250 995 1305 καὶ
1018 1248 1511 1320 κατανεννγμένως
1541 1248 1800 1318 συνετύγ-

194 1360 366 1413 χανεν
405 1343 590 1416 αὐτῷ,
642 1343 719 1406 ὡς
775 1340 1042 1405 πολλάκις
1082 1340 1314 1396 εὐωδίαν
1370 1339 1690 1412 ἐξέρχεσθαι
1732 1341 1798 1395 ἑκ

195 1435 298 1489 τοῦ
335 1436 604 1509 στόματος
634 1434 820 1501 αὐτοῦ,
862 1434 937 1499 ὡς
968 1432 1343 1488 διεϐεϐαιοῦτο
1372 1424 1531 1495 οὗτος
1568 1432 1597 1483 6
1638 1429 1797 1503 κῦρις

1899 596 2089 663 frater,
2114 612 2235 668 quae
2269 597 2386 653 das.
2453 598 2650 653 Annon
2686 595 2865 656 credis
2889 602 2963 666 ei,
2996 603 3088 674 qui
3123 604 3298 660 dixit:
3336 605 3492 671 Quod

1900 690 2300 760 unusquisque,
2352 689 2446 760 qui
2496 690 2723 762 largitus
2783 691 2984 760 fuerit,
3040 706 3370 768 accepturus
3422 699 3495 752 sit

1901 782 2059 852 plura
2088 783 2143 837 in
2170 783 2426 854 praesenti
2464 786 2686 852 saeculo,
2715 797 2770 840 et
2792 786 2847 841 in
2893 788 3083 843 futuro
3116 791 3493 846 baereditatem

1900 874 2285 932 διετηοωῖδί
2327 877 2529 942 credis,
2566 878 2653 934 da.
2692 879 2749 935 Si
2778 897 2908 936 vero
2943 899 3055 936 non
3111 883 3229 949 des,
3261 885 3495 940 manife-

1900 979 2044 1026 stum
2098 984 2182 1025 est
2225 978 2278 1026 te
2318 971 2552 1028 Domino
2582 989 2692 1028 non
2736 975 2980 1031 credere.
3039 978 3178 1034 Ecce
3228 995 3337 1032 non
3381 988 3494 1034 tam

1901 1057 2038 1129 Sali,
2060 1076 2159 1117 seu
2177 1058 2314 1118 latui
2343 1061 2582 1119 hominis
2609 1062 2798 1130 verba,
2822 1081 2985 1135 quam
3008 1066 3179 1122 sancti
3204 1065 3492 1137 sapientis.

1898 1151 2035 1208 Nam
2074 1154 2219 1226 apud
2252 1154 2539 1212 Dominum
2566 1157 2856 1223 Joannem,
2900 1159 3121 1230 quando
3164 1159 3276 1215 duo
3323 1158 3491 1215 simul

1898 1244 2135 1314 agebant
2171 1245 2424 1311 seorsim,
2458 1246 2594 1301 nihil
2626 1246 2861 1301 faciebat
2894 1246 3084 1313 stulti;
3128 1262 3319 1302 verum
3353 1245 3495 1300 adeo

1898 1337 2170 1393 concinne
2199 1346 2256 1393 et
2288 1346 2437 1393 tanta
2458 1340 2884 1411 compunctione
2906 1340 3103 1411 agebat
3130 1354 3254 1395 cum
3283 1339 3396 1405 illo,
3429 1345 3491 1392 ut

1900 1429 2102 1499 saepius
2127 1430 2308 1486 bonus
2330 1432 2465 1487 odor
2492 1447 2559 1487 ex
2589 1448 2685 1488 ore
2710 1432 2833 1502 ejus
2861 1438 3210 1503 erumperet;
3241 1429 3320 1485 uti
3342 1445 3493 1485 asse-

211 1524 511 1599 Ἶωάννης,
568 1525 712 1581 ὥστε
768 1522 970 1598 μικροῦ
1028 1524 1162 1588 δεῖν,
1195 1523 1451 1578 ἀπιστεῖν
1484 1540 1573 1594 με,
1626 1522 1789 1576 αὐτὸν

1908 1522 2105 1577 reravit
2132 1522 2273 1578 idem
2315 1522 2581 1580 Dominus
2612 1525 2875 1591 Joannes,
2911 1534 2967 1580 et
3005 1540 3197 1595 parum
3244 1523 3489 1587 abesset,

198 1610 346 1671 εἶναι
364 1618 456 1671 τὸν
495 1616 603 1691 πρὸ
631 1616 783 1690 ὥρας
804 1615 989 1671 σαλόν.
1022 1613 1170 1688 Πρὸς
1195 1613 1255 1668 δὲ
1300 1614 1551 1679 ἅπαντας
1582 1612 1790 1686 ἑτέρως

197 1702 453 1762 διέκειτο.

1897 1616 2030 1686 quin
2056 1631 2166 1670 non
2207 1616 2478 1686 crederet,
2511 1617 2767 1673 eumdem
2803 1618 2958 1671 illum
2989 1632 3134 1684 esse,
3184 1614 3278 1686 qui
3323 1613 3491 1686 paulo

1898 1717 2027 1763 ante
2057 1717 2176 1763 erat
2202 1704 2407 1792 fatuus.
2438 1707 2547 1765 Sed
2582 1709 2727 1779 apud
2760 1709 2897 1764 alios
2936 1707 3099 1764 aliter
3143 1720 3207 1762 se
3236 1705 3486 1776 gerebat.

1653 1843 1842 1925 .CAP.
1875 1844 2012 1902 vnn.

1366 1957 1593 2031 Reliqua
1642 1959 1909 2014 miracula
1943 1960 2316 2050 expediuntur.

276 2075 378 2149 νβ’.
416 2075 574 2130 Ἐστι
611 2073 723 2145 γὰρ
771 2073 862 2128 ὅτε
903 2070 1438 2145 καταλαμϐανούσης
1481 2068 1583 2143 τῆς
1630 2071 1796 2142 ἁγίας

1970 2072 2060 2128 52.
2102 2071 2240 2128 Dum
2275 2074 2590 2133 advenisset
2624 2086 2812 2131 sancta
2865 2076 2983 2132 dies
3014 2075 3319 2143 Dominica,
3355 2094 3491 2133 con-

200 2168 518 2242 Κυριακῆς,
556 2166 859 2240 λαμϐάνειν
897 2166 1061 2223 αὑτὸν
1089 2167 1280 2239 σειρὰν
1318 2164 1613 2220 σαλσικίων
1638 2203 1654 2230 ,
1698 2165 1796 2221 καὶ

1908 2163 2038 2235 ligit,
2068 2174 2128 2219 ut
2163 2167 2438 2237 acceperit
2483 2166 2682 2222 seriem
2716 2167 2845 2238 '(76)
2892 2167 3237 2222 farciminum
3271 2170 3405 2239 (77),
3438 2181 3493 2226 ct

204 2266 395 2336 φορεῖν
429 2261 569 2316 αὐτὰ
599 2261 675 2325 ὡς
691 2260 937 2333 ὸράριον,
967 2259 1065 2314 καὶ
1090 2260 1318 2331 κρατεῖν
1348 2259 1407 2312 ὲν
1438 2260 1505 2329 τῇ
1533 2258 1798 2330 ἀριστερᾷ

204 2354 376 2407 αὐτοῦ
396 2352 543 2424 χειρὶ
568 2351 774 2423 σίνηπι,
802 2350 899 2405 καὶ
927 2349 1105 2414 οὕτως
1153 2349 1385 2422 βάπτειν
1438 2349 1535 2403 καὶ
1563 2347 1799 2420 τρώγειν

206 2444 318 2499 ἀπὸ
346 2443 515 2516 πρωῒ.
542 2442 708 2507 Τινὰς
738 2442 795 2496 δὲ
833 2441 929 2496 καὶ
973 2440 1162 2513 ἔχριεν
1198 2443 1279 2506 είς
1325 2439 1388 2494 τὸ
1412 2441 1589 2513 στόμα
1617 2439 1800 2495 αὐτῶν

210 2538 276 2590 ὲκ
304 2535 399 2590 τοῦ
430 2537 706 2608 σινήπεως
734 2536 800 2589 ὲκ
830 2534 942 2588 τῶν
966 2534 1280 2606 ἐρχομένων
1313 2532 1505 2600 παῖξαι
1542 2533 1660 2605 μετ’
1703 2533 1803 2588 αὐ-

206 2626 326 2684 τοῦ.
355 2627 521 2682 Ὅθεν
553 2627 648 2681 καί
670 2643 755 2691 τις
779 2625 957 2680 ἐλθὼν
990 2627 1326 2697 προσπαῖξαι
1350 2626 1501 2698 αὐτῷ
1541 2625 1798 2697 χωρικδς,

209 2721 351 2791 ἔχων
366 2721 427 2775 ὲν
442 2723 553 2785 τοῖς
569 2720 721 2774 δυσὶν
740 2718 1044 2791 ὀφθαλμοῖς
1061 2718 1225 2773 αὑτοῦ
1242 2717 1574 2789 λευκώματα
1592 2718 1800 2789 ἄσπρα,

208 2811 441 2884 ὲχρίσθη
462 2811 553 2865 ὑπ’
579 2809 747 2865 αὑτοῦ
779 2811 845 2865 ὲκ
876 2808 973 2864 τοῦ
1010 2812 1287 2881 σινήπεως
1325 2811 1407 2875 εἰς
1443 2811 1571 2874 τοὺς
1599 2809 1804 2881 ὀφθαλ-

212 2905 352 2976 μοὺς
371 2903 561 2962 αὐτοῦ.
602 2904 712 2959 Τοῦ
741 2904 800 2958 δὲ
854 2904 1184 2971 στυφθέντος
1212 2903 1319 2968 ἕως
1356 2904 1611 2969 Θανάτου,
1651 2903 1804 2975 λέγει

211 2994 642 3067 αότῷ·’Ύπαγε,
670 2994 849 3066 νίψαι,
882 2994 1071 3067 Eme,
1099 2996 1179 3058 είς
1202 2993 1324 3062 ὅξος
1352 2994 1446 3048 καὶ
1473 2996 1554 3059 είς
1579 2994 1803 3067 σκόρδα,

210 3087 308 3141 καὶ
338 3086 502 3153 εὐθὺς
524 3086 818 3157 ὑγιαίνεις.
859 3085 1099 3152 Ἐκεῖνος
1129 3086 1187 3141 δὲ
1212 3086 1288 3151 ὡς
1311 3086 1487 3141 δοκῶν
1519 3105 1574 3141 τι
1607 3090 1804 3154 ποιεῖν,

211 3177 415 3243 εὐθέως
443 3181 525 3243 είς
574 3181 797 3250 ἰατροὺς
844 3178 1107 3252 ἔδραμεν,
1144 3179 1240 3234 καὶ
1271 3179 1459 3234 πλεῖον
1491 3181 1804 3252 ἐτυφλώθη.

214 3270 382 3336 Τέλος
400 3266 493 3327 οῦν
521 3271 629 3326 ἀπὸ
661 3272 861 3342 μανίας
889 3271 1080 3343 ὀμνύει
1123 3272 1375 3343 Συριστίο
1430 3272 1525 3327 Μὰ
1546 3273 1639 3327 τὸν
1674 3274 1809 3328 Θεὸν

211 3362 310 3417 τοῦ
348 3362 599 3435 οὐρανοῦ,
629 3362 727 3417 ἐὰν
748 3362 914 3434 ἔχωσι
947 3362 1156 3427 εὐθέως
1199 3364 1441 3434 πηδῆσαι
1490 3364 1540 3416 οἱ
1578 3363 1671 3417 δύο
1706 3381 1808 3436 μου

1900 2256 1991 2311 illa
2034 2256 2205 2313 ferret
2250 2266 2508 2329 tanquam
2574 2259 2841 2322 orarium,
2894 2268 2948 2315 et
3006 2269 3221 2315 teneret
3272 2260 3490 2316 sinistra

1900 2366 2068 2405 manu
2099 2342 2303 2419 sinapi,
2329 2360 2383 2405 et
2409 2350 2488 2405 sic
2517 2365 2545 2405 a
2589 2352 2765 2422 prima
2808 2350 2929 2406 luce
2958 2350 3191 2421 lingeret
3230 2360 3286 2406 et
3317 2368 3495 2407 come-

1901 2442 2076 2498 deret.
2105 2442 2426 2513 Aliquorum
2470 2458 2598 2497 vero
2632 2458 2698 2497 ex
2741 2443 2832 2507 iis,
2872 2442 2966 2512 qui
3013 2443 3193 2497 lusum
3217 2458 3343 2497 cum
3373 2444 3493 2513 ipso

1900 2543 2187 2598 venerant,
2222 2534 2506 2589 oblinebat
2547 2549 2643 2589 eos
2680 2534 2880 2604 sinapi.
2920 2532 3063 2589 llinc
3093 2549 3220 2588 cum
3249 2534 3494 2588 venisset

1900 2626 2097 2698 aliquis
2131 2625 2369 2681 rusticus
2395 2642 2521 2682 eum
2551 2642 2618 2682 eo
2648 2625 2891 2693 lusurus,
2923 2627 3083 2697 cujus
3103 2635 3335 2696 uterque
3356 2640 3493 2679 ocu-

1902 2717 1988 2772 lus
2015 2716 2290 2772 laborabat
2312 2715 2541 2771 candida
2567 2716 2845 2788 albugine,
2866 2717 3167 2787 iniungebat
3194 2726 3493 2786 utrumque

1903 2813 2024 2881 ejus
2057 2810 2277 2866 oculum
2323 2809 2524 2880 sinapi.
2579 2809 2718 2875 Cui,
2743 2810 2825 2865 ad
2875 2820 3107 2864 mortem
3145 2825 3319 2879 usque
3361 2810 3495 2864 ³1Πί-

1904 2912 2073 2971 ctato,
2109 2903 2243 2958 dicit
2278 2921 2294 2957 :
2327 2903 2452 2970 Abi,
2486 2904 2708 2968 stolide,
2739 2903 2884 2959 alliis
2921 2912 2977 2958 et
3006 2912 3163 2959 aceto
3183 2912 3236 2956 te
3259 2904 3397 2969 lava,
3440 2913 3498 2959 ct

1905 2997 2173 3052 sanabere
2192 2996 2442 3067 jamjam.
2504 2996 2592 3052 llle
2623 3011 2777 3060 vero.
2816 3004 2878 3050 ut
2923 2995 3014 3066 qui
3050 2995 3391 3051 existimaret
3436 3011 3498 3049 se

1907 3088 2203 3159 quidquam
2223 3087 2571 3151 eﬁecturum,
2599 3088 2852 3158 protinus
2869 3086 2937 3142 ad
2964 3087 3207 3142 medicos
3232 3087 3498 3151 cucurrit,

1908 3186 1964 3233 et
2014 3177 2188 3248 magis
2235 3177 2577 3233 excutiebat.
2629 3175 2873 3232 Tandem
2929 3176 3116 3247 itaque
3156 3175 3340 3231 furore
3380 3190 3511 3246 per-

1909 3269 2074 3336 citus,
2108 3269 2258 3340 jurat
2292 3267 2513 3341 Syriace
2544 3286 2564 3324 :
2611 3267 2715 3325 Per
2749 3270 2923 3325 Deum
2961 3270 3106 3337 coeli,
3144 3269 3359 3324 tametsi
3389 3278 3499 3325 sta-

1912 3363 2011 3418 tim
2057 3364 2167 3417 duo
2212 3362 2319 3416 mei
2369 3361 2514 3417 oculi
2557 3362 2822 3418 deberent
2871 3363 3112 3426 exsilire,
3166 3362 3312 3433 quod
3362 3361 3499 3417 mibi

212 3455 504 3527 ὀφθαλμοὶ,
540 3456 667 3510 εἴτι
702 3453 860 3511 εἱπέν
890 3472 986 3526 μοι
1020 3455 1049 3508 6
1077 3454 1269 3520 Σαλὸς,
1304 3456 1465 3510 ποιῶ.
1511 3457 1621 3511 Καὶ
1654 3458 1805 3529 νιψα-

1913 3468 2133 3524 cunque
2168 3452 2330 3508 Salus
2361 3453 2579 3520 dixerit,
2612 3452 2832 3510 faciam.
2861 3453 3152 3527 Postquam
3188 3454 3406 3511 lavisset
3430 3471 3501 3510 ex

217 3552 381 3624 μένου
415 3549 604 3617 αὑτοῦ,
657 3551 734 3615 ὡς
782 3546 937 3607 εἶπεν
989 3551 1178 3623 αὐτῷ,
1219 3551 1424 3615 εὐθέως
1473 3552 1722 3622 ἐγένοντο
1758 3556 1808 3608 οἱ

212 3645 488 3718 ὀφθαλμοὶ
513 3644 681 3699 αὐτοῦ
700 3644 895 3713 ὑγιεῖς,
915 3643 990 3709 ὡς
1015 3646 1081 3697 ὲκ
1108 3646 1377 3716 γεννητῆς
1394 3645 1653 3718 καθαροὶ,
1667 3646 1809 3701 ὥστε

213 3735 461 3801 δοξάζειν
503 3733 669 3789 αὑτὸν
726 3733 821 3788 τδν
863 3732 1021 3789 Θεόν.
1075 3734 1212 3789 Τότε
1249 3736 1575 3808 ἀπαντήσας
1600 3738 1756 3810 αὐτῷ
1780 3740 1809 3793 6

216 3827 406 3891 Σαλὸς,
423 3826 575 3896 λέγει
601 3825 779 3897 αὐτῷ’
824 3825 957 3879 Ἰδοὺ
982 3824 1235 3895 ὑγίανας,
1262 3826 1449 3897 ἔξηχε,
1473 3829 1670 3899 μηκέτι
1692 3830 1813 3883 κλέ-

218 3935 361 3989 πτῃς
385 3917 453 3972 τὰ
474 3916 686 3987 αἱγίδια
714 3914 809 3970 τοῦ
844 3914 1111 3986 γείτονος.
1168 3915 1416 3987 Ἐκλάπη
1464 3934 1550 3981 τις
1583 3917 1811 3989 λογάριν

218 4012 277 4065 ὲν
336 4010 545 4083 Ἐμέσῃ
599 4009 913 4081 νομίσματα
953 4010 1304 4073 πεντακόσια,
1349 4010 1443 4065 καὶ
1497 4010 1574 4075 ὡς
1627 4011 1810 4083 ἐζήτει

218 4103 381 4169 αὐτὰ,
413 4102 631 4174 ἀπαντᾷ
654 4102 808 4174 αὑτῷ
834 4104 863 4156 6
886 4101 1061 4167 assa;
1093 4100 1341 4174 Συμεὼν,
1386 4102 1483 4157 καὶ
1505 4101 1677 4159 θέλων
1708 4120 1810 4175 με·

218 4194 450 4251 ταὸάλαι
477 4194 687 4262 ἑαυτὸν,
711 4195 861 4265 λέγει
894 4195 1033 4267 πρὸς
1076 4195 1265 4250 αὐτόν’
1308 4193 1548 4249 Δύνασαι
1580 4194 1811 4266 ποιῆσαί

219 4283 273 4336 τί
293 4299 447 4348 ποτε,
477 4282 663 4353 ἐξηχε,
701 4284 789 4337 ἵνα
823 4283 1092 4355 εὑρεθῶσι
1122 4283 1190 4338 τὰ
1216 4283 1503 4339 όλοκότινὰ
1537 4302 1669 4357 μου;
1702 4285 1810 4341 Λέ-

221 4390 307 4441 γει
328 4372 478 4444 αὑτῷ
499 4375 728 4438 ἐκεῖνος·
760 4375 890 4429 Ἐὰν
923 4373 1242 4447 θέλῃς,ναί.
1276 4375 1441 4445 Λέγει
1480 4376 1630 4449 αὐτῷ
1663 4377 1811 4430 ἐκεῖ·

220 4478 331 4525 νοςο
363 4463 620 4534 Ποίησον,
653 4464 750 4517 καὶ
771 4464 866 4519 ἐὰν
887 4463 1210 4536 εὑρεθῶσιν,
1255 4463 1381 4519 δίδω
1413 4481 1495 4518 σοι
1526 4464 1684 4520 δέκα.
1715 4464 1814 4519 Λέ-

222 4553 476 4625 γειαύτῷ
513 4556 543 4608 6
574 4552 763 4618 Σαλόςο
798 4555 864 4609 Εἴ
886 4572 941 4608 τι
970 4554 1111 4608 εἴπω
1150 4572 1254 4621 σοι,
1306 4555 1554 4628 ποίησον,
1605 4555 1702 4610 καὶ
1732 4557 1813 4620 εἰς

220 4645 282 4698 τὸ
308 4645 530 4716 σκευρίν
555 4662 650 4699 σου
676 4646 953 4718 εὑρίσκεις
984 4650 1050 4719 τῇ
1101 4648 1261 4702 νυκτὶ
1298 4646 1497 4720 ταύτῃ.
1544 4647 1811 4702 Συνέθετο

1909 3546 2230 3617 praescripto
2263 3545 2398 3613 Sali,
2438 3561 2564 3601 mox
2609 3546 2753 3600 oculi
2806 3547 2929 3617 ejus
2962 3548 3137 3602 sanati
3166 3547 3407 3612 fuerunt,
3445 3558 3500 3602 et

1909 3646 2019 3693 tam
2054 3638 2325 3702 defaecati,
2362 3654 2526 3709 quam
2562 3638 2740 3709 primo
2778 3638 2948 3694 natali
2991 3639 3100 3707 die,
3130 3639 3267 3694 adeo
3294 3648 3354 3694 ut
3387 3640 3503 3694 lau-

1906 3728 2063 3785 daret
2104 3730 2297 3787 Deum.
2342 3730 2502 3786 Salus
2534 3730 2584 3785 ei
2624 3730 2846 3786 obviam
2895 3731 3095 3797 factus,
3141 3732 3276 3788 dixit
3309 3750 3322 3787 :
3359 3734 3501 3789 Ecce

1907 3842 2080 3883 sanus
2102 3827 2284 3883 factus
2308 3843 2390 3895 es,
2430 3828 2634 3897 stulte;
2668 3828 2783 3884 noli
2805 3830 3037 3901 posthac
3066 3829 3235 3885 furari
3267 3830 3506 3902 capellas

1906 3920 2099 3976 vicini.
2136 3922 2319 3977 Alicui
2372 3924 2641 3993 quzerenti
2677 3922 3105 3996 quingentorum
3147 3940 3501 3981 nummorum

1909 4024 2181 4065 summam
2231 4012 2371 4082 (78),
2402 4012 2615 4069 Emesa:
2666 4014 3009 4085 subreptam,
3058 4018 3300 4071 occurrit
3334 4017 3506 4073 abbas

1913 4096 2171 4169 Symeon.
2200 4100 2269 4154 Et
2291 4100 2402 4165 ille,
2431 4100 2707 4158 invertere
2730 4118 2791 4158 se
2814 4102 3027 4170 volens,
3053 4103 3185 4159 dicit
3204 4105 3461 4177 Symeoni
3486 4127 3499 4163 :

1910 4187 2085 4243 Potin’
2114 4203 2175 4243 es
2201 4187 2440 4256 efﬁcere,
2472 4190 2691 4255 stolide,
2720 4201 2798 4249 ut.
2820 4193 3037 4250 nummi
3078 4195 3185 4249 mei
3219 4194 3506 4251 invenian-

1913 4280 2042 4335 tur?
2072 4279 2173 4335 Cui
2213 4281 2304 4337 ille
2338 4299 2353 4335 :
2384 4278 2615 4337 Possum
2658 4282 2870 4354 utique,
2915 4285 2961 4339 si
3002 4286 3159 4341 velis.
3205 4287 3508 4358 Respondit

1911 4372 2049 4429 alter
2081 4390 2093 4428 :
2125 4372 2310 4440 Eﬁice,
2360 4381 2437 4439 et,
2465 4372 2510 4429 si
2551 4373 2923 4439 inveniantur,
2960 4376 3102 4431 dabo
3136 4378 3232 4433 tibi
3288 4381 3502 4435 decem.

1913 4464 2049 4519 Tum
2085 4464 2243 4519 Salus
2281 4482 2294 4519 :
2350 4463 2406 4519 Si
2444 4464 2585 4536 quid
2618 4465 2812 4522 dixero
2852 4466 2975 4536 tibi,
3022 4467 3226 4535 facito;
3257 4477 3313 4524 et
3345 4472 3505 4526 inveb

1912 4556 2032 4611 nies
2079 4556 2131 4611 in
2182 4556 2421 4611 armario
2465 4557 2578 4627 (79)
2625 4557 2729 4613 hac
2769 4558 2935 4614 etiam
2979 4568 3163 4616 nocte.
3192 4560 3328 4616 Dato
3356 4563 3508 4632 jure—

1909 4646 2143 4718 jurando
2173 4646 2262 4701 ille
2289 4646 2359 4701 ad
2389 4662 2451 4702 se
2471 4648 2698 4719 recepit,
2725 4650 2892 4719 quod,
2928 4649 2972 4704 si
2996 4651 3126 4710 quid
3153 4651 3253 4721 ipsi
3274 4652 3507 4717 diceret,

220 4733 313 4790 οὖν
342 4736 494 4808 αὐτῷ
552 4737 672 4808 μεθ’
722 4738 901 4810 ὅρκων
932 4739 1015 4793 ὅτι
1071 4740 1124 4793 εῖ
1147 4757 1200 4793 τι
1249 4739 1378 4811 εἴπῃ
1419 4739 1587 4811 αὐτῷ,
1618 4737 1805 4795 ἀκούει

1912 4739 2199 4794 auditurus
2236 4738 2418 4809 ipsum
2476 4750 2641 4807 esset,
2692 4742 2857 4797 modo
2911 4754 2972 4797 ut
3022 4743 3160 4797 nihil
3206 4744 3505 4813 importuni

223 4828 410 4894 αὑτοῦ,
440 4830 602 4898 μόνον
633 4829 709 4902 μὴ
740 4830 970 4903 ἄκαιρόν
1009 4832 1063 4886 τί
1098 4849 1230 4886 ποτε
1285 4834 1434 4908 εἴπῃ.
1470 4834 1633 4903 Λέγει
1661 4834 1805 4908 αὐτῷ

1917 4830 2024 4902 ipsi
2078 4831 2303 4887 diceret.
2342 4831 2483 4886 Dicit
2521 4831 2571 4887 ei
2613 4848 2834 4887 rursum
2866 4852 2879 4887 :
2925 4832 3050 4899 Abi,
3095 4850 3351 4889 nummos
3384 4846 3511 4891 tuos

224 4921 384 4975 πάλιν
405 4938 418 4952 ⁸
440 4922 683 4992 ”Υπαγε,
713 4921 783 4976 τὰ
810 4923 1092 4979 όλοκότινά
1126 4941 1221 4979 σου
1245 4928 1273 4980 6
1298 4924 1486 4991 δοῦλός
1513 4943 1607 4981 σου
1634 4929 1662 4981 6
1695 4928 1816 4981 ἑπι-

223 5015 424 5085 κέρνης
452 5014 679 5087 ἐπῆρεν.
747 5015 888 5070 Ἀλλ’
923 5016 1054 5082 ίδοὺ,
1077 5016 1167 5082 δός
1197 5035 1288 5089 μοι
1329 5017 1511 5087 λόγον,
1539 5019 1618 5073 ὅτι
1648 5019 1710 5074 οὐ
1732 5019 1817 5075 δέ·

224 5125 337 5179 ρεις
366 5107 553 5174 αὑτὸν,
605 5107 732 5163 οὔτε
774 5108 935 5164 ἄλλον
979 5108 1075 5163 τοῦ
1110 5110 1263 5164 οἴκου
1293 5126 1406 5163 σου·
1468 5110 1663 5181 ἕδαρεν
1702 5110 1812 5182 γὰρ

1918 4925 2144 4981 abstulit
2180 4941 2374 4981 servus
2425 4935 2575 4992 tuus,
2636 4926 2730 4997 qui
2772 4942 2802 4983 a
2844 4926 3054 5011 poculis
3105 4927 3219 4999 (80)
3273 4928 3369 4984 tibi
3399 4942 3503 4987 est.

1921 5016 2028 5074 Sed
2056 5033 2206 5084 ecce,
2244 5018 2311 5074 da
2344 5018 2476 5073 mihi
2501 5018 2661 5073 ﬁdem
2719 5017 2836 5073 fore
2871 5028 2930 5073 ut
2954 5019 3132 5090 ipsum
3162 5035 3272 5075 non
3308 5021 3506 5086 cedas,

1916 5112 2004 5167 vel
2030 5112 2263 5183 aliquem
2287 5127 2317 5167 e
2348 5121 2437 5167 tua
2462 5112 2624 5167 domo
2661 5111 2928 5183 (caedebat
2958 5121 3143 5168 autem
3194 5115 3505 5185 acerrime).

1746 5227 1985 5285 NOTAE.

296 5318 406 5388 (76)
448 5316 568 5395 Yox
598 5319 894 5395 cst96,_pro
924 5337 1032 5395 qua
1048 5321 1239 5379 Latine
1269 5320 1447 5394 posui,
1467 5323 1647 5389 series,
1668 5339 1814 5394 qua:-

226 5391 345 5451 sitzi,
378 5389 473 5460 scd
506 5389 754 5460 nuspiam
785 5389 1029 5448 inventa.

306 5459 407 5529 '77)
448 5459 671 5535 Legitur
729 5462 1164 5535 σαλσικοπῴλης,
1216 5472 1272 5519 et
1325 5462 1616 5534 exponitur
1664 5464 1810 5535 apud

223 5530 941 5604 Auctqrem’Etymologici,
990 5530 1179 5600 fartor,
1222 5530 1575 5590 sarciminum
1617 5530 1810 5590 vendi-

202 5601 414 5683 .tor;AE
445 5617 555 5672 quo
575 5601 725 5660 vocis
758 5601 1037 5659 σαλσικιον
1061 5604 1548 5678 signiﬁcatiohaud
1577 5606 1811 5663 obscure

227 5681 457 5729 eruitur.

296 5743 409 5821 (78)
450 5744 709 5821 AO?&pW_
741 5761 853 5821 non
918 5746 1225 5821 signiﬁcare
1287 5759 1608 5821 exactorem.
1645 5757 1810 5821 prout

227 5813 420 5884 legitur
472 5813 617 5886 apud
676 5815 918 5889 Surium,
960 5813 1057 5873 sed
1116 5835 1378 5874 summam
1422 5813 1673 5889 pecunia},
1709 5835 1808 5875 seu

229 5896 433 5941 certam
497 5888 860 5960 quantitatem
905 5904 1301 5957 nummorum,
1348 5888 1612 5965 exemplis
1666 5891 1807 5949 bene

1914 5324 2102 5398 multis
2135 5325 2373 5398 ostendit
2404 5325 2643 5398 Cangms
2668 5344 2723 5383 .n
2761 5328 3054 5383 Glossario.

1986 5395 2102 5469 (79)
2140 5397 2255 5452 Vox
2315 5395 2544 5469 σκευρὶν
2598 5399 2869 5455 abstrusa.
2924 5398 3149 5454 Videtur
3202 5398 3436 5454 derivari
3478 5415 3506 5453 a

1917 5465 2134 5541 σκεῦος,
2166 5484 2259 5541 vas
2287 5509 2303 5535 ,
2339 5465 2695 5541 quascunque
2751 5469 3039 5537 utensilia;
3076 5479 3132 5524 et
3170 5471 3300 5541 quid
3352 5470 3407 5524 ni
3449 5472 3509 5523 τὸ

1918 5540 2143 5607 σκευρὶν
2211 5539 2614 5610 signiﬁcatione
2701 5541 2979 5596 coincidat
3039 5539 3200 5596 cum'
3232 5541 3511 5597 vocabulis

1917 5609 2233 5681 σκευᾴριον,
2274 5609 2612 5681 σκευοθήκη.

1989 5678 2123 5755 (80)-
2155 5678 2660 5755 ξΕπικέρνηςῖιῖειη
2692 5680 2965 5755 signiﬁcat
3000 5683 3146 5753 quod
3190 5682 3510 5755 πινκέρνης,

1914 5748 2007 5820 qui
2040 5748 2271 5825 cultiore
2299 5748 2485 5823 lingua
2513 5751 2715 5825 dicitur
2738 5748 3279 5825 Slvoxdocgpincema,
3308 5748 3399 5825 qui
3426 5748 3513 5809 est

1915 5819 1943 5874 a
1974 5820 2204 5891 poculis.
2235 5819 2560 5895 Lego‘apud
2592 5820 2812 5880 Surium
2849 5819 2886 5880 ἶ
2915 5844 2934 5878 ι
2975 5819 3181 5882 Servus
3220 5819 3347 5880 tuus
3387 5825 3505 5896 epi~

1915 5905 2132 5947 cernes.
2176 5910 2196 5943 ι
3183 5935 3193 5943 ,
