4034 6436
518 443 671 518 ἣ739

1565 461 1875 523 LEONTII
1916 461 2428 523 NEAPOLITANI
2470 464 2808 525 EPISCOPI

3675 467 3808 532 173.1)

518 567 893 624 burdonarius
917 569 1246 635 misericors,
1275 581 1330 626 et
1382 588 1410 625 e
1445 573 1607 628 rebus
1627 616 1639 637 ,
1670 591 1792 644 quae
1830 575 1896 631 ad
1935 575 2106 644 ipsum

2216 576 2309 628 καὶ
2331 576 2438 628 ἀπὸ
2472 577 2880 646 συμϐαινόντων
2911 579 3208 650 ἐσύρςισεν.
3259 580 3347 633 Ἐν
3377 583 3477 652 μιᾷ
3504 581 3602 634 οὖν
3651 583 3807 651 eisp-

523 659 803 723 redibant,
845 661 1208 734 dispergebat.
1255 665 1498 730 Quadam
1533 665 1622 719 die
1657 667 1879 721 exeunti
1909 667 2005 732 illi,
2055 677 2113 721 ut

531 766 628 818 pro
665 753 829 810 domo
870 772 967 811 sua
1007 756 1262 822 all'erret,
1292 769 1348 812 et
1388 758 1574 813 viuum
1607 768 1835 826 emeret,
1877 761 2116 814 occurrit

517 846 740 911 'beatus,
773 860 828 904 et
855 850 1023 904 dicit:
1064 851 1182 916 Quo
1222 861 1273 906 te
1306 852 1438 923 agis,
1475 853 1677 908 stulte?
1720 853 1935 926 (Sermo
1963 855 2112 909 enim

529 939 631 995 iste
668 941 961 997 identidem
989 945 1040 998 ei
1069 953 1187 999 erat
1221 944 1277 998 in
1313 946 1454 1016 ore.)
1479 945 1579 1002 Cui
1621 947 1751 1003 ille:
1785 949 1862 1004 Eo
1894 957 2112 1019 emptu-

530 1048 624 1085 rus
676 1033 887 1100 vinum,
945 1035 1088 1090 Sale.
1140 1035 1444 1107 Respondit
1501 1039 1546 1093 ei
1598 1041 1768 1096 abbas
1823 1041 2108 1111 Symeon:

530 1120 679 1173 Aﬂ'er
709 1121 870 1174 etiam
908 1123 1180 1194 pulegium
1215 1124 1352 1198 (88),
1390 1127 1484 1181 ubi
1518 1129 1765 1183 redieris.
1803 1131 2114 1201 Augur-atus

528 1213 708 1282 itaque
739 1215 1122 1280 burdonarius,
1153 1218 1369 1275 diccbat
1395 1237 1610 1286 secum,
1646 1224 1865 1292 quando
1896 1224 2108 1278 abirrt:

527 1305 792 1370 Quisnam
826 1305 1058 1362 Satanas
1096 1324 1124 1362 a
1161 1319 1406 1378 tempore
1445 1311 1714 1365 matutino
1751 1312 1815 1366 ad
1851 1329 1937 1366 me
1969 1311 2113 1365 misit

529 1398 677 1452 hunc
715 1398 1000 1463 abbatem,
1057 1400 1149 1469 qui
1203 1401 1376 1456 dicit:
1418 1403 1568 1456 Aﬂer
1608 1403 1740 1457 mihi
1800 1404 2112 1475 pulegium?

529 1491 673 1544 Sane
705 1490 906 1544 malum
959 1500 1045 1546 est
1099 1491 1203 1547 hoc
1255 1493 1467 1559 vinum,
1523 1502 1578 1549 et
1621 1495 1706 1550 vel
1755 1497 1978 1558 acescit,
2027 1497 2112 1550 vel

516 1581 668 1654 .[vitii
699 1581 881 1654 habet]
922 1583 1107 1638 nescio
1147 1585 1300 1654 quid.
1344 1585 1443 1641 Ubi
1484 1586 1667 1656 itaque
1711 1587 1894 1649 rediit,
1930 1586 2112 1640 ferens

523 1676 713 1730 vinum
761 1692 1022 1748 perquam
1073 1678 1313 1741 bonum,
1371 1695 1483 1749 pne
1526 1680 1723 1750 gaudio
1771 1679 1973 1734 oblitus
2029 1690 2113 1736 est

525 1770 721 1825 afferre
752 1771 1046 1843 pulegium.
1081 1771 1217 1826 Dicit
1253 1772 1340 1826 ille
1377 1772 1575 1826 iterum
1609 1771 1865 1842 Symeoni
1897 1789 1909 1824 :
1947 1770 2108 1835 Vere,

525 1880 559 1918 0
590 1864 754 1919 miser
782 1865 977 1929 homo,
1010 1865 1210 1919 oblitus
1249 1880 1391 1918 sum.
1426 1864 1725 1919 Subridens
1766 1866 1868 1934 ipsi
1898 1865 2065 1919 abbas
2095 1883 2108 1919 :

2216 665 2445 735 χομένου
2473 666 2639 719 αὐτοῦ
2674 669 2893 736 ἐνέγκαι
2927 669 3076 740 λόγῳ
3101 670 3195 723 τοῦ
3219 673 3367 724 οἴκου
3397 671 3584 736 αὐτοῦ,
3615 676 3708 724 καὶ
3731 675 3810 735 εἰς

2215 759 2418 827 πρᾶσιν
2445 759 2704 832 οἰνάριον,
2734 763 2950 834 ἀπαντᾷ
2973 764 3122 835 αὕτῷ
3169 767 3196 817 6
3226 765 3517 835 μακάριος,
3544 767 3637 818 καὶ
3661 766 3810 832 λέγε.

2215 850 2398 921 αὐτῷ·
2437 851 2547 906 Ποῦ
2599 853 2854 920 ὑπάγεις,
2888 855 3084 927 ἕξηχε;
3125 856 3290 928 Εἶχεν
3339 860 3447 927 γὰρ
3479 861 3566 912 ἀεὶ
3617 859 3808 912 τοῦτο.

2214 939 2306 992 τὸν
2340 940 2496 1008 λόγον
2526 942 2617 994 ἐπὶ
2647 943 2706 995 τὸ
2729 945 2860 997 αὐτὸ
2888 947 2980 998 ἐπὶ
3013 947 3298 1017 στόματος.
3329 949 3496 1016 Λέγει
3535 949 3634 1002 οὖν
3661 950 3810 1018 αὐτῷ

2215 1030 2438 1098 ἐκεῖνος,
2465 1033 2565 1085 Διὰ
2591 1035 2848 1105 οἰνάριον,
2883 1037 3041 1092 Σαλέ.
3061 1039 3359 1110 Ἀπεκρίθη
3395 1039 3544 1110 αὑτῷ
3577 1043 3606 1092 6
3637 1040 3810 1102 166i;

2216 1120 2438 1189 Συμεών
2458 1137 2472 1151 ·
2507 1123 2646 1194 Φέρε
2680 1127 2773 1178 καὶ
2795 1127 3050 1198 γλιχόνην
3071 1129 3144 1193 ὡς
3171 1130 3327 1202 ἔρχῃ.
3360 1132 3682 1192 οἰωνισΟεῖς
3713 1127 3808 1183 οὖν

2215 1213 2243 1263 6
2286 1212 2702 1287 βουρδουνάριος
2729 1258 2742 1282 ,
2802 1218 2987 1287 ἔλεγεν
3033 1221 3156 1275 καθ’
3197 1224 3390 1275 ἑαυτὸν
3419 1265 3433 1288 ,
3486 1225 3560 1285 ὡς
3604 1224 3806 1294 ἀπῄει·

2220 1299 2368 1374 τΑροι
2397 1309 2544 1370 ποῖος
2574 1309 2822 1372 Σατανᾶς
2845 1312 2952 1364 ἀπὸ
2977 1311 3120 1381 πρωῒ
3152 1313 3396 1384 ἔπεμψέν
3443 1333 3537 1384 μοι
3577 1321 3672 1366 τὸν
3701 1315 3809 1367 ἀε-

2215 1397 2318 1451 ϐἅν
2345 1397 2554 1468 τοῦτον,
2580 1400 2808 1468 λέγοντά
2827 1420 2918 1473 μοι
2941 1419 2954 1432 °
2984 1405 3119 1476 Φέρε
3151 1423 3239 1474 μοι
3275 1407 3558 1477 γλιχὸνην;
3593 1409 3811 1470 Ὄντως
3861 1392 3868 1396 ’

2213 1491 2572 1546 κακοπόδινον
2598 1495 2806 1562 γίνεται
2836 1496 2895 1549 τὸ
2925 1498 3164 1568 οἰνάριον
3191 1499 3369 1562 τοῦτο,
3407 1503 3500 1553 καὶ
3541 1501 3574 1570 ἢ
3609 1499 3808 1565 ὀξὶζει,

2215 1581 2376 1652 ἢούκ
2423 1579 2540 1638 οἶδα
2597 1587 2670 1641 τί.
2731 1589 2819 1652 Ὠς
2870 1586 2963 1642 οὖν
3010 1591 3354 1663 ὑπέστρεψεν
3395 1595 3630 1660 ἐνέγκας
3659 1589 3808 1646 οἶνον

2215 1674 2380 1727 καλὸν
2406 1677 2571 1742 πάνυ,
2591 1679 2698 1732 ἀπὸ
2727 1684 2902 1752 χαρᾶς
2933 1684 3124 1737 ἔλαθεν
3146 1685 3369 1753 ἐνέγκαι
3397 1684 3494 1755 τὴν
3521 1687 3804 1755 γλιχόνην.

2214 1765 2378 1833 Λέγει
2418 1769 2564 1838 αὕτῷ
2605 1771 2766 1825 πάλιν
2795 1776 3268 1841 ὲκείνος,’οντως,
3302 1780 3550 1842 ταπεινὲ,
3584 1780 3804 1832 ἔλαθον.

2215 1858 2512 1923 Μειδιὰσας
2554 1858 2646 1916 οὖν
2677 1866 2702 1916 6
2732 1865 2926 1930 ἀδϐᾶς,
2955 1868 3104 1936 λέγει
3133 1870 3312 1940 αὐτῷ’
3343 1871 3559 1940 ’Ὕπαγε
3614 1873 3805 1941 μόνον’

525 1955 627 2010 Abi
661 1957 840 2022 modo,
879 1956 1076 2026 inquit,
1110 1972 1198 2010 res
1224 1964 1312 2009 tua
1348 1956 1722 2010 administrata
1746 1933 1846 2010 est.
1885 1957 2106 2022 Quando

2215 1949 2275 2001 τὸ
2307 1951 2416 2022 γὰρ
2453 1955 2689 2024 πρᾶγμά
2723 1973 2816 2008 σου
2850 1933 3149 2031 ἐδιοικήθη.
3198 1933 3287 2025 Ὠς
3322 1959 3415 2015 οὖν
3437 1933 3581 2034 -ἧὶίθε
3614 1933 3804 2034 ’μετα-

524 2062 658 2116 ergo
690 2048 860 2111 venit,
885 2055 943 2100 ut
975 2054 1212 2100 mutaret
1245 2056 1412 2110 utres,
1441 2047 1648 2101 invenit
1675 2047 1728 2100 in
1752 2047 1832 2102 eis
1871 2057 2110 2114 acetum,

518 2151 750 2206 prorsus
791 2145 850 2189 ut
901 2137 1065 2189 homo
1113 2136 1198 2189 vel
1241 2134 1456 2190 odorari
1524 2152 1618 2191 eos
1676 2138 2107 2205 pertimesceret.

526 2229 680 2284 Tunc
712 2229 893 2298 itaque
925 2244 1036 2282 rem
1070 2229 1358 2294 intellexit,
1378 2239 1431 2282 et
1459 2230 1623 2299 cmpit
1653 2229 1837 2285 dicere
1869 2246 1881 2281 :
1923 2231 2111 2285 Enim—

523 2336 657 2376 vero
681 2321 901 2391 jamjam
950 2320 1232 2374 atferimus
1280 2321 1577 2392 pulegium.
1634 2322 1888 2376 Cucurrit
1917 2321 2106 2392 igitur,

516 2425 581 2470 et
609 2414 756 2469 venit
786 2414 851 2468 ad
876 2412 1084 2476 Salum,
1119 2422 1173 2466 et
1211 2414 1387 2468 oravit
1411 2430 1534 2467 eum
1566 2414 1804 2484 (dicebat
1842 2415 1987 2469 enim
2030 2415 2110 2470 fe-

521 2509 668 2562 cisse
695 2507 764 2560 tle
808 2522 962 2560 more
998 2504 1430 2576 przestigiatoris,
1476 2505 1568 2575 qui
1611 2506 1799 2560 oculos
1833 2507 2105 2576 fascinat).

530 2601 970 2667 Dissolve,Sale,
1023 2600 1166 2669 quod
1219 2599 1413 2653 fecisti.
1462 2598 1728 2667 Reposuit
1778 2599 1905 2653 ille:
1969 2599 2109 2664 Quid

521 2695 675 2750 feci?
707 2694 806 2748 llic
846 2695 924 2748 ait
958 2713 970 2747 :
1008 2692 1215 2747 Bonum
1258 2692 1361 2746 euri
1397 2692 1605 2752 vinum,
1642 2700 1698 2745 et
1736 2701 1979 2760 tempore
2009 2692 2108 2744 ho-

522 2806 708 2844 rarum
741 2790 969 2842 duarum
1001 2787 1292 2840 inventum
1338 2794 1420 2840 est
1461 2794 1697 2839 acetum.
1748 2785 1850 2838 Cui
1881 2785 1970 2839 ille
2004 2787 2108 2839 ite-

527 2896 646 2933 rum
683 2897 696 2934 :
730 2877 854 2940 Abi,
889 2877 1002 2942 abi,
1033 2877 1189 2931 mitte
1219 2876 1359 2929 hanc
1389 2891 1597 2940 curam,
1629 2875 1779 2946 aperi
1812 2891 1934 2930 mox
1962 2875 2108 2947 phu-

516 2970 784 3035 scarimn,
821 2978 878 3024 et
904 2967 1148 3039 proderit
1178 2965 1294 3020 tibi.

594 3063 684 3116 57..
727 3061 863 3114 Nam
900 3075 1106 3129 secpus
1149 3067 1205 3113 et
1248 3058 1424 3113 oratio
1470 3061 1618 3112 senis
1671 3069 1850 3124 erant,
1893 3068 1953 3114 ut
1981 3061 2107 3130 quia

514 3165 642 3210 erat
665 3153 996 3218 misericors,
1038 3152 1192 3207 labor
1218 3152 1336 3221 ejus
1361 3151 1803 3206 benediceretur.
1833 3153 1940 3207 Sed
1973 3155 2106 3208 nihil

2216 2041 2375 2096 ϐάλαι
2401 2046 2467 2098 τὰ
2498 2044 2750 2118 ἁσκξδια,
2781 2044 2938 2120 εὗρεν
2973 2053 3112 2107 αὐτὰ
3149 2054 3288 2119 ὅξος,
3337 2057 3420 2110 ὅτι
3476 2058 3668 2127 ἐψόφει
3700 2060 3802 2112 ἇν-

2216 2132 2432 2202 Θρωπος
2487 2138 2583 2190 καὶ
2639 2140 3012 2211 ὀσφρανθῆναι
3051 2145 3239 2200 αὐτοῦ.
3281 2145 3417 2200 Τότε
3453 2146 3548 2202 οὖν
3572 2151 3799 2222 ἐνόησεν

2212 2226 2272 2277 τὸ
2319 2230 2553 2299 πρᾶγμα
2581 2271 2596 2296 ,
2633 2233 2728 2284 καὶ
2790 2233 2992 2305 ἤρξατο
3035 2237 3250 2306 λέγειν·
3287 2241 3497 2303 Ὄντως
3526 2242 3652 2310 ἄρτι
3703 2243 3800 2295 καὶ

2213 2318 2418 2389 ἄγομεν
2457 2322 2541 2375 διὰ
2577 2323 2851 2396 γλιχόνην.
2894 2329 3172 2400 Ἕδραμεν
3206 2331 3298 2384 οὕν
3331 2334 3427 2386 καὶ
3465 2328 3634 2403 ἦλθεν
3662 2335 3802 2404 πρὸς

2214 2411 2303 2462 τὸν
2335 2413 2539 2479 Σχλὸν,
2582 2416 2673 2468 καὶ
2725 2420 3021 2486 παρεκάλει
3063 2422 3224 2475 αὐτὸν
3279 2424 3510 2495 (ἔλεγεν
3556 2425 3664 2495 γὰρ
3711 2427 3799 2478 ὅτι

2212 2500 2400 2574 ὥσπερ
2427 2506 2454 2556 6
2480 2505 2666 2576 ψηφᾶς
2693 2509 3357 2581 ποιείὀιρθαλμοπλανίαν,
3388 2514 3558 2576 οὕτως
3582 2518 3676 2567 καὶ
3696 2536 3722 2566 α
3735 2517 3801 2566 ὺ-

2210 2593 2300 2657 τὸς
2319 2597 2623 2667 ὲποίησεν)’
2644 2600 2933 2653 ’Λνάλυσον
2951 2601 2978 2653 6
2993 2605 3273 2674 ἐποίησας,
3293 2605 3448 2659 Σειλέ.
3464 2608 3624 2676 Λέγει
3648 2607 3801 2676 α’ἓτῷ

2213 2688 2440 2749 ἐκεῖνος·
2468 2691 2532 2742 Τί
2573 2693 2843 2762 ἐποίησα;
2881 2695 2937 2748 '0
2963 2697 3017 2748 δέ
3051 2715 3184 2768 φησι
3207 2714 3219 2727 ·
3250 2699 3428 2752 Καλὸν
3466 2695 3610 2752 οἶνον
3661 2702 3794 2768 ἡγο-

2213 2794 2375 2848 ρασα,
2412 2781 2508 2833 καὶ
2536 2783 2735 2853 εὑρέθη
2767 2783 2934 2848 ὀξίδιν
2965 2788 3044 2844 εις
3078 2787 3172 2839 δύο
3217 2787 3400 2858 ὧρας·
3444 2789 3607 2858 Λέγει
3646 2791 3800 2860 αὐτῷ

2210 2871 2374 2924 πάλιν
2396 2887 2410 2900 ⁸
2445 2873 2690 2941 ’Ύπαγε,
2713 2875 2915 2944 ὕπαγε,
2945 2879 3004 2930 οὐ
3037 2880 3208 2950 μέλλῃ
3231 2897 3330 2945 σοι,
3351 2882 3563 2948 ἄνοιξον
3585 2884 3798 2952 ὲιρετῶ;

2212 2965 2566 3036 φουσιὰριον,
2600 2969 2692 3020 καὶ
2723 2970 2994 3040 συμφέρει
3030 2989 3131 3026 σοι.
3517 2968 3522 2976 ’

2282 3055 2378 3119 νζ¹.
2409 3052 2516 3110 1'Ilv
2547 3057 2657 3129 γὰρ
2697 3061 2724 3112 6
2769 3064 2968 3124 σκοπὸς
3012 3067 3106 3115 καὶ
3135 3065 3166 3134 ἡ
3195 3065 3327 3135 εὐχὴ
3363 3065 3457 3117 τοῦ
3502 3067 3749 3137 γέροντος
3770 3108 3786 3130 ,

2213 3148 2297 3201 ἵνα
2318 3151 2582 3222 εὐλογηῦῇ
2609 3155 2636 3204 6
2667 3153 2916 3221 κάματος
2944 3155 3130 3220 αὑτοῦ,
3155 3157 3235 3208 ὅτι
3281 3154 3350 3226 ἦν
3377 3158 3640 3227 ἐλεήμων,
3665 3160 3784 3212 ἀλλ’

524 3252 817 3322 quidquam
849 3249 1015 3304 voluit
1050 3255 1237 3316 aperte
1272 3246 1475 3309 facere,
1519 3245 1613 3299 sed
1659 3247 1842 3300 omnia
1889 3263 1987 3316 per
2026 3251 2104 3301 lu-

2211 3242 2308 3294 οὐκ
2338 3243 2530 3313 ἤθελεν
2563 3246 2857 3314 προφανῶς
2896 3248 3119 3316 ποιῆσαί
3144 3249 3196 3300 τί
3231 3266 3382 3313 ποτε,
3418 3251 3532 3302 ἀλλ’
3559 3253 3652 3304 δὶα
3699 3252 3794 3306 διὰ

525 3345 676 3398 dum.
700 3342 1071 3410 Compuuetus
1101 3340 1283 3408 itaque
1321 3335 1706 3402 burdouarius,
1733 3337 1868 3392 dixit
1893 3357 1905 3392 :
1929 3338 2105 3392 Bene-

514 3435 702 3490 dictus
740 3434 914 3497 Deus;
944 3430 1295 3502 phuscarium
1329 3429 1591 3499 aperiam.
1617 3429 1736 3494 Quo
1764 3441 1972 3500 aperto.
2009 3431 2107 3484 be-

525 3527 733 3582 nedixit
760 3527 860 3596 ipsi
896 3527 1058 3580 Deus.
1091 3529 1159 3578 At
1185 3540 1282 3594 pro
1317 3525 1516 3594 quibus
1540 3525 1704 3578 rebus
1744 3525 1832 3578 ille
1872 3525 2108 3579 debebat

527 3622 655 3677 Salo
690 3621 885 3692 gratias
920 3633 1101 3689 agere,
1138 3618 1320 3688 potius
1364 3618 1700 3682 succensuit,
1747 3634 1858 3672 non
1902 3618 2107 3671 intelli-

525 3729 678 3785 gens,
716 3727 878 3782 quam
921 3711 1062 3765 bene
1109 3710 1176 3764 de
1221 3724 1280 3763 se
1327 3719 1478 3776 esset
1529 3709 1780 3764 meritus.
1841 3708 1947 3764 Sed
2002 3710 2106 3763 huc

519 3817 698 3862 totum
734 3805 914 3868 (iebat,
963 3813 1024 3859 ut
1077 3803 1220 3858 Deus
1262 3813 1470 3874 tegeret
1517 3818 1744 3873 scopum
1793 3803 2102 3872 Symeonis.

523 3899 829 3970 Aigrutavit
860 3914 968 3952 non
1003 3913 1162 3952 nemo
1206 3911 1236 3951 e
1293 3895 1621 3964 primoribus
1656 3894 1894 3950 civitatis
1926 3894 2106 3963 (acce-

517 3993 654 4046 dere
674 4006 762 4055 eo,
780 4003 832 4044 et
852 3991 905 4043 in
925 3989 1088 4043 domo
1111 3990 1231 4058 ejus
1248 3988 1434 4041 ludere
1455 3996 1820 4041 consueverat
1836 3987 2100 4058 sanctus),

523 4092 580 4139 et
610 4083 754 4137 videt
784 4097 946 4152 aeger,
980 4082 1112 4134 sein
1136 4095 1328 4134 somno
1350 4079 1536 4133 ludere
1560 4079 1690 4133 aleis
1721 4095 1843 4134 cum
1867 4081 2104 4151 quodam

523 4177 802 4244 A‘lthiope.
846 4173 975 4227 Erat
1004 4183 1185 4227 autem
1225 4172 1313 4226 ille
1361 4187 1528 4226 mors.
1577 4171 1880 4226 Festinavit
1920 4173 2105 4241 itaque

526 4266 796 4331 infirmus,
828 4273 881 4318 et
920 4265 1089 4327 venit,
1123 4271 1182 4317 ut
1209 4263 1522 4333 projiceret,
1565 4275 1618 4317 et
1648 4263 1751 4316 nisi
1782 4263 1990 4332 jaceret
2023 4272 2106 4316 ter

524 4373 638 4423 sex,
670 4357 845 4412 victus
883 4364 1020 4411 erat.
1071 4355 1338 4411 Convenit
1389 4356 1540 4410 illum
1588 4355 1640 4408 in
1695 4370 1888 4410 somno
1936 4356 2104 4411 abbas

524 4453 756 4523 Symeon
809 4459 864 4504 et
901 4449 1072 4504 dicit:
1119 4448 1265 4514 Quid
1321 4455 1426 4514 est,
1473 4448 1700 4502 stolide?
1732 4446 1940 4502 lievera
1991 4450 2102 4518 jam

521 4546 740 4599 Maurus
777 4543 880 4598 iste
928 4552 979 4597 te
1024 4542 1227 4596 vincet.
1275 4539 1384 4595 Sed
1431 4540 1500 4594 da
1535 4540 1720 4605 fidem,
1769 4548 1820 4594 te
1872 4543 2103 4610 posthac

523 4655 632 4695 non
659 4638 986 4694 violaturum
1013 4636 1197 4691 uxoris
1235 4644 1338 4690 tuae
1371 4634 1570 4698 cubile,
1613 4643 1668 4689 et
1694 4643 1787 4688 tuo
1825 4634 1946 4688 loco
1982 4651 2106 4704 pro-

519 4733 728 4802 jiciam,
773 4741 828 4786 et
865 4747 976 4784 non
1021 4731 1206 4784 vincet
1249 4738 1322 4782 te.
1362 4727 1656 4797 Postquam
1704 4728 1999 4798 jurassetn,
2048 4739 2106 4782 ut

524 4824 728 4885 retulit,
752 4824 842 4893 qui
867 4824 968 4877 ista
997 4823 1131 4876 vidit
1162 4831 1218 4875 ct
1250 4821 1551 4890 accepisset
1589 4837 1620 4874 a
1656 4835 1742 4873 me
1777 4820 1943 4882 aleas,
1977 4836 2108 4890 pro-

520 4918 671 4990 jecit,
707 4927 763 4971 et
793 4917 1109 4972 ceciderunt
1158 4924 1239 4968 ter
1281 4929 1395 4968 sex.
1444 4911 1775 4983 Experrecto
1812 4912 1995 4981 itaque
2027 4913 2108 4966 in-

524 5012 700 5076 firmo,
746 5010 992 5065 ascendit
1024 5008 1209 5064 statim
1247 5005 1440 5070 Salus,
1493 5015 1549 5060 et
1593 5004 1726 5060 dicit
1771 5005 1846 5058 illi
1891 5024 1906 5061 :
1963 5003 2108 5058 Bene

525 5112 610 5156 ter
637 5119 731 5156 sex
760 5102 940 5172 jecisti
979 5102 1113 5170 (89),
1149 5100 1358 5154 insane.
1405 5098 1601 5160 Crede,
1635 5097 1678 5152 si
1729 5099 2100 5167 juramentum

526 5203 677 5251 tuum
707 5195 895 5260 violes,
925 5194 1150 5249 Maurus
1183 5193 1272 5248 ille
1299 5203 1348 5248 te
1373 5193 1681 5248 sulfocabit.
1711 5192 1779 5247 Et
1815 5202 2098 5262 postquam

2211 3337 2554 3404 παιγνιόἰων.
2589 3339 2879 3410 Κατενυγη
2913 3336 3004 3393 οὖν
3035 3343 3061 3392 6
3095 3341 3539 3414 βουρδουνάριος,
3573 3347 3664 3397 καὶ
3697 3345 3791 3397 λέ-

2209 3445 2328 3498 γει·
2351 3429 2653 3498 Εὐλογητὸς
2674 3430 2701 3481 6
2725 3431 2877 3496 Θεὸς,
2897 3449 3228 3500 φουσκαριον
3255 3434 3455 3501 ἁνοίγω
3475 3451 3488 3464 ·
3524 3436 3612 3486 καὶ
3636 3438 3793 3488 ἀνοί-

2211 3518 2401 3583 ξοιντος
2427 3520 2615 3580 αὑτοῦ,
2645 3522 2946 3592 ηὐλόγησεν
2977 3523 3135 3576 αὑτὸν
3180 3525 3207 3575 6
3241 3525 3372 3587 Θε“ς
3419 3529 3511 3578 καὶ
3551 3527 3690 3597 ὑπὲρ
3713 3523 3793 3581 ὧν

2209 3616 2315 3668 ἔδει
2337 3617 2682 3686 εὐχαριστεῖν
2712 3617 2790 3685 τῷ
2821 3619 2998 3689 Σαλῷ,
3039 3620 3240 3688 μᾶλλον
3287 3620 3383 3672 καὶ
3427 3622 3588 3690 ἐχόλα
3615 3624 3785 3694 αὐτῷ,

2214 3705 2290 3778 μὴ
2333 3706 2471 3759 νοῶν
2513 3707 2572 3758 τὺ
2617 3708 2667 3760 τί
2714 3709 2866 3779 αὕτῴ
2915 3712 3294 3782 προεξένησεν.
3329 3714 3402 3767 Τὸ
3438 3714 3493 3765 δὲ
3550 3716 3663 3766 πᾶν
3695 3715 3791 3766 τοῦ

2212 3800 2539 3868 πράγματος
2577 3792 2643 3867 ἦν
2673 3799 2700 3850 6
2736 3798 2888 3862 Θεὸς,
2920 3799 3141 3852 σκέπων
3167 3800 3260 3852 τὸν
3288 3800 3489 3853 σκοπὸν
3525 3800 3620 3852 τοῦ
3646 3800 3792 3852 ἁ.δὶῖᾶ

2209 3887 2458 3958 Συμεών.
2487 3889 2870 3961 Ἥρῤώστησέν
2907 3893 3035 3944 ποτέ
3073 3909 3153 3954 τις
3181 3893 3290 3944 τῶν
3327 3894 3666 3961 μεγιστάιων
3688 3895 3781 3957 τῆς

2209 3980 2438 4041 πόλεως.
2470 3976 2627 4050 Εἶχεν
2681 3983 2738 4035 δὲ
2787 3982 2904 4046 ἔθος
2939 3986 2966 4035 6
2994 3983 3134 4045 ὅσιος
3163 3983 3482 4054 ἀνέρχεσθαι
3522 3985 3616 4036 καὶ
3654 3984 3788 4036 παὶ-

2208 4072 2321 4138 ζειν
2348 4076 2429 4137 εἰς
2481 4075 2574 4128 τὸν
2622 4069 2771 4128 οἷκον
2801 4075 2990 4140 αὑτοῦ,
3019 4079 3113 4129 καὶ
3141 4077 3215 4139 ὼς
3253 4076 3522 4147 ἐδαρήῡη,
3560 4076 3788 4147 ἐθεώρει

2207 4170 2398 4222 ἑαυτὸν
2429 4171 2569 4223 κατὰ
2599 4171 2726 4233 τοὺς
2760 4169 2965 4234 ὕπνους
2999 4170 3321 4234 ταυλὶξοντα
3348 4172 3484 4240 μετά
3511 4187 3656 4234 τινος
3685 4173 3787 4224 Ai—

2208 4263 2414 4327 θίοπος.
2448 4260 2558 4316 Ἦν
2591 4264 2645 4315 δὲ
2675 4258 2833 4326 οὕτος
2853 4304 2868 4325 ,
2897 4265 2927 4316 6
2956 4263 3207 4326 θάνατος.
3262 4263 3538 4332 Ἔιρῡοισεν
3574 4260 3667 4317 οὖν
3696 4267 3792 4315 καὶ

2204 4353 2388 4428 ἦλθεν»
2418 4357 2572 4429 φησὶ,
2604 4358 2942 4428 καταρρίψαι
2978 4358 3006 4409 6
3034 4357 3294 4419 ἀσθενῶν,
3328 4358 3422 4409 καὶ
3451 4359 3506 4410 ,εἰ
3551 4357 3624 4427 μὴ
3656 4356 3788 4409 ἔϐα-

2206 4452 2297 4504 λεν
2330 4453 2575 4523 τρῐεκτα,
2635 4453 2856 4521 ἡττᾶτο.
2887 4451 3083 4504 Φοὰνει
3141 4447 3232 4504 οὖν
3284 4451 3434 4522 αὖτῷ
3477 4451 3622 4503 κατὰ
3663 4451 3792 4512 τοὺς

2209 4543 2409 4608 ὕπνους
2437 4546 2464 4596 ὁ
2493 4544 2666 4607 ἁ66ᾶς
2695 4542 2939 4614 Συμεῲν,
2966 4545 3058 4597 καὶ
3083 4543 3262 4612 λέγει·
3299 4543 3362 4595 Τί
3392 4546 3560 4605 ἐστιν,
3584 4543 3744 4613 ἕξηχε
3771 4561 3787 4610 ;

2136 4616 2182 4673 θ
2215 4638 2420 4701 Ὄντως
2442 4637 2566 4707 ἄρτι
2596 4639 2723 4707 νικᾷ
2750 4654 2808 4688 σε
2843 4639 2870 4690 6
2890 4636 3115 4707 Μαῦρος
3148 4630 3325 4699 οὗτος.
3384 4636 3547 4688 Ἀλλὰ
3574 4636 3663 4699 66,-
3698 4653 3791 4704 μοι

2209 4731 2366 4799 λόγον
2393 4771 2406 4794 ,
2447 4731 2528 4784 ὅτι
2561 4731 2742 4783 οὐκέτι
2774 4732 3009 4801 μιαίνεις
3043 4731 3140 4800 τὴν
3172 4732 3359 4800 κοίτην
3402 4731 3502 4799 τῆς
3532 4731 3790 4798 γυναικός

2212 4840 2328 4887 σου,
2351 4823 2447 4876 καὶ
2477 4822 2586 4890 ἐγὼ
2616 4824 2970 4894 καταρῤίπτω
2999 4823 3120 4876 ἀντὶ
3154 4821 3272 4887 σοῦ,
3295 4823 3388 4876 καὶ
3423 4823 3520 4892 οὐχ
3549 4824 3684 4892 ὴττᾷ
3704 4839 3788 4875 σε.

2222 4918 2457 4986 ὐμόσας
2486 4913 2600 4979 οὖν,
2620 4919 2782 4986 φησιν
2806 4919 2834 4970 6
2855 4915 3026 4971 ταῦτα
3062 4915 3206 4980 ἰδὼν,
3234 4917 3326 4969 καὶ
3360 4915 3540 4970 λαϐὼν
3571 4915 3629 4981 ἐξ
3657 4913 3791 4983 ἐμοῦ

2207 5008 2279 5060 τὰ
2309 5009 2462 5078 βόλια
2500 5008 2741 5079 ἔρριψεν,
2768 5008 2863 5061 καὶ
2893 5008 3097 5060 ἔπεσαν
3125 5008 3370 5077 τρίεκτα.
3414 5005 3798 5072 Ἐξυπνισθένσ

2207 5119 2297 5164 τος
2326 5098 2418 5156 οὖν
2463 5101 2556 5153 τοῦ
2612 5099 2918 5172 ἀρρώστου,
2971 5099 3201 5170 ἀνῆλθεν
3240 5098 3400 5162 εὐθὺς
3423 5101 3452 5151 6
3475 5099 3664 5159 Σαλὸς,
3697 5098 3794 5150 καὶ

2210 5192 2356 5260 λέγει
2387 5191 2536 5262 αὐτῷ
2560 5208 2575 5222 ο
2607 5191 2764 5245 Καλὰ
2795 5189 3022 5263 τρίεκτα
3063 5190 3271 5255 έὸαλες,
3309 5193 3526 5260 μάταιε.
3563 5191 3792 5242 iliceae-

2069 5367 2302 5424 NOT/E.

593 5487 704 5560 (88)
735 5507 755 5541 ι
802 5486 976 5542 llerba
1000 5494 1082 5560 est
1113 5485 1392 5560 fruticosa,
1424 5484 1738 5560 semipedali
1775 5484 2082 5548 altitudine,

522 5556 667 5616 foliis
703 5559 1038 5628 sampsuchi,
1084 5556 1448 5628 surcultsper
1492 5556 1773 5628 intervalla
1823 5571 2097 5628 purpureo

519 5636 656 5688 llore
683 5624 984 5696 coronatis;
1017 5629 1161 5681 unde
1195 5624 1379 5681 uutltis
1415 5626 1690 5696 pulegium
1721 5627 1899 5696 regale
1928 5624 2097 5678 uomi-

526 5713 704 5758 uatur.
738 5701 976 5754 Alterum
1003 5713 1175 5769 genus
1208 5707 1288 5751 est
1318 5698 1447 5750 flore
1482 5697 1736 5769 candido,
1771 5698 1855 5750 cui
1907 5710 2102 5769 magna

514 5791 645 5828 cum
683 5780 900 5839 nepeta,
947 5767 1025 5820 et'
1058 5768 1278 5839 mentita
1321 5769 1573 5829 societas,
1620 5767 2105 5839 multmniescale-

526 5843 669 5903 lat-it,
714 5836 771 5893 et
818 5848 1096 5891 extenuat.
1134 5837 1189 5889 Si
1245 5853 1273 5888 a
1316 5852 1513 5904 pecore
1559 5846 1828 5905 gustetur,
1865 5836 2104 5889 balatum

527 5913 667 5965 illico
700 5909 897 5963 dicitur
925 5907 1220 5961 concitare.
1267 5906 1474 5959 Idcirco
1514 5907 1664 5973 quasi
1701 5907 1912 5976 βλήχων
1947 5919 2105 5959 voca-

2210 5495 2316 5540 tur.
2355 5485 2629 5557 l’ulcgium
2665 5496 2845 5540 autem
2884 5485 3061 5539 Latini
3093 5485 3388 5554 appellant,
3417 5485 3560 5552 quod
3589 5500 3797 5557 reccrs

2206 5555 2504 5613 incensum
2543 5557 2748 5627 pulices
2803 5565 3016 5609 enecet.
3062 5575 3080 5606 ι
3124 5557 3200 5610 lta
3256 5556 3526 5627 Curianus.
3582 5555 3794 5627 l‘orsmt

2208 5628 2298 5682 hic
2345 5624 2610 5698 pulegium
2639 5628 2858 5696 ponitur
2896 5643 2996 5695 pro
3043 5628 3284 5698 qualibet
3334 5628 3434 5680 alia
3477 5624 3664 5684 herba,
3701 5634 3798 5679 aut

2207 5699 2377 5762 olere,
2405 5699 2543 5751 κατὰ
2573 5698 2919 5766 συνεκδοχήν,

2283 5769 2392 5839 (89)
2427 5769 2633 5825 lnsulse
2664 5765 2862 5838 legitur
2885 5769 3028 5837 apud
3063 5767 3284 5823 Surium
3318 5785 3330 5820 :
3365 5787 3382 5819 ι
3421 5765 3648 5821 Pulchra
3680 5774 3798 5817 tra-

2207 5841 2350 5910 jecta
2379 5839 2656 5908 traiecisti,
2691 5839 2907 5893 s;olide.
2947 5860 2964 5890 ι
