4034 6406
161 503 291 568 1Ἶ41

1439 495 1714 569 νΙΤΑἶΒ.
1754 499 2055 562 SYMEON
2063 501 2158 560 IS.

3279 484 3445 554 1742'-

153 631 264 677 σον,
307 614 404 667 ἐὰν
433 613 688 684 παραὸῇς
719 610 810 666 τὸν
843 609 1007 682 ὅρκον
1033 626 1148 674 σου,
1183 613 1211 664 ὁ
1252 608 1477 678 Μαῦρος
1521 610 1730 673 ἐκεῖνος
1757 631 1772 674 λ

1879 611 1970 666 isis
1999 618 2056 665 et
2076 608 2349 668 omnibus
2377 608 2499 680 ejus
2535 602 2852 662 domesticis
2881 601 3219 666 insultassct,
3251 570 3436 656 cursui.

150 706 334 773 πνίγει
365 721 446 769 σε,
471 704 567 757 καὶ
595 702 825 774 ὑϐρίσας
863 701 1048 768 αὐτὸν,
1084 700 1180 757 καὶ
1216 699 1424 765 πάντας
1465 701 1594 765 τοὺς
1629 697 1724 754 τοῦ

151 798 300 852 οῐκου
334 793 522 862 αὐτοῦ,
553 793 824 864 κατῆλθεν
857 793 1086 864 τρέχων.

1835 714 1897 754 se
1917 697 2045 754 inde
2073 697 2358 770 proripuit.

1610 922 1838 982 CAPUT
1881 919 1973 977 XI.

442 1067 719 1137 Symeonis
741 1067 982 1134 virtutes,
1008 1065 1284 1134 prwdictio
1307 1065 1730 1190 obitus,dfanc:a
1762 1083 1928 1192 magis,
1976 1063 2290 1135 Angeloru-m
2326 1069 2539 1129 cantus,
2595 1057 2888 1129 sepultura,
2955 1069 3142 1124 corpus

1539 1153 1663 1191 tvm:
1696 1153 1757 1192 us
1805 1153 1837 1192 a
1900 1146 2066 1191 atum.

1539 1146 1757 1192 ivim‘tus
1805 1146 2066 1192 ablatum.

235 1255 336 1332 νη’.
369 1247 484 1303 Οὐκ
505 1249 768 1319 ἐκέκτητο
801 1248 858 1302 δέ
881 1239 1038 1313 οὗτος
1076 1250 1105 1304 ὁ
1133 1249 1296 1318 σοφὸς
1331 1248 1553 1321 άληθῶς
1579 1249 1638 1303 ἐν
1659 1248 1738 1319 τῷ

161 1337 404 1409 καλυϐίῳ
433 1338 594 1392 αὐτοῦ
617 1355 688 1392 τι.
719 1333 880 1408 Εἷχεν
909 1341 1020 1410 γὰρ
1045 1336 1291 1408 καλύδην
1334 1337 1421 1392 διὰ
1447 1338 1510 1392 τὸ
1540 1339 1740 1408 κοιμᾶ-

165 1429 289 1486 σθαι
337 1430 520 1494 αὐτὸν,
575 1429 773 1500 μᾶλλον
799 1429 856 1483 δὲ
900 1428 987 1482 διὰ
1019 1429 1081 1483 τὸ
1125 1430 1426 1500 ἀγρυπνεῖν
1451 1428 1614 1483 αὐτὸν
1641 1427 1742 1492 τὰς

163 1523 386 1589 νύκτας,
417 1524 466 1575 εί
492 1521 565 1593 μὴ
595 1521 653 1575 ἓν
683 1520 902 1591 φορτίον
923 1520 1315 1591 κληματιδίων.
1349 1519 1618 1584 Πολλάκις
1650 1515 1744 1575 οὖν

162 1613 264 1683 τὴν
285 1611 455 1668 νύκτα
485 1611 746 1666 διατελῶν
784 1613 889 1676 ἕως
923 1611 1068 1682 πρωῒ
1107 1613 1164 1665 ἐν
1210 1613 1526 1684 προσευχῇ,
1573 1612 1748 1666 καὶτὸ

163 1703 356 1772 ἔδαφος
399 1702 608 1774 βρέχων
645 1704 759 1766 τοῖς
786 1701 1085 1772 δάκρυσιν,
1143 1702 1403 1773 ἐξήρχετο
1449 1700 1558 1756 άπὸ
1581 1701 1749 1773 πρωῒ,

162 1798 257 1850 καὶ
287 1796 515 1851 ἔκοπτεν
543 1797 575 1869 ἢ
598 1797 705 1850 άπὸ
733 1797 939 1861 ἐλαίας,
965 1796 998 1867 ἢ
1032 1795 1141 1850 άπὸ
1164 1794 1427 1866 βοτανῶν,
1459 1795 1553 1848 καὶ
1576 1795 1751 1849 ἐποίει

162 1888 342 1961 ἐαυτῷ
383 1889 681 1958 στέφανον,
739 1889 836 1942 καὶ
890 1889 1099 1959 ἐφόρει,
1159 1889 1253 1942 καὶ
1278 1889 1617 1960 ἐκράτειέπὶ
1647 1889 1750 1958 ’τῆς

163 1981 347 2052 χειρὸς
377 1979 546 2033 αὐτοῦ,
566 1981 662 2033 ἕνα
690 1981 904 2043 κλάδον,
933 1980 1028 2034 καὶ
1050 1980 1277 2049 ἔστησεν
1300 1979 1542 2051 κράζων,
1571 1980 1750 2050 Νίκην

1915 1249 2004 1306 58.
2047 1247 2142 1304 Vir
2181 1248 2274 1304 ille
2307 1260 2436 1303 vere
2465 1243 2688 1315 sapiens
2719 1238 2859 1296 nihil
2901 1237 3198 1308 quidquam
3245 1232 3426 1305 possi-

1845 1342 2010 1399 debat
2044 1343 2100 1398 in
2140 1356 2244 1398 suo
2283 1337 2500 1410 tugurio
2535 1338 2684 1408 (nam
2728 1331 2965 1386 habebat
3001 1327 3297 1398 tugurium,
3333 1322 3426 1378 ubi

1848 1435 2130 1499 dormiret,
2169 1448 2266 1488 seu
2307 1431 2490 1500 potius
2543 1426 2638 1482 ubi
2691 1423 2940 1495 vigilaret
2995 1417 3178 1488 noctu)
3230 1424 3430 1487 praeter

1851 1541 2024 1581 unum
2055 1524 2257 1579 fascem
2292 1529 2715 1577 sarmentorum.
2752 1514 2962 1585 Saepius
3001 1512 3183 1581 itaque
3211 1517 3427 1563 noctem

1855 1619 2166 1690 producens
2195 1617 2248 1670 in
2281 1614 2534 1670 oratione
2569 1625 2746 1680 usque
2790 1608 2857 1662 ad
2898 1606 3100 1668 lucem,
3137 1611 3193 1657 et
3229 1612 3429 1661 terram

1852 1710 2106 1781 lacrymis
2150 1709 2354 1780 rigans,
2401 1703 2782 1776 egrediebatur
2833 1713 3016 1760 mane,
3049 1705 3105 1750 et
3146 1691 3449 1750 scindebat.

1854 1801 1942 1858 vel
1977 1817 2044 1855 ex
2076 1800 2194 1855 olea
2243 1797 2329 1852 vel
2358 1812 2424 1851 ex
2470 1794 2674 1859 herbis,
2719 1784 2956 1846 faciebat
2997 1787 3100 1842 sibi
3151 1798 3441 1850 coronam,

1853 1908 2020 1965 quam
2080 1889 2343 1964 gestabat,
2381 1887 2709 1954 tenebatque
2747 1898 2912 1936 manu
2937 1895 3036 1936 sna
3093 1891 3329 1939 ramum,
3377 1883 3436 1927 et

1855 1985 2034 2050 stabat
2069 1983 2312 2036 clamans
2351 2000 2362 2034 :
2395 1977 2527 2048 Regi
2579 1991 2644 2030 ac
2687 1973 2896 2029 civitati
2936 1970 3190 2026 victoria!
3233 1967 3438 2022 Civita-

169 2073 378 2144 βασιλεϊ
405 2074 499 2127 καὶ
527 2077 594 2145 τῇ
633 2074 808 2128 πόλει.
849 2073 1077 2142 Ἔλεγεν
1107 2073 1187 2136 δέ,
1222 2073 1376 2127 πόλιν
1405 2056 1502 2144 μέν
1521 2072 1620 2143 τὴν
1644 2071 1748 2142 ψυ-

1879 2094 1960 2133 em
1987 2075 2208 2147 quidem
2233 2087 2351 2128 esse
2379 2070 2642 2133 animam,
2682 2081 2864 2136 regem
2891 2079 3022 2118 vero
3055 2061 3319 2116 rationem
3353 2056 3437 2111 di-

166 2169 288 2238 χὴν,
328 2168 552 2239 βασιλέα
578 2169 636 2222 δὲ
673 2167 764 2222 τὸν
790 2168 1172 2240 αὐτοκράτορα
1204 2168 1332 2229 Ϊτῶν
1365 2167 1554 2221 παθῶν
1599 2167 1748 2235 λογι-

169 2260 326 2329 σμόν.
376 2260 486 2312 Καὶ
518 2258 678 2313 τοῦτο
725 2259 782 2312 δὲ
817 2259 1053 2330 ᾐτήσατο
1083 2259 1174 2313 τὸν
1205 2258 1338 2312 Θεδν
1369 2261 1397 2312 ὁ
1447 2258 1622 2328 ἆγιος.
1665 2258 1752 2311 ἵνα

173 2353 250 2422 μὴ
282 2351 493 2425 αὐξήσῃ
516 2353 547 2420 ἡ
574 2351 718 2421 κόμη
774 2352 875 2421 τῆς
893 2351 1136 2421 κεφαλῆς
1162 2349 1351 2431 αὐτοῦ,
1379 2350 1526 2422 ἢτοῦ
1554 2349 1754 2418 πώγω-

172 2461 286 2505 νος,
329 2443 402 2515 μή
442 2461 558 2508 πως
596 2442 684 2496 διὰ
704 2443 799 2496 τοῦ
829 2442 1092 2514 καρῆναι,
1139 2444 1374 2514 φανερὸς
1420 2443 1643 2514 γένηται
1673 2441 1756 2495 ὅτι

175 2535 364 2589 ἑαυτὸν
403 2539 548 2589 ποιεῖ
595 2535 775 2589 σαλόν.
814 2534 904 2588 Διδ
964 2535 1060 2588 καὶ
1094 2534 1270 2588 πάντα
1302 2535 1394 2588 τὸν
1441 2535 1650 2606 χρόνον,
1699 2532 1758 2587 ὃν

174 2626 478 2678 διετέλεσεν
501 2628 558 2680 ἐν
581 2628 648 2696 τῇ
679 2625 906 2700 τοιαύτῃ
928 2625 1193 2697 πολιτείᾳ,
1221 2626 1398 2690 οὐδεὶς
1425 2626 1587 2679 αὐτὸν
1613 2625 1760 2678 ἐθεά-

181 2735 333 2782 σατο,
359 2719 441 2772 ὅτι
475 2718 682 2790 ηὐξήθη
719 2721 750 2786 ἠ
787 2719 932 2787 κόμη
973 2718 1071 2788 τῆς
1114 2718 1356 2787 κεφαλῆς
1397 2718 1594 2782 αὐτοῦ,
1634 2716 1758 2771 οὔτε

177 2811 268 2864 ὅτε
289 2810 542 2879 ἐκείρατο
571 2811 762 2879 αὐτήν.
793 2809 1002 2879 Πολλὴν
1031 2804 1124 2862 οῦν
1150 2810 1244 2862 καὶ
1280 2809 1538 2880 ἐπωφελῆ
1568 2827 1762 2862 συντυ-

182 2905 306 2974 χίαν
349 2902 609 2966 πολλάκις
638 2901 926 2972 συνέτυχεν
981 2901 1060 2972 τῷ
1104 2900 1255 2973 κυρῷ
1294 2902 1521 2976 Ἰωάννῃ
1549 2901 1626 2974 τῷ
1650 2903 1766 2956 διας

185 2997 326 3066 κΰνῳ
365 2995 528 3066 μόνῳ,
563 2995 658 3048 καὶ
695 2994 931 3066 ἠπείλει,
962 2993 1044 3047 ὅτι
1087 2994 1135 3046 εί
1171 2991 1476 3064 φανερώσει
1521 2993 1633 3048 τισὶ
1674 2992 1766 3046 τὸν

185 3089 442 3160 ἐνάρετον
490 3087 692 3142 σκοπὸν
731 3087 920 3153 αὐτοῦ,
979 3087 1198 3157 βασάνῳ
1246 3085 1459 3158 μεγάλῃ
1506 3085 1648 3140 κατά
1676 3084 1768 3139 τδν

191 3177 460 3256 μέλλοντα
487 3178 659 3232 αἰῶνα
691 3176 998 3250 περιπέσει.

260 3269 356 3324 νθ’.
394 3269 620 3339 Ἔλεγεν
657 3269 716 3324 δὲ
745 3269 893 3340 αὐτῷ
919 3270 1008 3323 ὅτε
1043 3269 1260 3324 ἅπαντα
1288 3269 1378 3323 τὸν
1417 3265 1611 3321 ἐαυτοῦ
1655 3265 1770 3338 βίον

189 3360 407 3428 ἐξεῖπεν
430 3361 598 3432 αὐτῷ,
626 3361 772 3414 τοῦτ’
803 3359 950 3414 ἐστιν
983 3361 1091 3432 πρὸ
1123 3361 1217 3415 δύο
1237 3357 1460 3431 ἡμερῶν
1491 3357 1586 3412 τοῦ
1609 3373 1773 3430 μεταο

194 3454 385 3524 στῆναι
417 3453 578 3506 αὐτὸν
601 3455 664 3506 ἐκ
701 3451 794 3506 τοῦ
829 3450 966 3522 βίου,
993 3453 1073 3506 ὅτι
1091 3453 1342 3524 Σήμερον
1363 3449 1603 3520 ἀπῆλθον
1634 3447 1772 3520 πρὸς

189 3545 284 3597 τὸν
321 3541 550 3613 ἀδελφὺν
597 3541 873 3611 Ἰωάννην,
901 3543 994 3596 καὶ
1019 3535 1178 3614 εῦρον
1212 3541 1376 3596 αὐτὸν
1405 3539 1492 3593 διά
1515 3536 1608 3591 τοῦ
1635 3536 1772 3590 Θεοῦ

196 3635 551 3710 προκόψαντα
581 3633 852 3706 μεγάλως,
879 3634 972 3688 καὶ
995 3635 1221 3705 ἐχάρην.
1265 3629 1422 3686 Εἶδον
1471 3630 1581 3702 γάρ
1611 3629 1775 3684 αὐτὸν

199 3729 468 3800 φοροῦντα
491 3728 583 3782 τὸν
614 3728 874 3796 στέφανον
902 3724 1064 3778 αὐτοῦ
1086 3765 1100 3788 ,
1137 3724 1232 3778 καὶ
1265 3722 1771 3793 ἐπιγεγραμμένον’

198 3819 470 3887 Στέφανος
499 3817 777 3888 ὑπομονῆς
836 3815 933 3886 τῆς
967 3815 1196 3886 ἐρήμου.
1242 3813 1354 3868 Καὶ
1394 3812 1557 3866 πάλιν
1611 3812 1778 3882 φησιν

201 3912 448 3975 ἐκεῖνοςὸ
477 3906 867 3977 εὐλογημένος·
911 3900 1088 3983 Εἶδον,
1125 3902 1314 3973 φησὶν,
1335 3901 1411 3964 ὼς
1444 3896 1626 3971 ἦλθες,
1661 3899 1780 3952 τινά

201 4001 432 4070 λέγοντά
472 4013 596 4070 μοι’
639 3997 808 4058 Ἐλθέ,
844 3995 984 4060 ἐλθὲ,
1027 3994 1180 4058 Σαλέ,
1206 3993 1292 4046 ἵνα
1318 3991 1518 4065 κομίσῃ
1550 3990 1649 4058 οὐχ
1686 3989 1783 4042 Eva.

205 4095 491 4162 στέφανον,
527 4089 661 4144 ἀλλά
689 4089 811 4152 τοὺς
837 4087 1154 4156 στεφάνους,
1179 4079 1253 4139 ὧν
1283 4082 1667 4156 προσήνεγκάς
1693 4098 1782 4152 μοι

205 4186 416 4257 coxit”.
450 4185 599 4254 Ἔχω
625 4181 704 4247 δὲ,
755 4180 883 4250 κῦρι
924 4178 1290 4250 ἁρχιδιάκονε,
1323 4177 1406 4230 ὅτι
1457 4175 1609 4228 οὐδὲν
1646 4168 1784 4226 εἶδεν

176 4351 178 4355 _
206 4281 286 4337 ei;
324 4277 424 4348 ἐμέ
447 4295 498 4330 τι
523 4274 783 4337 τοιοῦτον,
817 4272 955 4326 ἀλλὰ
983 4268 1423 4342 προσεχαρίσατό
1470 4285 1582 4339 μοι.
1617 4265 1785 4346 Σαλὺς

209 4372 320 4442 γάρ
349 4343 441 4424 καὶ
476 4366 666 4438 ἐξηχος
700 4365 983 4436 ἄνθρωπος
1017 4365 1166 4418 ποῖον
1208 4360 1398 4433 μισθὸν
1421 4359 1530 4429 ἔχω
1550 4343 1785 4429 κομίσα-

216 4463 340 4525 σθαι
366 4477 380 4526 ;
419 4459 586 4512 Πάλιν
608 4457 814 4519 ἐκεῖνος
838 4471 852 4486 ·
885 4452 1128 4506 Δυσωπῶ
1164 4468 1245 4516 σε,
1269 4450 1361 4504 ἵνα
1379 4451 1559 4503 πᾶσαν
1586 4446 1787 4518 ψυχὴν,

218 4553 456 4624 μάλιστα
483 4550 540 4602 δὲ
582 4548 815 4619 μοναχὸν
851 4545 884 4617 ἢ
919 4545 1154 4616 πτωχὸν,
1188 4541 1458 4616 μηδέποτε
1498 4538 1786 4605 ἐξουδενώ-

218 4662 340 4715 σῃς,
364 4644 439 4707 ὡς
487 4641 695 4712 ἔτυχεν.
729 4635 880 4692 υἷδεν
931 4636 1039 4708 γὰρ
1077 4639 1111 4706 ἠ
1149 4635 1362 4704 ἀγάπη,
1401 4634 1484 4687 ὅτι
1522 4633 1660 4686 εἰσιν
1710 4631 1792 4696 εἰς

215 4739 342 4799 τοὺς
369 4734 635 4803 πτωχοὺς,
666 4730 899 4802 μάλιστα
926 4728 982 4782 δὲ
1016 4730 1094 4792 εἰς
1126 4727 1253 4788 τοὺς
1277 4725 1531 4794 τυφλοὺς,
1565 4722 1788 4794 έάνθρω-

219 4846 332 4892 ποι,
361 4827 434 4891 ὡς
457 4829 484 4879 ὁ
509 4825 657 4897 ἥλιος
687 4823 950 4894 καθάρσει
986 4816 1353 4890 καθαρθέντες
1396 4815 1483 4868 διὰ
1523 4815 1620 4886 τῆς
1659 4815 1794 4866 ὐπο-

223 4919 416 4992 μονῆς,
447 4916 664 4988 καὶτῆς
691 4913 1063 4976 κακοπαθείας
1110 4908 1310 4966 αὐτῶν.
1357 4907 1564 4968 Πόσους
1601 4908 1798 4975 ἐπιχω-

225 5012 374 5082 ρίους
401 5009 680 5080 γεωργοὺς
707 5007 813 5061 [δον
846 5008 902 5059 ἐν
932 5007 999 5076 τῇ
1022 5003 1174 5056 πόλει
1199 5000 1454 5062 πολλάκις
1485 4998 1800 5068 εἰσερχομέ-

223 5121 350 5166 νους
381 5100 734 5171 κοινωνῆσαι,
767 5098 860 5153 καὶ
898 5097 1056 5158 ὄντας
1087 5079 1506 5165 καθαρωτέρους
1534 5088 1627 5143 τοῦ
1660 5106 1800 5159 χρυ-

225 5193 367 5257 σίου,
398 5191 487 5244 διά
537 5189 600 5242 τὸ
650 5189 856 5242 ἄκακον
896 5184 1078 5240 αὐτῶν
1105 5183 1197 5237 καὶ
1217 5180 1567 5251 ἀπερίεργον,
1593 5183 1686 5232 καὶ
1713 5177 1804 5232 διὰ

222 5283 286 5337 τὸ
313 5283 372 5334 ἐν
402 5277 711 5352 ἱδρῶτιτοῦ
739 5276 1031 5352 προσώπου
1067 5272 1246 5336 αὐτῶν
1265 5269 1469 5324 ἐσθίειν
1496 5270 1585 5324 τὸν
1607 5271 1806 5324 οἰκεῖον

226 5375 411 5446 άρτονί

305 5467 368 5533 ξ’.
413 5465 572 5521 ’Λλλὰ
603 5461 774 5534 μηδέν
809 5477 877 5532 με
907 5461 999 5513 ἐπὶ
1036 5461 1151 5522 τοῖς
1177 5457 1490 5528 λεγομένοις
1535 5454 1672 5525 πρὸς
1727 5455 1809 5518 σὲ,

231 5560 492 5618 δέσποτα,
519 5553 831 5626 ἐπιμέμψῃ,
856 5551 947 5605 διὰ
968 5551 1169 5619 τδὸλην
1187 5548 1450 5618 ἀμέλειαν
1473 5543 1568 5597 τοῦ
1591 5543 1811 5616 οἰκτροῦ

236 5669 340 5723 μου
374 5648 488 5720 βίου
520 5647 754 5713 ἐξειπεῖν
778 5661 880 5696 σοι.
909 5641 1151 5694 Γίνωτκε
1189 5639 1245 5691 δέ
1277 5638 1359 5691 ὅτι
1408 5637 1502 5689 καὶ
1533 5634 1595 5688 σὲ
1635 5636 1665 5688 ὁ
1697 5634 1811 5688 Κύ-

241 5761 357 5814 ριος
379 5743 468 5796 διά
498 5725 694 5812 τάχους
716 5732 1216 5808 προσλαμϐάνεται.
1247 5728 1388 5782 Ἃλλ¹
1422 5730 1524 5799 ὅση
1558 5745 1637 5781 σοι
1663 5728 1814 5800 ίσχύς

1852 2171 2069 2231 ctitans,
2095 2182 2214 2237 quae
2237 2162 2420 2234 pravis
2447 2159 2617 2214 animi
2647 2156 3030 2212 affectionibus
3063 2151 3437 2206 dominantur.

1855 2258 2090 2314 Petierat
2133 2265 2315 2310 autem
2359 2260 2585 2308 sanctus
2621 2265 2652 2304 a
2683 2248 2816 2314 Deo,
2868 2254 2928 2300 ut
2973 2259 3083 2298 non
3129 2243 3444 2297 crescerent

1857 2351 2038 2406 crines
2074 2347 2268 2419 capitis
2299 2345 2405 2409 sui,
2437 2352 2530 2398 aut
2562 2341 2764 2405 barba;
2814 2355 2884 2394 ne
2919 2338 3049 2392 dum
3094 2334 3440 2391 tonderetur.

1859 2442 2230 2496 innotesceret
2282 2453 2405 2492 cum
2434 2450 2492 2490 se
2528 2433 2753 2489 stultum
2790 2430 3069 2487 simulare.
3113 2426 3317 2481 Idcirco
3346 2439 3442 2492 per

1859 2542 2031 2590 totum
2065 2542 2299 2602 tempus,
2329 2528 2472 2599 quod
2513 2525 2692 2597 exegit
2726 2525 2778 2579 in
2822 2519 3134 2593 huiusmodi
3173 2518 3298 2571 vita:
3354 2515 3442 2569 in-

1861 2626 2075 2687 stituto,
2117 2637 2278 2679 nemo
2299 2620 2432 2675 vidit
2455 2631 2705 2673 crescere
2731 2628 2918 2670 comas
2944 2608 3140 2680 capitis
3165 2608 3311 2673 ejus,
3341 2619 3444 2658 nec

1862 2720 1931 2774 ab
1961 2734 2026 2774 eo
2057 2715 2291 2772 tonderi.
2334 2710 2628 2783 Frequenti
2667 2707 2870 2781 pariter
2914 2712 3076 2774 atque
3120 2699 3236 2754 utili
3278 2696 3446 2753 solius

1864 2810 2073 2869 domini
2113 2809 2341 2864 Joannis
2375 2802 2589 2860 diaconi
2635 2796 3036 2856 consuetudine
3081 2792 3356 2856 utebatur,
3392 2796 3447 2844 et

1864 2900 2195 2962 minabatur,
2224 2894 2389 2967 quod,
2435 2893 2479 2947 si
2528 2888 2688 2945 alicui
2720 2885 3092 2941 manifestaret
3128 2895 3288 2934 suum
3339 2874 3447 2929 vir-

1869 3000 1986 3048 tute
2037 2995 2382 3061 przestantem
2423 2997 2672 3053 scopum,
2717 2978 2773 3032 in
2822 2987 3081 3046 magnum
3147 2967 3447 3024 cruciatum

1869 3083 2136 3151 incideret
2165 3080 2220 3136 in
2247 3079 2431 3134 futuro
2459 3073 2679 3130 sreculo.

1944 3263 2032 3319 59.
2074 3259 2418 3315 Dixitautem
2449 3256 2546 3318 illi,
2583 3253 2711 3311 dum
2756 3251 2898 3306 viam
2944 3248 2996 3304 ei
3029 3257 3248 3301 omnem
3287 3254 3455 3309 expo-

1877 3355 2006 3420 suit,
2033 3353 2088 3408 id
2115 3361 2196 3408 est
2231 3351 2397 3406 biduo
2445 3356 2737 3416 antequam
2770 3359 2800 3398 e
2830 3341 2939 3397 vita
2980 3335 3267 3394 excederet.
3301 3351 3314 3386 :
3344 3330 3456 3384 llo-

1879 3447 1968 3502 die
2010 3444 2154 3500 adivi
2201 3444 2419 3504 fratrem
2456 3439 2746 3503 Joannem,
2781 3443 2838 3490 et
2864 3429 3051 3487 inveni
3095 3429 3273 3500 ipsum
3303 3423 3458 3477 valde

1881 3553 1980 3609 per
2021 3537 2192 3590 Deum
2238 3531 2555 3605 proiecisse,
2604 3537 2661 3584 et
2707 3525 2925 3598 gavisus
2967 3537 3110 3577 sum.
3145 3517 3263 3573 Vidi
3311 3515 3456 3570 enim

1883 3639 2000 3683 tum
2029 3637 2240 3698 gestare
2283 3636 2542 3678 coronam
2583 3633 2760 3684 suam,
2795 3614 2882 3670 cui
2927 3620 3046 3667 erat
3085 3608 3408 3678 inscriptum
3443 3623 3456 3657 :

1884 3719 2098 3773 Corona
2136 3713 2438 3771 tolerantiae
2472 3712 2527 3766 in
2576 3707 2888 3766 solitudine.
2922 3705 3001 3757 Ae
3029 3714 3246 3755 rursum
3292 3698 3461 3752 benc-

1885 3807 2067 3863 dictus
2090 3806 2179 3862 ille
2207 3804 2290 3861 vir
2327 3823 2342 3860 :
2375 3802 2520 3868 Vidi,
2548 3799 2746 3870 inquit,
2775 3798 3034 3867 aliquem,
3067 3792 3182 3870 qui,
3207 3791 3336 3846 dum
3368 3787 3464 3844 ad-

1887 3903 2106 3981 venisti,
2132 3903 2265 3957 mihi
2297 3901 2504 3956 diceret
2543 3915 2556 3951 :
2594 3896 2750 3961 Veni,
2783 3893 2904 3949 veni
2938 3892 3082 3953 Sale,
3128 3900 3187 3944 ut
3233 3885 3466 3957 accipias

1889 4007 1999 4046 non
2033 4006 2294 4046 coronam
2326 4007 2511 4054 unam,
2559 3988 2654 4043 sed
2705 4000 2938 4041 coronas
2973 3983 3300 4044 animarum,
3332 3992 3480 4047 quas

1890 4082 2025 4138 mihi
2066 4081 2330 4136 obtulisti.
2363 4080 2690 4134 Persuasum
2736 4093 2865 4133 vero
2894 4075 3090 4137 habeo,
3134 4071 3353 4130 domine
3382 4085 3500 4122 ar-V

1892 4175 2234 4239 ehidiacone,
2261 4187 2386 4226 cum
2417 4171 2553 4224 nihil
2581 4170 2686 4224 tale
2715 4169 2768 4222 in
2797 4183 2884 4222 me
2918 4167 3138 4228 vidisse,
3183 4164 3276 4219 sed
3307 4162 3473 4234 grati-

1895 4268 2041 4324 ﬁcari
2078 4265 2213 4330 mihi
2249 4263 2506 4319 voluisse.
2546 4261 2806 4327 Quaenam
2849 4257 2996 4312 enim
3031 4272 3242 4312 merces
3287 4263 3476 4308 manet

1897 4359 2173 4416 hominem
2201 4356 2413 4412 fatuum
2437 4361 2492 4410 et
2520 4361 2712 4408 emotae
2747 4350 2989 4404 mentis?
3021 4347 3283 4418 Pergebat
3346 4345 3434 4400 ille
3460 4366 3472 4399 :

1896 4453 2136 4510 Obsecro
2161 4461 2234 4518 te,
2270 4465 2341 4505 ne
2382 4449 2487 4503 ulla
2519 4447 2722 4508 anima,
2765 4443 3002 4498 maxime
3056 4449 3238 4495 autem
3285 4452 3476 4491 mona-

1897 4543 2035 4599 chus
2063 4543 2147 4598 vel
2180 4555 2410 4612 pauper,
2449 4553 2691 4608 unquam
2745 4535 2841 4590 tibi
2884 4533 3131 4595 vilescat,
3167 4527 3331 4600 prout
3363 4526 3475 4596 (90)

1899 4637 2142 4708 contigit.
2171 4635 2331 4691 Novit
2366 4633 2513 4690 enim
2542 4631 2781 4688 Charitas
2810 4627 2954 4699 quod
2987 4627 3129 4680 inter
3178 4636 3502 4694 pauperes,~

1901 4746 1965 4784 ac
1991 4730 2291 4800 praesertim
2315 4727 2456 4781 inter
2484 4739 2679 4786 caecos,
2705 4721 3057 4777 inveniantur
3082 4715 3352 4778 homines,
3387 4712 3480 4782 qui

1904 4824 2076 4879 instar
2107 4823 2255 4888 solis,
2289 4821 2610 4892 purgatione
2637 4815 2848 4887 purgati
2881 4821 3010 4868 sunt
3038 4827 3135 4881 per
3167 4805 3481 4879 patientiam

1905 4926 1961 4972 et
2012 4930 2305 4970 aerummas
2347 4927 2493 4967 suas.
2553 4909 2697 4975 Quot
2750 4905 2983 4962 rusticos
3031 4901 3293 4974 agricolas
3339 4911 3484 4966 saape

1907 5006 2018 5061 vidi
2051 5005 2422 5078 ingredientes
2451 5002 2754 5063 civitatem,
2792 5007 2851 5054 ut
2887 4992 3140 5071 [ibidem]
3177 4988 3492 5046 communi-

1908 5106 2117 5163 carent,
2150 5097 2241 5167 qui
2273 5095 2522 5167 puriores
2562 5101 2719 5147 erant
2755 5106 2912 5156 auro,
2967 5087 3095 5159 quia
3141 5085 3376 5141 innocue
3406 5083 3488 5136 vi-

1909 5191 2132 5255 vebant,
2173 5187 2377 5258 etquia
2412 5199 2797 5256 panemsuum
2841 5181 2895 5240 in
2933 5180 3135 5238 sudore
3176 5177 3367 5231 vultus
3401 5173 3488 5229 sui

1911 5279 2293 5336 comedebant.

1987 5456 2075 5511 60.
2118 5454 2228 5510 Sed
2270 5469 2340 5510 ne
2379 5461 2604 5526 prapter
2634 5467 2718 5517 ea,
2748 5464 2869 5520 quae
2908 5447 3053 5517 apud
3085 5454 3139 5500 te
3167 5442 3313 5499 dicta
3343 5449 3493 5502 sunt,

1916 5549 2166 5611 Domine,
2197 5564 2287 5603 me
2315 5545 2714 5618 reprehendas;
2759 5528 2962 5598 etenim
3015 5535 3245 5609 exposui
3275 5546 3519 5588 omnem.

1918 5637 2248 5694 miserabilis
2284 5637 2410 5692 vitae
2438 5650 2576 5692 mete
2620 5631 3035 5706 negligentiam.
3077 5627 3364 5700 Cognosce
3405 5637 3499 5677 au-

1919 5739 2048 5798 tem,
2081 5729 2226 5801 quod
2265 5727 2532 5785 Dominus
2577 5736 2630 5784 te
2659 5740 2876 5797 quoque
2913 5723 3084 5785 brevi,
3113 5725 3500 5792 assumpturus

1746 5832 1980 5934 nom.

313 5952 425 6023 (90)
459 5951 546 6009 Uti
576 5959 850 6007 narratum
885 5945 1130 6004 invenies
1161 5941 1337 6013 capite
1374 5940 1420 5994 7.
