4034 6322
621 431 760 512 1743

1632 447 1941 508 LEONTII
1971 452 2449 513 NEAPOLITAN
2456 455 2483 513 Ι
2515 456 2854 518 EPISCOPI

3756 459 3888 522 1744

616 557 706 604 stt.
739 543 867 612 Sed,
897 560 1162 620 quantum
1192 556 1340 611 vales
1381 574 1447 614 ac-
1483 568 1658 628 potes,
1688 577 1879 615 curam
1921 576 2048 630 gere
2083 561 2190 616 ani-

2310 567 2406 619 καὶ
2431 567 2686 638 δύναμις,
2721 570 3007 640 φρόντισον
3035 568 3138 638 τῆς
3169 569 3383 632 οἰκείας
3418 563 3521 623 ’σου
3563 570 3768 640 ψυχῆς,
3803 572 3890 622 ἵνα

615 659 718 698 nne
741 653 867 710 tute,
902 655 961 700 ut
991 662 1086 716 per
1116 649 1395 719 principes
1438 653 1790 709 tenebrarum
1843 655 2008 725 hujus
2036 658 2201 722 aeris,

615 737 846 805 periculi
869 753 1068 807 expers
1103 743 1339 797 transire
1366 745 1565 812 possis.
1598 746 1715 800 Scit
1755 749 1904 802 enim
1935 749 2204 805 Dominus

614 845 808 896 magna
837 847 924 885 me
951 833 1318 889 sollicitudine
1349 847 1405 891 et
1451 839 1647 892 timore
1683 841 1846 906 allici,
1893 843 2069 898 donec
2113 860 2203 898 se-

616 937 783 974 curus
825 924 893 976 ab
956 924 1088 994 ipsis
1150 929 1516 995 requiescam.
1579 932 1702 985 ΙΙωο
1755 935 1899 987 enim
1951 944 2036 989 est
2087 936 2202 991 dies

619 1015 778 1080 mala,
825 1017 894 1070 de
927 1034 1034 1087 qua
1069 1019 1427 1089 Apostolus"
1467 1033 1521 1078 et
1555 1025 1720 1080 David
1747 1027 1793 1058 “
1834 1028 2002 1083 locuti
2050 1039 2199 1084 sunt.

615 1103 742 1160 Ideo
769 1123 897 1178 rogo
926 1116 1000 1177 te,
1039 1111 1114 1165 fili
1155 1130 1218 1169 ac
1269 1115 1435 1170 frater
1482 1117 1738 1187 Joannes,
1792 1133 1993 1191 quanta
2044 1135 2202 1193 potes

613 1200 990 1265 contentione,
1035 1205 1470 1264 misericordiam
1503 1226 1733 1280 exerce;
1779 1214 1896 1268 haec
1942 1231 2042 1269 nos
2073 1224 2203 1270 tunc

609 1288 810 1356 juverit
853 1291 976 1360 plus
1031 1310 1194 1363 quam
1256 1313 1450 1353 omnes
1494 1301 1745 1357 virtutes.
1807 1303 1948 1358 Dicit
2002 1306 2198 1360 enim:

620 1400 637 1428 ι
677 1379 874 1435 Beatus
894 1385 986 1452 qui
1020 1385 1276 1458 intelligit
1316 1405 1481 1462 super
1508 1408 1739 1463 egenum
1775 1404 1830 1450 et
1864 1412 2196 1466 pauperem;

615 1468 668 1522 in
693 1470 781 1524 die
801 1473 940 1526 mala
970 1474 1221 1533 liberabit
1251 1494 1373 1534 eum
1401 1479 1761 1551 Dominus“;
1788 1504 1807 1536 ›
1837 1497 1891 1541 et
1918 1504 2199 1558 nunquam

613 1560 836 1618 assistas
863 1567 1041 1633 altari,
1078 1569 1284 1626 habens
1313 1573 1514 1642 aliquid
1534 1576 1821 1632 adversum
1849 1581 2106 1650 aliquem,
2130 1599 2200 1637 ne

614 1653 752 1710 forte
782 1655 1037 1726 iniquitas
1067 1669 1157 1716 tua
1197 1663 1334 1719 alios
1367 1668 1534 1721 etiam
1576 1669 1830 1741 indignos
1872 1674 2064 1729 reddat
2099 1675 2198 1729 ad-

612 1753 779 1800 ventu
807 1748 1043 1818 Spiritus
1074 1755 1274 1809 sancti.

2304 663 2655 732 ἀχειμάστως
2706 664 2832 725 τοὺς
2887 665 3337 736 κοσμοκράτορας
3382 663 3478 716 τοῦ
3531 666 3760 726 σκότους
3793 665 3889 717 τοῦ

2304 756 2466 826 ἀέρος
2489 756 2678 808 τούτου
2701 756 3030 827 διαπερᾶσαι
3051 756 3302 828 δυνηθῇς.
3330 752 3484 809 Οἶδεν
3503 757 3612 828 γὰρ
3637 761 3666 811 ὀ
3688 758 3890 828 Κύριος

2302 851 2384 902 ὅτι
2412 851 2616 921 πολλὴν
2649 850 2920 922 μέριμναν
2959 853 3055 905 καὶ
3083 853 3244 921 φόϐον
3291 852 3399 923 ἔχω
3421 893 3436 917 ,
3476 851 3582 914 ἓως
3607 847 3668 906 οὗ
3695 854 3894 922 ἀμερι-

2308 943 2497 1013 μνήσω
2527 941 2588 1008 ἐξ
2617 944 2816 998 αὐτῶν.
2846 944 2994 1014 Αὕτη
3027 944 3134 1014 γάρ
3174 946 3290 996 ἐστι
3339 945 3526 1014 ἡμέρα
3565 946 3600 1013 ἡ
3650 944 3888 1012 πονηρὰ,

2303 1037 2434 1106 περὶ
2455 1033 2522 1106 ἦς
2555 1038 2584 1090 ὀ
2614 1037 2962 1100 Ἀπὸστολος,
2992 1037 3085 1090 καὶ
3111 1039 3138 1090 ὁ
3167 1036 3330 1088 Δαυτδ
3374 1033 3548 1089 εἶπεν.
3588 1037 3682 1089 Διὸ
3714 1055 3893 1104 παρα-

2303 1128 2453 1182 καλῶ
2489 1147 2569 1194 σε,
2609 1131 2796 1182 τέκνον
2828 1132 2918 1182 καὶ
2953 1130 3149 1198 ἀδελφὲ
3179 1131 3424 1202 Ἰωάννη,
3464 1130 3613 1200 πασῃ
3665 1147 3758 1182 σου
3795 1129 3888 1181 δυ-

2302 1222 2484 1290 νάμει,
2518 1223 2565 1273 εἰ
2591 1220 2738 1274 ἔστιν
2770 1221 2981 1283 δεκτὸν,
3033 1222 3207 1286 ἐλέει,
3248 1225 3342 1275 καὶ
3375 1224 3474 1285 τὰς
3532 1223 3675 1291 ὑπὲρ
3706 1222 3892 1282 πάσας

2302 1311 2501 1380 ἀρετὰς
2549 1310 2716 1381 βοηθῇ
2764 1312 2898 1380 ἡμῖν
2934 1311 3077 1363 τότε.
3117 1309 3283 1380 Φησὶν
3311 1309 3440 1379 γὰρ,
3479 1328 3497 1358 ι
3546 1309 3892 1376 Μακάριοςό

2305 1401 2500 1453 συνιὼν
2554 1401 2648 1453 ἐπὶ
2709 1401 2924 1471 πτωχὸν
2970 1402 3063 1455 καὶ
3097 1402 3326 1472 πένητα,
3360 1403 3418 1453 ὲν
3451 1401 3636 1471 ἡμέρᾳ
3676 1400 3894 1468 πονηρᾷ.

2303 1492 2705 1562 ρύσεταιαύτὸν
2729 1493 2757 1544 ὁ
2787 1492 3011 1561 Κύριος·
3037 1511 3055 1543 ι
3080 1493 3170 1545 καλ⁵
3195 1492 3461 1562 μηδέποτε
3494 1491 3572 1561 τῷ
3619 1491 3764 1560 ἁγίῳ
3802 1490 3893 1542 Θυ-

2303 1585 2602 1657 σιοιστηρίῳ
2638 1589 2920 1656 παραστῇ,
2951 1586 3090 1655 ἔχων
3131 1586 3274 1638 κατά
3299 1602 3462 1647 τινος,
3507 1585 3581 1653 μή
3610 1601 3729 1646 πως
3755 1583 3790 1652 ή
3827 1591 3891 1652 σὴ

2300 1674 2500 1744 ἀνομία
2556 1673 2807 1738 ἀναξίους
2859 1680 3062 1746 ποιήσῃ
3097 1676 3192 1728 καὶ
3240 1673 3434 1736 ἄλλους
3464 1673 3565 1742 τῆς
3592 1673 3886 1740 ὲπιφοιτήο

2302 1783 2440 1828 σεως
2487 1765 2582 1818 τοῦ
2617 1767 2773 1836 ἀγίου
2800 1767 3118 1837 Πνεύματος

681 1858 771 1914 61.
816 1861 941 1918 llaec
971 1873 1027 1918 et
1079 1866 1236 1935 plura
1280 1870 1382 1923 alia
1431 1873 1757 1939 enuntiavit,
1797 1884 1850 1930 et
1889 1879 2190 1946 prohibuit,

2373 1880 2472 1947 ξα’.
2512 1881 2696 1935 Ταῦτα
2734 1882 2828 1935 καὶ
2855 1881 2988 1934 ἄλλα
3011 1882 3066 1934 δὲ
3095 1881 3324 1935 πλεῖστα
3367 1879 3740 1952 παρήγγειλεν
3785 1882 3884 1943 αὖ·

611 1966 681 2004 ne
713 1952 892 2022 aliqua
925 1971 992 2010 ex
1021 1957 1089 2012 iis
1135 1975 1374 2030 unquam
1400 1966 1911 2035 cuiquamﬁdiceret,
1942 1983 2195 2041 propter—

609 2057 676 2095 ca
723 2045 868 2111 quod
914 2062 1024 2100 non
1069 2062 1259 2104 omnes
1309 2054 1582 2123 accipiant
1621 2073 1744 2112 cum
1795 2059 1901 2114 ﬁde
1949 2061 2038 2115 illa
2075 2079 2196 2131 qua:

609 2133 888 2190 dicuntur.
939 2138 1054 2193 Hoc
1103 2141 1197 2196 tibi
1239 2143 1311 2198 sit
1357 2146 1571 2213 solatio,
1641 2152 1784 2229 quod
1833 2163 1959 2222 post
2028 2155 2195 2210 hosce

611 2236 721 2279 tres
756 2227 872 2282 dies
907 2230 1168 2287 Dominus
1189 2247 1572 2309 assumpturus
1609 2244 1680 2296 sit
1723 2227 2012 2299 minimum
2046 2248 2196 2303 hunc

609 2319 814 2387 Snlum,
842 2329 895 2376 et
923 2323 1206 2381 dominum
1233 2327 1530 2395 Joannem,
1561 2333 1783 2389 fratrem
1807 2336 1945 2407 ejus.
1975 2337 2192 2394 Etenim

608 2429 708 2481 ego
739 2414 852 2483 ipse
875 2416 1183 2485 discedens,
1205 2422 1312 2476 dixi
1345 2425 1392 2478 ei
1418 2442 1431 2478 :
1451 2426 1745 2493 Adesdum,
1769 2428 1958 2496 frater,
1978 2448 2190 2489 eamus.

609 2500 848 2572 Tempus
878 2507 1180 2564 etiamnum
1208 2524 1492 2582 superest;
1535 2518 1628 2571 sed
1667 2528 1787 2588 post
1815 2521 2039 2576 biduum
2066 2529 2191 2579 veni

607 2592 673 2643 ad
719 2593 990 2661 tugurium
1024 2613 1228 2663 meum,
1273 2612 1329 2655 et
1369 2603 1488 2658 vide
1517 2621 1583 2658 an
1624 2607 1830 2676 aliquid
1868 2609 2192 2667 inventurus

609 2682 704 2734 sis.
735 2683 868 2736 Volo
891 2697 1072 2741 autem
1105 2700 1165 2742 ut
1199 2689 1402 2748 habeas
1439 2711 1834 2768 mnemosynon
1865 2702 2088 2759 humilis
2137 2712 2193 2758 ct

608 2773 909 2837 peccatoris
939 2773 1068 2830 Sali.
1094 2775 1221 2834 Haec
1253 2788 1308 2835 et
1327 2782 1483 2851 plura
1525 2784 1627 2855 ipsi
1659 2787 1876 2856 effatus,
1909 2791 2188 2859 discessit,

608 2864 742 2916 etin
779 2868 1053 2937 tugurium
1090 2885 1250 2926 suum
1285 2889 1345 2928 se
1380 2876 1610 2934 abdidit.
1651 2881 1808 2937 Nunc
1833 2893 2013 2940 autem
2048 2897 2190 2942 tem-

610 2971 712 3022 pus
734 2966 907 3021 vocat,
935 2975 969 3012 υ
997 2961 1180 3028 amici,
1213 2973 1274 3018 ut
1296 2966 1415 3036 ejus
1449 2984 1667 3041 quoque
1691 2985 1921 3032 mortem
1953 2979 2190 3037 admira-

612 3048 759 3102 tione
791 3050 1188 3121 dignissimam,
1214 3072 1311 3111 seu
1341 3075 1595 3116 somnum
1619 3067 1800 3134 potius
1835 3071 1990 3126 vobis
2019 3088 2189 3143 expo-

609 3156 759 3211 nam.
800 3141 927 3198 llaec
968 3146 1116 3200 enim
1166 3164 1276 3203 non
1321 3151 1494 3207 levem
1541 3154 1706 3210 etiam
1739 3159 1893 3214 vobis
1927 3164 2190 3232 praebebit

2302 1975 2400 2046 τῷ,
2432 1975 2491 2039 ἐξ
2518 1969 2592 2028 ὧν
2624 1993 2744 2028 τινα
2777 1979 2914 2047 μήτε
2952 1977 3127 2028 εἰπεῖν
3179 1975 3479 2031 αὑτά.ποτέ
3515 1991 3620 2027 τινι
3650 1973 3880 2042 παρεκέ-

2302 2067 2492 2120 λευσεν
2525 2068 2614 2121 διὰ
2639 2068 2699 2121 τὸ
2730 2066 2805 2138 μὴ
2836 2069 3041 2132 πάντας
3075 2066 3212 2138 μετά
3247 2066 3485 2128 πίστεως
3525 2065 3778 2134 δέχεσθαι
3817 2067 3883 2116 τὰ

2301 2159 2592 2230 λεγόμενα.
2651 2159 3046 2231 Παρακλήθητι
3095 2159 3171 2222 δὲ,
3207 2158 3395 2228 ἐπειδὴ
3449 2157 3539 2209 διὰ
3577 2158 3684 2208 τῶν
3711 2155 3880 2224 τριῶν

2300 2255 2505 2309 τούτων
2531 2255 2753 2328 ἡμερῶν
2785 2255 3269 2327 προσλαμϐάνεται
3299 2255 3326 2307 ὁ
3351 2255 3555 2324 Κύριος
3586 2251 3678 2303 τὸν
3714 2249 3882 2302 Σαλὶν

2300 2348 2392 2400 τὸν
2429 2347 2732 2420 ἐλάχιστον,
2776 2350 2864 2401 καὶ
2900 2347 2991 2400 τὸν
3023 2346 3184 2419 κῦριν
3233 2346 3488 2416 Ἰωάννην
3525 2344 3617 2397 τὸν
3654 2343 3882 2410 ἀδελφὺν

2301 2440 2486 2500 αὑτοῦ.
2523 2441 2633 2492 Καὶ
2662 2440 2772 2510 γὰρ
2794 2438 2905 2510 ἐγὼ
2928 2439 3090 2502 αὐτὸς
3129 2437 3382 2492 ἀπελθὼν
3412 2432 3568 2489 εἷπον
3595 2435 3769 2505 αὐτῷ,
3802 2436 3882 2485 ὅτι

2313 2533 2554 2602 Ἀδελφέ,
2589 2532 2782 2604 δεῦρο,
2814 2534 3060 2605 ἄγωμεν.
3093 2531 3296 2608 Καιρᾷς
3323 2533 3437 2583 ἐστι
3488 2529 3696 2590 λοιπὸν,
3745 2525 3881 2580 ἀλλὰ

2303 2626 2443 2694 μετά
2472 2625 2564 2678 δύο
2589 2627 2800 2697 ἡμέρας
2823 2626 2945 2680 ἐλθὲ
2965 2628 3044 2689 εἰς
3063 2626 3124 2679 τὸ
3146 2624 3402 2679 καλύϐιόν
3433 2641 3558 2721 p.00,
3584 2623 3681 2676 καὶ
3711 2621 3878 2721 ξλέπε

2299 2718 2352 2770 εί
2381 2734 2431 2769 τι
2453 2717 2750 2788 εὑρίσκεις.
2789 2717 2940 2770 Θέλω
2974 2715 3062 2790 ἴνα
3089 2715 3219 2788 ἔχῃς
3271 2713 3612 2786 μνημόσυνον
3655 2713 3751 2763 τοῦ
3781 2727 3876 2763 τα·-

2300 2811 2486 2865 πεινοῦ
2517 2813 2610 2864 καὶ
2629 2810 2956 2881 ἀμαρτωλοῦ
2985 2809 3180 2863 Σαλοῦ.
3209 2809 3318 2861 Kal.
3333 2807 3508 2860 ταῦτα
3534 2806 3627 2858 καὶ
3658 2806 3876 2856 πλείονα

2297 2905 2506 2958 τούτων
2531 2903 2700 2958 εἰπὼν
2729 2903 2897 2975 αὐτῷ,
2923 2900 3195 2967 ἀπελθὼν,
3220 2899 3562 2954 συνέστειλεν
3591 2898 3789 2950 ἑαυτὸν
3823 2899 3876 2947 ἐν

2297 2997 2375 3066 τῷ
2409 2996 2650 3066 καλυϐίῳ
2681 2994 2868 3049 αὐτοῦ.
2899 2994 3034 3047 Νυνὶ
3071 2993 3127 3046 δὲ
3177 2991 3368 3062 καιρὸς
3418 2990 3595 3055 καλεῖ,
3629 2983 3672 3040 ὦ
3705 2987 3879 3056 φίλοι,

2299 3091 2511 3144 καὶτὸν
2546 3087 2989 3156 ἀξιοθαύμαστον
3036 3083 3201 3138 αὑτοῦ
3256 3083 3488 3136 θάνατον
3511 3120 3527 3143 ,
3580 3079 3776 3149 μᾶλλον
3815 3080 3878 3130 δὲ

2299 3183 2492 3246 ὕπνον,
2522 3182 2652 3252 ὑμῖν
2681 3177 3063 3250 διηγήσασθαι.
3103 3174 3213 3230 Καὶ
3251 3172 3359 3243 γάρ
3411 3175 3561 3225 ἐστιν
3591 3170 3684 3224 καλ.
3710 3169 3881 3232 αὐτὸς

610 3233 922 3301 utilitatem.
959 3236 1237 3307 Quinimo,
1279 3242 1331 3296 id
1379 3247 1520 3314 quod
1566 3250 1840 3312 omnibus.
1892 3269 2013 3323 qua:
2042 3272 2184 3325 prae-

2298 3279 2349 3330 οὑ
2400 3276 2501 3344 τὴν
2558 3233 2827 3342 τυχοῦσαν
2887 3269 3146 3340 παρέχων
3182 3265 3482 3335 ὠφέλειαν,
3517 3262 3651 3316 ἀλλά
3676 3279 3738 3314 τε
3787 3262 3877 3314 καὶ

608 3328 750 3397 dicta
779 3338 927 3408 sunt,
954 3341 1037 3386 est
1063 3334 1440 3402 excellentius,
1474 3338 1565 3393 illa
1612 3341 1846 3412 sigillum
1881 3349 2086 3402 exstitit
2136 3359 2188 3404 et

608 3419 948 3476 confirmatio
1001 3423 1336 3482 intaminatat
1385 3434 1822 3491 conversationis
1863 3439 2004 3508 ejus.
2051 3439 2187 3496 Dum

607 3511 754 3565 enim
779 3513 860 3566 vir
884 3531 1113 3586 magnus
1129 3520 1359 3574 sentiret
1383 3537 1729 3581 communem
1755 3530 1946 3587 adesse
1974 3533 2190 3600 horam,

608 3612 663 3657 et
693 3618 763 3656 ne
791 3616 912 3672 post
950 3618 1178 3662 mortem
1201 3611 1420 3680 quidem
1452 3616 1614 3670 vellet
1655 3617 1954 3676 humanum
1983 3623 2190 3689 referre

611 3693 894 3762 honorem,
929 3698 1056 3768 quid
1095 3699 1264 3756 facit?
1300 3704 1579 3776 Ingressus
1619 3713 1808 3766 subter
1834 3713 2037 3770 fascem
2068 3733 2189 3770 sar-

608 3795 943 3856 mentorum,
973 3792 1062 3860 qui
1113 3794 1165 3847 in
1215 3810 1372 3851 sacro
1411 3799 1529 3868 ejus
1559 3803 1774 3870 tugurio
1814 3814 1952 3867 erat,
1989 3809 2188 3864 ibidem

606 3878 977 3944 obdormiens,
1006 3885 1261 3953 spiritum
1285 3905 1445 3944 suurn
1479 3892 1709 3948 Domino
1736 3896 1790 3949 in
1828 3914 1960 3967 pace
2000 3903 2190 3957 reddi-

608 3970 706 4023 dit.
736 3971 1049 4029 Familiarcs
1071 3978 1208 4047 ejus,
1244 3980 1335 4048 qui
1361 3996 1390 4034 a
1411 3982 1575 4038 biduo
1600 3985 1749 4040 illum
1778 4004 1888 4043 non
1918 3992 2185 4061 viderant,

608 4060 837 4115 dicunt:
866 4063 1089 4133 Eamus,
1121 4068 1421 4138 videamus,
1464 4090 1593 4130 num
1648 4077 1789 4133 forte
1827 4081 2077 4140 infirmus
2119 4087 2190 4141 sit

608 4150 786 4205 Salus.
824 4152 886 4207 Et
917 4156 1243 4219 invenerunt
1274 4178 1398 4217 eum
1443 4166 1715 4234 jacentem
1763 4173 1955 4227 subter
1983 4175 2184 4232 fascem

607 4257 1029 4320 sarmentorum,
1061 4262 1356 4320 mortuum.
1393 4257 1530 4312 Tum
1554 4261 1780 4316 dicunt:
1813 4266 1894 4318 An
1918 4268 2029 4336 jam
2065 4286 2188 4327 cre-

606 4335 740 4392 dent
768 4355 979 4407 omncs,
1010 4345 1156 4412 quod
1187 4349 1384 4402 mentis
1413 4366 1634 4421 compos
1664 4354 1766 4410 iste
1792 4356 1994 4414 fuerit?
2024 4361 2185 4429 Ecce,

605 4427 722 4501 ipsa
763 4432 925 4486 etiam
971 4435 1092 4503 ejus
1133 4453 1282 4500 mors
1318 4442 1384 4495 ad
1425 4444 1658 4498 scalmos
1703 4445 1812 4516 (9|)
1851 4460 1954 4506 est.
1990 4455 2054 4508 Et
2079 4457 2187 4513 duo

603 4511 826 4585 quidam
864 4523 1106 4596 tulerunt
1134 4543 1257 4581 eum
1309 4545 1419 4583 non
1462 4532 1654 4597 lotum,
1696 4539 1814 4593 sine
1862 4544 2184 4610 psahnodia,

2300 3367 2520 3422 πάντων
2553 3364 2662 3418 τῶν
2694 3360 3106 3432 προειρημένων
3145 3355 3589 3428 ὲξαιρετώτερον,
3611 3356 3766 3456 ὅστις
3790 3353 3878 3456 καὶ

2301 3459 2538 3529 σφραγὶς
2587 3457 2680 3510 καὶ
2724 3454 3017 3524 βεϐαίωσις
3059 3453 3157 3523 τῆς
3187 3448 3489 3521 ἀμολὺντου
3520 3447 3684 3500 αὑτοῦ
3725 3447 3849 3498 πολι

2297 3553 2448 3615 τείας
2477 3549 2830 3619 καθέστηκεν.
2868 3544 3199 3614 Λίσθόμενος
3433 3538 3608 3611 μέγας
3633 3538 3738 3642 τὴν
3769 3555 3878 3642 κρι-

2297 3646 2396 3713 νὴν
2425 3642 2593 3713 ὥραν,
2622 3639 2946 3710 βουλόμενος
2983 3633 3117 3706 μηδὲ
3148 3634 3288 3734 κατά
3327 3633 3558 3734 θανατρν
3585 3631 3764 3733 τιμὴν
3785 3631 3879 3734 ἀν·-

2299 3733 2575 3806 θρωπείαν
2598 3726 3029 3796 ἀπενέγκασθαι,
3053 3724 3106 3778 τί
3130 3725 3301 3788 ποιεῖς
3327 3720 3598 3774 Εἰσελθὼν
3622 3720 3880 3820 ὕποχα-τω

2297 3822 2390 3875 τοῦ
2420 3821 2571 3881 ὄντος
2602 3817 2821 3888 ιρορτίου
2859 3815 2968 3867 τῶν
3009 3811 3381 3882 κληματιδίων
3417 3811 3473 3862 ὲν
3513 3809 3592 3879 τῷ
3638 3806 3880 3873 καλυὸίῳ

2297 3912 2461 3967 αὐτοῦ
2491 3910 2570 3982 τῷ
2602 3909 2752 3978 ἱερῷ,
2772 3909 2951 3960 ἐκεῖσε
2984 3903 3281 3964 καθεύδων.
3303 3901 3382 3973 τῷ
3410 3900 3601 3970 Κυρίῳ
3625 3897 3878 4002 παρέδω-

2297 4025 2391 4062 κεν
2424 4006 2485 4057 τὸ
2517 4003 2734 4072 πνεῦμα
2765 4003 2820 4052 ὲν
2851 3999 3061 4069 εἰρήνῃ.
3094 3997 3158 4050 Οί
3195 3990 3287 4048 οὖν
3310 3992 3563 4062 συνήθεις
3586 3990 3780 4050 αὐτου,
3806 3990 3879 4050 ὡς

2295 4100 2395 4153 οὐκ
2425 4094 2562 4150 εἶδον
2596 4096 2756 4149 αὑτὸν
2781 4093 2880 4156 τὰς
2906 4091 3000 4145 δύο
3031 4089 3263 4160 ἡμέρας,
3284 4085 3553 4154 λέγουσιν·
3596 4084 3877 4148 Ἄγωμεν,

2298 4194 2516 4262 ἴδωμεν,
2550 4191 2623 4262 μή
2656 4205 2772 4249 πως
2801 4185 3022 4239 ἀσθενεῖ
3048 4186 3076 4236 ὁ
3109 4180 3297 4242 Σαλός.
3364 4179 3473 4231 Ka‘t
3517 4170 3676 4246 εὖρον
3719 4174 3877 4226 αὑτὸν

2297 4284 2554 4338 ὑποκάτω
2579 4281 2828 4348 κείμενον
2848 4276 2941 4330 τοῦ
2983 4276 3200 4345 φορτίου
3230 4273 3339 4324 τῶν
3374 4269 3751 4341 κληματιδίων
3788 4284 3874 4318 νε-

2295 4373 2446 4441 κρόν.
2501 4369 2635 4422 Τότε
2686 4369 2968 4436 λέγουσιν·
3028 4361 3175 4434 *Αρα
3230 4363 3295 4416 ἂν
3326 4363 3450 4433 ἄρτι
3491 4359 3876 4412 πιστεύσουσιν

2295 4465 2534 4525 πάντες,
2565 4463 2647 4515 ὅτι
2671 4459 2800 4530 παρ’
2838 4459 3028 4511 ἑαυτὸν
3070 4453 3138 4527 ἦν
3177 4451 3365 4518 οὗτοςς
3418 4453 3548 4507 Ἰδοὺ
3590 4453 3686 4505 καὶ
3717 4452 3878 4512 arb-ti;

2293 4558 2320 4610 ὁ
2357 4557 2583 4619 θάνατος
2607 4553 2769 4606 αὐτοῦ
2793 4552 3200 4619 κατάσκαλμος.
3236 4551 3345 4603 Καὶ
3378 4547 3756 4616 βαστάσαντες
3783 4563 3878 4597 αυ-

604 4612 723 4664 sine
747 4613 923 4667 cereis
956 4623 1011 4667 et
1037 4618 1427 4689 odoramentis,
1462 4634 1517 4680 et
1551 4627 1816 4685 abeuntes
1853 4637 2189 4705 sepelierunt

2298 4651 2382 4702 τὸν
2412 4648 2504 4701 δύο
2534 4648 2697 4711 τινὲς,
2754 4645 2923 4715 χωρὶς
2970 4642 3061 4696 τοῦ
3093 4641 3293 4695 πλῦναι
3337 4641 3523 4705 αὑτὸν,
3562 4639 3658 4691 καὶ
3701 4637 3875 4708 χωρὶς

603 4701 784 4778 ipsum
809 4705 864 4760 in
895 4708 1105 4764 tumulo
1130 4715 1565 4790 peregrinorum.

673 4905 762 4979 62.
803 4908 897 4964 llis
927 4921 1134 4978 autem,
1183 4918 1277 4986 qui
1319 4934 1445 4979 eum
1493 4925 1802 4992 portabant.
1845 4939 1901 4984 et
1947 4936 2184 4990 tumula-

600 5000 708 5066 ειη-ἰ
755 5000 930 5070 ipsum
977 5007 1243 5074 abierant,
1297 5018 1599 5084 progressis
1637 5019 1703 5072 ad
1744 5036 1916 5092 usque
1957 5027 2179 5084 domum

2293 4740 2632 4813 ψαλμῳδίας,
2694 4740 2789 4792 καὶ
2844 4737 3013 4808 χωρὶς
3070 4736 3276 4806 κηρίων
3329 4735 3424 4788 καὶ
3486 4732 3871 4803 θυμιαμάτων,

2289 4835 2618 4895 ἀπελθόντες
2653 4832 2859 4901 ἔθαψαν
2892 4828 3052 4885 αὑτὸν
3085 4831 3165 4892 εἰς
3203 4829 3262 4880 τὸ
3295 4826 3628 4893 ξενοτάφιον.

2363 4945 2462 5016 ξβθ.
2513 4948 2603 5008 Ὧς
2634 4941 2726 4998 οὖν
2765 4944 3076 5012 ἀπήρχοντο
3117 4940 3207 4994 διὰ
3243 4941 3390 4993 οἴκου
3443 4939 3590 5002 τινὸς
3642 4937 3752 4991 ἀπὸ
3782 4935 3874 4989 ἐ-

2290 5039 2498 5109 6ραίων
2523 5036 2772 5108 ὑελεψοῦ,
2824 5038 2989 5104 ὅνπερ
3018 5035 3179 5097 αὐτὸς
3232 5033 3491 5101 ἐποίησεν
3521 5029 3870 5100 Χριστιανὸν,

601 5090 882 5166 cujusdam
909 5094 1138 5162 Hebraei,
1167 5100 1312 5172 figuli
1341 5105 1625 5174 viti-orum,
1654 5126 1814 5180 quem
1845 5114 2004 5170 Salus
2031 5120 2185 5174 Chri-

2298 5090 2362 5193 u'oi;
2394 5132 2656 5200 ἀνωτέρω
2681 5128 3008 5198 εἰρήκαμεν,
3047 5127 3097 5178 οἱ
3127 5125 3314 5178 τοῦτον
3346 5123 3732 5192 βαστάζοντες,
3777 5122 3872 5174 καὶ

601 5183 794 5238 stianis
833 5187 1003 5241 sacris
1035 5193 1364 5261 ascripserat
1389 5239 1403 5260 ,
1431 5201 1583 5254 audit
1610 5205 1902 5271 praedictus
1922 5207 2184 5273 Hebraeus

601 5273 959 5341 palinodiam
993 5288 1101 5333 tam
1134 5283 1478 5352 concinnam,
1507 5302 1566 5345 ut
1595 5294 1754 5348 talem
1778 5297 1918 5352 labia
1945 5302 2180 5360 humana

601 5376 822 5434 cantare
871 5387 978 5430 non
1021 5378 1252 5449 possint,
1298 5389 1352 5433 et
1379 5386 1593 5445 turbam
1645 5397 1871 5459 tantam,
1922 5406 2180 5465 quantam

671 5530 719 5562 ’³
751 5529 962 5606 Ephes.
997 5551 1049 5600 v,
1080 5553 1156 5590 vt.
1235 5539 1281 5571 “
1315 5537 1460 5593 Psal.
1496 5542 1671 5626 x1.,2.
1751 5546 1794 5576 ³⁸
1825 5545 1965 5619 Ibid.

2285 5223 2634 5294 ἐξερχόμενοι
2687 5221 2855 5292 θάψαι
2909 5219 3093 5280 αὐτὸν,
3143 5217 3390 5270 ἀκούειὸ
3441 5216 3730 5286 εἰρημένος
3759 5213 3870 5267 ἀπὸ

2298 5317 2565 5386 Ἐϐραίων
2592 5313 2935 5386 ψαλμῳδίας,
2987 5306 3096 5364 οἷον
3133 5309 3296 5380 μέλος
3342 5310 3402 5361 οὐ
3443 5304 3869 5375 δύναται-ψᾶλαι

2286 5410 2462 5481 χεῖλος
2486 5408 2811 5479 ἀνθρώπων,
2843 5406 2937 5460 καὶ
2969 5405 3173 5475 πλῆθος
3202 5403 3231 5457 ὃ
3273 5403 3331 5456 οὑ
3367 5401 3591 5455 δύναται
3637 5400 3869 5464 συνᾶξαι

2117 5645 2354 5705 NOTAE.

675 5738 1009 5827 tﬂl'lpGrmce
1045 5747 1304 5827 σκαλμές,
1331 5753 1592 5827 paxillus,
1649 5755 1764 5810 sive
1795 5765 1927 5811 teres
1954 5759 2170 5827 lignum,

603 5808 685 5865 cui
715 5807 972 5899 qlligatur
996 5807 1506 5899 remusfﬂcriLvalur
1539 5839 1564 5875 a
1581 5807 1832 5899 ’σ-κάλλω,
1860 5807 2019 5897 fodio:
2044 5807 2170 5899 quit;

604 5877 833 5958 paxillus
880 5897 1011 5941 cavo
1065 5887 1216 5954 quasi
1273 5888 1554 5959 infoditur.
1602 5893 1737 5950 Ilinc
1797 5877 1969 5953 facilis
2006 5877 2170 5957 'not'to

2281 5767 2431 5822 vocis
2469 5771 2876 5843 κατάσκαλμος,
2903 5786 3018 5845 pro_
3047 5786 3152 5839 qua
3209 5769 3346 5824 forte
3393 5770 3686 5842 legendum
3728 5769 3866 5834 κατᾲ

2283 5839 2578 5910 σκαλμούς.
