4058 6454
206 544 361 606 ’1745

1497 551 1670 611 VITA
1710 551 1773 612 S.
1810 552 2210 623 SYMEONIS.

3365 559 3504 628 1746

205 655 364 707 πᾶσα
392 654 426 724 ή
453 653 832 727 ἁνθρωπότης.
871 657 1200 726 Ἐκπλαγεὶς
1230 655 1325 713 οῦν
1359 661 1568 724 ἐκεῖνος
1602 663 1696 715 ἐπὶ
1724 662 1799 734 τῷ

1911 666 2212 723 humanum
2257 685 2430 741 genus
2476 686 2810 745 congregare
2853 683 3110 744 nequeat.
3135 673 3360 746 [Verum
3409 679 3501 733 ille

207 747 450 818 συντόνῳ
489 749 583 801 καὶ
609 751 970 822 παναρμονίῳ
998 752 1098 820 τῆς
1127 752 1429 823 ἁγγελικῆς
1471 754 1801 824 ἡδυμελείας

204 843 348 912 ἤχῳ,
383 841 734 914 παρακῦπτει
771 846 864 898 καὶ
915 845 1112 917 θεωρεῖ
1139 845 1230 899 τὸν
1279 847 1429 901 ὅσιον
1471 849 1804 918 προκομιζό-

207 951 376 1002 μενον
403 935 510 987 ὑπὸ
533 934 630 988 δύο
658 936 753 988 καὶ
789 936 952 1006 μόνον
983 938 1092 991 τῶν
1126 938 1508 1010 βασταζόντων
1535 941 1705 995 αὐτοῦ
1740 942 1801 995 τὸ

174 1015 186 1024 ’
204 1027 391 1097 τίμιον
413 1026 593 1097 σῶμα.
628 1029 760 1082 Τότε
785 1025 938 1083 εἶπεν
971 1033 1180 1096 ἐκεῖνος
1211 1034 1238 1084 6
1261 1032 1454 1086 τούτου
1487 1035 1600 1088 τοῦ,
1627 1035 1800 1106 ἀορά-

203 1137 306 1172 του
343 1120 539 1190 μέλους
564 1122 820 1186 ἀκούσας·
852 1125 1140 1194 Μακάριος
1159 1121 1230 1186 εἷ,
1253 1126 1412 1189 Σαλὲ,
1443 1127 1525 1178 ὅτι
1559 1128 1632 1197 μὴ
1662 1126 1802 1194 ἔχων

204 1212 534 1283 ἀνθρώπους
561 1214 864 1284 ψάλλοντάς
901 1235 1003 1281 σοι,
1042 1218 1186 1286 ἔχεις
1218 1218 1505 1288 οὐρανίους
1543 1219 1803 1289 δυνάμεις

207 1306 268 1354 ἐν
297 1303 487 1373 ὕμνοις
524 1305 774 1374 τιμώσας
806 1323 864 1358 σε
885 1323 900 1336 ο
948 1307 1042 1359 καὶ
1067 1306 1268 1369 εὐθέως
1304 1307 1606 1373 κατελθὼν,
1643 1310 1803 1372 ἰδίαις

206 1396 401 1468 χερσὶν
433 1398 597 1450 αὑτὸν
636 1398 860 1467 ἔθαψεν.
900 1399 1010 1452 Καὶ
1033 1399 1154 1452 τότε
1180 1402 1246 1452 τὰ
1279 1400 1615 1454 ἁκουσθέντα
1652 1402 1802 1474 αὐτῷ

207 1488 432 1559 ᾅσματα
459 1490 569 1543 τῶν
597 1492 928 1561 ἀσωμάτων,
966 1493 1132 1546 πᾶσιν
1159 1492 1488 1563 ἐξηγήσατο.
1530 1495 1802 1546 Ἤκουσεν

206 1576 306 1632 οὖν
329 1579 486 1634 τοῦτο
517 1583 608 1634 καὶ
637 1583 665 1634 6
694 1581 854 1651 κῦρις
877 1583 1134 1652 Ἰωάννης
1160 1587 1188 1636 ὁ
1214 1585 1484 1648 διάκονος,
1515 1587 1609 1639 καὶ
1634 1581 1801 1655 ἦλθεν

205 1671 488 1742 δρομαίως
537 1674 678 1744 μετὰ
713 1675 807 1727 καὶ
863 1675 1041 1729 ἄλλων
1078 1675 1287 1729 πολλῶν
1347 1679 1430 1740 είς
1469 1678 1562 1731 τὸν
1613 1679 1800 1741 τόπον.

207 1765 344 1818 ὅπου
375 1767 572 1836 ἐτάφη,
619 1767 942 1836 βουλόμενος
978 1768 1269 1822 ἀνελέσθαι
1317 1771 1378 1823 τὸ
1407 1769 1590 1841 τίμιον
1635 1771 1800 1825 αὑτοῦ

208 1856 465 1925 λείψανον
495 1859 587 1909 ἐπὶ
613 1859 674 1911 τὸ
721 1860 958 1928 ἐντίμως
1010 1859 1173 1912 αὑτὸν
1232 1860 1517 1930 κηδεῦσαι.
1565 1863 1655 1925 Ὠς
1708 1858 1801 1915 οῦν

209 1951 431 2019 ἤνοιξαν
475 1953 566 2004 τὸν
598 1953 790 2022 τάφον,
837 1955 934 2024 οὐχ
965 1947 1125 2025 εῦρον
1173 1955 1324 2008 αὐτό·
1362 1957 1665 2024 μετέθηκεν
1692 1957 1803 2026 γάρ,

1906 759 2193 828 perculsus
2219 761 2474 817 ordinato
2499 778 2562 818 ac
2592 765 2865 821 concinno
2910 766 3169 838 angelicae
3197 767 3499 824 harmoniae

1902 865 2060 916 sono,
2086 851 2384 908 incurvans
2409 869 2491 916 se,
2542 855 2697 911 videt
2739 857 2917 911 virum
2966 867 3218 913 sanctum
3258 860 3438 914 eﬂ‘erri
3469 877 3501 916 a

1902 938 2120 996 duobus
2157 941 2441 1009 duntaxat,
2467 945 2559 1013 qui
2591 947 2907 1002 venerabile
2928 950 3047 1018 ejus
3077 965 3278 1020 corpus
3311 959 3501 1020 porta-

1902 1030 2056 1086 bant.
2091 1032 2243 1089 Tunc
2265 1035 2401 1091 dixit
2426 1037 2538 1102 ille,
2581 1038 2677 1107 qui
2701 1039 2804 1094 hoc
2835 1055 2947 1094 non
2987 1041 3290 1109 spectabile
3329 1042 3501 1098 melos

1902 1119 2181 1176 audierat:
2213 1122 2407 1180 Beatus
2429 1141 2510 1191 es,
2553 1124 2698 1192 Sale,
2739 1127 2890 1196 quia,
2931 1127 3025 1197 qui
3067 1144 3178 1184 non
3201 1129 3371 1184 habes
3396 1129 3501 1182 ho-

1904 1211 2100 1279 mines,
2133 1215 2224 1285 qui
2274 1216 2371 1271 tibi
2418 1219 2676 1288 psallant,
2726 1219 2900 1274 habes
2946 1221 3199 1276 cmlcstes
3245 1223 3496 1288 virtutes,

1905 1304 2123 1374 hymnis
2166 1315 2219 1360 te
2269 1307 2624 1374 honorantes,
2678 1319 2733 1364 et
2779 1325 2910 1364 mox
2962 1311 3323 1376 descendens,
3373 1328 3500 1368 cum

1903 1399 2017 1453 suis
2041 1400 2298 1456 manibus
2326 1403 2602 1472 sepelivit.
2633 1405 2698 1458 Et
2736 1413 2870 1460 tunc
2911 1406 3096 1462 audita
3127 1423 3160 1462 a
3202 1422 3262 1462 se
3288 1408 3499 1464 cantica

1902 1492 2240 1562 angelorum,
2276 1496 2533 1551 omnibus
2581 1498 2851 1570 narravit.
2908 1498 3136 1554 Audivit
3185 1500 3350 1555 etiam
3395 1501 3502 1558 hoc

1902 1583 2158 1639 dominus
2206 1585 2449 1642 Joannes
2501 1589 2784 1656 diaconus,
2843 1598 2900 1646 et
2939 1591 3217 1647 curriculo
3260 1593 3500 1648 accurrit

1903 1690 2026 1729 cum
2053 1675 2238 1732 multis
2263 1677 2382 1731 aliis
2411 1679 2477 1732 ad
2503 1679 2706 1747 locum,
2745 1682 2838 1737 ubi
2870 1683 3122 1752 sepultus
3144 1693 3282 1747 erat,
3305 1685 3500 1740 volens

1907 1766 2093 1820 tollere
2118 1767 2417 1835 pretiosum
2440 1769 2559 1838 ejus
2592 1787 2814 1841 corpus,
2850 1781 2911 1826 ut
2943 1774 3246 1829 honorifice
3281 1776 3330 1830 ei
3352 1776 3498 1844 justa

1904 1857 2258 1926 persolveret.
2309 1859 2515 1930 Aperto
2547 1861 2729 1931 itaque
2775 1865 3049 1934 sepulcro,
3087 1866 3219 1921 illud
3269 1883 3382 1923 non
3415 1867 3502 1922 in-

1904 1948 2092 2013 venit;
2121 1965 2246 2003 nam
2271 1949 2555 2014 Dominus,
2591 1953 2682 2023 qui
2721 1970 2846 2009 eum
2873 1955 3229 2026 gloriﬁcabat,
3260 1966 3502 2012 transtu-

209 2044 374 2098 αὑτὸν
407 2045 634 2110 δοξάσας
687 2049 715 2100 6
757 2046 981 2117 Κύριος.
1035 2047 1170 2100 Τότε
1229 2047 1468 2111 ἅπαντες
1517 2048 1707 2119 ῶσπερ
1739 2050 1798 2116 ἐξ

1907 2040 2062 2095 lerat.
2106 2041 2263 2098 Tunc
2314 2060 2506 2098 onmes
2571 2047 2740 2100 veluti
2778 2063 2807 2101 e
2854 2063 3050 2102 somno
3103 2051 3321 2104 excitati
3352 2060 3500 2116 sunt,

211 2137 383 2189 ὕπνου
415 2139 712 2209 ἁνένηψαν,
746 2141 840 2193 καὶ
865 2139 1159 2209 ἐξηγοῦντο
1190 2141 1444 2207 ἀλλήλοις
1473 2142 1573 2194 ὅσα
1602 2143 1794 2214 ἐποίη-

211 2247 306 2284 σεν
334 2232 416 2283 ἐνὶ
439 2232 654 2302 ἑκάστῳ
677 2233 976 2304 θαυμάσια,
1001 2235 1095 2288 καὶ
1123 2235 1204 2289 ὅτι
1229 2233 1318 2288 διὰ
1346 2235 1437 2288 τὸν
1459 2235 1593 2289 Θεὸν
1628 2251 1800 2305 προσ-

209 2325 450 2376 εποιεῖτο
481 2321 572 2377 τὸν
597 2324 778 2378 σαλόν.

1906 2143 1962 2186 et
1999 2134 2296 2188 narrabant
2330 2135 2473 2190 inter
2524 2153 2602 2202 se,
2649 2155 2905 2206 quamam
2941 2140 3240 2210 unicuique
3284 2141 3504 2197 fecisset

1905 2224 2188 2290 miracula,
2223 2236 2278 2280 et
2316 2229 2462 2296 quod
2503 2241 2727 2300 propter
2759 2231 2932 2286 Deum
2987 2232 3239 2290 ﬁnxisset
3267 2250 3327 2291 se
3363 2236 3506 2290 stul-

1909 2325 2046 2371 tum.
3453 2342 3456 2345 '

1645 2595 2015 2654 EPILOGUS.

282 2772 381 2844 ξγ’.
418 2767 589 2840 Οὗτος
617 2778 645 2830 ὁ
667 2775 781 2846 βίος
808 2778 903 2833 καὶ
950 2779 985 2850 ἡ
1030 2778 1300 2847 πολιτεία,
1335 2773 1381 2833 ὧ
1425 2781 1788 2852 φιλόχριστοι,

205 2868 302 2924 τοῦ
333 2867 637 2938 θαυμασίου
677 2870 871 2923 τούτου
927 2871 1177 2941 Συμεών.
1233 2867 1406 2928 Αῦται
1441 2877 1498 2928 αἱ
1526 2873 1694 2927 αὑτοῦ
1729 2875 1794 2927 ἐκ

209 2959 422 3012 πολλῶν
474 2960 652 3028 ὀλίγαι
705 2962 1053 3031 συλλεγεῖσαι
1100 2965 1316 3034 ἀρεταί.
1366 2963 1538 3032 Οὗτος
1570 2969 1738 3022 αὐτοῦ
1767 2971 1795 3023 6

207 3052 452 3122 κρυπτὸς
475 3053 643 3115 ὅντως
677 3054 770 3107 καὶ
798 3055 1049 3124 οὐρανίος
1092 3057 1313 3128 δρόμος,
1372 3060 1400 3112 6
1453 3061 1647 3132 μηδενὶ
1694 3061 1795 3132 μὲν

207 3143 506 3213 ὁρώμενος,
565 3146 732 3200 πᾶσιν
779 3147 836 3201 δὲ
875 3147 1134 3218 ἐξαίφνης
1180 3150 1423 3222 εὑρεθεὶς
1469 3151 1798 3221 κατάδηλος.

209 3230 380 3299 (iii-to;
413 3237 441 3290 6
465 3234 586 3298 νέος
612 3235 758 3302 Λὼτ,
791 3239 1058 3310 ὥσπερέν
1087 3240 1341 3310 Σοδόμοις
1369 3242 1596 3307 ἐκεῖνος,
1629 3242 1802 3306 οὓτως

211 3330 272 3381 ἐν
304 3328 384 3399 τῷ
417 3328 611 3401 κόσμῳ
647 3322 803 3394 οὗτος
857 3333 1082 3400 ἀφανῶς
1126 3333 1398 3389 ὑπελθών.
1458 3335 1568 3388 Καὶ
1592 3335 1676 3388 τά
1702 3333 1801 3403 μὲν

212 3419 505 3486 θαυμαστὰ
542 3420 732 3488 αὐτοῦ,
773 3423 867 3476 καὶ⁵
908 3423 1269 3496 πολυύμνητα
1301 3424 1533 3488 ἔπαθλα,
1566 3426 1710 3480 κατά
1733 3442 1798 3491 γε

210 3515 272 3567 τὸ
308 3515 438 3584 ἡμῖν
470 3516 585 3577 τοῖς
614 3514 922 3584 οὐδαμινοῖς
948 3516 1251 3588 ἐγχωροῦν,
1296 3521 1482 3589 γραφῇ
1521 3518 1797 3589 παραδοῦ-

213 3625 300 3668 γαι
328 3607 767 3676 ἐσπουδάκαμεν,
822 3608 870 3660 εί
914 3609 1007 3660 καὶ
1065 3609 1260 3678 ἑτέραν
1311 3609 1419 3680 πρὸ
1465 3609 1671 3681 ταύτης
1707 3608 1798 3662 διὰ

215 3699 509 3768 συντομίας
569 3698 995 3769 πεποιήκαμεν,
1050 3697 1137 3750 διὰ
1170 3699 1230 3750 τὸ
1286 3701 1452 3767 μήπω
1490 3699 1666 3753 ἐλθεῖν
1719 3703 1799 3764 είς

212 3789 491 3863 ἡμετέραν
523 3787 746 3858 γνῶσιν,
794 3789 892 3856 τὴν
923 3787 1323 3858 λεπτομέρειαν
1355 3789 1450 3841 τοῦ
1490 3789 1796 3859 θαυμασίου

212 3879 404 3934 τούτου
430 3881 791 3952 διηγήματος.
823 3879 897 3932 T6
923 3879 981 3932 δὲ
1005 3878 1192 3932 τοῦτον
1220 3878 1517 3949 ἐγκωμίοις
1541 3880 1798 3949 τιμῆσαι,

212 3973 274 4026 οὐ
298 3975 397 4042 τῆς
430 3973 707 4045 ἡμετέρας
735 3970 992 4040 γνώσεως
1023 3971 1385 4040 καθέστηκεν,
1409 3971 1522 4024 ἀλλ’
1551 3971 1799 4036 ἐκείνων,

212 4059 294 4129 οἷς
324 4065 554 4134 δύναμις
579 4064 862 4136 πρόσεστι,
905 4065 1001 4117 καὶ
1026 4067 1091 4133 τῇ
1123 4063 1314 4116 τούτου
1350 4066 1519 4135 ἀρετῇ
1562 4063 1799 4134 ἁμιλλᾶ-

217 4156 362 4210 σθαι.
415 4159 575 4220 Ποῖος
629 4156 739 4227 γὰρ
773 4156 934 4224 λόγος
989 4157 1333 4210 ἐπαινέσειεν
1361 4157 1452 4209 τὸν
1480 4157 1617 4228 ὑπὲρ
1644 4156 1802 4225 λόγον

213 4238 534 4320 τιμηθέντων
578 4249 610 4320 ἢ
637 4249 754 4310 πῶς
779 4247 1012 4319 σάρκινα
1035 4249 1190 4321 χείλη
1225 4250 1314 4303 τὸν
1347 4253 1405 4304 ἐν
1435 4250 1598 4322 σαρκὶ
1632 4249 1804 4322 ἅσαρ·

215 4363 308 4398 κον
337 4344 709 4412 ἀναφανέντας
747 4343 872 4406 Πῶς
906 4342 963 4395 δὲ
1002 4343 1162 4411 σοφία
1210 4343 1463 4412 γλώσσης
1498 4343 1590 4396 τὸν
1620 4343 1802 4396 πᾶσαν

217 4437 402 4506 σοφίαν
438 4438 532 4490 καὶ
563 4436 824 4507 φρόνησιν
853 4437 916 4504 τῇ
960 4433 1100 4489 κατὰ
1137 4435 1270 4487 Θεὸν
1321 4434 1504 4505 μωρίᾳ
1536 4434 1800 4503 ἐξαφανί-

218 4545 419 4594 σαντα;
456 4530 664 4591 Ὄντως
705 4527 992 4598 ἄνθρωπος
1025 4529 1107 4590 εἰς
1155 4527 1471 4598 πρόσωπον,
1521 4528 1550 4579 6
1581 4527 1636 4580 δὲ
1669 4526 1801 4592 Θεὸς

215 4622 295 4684 είς
317 4621 564 4690 καρδίαν.
599 4620 807 4684 Ὄντως
833 4621 932 4690 οὐχ
961 4618 1136 4683 οὕτως
1158 4618 1349 4688 ὄψεται
1384 4619 1695 4691 ἄνθρωπος,
1726 4619 1802 4683 ὡς

213 4713 400 4784 ὄψεται
436 4713 657 4784 Κύριος.
695 4714 905 4777 Ὄντως
951 4712 1126 4774 οὐδεὶς
1156 4712 1417 4780 γινώσκει
1459 4713 1528 4766 τὰ
1577 4711 1672 4766 τοῦ
1703 4713 1800 4766 άν-

217 4805 458 4876 θρώπου,
489 4807 537 4859 εί
568 4807 644 4876 μὴ
671 4805 734 4858 τὸ
763 4805 980 4876 πνεῦμα
1000 4805 1096 4859 τοῦ
1131 4805 1444 4876 ἀνθρώπου.
1483 4807 1691 4868 Ὄντως
1725 4803 1801 4875 μὴ

1970 2775 2063 2832 65.
2105 2774 2232 2831 [hec
2253 2775 2365 2830 vita
2403 2783 2490 2830 est
2508 2783 2563 2829 ct
2590 2774 2958 2844 conversatio,
3007 2785 3255 2832 amantes
3289 2775 3499 2834 Christi

1900 2869 2122 2932 animie,
2170 2866 2434 2922 mirabilis
2483 2867 2647 2936 hujus
2682 2867 2992 2939 Symeonis.
3036 2869 3132 2924 lla;
3160 2885 3349 2940 paucae
3374 2881 3504 2926 sunt

1901 2961 2046 3030 ejus,
2071 2975 2100 3014 e
2133 2958 2322 3014 multis
2351 2959 2595 3013 collectae
2622 2959 2878 3014 virtutes.
2923 2959 3023 3015 Hic
3057 2961 3235 3031 ipsius
3264 2971 3347 3017 est
3374 2977 3504 3018 vere

1903 3053 2152 3110 occultus
2189 3067 2253 3108 ac
2290 3051 2531 3107 caelestis
2555 3067 2772 3118 cursus,
2794 3052 2888 3123 qui
2919 3068 2951 3108 a
2977 3052 3132 3109 nullo
3154 3053 3378 3124 quidem
3421 3053 3507 3110 vi-

1905 3147 2158 3210 debatur,
2204 3145 2301 3201 sed
2329 3145 2587 3200 omnibus
2611 3155 2839 3216 repente
2876 3146 3205 3202 manifestus
3237 3145 3504 3203 innotuit.

1906 3236 2095 3290 Novus
2119 3235 2209 3290 hic
2238 3233 2360 3298 Lot,
2387 3236 2500 3305 qui,
2537 3235 2683 3290 sicut
2723 3235 2814 3291 hic
2846 3234 3164 3302 Sodomam,
3197 3236 3280 3292 sic
3308 3236 3399 3293 ille
3447 3237 3506 3292 in

1907 3326 2175 3381 mundum
2215 3327 2355 3381 clam
2389 3325 2672 3398 ingressus
2705 3335 2812 3382 est.
2854 3326 2934 3383 Ac
2967 3327 3238 3383 mirabilia
3269 3328 3413 3398 ejus,
3452 3336 3508 3383 et

1905 3417 2338 3472 celebratissima
2386 3417 2724 3486 certamina,
2786 3419 2965 3488 quoad
3024 3435 3124 3490 per
3184 3423 3506 3476 tenuitatem

1906 3517 2146 3562 nostram
2178 3507 2352 3571 licuit,
2381 3508 2580 3562 litteris
2619 3509 2882 3565 mandare
2933 3510 3282 3566 studuimus:
3333 3511 3508 3581 siqui-

1900 3600 2021 3654 dem
2052 3610 2178 3656 ante
2208 3600 2350 3655 hanc
2378 3599 2590 3673 [vitam]
2631 3602 2797 3657 aliam
2860 3603 3189 3674 compendio
3263 3605 3508 3659 conscri-

1901 3694 2137 3764 psimus,
2174 3703 2430 3764 proterea
2477 3694 2622 3764 quod
2667 3695 2906 3750 necdum
2937 3695 3105 3751 nobis
3151 3697 3508 3751 innotuerant

1901 3787 2217 3856 singulatim
2257 3787 2445 3857 apices
2487 3801 2681 3842 omnes
2729 3788 2894 3857 hujus
2930 3788 3198 3844 mirabilis
3243 3788 3508 3843 narratio-

1901 3877 2004 3930 nis.
2036 3876 2172 3931 Eum
2197 3893 2329 3932 vero
2351 3879 2641 3947 praeconiis
2663 3879 2966 3941 celebrare,
2992 3896 3104 3935 non
3131 3889 3214 3934 est
3239 3880 3292 3933 in
3320 3889 3505 3934 nostra

1903 3968 2132 4023 scientia
2167 3969 2355 4034 situm,
2402 3972 2497 4026 sed
2545 3987 2762 4037 eorum,
2799 3973 2998 4043 quibus
3047 3973 3278 4027 facultas
3313 3972 3498 4039 adest,

1905 4069 1965 4114 ut
1996 4060 2228 4119 dicendo
2251 4063 2511 4119 virtutem
2547 4067 2668 4134 ejus
2690 4075 3003 4136 exaaquent.
3028 4066 3290 4133 Quaenam
3318 4075 3503 4122 autem

1904 4150 2141 4206 laudarit
2175 4152 2329 4206 illum
2369 4155 2569 4220 oratio,
2620 4157 2714 4225 qui
2759 4158 2912 4211 omni
2948 4159 3197 4214 oratione
3235 4160 3397 4214 altius
3420 4169 3506 4214 est

1905 4246 2166 4300 evectus?
2183 4245 2294 4300 Aut
2313 4249 2589 4315 quomodo
2620 4248 2773 4302 illum
2800 4249 3073 4304 laudarint
3104 4251 3259 4306 labra
3283 4267 3502 4317 carnea,

1904 4337 1994 4409 qni
2031 4338 2085 4392 in
2121 4353 2287 4393 carne
2311 4339 2497 4393 carnis
2522 4354 2718 4409 expers
2763 4340 3051 4410 apparuit?
3089 4342 3376 4407 Quomodo
3405 4343 3507 4397 lin:

1905 4447 2022 4504 guze
2045 4431 2311 4502 sapientia
2347 4431 2661 4501 przedicarit
2686 4433 2864 4497 illum,
2911 4432 3005 4503 qui
3035 4447 3252 4486 omnem
3288 4433 3506 4503 sapien-

1906 4525 2035 4580 tiam
2055 4539 2120 4579 ac
2159 4525 2507 4595 prudentiam
2530 4524 2784 4579 all'ectata
2809 4535 3036 4596 propter
3062 4525 3230 4579 Deum
3274 4526 3504 4581 stultitia

1904 4616 2226 4688 superavit?
2259 4616 2400 4673 Vere
2441 4618 2498 4672 in
2533 4617 2732 4672 faciem
2780 4615 3061 4691 {respicit}
3106 4617 3303 4681 homo;
3357 4617 3504 4672 Deus

1905 4719 2087 4765 autem
2127 4711 2193 4764 ad
2239 4725 2354 4765 cor.
2396 4708 2538 4764 Vere
2580 4724 2692 4763 non
2739 4709 2884 4764 sicut
2928 4708 3136 4763 videbit
3186 4707 3370 4771 homo,
3429 4707 3508 4761 sic

1903 4803 2110 4860 videbit
2158 4802 2448 4858 Dominus.
2487 4801 2627 4858 Vere
2673 4816 2837 4856 nemo
2869 4800 3039 4867 novit,
3089 4815 3210 4870 quae
3245 4809 3373 4853 sunt
3408 4799 3511 4852 ho-

216 4899 322 4965 πρὸ
361 4897 552 4969 καιροῦ
593 4916 719 4953 τινα
752 4899 1052 4969 κρίνωμεν,
1117 4893 1161 4952 ὦ
1191 4899 1551 4969 φιλόχριστοι,
1594 4897 1699 4960 ἓως
1729 4897 1797 4958 ἂν

1907 4895 2088 4961 minis,
2120 4895 2230 4950 nisi
2258 4895 2483 4966 spiritus
2525 4893 2786 4949 hominis.
2829 4890 2974 4948 Vere
3020 4907 3090 4946 ne
3125 4901 3254 4946 ante
3292 4898 3509 4960 tempus

217 4993 343 5064 ἔλοῃ
368 4993 396 5044 6
431 4993 656 5063 Κύριος,
713 4991 774 5055 ὃς
813 4992 908 5045 καὶ
955 4992 1181 5060 φωτίσει
1217 4992 1412 5044 πάντα.
1457 4990 1554 5052 Τίς
1585 4990 1797 5066 ἔλεγεν,

217 5085 570 5156 φιλόχριστοι,
603 5085 694 5138 τὸν
731 5083 936 5138 Ἰούδαν
963 5084 1102 5153 μετὰ
1127 5083 1236 5136 τῶν
1264 5083 1522 5155 μαθητῶν
1545 5083 1802 5152 διάγοντα

218 5176 564 5247 σωματικῶς,
609 5175 745 5246 μετὰ
775 5176 832 5229 δὲ
863 5175 971 5229 τῶν
998 5175 1270 5229 Ἰουδαίων
1305 5175 1623 5245 ὑπάρχοντα
1663 5191 1802 5246 καρ-

217 5268 443 5334 διακῶςς
478 5268 574 5332 Τίς
619 5270 676 5321 ἐν
725 5268 940 5340 Ἱεριχὼ
976 5269 1076 5340 τὴν
1135 5267 1306 5321 Ῥαὰϐ
1354 5269 1413 5320 ἐν
1448 5266 1528 5338 τῷ
1567 5266 1805 5337 πορνείῳ

215 5357 378 5413 οὖσαν
422 5360 666 5430 σώματι,
715 5361 892 5416 ἐδόκει
936 5363 994 5415 ἐν
1029 5361 1219 5434 Κυρίῳ
1259 5360 1338 5431 τῷ
1364 5359 1674 5430 πνεύματι;
1704 5358 1800 5422 Τίς

216 5453 305 5506 τὸν
327 5437 575 5524 Λάζαρον
603 5455 832 5517 ἐκεῖνον,
857 5453 949 5506 τὸν
976 5455 1212 5524 πτωχὸν,
1235 5452 1464 5524 ἤλπιζεν
1489 5452 1544 5504 ὲν
1573 5449 1800 5520 τοιαύτῃ

214 5544 556 5618 ταλαιπωρίᾳ
584 5545 692 5599 τῶν
714 5545 889 5598 ἑλκῶν
924 5546 1290 5617 διατρίϐοντα,
1334 5547 1391 5598 ἐν
1435 5542 1664 5617 τοιαύτῃ
1712 5542 1804 5595 εῦ-

216 5636 419 5706 ημερίᾳ
452 5636 510 5687 ἐν
539 5635 619 5708 τῷ
642 5635 734 5689 τοῦ
783 5636 1038 5708 Ἀϐραὰμ
1066 5638 1252 5707 κόλπῳ
1277 5636 1567 5706 γενέσθακ

284 5724 375 5788 ξδ’.
404 5725 589 5780 Ταῦτα
621 5728 841 5793 ἰδόντες,
867 5729 1165 5800 ἀγαπητοὶ,
1185 5731 1278 5783 καὶ
1303 5731 1465 5800 ἡμεῖς
1490 5729 1802 5800 πεισθῶμεν

215 5816 289 5890 τῷ
320 5819 498 5883 καλῶς
525 5819 990 5889 συμϐουλεύοντιο
1045 5820 1290 5892 Πρόσεχε
1337 5821 1552 5893 σεαυτῷ
1612 5821 1796 5890 μόνον,

219 5913 308 5963 καὶ
339 5911 471 5982 μηδὲ
499 5915 612 5976 τοῖς
636 5915 768 5978 σοῖς,
807 5913 944 5984 μηδὲ
982 5917 1094 5978 τοῖς
1124 5915 1252 5984 περὶ
1286 5915 1366 5979 σὲ,
1409 5914 1546 5984 ἀλλὰ
1580 5913 1795 5984 σεαυτῷ

221 6003 394 6085 μόνον.
429 6007 572 6070 Διότι
601 6007 829 6073 ἕκαστος
858 6008 917 6062 τὸ
940 6007 1068 6063 ἴδιον
1100 6008 1320 6086 φορτίον
1363 6007 1649 6080 βαστάσει,
1695 6009 1788 6061 καὶ

1903 4988 2140 5058 aliquem
2172 4988 2505 5058 judicemus,
2533 5003 2566 5042 ο
2598 4993 2849 5041 amantes
2873 4984 3077 5040 Christi
3097 4982 3510 5047 animze,donec

1904 5083 2118 5139 venerit
2146 5082 2434 5147 Dominus,
2459 5083 2551 5152 qui
2575 5081 2761 5136 omnia
2796 5078 3147 5135 illuminabit.
3183 5076 3316 5142 Quis
3340 5075 3511 5131 dixis-

1907 5186 2014 5241 set,
2043 5176 2240 5232 Judam
2275 5175 2481 5233 versari
2522 5175 2744 5246 quidem
2787 5189 3017 5245 corpore
3044 5187 3170 5228 cum
3197 5169 3504 5240 discipulis,

1907 5273 2073 5327 corde
2102 5283 2289 5326 autem
2319 5286 2440 5326 esse
2464 5286 2588 5325 cum
2619 5269 2865 5326 Judaeis?
2894 5266 3028 5334 Quis
3051 5265 3265 5328 Rahab,
3297 5279 3420 5334 quae
3451 5262 3506 5316 in

1909 5362 2128 5420 Jericho
2176 5377 2407 5434 corpore
2457 5370 2576 5418 erat
2623 5361 2681 5416 in
2743 5359 3072 5431 prostibula,
3139 5357 3509 5413 existimassct

1911 5454 2102 5524 Spiritu
2132 5470 2254 5511 esse
2288 5455 2343 5510 in
2384 5455 2658 5510 Domino?
2693 5453 2831 5520 Quis
2863 5458 3160 5522 sperasset,
3184 5448 3503 5504 mendicum

1912 5546 2064 5600 illum
2092 5545 2382 5610 Lazarum,
2407 5545 2460 5600 in
2489 5554 2638 5601 tanta
2669 5546 2916 5601 ulcerum
2949 5541 3168 5597 miseria
3190 5540 3503 5612 degentem,

1911 5637 2157 5695 futurum
2181 5640 2236 5694 in
2266 5639 2391 5695 sinu
2421 5639 2653 5694 Abrahae
2680 5637 2736 5692 in
2770 5645 2920 5692 tanta
2951 5633 3250 5691 felicitate?
3537 5625 3540 5631 ’

1978 5733 2067 5787 64.
2113 5732 2240 5787 Haec
2295 5731 2565 5795 videntes,
2595 5746 2628 5785 ο
2671 5727 2874 5791 dilecti,
2936 5735 2994 5782 et
3035 5741 3136 5781 nos
3182 5723 3502 5779 obediamns

1908 5823 1980 5886 ei,
2013 5823 2107 5893 qui
2155 5832 2306 5879 recte.
2337 5822 2614 5877 consulit:
2655 5821 2890 5876 Attende
2934 5818 3033 5875 tibi
3068 5817 3168 5890 ipsi
3212 5817 3411 5876 solum,
3445 5824 3503 5868 et

1906 5926 2082 5982 neque
2106 5913 2231 5974 tuis,
2267 5928 2448 5981 neque
2481 5926 2603 5981 quae
2643 5920 2773 5966 sunt
2819 5910 2962 5966 circa
2998 5918 3071 5976 te,
3125 5908 3218 5962 sed
3262 5907 3356 5961 tibi
3389 5906 3494 5975 ipsi

1903 6005 2100 6069 solum.
2146 6004 2285 6078 Quia
2322 6005 2701 6078 unusquisque
2745 6020 2886 6060 onus
2930 6019 3088 6058 suum
3131 6001 3388 6074 portabit,
3441 6008 3498 6054 ct
