4214 6450
165 359 270 426 661

1287 359 1753 421 FRAGMENTA
1792 358 1872 418 ΙΝ
1911 362 2329 422 JEllEMlAM.

3337 357 3440 423 662

165 473 371 534 κακοὺς
413 470 672 544 ἐργάτας.
709 472 890 545 Θηρία
917 473 974 527 δὲ
1006 471 1131 542 γῆς,
1159 471 1286 535 τοὺς
1315 470 1383 524 τὰ
1411 474 1575 540 γήῖνα
1618 488 1749 541 φρο-

1885 472 2075 527 icstias
2106 489 2235 526 vero
2271 482 2430 528 terra:
2461 489 2555 527 eos
2589 473 2680 543 qui
2717 482 2928 526 terrena
2962 487 3123 526 sensa
3175 471 3227 524 in
3285 471 3444 525 nobis

163 563 386 633 νήματα
432 566 563 634 ἡμῖν
592 566 979 634 ὲνσπείροντας
1001 581 1015 595 ’
1052 564 1279 618 πετεινὰ
1301 564 1358 618 δὲ
1387 564 1483 617 τοῦ
1513 563 1750 634 οὐρανοῦ

165 655 293 718 τοὺς
340 656 408 708 τὰ
479 656 753 726 ὑψώματα
801 658 932 728 ἡμῖν
982 657 1412 729 ὲπισπείροντας
1467 656 1604 727 μετὰ
1655 656 1752 726 τῆς

167 747 424 814 γνώσεως
456 749 549 802 τοῦ
584 749 742 804 Θεοῦ.

249 858 266 888 ι
295 839 394 894 Διὰ
423 842 740 912 Μανασσῆν.
769 861 788 894 ι
819 837 985 906 Οὗτος
1011 843 1227 896 ἔπεισεν
1258 841 1504 902 ἐκτόπως
1536 838 1755 893 εἰδωλο-

168 931 390 1001 λατρείν
424 933 552 995 τοὺς
587 933 894 997 Ἰουδαίους.
942 934 1174 1002 Λέγεται
1206 934 1263 987 δὲ
1291 932 1387 987 καὶ
1418 933 1511 986 τὸν
1539 932 1755 1001 προφή-

169 1039 272 1092 την
314 1025 545 1077 Ἡσαΐαν
575 1024 736 1086 αὐτὸς
770 1027 985 1096 πρῖσαι.

250 1134 268 1165 ι
310 1117 378 1168 Ἣ
409 1116 491 1180 τίς
541 1118 857 1188 ἀνακάμψει
906 1120 986 1181 εἰς
1023 1119 1247 1188 εἰρήνην
1289 1135 1406 1184 σοις
1449 1137 1466 1168 ι
1519 1116 1613 1180 Τίς
1643 1116 1758 1186 ἔχει

171 1203 482 1274 φοΰηοῆναι
515 1208 592 1266 είς
623 1207 684 1259 τὸ
719 1206 968 1260 κακῶσαί
996 1223 1056 1259 σε
1083 1224 1097 1274 ;
1129 1208 1252 1260 ἀντὶ
1281 1207 1377 1260 τοῦ
1400 1247 1415 1272 ,
1448 1207 1658 1269 Οὐδείς.
1690 1208 1759 1258 Ἦ

169 1297 276 1359 τις,
307 1299 464 1367 φησι,
504 1298 688 1367 μέλλει
718 1317 800 1352 σοι
827 1298 1153 1371 εἰρηνεύειν,
1186 1299 1322 1370 ἐμοῦ
1353 1317 1434 1352 σοι
1465 1298 1762 1370 πολεμοῦν-

170 1405 306 1454 τος;

253 1502 272 1533 ι
313 1483 420 1536 Kal.
451 1485 729 1555 διαφθερῶ
788 1504 870 1552 σε,
903 1487 997 1540 καὶ
1029 1486 1213 1540 οὐκέτι
1249 1487 1436 1554 ἀνήσω
1480 1485 1699 1548 αὐτούς.
1740 1503 1757 1534 ι

172 1574 272 1639 Τὸ,
307 1575 388 1636 σέ,
421 1577 536 1640 καὶ,
582 1576 802 1641 αὐτούς,
829 1576 972 1631 κατὰ
1026 1577 1121 1631 τοῦ
1153 1577 1322 1631 αὑτοῦ
1373 1581 1550 1631 κεῖται
1577 1595 1591 1609 ο
1627 1573 1764 1646 φησὶ

168 1665 231 1720 δὲ
265 1667 362 1737 τὴν
397 1668 775 1740 Ἰερουσαλὴμ,
805 1670 1040 1732 καὶτοὺς
1071 1669 1527 1740 ἀπειλουμένους.

253 1867 273 1900 ι
322 1849 410 1902 Ἐν
449 1850 646 1915 πύλαις
674 1848 806 1905 λαοῦ
842 1869 945 1922 μου
1000 1851 1411 1922 ὴτεκνώθησαν.
1447 1871 1466 1904 ι
1497 1853 1563 1905 Αἱ
1600 1852 1765 1905 πολυ-

169 1941 430 2011 οχλοῦσαι
455 1945 640 2007 πόλεις
659 1944 857 2016 ἔρημοι
883 1946 1194 2014 γεγόνασιν.

254 2053 272 2084 ι
327 2033 498 2105 ’Υπὲρ
535 2034 633 2106 τὴν
671 2035 856 2106 ἅμμον
888 2036 988 2106 τῆς
1038 2034 1336 2105 θαλάσσης.
1382 2055 1400 2087 ι
1447 2031 1767 2105 Ὑπερϐολιο

172 2125 272 2190 κὸς
306 2126 335 2176 ὁ
368 2127 546 2195 λόγος.

258 2238 277 2270 ι
297 2219 688 2290 Ταλαιπωρίαν
704 2222 762 2274 ὲν
789 2221 1130 2293 μεσημϐρίᾳ.
1146 2239 1164 2273 ι
1201 2221 1311 2276 Τοῦ
1334 2219 1768 2289 Χρυσοστόμου

175 2310 294 2385 id).
349 2314 870 2387 Ὀλυμπιοδώρου].
897 2316 1038 2386 Ὅρα
1080 2315 1196 2379 πῶς
1227 2316 1326 2383 τὴν
1368 2313 1640 2385 τιμωρίαν
1676 2313 1772 2363 ἐπ-

175 2403 557 2476 ήγαγεν,ὦστε
579 2405 653 2474 μὴ
666 2403 990 2475 νομισθῆναι
1007 2403 1211 2468 ταύτας
1229 2399 1368 2457 εἶναι
1381 2402 1479 2464 τὰς
1496 2402 1716 2472 συνήθει
1729 2419 1768 2465 ς,

175 2496 300 2550 ἀλλ’
333 2497 503 2560 ὅντως
532 2497 833 2566 θεηλάτους
866 2498 1040 2560 τινάς.

261 2607 282 2642 ι
315 2589 618 2662 ’Δπέρῥιψα
647 2591 735 2643 ἐπ’
757 2590 928 2658 αὐτὴν
960 2589 1222 2658 ἐξαίφνης
1257 2589 1478 2657 τρόμον.
1511 2605 1527 2634 ι
1550 2586 1776 2655 Ἀπριισ-

177 2683 457 2754 δοκήτως.

266 2793 288 2827 ι
333 2774 632 2844 Ἐκενώοη.
678 2773 871 2827 Ἐπέδυ
897 2775 926 2828 ὁ
954 2773 1105 2844 ἥλιος
1139 2772 1226 2825 ἔπ’
1254 2771 1392 2842 αὐτῇ
1420 2811 1434 2834 ,
1463 2770 1544 2822 ἔτι
1578 2768 1772 2840 μεσού-

183 2883 292 2938 σης
320 2867 419 2937 τῆς
449 2865 681 2938 ἡμέρας.
719 2885 739 2917 ι
787 2865 925 2918 Ὑπὸ
955 2865 1048 2918 τοῦ
1078 2863 1319 2936 πλήθους
1337 2863 1449 2916 τῶν
1481 2861 1772 2930 πολεμίων·

179 2959 223 3029 ἢ
249 2960 333 3012 ὅτι
360 2959 643 3027 αἰφνιδίως
679 2959 991 3028 συμφοραῖς
1028 2955 1608 3025 καταλαμϐανόμενοι,
1658 2953 1780 3006 οὐδὲ

182 3050 284 3105 τὸν
315 3051 467 3120 ἥλιον
499 3051 606 3106 ὑπὸ
632 3051 732 3121 τῆς
753 3051 1001 3122 ταραχῆς
1027 3049 1338 3121 βλέπουσιν.

270 3162 291 3195 ι
327 3142 489 3214 Οἴμοι
521 3141 746 3211 ὲγὼ,ὡς
769 3123 919 3201 τίνα,
953 3141 1151 3210 μῆτερ,
1183 3141 1249 3208 μὲ
1285 3138 1471 3202 ἔτεκες
1501 3137 1674 3207 ἄνδρα
1700 3137 1780 3190 δι-

184 3234 498 3305 καζόμενον
555 3233 652 3287 καὶ
703 3233 1115 3301 διακρινόμενον
1146 3232 1298 3303 πάσῃ
1337 3233 1402 3300 τῇ
1434 3231 1543 3300 γῇς
1587 3249 1604 3280 ι
1642 3228 1782 3296 Πρὸς
1811 3222 1852 3244 *⁸

192 3330 299 3401 μὲν
351 3329 513 3396 ῥητὸν
534 3369 550 3393 ,
583 3329 665 3381 ὃτι
696 3328 807 3389 τοῖς
844 3324 1324 3395 ψευδοπροφήταις
1359 3322 1615 3388 ἀντέλεγε
1643 3361 1656 3382 ,
1692 3321 1787 3372 καὶ

188 3421 334 3495 πρὸς
372 3422 500 3484 τοὺς
541 3417 996 3491 παρανομοῦντας
1037 3415 1346 3479 ἐδικάζετο·
1391 3413 1528 3484 πρὸς
1575 3412 1634 3465 δὲ
1667 3411 1785 3464 διά-

188 3531 370 3578 νοιαν,
403 3513 492 3568 διὰ
520 3513 582 3566 τὸ
621 3511 723 3583 τὴν
763 3511 1044 3581 ἁμαρτίαν
1089 3506 1416 3580 πολυμερῶς
1462 3503 1788 3576 περισύρειν

189 3614 300 3679 τὴν
329 3607 664 3678 ὰγαθότητα.

278 3721 298 3754 ι
347 3701 485 3754 Οὔτε
528 3699 812 3771 ὠφέλησεν
861 3716 926 3768 με
962 3696 1156 3762 οὐδείς.
1199 3716 1214 3747 ι
1249 3695 1375 3750 ’Ότι
1401 3695 1552 3748 οὐδὲν
1581 3697 1610 3747 ὁ
1651 3710 1789 3763 προ-

195 3795 435 3865 φητικδς
459 3792 618 3860 λόγος
642 3792 745 3860 τῆς
771 3790 1049 3859 ἁμαρτίας
1079 3788 1411 3858 ἀπήλλαξεν,
1439 3788 1514 3851 ὡς
1543 3787 1602 3852 ἐξ
1628 3786 1790 3854 ἀνάγ-

195 3903 310 3957 κης
337 3884 545 3938 δεῖσθαι
568 3886 665 3952 τῆς
692 3883 780 3937 διὰ
812 3881 1050 3953 Χριστοῦ
1084 3879 1539 3952 ἀπολυτρώσεως.

282 3994 302 4028 ι
343 3976 403 4027 'll
432 3976 584 4044 ἰσχύς
605 3991 706 4044 μου
733 3973 976 4037 ἐξέλιπεν
993 3972 1051 4024 ἓν
1068 3973 1180 4033 τοῖς
1201 3970 1618 4042 καταρωμένοις
1645 3985 1733 4038 με.
1767 3987 1786 4022 ι

197 4068 335 4130 Τοῖς
368 4066 780 4120 ἐπιϐουλεύουσί
815 4082 926 4134 μοι.

287 4178 305 4210 ι
342 4158 579 4223 Γὲνοιτο,
608 4157 876 4216 Δέσποτα,
914 4153 1353 4208 κατευθυνόντων
1376 4153 1607 4206 αὐτῶν.)
1637 4151 1788 4210 Εἴοε.

201 4251 371 4323 φησι,
395 4249 764 4320 κατηύουναν,
789 4247 886 4299 καὶ
919 4243 1263 4315 ἐπέστρεψαν
1297 4243 1431 4314 πρὸς
1459 4245 1540 4305 σε,
1578 4244 1654 4306 ὡς
1686 4245 1794 4295 πά-

201 4345 296 4399 λιν
341 4343 566 4413 ἐδεόμην
610 4341 746 4410 ὑπὲρ
786 4338 1000 4403 αὐτῶν,
1035 4339 1129 4392 καὶ
1174 4338 1338 4410 ᾔτουν
1364 4338 1547 4400 αὐτοῖς
1591 4337 1795 4404 ἀγαθὰ.

201 4437 311 4494 καὶ
364 4433 538 4490 ταῦτα
587 4431 798 4504 ἐχυρῶν
859 4448 948 4502 μοι
1002 4429 1173 4484 ὄντων
1227 4428 1430 4493 αὐτῶν,
1493 4429 1585 4481 καὶ
1641 4429 1798 4480 πολε-

205 4523 382 4599 μίων.

295 4635 314 4667 ι
358 4615 417 4667 Εἰ
464 4614 839 4682 γνωσθήσεται
885 4613 1120 4682 σίδηρος,
1152 4611 1247 4666 καὶ
1287 4612 1630 4682 περιϐόλαιον
1669 4611 1797 4683 χειλ-

205 4706 318 4762 κοῦ
341 4710 375 4776 ἡ
413 4707 567 4777 ἰσχύς
595 4723 725 4767 σου;
765 4725 780 4756 ι
825 4706 921 4759 Ἕκ
942 4703 1079 4758 Θεοῦ
1109 4705 1246 4774 πρὸς
1282 4704 1371 4756 τὸν
1401 4704 1530 4755 λαὸν
1560 4704 1587 4754 ὁ
1619 4703 1796 4771 λόγος.

204 4801 341 4856 Κᾶν
370 4799 591 4868 ἰσχυρὸς
611 4794 896 4870 ᾖς,φησὶν,
919 4799 992 4861 ὡς
1011 4796 1228 4867 σίδηρος
1252 4796 1284 4866 ἦ
1308 4797 1526 4866 χαλκὸς,
1544 4797 1803 4867 περιέεοο

211 4895 324 4966 μαί
353 4910 445 4946 σου
458 4936 470 4948 .

295 5005 316 5038 ι
351 4985 462 5040 Καὶ
484 4985 610 5046 τοὺς
635 4981 941 5053 θησαυρούς
972 4999 1064 5034 σου
1090 4983 1165 5042 είς
1187 4983 1465 5052 προνομὴν
1490 4982 1647 5035 δώσω
1677 4984 1804 5037 ἀντ-

207 5077 476 5147 άλλαγμα
512 5074 601 5130 διὰ
653 5074 833 5138 πάσας
871 5073 965 5135 τὰς
1010 5074 1285 5144 ἁμαρτίας
1349 5091 1463 5127 σου.
1508 5093 1526 5124 ι
1563 5075 1628 5127 Τί
1660 5078 1808 5129 ἐστιν

205 5168 653 5237 ἀντάλλαγμα;
675 5166 826 5220 Ἀντί
845 5165 956 5218 τιῖιν
977 5166 1266 5237 ἁμαρτιῶν
1297 5183 1388 5219 σου
1412 5166 1569 5218 δώσω
1585 5167 1653 5219 τὰ
1669 5169 1811 5238 χρή-

215 5262 380 5338 ματὰ
419 5279 512 5315 σου
553 5262 648 5315 καὶ
683 5260 778 5331 τὴν
813 5259 964 5330 ἰσχύν
1010 5275 1127 5325 σου,
1175 5258 1365 5330 ἐπειδὴ
1413 5260 1600 5323 αὐτοῖς
1646 5259 1810 5332 ἐθάρ-

217 5359 380 5430 penu.

304 5469 326 5502 ι
364 5449 536 5503 Γνῶθι
563 5449 638 5513 ὡς
669 5447 860 5502 ἔλαϐον
888 5447 1016 5518 περὶ
1050 5447 1142 5499 σο]
1198 5442 1520 5514 ὀνειδισμιΰν.
1561 5461 1578 5492 ι
1637 5443 1811 5514 Ταχὺ,

220 5544 312 5617 μὴ
349 5542 645 5614 βραδύνης·

305 5656 326 5688 ι
365 5636 475 5690 Καὶ
496 5635 649 5688 ἔσται
686 5634 714 5686 ὁ
745 5632 900 5702 λόγος
937 5649 1031 5685 σου
1061 5631 1182 5702 ἐμοὶ
1215 5632 1294 5692 εἰς
1327 5629 1669 5699 εὖρροσύνην
1721 5630 1816 5682 καὶ

220 5727 413 5804 χαρὰν
461 5727 690 5799 καρδίας
747 5744 871 5796 μου.
917 5745 934 5779 ι
974 5726 1092 5778 Ἵνα
1150 5723 1290 5793 μετὰ
1335 5723 1510 5793 χαρᾶς
1561 5721 1818 5793 προφέρω

226 5825 302 5878 τὰ
337 5821 402 5876 σὰ
429 5820 610 5889 λόγια,
649 5819 847 5892 μηκέτι
879 5817 970 5874 ὑπ’
995 5817 1176 5872 αὐτῶν
1203 5815 1637 5886 ἁντιλεγὸμενος.

1798 1824 1841 1878 Β

1856 566 2148 621 scminaut.
2182 566 2430 620 Volatilia
2475 574 2656 620 autem
2712 567 2834 620 coeli
2863 565 2954 634 qui
2981 565 3106 618 talia
3161 564 3291 618 dant
3349 579 3444 616 uo-

1856 655 1940 709 bis
1991 657 2222 720 semina,
2277 665 2337 711 ut
2395 657 2721 711 extollantur
2747 657 3007 710 adversus
3055 654 3145 709 Dei
3175 655 3443 726 cognitio-

1857 760 2006 800 11011].

1932 837 1993 892 V.
2025 841 2078 893 4.
2110 858 2127 890 ι
2159 838 2383 910 Propter
2406 840 2731 895 Mauassem.
2770 861 2786 892 ι
2835 842 2932 896 Hic
2981 840 3186 897 Judzcis
3229 840 3446 895 idolola-

1861 938 2006 984 trare
2032 933 2320 999 persuasit.
2355 932 2564 987 Dicitur
2592 942 2647 989 et
2678 934 3002 1003 prophetam
3038 936 3232 990 Isaiam
3281 933 3447 989 disse.

1861 1022 2067 1078 cuisse.

1939 1117 2000 1170 γ.
2031 1115 2114 1168 5.(
2138 1116 2246 1170 Aut
2283 1117 2406 1186 quis
2423 1119 2670 1173 curvabit
2699 1134 2759 1174 se
2785 1120 2852 1174 ad
2885 1134 3073 1189 pacem
3106 1120 3246 1174 tibi?
3274 1140 3291 1173 ι
3317 1119 3451 1185 Quis

1863 1214 2012 1262 metu
2038 1207 2476 1262 cohibebiturne
2511 1218 2562 1264 te
2593 1209 3204 1280 amigat?quasidicat:
3236 1210 3444 1265 Nullus.

1864 1300 1975 1354 Aut
2003 1301 2144 1370 quis,
2177 1300 2373 1370 inquit,
2407 1309 2587 1356 tecum
2608 1317 2796 1372 pacem
2823 1303 3035 1373 jungat,
3067 1319 3192 1358 cum
3221 1318 3322 1372 ego
3353 1303 3449 1358 tibi

1865 1394 2066 1448 bellum
2099 1394 2330 1449 inferam
2350 1395 2373 1448 ἶ

1944 1487 2005 1541 V.
2043 1489 2096 1542 6.
2134 1509 2152 1540 ‹
2191 1486 2260 1540 Ει
2286 1486 2597 1556 disperdam
2632 1497 2706 1550 te,
2737 1495 2793 1541 et.
2822 1502 2930 1541 non
2982 1487 3123 1541 ultra
3177 1486 3452 1542 dimittam

1867 1593 1984 1632 cos.
2034 1595 2052 1628 ι
2093 1577 2179 1643 Te,
2211 1585 2267 1631 et
2295 1594 2400 1641 eos,
2447 1576 2516 1631 de
2572 1577 2765 1631 eodem
2814 1577 3104 1640 dicuntur;
3138 1577 3215 1631 ait
3269 1585 3452 1632 autem

1867 1670 2189 1736 Jerusalem,
2223 1685 2428 1740 eosque
2456 1669 2656 1740 quibus
2709 1669 2872 1723 minae
2897 1669 3199 1740 iactantur.

1944 1862 2009 1915 γ.
2039 1862 2090 1914 7.
2130 1879 2148 1912 ι
2191 1860 2248 1912 lu
2283 1858 2454 1929 portis
2504 1858 2691 1928 papuli
2727 1857 2832 1913 mei
2869 1857 3045 1912 orbati
3090 1856 3184 1912 ﬁlii
3244 1864 3390 1910 sunt.
3430 1874 3449 1906 ι

1874 1951 2352 2024 Ἐνθιιιιειιιίδείιιιιε
2382 1950 2631 2006 civitates
2661 1951 2920 2006 desolata:
2957 1957 3104 2005 sunt.

1950 2046 2012 2101 V.
2043 2045 2097 2100 8.
2135 2065 2153 2097 ι
2193 2043 2372 2115 Super
2401 2059 2622 2099 arenam
2657 2044 2838 2099 maris.
2889 2062 2908 2095 ι
2949 2042 3345 2113 llyperbolicus
3373 2039 3460 2095 hic

1877 2155 2076 2194 sermo.

1955 2251 1973 2285 ι
2005 2231 2277 2287 Miseriam
2307 2232 2362 2284 in
2392 2229 2641 2285 meridie.
2667 2248 2684 2281 ι
2710 2229 3180 2303 ϐίινυδοειοηιίμῑ.
3202 2231 3455 2307 Olymp.].

1880 2325 2012 2380 Vide
2041 2325 2318 2396 quomodo
2358 2339 2551 2395 poenas
2577 2321 2874 2388 iuﬂixerit,
2915 2334 2974 2379 ut
3037 2342 3107 2380 ne
3172 2337 3464 2383 consuetas

1879 2434 1972 2473 cas
1997 2434 2120 2472 esse
2151 2418 2274 2487 quis
2299 2426 2532 2488 putaret,
2568 2418 2665 2472 sed
2698 2434 2826 2473 vere
2864 2436 2893 2471 a
2924 2418 3032 2472 Deo
3057 2418 3255 2474 illatas.

1958 2621 1975 2653 ι
2009 2601 2171 2669 lnjeci
2200 2616 2367 2668 super
2394 2616 2514 2655 eam
2551 2607 2776 2670 rcpcutc
2816 2607 3128 2655 tremorem.
3178 2621 3197 2653 ι
3264 2599 3468 2656 Pra:ter

1883 2694 2366 2762 exspectationem.

1959 2786 2023 2841 ν.
2050 2789 2104 2843 9.
2143 2807 2160 2838 ι
2187 2785 2370 2840 Vacua
2399 2785 2539 2840 facta
2573 2794 2678 2840 est.
2700 2786 2913 2841 Occidit
2946 2786 3025 2840 sol
3052 2784 3125 2846 ei,
3147 2802 3270 2839 cum
3291 2786 3471 2840 adhuc

1887 2882 2099 2936 modius
2138 2881 2254 2935 dies
2287 2887 2452 2934 esset.
2480 2899 2498 2930 ι
2533 2877 2629 2934 Vel
2673 2889 2896 2948 propter
2938 2877 3179 2932 hostium
3223 2878 3472 2932 multitu—

1887 2973 2103 3039 dinem;
2131 2972 2213 3026 vel
2239 2972 2387 3042 quia,
2412 2971 2712 3040 repentinis
2741 2970 2918 3027 allecti
2941 2969 3368 3035 calamitatibus,
3403 2987 3472 3024 ne

1888 3066 2059 3120 Solent
2093 3063 2311 3133 quidem
2345 3077 2455 3132 prae
2479 3061 2802 3116 confusione
2835 3061 3044 3116 vident.

1963 3154 2026 3208 V.
2062 3157 2148 3209 10.
2196 3174 2213 3204 ι
2245 3152 2360 3207 lleu
2391 3169 2499 3216 me.
2542 3162 2718 3207 mater
2749 3167 2890 3215 mea,
2918 3168 3090 3222 quare
3122 3152 3357 3223 genuisti
3388 3169 3474 3207 me

1889 3247 2087 3308 virum,
2129 3244 2220 3313 qui
2248 3243 2462 3314 judicer
2493 3252 2548 3298 et
2577 3243 2861 3298 discernar
2889 3243 3036 3296 οιιιιιὶ
3072 3242 3267 3296 terrm?
3292 3262 3309 3294 ι
3344 3243 3475 3296 Jux-

1893 3351 1941 3394 ta
1985 3340 2246 3403 litteram,
2301 3339 2445 3408 quod
2500 3337 2995 3407 pseudoprophetis
3041 3337 3470 3402 contradicebat,

1891 3444 2120 3498 cumque
2157 3428 2322 3495 impie
2346 3426 2634 3498 agentibus
2663 3425 2908 3495 litigabat
2938 3443 2951 3486 ;
2987 3424 3138 3491 juxta
3172 3438 3300 3478 vero
3334 3425 3477 3476 inte-

1891 3519 2090 3573 riorem
2123 3534 2365 3582 sensum,
2397 3518 2526 3587 quia
2558 3518 2722 3572 variis
2755 3517 2934 3570 modis
2965 3516 3225 3585 iniquitas
3249 3516 3455 3569 circum

1891 3615 1999 3686 agit
2027 3613 2347 3666 bonitatem.

1970 3725 1988 3758 ι
2028 3707 2136 3760 Nec
2176 3705 2376 3774 profuit
2411 3705 2545 3758 mihi
2572 3704 2878 3774 quisquam.
2908 3722 2924 3752 ι
2951 3702 3107 3768 Quod
3131 3700 3481 3771 propheticus

1895 3816 2076 3856 sermo
2115 3800 2264 3853 nullo
2305 3799 2466 3853 modo
2493 3799 2746 3852 liberavit
2777 3815 2806 3851 ιι
2854 3808 3118 3866 peccato;
3158 3796 3230 3850 ita
3265 3806 3321 3848 ut
3382 3811 3472 3849 ne-

1896 3896 2132 3950 cessario
2157 3911 2295 3962 opus
2335 3901 2482 3948 esset
2521 3894 2693 3946 salute
2727 3910 2821 3963 per
2855 3891 3155 3946 Christum.

1973 4009 1990 4039 ι
2025 3987 2308 4042 Fortitudo
2358 4002 2475 4040 mea
2529 3985 2725 4039 defecit
2784 3985 2837 4038 in
2891 3984 2975 4038 his
3013 3985 3104 4054 qui
3149 3984 3483 4038 maledicunt

1897 4081 2054 4136 mihi.
2091 4099 2108 4130 ι
2149 4079 2250 4145 Qui
2282 4079 2413 4132 mihi
2447 4078 2795 4132 insidiantur.

1969 4170 2032 4224 γ.
2059 4171 2140 4224 Η.
2170 4189 2188 4220 ι
2216 4169 2352 4234 Fiat,
2373 4170 2624 4232 Domine,
2651 4168 3010 4238 dirigentibus
3038 4167 3160 4222 illis.
3193 4187 3210 4219 ο
3241 4167 3484 4232 Utinam,

1898 4266 1993 4330 ait,
2025 4279 2081 4317 se.
2113 4263 2408 4333 dirigerent
2439 4270 2493 4315 et
2521 4268 2976 4315 converterentur
2996 4261 3060 4313 ad
3099 4270 3168 4321 te,
3201 4268 3260 4312 ut
3288 4260 3483 4314 iterum

1898 4375 1997 4428 pro
2025 4358 2129 4411 illis
2169 4357 2234 4410 ad
2270 4332 2323 4410 te
2358 4370 2547 4424 preces
2577 4353 2939 4418 effunderem,
2977 4362 3032 4406 et
3062 4361 3305 4422 peterem
3357 4351 3488 4420 ipsis

1901 4451 2067 4514 bona,
2097 4449 2254 4516 idque
2287 4445 2468 4500 hastili
2501 4444 2685 4498 animo
2713 4445 2764 4496 in
2803 4459 2888 4497 mc
2918 4442 3149 4496 affectis.

1832 4527 1878 4582 D
1974 4538 2039 4593 ν.
2075 4539 2158 4592 1:2.
2202 4557 2218 4588 ι
2257 4538 2311 4590 Si
2341 4549 2700 4607 Cugnoscctttt‘
2732 4536 2962 4597 ferrum,
2994 4545 3047 4588 et
3098 4535 3487 4588 vestimentum

1903 4649 2114 4685 :eueinu
2145 4631 2403 4684 fortitudo
2439 4629 2566 4682 tua?
2593 4649 2611 4680 ›
2647 4627 2739 4682 Dei
2774 4627 2934 4682 verba
2969 4629 3037 4681 ad
3074 4627 3370 4696 populum:
3399 4625 3490 4677 Li-

1906 4734 2012 4783 cet,
2041 4722 2236 4788 ἱιιειιιὶι,
2273 4721 2346 4773 sis
2380 4719 2634 4773 robustus
2669 4727 2727 4772 ut
2758 4719 2984 4782 ferrum,
3013 4719 3099 4773 vel
3133 4734 3230 4781 aes,
3263 4733 3493 4786 supcra-

1909 4813 1975 4865 bo
2008 4825 2076 4865 te.

1984 4991 2045 5046 V.
2086 4991 2164 5044 15.
2200 4989 2296 5043 «Et
2322 4988 2605 5043 thesauros
2635 4995 2758 5040 tuos
2782 4986 2834 5038 in
2864 4984 3404 5054 direptionemdabo,
3441 4992 3495 5036 et

1912 5091 2395 5141 commutationem
2427 5089 2648 5150 propter
2679 5079 2861 5133 omnia
2896 5086 3116 5148 peccata
3159 5088 3269 5130 ttta.
3300 5096 3317 5126 ι
3354 5075 3495 5142 Quid

1914 5187 2014 5236 est.
2034 5174 2531 5232 commutationem?
2555 5171 2659 5225 f‘ro
2689 5171 2928 5241 peccatis
2962 5169 3293 5223 tuistradam
3331 5183 3500 5238 pecu-

1916 5271 2062 5326 niam
2120 5279 2289 5332 tuam,
2344 5277 2397 5320 et
2458 5265 2625 5319 robur
2689 5271 2862 5326 tuum,
2913 5261 3169 5331 quoniam
3222 5260 3327 5314 illis
3364 5259 3499 5314 fidc~

1915 5362 2066 5416 bant.

1989 5452 2049 5507 V.
2089 5451 2174 5505 15.
2202 5469 2219 5501 ι
2247 5447 2395 5502 Scito
2411 5446 2666 5516 quoniam
2695 5444 2878 5512 accepi
2901 5459 2999 5511 pro
3020 5442 3494 5510 tcopprobriunm

1917 5546 2037 5601 Cito
2063 5586 2076 5607 ,
2109 5559 2177 5598 ne
2210 5542 2411 5596 tardes.

1995 5655 2011 5686 ι
2047 5634 2110 5688 Et
2141 5633 2247 5687 erit
2275 5631 2406 5685 mihi
2437 5630 2663 5683 verbum
2723 5635 2875 5680 tuum
2908 5625 2962 5678 in
3015 5623 3279 5687 laetitiam,
3332 5629 3386 5675 et
3448 5622 3501 5675 in

1921 5727 2176 5801 gaudium
2238 5723 2418 5778 cordis
2457 5725 2584 5773 mei.
2624 5739 2640 5770 ι
2679 5717 2751 5774 Ut
2807 5734 2931 5771 eum
2978 5715 3172 5785 gaudio
3225 5723 3506 5766 sermones

1928 5799 2050 5873 tuos
2083 5817 2328 5883 eloquar,
2363 5811 2566 5868 nullam
2600 5807 2826 5880 posthac
2876 5807 2943 5861 ab
2978 5805 3081 5860 illis
3121 5799 3503 5860 contrariu'tie-

1930 5925 2055 5966 nem
2079 5907 2313 5978 patiens.
