4214 6450
231 395 344 461 689
1344 403 1808 464 FRAGMENTA
1848 405 1929 465 ΙΝ
1967 403 2384 466 JEREMIAM.
3386 393 3494 461 670

232 508 442 579 αὐχένα
477 509 754 565 δεικνύναι
802 513 1008 582 μᾶλλον
1040 515 1073 586 ἦ
1119 515 1434 590 πρόσωπον.
1473 520 1543 571 Ἦ
1584 520 1666 572 ὅτι
1704 520 1815 574 τῶν
1846 524 1890 580 Α

1846 524 1890 580 Α
1918 521 2208 590 Proprium
2229 527 2312 573 est
2359 517 2720 588 captivorum,
2749 512 2903 570 humi
2936 509 3146 568 vultum
3178 507 3490 569 demittere.

232 600 716 672 ἅπεστραμμένων
749 604 809 657 οὐ
845 604 906 658 τδ
935 605 1251 675 πρόσωπον,
1300 609 1437 663 ἀλλὰ
1478 611 1570 663 τὸν
1608 613 1814 681 αὐχένα

1917 620 1977 666 ut
2015 611 2200 680 potius
2237 609 2534 673 cervicem,
2562 623 2726 676 quam
2768 607 2969 663 faciem
3013 604 3328 659 ostendant.
3395 598 3493 654 Vel

228 690 475 764 δρῶμεν,
507 694 645 766 ὅπερ
668 694 764 748 τοῦ
788 695 924 750 Θεοῦ
959 698 1113 767 δηλοί
1133 699 1236 771 τὴν
1268 701 1641 774 ἀποστροφήν.

1914 703 2058 775 quod
2088 718 2276 757 eorum
2330 702 2421 772 qni
2450 709 2579 755 sunt
2613 700 2812 764 aversi,
2854 713 2965 752 non
2987 697 3207 760 faciem.
3248 694 3343 750 sed
3370 708 3492 746 rer-

1914 797 2090 850 vicem
2123 795 2392 858 ridemus,
2412 793 2556 862 quod
2586 792 2792 846 indicat
2820 791 3162 844 aversionem
3193 803 3224 842 a
3251 787 3384 841 Deo.

314 882 334 915 ι
369 865 491 919 Ὀτι
517 867 618 921 οὐκ
644 868 953 925 ἀπολεῖται.
991 891 1009 922 ι
1063 872 1494 929 Ἐσουλεύσαντο
1523 877 1775 942 λέγοντες
1796 893 1809 907 ·

1991 906 2009 937 ε
2041 885 2159 940 Non
2191 886 2339 940 enim
2373 885 2590 955 peribit.
2632 902 2650 935 ι
2710 881 3018 938 Consilium
3094 880 3342 933 inierunt
3403 875 3483 931 di-

245 954 308 1008 ’0
343 955 615 1028 Ἱερεμίας
653 960 832 1031 ίερεύς
885 965 1025 1026 ἐστι,
1067 965 1164 1018 καὶ
1211 965 1529 1034 ἀναγκαίως
1561 963 1670 1020 οἶδε
1721 968 1813 1021 τὸν

1914 987 2103 1032 centes
2132 994 2144 1030 :
2171 976 2439 1032 Jereinias
2473 976 2728 1030 sacerdos
2777 981 2878 1039 est,
2918 980 2974 1026 et
2997 969 3308 1026 necessario
3341 967 3488 1021 novit

230 1048 423 1118 νόμον,
454 1054 548 1104 καὶ
572 1053 862 1123 προςρήτης
889 1052 986 1119 ὢν,
1011 1051 1120 1109 οἶδε
1144 1056 1206 1108 τὸ
1235 1058 1496 1127 ἐσόμενον
1518 1075 1533 1088 ο
1568 1062 1662 1111 καὶ
1681 1076 1812 1111 συν-

1915 1070 2109 1140 legcm,
2151 1080 2206 1124 et
2240 1069 2508 1138 propheta
2559 1082 2682 1120 cum
2712 1068 2802 1127 sit.
2866 1066 3048 1120 futura
3106 1063 3396 1131 cognorit;
3436 1069 3490 1116 et

231 1143 358 1206 ετὸς
384 1143 462 1196 ὢν
486 1139 594 1199 οἶδε
626 1145 688 1199 τὸ
722 1145 862 1202 δέον.
893 1148 1062 1200 Δεῦτε
1105 1145 1221 1212 οὖν,
1250 1151 1436 1220 φησὶν,
1471 1150 1814 1221 ἐρεοίσωμεν

1914 1139 2011 1218 scit
2043 1163 2359 1232 utprndens
2420 1159 2551 1230 quid
2597 1157 2867 1228 agendum
2921 1157 3014 1210 sit.
3069 1146 3259 1209 Venite
3299 1154 3486 1224 igitur,

228 1234 400 1337 αὐτὸν
421 1235 620 1304 λόγοις,
643 1239 736 1293 καὶ
766 1241 987 1306 πάντως
1013 1243 1131 1314 ἐρεῖ
1162 1244 1298 1314 ἡμῖν
1332 1244 1400 1296 τὰ
1435 1242 1809 1313 ἐκϐησόμενα.

1912 1255 2087 1318 aiunt,
2130 1253 2309 1307 verbis
2340 1252 2520 1322 ipsum
2553 1248 2919 1312 stimulemus,
2945 1253 3001 1300 et
3029 1260 3150 1315 quae
3178 1253 3485 1299 snntevcn-

310 1402 311 1405 η
1915 1355 2032 1399 tura
2072 1343 2373 1414 propalabit
2403 1341 2650 1396 omnino.

309 1434 328 1467 ι
362 1416 467 1469 Καὶ
502 1418 599 1489 τήν
630 1421 876 1475 κόλασιν.
917 1441 936 1473 ι
972 1423 1143 1477 Ἀλλα
1175 1423 1265 1478 διὰ
1308 1423 1556 1493 γλώττης
1599 1424 1809 1492 προφέ-

1984 1436 2150 1498 v.20.
2171 1434 2268 1488 tEt
2289 1433 2630 1503 punitionem
2657 1447 2833 1486 suam.
2863 1449 2880 1481 ι
2911 1428 3068 1483 Aliud
3091 1441 3188 1480 ore.
3204 1422 3481 1497 proferen-

232 1523 454 1577 ροντες,
489 1509 588 1582 τὴν
629 1513 750 1565 κατ’
785 1515 921 1584 ἐμοῦ
969 1515 1250 1570 ἀπώλειαν
1297 1516 1558 1585 κρυπτῶς
1599 1517 1811 1586 ἐμηχαο

1599 1517 1811 1586 ἐμηχαο
1913 1541 1995 1586 tes
2022 1541 2199 1583 meam
2234 1524 2535 1595 perniciem
2570 1521 2712 1577 clam
2752 1521 3227 1575 machinabantur.

236 1615 401 1652 δωντο
409 1642 420 1654 .

823 1697 1076 1751 ΚΕΦᾹΛ.
1117 1696 1217 1751 16'.

1204 1738 1217 1751 .
2528 1699 2682 1755 CAP.
2723 1698 2865 1753 XIX.

303 1800 325 1836 ε
374 1784 596 1856 ’Πχήσει
645 1786 713 1840 τὲ
745 1782 861 1842 ὦτα
895 1787 1084 1844 αὐτοῦ.
1131 1809 1148 1841 ι
1186 1790 1448 1845 Τουτὲστι
1493 1791 1801 1861 009961101]-

1981 1795 2044 1847 ν.
2079 1795 2132 1848 5.
2177 1813 2196 1844 ε
2231 1794 2298 1848 Et
2325 1791 2556 1846 tinnient
2605 1803 2768 1844 aures
2800 1787 2940 1857 ejus.
2979 1806 2997 1839 ι
3055 1783 3170 1841 lloc
3190 1793 3274 1838 est
3303 1783 3483 1838 turba-

225 1889 402 1930 σεται.
429 1872 603 1947 Ἦχος
625 1878 735 1950 γὰρ
765 1878 1057 1950 ἐμπίπτων
1080 1882 1271 1945 ἀκοαῖς
1297 1881 1531 1953 θόρυϐον
1557 1883 1797 1952 ἐμποιεῖ.
1837 1883 1878 1938 Β

1837 1883 1878 1938 Β
1902 1885 2051 1939 bitur
2095 1897 2311 1937 :sunus
2330 1881 2480 1935 enim
2509 1879 2564 1935 in
2605 1893 2767 1934 aures
2835 1877 3071 1932 illabens
3116 1874 3481 1931 turbationem

1909 1976 2121 2031 iuuerit.

298 2072 318 2107 ι
357 2056 738 2128 Πολυάνδριον.
779 2077 798 2110 ι
834 2058 1201 2130 Πολυάνδριον
1227 2059 1405 2128 τάφος
1427 2102 1441 2125 .
1473 2058 1569 2114 καὶ
1608 2059 1800 2130 ἐπειδῆ
1909 1993 1960 2029 m

1909 1993 2121 2047 Ingerit.

1976 2067 2040 2124 ν.
2080 2069 2134 2123 6.
2169 2086 2188 2120 ι
2235 2065 2640 2138 l’otyandrium.
2689 2082 2709 2114 ι
2743 2062 3127 2131 Polyandrium
3160 2072 3483 2112 monumen-

218 2146 354 2211 τσως
389 2150 784 2221 κατερῤυηκὼς
812 2149 882 2223 ἦν
908 2192 922 2214 ,
959 2151 1134 2214 οὓτως
1183 2151 1433 2206 ἐκαλεῖτο
1475 2154 1508 2222 ή
1559 2152 1800 2206 διάπτωο

1906 2170 2018 2214 tum
2040 2167 2140 2220 est,
2170 2167 2227 2213 et
2246 2157 2372 2227 quia
2394 2156 2621 2210 fortasse
2648 2153 2944 2222 collapsum
2979 2160 3117 2216 erat,
3140 2149 3220 2206 sic
3248 2147 3481 2203 vocaba-

219 2255 328 2303 σις,
356 2241 576 2310 ότάφος
604 2240 725 2295 υἱοῦ
761 2242 980 2314 Ἐννομ.

1904 2262 1993 2306 tur
2026 2251 2202 2314 ruina,
2239 2250 2519 2321 sepultura
2551 2247 2642 2302 filii
2694 2247 2926 2301 Ennom.

293 2349 314 2384 ε
347 2332 455 2384 Καὶ
490 2333 703 2403 σφάξω.
740 2353 759 2385 ι
815 2335 961 2390 Ἀντὶ
995 2333 1089 2388 τοῦ
1113 2376 1128 2402 ,
1161 2337 1291 2400 τοὺς
1325 2333 1799 2405 βουλευσαμένους

1977 2343 2040 2398 ν.
2071 2347 2124 2400 ’1.
2161 2364 2179 2396 ι
2240 2344 2307 2399 Et
2341 2342 2618 2414 jugulabo.
2676 2358 2694 2392 ι
2742 2339 2821 2392 Ac
2855 2336 2902 2392 si
2945 2336 3174 2403 diceret,
3215 2335 3338 2391 illos
3385 2333 3479 2405 qui

213 2421 319 2496 τὴν
351 2423 528 2494 κακὴν
563 2425 783 2497 βουλήν.

1900 2438 2104 2492 malum
2133 2436 2427 2491 consilium
2456 2434 2714 2490 inierunt.

292 2533 315 2567 ε
362 2517 448 2568 Ἐν
474 2519 542 2588 τῇ
569 2520 820 2590 περιοχῇ.
857 2538 873 2570 ι
918 2519 1008 2573 Ἑν
1039 2518 1118 2591 τῷ
1156 2521 1440 2590 περισχεῖν
1471 2518 1597 2580 τοὺς
1633 2517 1797 2570 πολε-

1968 2531 2112 2586 v.9.
2155 2549 2175 2581 ε
2220 2529 2280 2584 In
2311 2529 2618 2584 obsidione.
2662 2547 2681 2580 ι
2752 2528 2892 2583 Dum
2931 2529 3114 2582 hostes
3165 2523 3479 2580 circumda-

215 2609 379 2680 μίους
405 2609 504 2682 τὴν
540 2611 697 2664 πόλιν
716 2628 731 2643 ο
763 2610 1038 2677 τουτέστι,
1067 2611 1460 2683 πολιορκῆσαι.

1278 2611 1460 2680 ιιῆσαι·
1899 2621 2038 2683 bunt
2059 2619 2360 2682 civitatem,
2386 2618 2440 2674 id
2461 2626 2566 2683 est,
2590 2617 2942 2674 obsidebunt.

293 2721 315 2753 ι
354 2700 556 2765 Καθὼς
588 2704 615 2754 ὁ
639 2703 824 2766 τόπος.
862 2722 882 2755 ι
936 2703 1024 2756 Ἐν
1062 2705 1177 2766 τοῖς
1220 2701 1578 2756 διαπίπτουσι
1611 2701 1797 2764 τόποις

1970 2710 2034 2764 V.
2062 2711 2150 2765 15.
2191 2727 2210 2761 ι
2247 2708 2400 2764 Sicut
2457 2709 2630 2764 locus.
2669 2727 2689 2760 ι
2733 2708 2794 2764 In
2850 2707 2969 2764 loca
3028 2707 3251 2762 ruinosa
3302 2704 3481 2760 solent
3562 2733 3575 2749 ι

210 2792 314 2855 τὰς
341 2792 686 2864 ἀκαθαρσίας
711 2795 926 2867 ῥίπτειν
944 2795 1274 2864 πεφύκασιν.
1292 2792 1481 2857 Οὕτως
1501 2791 1618 2857 οὖν,
1638 2793 1795 2862 φησι,

1900 2803 2170 2874 projicere
2199 2801 2407 2856 sordes.
2452 2799 2542 2854 Sic
2573 2800 2758 2871 igitur,
2786 2799 2883 2864 ait,
2916 2813 3015 2869 per
3062 2813 3148 2852 me
3187 2795 3397 2852 civitati
3424 2803 3480 2850 et

212 2885 632 2957 παρασκευάσω
662 2889 919 2956 γενέσθαι
952 2887 1052 2960 τὴν
1104 2887 1282 2953 πόλιν,
1325 2887 1424 2941 καὶ
1463 2887 1561 2950 τὰς
1593 2887 1795 2949 οξκίαςν

1463 2887 1561 2950 τὰς
1593 2887 1795 2949 οξκίας.
1898 2892 2151 2948 domibus
2173 2891 2285 2957 fiet,
2327 2891 2383 2946 in
2419 2891 2621 2961 quibus
2652 2890 2796 2945 idola
2826 2889 3103 2947 colebant.

211 2978 274 3030 ὲν
300 2972 390 3040 αἶς
413 2977 860 3049 είδωλολάτρουν.

291 3086 310 3118 ε
350 3067 556 3136 Ταφέθ.
595 3087 615 3120 ι
659 3070 733 3122 Τὸ
781 3068 998 3140 “fugato,
1035 3069 1364 3137 διάπτωσις
1399 3067 1793 3141 ἑρμηνεύεται,

1975 3085 1994 3120 ι
2025 3065 2300 3136 Tapheth.
2334 3083 2353 3116 ι
2401 3061 2652 3133 Tapheth
2689 3062 2846 3116 ruina
2879 3061 3294 3130 interpretatur,
3334 3058 3477 3114 unde

209 3157 337 3212 ὅθεν
369 3160 541 3211 ἐλθὼν
581 3162 610 3214 ὁ
656 3163 951 3232 προφήτης
993 3162 1063 3215 τὰ
1113 3161 1255 3216 αὑτά
1303 3161 1562 3234 προλέγει
1607 3161 1788 3215 κακά’
1823 3219 1860 3234 Α

1823 3219 1860 3234 Α
1902 3159 2170 3229 propheta
2207 3158 2438 3214 veniens
2467 3157 2658 3210 eadem
2687 3155 2826 3210 mala
2874 3152 3479 3224 praedicit;indurave-

209 3248 560 3321 ὲσκλήιιυναν
583 3248 640 3302 δὲ
665 3219 756 3302 τδν
781 3219 1074 3322 τράέηλον,
1115 3219 1372 3323 καθάπερ
1403 3219 1783 3318 ’τὰ-ὑποζύγια
1819 3219 1863 3278 c

1819 3219 1863 3278 ο
1897 3261 2024 3306 runt
2050 3265 2176 3306 vero
2206 3250 2497 3315 cervicem,
2536 3247 2697 3302 siruti
2736 3248 2986 3319 jumenta
3053 3246 3247 3316 jugum
3290 3245 3474 3300 detre-

209 3339 542 3394 ἀνανεύοντα
572 3341 710 3412 πρὸς
739 3339 931 3410 ζυγόν.

448 3357 542 3394 ντα
572 3341 710 3412 πρὸς
739 3339 931 3410 ζυγόν.
1895 3343 2112 3400 ctantia.

805 3456 1056 3511 ΚΕΦΑΛ.
1101 3454 1186 3511 κ’.

1172 3497 1186 3511 .
2523 3453 2677 3508 CAP.
2712 3451 2828 3508 XX.

285 3563 305 3596 ι
345 3543 456 3599 Καὶ
485 3544 684 3614 ἢκουσε
741 3544 1002 3615 Πασχώρ.
1043 3563 1060 3596 ι
1095 3545 1354 3617 Πασχὼρ,
1399 3543 1580 3616 ἱερεὺς
1604 3538 1674 3614 ἦν
1697 3535 1786 3594 οὗ-

1965 3551 2026 3605 ν.
2059 3549 2107 3602 1.
2157 3565 2175 3600 ι
2215 3549 2280 3602 Et
2304 3546 2513 3602 audivit
2560 3546 2817 3600 Paschor.
2853 3561 2871 3594 ι
2919 3542 3181 3610 Pascbor,
3216 3543 3471 3600 sacerdos

218 3651 322 3700 τος,
349 3635 446 3688 καὶ
470 3634 692 3705 πρῶτος
722 3635 833 3688 τῶν
855 3634 1347 3706 ψευδοπροφητῶν.

1895 3643 1984 3698 hic
2019 3649 2156 3706 erat,
2193 3638 2903 3711 pseudopmphetarumque
2931 3645 3114 3707 caput.

287 3743 307 3776 ι
343 3725 438 3786 Et;
490 3724 575 3778 τὸν
619 3725 934 3797 κατάρρακ.
975 3745 994 3778 ι
1043 3726 1133 3780 Ἐν
1187 3725 1442 3790 ἰδιάζοντι
1493 3725 1644 3797 τόπῳ
1695 3727 1791 3782 τοῦ

1970 3733 2027 3787 V.
2057 3732 2112 3787 2.
2147 3751 2165 3784 ι
2199 3732 2256 3786 In
2287 3738 2639 3786 cataractam.
2674 3749 2692 3781 ι
2726 3729 2784 3782 In
2820 3728 3090 3799 peculiari
3119 3727 3308 3797 templi
3327 3727 3469 3782 loco.

205 3835 364 3872 ναου.

288 3927 308 3962 ε
339 3911 445 3963 Σὺν
478 3910 610 3963 πᾶσι
647 3913 762 3974 τοῖς
793 3910 987 3979 φίλοις.
1027 3928 1046 3962 t
1077 3911 1204 3974 Τοῖς
1247 3911 1666 3983 συμπράττουσί
1697 3929 1787 3965 σοι

1970 3933 1986 3963 ι
2031 3911 2169 3967 Cum
2197 3911 2452 3965 omnibus
2484 3909 2696 3963 amicis.
2731 3927 2747 3958 ι
2787 3906 2892 3973 Qui
2938 3907 3037 3963 tibi
3090 3906 3223 3962 socii
3289 3912 3468 3970 erant,

206 4001 272 4052 ὲν
302 3998 381 4070 τῷ
407 3999 964 4071 ψευδοπροφητεύειν.

909 4017 964 4054 ιν.
1891 4005 2019 4060 dum
2061 4003 2194 4058 falsa
2224 4002 2573 4072 prmdicercs.

290 4107 310 4142 ε
343 4089 659 4158 Ἢπάτησὰς
687 4105 774 4159 με.
801 4089 953 4142 »Ἔτι
983 4089 1084 4157 μὲν
1113 4089 1358 4158 ἀπάτην
1387 4089 1544 4144 καλεῖ
1573 4089 1784 4163 [ἀπάτη

1961 4095 2027 4151 V.
2069 4097 2120 4150 7.
2159 4114 2177 4146 ι
2226 4092 2493 4163 Decepisti
2522 4109 2629 4148 me.
2680 4111 2697 4144 ι
2728 4091 2822 4147 Est
2847 4100 3110 4162 prteterca
3146 4090 3290 4144 bona
3321 4090 3470 4148 sedu-

407 4185 440 4252 ή
465 4182 573 4235 ἀπὸ
599 4182 694 4235 τοῦ
720 4181 962 4252 χείρονος
989 4183 1079 4234 ἐπὶ
1108 4183 1170 4235 τὸ
1202 4187 1448 4253 κρεῖττον
1482 4183 1784 4256 μεταϐολή.

1890 4189 1994 4241 ctio
2017 4187 2084 4241 de
2123 4185 2264 4239 malo
2291 4184 2346 4238 in
2377 4184 2580 4237 bonum
2613 4181 2864 4236 mutatio.
2909 4179 3101 4249 Aquila
3129 4193 3260 4233 vero
3288 4177 3470 4232 reddi-

219 4273 284 4327 '0
325 4274 382 4326 δὲ
423 4273 684 4336 Ἀκύλας·
724 4272 1022 4340 Ἔθελξάς
1042 4292 1147 4343 με,
1187 4275 1282 4328 καί
1330 4275 1651 4345 ἐθέλχθην,
1700 4277 1788 4340 ἑξ-

1891 4281 1989 4344 dit,
2022 4277 2263 4332 Allext'stt'
2290 4291 2389 4340 me,
2421 4283 2468 4327 et
2499 4273 2717 4327 allectus
2749 4289 2888 4334 sum,
2917 4272 3074 4342 quasi
3109 4271 3254 4326 dicat
3284 4287 3299 4323 :
3337 4270 3469 4324 Pro—

203 4366 432 4420 ἑδωκεν.
464 4365 531 4419 '0
563 4364 620 4418 δὲ
645 4364 829 4435 λέγει,
870 4366 1114 4419 τοιοῦτόν
1140 4368 1288 4420 ἐστιν
1313 4385 1326 4397 ·
1369 4365 1640 4437 ’Υπὲσκου
1673 4385 1786 4438 μοι,

1890 4370 2104 4434 misisti,
2129 4367 2375 4430 Domine,
2405 4365 2700 4421 defendere
2730 4380 2840 4430 me,
2861 4372 2918 4418 et
2946 4363 3154 4418 deseris
3172 4361 3229 4416 in
3253 4361 3341 4416 bis
3367 4377 3467 4414 ne-

200 4459 407 4531 Κύριε,
433 4457 834 4530 ὑπερασπίζειν
865 4477 987 4528 μου,
1015 4461 1108 4510 καί
1144 4463 1235 4527 ἐᾷς
1265 4477 1332 4529 με
1358 4463 1414 4512 ὲν
1447 4464 1565 4523 ταῖς
1597 4461 1786 4513 τοιαύο

1889 4459 2249 4517 cessitatibus.
2308 4456 2445 4510 Dicit
2493 4471 2621 4510 vero
2655 4456 2777 4518 hoc,
2819 4468 2927 4508 non
2963 4453 3131 4508 Deum
3162 4467 3426 4506 accusans
3447 4493 3461 4517 ,

197 4568 326 4613 ταις
372 4550 779 4622 περιστάσεσιν.
806 4552 943 4620 Φησὶ
988 4553 1046 4603 δὲ
1103 4552 1280 4611 τοῦτο.
1315 4552 1375 4602 οὐ
1415 4552 1545 4604 Θεὸν
1581 4552 1785 4604 αἱτιού-
1815 4555 1857 4609 D

1815 4555 1857 4609 D
1887 4554 1982 4608 sed
2018 4551 2160 4621 quod
2184 4559 2240 4604 ct
2270 4548 2469 4602 Paulus
2506 4547 2601 4611 ait,
2659 4547 2735 4601 De
2788 4546 2881 4598 hoc
2907 4557 2986 4600 ter
3044 4546 3210 4598 Deum
3255 4543 3460 4612 rogavi.

206 4659 394 4714 μενος.
422 4642 536 4698 ἀλλ’
571 4643 709 4714 ὅπερ
735 4648 826 4696 καὶ
869 4643 1081 4706 Παῦλός
1117 4660 1305 4712 φησιν,
1344 4641 1526 4710 ’Υπὲρ
1566 4643 1781 4695 τούτου

1886 4644 1983 4699 Vel
2011 4645 2090 4698 sic
2121 4659 2136 4696 :
2165 4624 2430 4718 [ﬁeeptns
2465 4655 2607 4705 sum,
2661 4639 2955 4693 arbitratus
3017 4653 3113 4692 eos
3177 4635 3465 4706 probiores

201 4735 334 4805 τρὶς
353 4735 460 4789 τὸν
480 4735 702 4802 Κύριον
733 4735 1139 4805 παρεκάλεσα.
1161 4737 1230 4788 Ἦ
1261 4735 1355 4788 καὶ
1377 4732 1571 4797 οὕτως·
1604 4735 1781 4788 Ἰιπα-

1685 4751 1781 4788 πτα-
1883 4751 2143 4793 evasuros
2174 4736 2282 4790 tuis
2309 4733 2772 4804 prmdietionibus,
2797 4740 2853 4785 et
2887 4745 2998 4786 non
3027 4737 3349 4786 evaserunt.

200 4824 404 4898 τήθην,
434 4825 672 4897 νομίζων
722 4825 921 4887 αὐτοὺς
963 4824 1206 4893 βελτίους
1248 4823 1499 4892 γενέσθαι
1543 4824 1635 4876 διὰ
1672 4824 1782 4876 τῶν

200 4914 572 4988 προρρήσεων
595 4913 709 4967 τῶν
738 4913 868 4980 σῶν,
893 4914 988 4968 καὶ
1010 4915 1070 4968 οὐ
1098 4914 1381 4982 γεγόνασι.

281 5008 440 5062 «Ὅτι
471 5005 657 5077 πικρῷ
685 5005 832 5078 λόγῳ
868 5025 972 5078 μου
995 5007 1304 5078 γελάσομαι
1330 5005 1780 5063 ἀθεσίαν.›“Ἐστι

1953 4994 2017 5049 γ.
2041 4993 2093 5050 8.
2131 5013 2147 5045 ι
2180 4993 2316 5061 Quia
2353 5009 2540 5048 amaro
2587 4993 2756 5048 verbo
2810 4993 3004 5048 ridebo
3057 4992 3461 5063 praevaricatio-

197 5097 315 5169 γὰρ
348 5097 527 5167 γέλως
551 5097 771 5170 πικρὸς,
799 5097 903 5150 ύπδ
929 5098 1161 5168 συνοχῆς
1181 5097 1364 5168 ψυχῆς
1388 5096 1778 5168 ἐκφερόμενος.

1882 5103 2027 5142 ηοιιι.
2055 5107 2072 5138 ι
2099 5085 2196 5141 Est
2211 5087 2355 5141 enim
2385 5086 2524 5141 risus
2552 5100 2793 5152 amarus,
2816 5085 2909 5156 qui
2930 5100 2994 5140 ex
3027 5085 3246 5141 turbato
3279 5085 3463 5140 animo

199 5190 318 5248 Kal.
339 5190 430 5243 διὰ
455 5188 548 5243 τοῦ
571 5189 809 5258 γέλωτος
834 5189 1045 5256 τούτου,
1075 5190 1262 5262 φησὶν,
1283 5187 1640 5259 ὑποδείκνυμι
1658 5229 1673 5254 ,
1698 5189 1778 5242 ὃτι

1882 5180 2154 5249 provenit.
2187 5179 2252 5233 Et
2278 5193 2374 5249 per
2395 5177 2726 5232 derisionem
2777 5177 2939 5243 hanc,
2977 5177 3073 5244 ait,
3099 5178 3334 5233 ostendo
3372 5192 3461 5233 me

195 5278 540 5350 ταλαιπωρῶ
565 5278 658 5332 ὑπ’
696 5277 897 5332 αὐτῶν.

855 5295 897 5332 ν,
1881 5271 1950 5325 ab
1987 5270 2069 5325 eis
2106 5270 2307 5325 misere
2336 5285 2519 5341 agere.

279 5391 300 5426 ε
330 5373 406 5428 οὔ
441 5371 518 5443 μὴ
556 5371 776 5443 λαλήσω
812 5370 914 5426 ἔτι.
955 5390 976 5424 ι
1005 5372 1105 5425 Διὰ
1149 5373 1210 5423 τὸ
1252 5371 1458 5442 μηδένα
1506 5368 1648 5424 εἶναι
1689 5372 1779 5426 τὸν

1951 5366 2006 5420 ν.
2057 5365 2112 5420 9.
2143 5382 2162 5416 ι
2198 5360 2311 5419 Nec
2347 5363 2541 5434 loquar
2566 5363 2726 5418 ultra.
2770 5381 2790 5415 ι
2822 5364 2902 5418 Eo
2919 5363 3064 5434 quod
3088 5362 3274 5419 nullus
3314 5372 3462 5419 esset

194 5465 552 5536 πειθόμενον.

1878 5457 1970 5529 qui
1992 5457 2151 5513 dictis
2187 5465 2425 5528 pareret.

279 5578 299 5610 ε
333 5557 445 5611 Καὶ
472 5555 692 5623 ἐγένετο
717 5556 794 5622 ὡς
824 5555 956 5629 πῦρ.
986 5574 1006 5608 ι
1039 5555 1098 5609 '0
1130 5555 1272 5626 ὑπὲρ
1304 5553 1397 5608 τοῦ
1425 5553 1563 5608 Θεοῦ
1590 5553 1776 5623 ζῆλος.

1956 5567 1976 5601 ε
2017 5548 2087 5604 Ει
2113 5547 2290 5603 factus
2319 5554 2404 5603 est
2448 5547 2602 5617 quasi
2622 5546 2784 5618 ignis.
2823 5565 2844 5598 ι
2869 5547 3032 5602 Zelus
3061 5547 3158 5617 qui
3208 5561 3310 5618 pro
3345 5546 3461 5604 Deo

1879 5642 2130 5697 habetur.

278 5751 300 5786 ε
342 5733 725 5806 Ἐπισυστῆτε.
760 5755 779 5788 ι
811 5736 997 5791 Ταῦτα
1034 5736 1223 5805 ελεγον
1249 5737 1299 5789 οί
1330 5735 1776 5798 ἐπιϐουλεύοντες

1951 5733 2014 5788 V.
2056 5733 2142 5790 10.
2175 5752 2194 5786 ι
2230 5733 2511 5789 lnsultatc.
2535 5751 2554 5784 ι
2596 5731 2721 5788 llzee
2747 5733 3024 5798 dicebant,
3055 5733 3149 5804 qui
3178 5735 3457 5804 prophetae

199 5829 281 5902 τῷ
314 5827 596 5899 προφήτην
622 5829 703 5882 ὃτι
746 5830 1036 5902 ’τηρήσατε
1087 5829 1252 5884 αὑτοῦ
1295 5829 1506 5892 πάντας
1532 5828 1656 5891 τοὺς
1688 5825 1776 5881 λύε

1880 5826 2162 5884 struebant
2193 5826 2454 5883 insidias:
2487 5823 2786 5884 Observate
2845 5843 3040 5898 nempe
3086 5844 3279 5885 omnes
3315 5824 3458 5881 illius
