4214 6450
194 418 306 497 677

1313 413 1776 474 FRAGMENTA
1817 414 1899 475 IN
1934 413 2351 477 JEREMIAM.

3371 417 3482 482 578

231 509 298 578 Ῠε
337 527 452 580 Οὐκ
493 525 605 579 ίδοὺ
656 526 705 578 oi
744 525 918 593 λόγοι.
961 540 980 576 ι
1037 523 1351 593 Τουτέστιν,
1405 526 1647 595 ἐνεργείς
1689 526 1786 580 καὶ

1964 549 1983 582 ι
2008 530 2200 585 Nonne
2230 543 2358 584 ecce
2378 529 2561 584 verba.
2599 547 2616 580 ι
2652 527 2860 599 Nempe
2886 529 3145 584 ardentes
3173 540 3232 583 et
3285 543 3486 596 poten-

192 618 444 675 δυνατοί.

274 731 297 765 ε
333 713 446 766 Kal
469 710 834 776 νυστάζοντας
872 710 1186 781 νυσταγμὸν
1219 711 1422 766 αὐτῶν.
1458 731 1478 765 ι
1501 709 1784 779 Τουτέστι,

192 803 416 876 νήψεως
450 804 526 875 μὴ
561 803 906 874 μετέχοντες.

277 914 297 946 ι
336 893 404 948 Τί
428 894 489 946 τὸ
519 894 715 963 λῆμμα
745 891 978 962 Κυρίου.
1014 908 1033 942 ι
1070 889 1290 959 Λῆμμα
1334 890 1473 962 ὀργὴ
1505 890 1644 959 μετὰ
1689 888 1788 942 Θυ-

198 986 332 1058 μοῦ,
362 989 427 1040 ἐκ
452 985 546 1038 τοῦ
573 985 667 1038 τὸν
703 984 1052 1054 ἰσχυρότερον
1082 982 1318 1036 λαῦόντα
1342 981 1434 1035 τὸν
1465 981 1789 1035 ἀσθενέστε-

198 1096 298 1150 ρον
333 1077 804 1149 καταρρηγνύναι.
833 1076 1095 1130 Καλεῖται
1127 1076 1185 1130 δὲ
1217 1073 1445 1144 λῆμμα,
1476 1075 1571 1127 καὶ
1596 1074 1624 1126 ό
1652 1090 1790 1144 χρησ-

199 1170 508 1242 ματισμός.

277 1281 298 1314 ε
321 1261 434 1316 Kal
455 1259 731 1330 ἐκδικήσω
757 1260 852 1312 τὸν
883 1256 1170 1329 ἄνθρωπον
1200 1259 1430 1312 ἐκεῖνον.
1459 1275 1477 1310 ι
1499 1258 1646 1312 Ἀντὶ
1669 1256 1790 1325 τοῦ,

193 1349 635 1421 τιμωρήσομαι,
672 1351 875 1402 κεῖται.

275 1459 295 1491 ι
331 1442 442 1494 Καὶ
499 1439 696 1510 λῆμμα
733 1438 964 1509 Κυρίου.
1006 1458 1026 1490 ι
1079 1439 1145 1492 Ἦ
1185 1438 1346 1511 ὀργὴ,
1384 1440 1540 1510 φησὶ,
1573 1437 1653 1509 τῷ
1697 1439 1794 1493 άν-

194 1531 407 1602 ορώπῳ
440 1532 506 1585 ἐκ
530 1531 636 1584 τοῦ
680 1531 862 1585 αὐτῶν
898 1532 1166 1602 στόματος
1206 1533 1731 1597 κατασκευάζεται·
1765 1534 1796 1586 ὁ

190 1625 311 1694 γὰρ
332 1623 466 1687 Θεὸς
485 1623 758 1693 ἀόργητός
777 1624 948 1691 ἐστιν,
971 1625 1095 1677 ἐπεὶ
1118 1625 1215 1678 καὶ
1239 1625 1458 1698 ἀπαθής
1487 1642 1501 1657 ο
1528 1626 1616 1680 διὰ
1637 1625 1794 1678 τοῦτο

190 1717 461 1782 κελεύει,
521 1715 597 1788 μὴ
649 1715 908 1784 λέγεσθαι
967 1715 1179 1787 λῆμμα
1235 1719 1478 1786 Κυρίου.
1548 1719 1624 1772 υύ
1683 1719 1795 1790 γὰρ

190 1807 335 1871 Θεὸς
364 1807 668 1877 ὀργίζεται,
699 1807 816 1863 ἀλλ’
855 1809 1070 1872 ἐαυτοίς
1112 1809 1212 1882 τὴν
1240 1810 1413 1882 ὀργὴν
1444 1813 1792 1866 κατασκευά-

192 1897 391 1968 ζομεν.

795 2012 1050 2066 ΚΕΦΑΛ.
1093 2013 1220 2070 KA'.

276 2137 299 2173 ε
338 2120 550 2188 Ἔδειξί
581 2138 675 2192 μοι
716 2121 926 2197 Κύριος
953 2123 1046 2178 δύο
1067 2125 1363 2209 καλάθους.
1400 2149 1419 2183 ι
1454 2133 1799 2210 Οίκειότερον

193 2212 295 2267 ἐπὶ
323 2214 424 2283 τῆς
444 2215 540 2268 τοῦ
569 2215 809 2287 Χριστοῦ
859 2216 1175 2290 ἐλευθερίας
1210 2218 1322 2293 [ίσ.
1353 2223 1645 2300 ἐλεύσεως]
1674 2232 1800 2302 νοή-

197 2323 320 2382 σεις
348 2324 531 2363 τουτο.

273 2419 295 2453 ε
337 2401 446 2455 Kal
471 2401 681 2474 στηριῶ
701 2405 827 2468 τοὺς
851 2404 1219 2478 ὀφθαλμούς.»
1255 2410 1596 2482 Σημείωσαι.
1623 2415 1706 2470 ὅτι
1737 2418 1799 2473 τὸ

197 2491 485 2562 στηρίζειν
504 2494 597 2548 τὸν
629 2494 763 2549 Θεὸν
795 2498 921 2560 τοὺς
957 2498 1295 2571 ὀφθαλμοὺς,
1333 2503 1429 2555 ἐπὶ
1466 2505 1800 2578 ἀμφοτέρων

196 2586 406 2651 κεῖται,
432 2585 642 2654 ἀγαθοῦ
671 2586 768 2640 καὶ
794 2587 966 2642 κακοῦ
993 2605 1007 2619 °
1045 2591 1140 2645 καὶ
1165 2593 1276 2663 γὰρ
1308 2594 1367 2647 ἐν
1392 2596 1508 2658 τοῖς
1533 2597 1801 2669 ἀνωτέρω

197 2674 328 2735 εἶπε
361 2694 375 2709 ·
403 2678 632 2748 Στηριῶ
655 2679 800 2747 τοὺς
829 2681 1177 2752 ὀφθαλμούς
1201 2702 1322 2754 μου
1340 2689 1428 2752 εὶς
1447 2687 1623 2742 κακά.

768 2816 1029 2872 ΚΕΦΑΛ.
1097 2819 1230 2872 κε’.

282 2951 304 2986 ε
346 2931 440 2987 Ἐν
488 2930 932 3005 τρισκαιδεκάτῳ
1002 2931 1112 2986 ἔτει
1166 2934 1368 2991 Ἰωσία.
1419 2955 1438 2990 ο
1490 2937 1804 2994 Είκοσικαὶ

197 3026 335 3099 τρία
377 3024 498 3096 ἐτη,
557 3024 728 3096 φησὶ,
789 3025 1103 3089 σπουδαίως
1148 3027 1600 3103 διαμαρτύρομαι
1657 3033 1804 3105 ὑμᾶς

198 3117 510 3191 ἀπέχεσθαι
549 3115 652 3188 τῆς
687 3115 1165 3188 εἰδωλολατρείας.
1215 3122 1312 3174 καὶ
1347 3124 1447 3177 οὐκ
1486 3125 1760 3196 ἠκούσατε
1785 3147 1800 3160 .
1839 3139 1852 3153 α

197 3209 288 3264 διὸ
344 3207 661 3281 παραδώσω
718 3205 865 3278 ὑμᾶς
918 3210 1036 3272 τοῖς
1080 3211 1377 3278 Χαλδαίοις
1425 3216 1801 3290 ἐϐδομήκοντα

199 3301 324 3374 ἔτη.

284 3394 428 3448 «Καὶ
450 3394 690 3466 ἐλάλησα
708 3398 846 3468 πρὸς
875 3399 1020 3470 ὑμᾶς
1045 3397 1339 3470 ὀρθρίζων.
1355 3419 1373 3452 ι
1407 3401 1479 3455 Τὸ
1501 3401 1800 3472 ὀρθρίζων,

200 3487 329 3543 ἀντὶ
353 3485 473 3556 τοῦ,
517 3488 660 3560 μετὰ
695 3491 936 3563 σπουδῆς
958 3507 972 3522 ·
1005 3490 1082 3555 ὡς
1109 3491 1208 3562 ἠδη
1238 3491 1428 3545 λοιπὸν
1469 3493 1565 3546 τοῦ
1605 3495 1800 3566 χρόνου

199 3575 307 3650 τῆς
344 3578 518 3650 ὀργῆς
548 3579 967 3651 πλησιάζοντος.

284 3689 305 3724 ε
341 3670 591 3743 Πατριάν
618 3673 736 3747 ne
770 3674 975 3746 Βορρᾶ.
1011 3692 1030 3726 ι
1069 3673 1209 3738 Τοὺς
1236 3673 1635 3741 Βαϐυλωνίους.

285 3782 306 3817 ι
350 3764 560 3837 Ὀσμὴν
600 3764 800 3836 μύρου.
848 3784 866 3818 ι
906 3765 1012 3819 Τὸν
1045 3765 1253 3844 τέλειον
1286 3767 1386 3838 τῆς
1414 3768 1803 3843 λαμπρότητος

200 3855 412 3920 αὐτῶν,
455 3855 552 3910 καὶ
592 3856 774 3927 πάσης
825 3858 1005 3930 χαρᾶς
1031 3857 1123 3911 καὶ
1154 3858 1462 3930 εὐημερίας
1488 3861 1802 3934 ἀφανισμὸν

180 3946 504 4018 ἐδήλωσεν.

283 4056 303 4090 ε
335 4037 523 4102 οὕτως
563 4035 685 4094 εἶπε
733 4040 1014 4113 Κύριος...
1052 4043 1186 4098 λάϐε
1229 4045 1290 4100 τὸ
1335 4049 1617 4121 ποτήριον.
1653 4068 1673 4103 ι
1727 4050 1802 4106 Τὸ

201 4132 471 4203 ποτήριον
494 4131 587 4186 ἐπὶ
617 4133 956 4203 ἐκδικήσεως
994 4137 1196 4192 κεῖται.

282 4243 302 4276 ε
343 4224 453 4279 Kal
475 4224 727 4280 ἐπότισα.
769 4244 787 4276 ι
809 4227 955 4281 Ἀντὶ
978 4228 1072 4281 τοῦ
1100 4229 1476 4306 πληροφορίαν
1505 4234 1800 4308 ἐδεξάμην,

200 4318 289 4372 ὅτι
315 4315 538 4381 πάντως
561 4316 716 4371 ἔσται
738 4319 924 4384 αὐτοῖς
948 4322 981 4391 ἡ
1010 4323 1275 4395 τιμωρία.

283 4429 303 4463 ι
340 4411 452 4464 Kal
483 4412 664 4466 πάντα
693 4416 1178 4486 περικεκαρμένον
1210 4417 1353 4472 κατὰ
1383 4419 1681 4490 πρόσωπον
1702 4423 1802 4476 αὐ-

199 4501 323 4557 τοῦ.
364 4522 382 4556 ι
425 4503 713 4572 Τουτέστι,
745 4507 874 4570 τοὺς
909 4509 1197 4578 μόρφωσιν
1223 4510 1510 4577 εὐσεϐείας
1552 4513 1800 4586 ἔχοντας,

197 4600 317 4662 τοῖς
346 4599 402 4654 δὲ
429 4599 652 4665 οἰκείοις
683 4600 953 4673 Θελήμασι
981 4604 1405 4676 πορευομένους.

281 4708 302 4743 ι
343 4693 455 4748 Καὶ
490 4694 701 4759 πάντας
731 4696 858 4760 τοὺς
892 4697 1261 4768 συμμίκτους.
1301 4718 1320 4752 ι
1353 4700 1509 4755 Μετὰ
1530 4701 1630 4774 τὴν
1659 4704 1801 4758 lato—

200 4782 354 4856 ρίαν,
378 4786 506 4849 τοὺς
549 4787 625 4858 μὴ
659 4788 896 4852 οίκείους
917 4789 1016 4861 τῆς
1046 4789 1286 4857 πίστεως
1311 4792 1439 4848 νόει.

279 4983 299 5018 ε
346 4966 459 5020 Kal
486 4966 660 5033 ἐσται,
687 4969 817 5024 ὅταν
849 4968 927 5042 μὴ
960 4969 1261 5040 βούλωνται
1287 4972 1544 5038 δέξασθαι
1561 4975 1622 5029 τὸ
1641 4979 1804 5050 ποτή-

202 5075 349 5131 ριον.
386 5077 406 5112 ι
451 5059 675 5132 Ἐπειδὴ
710 5061 819 5115 είσί
846 5079 993 5127 τινες
1029 5063 1104 5135 μὴ
1144 5064 1486 5134 εὐχαρίστως
1518 5066 1800 5140 δεχόμενοι

200 5148 304 5220 τὴν
338 5148 486 5203 θείαν
511 5150 792 5205 παιδείαν.

281 5255 303 5291 ε
338 5239 465 5294 ὀτι
492 5242 551 5294 ἐν
579 5241 752 5296 πόλει.
786 5262 804 5295 ι
839 5243 952 5313 Τὴν
993 5244 1168 5312 πόλιν,
1202 5246 1370 5318 φησὶν
1396 5287 1411 5312 ,
1440 5249 1523 5316 ἐφ’
1554 5248 1623 5321 ἢν
1661 5251 1799 5304 ὠνοο

203 5329 391 5403 μάσθη
442 5333 504 5386 τὸ
550 5332 726 5404 δνομά
763 5351 888 5406 μου,
927 5337 1355 5408 ἁμαρτάνουσαν
1400 5342 1756 5413 τιμωροῦμαι
1782 5362 1796 5376 ·

201 5421 362 5494 πόσῳ
386 5423 595 5494 μᾶλλον
622 5427 751 5492 τοὺς
786 5427 866 5500 μὴ
895 5428 1108 5494 είδότας
1151 5448 1219 5502 με
1249 5449 1263 5500 ;
1325 5463 1340 5480 .

281 5533 302 5570 ι
354 5517 496 5572 Ὑπὸ
522 5517 617 5574 τοῦ
652 5520 998 5594 οἱκητηρίου.
1038 5543 1056 5577 ι
1093 5525 1267 5595 Δῆλον
1307 5526 1385 5594 δέ,
1425 5528 1509 5582 ὅτι
1562 5528 1658 5583 τοῦ
1705 5531 1799 5584 οὐ·

203 5609 392 5683 ρανοῦ.

279 5720 299 5753 ε
348 5701 593 5756 Ἐπὶτοῦ
621 5705 813 5762 τόπου.
853 5725 873 5759 ι
906 5707 997 5763 Ἐν
1029 5709 1106 5779 τῷ
1137 5711 1285 5778 τόπῳ
1309 5712 1510 5767 ἐαυτοῦ
1536 5754 1550 5779 ,
1585 5707 1631 5784 ᾧ
1665 5733 1801 5786 χρη⁴

201 5791 444 5862 ματίξει.
476 5794 539 5846 Ol
562 5794 726 5863 ἄξιοι,
754 5798 911 5868 φησὶ,
943 5799 1038 5853 τοῦ
1059 5800 1351 5869 σώζεσθαι,
1375 5798 1456 5866 οἷς
1482 5805 1548 5858 ἂν
1575 5824 1798 5877 χρημα-

199 5883 328 5956 τίσῃ
384 5885 539 5952 θεὸς,
600 5888 1094 5963 ἀποκριθήσονται,
1149 5897 1604 5968 παρακαλοῦντες
1649 5899 1798 5956 ἐνδο-

1891 629 1992 676 tes.

1959 710 2024 764 ν.
2060 711 2150 766 51.
2191 731 2209 764 ι
2246 712 2314 766 Ει
2373 712 2673 766 dormitant
2734 711 3176 767 dormitationem
3236 729 3411 768 suam.
3452 733 3471 765 ι

1888 801 2003 857 Hoc
2031 810 2116 856 est
2153 818 2264 856 non
2295 803 2579 873 vigilantes
2609 803 2810 855 animo.

1960 890 2026 946 ν.
2053 893 2142 946 35.
2182 911 2200 943 ι
2234 890 2366 957 Quae
2397 901 2476 945 est
2508 892 2796 961 prophetia
2826 892 2880 945 in
2915 891 3136 944 nomine
3169 891 3422 946 Domini?
3454 913 3474 946 ι

1893 982 2111 1036 Lemma
2176 983 2255 1035 ira
2303 990 2387 1036 est
2419 998 2544 1035 cum
2569 982 2918 1044 furore,cum
2951 983 3228 1036 robustior
3255 993 3476 1052 captum

1893 1074 2310 1130 imbecilliorem
2351 1075 2523 1130 allidit
2549 1095 2560 1129 ε
2591 1086 2819 1131 vocatur
2842 1076 2970 1129 item
2999 1075 3191 1129 lemma
3243 1085 3296 1131 et
3325 1092 3480 1146 quae—

1893 1175 2029 1220 stus.
2762 1169 2767 1174 ’

1970 1256 2034 1310 ν.
2066 1257 2155 1312 59.
2197 1275 2216 1306 ι
2250 1256 2317 1310 Ει
2347 1257 2582 1311 ulciscar
2619 1256 2902 1310 hominem
2959 1256 3134 1311 illum.
3181 1277 3198 1310 ›
3231 1258 3334 1312 Pro
3385 1275 3483 1328 pu-

1895 1349 2042 1402 niam
2099 1349 2339 1418 positum
2365 1360 2466 1403 est.

1971 1460 1988 1491 ε
2026 1440 2090 1496 Et
2124 1441 2552 1511 assumptioncm
2573 1441 2841 1496 Domini.»
2868 1441 2974 1507 Ira,
2997 1442 3092 1505 ait,
3117 1441 3321 1495 homini
3354 1458 3485 1511 pro-

1894 1533 2014 1603 prio
2041 1548 2135 1588 ore
2167 1543 2406 1603 paratur.
2446 1533 2590 1588 Deus
2622 1534 2827 1603 quippe
2872 1549 2983 1587 non
3044 1533 3323 1600 irascitur,
3356 1537 3483 1604 quia

1893 1640 2007 1678 non
2034 1626 2283 1694 subiacet
2319 1625 2644 1679 affectibus:
2682 1625 2883 1679 idcirco
2918 1625 3174 1695 praecepit
3199 1640 3310 1682 non
3376 1627 3484 1682 dici

1900 1715 2092 1768 lemma
2125 1714 2361 1768 Domini.
2394 1715 2530 1769 Nam
2554 1717 2696 1770 Deus
2728 1730 2839 1769 non
2873 1716 3144 1780 irascitur,
3178 1724 3232 1770 at
3265 1716 3486 1786 nosipsi

1897 1800 2034 1854 iram
2065 1801 2226 1856 nobis
2251 1817 2656 1873 comparamus.

2516 2022 2666 2078 CAP.
2693 2021 2886 2079 XXIV.

1970 2130 2036 2186 ν.
2076 2131 2128 2186 1.
2158 2149 2177 2184 ι
2212 2131 2465 2187 Ostendit
2515 2133 2648 2186 mihi
2691 2133 2955 2187 Dominus
2985 2135 3124 2190 duos
3161 2136 3424 2192 calathos.
3462 2154 3484 2189 ι

1903 2220 2101 2294 Aptius
2130 2224 2234 2280 hoc
2262 2225 2535 2294 intelliges
2565 2225 2632 2279 de
2659 2225 2858 2280 Christi
2893 2225 3158 2282 adventu.

1969 2402 2036 2458 ν.
2076 2401 2129 2457 6.
2164 2422 2181 2454 ι
2226 2403 2293 2457 Ει
2325 2401 2554 2457 ﬁrmabo
2589 2418 2754 2473 super
2781 2418 2875 2458 eos
2900 2405 3086 2459 oculos
3110 2419 3283 2461 meos.
3327 2424 3345 2456 ›
3380 2404 3487 2460 No-

1903 2495 2129 2549 tandum
2188 2493 2360 2550 Deum
2391 2494 2611 2549 firmare
2659 2494 2867 2560 oculos,
2903 2496 3076 2566 accipi
3118 2497 3172 2550 in
3209 2497 3409 2551 bonam
3437 2504 3496 2551 et

1902 2587 1959 2641 in
1980 2587 2177 2641 malam
2212 2596 2455 2656 partem;
2489 2603 2616 2640 nam
2646 2594 2701 2642 et
2740 2584 2915 2659 supra
2949 2588 3163 2643 dixerat
3193 2605 3205 2642 :
3241 2586 3498 2644 Firmabo

1904 2677 2078 2732 oculos
2108 2694 2247 2732 meo:
2272 2679 2340 2730 ad
2357 2677 2523 2732 mala.

2524 2810 2675 2868 CAP.
2711 2811 2878 2867 XXV.

1976 2924 2041 2981 γ.
2073 2926 2128 2980 5.
2160 2925 2221 2980 1η
2244 2924 2410 2979 tertio
2445 2925 2661 2979 decimo
2704 2941 2851 2980 anno
2890 2925 3071 2981 Josiae.
3117 2944 3136 2977 ι
3172 2925 3309 2981 Tres
3332 2933 3387 2981 et
3416 2927 3501 2982 vi-

1906 3019 2062 3091 ginti,
2097 3019 2195 3083 ait,
2251 3017 2383 3070 anni
2415 3027 2564 3078 sunt,
2586 3032 2710 3071 cum
2738 3033 2937 3089 magno
2962 3019 3144 3073 studio
3175 3035 3272 3075 vos
3307 3029 3496 3076 conte-

1907 3120 2042 3174 stor,
2071 3119 2184 3165 uta
2215 3109 2364 3163 cultu
2421 3109 2692 3164 idolorum
2749 3111 3091 3177 abstineatis,
3139 3121 3194 3166 et
3243 3127 3354 3167 non
3401 3128 3502 3167 au-

1906 3201 2094 3267 distis;
2143 3202 2266 3256 ideo
2297 3201 2506 3255 tradam
2537 3216 2632 3256 vos
2680 3200 2957 3257 Chaldaeis
3017 3203 3367 3276 septuaginta
3401 3220 3499 3259 an—

1906 3310 2025 3350 DOS.

1979 3408 1997 3439 ‹
2037 3389 2103 3443 Et
2154 3387 2371 3443 locutus
2417 3404 2537 3442 sum
2611 3387 2678 3444 ad
2739 3403 2857 3453 vos,
2921 3397 3048 3444 ante
3109 3391 3310 3446 lucem.
3354 3411 3372 3444 ι
3430 3391 3505 3446 οε

1905 3489 2052 3534 nocte
2083 3497 2414 3550 consurgens,
2460 3481 2511 3536 id
2545 3489 2648 3544 est,
2686 3481 2951 3548 studiose,
2988 3485 3066 3537 uti
3108 3484 3221 3554 jam
3257 3495 3507 3556 tempore

1904 3572 2294 3643 indignationis
2320 3574 2819 3643 appropinquante.

1979 3663 2040 3719 γ.
2063 3664 2117 3719 9.
2155 3682 2172 3714 ι
2205 3663 2600 3736 Cognationcm
2631 3665 2698 3720 ab
2736 3663 3028 3734 Aquilone.
3070 3685 3086 3717 ι
3153 3665 3501 3737 Babylonios.

1971 3754 2038 3810 V.
2066 3756 2150 3811 10.
2183 3775 2201 3808 ι
2235 3754 2471 3813 Odorem
2498 3758 2780 3827 unguenti.
2807 3776 2825 3809 ι
2860 3759 3189 3813 Absolutum
3223 3760 3504 3814 excidium

1905 3851 2220 3921 splendoris
2253 3867 2467 3918 eorum,
2500 3853 2778 3922 totiusque
2832 3852 3014 3924 gaudii
3037 3862 3092 3908 et
3125 3855 3508 3924 prosperitatis

1904 3949 2252 4021 signiﬁcavit.

1980 4059 1998 4092 ι
2028 4039 2117 4096 Sic
2143 4040 2275 4095 dixit
2312 4041 2641 4098 Dominus...
2674 4057 2828 4098 sume
2861 4042 3109 4099 calicem.
3153 4061 3172 4097 ι
3206 4042 3356 4099 Calix
3407 4060 3502 4117 prs

1905 4132 2101 4188 ultione
2137 4134 2420 4204 accipitur.

1981 4226 2042 4280 ν.
2075 4226 2161 4281 l7.
2197 4246 2214 4279 ι
2243 4227 2311 4281 Et
2334 4227 2677 4297 propinavi.)
2705 4224 2816 4282 lloc
2844 4237 2948 4292 est,
2981 4235 3130 4284 certa
3147 4229 3504 4300 persuasione

1907 4317 2115 4373 credidi
2141 4318 2257 4373 fore
2289 4319 2413 4373 illos
2436 4320 2663 4374 omnino
2683 4319 3019 4389 puniendos.

1977 4407 2043 4465 V.
2065 4409 2156 4466 25.
2200 4431 2219 4463 ‹
2256 4411 2323 4465 Et
2349 4412 2501 4466 omni
2535 4412 2911 4468 circumtonso
2942 4411 3250 4467 secundum
3303 4411 3503 4467 faciem

1906 4517 2114 4558 suam.)
2149 4503 2265 4559 Hoc
2295 4513 2399 4569 est,
2429 4505 2523 4575 qui
2558 4505 2798 4574 speciem
2829 4521 2941 4574 prae
2975 4520 3033 4560 se
3053 4503 3306 4560 ferebant
3326 4506 3504 4575 pieta-

1833 4613 1876 4668 ι)
1909 4597 1997 4661 tis,
2028 4598 2123 4653 sed
2152 4599 2386 4668 propriis
2413 4599 2697 4655 desideriis
2726 4598 3076 4655 incedebant.

1976 4690 2043 4745 Υ.
2075 4690 2166 4746 24.
2208 4711 2225 4744 ι
2255 4693 2322 4746 Ει
2353 4692 2610 4747 omnibus
2629 4692 2872 4747 mistitiis
2892 4691 3291 4747 habitantibus.
3333 4711 3351 4745 ›
3376 4693 3504 4748 Post

1905 4800 2130 4841 sensum
2163 4786 2489 4843 historicum
2515 4787 2904 4859 eosintellige,
2955 4786 3048 4857 qui
3102 4785 3266 4840 alieni
3294 4794 3421 4840 sunt
3471 4801 3503 4840 a

1903 4876 2028 4933 fide.

1977 4968 2044 5024 γ.
2075 4970 2166 5024 28.
2206 4971 2303 5026 «Et
2326 4970 2451 5036 crit,
2487 4985 2610 5026 cum
2633 4970 3186 5042 noluerintaccipere
3215 4967 3499 5024 calicem.»

1906 5062 2038 5118 Nam
2070 5065 2226 5118 multi
2247 5074 2395 5130 sunt,
2420 5065 2510 5133 qui
2542 5063 2634 5118 Dei
2652 5065 3058 5135 correptionem
3090 5080 3201 5119 non
3227 5061 3506 5132 accipiunt

1904 5172 2032 5212 cum
2073 5157 2375 5225 gratiarum
2409 5157 2646 5212 actione.

1979 5249 2042 5303 γ.
2073 5249 2164 5304 ‘29.
2229 5269 2245 5302 ι
2291 5249 2427 5316 Quia
2469 5249 2524 5303 in
2576 5249 2818 5304 civitate.
2857 5269 2876 5302 ›
2941 5249 3255 5312 Civitatem.
3287 5247 3385 5311 ait,
3449 5249 3504 5303 in

1903 5357 2011 5412 qua
2035 5342 2347 5397 invocatum
2385 5353 2468 5398 est
2491 5359 2695 5398 nomen
2718 5356 2925 5409 meum,
2953 5352 3275 5413 peccantem
3312 5341 3501 5414 punio,

1904 5445 2111 5506 quanto
2141 5437 2316 5509 magis
2343 5452 2437 5491 eos
2453 5437 2545 5507 qui
2577 5453 2665 5494 me
2693 5453 2804 5494 non
2835 5437 3152 5492 noverunt?

1975 5527 2040 5583 ν.
2073 5529 2158 5584 '50.
2199 5546 2221 5580 ι
2263 5529 2340 5584 De
2394 5529 2730 5585 habitacula.
2766 5547 2784 5581 ›
2850 5527 3073 5584 Clarum
3099 5535 3207 5594 est,
3239 5526 3386 5598 quod
3435 5528 3503 5584 de

1906 5621 2066 5676 caelo.

1983 5735 2002 5768 ι
2041 5714 2103 5771 In
2132 5717 2252 5773 loco
2284 5731 2408 5773 suo.
2458 5734 2477 5768 ›
2520 5715 2701 5790 Digni,
2726 5717 2822 5782 ait,
2882 5717 2976 5787 qui
3008 5716 3312 5779 salventur,
3365 5733 3507 5787 quos

1905 5809 2176 5866 allocutus
2199 5810 2366 5866 fuerit
2386 5811 2548 5876 Deus,
2577 5811 2992 5882 respondebunt
3009 5821 3224 5881 tempus
3241 5810 3346 5866 sibi
3367 5827 3503 5867 con-

1897 5902 2024 5967 cedi
2057 5913 2314 5977 rogantes
2341 5905 2519 5962 donec.
2550 5903 2793 5978 perfecte
2824 5899 3066 5962 fructum
3099 5903 3502 5976 aﬂ‘crant;vin-
