  <div class='ocr_page' id='page_1' title='image "/cluster/home/n/w/nwhite01/storage/ocr_20150623/93/nnc1.0046980059/341.png"; bbox 0 0 4214 6450; ppageno 0'>
   <div class='ocr_carea' id='block_1_1' title="bbox 768 385 874 446">
    <p class='ocr_par' dir='ltr' id='par_1_1' title="bbox 768 385 874 446">
     <span class='ocr_line' id='line_1_1' title="bbox 768 385 874 446; baseline 0 0"><span class='ocrx_word' id='word_1_1' title='bbox 768 385 874 446; x_wconf 76' lang='grc'><strong>679</strong></span> 
     </span>
    </p>
   </div>
   <div class='ocr_carea' id='block_1_2' title="bbox 1857 378 2942 442">
    <p class='ocr_par' dir='ltr' id='par_1_2' title="bbox 1857 378 2942 442">
     <span class='ocr_line' id='line_1_2' title="bbox 1857 378 2942 442; baseline -0.005 1"><span class='ocrx_word' id='word_1_2' title='bbox 1857 379 2376 442; x_wconf 81' lang='lat' dir='ltr'><strong>OLYMPIODORI</strong></span> <span class='ocrx_word' id='word_1_3' title='bbox 2416 378 2942 438; x_wconf 74' lang='lat' dir='ltr'><strong>ALEXANDRINI</strong></span> 
     </span>
    </p>
   </div>
   <div class='ocr_carea' id='block_1_3' title="bbox 3930 378 4033 441">
    <p class='ocr_par' dir='ltr' id='par_1_3' title="bbox 3930 378 4033 441">
     <span class='ocr_line' id='line_1_3' title="bbox 3930 378 4033 441; baseline 0 0"><span class='ocrx_word' id='word_1_4' title='bbox 3930 378 4033 441; x_wconf 57' lang='lat' dir='ltr'><strong>ssr-</strong></span> 
     </span>
    </p>
   </div>
   <div class='ocr_carea' id='block_1_4' title="bbox 764 495 2335 567">
    <p class='ocr_par' dir='ltr' id='par_1_4' title="bbox 764 497 2335 566">
     <span class='ocr_line' id='line_1_4' title="bbox 764 497 2335 566; baseline -0.002 -15"><span class='ocrx_word' id='word_1_5' title='bbox 764 498 1070 552; x_wconf 82' lang='lat' dir='ltr'><strong>demiantes</strong></span> <span class='ocrx_word' id='word_1_6' title='bbox 1136 497 1281 550; x_wconf 83' lang='lat' dir='ltr'><strong>enim</strong></span> <span class='ocrx_word' id='word_1_7' title='bbox 1321 506 1476 551; x_wconf 76' lang='lat' dir='ltr'><strong>vocat</strong></span> <span class='ocrx_word' id='word_1_8' title='bbox 1527 511 1623 551; x_wconf 88' lang='lat' dir='ltr'><strong>eos</strong></span> <span class='ocrx_word' id='word_1_9' title='bbox 1692 498 1783 566; x_wconf 87' lang='lat' dir='ltr'><strong>qui</strong></span> <span class='ocrx_word' id='word_1_10' title='bbox 1835 498 2074 552; x_wconf 79' lang='lat' dir='ltr'><strong>fructum</strong></span> <span class='ocrx_word' id='word_1_11' title='bbox 2135 498 2335 551; x_wconf 78' lang='lat' dir='ltr'><strong>ferunt.</strong></span> 
     </span>
    </p>
   </div>
   <div class='ocr_carea' id='block_1_5' title="bbox 2431 495 4024 567">
    <p class='ocr_par' dir='ltr' id='par_1_5' title="bbox 2447 495 4024 567">
     <span class='ocr_line' id='line_1_5' title="bbox 2447 495 4024 567; baseline 0.001 -21"><span class='ocrx_word' id='word_1_12' title='bbox 2447 495 2609 563; x_wconf 77' lang='grc' dir='ltr'><strong>Οῆναι</strong></span> <span class='ocrx_word' id='word_1_13' title='bbox 2675 495 2879 557; x_wconf 75' lang='grc' dir='ltr'><strong>αὐτοῖς,</strong></span> <span class='ocrx_word' id='word_1_14' title='bbox 2935 495 3040 558; x_wconf 81' lang='grc' dir='ltr'><strong>ἕως</strong></span> <span class='ocrx_word' id='word_1_15' title='bbox 3095 497 3183 548; x_wconf 82' lang='grc' dir='ltr'><strong>ὅτε</strong></span> <span class='ocrx_word' id='word_1_16' title='bbox 3238 497 3460 560; x_wconf 82' lang='grc' dir='ltr'><strong>τελείως</strong></span> <span class='ocrx_word' id='word_1_17' title='bbox 3515 499 4024 567; x_wconf 62' lang='grc' dir='ltr'><strong>καρποφορήσωςιί</strong></span> 
     </span>
    </p>
   </div>
   <div class='ocr_carea' id='block_1_6' title="bbox 843 671 2337 728">
    <p class='ocr_par' dir='ltr' id='par_1_6' title="bbox 843 671 2337 728">
     <span class='ocr_line' id='line_1_6' title="bbox 843 671 2337 728; baseline 0.003 -7"><span class='ocrx_word' id='word_1_18' title='bbox 843 689 861 721; x_wconf 74' lang='grc' dir='ltr'><strong>ι</strong></span> <span class='ocrx_word' id='word_1_19' title='bbox 895 671 1057 724; x_wconf 68' lang='lat' dir='ltr'><strong>Venit</strong></span> <span class='ocrx_word' id='word_1_20' title='bbox 1090 673 1363 724; x_wconf 82' lang='lat' dir='ltr'><strong>interitus.</strong></span> <span class='ocrx_word' id='word_1_21' title='bbox 1406 691 1423 722; x_wconf 86' lang='grc'><strong>›</strong></span> <span class='ocrx_word' id='word_1_22' title='bbox 1465 671 1650 726; x_wconf 92' lang='lat' dir='ltr'><strong>Sancti</strong></span> <span class='ocrx_word' id='word_1_23' title='bbox 1691 675 1892 727; x_wconf 88' lang='lat' dir='ltr'><strong>etenim</strong></span> <span class='ocrx_word' id='word_1_24' title='bbox 1929 675 1982 726; x_wconf 94' lang='lat' dir='ltr'><strong>in</strong></span> <span class='ocrx_word' id='word_1_25' title='bbox 2013 674 2337 728; x_wconf 83' lang='lat' dir='ltr'><strong>internecio-</strong></span> 
     </span>
    </p>
   </div>
   <div class='ocr_carea' id='block_1_7' title="bbox 765 764 2337 836">
    <p class='ocr_par' dir='ltr' id='par_1_7' title="bbox 765 764 2337 836">
     <span class='ocr_line' id='line_1_7' title="bbox 765 764 2337 836; baseline 0.004 -22"><span class='ocrx_word' id='word_1_26' title='bbox 765 776 835 814; x_wconf 98' lang='lat' dir='ltr'><strong>ne</strong></span> <span class='ocrx_word' id='word_1_27' title='bbox 865 777 970 815; x_wconf 93' lang='lat' dir='ltr'><strong>non</strong></span> <span class='ocrx_word' id='word_1_28' title='bbox 1025 764 1578 830; x_wconf 76' lang='lat' dir='ltr'><strong>comprehenduntur.</strong></span> <span class='ocrx_word' id='word_1_29' title='bbox 1620 766 1743 820; x_wconf 69' lang='lat' dir='ltr'><strong>Haec</strong></span> <span class='ocrx_word' id='word_1_30' title='bbox 1771 767 1932 818; x_wconf 88' lang='lat' dir='ltr'><strong>etiam</strong></span> <span class='ocrx_word' id='word_1_31' title='bbox 1965 766 2184 836; x_wconf 76' lang='lat' dir='ltr'><strong>intelligi</strong></span> <span class='ocrx_word' id='word_1_32' title='bbox 2209 784 2337 836; x_wconf 79' lang='lat' dir='ltr'><strong>pos-</strong></span> 
     </span>
    </p>
   </div>
   <div class='ocr_carea' id='block_1_8' title="bbox 767 854 1689 924">
    <p class='ocr_par' dir='ltr' id='par_1_8' title="bbox 767 854 1689 924">
     <span class='ocr_line' id='line_1_8' title="bbox 767 854 1689 924; baseline 0.007 -20"><span class='ocrx_word' id='word_1_33' title='bbox 767 862 895 905; x_wconf 89' lang='lat' dir='ltr'><strong>sunt</strong></span> <span class='ocrx_word' id='word_1_34' title='bbox 922 855 986 905; x_wconf 88' lang='lat' dir='ltr'><strong>de</strong></span> <span class='ocrx_word' id='word_1_35' title='bbox 1019 854 1311 907; x_wconf 63' lang='lat' dir='ltr'><strong>universali</strong></span> <span class='ocrx_word' id='word_1_36' title='bbox 1343 856 1432 908; x_wconf 86' lang='lat' dir='ltr'><strong>Dei</strong></span> <span class='ocrx_word' id='word_1_37' title='bbox 1461 857 1689 924; x_wconf 80' lang='lat' dir='ltr'><strong>judicio.</strong></span> 
     </span>
    </p>
   </div>
   <div class='ocr_carea' id='block_1_9' title="bbox 840 942 2336 1020">
    <p class='ocr_par' dir='ltr' id='par_1_9' title="bbox 840 942 2336 1020">
     <span class='ocr_line' id='line_1_9' title="bbox 840 942 2336 1020; baseline 0.008 -28"><span class='ocrx_word' id='word_1_38' title='bbox 840 962 857 992; x_wconf 76' lang='grc' dir='ltr'><strong>ι</strong></span> <span class='ocrx_word' id='word_1_39' title='bbox 893 942 1030 996; x_wconf 83' lang='lat' dir='ltr'><strong>Ecce</strong></span> <span class='ocrx_word' id='word_1_40' title='bbox 1058 946 1217 997; x_wconf 82' lang='lat' dir='ltr'><strong>mala.</strong></span> <span class='ocrx_word' id='word_1_41' title='bbox 1255 964 1272 995; x_wconf 78' lang='grc' dir='ltr'><strong>ι</strong></span> <span class='ocrx_word' id='word_1_42' title='bbox 1322 945 1452 1000; x_wconf 85' lang='lat' dir='ltr'><strong>Post</strong></span> <span class='ocrx_word' id='word_1_43' title='bbox 1501 964 1563 1000; x_wconf 86' lang='lat' dir='ltr'><strong>ea</strong></span> <span class='ocrx_word' id='word_1_44' title='bbox 1601 964 1720 1017; x_wconf 68' lang='lat' dir='ltr'><strong>quae</strong></span> <span class='ocrx_word' id='word_1_45' title='bbox 1769 958 2015 1018; x_wconf 84' lang='lat' dir='ltr'><strong>tempore</strong></span> <span class='ocrx_word' id='word_1_46' title='bbox 2063 951 2336 1020; x_wconf 79' lang='lat' dir='ltr'><strong>Babylmiii</strong></span> 
     </span>
    </p>
   </div>
   <div class='ocr_carea' id='block_1_10' title="bbox 765 1033 2341 1109">
    <p class='ocr_par' dir='ltr' id='par_1_10' title="bbox 765 1033 2341 1109">
     <span class='ocr_line' id='line_1_10' title="bbox 765 1033 2341 1109; baseline 0.008 -24"><span class='ocrx_word' id='word_1_47' title='bbox 765 1033 1002 1100; x_wconf 78' lang='lat' dir='ltr'><strong>fuerant,</strong></span> <span class='ocrx_word' id='word_1_48' title='bbox 1060 1052 1121 1089; x_wconf 88' lang='lat' dir='ltr'><strong>ea</strong></span> <span class='ocrx_word' id='word_1_49' title='bbox 1148 1052 1363 1105; x_wconf 89' lang='lat' dir='ltr'><strong>quoque</strong></span> <span class='ocrx_word' id='word_1_50' title='bbox 1415 1039 1570 1103; x_wconf 91' lang='lat' dir='ltr'><strong>dicit,</strong></span> <span class='ocrx_word' id='word_1_51' title='bbox 1624 1056 1744 1109; x_wconf 66' lang='lat' dir='ltr'><strong>qua:</strong></span> <span class='ocrx_word' id='word_1_52' title='bbox 1789 1043 1842 1094; x_wconf 91' lang='lat' dir='ltr'><strong>in</strong></span> <span class='ocrx_word' id='word_1_53' title='bbox 1875 1045 2341 1097; x_wconf 88' lang='lat' dir='ltr'><strong>consummatione</strong></span> 
     </span>
    </p>
   </div>
   <div class='ocr_carea' id='block_1_11' title="bbox 763 1128 2070 1203">
    <p class='ocr_par' dir='ltr' id='par_1_11' title="bbox 763 1128 2070 1203">
     <span class='ocr_line' id='line_1_11' title="bbox 763 1128 2070 1203; baseline 0.008 -25"><span class='ocrx_word' id='word_1_54' title='bbox 763 1141 925 1179; x_wconf 85' lang='lat' dir='ltr'><strong>erunt</strong></span> <span class='ocrx_word' id='word_1_55' title='bbox 960 1146 971 1180; x_wconf 90' lang='lat'>:</span> <span class='ocrx_word' id='word_1_56' title='bbox 1007 1128 1240 1197; x_wconf 76' lang='lat' dir='ltr'><strong>lmurget</strong></span> <span class='ocrx_word' id='word_1_57' title='bbox 1266 1130 1401 1182; x_wconf 85' lang='lat' dir='ltr'><strong>enim</strong></span> <span class='ocrx_word' id='word_1_58' title='bbox 1432 1148 1554 1200; x_wconf 79' lang='lat' dir='ltr'><strong>gens</strong></span> <span class='ocrx_word' id='word_1_59' title='bbox 1576 1142 1754 1184; x_wconf 82' lang='lat' dir='ltr'><strong>contra</strong></span> <span class='ocrx_word' id='word_1_60' title='bbox 1773 1145 1974 1203; x_wconf 80' lang='lat' dir='ltr'><strong>gentem</strong></span> <span class='ocrx_word' id='word_1_61' title='bbox 2009 1136 2070 1189; x_wconf 81' lang='grc'><strong>¹⁸.</strong></span> 
     </span>
    </p>
   </div>
   <div class='ocr_carea' id='block_1_12' title="bbox 842 1216 2338 1296">
    <p class='ocr_par' dir='ltr' id='par_1_12' title="bbox 842 1216 2338 1296">
     <span class='ocr_line' id='line_1_12' title="bbox 842 1216 2338 1296; baseline 0.009 -29"><span class='ocrx_word' id='word_1_62' title='bbox 842 1235 860 1266; x_wconf 78' lang='grc' dir='ltr'><strong>σ</strong></span> <span class='ocrx_word' id='word_1_63' title='bbox 891 1216 954 1269; x_wconf 84' lang='lat' dir='ltr'><strong>Et</strong></span> <span class='ocrx_word' id='word_1_64' title='bbox 977 1219 1135 1270; x_wconf 91' lang='lat' dir='ltr'><strong>turbo</strong></span> <span class='ocrx_word' id='word_1_65' title='bbox 1164 1234 1412 1288; x_wconf 83' lang='lat' dir='ltr'><strong>magnus.</strong></span> <span class='ocrx_word' id='word_1_66' title='bbox 1453 1239 1471 1272; x_wconf 76' lang='grc' dir='ltr'><strong>ι</strong></span> <span class='ocrx_word' id='word_1_67' title='bbox 1508 1222 1775 1276; x_wconf 78' lang='lat' dir='ltr'><strong>Confusio</strong></span> <span class='ocrx_word' id='word_1_68' title='bbox 1799 1241 2013 1295; x_wconf 79' lang='lat' dir='ltr'><strong>magna,</strong></span> <span class='ocrx_word' id='word_1_69' title='bbox 2039 1235 2094 1280; x_wconf 87' lang='lat' dir='ltr'><strong>et</strong></span> <span class='ocrx_word' id='word_1_70' title='bbox 2123 1238 2338 1296; x_wconf 87' lang='lat' dir='ltr'><strong>pertur-</strong></span> 
     </span>
    </p>
   </div>
   <div class='ocr_carea' id='block_1_13' title="bbox 766 1309 1799 1384">
    <p class='ocr_par' dir='ltr' id='par_1_13' title="bbox 766 1309 1799 1384">
     <span class='ocr_line' id='line_1_13' title="bbox 766 1309 1799 1384; baseline 0.008 -23"><span class='ocrx_word' id='word_1_71' title='bbox 766 1309 912 1362; x_wconf 82' lang='lat' dir='ltr'><strong>batio</strong></span> <span class='ocrx_word' id='word_1_72' title='bbox 943 1312 1206 1365; x_wconf 72' lang='lat' dir='ltr'><strong>extremis</strong></span> <span class='ocrx_word' id='word_1_73' title='bbox 1235 1314 1420 1366; x_wconf 68' lang='lat' dir='ltr'><strong>saeculi</strong></span> <span class='ocrx_word' id='word_1_74' title='bbox 1443 1317 1799 1384; x_wconf 86' lang='lat' dir='ltr'><strong>temporibus.</strong></span> 
     </span>
    </p>
   </div>
   <div class='ocr_carea' id='block_1_14' title="bbox 835 1399 2340 1466">
    <p class='ocr_par' dir='ltr' id='par_1_14' title="bbox 835 1399 2340 1466">
     <span class='ocr_line' id='line_1_14' title="bbox 835 1399 2340 1466; baseline 0.009 -14"><span class='ocrx_word' id='word_1_75' title='bbox 835 1399 898 1454; x_wconf 87' lang='lat' dir='ltr'><strong>V.</strong></span> <span class='ocrx_word' id='word_1_76' title='bbox 930 1404 1018 1456; x_wconf 79' lang='grc'><strong>55.</strong></span> <span class='ocrx_word' id='word_1_77' title='bbox 1052 1421 1072 1455; x_wconf 78' lang='grc' dir='ltr'><strong>ι</strong></span> <span class='ocrx_word' id='word_1_78' title='bbox 1106 1404 1173 1457; x_wconf 67' lang='lat' dir='ltr'><strong>lit</strong></span> <span class='ocrx_word' id='word_1_79' title='bbox 1204 1413 1384 1457; x_wconf 91' lang='lat' dir='ltr'><strong>erunt.</strong></span> <span class='ocrx_word' id='word_1_80' title='bbox 1423 1424 1440 1454; x_wconf 75' lang='grc' dir='ltr'><strong>ι</strong></span> <span class='ocrx_word' id='word_1_81' title='bbox 1476 1406 1604 1459; x_wconf 81' lang='lat' dir='ltr'><strong>Post</strong></span> <span class='ocrx_word' id='word_1_82' title='bbox 1626 1409 1950 1462; x_wconf 75' lang='lat' dir='ltr'><strong>exteriorem</strong></span> <span class='ocrx_word' id='word_1_83' title='bbox 1992 1411 2180 1464; x_wconf 70' lang='lat' dir='ltr'><strong>litterm</strong></span> <span class='ocrx_word' id='word_1_84' title='bbox 2211 1427 2340 1466; x_wconf 74' lang='lat' dir='ltr'><strong>sen—</strong></span> 
     </span>
    </p>
   </div>
   <div class='ocr_carea' id='block_1_15' title="bbox 764 1497 2340 1566">
    <p class='ocr_par' dir='ltr' id='par_1_15' title="bbox 764 1497 2340 1566">
     <span class='ocr_line' id='line_1_15' title="bbox 764 1497 2340 1566; baseline 0.009 -21"><span class='ocrx_word' id='word_1_85' title='bbox 764 1507 907 1558; x_wconf 75' lang='lat' dir='ltr'><strong>sum,</strong></span> <span class='ocrx_word' id='word_1_86' title='bbox 932 1503 988 1547; x_wconf 92' lang='lat' dir='ltr'><strong>et</strong></span> <span class='ocrx_word' id='word_1_87' title='bbox 1024 1511 1118 1550; x_wconf 83' lang='lat' dir='ltr'><strong>eos</strong></span> <span class='ocrx_word' id='word_1_88' title='bbox 1149 1497 1238 1562; x_wconf 89' lang='lat' dir='ltr'><strong>qui</strong></span> <span class='ocrx_word' id='word_1_89' title='bbox 1273 1497 1339 1550; x_wconf 87' lang='lat' dir='ltr'><strong>ab</strong></span> <span class='ocrx_word' id='word_1_90' title='bbox 1370 1497 1746 1566; x_wconf 83' lang='lat' dir='ltr'><strong>iniquitatibus</strong></span> <span class='ocrx_word' id='word_1_91' title='bbox 1801 1503 2070 1556; x_wconf 83' lang='lat' dir='ltr'><strong>vulnerati</strong></span> <span class='ocrx_word' id='word_1_92' title='bbox 2105 1514 2231 1558; x_wconf 91' lang='lat' dir='ltr'><strong>sunt</strong></span> <span class='ocrx_word' id='word_1_93' title='bbox 2257 1507 2340 1558; x_wconf 94' lang='lat' dir='ltr'><strong>in-</strong></span> 
     </span>
    </p>
   </div>
   <div class='ocr_carea' id='block_1_16' title="bbox 767 1584 969 1653">
    <p class='ocr_par' dir='ltr' id='par_1_16' title="bbox 767 1584 969 1653">
     <span class='ocr_line' id='line_1_16' title="bbox 767 1584 969 1653; baseline -0.01 -16"><span class='ocrx_word' id='word_1_94' title='bbox 767 1584 969 1653; x_wconf 72' lang='lat' dir='ltr'><strong>tellige.</strong></span> 
     </span>
    </p>
   </div>
   <div class='ocr_carea' id='block_1_17' title="bbox 843 1674 2358 1755">
    <p class='ocr_par' dir='ltr' id='par_1_17' title="bbox 843 1674 2358 1755">
     <span class='ocr_line' id='line_1_17' title="bbox 843 1674 2358 1755; baseline 0.014 -31"><span class='ocrx_word' id='word_1_95' title='bbox 843 1694 858 1724; x_wconf 75' lang='grc' dir='ltr'><strong>ι</strong></span> <span class='ocrx_word' id='word_1_96' title='bbox 892 1674 1124 1728; x_wconf 86' lang='lat' dir='ltr'><strong>Ulnlate.</strong></span> <span class='ocrx_word' id='word_1_97' title='bbox 1161 1694 1180 1726; x_wconf 84' lang='grc'><strong>›</strong></span> <span class='ocrx_word' id='word_1_98' title='bbox 1209 1676 1518 1735; x_wconf 87' lang='lat' dir='ltr'><strong>Clamorem</strong></span> <span class='ocrx_word' id='word_1_99' title='bbox 1544 1683 1693 1742; x_wconf 89' lang='lat' dir='ltr'><strong>hinc.</strong></span> <span class='ocrx_word' id='word_1_100' title='bbox 1715 1699 1822 1737; x_wconf 78' lang='lat' dir='ltr'><strong>non</strong></span> <span class='ocrx_word' id='word_1_101' title='bbox 1845 1700 1968 1739; x_wconf 85' lang='lat' dir='ltr'><strong>eum</strong></span> <span class='ocrx_word' id='word_1_102' title='bbox 1995 1687 2086 1755; x_wconf 88' lang='lat' dir='ltr'><strong>qui</strong></span> <span class='ocrx_word' id='word_1_103' title='bbox 2113 1680 2358 1744; x_wconf 42' lang='lat' dir='ltr'><strong>devictis.</strong></span> 
     </span>
    </p>
   </div>
   <div class='ocr_carea' id='block_1_18' title="bbox 765 1766 2340 1848">
    <p class='ocr_par' dir='ltr' id='par_1_18' title="bbox 765 1766 2340 1848">
     <span class='ocr_line' id='line_1_18' title="bbox 765 1766 2340 1848; baseline 0.012 -30"><span class='ocrx_word' id='word_1_104' title='bbox 765 1766 1036 1830; x_wconf 87' lang='lat' dir='ltr'><strong>hostibus,</strong></span> <span class='ocrx_word' id='word_1_105' title='bbox 1077 1781 1171 1822; x_wconf 86' lang='lat' dir='ltr'><strong>seu</strong></span> <span class='ocrx_word' id='word_1_106' title='bbox 1197 1772 1284 1834; x_wconf 75' lang='lat' dir='ltr'><strong>qui</strong></span> <span class='ocrx_word' id='word_1_107' title='bbox 1312 1771 1449 1825; x_wconf 82' lang='lat' dir='ltr'><strong>litin</strong></span> <span class='ocrx_word' id='word_1_108' title='bbox 1481 1775 2067 1848; x_wconf 80' lang='lat' dir='ltr'><strong>ejulatibusintelligit.</strong></span> <span class='ocrx_word' id='word_1_109' title='bbox 2088 1780 2340 1837; x_wconf 87' lang='lat' dir='ltr'><strong>Pastores</strong></span> 
     </span>
    </p>
   </div>
   <div class='ocr_carea' id='block_1_19' title="bbox 765 1862 1492 1928">
    <p class='ocr_par' dir='ltr' id='par_1_19' title="bbox 765 1862 1492 1928">
     <span class='ocr_line' id='line_1_19' title="bbox 765 1862 1492 1928; baseline 0.011 -20"><span class='ocrx_word' id='word_1_110' title='bbox 765 1872 893 1910; x_wconf 88' lang='lat' dir='ltr'><strong>vero</strong></span> <span class='ocrx_word' id='word_1_111' title='bbox 921 1867 1048 1911; x_wconf 90' lang='lat' dir='ltr'><strong>sunt</strong></span> <span class='ocrx_word' id='word_1_112' title='bbox 1087 1862 1268 1928; x_wconf 84' lang='lat' dir='ltr'><strong>populi</strong></span> <span class='ocrx_word' id='word_1_113' title='bbox 1305 1863 1492 1916; x_wconf 87' lang='lat' dir='ltr'><strong>duces.</strong></span> 
     </span>
    </p>
   </div>
   <div class='ocr_carea' id='block_1_20' title="bbox 836 1949 2339 2036">
    <p class='ocr_par' dir='ltr' id='par_1_20' title="bbox 836 1949 2339 2036">
     <span class='ocr_line' id='line_1_20' title="bbox 836 1949 2339 2036; baseline 0.015 -37"><span class='ocrx_word' id='word_1_114' title='bbox 836 1967 854 1996; x_wconf 75' lang='grc' dir='ltr'><strong>ι</strong></span> <span class='ocrx_word' id='word_1_115' title='bbox 890 1949 952 2001; x_wconf 80' lang='lat' dir='ltr'><strong>Et</strong></span> <span class='ocrx_word' id='word_1_116' title='bbox 983 1951 1245 2021; x_wconf 79' lang='lat' dir='ltr'><strong>plangite,</strong></span> <span class='ocrx_word' id='word_1_117' title='bbox 1301 1955 1500 2008; x_wconf 85' lang='lat' dir='ltr'><strong>arietes</strong></span> <span class='ocrx_word' id='word_1_118' title='bbox 1536 1957 1742 2010; x_wconf 78' lang='lat' dir='ltr'><strong>ovium.</strong></span> <span class='ocrx_word' id='word_1_119' title='bbox 1780 1977 1798 2010; x_wconf 71' lang='grc' dir='ltr'><strong>ι</strong></span> <span class='ocrx_word' id='word_1_120' title='bbox 1835 1960 2102 2021; x_wconf 86' lang='lat' dir='ltr'><strong>Primates</strong></span> <span class='ocrx_word' id='word_1_121' title='bbox 2151 1968 2207 2022; x_wconf 89' lang='lat' dir='ltr'><strong>in</strong></span> <span class='ocrx_word' id='word_1_122' title='bbox 2247 1983 2339 2036; x_wconf 82' lang='lat' dir='ltr'><strong>po-</strong></span> 
     </span>
    </p>
   </div>
   <div class='ocr_carea' id='block_1_21' title="bbox 762 2039 908 2107">
    <p class='ocr_par' dir='ltr' id='par_1_21' title="bbox 762 2039 908 2107">
     <span class='ocr_line' id='line_1_21' title="bbox 762 2039 908 2107; baseline 0 -17"><span class='ocrx_word' id='word_1_123' title='bbox 762 2039 908 2107; x_wconf 87' lang='lat' dir='ltr'><strong>pulo.</strong></span> 
     </span>
    </p>
   </div>
   <div class='ocr_carea' id='block_1_22' title="bbox 839 2130 2310 2217">
    <p class='ocr_par' dir='ltr' id='par_1_22' title="bbox 839 2130 2310 2217">
     <span class='ocr_line' id='line_1_22' title="bbox 839 2130 2310 2217; baseline 0.018 -37"><span class='ocrx_word' id='word_1_124' title='bbox 839 2147 856 2179; x_wconf 82' lang='grc' dir='ltr'><strong>ι</strong></span> <span class='ocrx_word' id='word_1_125' title='bbox 895 2130 963 2184; x_wconf 82' lang='grc' dir='ltr'><strong>Ει</strong></span> <span class='ocrx_word' id='word_1_126' title='bbox 991 2134 1214 2188; x_wconf 85' lang='lat' dir='ltr'><strong>cadetis.</strong></span> <span class='ocrx_word' id='word_1_127' title='bbox 1257 2153 1275 2186; x_wconf 85' lang='grc'>›</span> <span class='ocrx_word' id='word_1_128' title='bbox 1307 2135 1409 2201; x_wconf 82' lang='lat' dir='ltr'><strong>Qul</strong></span> <span class='ocrx_word' id='word_1_129' title='bbox 1449 2141 1592 2192; x_wconf 91' lang='lat' dir='ltr'><strong>enim</strong></span> <span class='ocrx_word' id='word_1_130' title='bbox 1643 2151 1866 2210; x_wconf 81' lang='lat' dir='ltr'><strong>mactat,</strong></span> <span class='ocrx_word' id='word_1_131' title='bbox 1889 2147 2191 2217; x_wconf 81' lang='lat' dir='ltr'><strong>saginatum</strong></span> <span class='ocrx_word' id='word_1_132' title='bbox 2226 2167 2310 2205; x_wconf 87' lang='lat' dir='ltr'><strong>ma</strong></span> 
     </span>
    </p>
   </div>
   <div class='ocr_carea' id='block_1_23' title="bbox 761 2229 891 2274">
    <p class='ocr_par' dir='ltr' id='par_1_23' title="bbox 761 2229 891 2274">
     <span class='ocr_line' id='line_1_23' title="bbox 761 2229 891 2274; baseline 0.008 -1"><span class='ocrx_word' id='word_1_133' title='bbox 761 2229 891 2274; x_wconf 91' lang='lat' dir='ltr'><strong>ctat.</strong></span> 
     </span>
    </p>
   </div>
   <div class='ocr_carea' id='block_1_24' title="bbox 833 2311 2338 2405">
    <p class='ocr_par' dir='ltr' id='par_1_24' title="bbox 833 2311 2338 2405">
     <span class='ocr_line' id='line_1_24' title="bbox 833 2311 2338 2405; baseline 0.015 -40"><span class='ocrx_word' id='word_1_134' title='bbox 833 2311 897 2366; x_wconf 73' lang='grc' dir='ltr'><strong>γ.</strong></span> <span class='ocrx_word' id='word_1_135' title='bbox 942 2313 1029 2367; x_wconf 83' lang='grc'><strong>56.</strong></span> <span class='ocrx_word' id='word_1_136' title='bbox 1069 2334 1086 2365; x_wconf 76' lang='grc' dir='ltr'>ι</span> <span class='ocrx_word' id='word_1_137' title='bbox 1125 2316 1262 2381; x_wconf 87' lang='lat' dir='ltr'><strong>Quia</strong></span> <span class='ocrx_word' id='word_1_138' title='bbox 1291 2322 1540 2376; x_wconf 77' lang='lat' dir='ltr'><strong>vastavit.</strong></span> <span class='ocrx_word' id='word_1_139' title='bbox 1575 2342 1592 2373; x_wconf 73' lang='grc' dir='ltr'><strong>ι</strong></span> <span class='ocrx_word' id='word_1_140' title='bbox 1641 2323 1696 2378; x_wconf 93' lang='lat' dir='ltr'><strong>Si</strong></span> <span class='ocrx_word' id='word_1_141' title='bbox 1730 2326 1798 2381; x_wconf 83' lang='lat' dir='ltr'><strong>de</strong></span> <span class='ocrx_word' id='word_1_142' title='bbox 1820 2326 2016 2385; x_wconf 67' lang='lat' dir='ltr'><strong>Judazis</strong></span> <span class='ocrx_word' id='word_1_143' title='bbox 2073 2331 2338 2405; x_wconf 79' lang='lat' dir='ltr'><strong>intelliga-</strong></span> 
     </span>
    </p>
   </div>
   <div class='ocr_carea' id='block_1_25' title="bbox 760 2406 2338 2498">
    <p class='ocr_par' dir='ltr' id='par_1_25' title="bbox 760 2406 2338 2498">
     <span class='ocr_line' id='line_1_25' title="bbox 760 2406 2338 2498; baseline 0.016 -41"><span class='ocrx_word' id='word_1_144' title='bbox 760 2410 870 2469; x_wconf 88' lang='lat' dir='ltr'><strong>tur,</strong></span> <span class='ocrx_word' id='word_1_145' title='bbox 900 2406 1186 2470; x_wconf 81' lang='lat' dir='ltr'><strong>saeril‘ieia,</strong></span> <span class='ocrx_word' id='word_1_146' title='bbox 1223 2419 1527 2482; x_wconf 72' lang='lat' dir='ltr'><strong>caeteraque</strong></span> <span class='ocrx_word' id='word_1_147' title='bbox 1557 2415 1744 2486; x_wconf 80' lang='lat' dir='ltr'><strong>legalia</strong></span> <span class='ocrx_word' id='word_1_148' title='bbox 1767 2423 1984 2487; x_wconf 86' lang='lat' dir='ltr'><strong>omnia;</strong></span> <span class='ocrx_word' id='word_1_149' title='bbox 2015 2424 2059 2479; x_wconf 90' lang='lat' dir='ltr'><strong>si</strong></span> <span class='ocrx_word' id='word_1_150' title='bbox 2086 2441 2215 2481; x_wconf 87' lang='lat' dir='ltr'><strong>vero</strong></span> <span class='ocrx_word' id='word_1_151' title='bbox 2245 2443 2338 2498; x_wconf 79' lang='lat' dir='ltr'><strong>ge-</strong></span> 
     </span>
    </p>
   </div>
   <div class='ocr_carea' id='block_1_26' title="bbox 761 2496 1717 2563">
    <p class='ocr_par' dir='ltr' id='par_1_26' title="bbox 761 2496 1717 2563">
     <span class='ocr_line' id='line_1_26' title="bbox 761 2496 1717 2563; baseline 0.017 -17"><span class='ocrx_word' id='word_1_152' title='bbox 761 2496 1046 2563; x_wconf 88' lang='lat' dir='ltr'><strong>neraliter,</strong></span> <span class='ocrx_word' id='word_1_153' title='bbox 1078 2499 1202 2554; x_wconf 77' lang='lat' dir='ltr'><strong>vitze</strong></span> <span class='ocrx_word' id='word_1_154' title='bbox 1231 2517 1424 2556; x_wconf 88' lang='lat' dir='ltr'><strong>eorum</strong></span> <span class='ocrx_word' id='word_1_155' title='bbox 1452 2506 1717 2562; x_wconf 85' lang='lat' dir='ltr'><strong>instituta.</strong></span> 
     </span>
    </p>
   </div>
   <div class='ocr_carea' id='block_1_27' title="bbox 830 2586 2336 2674">
    <p class='ocr_par' dir='ltr' id='par_1_27' title="bbox 830 2586 2336 2674">
     <span class='ocr_line' id='line_1_27' title="bbox 830 2586 2336 2674; baseline 0.016 -33"><span class='ocrx_word' id='word_1_156' title='bbox 830 2586 894 2641; x_wconf 78' lang='grc' dir='ltr'><strong>ν.</strong></span> <span class='ocrx_word' id='word_1_157' title='bbox 921 2589 1009 2642; x_wconf 79' lang='lat'><strong>58.</strong></span> <span class='ocrx_word' id='word_1_158' title='bbox 1049 2609 1066 2640; x_wconf 78' lang='grc' dir='ltr'><strong>ι</strong></span> <span class='ocrx_word' id='word_1_159' title='bbox 1095 2590 1412 2663; x_wconf 88' lang='lat' dir='ltr'><strong>Dereliqnit.</strong></span> <span class='ocrx_word' id='word_1_160' title='bbox 1461 2616 1480 2649; x_wconf 78' lang='grc' dir='ltr'><strong>ι</strong></span> <span class='ocrx_word' id='word_1_161' title='bbox 1511 2598 1668 2668; x_wconf 87' lang='lat' dir='ltr'><strong>Apud</strong></span> <span class='ocrx_word' id='word_1_162' title='bbox 1698 2601 1915 2658; x_wconf 66' lang='lat' dir='ltr'><strong>Judzos</strong></span> <span class='ocrx_word' id='word_1_163' title='bbox 1942 2605 2160 2674; x_wconf 88' lang='lat' dir='ltr'><strong>quidem</strong></span> <span class='ocrx_word' id='word_1_164' title='bbox 2180 2625 2336 2665; x_wconf 87' lang='lat' dir='ltr'><strong>suum</strong></span> 
     </span>
    </p>
   </div>
   <div class='ocr_carea' id='block_1_28' title="bbox 760 2678 2338 2758">
    <p class='ocr_par' dir='ltr' id='par_1_28' title="bbox 760 2678 2338 2758">
     <span class='ocr_line' id='line_1_28' title="bbox 760 2678 2338 2758; baseline 0.016 -30"><span class='ocrx_word' id='word_1_165' title='bbox 760 2678 1022 2746; x_wconf 77' lang='lat' dir='ltr'><strong>templum</strong></span> <span class='ocrx_word' id='word_1_166' title='bbox 1054 2680 1346 2752; x_wconf 83' lang='lat' dir='ltr'><strong>dereliquit</strong></span> <span class='ocrx_word' id='word_1_167' title='bbox 1407 2686 1703 2758; x_wconf 85' lang='lat' dir='ltr'><strong>Dominus;</strong></span> <span class='ocrx_word' id='word_1_168' title='bbox 1771 2693 1824 2746; x_wconf 92' lang='lat' dir='ltr'><strong>in</strong></span> <span class='ocrx_word' id='word_1_169' title='bbox 1870 2700 2338 2754; x_wconf 82' lang='lat' dir='ltr'><strong>consummatione</strong></span> 
     </span>
    </p>
   </div>
   <div class='ocr_carea' id='block_1_29' title="bbox 761 2772 2336 2854">
    <p class='ocr_par' dir='ltr' id='par_1_29' title="bbox 761 2772 2336 2854">
     <span class='ocr_line' id='line_1_29' title="bbox 761 2772 2336 2854; baseline 0.017 -36"><span class='ocrx_word' id='word_1_170' title='bbox 761 2782 914 2831; x_wconf 80' lang='lat' dir='ltr'><strong>vero,</strong></span> <span class='ocrx_word' id='word_1_171' title='bbox 947 2772 1098 2838; x_wconf 88' lang='lat' dir='ltr'><strong>quasi</strong></span> <span class='ocrx_word' id='word_1_172' title='bbox 1135 2775 1277 2827; x_wconf 90' lang='lat' dir='ltr'><strong>leoni</strong></span> <span class='ocrx_word' id='word_1_173' title='bbox 1303 2776 2083 2854; x_wconf 83' lang='lat' dir='ltr'><strong>derelinquentdiversorium,</strong></span> <span class='ocrx_word' id='word_1_174' title='bbox 2116 2790 2193 2843; x_wconf 90' lang='lat' dir='ltr'><strong>sic</strong></span> <span class='ocrx_word' id='word_1_175' title='bbox 2225 2792 2336 2844; x_wconf 65' lang='lat' dir='ltr'><strong>dae-</strong></span> 
     </span>
    </p>
   </div>
   <div class='ocr_carea' id='block_1_30' title="bbox 761 2861 2004 2937">
    <p class='ocr_par' dir='ltr' id='par_1_30' title="bbox 761 2861 2004 2937">
     <span class='ocr_line' id='line_1_30' title="bbox 761 2861 2004 2937; baseline 0.016 -25"><span class='ocrx_word' id='word_1_176' title='bbox 761 2861 910 2914; x_wconf 92' lang='lat' dir='ltr'><strong>moni</strong></span> <span class='ocrx_word' id='word_1_177' title='bbox 937 2863 1272 2930; x_wconf 87' lang='lat' dir='ltr'><strong>permittitur</strong></span> <span class='ocrx_word' id='word_1_178' title='bbox 1305 2869 1488 2937; x_wconf 76' lang='lat' dir='ltr'><strong>egredi</strong></span> <span class='ocrx_word' id='word_1_179' title='bbox 1526 2881 1713 2926; x_wconf 81' lang='lat' dir='ltr'><strong>contra</strong></span> <span class='ocrx_word' id='word_1_180' title='bbox 1737 2876 2004 2932; x_wconf 85' lang='lat' dir='ltr'><strong>homines.</strong></span> 
     </span>
    </p>
   </div>
   <div class='ocr_carea' id='block_1_31' title="bbox 839 3040 2336 3114">
    <p class='ocr_par' dir='ltr' id='par_1_31' title="bbox 839 3040 2336 3114">
     <span class='ocr_line' id='line_1_31' title="bbox 839 3040 2336 3114; baseline 0.015 -22"><span class='ocrx_word' id='word_1_181' title='bbox 839 3060 856 3092; x_wconf 80' lang='grc' dir='ltr'><strong>ι</strong></span> <span class='ocrx_word' id='word_1_182' title='bbox 890 3040 1024 3106; x_wconf 89' lang='lat' dir='ltr'><strong>Quia</strong></span> <span class='ocrx_word' id='word_1_183' title='bbox 1060 3042 1198 3097; x_wconf 82' lang='lat' dir='ltr'><strong>facta</strong></span> <span class='ocrx_word' id='word_1_184' title='bbox 1225 3054 1327 3099; x_wconf 89' lang='lat' dir='ltr'><strong>est.</strong></span> <span class='ocrx_word' id='word_1_185' title='bbox 1365 3066 1382 3098; x_wconf 77' lang='grc' dir='ltr'><strong>ι</strong></span> <span class='ocrx_word' id='word_1_186' title='bbox 1412 3047 1680 3112; x_wconf 82' lang='lat' dir='ltr'><strong>Quoniam</strong></span> <span class='ocrx_word' id='word_1_187' title='bbox 1740 3052 1994 3110; x_wconf 89' lang='lat' dir='ltr'><strong>homines</strong></span> <span class='ocrx_word' id='word_1_188' title='bbox 2026 3055 2150 3111; x_wconf 79' lang='lat' dir='ltr'><strong>facti</strong></span> <span class='ocrx_word' id='word_1_189' title='bbox 2208 3069 2336 3114; x_wconf 89' lang='lat' dir='ltr'><strong>sunt</strong></span> 
     </span>
    </p>
   </div>
   <div class='ocr_carea' id='block_1_32' title="bbox 757 3132 2333 3219">
    <p class='ocr_par' dir='ltr' id='par_1_32' title="bbox 757 3132 2333 3219">
     <span class='ocr_line' id='line_1_32' title="bbox 757 3132 2333 3219; baseline 0.015 -37"><span class='ocrx_word' id='word_1_190' title='bbox 757 3132 1017 3200; x_wconf 85' lang='lat' dir='ltr'><strong>jumcntis</strong></span> <span class='ocrx_word' id='word_1_191' title='bbox 1050 3137 1274 3201; x_wconf 82' lang='lat' dir='ltr'><strong>similes,</strong></span> <span class='ocrx_word' id='word_1_192' title='bbox 1305 3139 1535 3192; x_wconf 80' lang='lat' dir='ltr'><strong>Satanas</strong></span> <span class='ocrx_word' id='word_1_193' title='bbox 1570 3159 1696 3195; x_wconf 84' lang='lat' dir='ltr'><strong>vero</strong></span> <span class='ocrx_word' id='word_1_194' title='bbox 1752 3147 1863 3198; x_wconf 84' lang='lat' dir='ltr'><strong>fera</strong></span> <span class='ocrx_word' id='word_1_195' title='bbox 1921 3158 2025 3213; x_wconf 90' lang='lat' dir='ltr'><strong>est,</strong></span> <span class='ocrx_word' id='word_1_196' title='bbox 2080 3161 2333 3219; x_wconf 79' lang='lat' dir='ltr'><strong>tanquam</strong></span> 
     </span>
    </p>
   </div>
   <div class='ocr_carea' id='block_1_33' title="bbox 761 3224 2335 3310">
    <p class='ocr_par' dir='ltr' id='par_1_33' title="bbox 761 3224 2335 3310">
     <span class='ocr_line' id='line_1_33' title="bbox 761 3224 2335 3310; baseline 0.014 -34"><span class='ocrx_word' id='word_1_197' title='bbox 761 3224 815 3276; x_wconf 93' lang='lat' dir='ltr'><strong>in</strong></span> <span class='ocrx_word' id='word_1_198' title='bbox 868 3226 1084 3279; x_wconf 84' lang='lat' dir='ltr'><strong>deserto</strong></span> <span class='ocrx_word' id='word_1_199' title='bbox 1115 3228 1274 3282; x_wconf 91' lang='lat' dir='ltr'><strong>simul</strong></span> <span class='ocrx_word' id='word_1_200' title='bbox 1311 3232 1451 3300; x_wconf 87' lang='lat' dir='ltr'><strong>pasci</strong></span> <span class='ocrx_word' id='word_1_201' title='bbox 1488 3235 1901 3304; x_wconf 80' lang='lat' dir='ltr'><strong>permittuntur,</strong></span> <span class='ocrx_word' id='word_1_202' title='bbox 1933 3255 1999 3292; x_wconf 91' lang='lat' dir='ltr'><strong>eo</strong></span> <span class='ocrx_word' id='word_1_203' title='bbox 2024 3243 2166 3310; x_wconf 90' lang='lat' dir='ltr'><strong>quod</strong></span> <span class='ocrx_word' id='word_1_204' title='bbox 2200 3244 2335 3297; x_wconf 91' lang='lat' dir='ltr'><strong>cha-</strong></span> 
     </span>
    </p>
   </div>
   <div class='ocr_carea' id='block_1_34' title="bbox 759 3315 1148 3374">
    <p class='ocr_par' dir='ltr' id='par_1_34' title="bbox 759 3315 1148 3374">
     <span class='ocr_line' id='line_1_34' title="bbox 759 3315 1148 3374; baseline 0.018 -7"><span class='ocrx_word' id='word_1_205' title='bbox 759 3315 889 3369; x_wconf 83' lang='lat' dir='ltr'><strong>ritas</strong></span> <span class='ocrx_word' id='word_1_206' title='bbox 923 3317 1148 3374; x_wconf 76' lang='lat' dir='ltr'><strong>refrixit.</strong></span> 
     </span>
    </p>
   </div>
   <div class='ocr_carea' id='block_1_35' title="bbox 1363 3410 1731 3470">
    <p class='ocr_par' dir='ltr' id='par_1_35' title="bbox 1363 3410 1731 3470">
     <span class='ocr_line' id='line_1_35' title="bbox 1363 3410 1731 3470; baseline 0.014 -6"><span class='ocrx_word' id='word_1_207' title='bbox 1363 3410 1516 3466; x_wconf 84' lang='lat' dir='ltr'><strong>CAP.</strong></span> <span class='ocrx_word' id='word_1_208' title='bbox 1543 3414 1731 3470; x_wconf 77' lang='lat' dir='ltr'><strong>XXVI.</strong></span> 
     </span>
    </p>
   </div>
   <div class='ocr_carea' id='block_1_36' title="bbox 834 3495 2339 3568">
    <p class='ocr_par' dir='ltr' id='par_1_36' title="bbox 834 3495 2339 3568">
     <span class='ocr_line' id='line_1_36' title="bbox 834 3495 2339 3568; baseline 0.015 -23"><span class='ocrx_word' id='word_1_209' title='bbox 834 3495 889 3547; x_wconf 80' lang='grc' dir='ltr'><strong>ν.</strong></span> <span class='ocrx_word' id='word_1_210' title='bbox 917 3495 970 3547; x_wconf 71' lang='lat'><strong>2.</strong></span> <span class='ocrx_word' id='word_1_211' title='bbox 1020 3517 1037 3546; x_wconf 78' lang='grc' dir='ltr'><strong>ι</strong></span> <span class='ocrx_word' id='word_1_212' title='bbox 1068 3497 1156 3551; x_wconf 89' lang='lat' dir='ltr'><strong>Sic</strong></span> <span class='ocrx_word' id='word_1_213' title='bbox 1175 3499 1308 3553; x_wconf 82' lang='lat' dir='ltr'><strong>dixit</strong></span> <span class='ocrx_word' id='word_1_214' title='bbox 1352 3501 1614 3557; x_wconf 86' lang='lat' dir='ltr'><strong>Dominus</strong></span> <span class='ocrx_word' id='word_1_215' title='bbox 1651 3523 1663 3557; x_wconf 90' lang='lat'><strong><em>:</em></strong></span> <span class='ocrx_word' id='word_1_216' title='bbox 1721 3506 1814 3561; x_wconf 84' lang='lat' dir='ltr'><strong>Sta</strong></span> <span class='ocrx_word' id='word_1_217' title='bbox 1852 3509 1904 3561; x_wconf 88' lang='lat' dir='ltr'><strong>in</strong></span> <span class='ocrx_word' id='word_1_218' title='bbox 1956 3512 2097 3564; x_wconf 85' lang='lat' dir='ltr'><strong>atrio</strong></span> <span class='ocrx_word' id='word_1_219' title='bbox 2145 3515 2339 3568; x_wconf 82' lang='lat' dir='ltr'><strong>domus</strong></span> 
     </span>
    </p>
   </div>
   <div class='ocr_carea' id='block_1_37' title="bbox 759 3586 2338 3674">
    <p class='ocr_par' dir='ltr' id='par_1_37' title="bbox 759 3586 2338 3674">
     <span class='ocr_line' id='line_1_37' title="bbox 759 3586 2338 3674; baseline 0.014 -36"><span class='ocrx_word' id='word_1_220' title='bbox 759 3586 991 3640; x_wconf 90' lang='lat' dir='ltr'><strong>Domini.</strong></span> <span class='ocrx_word' id='word_1_221' title='bbox 1029 3606 1046 3637; x_wconf 85' lang='grc'><strong>›</strong></span> <span class='ocrx_word' id='word_1_222' title='bbox 1089 3588 1396 3644; x_wconf 87' lang='lat' dir='ltr'><strong>Contestari</strong></span> <span class='ocrx_word' id='word_1_223' title='bbox 1431 3594 1572 3647; x_wconf 89' lang='lat' dir='ltr'><strong>Deus</strong></span> <span class='ocrx_word' id='word_1_224' title='bbox 1617 3597 1933 3665; x_wconf 82' lang='lat' dir='ltr'><strong>prophetam</strong></span> <span class='ocrx_word' id='word_1_225' title='bbox 1978 3605 2223 3674; x_wconf 66' lang='lat' dir='ltr'><strong>prmcipit</strong></span> <span class='ocrx_word' id='word_1_226' title='bbox 2272 3607 2338 3660; x_wconf 89' lang='lat' dir='ltr'><strong>de</strong></span> 
     </span>
    </p>
   </div>
   <div class='ocr_carea' id='block_1_38' title="bbox 761 3680 2124 3752">
    <p class='ocr_par' dir='ltr' id='par_1_38' title="bbox 761 3680 2124 3752">
     <span class='ocr_line' id='line_1_38' title="bbox 761 3680 2124 3752; baseline 0.015 -22"><span class='ocrx_word' id='word_1_227' title='bbox 761 3680 1026 3733; x_wconf 73' lang='lat' dir='ltr'><strong>servanda</strong></span> <span class='ocrx_word' id='word_1_228' title='bbox 1050 3682 1166 3752; x_wconf 77' lang='lat' dir='ltr'><strong>lege</strong></span> <span class='ocrx_word' id='word_1_229' title='bbox 1188 3683 1393 3749; x_wconf 79' lang='lat' dir='ltr'><strong>divina,</strong></span> <span class='ocrx_word' id='word_1_230' title='bbox 1431 3702 1499 3741; x_wconf 88' lang='lat' dir='ltr'><strong>ne</strong></span> <span class='ocrx_word' id='word_1_231' title='bbox 1539 3689 1593 3742; x_wconf 94' lang='lat' dir='ltr'><strong>in</strong></span> <span class='ocrx_word' id='word_1_232' title='bbox 1637 3690 1753 3746; x_wconf 82' lang='lat' dir='ltr'><strong>illos</strong></span> <span class='ocrx_word' id='word_1_233' title='bbox 1783 3692 1860 3748; x_wconf 87' lang='lat' dir='ltr'><strong>ira</strong></span> <span class='ocrx_word' id='word_1_234' title='bbox 1894 3695 2124 3751; x_wconf 86' lang='lat' dir='ltr'><strong>veniret.</strong></span> 
     </span>
    </p>
   </div>
   <div class='ocr_carea' id='block_1_39' title="bbox 831 3852 2330 3932">
    <p class='ocr_par' dir='ltr' id='par_1_39' title="bbox 831 3852 2330 3932">
     <span class='ocr_line' id='line_1_39' title="bbox 831 3852 2330 3932; baseline 0.015 -25"><span class='ocrx_word' id='word_1_235' title='bbox 831 3852 898 3910; x_wconf 73' lang='grc' dir='ltr'><strong>ν.</strong></span> <span class='ocrx_word' id='word_1_236' title='bbox 928 3854 976 3907; x_wconf 84' lang='lat'>6.</span> <span class='ocrx_word' id='word_1_237' title='bbox 1011 3875 1029 3907; x_wconf 79' lang='grc' dir='ltr'><strong>ι</strong></span> <span class='ocrx_word' id='word_1_238' title='bbox 1061 3859 1128 3912; x_wconf 85' lang='lat' dir='ltr'><strong>Et</strong></span> <span class='ocrx_word' id='word_1_239' title='bbox 1150 3861 1338 3915; x_wconf 87' lang='lat' dir='ltr'><strong>urbem</strong></span> <span class='ocrx_word' id='word_1_240' title='bbox 1393 3865 1530 3921; x_wconf 90' lang='lat' dir='ltr'><strong>hanc</strong></span> <span class='ocrx_word' id='word_1_241' title='bbox 1559 3869 1696 3923; x_wconf 83' lang='lat' dir='ltr'><strong>dabo</strong></span> <span class='ocrx_word' id='word_1_242' title='bbox 1736 3874 1788 3924; x_wconf 92' lang='lat' dir='ltr'><strong>in</strong></span> <span class='ocrx_word' id='word_1_243' title='bbox 1846 3875 2330 3932; x_wconf 57' lang='lat' dir='ltr'><strong>maledictionema</strong></span> 
     </span>
    </p>
   </div>
   <div class='ocr_carea' id='block_1_40' title="bbox 763 3942 2334 4022">
    <p class='ocr_par' dir='ltr' id='par_1_40' title="bbox 763 3942 2334 4022">
     <span class='ocr_line' id='line_1_40' title="bbox 763 3942 2334 4022; baseline 0.018 -26"><span class='ocrx_word' id='word_1_244' title='bbox 763 3942 1145 4002; x_wconf 72' lang='lat' dir='ltr'><strong>Utmaledizta</strong></span> <span class='ocrx_word' id='word_1_245' title='bbox 1166 3951 1254 4018; x_wconf 91' lang='lat' dir='ltr'><strong>sit,</strong></span> <span class='ocrx_word' id='word_1_246' title='bbox 1287 3963 1342 4007; x_wconf 86' lang='lat' dir='ltr'><strong>et</strong></span> <span class='ocrx_word' id='word_1_247' title='bbox 1394 3955 1642 4012; x_wconf 88' lang='lat' dir='ltr'><strong>homines</strong></span> <span class='ocrx_word' id='word_1_248' title='bbox 1700 3961 1928 4019; x_wconf 91' lang='lat' dir='ltr'><strong>inimicis</strong></span> <span class='ocrx_word' id='word_1_249' title='bbox 1970 3968 2083 4021; x_wconf 88' lang='lat' dir='ltr'><strong>suis</strong></span> <span class='ocrx_word' id='word_1_250' title='bbox 2141 3969 2334 4022; x_wconf 87' lang='lat' dir='ltr'><strong>similia</strong></span> 
     </span>
    </p>
   </div>
   <div class='ocr_carea' id='block_1_41' title="bbox 759 4038 1147 4102">
    <p class='ocr_par' dir='ltr' id='par_1_41' title="bbox 759 4038 1147 4102">
     <span class='ocr_line' id='line_1_41' title="bbox 759 4038 1147 4102; baseline 0.013 -11"><span class='ocrx_word' id='word_1_251' title='bbox 759 4038 1147 4102; x_wconf 87' lang='lat' dir='ltr'><strong>deprecentur.</strong></span> 
     </span>
    </p>
   </div>
   <div class='ocr_carea' id='block_1_42' title="bbox 834 4131 2336 4217">
    <p class='ocr_par' dir='ltr' id='par_1_42' title="bbox 834 4131 2336 4217">
     <span class='ocr_line' id='line_1_42' title="bbox 834 4131 2336 4217; baseline 0.018 -33"><span class='ocrx_word' id='word_1_252' title='bbox 834 4131 871 4183; x_wconf 88' lang='lat' dir='ltr'><strong>V</strong></span> <span class='ocrx_word' id='word_1_253' title='bbox 929 4135 977 4185; x_wconf 85' lang='lat'><strong>7.</strong></span> <span class='ocrx_word' id='word_1_254' title='bbox 1020 4154 1037 4182; x_wconf 77' lang='grc' dir='ltr'><strong>ι</strong></span> <span class='ocrx_word' id='word_1_255' title='bbox 1078 4137 1143 4190; x_wconf 82' lang='grc' dir='ltr'><strong>Ει</strong></span> <span class='ocrx_word' id='word_1_256' title='bbox 1202 4140 1514 4194; x_wconf 80' lang='lat' dir='ltr'><strong>audierunt.</strong></span> <span class='ocrx_word' id='word_1_257' title='bbox 1552 4161 1568 4193; x_wconf 71' lang='grc' dir='ltr'><strong>ι</strong></span> <span class='ocrx_word' id='word_1_258' title='bbox 1603 4143 1766 4199; x_wconf 76' lang='lat' dir='ltr'><strong>Vides</strong></span> <span class='ocrx_word' id='word_1_259' title='bbox 1825 4153 2096 4217; x_wconf 92' lang='lat' dir='ltr'><strong>quomodo</strong></span> <span class='ocrx_word' id='word_1_260' title='bbox 2154 4155 2336 4210; x_wconf 79' lang='lat' dir='ltr'><strong>furore</strong></span> 
     </span>
    </p>
   </div>
   <div class='ocr_carea' id='block_1_43' title="bbox 757 4224 2333 4316">
    <p class='ocr_par' dir='ltr' id='par_1_43' title="bbox 757 4224 2333 4316">
     <span class='ocr_line' id='line_1_43' title="bbox 757 4224 2333 4316; baseline 0.018 -41"><span class='ocrx_word' id='word_1_261' title='bbox 757 4224 1132 4290; x_wconf 80' lang='lat' dir='ltr'><strong>exardescant,</strong></span> <span class='ocrx_word' id='word_1_262' title='bbox 1160 4238 1215 4282; x_wconf 90' lang='lat' dir='ltr'><strong>et</strong></span> <span class='ocrx_word' id='word_1_263' title='bbox 1246 4247 1386 4299; x_wconf 67' lang='lat' dir='ltr'><strong>aegre</strong></span> <span class='ocrx_word' id='word_1_264' title='bbox 1418 4233 1632 4288; x_wconf 84' lang='lat' dir='ltr'><strong>ferant?</strong></span> <span class='ocrx_word' id='word_1_265' title='bbox 1662 4247 1716 4290; x_wconf 85' lang='lat' dir='ltr'><strong>et</strong></span> <span class='ocrx_word' id='word_1_266' title='bbox 1768 4251 1917 4296; x_wconf 86' lang='lat' dir='ltr'><strong>certe</strong></span> <span class='ocrx_word' id='word_1_267' title='bbox 1976 4245 2046 4298; x_wconf 91' lang='lat' dir='ltr'><strong>ob</strong></span> <span class='ocrx_word' id='word_1_268' title='bbox 2100 4247 2333 4316; x_wconf 88' lang='lat' dir='ltr'><strong>idipsum</strong></span> 
     </span>
    </p>
   </div>
   <div class='ocr_carea' id='block_1_44' title="bbox 757 4313 2330 4408">
    <p class='ocr_par' dir='ltr' id='par_1_44' title="bbox 757 4313 2330 4408">
     <span class='ocr_line' id='line_1_44' title="bbox 757 4313 2330 4408; baseline 0.021 -44"><span class='ocrx_word' id='word_1_269' title='bbox 757 4313 876 4367; x_wconf 88' lang='lat' dir='ltr'><strong>neci</strong></span> <span class='ocrx_word' id='word_1_270' title='bbox 904 4316 1198 4372; x_wconf 77' lang='lat' dir='ltr'><strong>tradendus</strong></span> <span class='ocrx_word' id='word_1_271' title='bbox 1249 4337 1356 4374; x_wconf 92' lang='lat' dir='ltr'><strong>non</strong></span> <span class='ocrx_word' id='word_1_272' title='bbox 1392 4337 1539 4389; x_wconf 87' lang='lat' dir='ltr'><strong>erat;</strong></span> <span class='ocrx_word' id='word_1_273' title='bbox 1584 4329 1627 4380; x_wconf 89' lang='lat' dir='ltr'><strong>si</strong></span> <span class='ocrx_word' id='word_1_274' title='bbox 1666 4330 1810 4384; x_wconf 87' lang='lat' dir='ltr'><strong>enim</strong></span> <span class='ocrx_word' id='word_1_275' title='bbox 1866 4333 2010 4388; x_wconf 83' lang='lat' dir='ltr'><strong>Deus</strong></span> <span class='ocrx_word' id='word_1_276' title='bbox 2054 4340 2330 4408; x_wconf 66' lang='lat' dir='ltr'><strong>praecepit,</strong></span> 
     </span>
    </p>
   </div>
   <div class='ocr_carea' id='block_1_45' title="bbox 755 4411 2334 4495">
    <p class='ocr_par' dir='ltr' id='par_1_45' title="bbox 755 4411 2334 4495">
     <span class='ocr_line' id='line_1_45' title="bbox 755 4411 2334 4495; baseline 0.02 -41"><span class='ocrx_word' id='word_1_277' title='bbox 755 4418 948 4472; x_wconf 86' lang='lat' dir='ltr'><strong>parere</strong></span> <span class='ocrx_word' id='word_1_278' title='bbox 991 4417 1223 4476; x_wconf 88' lang='lat' dir='ltr'><strong>oportet.</strong></span> <span class='ocrx_word' id='word_1_279' title='bbox 1285 4411 1397 4467; x_wconf 88' lang='lat' dir='ltr'><strong>lloc</strong></span> <span class='ocrx_word' id='word_1_280' title='bbox 1445 4419 1668 4473; x_wconf 84' lang='lat' dir='ltr'><strong>verbum</strong></span> <span class='ocrx_word' id='word_1_281' title='bbox 1722 4439 1815 4477; x_wconf 73' lang='lat' dir='ltr'><strong>vos</strong></span> <span class='ocrx_word' id='word_1_282' title='bbox 1842 4427 2048 4495; x_wconf 88' lang='lat' dir='ltr'><strong>pungit,</strong></span> <span class='ocrx_word' id='word_1_283' title='bbox 2102 4428 2156 4481; x_wconf 89' lang='lat' dir='ltr'><strong>in</strong></span> <span class='ocrx_word' id='word_1_284' title='bbox 2209 4446 2334 4484; x_wconf 90' lang='lat' dir='ltr'><strong>eum</strong></span> 
     </span>
    </p>
   </div>
   <div class='ocr_carea' id='block_1_46' title="bbox 2442 584 3764 658">
    <p class='ocr_par' dir='ltr' id='par_1_46' title="bbox 2442 584 3764 658">
     <span class='ocr_line' id='line_1_46' title="bbox 2442 584 3764 658; baseline 0.004 -23"><span class='ocrx_word' id='word_1_285' title='bbox 2442 584 2762 654; x_wconf 77' lang='grc' dir='ltr'><strong>τρυγῶντας</strong></span> <span class='ocrx_word' id='word_1_286' title='bbox 2801 588 2909 655; x_wconf 84' lang='grc' dir='ltr'><strong>γάρ</strong></span> <span class='ocrx_word' id='word_1_287' title='bbox 2945 604 3078 654; x_wconf 72' lang='grc' dir='ltr'><strong>φησι</strong></span> <span class='ocrx_word' id='word_1_288' title='bbox 3109 589 3234 648; x_wconf 70' lang='grc' dir='ltr'><strong>τοὺς</strong></span> <span class='ocrx_word' id='word_1_289' title='bbox 3257 589 3764 658; x_wconf 68' lang='grc' dir='ltr'><strong>καρποφοροῦντας.</strong></span> 
     </span>
    </p>
   </div>
   <div class='ocr_carea' id='block_1_47' title="bbox 2518 678 4022 751">
    <p class='ocr_par' dir='ltr' id='par_1_47' title="bbox 2518 678 4022 751">
     <span class='ocr_line' id='line_1_47' title="bbox 2518 678 4022 751; baseline 0.003 -26"><span class='ocrx_word' id='word_1_290' title='bbox 2518 694 2535 724; x_wconf 79' lang='lat' dir='ltr'><strong>r</strong></span> <span class='ocrx_word' id='word_1_291' title='bbox 2575 679 2734 728; x_wconf 78' lang='grc' dir='ltr'><strong>Ἤκει</strong></span> <span class='ocrx_word' id='word_1_292' title='bbox 2760 678 3000 747; x_wconf 72' lang='grc' dir='ltr'><strong>ὄλεθρος.</strong></span> <span class='ocrx_word' id='word_1_293' title='bbox 3032 697 3047 727; x_wconf 76' lang='grc' dir='ltr'><strong>ι</strong></span> <span class='ocrx_word' id='word_1_294' title='bbox 3077 679 3151 730; x_wconf 74' lang='grc' dir='ltr'><strong>Οὐ</strong></span> <span class='ocrx_word' id='word_1_295' title='bbox 3179 681 3285 748; x_wconf 74' lang='grc' dir='ltr'><strong>γὰρ</strong></span> <span class='ocrx_word' id='word_1_296' title='bbox 3313 681 3952 751; x_wconf 70' lang='grc' dir='ltr'><strong>συμπαραλαμϐάνουται</strong></span> <span class='ocrx_word' id='word_1_297' title='bbox 3978 683 4022 731; x_wconf 68' lang='grc' dir='ltr'><strong>οἱ</strong></span> 
     </span>
    </p>
   </div>
   <div class='ocr_carea' id='block_1_48' title="bbox 2442 768 4028 843">
    <p class='ocr_par' dir='ltr' id='par_1_48' title="bbox 2442 768 4028 843">
     <span class='ocr_line' id='line_1_48' title="bbox 2442 768 4028 843; baseline 0.001 -23"><span class='ocrx_word' id='word_1_298' title='bbox 2442 768 2586 835; x_wconf 77' lang='grc' dir='ltr'><strong>ἆγιοι</strong></span> <span class='ocrx_word' id='word_1_299' title='bbox 2631 772 2696 838; x_wconf 81' lang='grc' dir='ltr'><strong>τῇ</strong></span> <span class='ocrx_word' id='word_1_300' title='bbox 2731 770 3101 840; x_wconf 74' lang='grc' dir='ltr'><strong>πανωλεθρία.</strong></span> <span class='ocrx_word' id='word_1_301' title='bbox 3156 772 3341 824; x_wconf 74' lang='grc' dir='ltr'><strong>Ταῦτα</strong></span> <span class='ocrx_word' id='word_1_302' title='bbox 3377 773 3431 824; x_wconf 74' lang='grc' dir='ltr'>δὲ</span> <span class='ocrx_word' id='word_1_303' title='bbox 3474 776 3702 843; x_wconf 75' lang='grc' dir='ltr'><strong>ἁρμόζει</strong></span> <span class='ocrx_word' id='word_1_304' title='bbox 3750 776 3890 824; x_wconf 57' lang='lat' dir='ltr'><strong>mli;</strong></span> <span class='ocrx_word' id='word_1_305' title='bbox 3939 778 4028 824; x_wconf 72' lang='grc' dir='ltr'><strong>καὶ</strong></span> 
     </span>
    </p>
   </div>
   <div class='ocr_carea' id='block_1_49' title="bbox 2443 862 3550 935">
    <p class='ocr_par' dir='ltr' id='par_1_49' title="bbox 2443 862 3550 935">
     <span class='ocr_line' id='line_1_49' title="bbox 2443 862 3550 935; baseline 0.004 -22"><span class='ocrx_word' id='word_1_306' title='bbox 2443 864 2532 914; x_wconf 73' lang='grc' dir='ltr'><strong>ἐπὶ</strong></span> <span class='ocrx_word' id='word_1_307' title='bbox 2558 862 2656 930; x_wconf 86' lang='grc' dir='ltr'><strong>τῆς</strong></span> <span class='ocrx_word' id='word_1_308' title='bbox 2683 863 2980 935; x_wconf 77' lang='grc' dir='ltr'><strong>καῡολικῆς</strong></span> <span class='ocrx_word' id='word_1_309' title='bbox 3019 864 3113 916; x_wconf 79' lang='grc' dir='ltr'><strong>τοῦ</strong></span> <span class='ocrx_word' id='word_1_310' title='bbox 3153 865 3288 916; x_wconf 80' lang='grc' dir='ltr'><strong>Θεοῦ</strong></span> <span class='ocrx_word' id='word_1_311' title='bbox 3317 867 3550 934; x_wconf 85' lang='grc' dir='ltr'><strong>κρίσεως</strong></span> 
     </span>
    </p>
   </div>
   <div class='ocr_carea' id='block_1_50' title="bbox 2519 953 4028 1022">
    <p class='ocr_par' dir='ltr' id='par_1_50' title="bbox 2519 953 4028 1022">
     <span class='ocr_line' id='line_1_50' title="bbox 2519 953 4028 1022; baseline 0.001 -19"><span class='ocrx_word' id='word_1_312' title='bbox 2519 970 2537 1003; x_wconf 81' lang='grc' dir='ltr'><strong>ι</strong></span> <span class='ocrx_word' id='word_1_313' title='bbox 2583 953 2714 1006; x_wconf 79' lang='grc' dir='ltr'><strong>Ἰδοὺ</strong></span> <span class='ocrx_word' id='word_1_314' title='bbox 2741 955 2907 1007; x_wconf 83' lang='grc' dir='ltr'><strong>κακά.</strong></span> <span class='ocrx_word' id='word_1_315' title='bbox 2952 973 2970 1004; x_wconf 78' lang='grc' dir='ltr'><strong>ι</strong></span> <span class='ocrx_word' id='word_1_316' title='bbox 3021 956 3177 1008; x_wconf 75' lang='grc' dir='ltr'><strong>Μετὰ</strong></span> <span class='ocrx_word' id='word_1_317' title='bbox 3211 957 3280 1008; x_wconf 84' lang='grc' dir='ltr'><strong>τὰ</strong></span> <span class='ocrx_word' id='word_1_318' title='bbox 3307 959 3399 1008; x_wconf 77' lang='grc' dir='ltr'><strong>ἐπὶ</strong></span> <span class='ocrx_word' id='word_1_319' title='bbox 3427 956 3520 1009; x_wconf 75' lang='grc' dir='ltr'><strong>τοῦ</strong></span> <span class='ocrx_word' id='word_1_320' title='bbox 3557 956 3901 1008; x_wconf 77' lang='grc' dir='ltr'><strong>Βαϐυλωνίου</strong></span> <span class='ocrx_word' id='word_1_321' title='bbox 3940 974 4028 1022; x_wconf 70' lang='grc' dir='ltr'><strong>γε·</strong></span> 
     </span>
    </p>
   </div>
   <div class='ocr_carea' id='block_1_51' title="bbox 2441 1043 4028 1115">
    <p class='ocr_par' dir='ltr' id='par_1_51' title="bbox 2441 1043 4028 1115">
     <span class='ocr_line' id='line_1_51' title="bbox 2441 1043 4028 1115; baseline 0.001 -20"><span class='ocrx_word' id='word_1_322' title='bbox 2441 1043 2657 1110; x_wconf 80' lang='grc' dir='ltr'><strong>γονότα,</strong></span> <span class='ocrx_word' id='word_1_323' title='bbox 2695 1046 2790 1096; x_wconf 71' lang='grc' dir='ltr'><strong>καὶ</strong></span> <span class='ocrx_word' id='word_1_324' title='bbox 2815 1044 2883 1097; x_wconf 80' lang='grc' dir='ltr'><strong>τὰ</strong></span> <span class='ocrx_word' id='word_1_325' title='bbox 2918 1047 3010 1112; x_wconf 65' lang='grc' dir='ltr'><strong>ἐπὶ</strong></span> <span class='ocrx_word' id='word_1_326' title='bbox 3049 1049 3147 1115; x_wconf 82' lang='grc' dir='ltr'><strong>τῆς</strong></span> <span class='ocrx_word' id='word_1_327' title='bbox 3178 1049 3495 1109; x_wconf 67' lang='grc' dir='ltr'><strong>συντελείας</strong></span> <span class='ocrx_word' id='word_1_328' title='bbox 3523 1048 3703 1115; x_wconf 67' lang='grc' dir='ltr'><strong>φησίν·</strong></span> <span class='ocrx_word' id='word_1_329' title='bbox 3753 1048 4028 1115; x_wconf 55' lang='grc' dir='ltr'><strong>Ἐγερθή-</strong></span> 
     </span>
    </p>
   </div>
   <div class='ocr_carea' id='block_1_52' title="bbox 2441 1137 3311 1204">
    <p class='ocr_par' dir='ltr' id='par_1_52' title="bbox 2441 1137 3311 1204">
     <span class='ocr_line' id='line_1_52' title="bbox 2441 1137 3311 1204; baseline 0.002 -15"><span class='ocrx_word' id='word_1_330' title='bbox 2441 1151 2612 1189; x_wconf 83' lang='grc' dir='ltr'><em>σεται</em></span> <span class='ocrx_word' id='word_1_331' title='bbox 2649 1137 2759 1203; x_wconf 77' lang='grc' dir='ltr'><strong>γὰρ</strong></span> <span class='ocrx_word' id='word_1_332' title='bbox 2789 1138 2964 1203; x_wconf 77' lang='grc' dir='ltr'><strong>ἔθνος</strong></span> <span class='ocrx_word' id='word_1_333' title='bbox 2987 1139 3083 1190; x_wconf 79' lang='grc' dir='ltr'><strong>ἐπὶ</strong></span> <span class='ocrx_word' id='word_1_334' title='bbox 3116 1139 3311 1204; x_wconf 78' lang='grc' dir='ltr'><strong>ἔθνος.</strong></span> 
     </span>
    </p>
   </div>
   <div class='ocr_carea' id='block_1_53' title="bbox 2519 1228 4024 1300">
    <p class='ocr_par' dir='ltr' id='par_1_53' title="bbox 2519 1228 4024 1300">
     <span class='ocr_line' id='line_1_53' title="bbox 2519 1228 4024 1300; baseline -0.001 -20"><span class='ocrx_word' id='word_1_335' title='bbox 2519 1248 2538 1280; x_wconf 74' lang='grc' dir='ltr'><strong>ι</strong></span> <span class='ocrx_word' id='word_1_336' title='bbox 2575 1229 2683 1280; x_wconf 76' lang='grc' dir='ltr'><strong>Καὶ</strong></span> <span class='ocrx_word' id='word_1_337' title='bbox 2705 1228 2924 1296; x_wconf 69' lang='grc' dir='ltr'><strong>λαῖλαψ.</strong></span> <span class='ocrx_word' id='word_1_338' title='bbox 2963 1248 2981 1278; x_wconf 75' lang='grc' dir='ltr'><strong>ι</strong></span> <span class='ocrx_word' id='word_1_339' title='bbox 3018 1231 3290 1300; x_wconf 79' lang='grc' dir='ltr'><strong>Συγχυσις</strong></span> <span class='ocrx_word' id='word_1_340' title='bbox 3322 1230 3533 1300; x_wconf 81' lang='grc' dir='ltr'><strong>μεγάλη</strong></span> <span class='ocrx_word' id='word_1_341' title='bbox 3567 1231 3660 1282; x_wconf 76' lang='grc' dir='ltr'><strong>καὶ</strong></span> <span class='ocrx_word' id='word_1_342' title='bbox 3689 1232 3908 1298; x_wconf 74' lang='grc' dir='ltr'><strong>ταραχὴ</strong></span> 
     </span>
    </p>
   </div>
   <div class='ocr_carea' id='block_1_54' title="bbox 2442 1317 3454 1390">
    <p class='ocr_par' dir='ltr' id='par_1_54' title="bbox 2442 1317 3454 1390">
     <span class='ocr_line' id='line_1_54' title="bbox 2442 1317 3454 1390; baseline 0.003 -20"><span class='ocrx_word' id='word_1_343' title='bbox 2442 1320 2695 1386; x_wconf 76' lang='grc' dir='ltr'><strong>ὲσχὰτοες</strong></span> <span class='ocrx_word' id='word_1_344' title='bbox 2720 1320 2830 1381; x_wconf 81' lang='grc' dir='ltr'><strong>τοῖς</strong></span> <span class='ocrx_word' id='word_1_345' title='bbox 2866 1317 2958 1369; x_wconf 72' lang='grc' dir='ltr'><strong>τοῦ</strong></span> <span class='ocrx_word' id='word_1_346' title='bbox 2989 1318 3183 1381; x_wconf 84' lang='grc' dir='ltr'><strong>αἰῶνος</strong></span> <span class='ocrx_word' id='word_1_347' title='bbox 3219 1323 3454 1390; x_wconf 85' lang='grc' dir='ltr'><strong>καιροῖς.</strong></span> 
     </span>
    </p>
   </div>
   <div class='ocr_carea' id='block_1_55' title="bbox 2519 1411 4023 1479">
    <p class='ocr_par' dir='ltr' id='par_1_55' title="bbox 2519 1411 4023 1479">
     <span class='ocr_line' id='line_1_55' title="bbox 2519 1411 4023 1479; baseline 0.003 -19"><span class='ocrx_word' id='word_1_348' title='bbox 2519 1431 2536 1460; x_wconf 75' lang='grc' dir='ltr'><strong>ε</strong></span> <span class='ocrx_word' id='word_1_349' title='bbox 2569 1414 2678 1464; x_wconf 83' lang='grc' dir='ltr'><strong>Καὶ</strong></span> <span class='ocrx_word' id='word_1_350' title='bbox 2704 1411 2938 1464; x_wconf 72' lang='grc' dir='ltr'><strong>ἔσονται.</strong></span> <span class='ocrx_word' id='word_1_351' title='bbox 2980 1430 2997 1462; x_wconf 74' lang='grc' dir='ltr'><strong>ι</strong></span> <span class='ocrx_word' id='word_1_352' title='bbox 3032 1413 3187 1465; x_wconf 71' lang='grc' dir='ltr'><strong>Μετὰ</strong></span> <span class='ocrx_word' id='word_1_353' title='bbox 3224 1416 3285 1464; x_wconf 81' lang='grc' dir='ltr'><strong>τὸ</strong></span> <span class='ocrx_word' id='word_1_354' title='bbox 3329 1413 3609 1479; x_wconf 76' lang='grc' dir='ltr'><strong>αἰσθητὸν,</strong></span> <span class='ocrx_word' id='word_1_355' title='bbox 3644 1417 3735 1465; x_wconf 65' lang='grc' dir='ltr'><strong>καὶ</strong></span> <span class='ocrx_word' id='word_1_356' title='bbox 3763 1416 3891 1475; x_wconf 64' lang='grc' dir='ltr'><strong>τοὺς</strong></span> <span class='ocrx_word' id='word_1_357' title='bbox 3929 1416 4023 1465; x_wconf 59' lang='grc' dir='ltr'><strong>ὑτκ,</strong></span> 
     </span>
    </p>
   </div>
   <div class='ocr_carea' id='block_1_56' title="bbox 2441 1500 3594 1574">
    <p class='ocr_par' dir='ltr' id='par_1_56' title="bbox 2441 1500 3594 1574">
     <span class='ocr_line' id='line_1_56' title="bbox 2441 1500 3594 1574; baseline 0.003 -21"><span class='ocrx_word' id='word_1_358' title='bbox 2441 1500 2536 1570; x_wconf 84' lang='grc' dir='ltr'><strong>τῆς</strong></span> <span class='ocrx_word' id='word_1_359' title='bbox 2560 1504 2837 1574; x_wconf 65' lang='grc' dir='ltr'><strong>ἁμαρτίας</strong></span> <span class='ocrx_word' id='word_1_360' title='bbox 2867 1505 3443 1574; x_wconf 81' lang='grc' dir='ltr'><strong>τετραυματισμένους</strong></span> <span class='ocrx_word' id='word_1_361' title='bbox 3468 1507 3594 1558; x_wconf 85' lang='grc' dir='ltr'><strong>νόει.</strong></span> 
     </span>
    </p>
   </div>
   <div class='ocr_carea' id='block_1_57' title="bbox 2525 1685 4024 1756">
    <p class='ocr_par' dir='ltr' id='par_1_57' title="bbox 2525 1685 4024 1756">
     <span class='ocr_line' id='line_1_57' title="bbox 2525 1685 4024 1756; baseline 0.001 -20"><span class='ocrx_word' id='word_1_362' title='bbox 2525 1685 2874 1749; x_wconf 71' lang='grc' dir='ltr'><strong>Ἀλαλὰξατε.</strong></span> <span class='ocrx_word' id='word_1_363' title='bbox 2918 1705 2936 1738; x_wconf 77' lang='grc' dir='ltr'><strong><em>ι</em></strong></span> <span class='ocrx_word' id='word_1_364' title='bbox 2985 1687 3328 1756; x_wconf 80' lang='grc' dir='ltr'><strong>Ἀλαλαγμὸν</strong></span> <span class='ocrx_word' id='word_1_365' title='bbox 3367 1687 3601 1740; x_wconf 76' lang='grc' dir='ltr'><strong>ἐνταῦθα</strong></span> <span class='ocrx_word' id='word_1_366' title='bbox 3632 1688 3730 1740; x_wconf 81' lang='grc' dir='ltr'><strong>οὐκ</strong></span> <span class='ocrx_word' id='word_1_367' title='bbox 3766 1690 3858 1738; x_wconf 67' lang='grc' dir='ltr'><strong>ζπὶ</strong></span> <span class='ocrx_word' id='word_1_368' title='bbox 3910 1689 4024 1754; x_wconf 71' lang='grc' dir='ltr'><strong>νίκῃ</strong></span> 
     </span>
    </p>
   </div>
   <div class='ocr_carea' id='block_1_58' title="bbox 2442 1779 4025 1848">
    <p class='ocr_par' dir='ltr' id='par_1_58' title="bbox 2442 1779 4025 1848">
     <span class='ocr_line' id='line_1_58' title="bbox 2442 1779 4025 1848; baseline -0.001 -18"><span class='ocrx_word' id='word_1_369' title='bbox 2442 1779 2549 1831; x_wconf 80' lang='grc' dir='ltr'><strong>τῶν</strong></span> <span class='ocrx_word' id='word_1_370' title='bbox 2581 1779 2876 1848; x_wconf 75' lang='grc' dir='ltr'><strong>πολεμίων,</strong></span> <span class='ocrx_word' id='word_1_371' title='bbox 2909 1779 3024 1831; x_wconf 80' lang='grc' dir='ltr'><strong>ἀλλ’</strong></span> <span class='ocrx_word' id='word_1_372' title='bbox 3050 1780 3143 1830; x_wconf 76' lang='grc' dir='ltr'><strong>ἐπὶ</strong></span> <span class='ocrx_word' id='word_1_373' title='bbox 3168 1784 3285 1841; x_wconf 84' lang='grc' dir='ltr'><strong>ταῖς</strong></span> <span class='ocrx_word' id='word_1_374' title='bbox 3314 1782 3578 1847; x_wconf 47' lang='grc' dir='ltr'><strong>οἰμωγαῖς</strong></span> <span class='ocrx_word' id='word_1_375' title='bbox 3601 1796 3784 1848; x_wconf 63' lang='grc' dir='ltr'><strong>φησιν.</strong></span> <span class='ocrx_word' id='word_1_376' title='bbox 3822 1781 4025 1847; x_wconf 71' lang='grc' dir='ltr'><strong>Ποιμέ-</strong></span> 
     </span>
    </p>
   </div>
   <div class='ocr_carea' id='block_1_59' title="bbox 2444 1870 3350 1942">
    <p class='ocr_par' dir='ltr' id='par_1_59' title="bbox 2444 1870 3350 1942">
     <span class='ocr_line' id='line_1_59' title="bbox 2444 1870 3350 1942; baseline -0.001 -18"><span class='ocrx_word' id='word_1_377' title='bbox 2444 1889 2533 1934; x_wconf 88' lang='grc' dir='ltr'><strong>νες</strong></span> <span class='ocrx_word' id='word_1_378' title='bbox 2568 1872 2625 1923; x_wconf 85' lang='grc' dir='ltr'><strong>δὲ</strong></span> <span class='ocrx_word' id='word_1_379' title='bbox 2655 1874 2704 1924; x_wconf 81' lang='grc' dir='ltr'><strong>οἱ</strong></span> <span class='ocrx_word' id='word_1_380' title='bbox 2735 1871 3034 1942; x_wconf 77' lang='grc' dir='ltr'><strong>ἡγούμενοι</strong></span> <span class='ocrx_word' id='word_1_381' title='bbox 3075 1870 3169 1923; x_wconf 83' lang='grc' dir='ltr'><strong>τοῦ</strong></span> <span class='ocrx_word' id='word_1_382' title='bbox 3201 1871 3350 1923; x_wconf 84' lang='grc' dir='ltr'><strong>λαοῦ.</strong></span> 
     </span>
    </p>
   </div>
   <div class='ocr_carea' id='block_1_60' title="bbox 2519 1963 3873 2034">
    <p class='ocr_par' dir='ltr' id='par_1_60' title="bbox 2519 1963 3873 2034">
     <span class='ocr_line' id='line_1_60' title="bbox 2519 1963 3873 2034; baseline 0 -18"><span class='ocrx_word' id='word_1_383' title='bbox 2519 1983 2537 2016; x_wconf 80' lang='lat' dir='ltr'><strong>r</strong></span> <span class='ocrx_word' id='word_1_384' title='bbox 2576 1967 2637 2017; x_wconf 86' lang='grc' dir='ltr'>Οἱ</span> <span class='ocrx_word' id='word_1_385' title='bbox 2665 1967 2814 2020; x_wconf 72' lang='grc' dir='ltr'><strong>κριοὶ</strong></span> <span class='ocrx_word' id='word_1_386' title='bbox 2836 1965 2967 2018; x_wconf 85' lang='grc' dir='ltr'><strong>τῶν.</strong></span> <span class='ocrx_word' id='word_1_387' title='bbox 3005 1983 3022 2015; x_wconf 75' lang='grc' dir='ltr'><strong>ι</strong></span> <span class='ocrx_word' id='word_1_388' title='bbox 3060 1965 3124 2018; x_wconf 78' lang='grc' dir='ltr'><strong>Οἱ</strong></span> <span class='ocrx_word' id='word_1_389' title='bbox 3153 1967 3275 2018; x_wconf 83' lang='grc' dir='ltr'><strong>κατ’</strong></span> <span class='ocrx_word' id='word_1_390' title='bbox 3307 1965 3500 2034; x_wconf 79' lang='grc' dir='ltr'><strong>ἐξοχὴν</strong></span> <span class='ocrx_word' id='word_1_391' title='bbox 3535 1965 3590 2016; x_wconf 83' lang='grc' dir='ltr'><strong>ὲν</strong></span> <span class='ocrx_word' id='word_1_392' title='bbox 3624 1963 3701 2033; x_wconf 78' lang='grc' dir='ltr'><strong>τῷ</strong></span> <span class='ocrx_word' id='word_1_393' title='bbox 3734 1963 3873 2032; x_wconf 78' lang='grc' dir='ltr'><strong>λαῷ.</strong></span> 
     </span>
    </p>
   </div>
   <div class='ocr_carea' id='block_1_61' title="bbox 2520 2140 4024 2210">
    <p class='ocr_par' dir='ltr' id='par_1_61' title="bbox 2520 2140 4024 2210">
     <span class='ocr_line' id='line_1_61' title="bbox 2520 2140 4024 2210; baseline 0 -19"><span class='ocrx_word' id='word_1_394' title='bbox 2520 2160 2536 2191; x_wconf 77' lang='grc' dir='ltr'><strong>ι</strong></span> <span class='ocrx_word' id='word_1_395' title='bbox 2570 2142 2679 2195; x_wconf 81' lang='grc' dir='ltr'><strong>Καὶ</strong></span> <span class='ocrx_word' id='word_1_396' title='bbox 2716 2140 2994 2195; x_wconf 82' lang='grc' dir='ltr'><strong>πεσεῖσοε.</strong></span> <span class='ocrx_word' id='word_1_397' title='bbox 3033 2161 3051 2192; x_wconf 74' lang='grc' dir='ltr'><strong>ι</strong></span> <span class='ocrx_word' id='word_1_398' title='bbox 3082 2141 3302 2210; x_wconf 80' lang='grc' dir='ltr'><strong>Ἐπειδὴ</strong></span> <span class='ocrx_word' id='word_1_399' title='bbox 3332 2143 3358 2194; x_wconf 85' lang='lat'><strong>6</strong></span> <span class='ocrx_word' id='word_1_400' title='bbox 3393 2140 3611 2210; x_wconf 75' lang='grc' dir='ltr'><strong>σφάζων</strong></span> <span class='ocrx_word' id='word_1_401' title='bbox 3651 2140 3710 2192; x_wconf 83' lang='grc' dir='ltr'><strong>τὸ</strong></span> <span class='ocrx_word' id='word_1_402' title='bbox 3755 2141 4024 2208; x_wconf 60' lang='grc' dir='ltr'><strong>εὖτραςὲς</strong></span> 
     </span>
    </p>
   </div>
   <div class='ocr_carea' id='block_1_62' title="bbox 2443 2231 2655 2300">
    <p class='ocr_par' dir='ltr' id='par_1_62' title="bbox 2443 2231 2655 2300">
     <span class='ocr_line' id='line_1_62' title="bbox 2443 2231 2655 2300; baseline 0.005 -17"><span class='ocrx_word' id='word_1_403' title='bbox 2443 2231 2655 2300; x_wconf 77' lang='grc' dir='ltr'><strong>σφάξει.</strong></span> 
     </span>
    </p>
   </div>
   <div class='ocr_carea' id='block_1_63' title="bbox 2520 2322 3986 2394">
    <p class='ocr_par' dir='ltr' id='par_1_63' title="bbox 2520 2322 3986 2394">
     <span class='ocr_line' id='line_1_63' title="bbox 2520 2322 3986 2394; baseline 0.001 -21"><span class='ocrx_word' id='word_1_404' title='bbox 2520 2341 2538 2372; x_wconf 77' lang='grc' dir='ltr'><strong>ι</strong></span> <span class='ocrx_word' id='word_1_405' title='bbox 2576 2325 2700 2374; x_wconf 85' lang='grc' dir='ltr'><strong>Ὅτι</strong></span> <span class='ocrx_word' id='word_1_406' title='bbox 2735 2322 2986 2394; x_wconf 81' lang='grc' dir='ltr'><strong>ὠλόθρει.</strong></span> <span class='ocrx_word' id='word_1_407' title='bbox 3021 2344 3039 2376; x_wconf 71' lang='grc' dir='ltr'><strong>ι</strong></span> <span class='ocrx_word' id='word_1_408' title='bbox 3078 2326 3203 2378; x_wconf 78' lang='grc' dir='ltr'><strong>Ἐπὶ</strong></span> <span class='ocrx_word' id='word_1_409' title='bbox 3242 2325 3340 2394; x_wconf 87' lang='grc' dir='ltr'><strong>μὲν</strong></span> <span class='ocrx_word' id='word_1_410' title='bbox 3367 2323 3639 2377; x_wconf 76' lang='grc' dir='ltr'><strong>Ἰουδαίων</strong></span> <span class='ocrx_word' id='word_1_411' title='bbox 3667 2323 3764 2385; x_wconf 74' lang='grc' dir='ltr'><strong>τὰς</strong></span> <span class='ocrx_word' id='word_1_412' title='bbox 3791 2322 3986 2384; x_wconf 79' lang='grc' dir='ltr'><strong>θυσίας</strong></span> 
     </span>
    </p>
   </div>
   <div class='ocr_carea' id='block_1_64' title="bbox 2440 2406 4023 2487">
    <p class='ocr_par' dir='ltr' id='par_1_64' title="bbox 2440 2406 4023 2487">
     <span class='ocr_line' id='line_1_64' title="bbox 2440 2406 4023 2487; baseline 0 -22"><span class='ocrx_word' id='word_1_413' title='bbox 2440 2414 2535 2466; x_wconf 72' lang='grc' dir='ltr'><strong>καὶ</strong></span> <span class='ocrx_word' id='word_1_414' title='bbox 2574 2414 2752 2466; x_wconf 83' lang='grc' dir='ltr'><strong>πάντα</strong></span> <span class='ocrx_word' id='word_1_415' title='bbox 2777 2415 2844 2466; x_wconf 82' lang='grc' dir='ltr'><strong>τὰ</strong></span> <span class='ocrx_word' id='word_1_416' title='bbox 2871 2416 3005 2468; x_wconf 78' lang='grc' dir='ltr'><strong>ἄλλα</strong></span> <span class='ocrx_word' id='word_1_417' title='bbox 3031 2416 3236 2487; x_wconf 86' lang='grc' dir='ltr'><strong>νόμιμα</strong></span> <span class='ocrx_word' id='word_1_418' title='bbox 3261 2434 3274 2448; x_wconf 70' lang='grc' dir='ltr'><strong>υ</strong></span> <span class='ocrx_word' id='word_1_419' title='bbox 3316 2416 3408 2468; x_wconf 71' lang='grc' dir='ltr'><strong>ἐπὶ</strong></span> <span class='ocrx_word' id='word_1_420' title='bbox 3441 2415 3499 2468; x_wconf 85' lang='grc' dir='ltr'><strong>δὲ.</strong></span> <span class='ocrx_word' id='word_1_421' title='bbox 3530 2413 3624 2468; x_wconf 79' lang='grc' dir='ltr'><strong>τοῦ</strong></span> <span class='ocrx_word' id='word_1_422' title='bbox 3656 2406 3891 2467; x_wconf 76' lang='grc' dir='ltr'><strong>καθόλου</strong></span> <span class='ocrx_word' id='word_1_423' title='bbox 3925 2415 4023 2475; x_wconf 74' lang='grc' dir='ltr'><strong>τὰς</strong></span> 
     </span>
    </p>
   </div>
   <div class='ocr_carea' id='block_1_65' title="bbox 2439 2503 2941 2572">
    <p class='ocr_par' dir='ltr' id='par_1_65' title="bbox 2439 2503 2941 2572">
     <span class='ocr_line' id='line_1_65' title="bbox 2439 2503 2941 2572; baseline 0.006 -16"><span class='ocrx_word' id='word_1_424' title='bbox 2439 2503 2712 2572; x_wconf 76' lang='grc' dir='ltr'><strong>διαγωγὰς</strong></span> <span class='ocrx_word' id='word_1_425' title='bbox 2739 2504 2941 2561; x_wconf 81' lang='grc' dir='ltr'><strong>αὐτῶν.</strong></span> 
     </span>
    </p>
   </div>
   <div class='ocr_carea' id='block_1_66' title="bbox 2516 2598 4024 2669">
    <p class='ocr_par' dir='ltr' id='par_1_66' title="bbox 2516 2598 4024 2669">
     <span class='ocr_line' id='line_1_66' title="bbox 2516 2598 4024 2669; baseline 0.005 -20"><span class='ocrx_word' id='word_1_426' title='bbox 2516 2616 2534 2648; x_wconf 75' lang='grc' dir='ltr'><strong>ι</strong></span> <span class='ocrx_word' id='word_1_427' title='bbox 2584 2599 2994 2666; x_wconf 65' lang='grc' dir='ltr'><strong>’[ῖγκατέλιπεν.</strong></span> <span class='ocrx_word' id='word_1_428' title='bbox 3037 2618 3056 2650; x_wconf 71' lang='grc' dir='ltr'><strong>ι</strong></span> <span class='ocrx_word' id='word_1_429' title='bbox 3121 2600 3244 2654; x_wconf 74' lang='grc' dir='ltr'><strong>Ἐπὶ</strong></span> <span class='ocrx_word' id='word_1_430' title='bbox 3288 2599 3387 2669; x_wconf 80' lang='grc' dir='ltr'><strong>μὲν</strong></span> <span class='ocrx_word' id='word_1_431' title='bbox 3443 2601 3708 2654; x_wconf 82' lang='grc' dir='ltr'><strong>Ἰουδαίων</strong></span> <span class='ocrx_word' id='word_1_432' title='bbox 3754 2601 3782 2652; x_wconf 98' lang='lat'><strong>6</strong></span> <span class='ocrx_word' id='word_1_433' title='bbox 3811 2598 4024 2667; x_wconf 76' lang='grc' dir='ltr'><strong>Κύριος</strong></span> 
     </span>
    </p>
   </div>
   <div class='ocr_carea' id='block_1_67' title="bbox 2439 2691 4022 2764">
    <p class='ocr_par' dir='ltr' id='par_1_67' title="bbox 2439 2691 4022 2764">
     <span class='ocr_line' id='line_1_67' title="bbox 2439 2691 4022 2764; baseline -0.001 -19"><span class='ocrx_word' id='word_1_434' title='bbox 2439 2693 2530 2745; x_wconf 76' lang='grc' dir='ltr'><strong>τὸν</strong></span> <span class='ocrx_word' id='word_1_435' title='bbox 2583 2691 2780 2746; x_wconf 79' lang='grc' dir='ltr'><strong>ἑαυτοῦ</strong></span> <span class='ocrx_word' id='word_1_436' title='bbox 2843 2693 2971 2745; x_wconf 84' lang='grc' dir='ltr'><strong>ναὸν</strong></span> <span class='ocrx_word' id='word_1_437' title='bbox 3019 2693 3449 2747; x_wconf 80' lang='grc' dir='ltr'><strong>καταλέλοιπεν·</strong></span> <span class='ocrx_word' id='word_1_438' title='bbox 3499 2695 3592 2746; x_wconf 76' lang='grc' dir='ltr'><strong>ἐπὶ</strong></span> <span class='ocrx_word' id='word_1_439' title='bbox 3639 2694 3695 2746; x_wconf 80' lang='grc' dir='ltr'><strong>δὲ</strong></span> <span class='ocrx_word' id='word_1_440' title='bbox 3747 2697 3844 2764; x_wconf 77' lang='grc' dir='ltr'><strong>τῆς</strong></span> <span class='ocrx_word' id='word_1_441' title='bbox 3892 2710 4022 2744; x_wconf 78' lang='grc' dir='ltr'><strong>συν-</strong></span> 
     </span>
    </p>
   </div>
   <div class='ocr_carea' id='block_1_68' title="bbox 2441 2782 4024 2850">
    <p class='ocr_par' dir='ltr' id='par_1_68' title="bbox 2441 2782 4024 2850">
     <span class='ocr_line' id='line_1_68' title="bbox 2441 2782 4024 2850; baseline -0.003 -13"><span class='ocrx_word' id='word_1_442' title='bbox 2441 2784 2674 2845; x_wconf 82' lang='grc' dir='ltr'><strong>τελείας,</strong></span> <span class='ocrx_word' id='word_1_443' title='bbox 2728 2785 2802 2846; x_wconf 85' lang='grc' dir='ltr'><strong>ὼς</strong></span> <span class='ocrx_word' id='word_1_444' title='bbox 2853 2784 2988 2836; x_wconf 84' lang='grc' dir='ltr'><strong>λέων</strong></span> <span class='ocrx_word' id='word_1_445' title='bbox 3035 2784 3443 2847; x_wconf 84' lang='grc' dir='ltr'><strong>καταλελοιπὼς</strong></span> <span class='ocrx_word' id='word_1_446' title='bbox 3490 2786 3797 2850; x_wconf 78' lang='grc' dir='ltr'><strong>κατάλυμα,</strong></span> <span class='ocrx_word' id='word_1_447' title='bbox 3847 2782 4024 2843; x_wconf 76' lang='grc' dir='ltr'><strong>οὕτως</strong></span> 
     </span>
    </p>
   </div>
   <div class='ocr_carea' id='block_1_69' title="bbox 2444 2874 4020 2945">
    <p class='ocr_par' dir='ltr' id='par_1_69' title="bbox 2444 2874 4020 2945">
     <span class='ocr_line' id='line_1_69' title="bbox 2444 2874 4020 2945; baseline -0.002 -19"><span class='ocrx_word' id='word_1_448' title='bbox 2444 2879 2810 2944; x_wconf 82' lang='grc' dir='ltr'><strong>συγχωρεῖται</strong></span> <span class='ocrx_word' id='word_1_449' title='bbox 2850 2878 2877 2927; x_wconf 86' lang='grc' dir='ltr'>ὁ</span> <span class='ocrx_word' id='word_1_450' title='bbox 2916 2877 3162 2939; x_wconf 84' lang='grc' dir='ltr'><strong>Σατανᾶς</strong></span> <span class='ocrx_word' id='word_1_451' title='bbox 3206 2877 3448 2942; x_wconf 78' lang='grc' dir='ltr'><strong>ἐξελθεῖν</strong></span> <span class='ocrx_word' id='word_1_452' title='bbox 3482 2877 3625 2930; x_wconf 80' lang='grc' dir='ltr'><strong>κατὰ</strong></span> <span class='ocrx_word' id='word_1_453' title='bbox 3666 2875 3774 2928; x_wconf 81' lang='grc' dir='ltr'><strong>τῶν</strong></span> <span class='ocrx_word' id='word_1_454' title='bbox 3808 2874 4020 2945; x_wconf 79' lang='grc' dir='ltr'><strong>ἀνθρώ-</strong></span> 
     </span>
    </p>
   </div>
   <div class='ocr_carea' id='block_1_70' title="bbox 2439 2986 2673 3021">
    <p class='ocr_par' dir='ltr' id='par_1_70' title="bbox 2439 2986 2673 3021">
     <span class='ocr_line' id='line_1_70' title="bbox 2439 2986 2673 3021; baseline -0.009 0"><span class='ocrx_word' id='word_1_455' title='bbox 2439 2986 2579 3021; x_wconf 85' lang='grc' dir='ltr'><strong>πων.</strong></span> <span class='ocrx_word' id='word_1_456' title='bbox 2670 2988 2673 2990; x_wconf 86' lang='grc'><em>’</em></span> 
     </span>
    </p>
   </div>
   <div class='ocr_carea' id='block_1_71' title="bbox 2516 3062 4022 3134">
    <p class='ocr_par' dir='ltr' id='par_1_71' title="bbox 2516 3062 4022 3134">
     <span class='ocr_line' id='line_1_71' title="bbox 2516 3062 4022 3134; baseline 0.001 -22"><span class='ocrx_word' id='word_1_457' title='bbox 2516 3081 2534 3112; x_wconf 76' lang='grc' dir='ltr'><strong>ι</strong></span> <span class='ocrx_word' id='word_1_458' title='bbox 2565 3063 2687 3114; x_wconf 80' lang='grc' dir='ltr'><strong>Ὀτι</strong></span> <span class='ocrx_word' id='word_1_459' title='bbox 2713 3062 2967 3132; x_wconf 77' lang='grc' dir='ltr'><strong>ἐγενήθη.</strong></span> <span class='ocrx_word' id='word_1_460' title='bbox 3007 3082 3023 3112; x_wconf 75' lang='grc' dir='ltr'><strong>ι</strong></span> <span class='ocrx_word' id='word_1_461' title='bbox 3073 3063 3290 3132; x_wconf 76' lang='grc' dir='ltr'><strong>Ἐπειδὴ</strong></span> <span class='ocrx_word' id='word_1_462' title='bbox 3323 3065 3370 3116; x_wconf 87' lang='grc' dir='ltr'><strong>οἱ</strong></span> <span class='ocrx_word' id='word_1_463' title='bbox 3421 3062 3694 3134; x_wconf 78' lang='grc' dir='ltr'><strong>ἄνθρωποι</strong></span> <span class='ocrx_word' id='word_1_464' title='bbox 3728 3063 4022 3131; x_wconf 78' lang='grc' dir='ltr'><strong>κτηνὼδεις</strong></span> 
     </span>
    </p>
   </div>
   <div class='ocr_carea' id='block_1_72' title="bbox 2365 3155 4023 3252">
    <p class='ocr_par' dir='ltr' id='par_1_72' title="bbox 2365 3155 4023 3252">
     <span class='ocr_line' id='line_1_72' title="bbox 2365 3155 4023 3252; baseline -0.001 -47"><span class='ocrx_word' id='word_1_465' title='bbox 2365 3198 2406 3252; x_wconf 80' lang='lat' dir='ltr'><strong><em>C</em></strong></span> <span class='ocrx_word' id='word_1_466' title='bbox 2441 3155 2750 3220; x_wconf 72' lang='grc' dir='ltr'><strong>γεγόνασιν,</strong></span> <span class='ocrx_word' id='word_1_467' title='bbox 2781 3158 2807 3208; x_wconf 88' lang='lat'><strong>6</strong></span> <span class='ocrx_word' id='word_1_468' title='bbox 2841 3155 2896 3206; x_wconf 86' lang='grc' dir='ltr'><strong>δὲ</strong></span> <span class='ocrx_word' id='word_1_469' title='bbox 2932 3157 3179 3218; x_wconf 80' lang='grc' dir='ltr'><strong>Σατανᾶς</strong></span> <span class='ocrx_word' id='word_1_470' title='bbox 3203 3158 3318 3208; x_wconf 79' lang='grc' dir='ltr'><strong>ἐστι</strong></span> <span class='ocrx_word' id='word_1_471' title='bbox 3351 3157 3537 3227; x_wconf 82' lang='grc' dir='ltr'><strong>Οηρίον</strong></span> <span class='ocrx_word' id='word_1_472' title='bbox 3570 3197 3583 3220; x_wconf 87' lang='grc'>,</span> <span class='ocrx_word' id='word_1_473' title='bbox 3615 3157 3686 3218; x_wconf 85' lang='grc' dir='ltr'><strong>ὼς</strong></span> <span class='ocrx_word' id='word_1_474' title='bbox 3731 3158 3786 3207; x_wconf 82' lang='grc' dir='ltr'><strong>ὲν</strong></span> <span class='ocrx_word' id='word_1_475' title='bbox 3828 3157 4023 3252; x_wconf 46' lang='grc' dir='ltr'><strong>ὲρήμῖῳ</strong></span> 
     </span>
    </p>
   </div>
   <div class='ocr_carea' id='block_1_73' title="bbox 2443 3246 4023 3316">
    <p class='ocr_par' dir='ltr' id='par_1_73' title="bbox 2443 3246 4023 3316">
     <span class='ocr_line' id='line_1_73' title="bbox 2443 3246 4023 3316; baseline -0.001 -20"><span class='ocrx_word' id='word_1_476' title='bbox 2443 3246 2853 3316; x_wconf 67' lang='grc' dir='ltr'><strong>συγχωροῦνται</strong></span> <span class='ocrx_word' id='word_1_477' title='bbox 2904 3247 3019 3314; x_wconf 76' lang='grc' dir='ltr'><strong>ἅμα</strong></span> <span class='ocrx_word' id='word_1_478' title='bbox 3072 3247 3356 3316; x_wconf 83' lang='grc' dir='ltr'><strong>νέμεσθαι,</strong></span> <span class='ocrx_word' id='word_1_479' title='bbox 3409 3248 3495 3299; x_wconf 79' lang='grc' dir='ltr'><strong>διὰ</strong></span> <span class='ocrx_word' id='word_1_480' title='bbox 3535 3248 3595 3299; x_wconf 83' lang='grc' dir='ltr'><strong>τὸ</strong></span> <span class='ocrx_word' id='word_1_481' title='bbox 3637 3246 3878 3314; x_wconf 68' lang='grc' dir='ltr'><strong>ψυγῆναι</strong></span> <span class='ocrx_word' id='word_1_482' title='bbox 3927 3247 4023 3313; x_wconf 72' lang='grc' dir='ltr'><strong>τὴν</strong></span> 
     </span>
    </p>
   </div>
   <div class='ocr_carea' id='block_1_74' title="bbox 2443 3339 2683 3405">
    <p class='ocr_par' dir='ltr' id='par_1_74' title="bbox 2443 3339 2683 3405">
     <span class='ocr_line' id='line_1_74' title="bbox 2443 3339 2683 3405; baseline 0 -15"><span class='ocrx_word' id='word_1_483' title='bbox 2443 3339 2683 3405; x_wconf 80' lang='grc' dir='ltr'><strong>ἀγάπην.</strong></span> 
     </span>
    </p>
   </div>
   <div class='ocr_carea' id='block_1_75' title="bbox 3010 3432 3452 3500">
    <p class='ocr_par' dir='ltr' id='par_1_75' title="bbox 3010 3432 3452 3500">
     <span class='ocr_line' id='line_1_75' title="bbox 3010 3432 3452 3500; baseline 0.009 -17"><span class='ocrx_word' id='word_1_484' title='bbox 3010 3433 3263 3485; x_wconf 80' lang='grc' dir='ltr'><strong>ΚΕΦΑΛ.</strong></span> <span class='ocrx_word' id='word_1_485' title='bbox 3309 3432 3452 3500; x_wconf 75' lang='lat' dir='ltr'><strong>Kq&#39;.</strong></span> 
     </span>
    </p>
   </div>
   <div class='ocr_carea' id='block_1_76' title="bbox 2519 3520 4020 3595">
    <p class='ocr_par' dir='ltr' id='par_1_76' title="bbox 2519 3520 4020 3595">
     <span class='ocr_line' id='line_1_76' title="bbox 2519 3520 4020 3595; baseline 0 -21"><span class='ocrx_word' id='word_1_486' title='bbox 2519 3544 2537 3574; x_wconf 71' lang='grc' dir='ltr'><strong>ι</strong></span> <span class='ocrx_word' id='word_1_487' title='bbox 2576 3524 2760 3585; x_wconf 71' lang='grc' dir='ltr'><strong>Οὕτως</strong></span> <span class='ocrx_word' id='word_1_488' title='bbox 2796 3520 2917 3576; x_wconf 71' lang='grc' dir='ltr'><strong>εἶπε</strong></span> <span class='ocrx_word' id='word_1_489' title='bbox 2956 3525 3162 3595; x_wconf 77' lang='grc' dir='ltr'><strong>Κύριος</strong></span> <span class='ocrx_word' id='word_1_490' title='bbox 3190 3541 3203 3554; x_wconf 79' lang='grc'><em>’</em></span> <span class='ocrx_word' id='word_1_491' title='bbox 3241 3527 3404 3594; x_wconf 81' lang='grc' dir='ltr'><strong>Στῆθι</strong></span> <span class='ocrx_word' id='word_1_492' title='bbox 3444 3527 3503 3579; x_wconf 83' lang='grc' dir='ltr'><strong>ὲν</strong></span> <span class='ocrx_word' id='word_1_493' title='bbox 3551 3525 3684 3595; x_wconf 72' lang='grc' dir='ltr'><strong>αὐλῇ</strong></span> <span class='ocrx_word' id='word_1_494' title='bbox 3718 3523 3872 3577; x_wconf 78' lang='grc' dir='ltr'><strong>οἴκου</strong></span> <span class='ocrx_word' id='word_1_495' title='bbox 3903 3524 4020 3575; x_wconf 82' lang='lat' dir='ltr'><strong>Ku-</strong></span> 
     </span>
    </p>
   </div>
   <div class='ocr_carea' id='block_1_77' title="bbox 2443 3614 4022 3687">
    <p class='ocr_par' dir='ltr' id='par_1_77' title="bbox 2443 3614 4022 3687">
     <span class='ocr_line' id='line_1_77' title="bbox 2443 3614 4022 3687; baseline 0.001 -23"><span class='ocrx_word' id='word_1_496' title='bbox 2443 3618 2582 3685; x_wconf 81' lang='grc' dir='ltr'><strong>ρίου.</strong></span> <span class='ocrx_word' id='word_1_497' title='bbox 2626 3634 2643 3664; x_wconf 74' lang='grc' dir='ltr'><strong>ι</strong></span> <span class='ocrx_word' id='word_1_498' title='bbox 2678 3614 3165 3687; x_wconf 82' lang='grc' dir='ltr'><strong>Διαμαρτύρασθαι</strong></span> <span class='ocrx_word' id='word_1_499' title='bbox 3202 3615 3415 3667; x_wconf 81' lang='grc' dir='ltr'><strong>κελεύει</strong></span> <span class='ocrx_word' id='word_1_500' title='bbox 3476 3616 3604 3676; x_wconf 84' lang='grc' dir='ltr'><strong>Θεὸς</strong></span> <span class='ocrx_word' id='word_1_501' title='bbox 3653 3615 3729 3683; x_wconf 86' lang='grc' dir='ltr'><strong>τῷ</strong></span> <span class='ocrx_word' id='word_1_502' title='bbox 3762 3616 4022 3684; x_wconf 58' lang='grc' dir='ltr'><strong>προφήτῃ</strong></span> 
     </span>
    </p>
   </div>
   <div class='ocr_carea' id='block_1_78' title="bbox 2449 3707 4019 3778">
    <p class='ocr_par' dir='ltr' id='par_1_78' title="bbox 2449 3707 4019 3778">
     <span class='ocr_line' id='line_1_78' title="bbox 2449 3707 4019 3778; baseline 0.001 -20"><span class='ocrx_word' id='word_1_503' title='bbox 2449 3708 2568 3772; x_wconf 70' lang='grc' dir='ltr'><strong>τοὺς</strong></span> <span class='ocrx_word' id='word_1_504' title='bbox 2605 3708 2916 3773; x_wconf 79' lang='grc' dir='ltr'><strong>Ἰουδαίους,</strong></span> <span class='ocrx_word' id='word_1_505' title='bbox 2951 3708 3046 3761; x_wconf 75' lang='grc' dir='ltr'><strong>ἐπὶ</strong></span> <span class='ocrx_word' id='word_1_506' title='bbox 3071 3707 3148 3778; x_wconf 82' lang='grc' dir='ltr'><strong>τῷ</strong></span> <span class='ocrx_word' id='word_1_507' title='bbox 3177 3707 3475 3776; x_wconf 78' lang='grc' dir='ltr'><strong>φυλάττειν</strong></span> <span class='ocrx_word' id='word_1_508' title='bbox 3507 3708 3577 3760; x_wconf 76' lang='grc' dir='ltr'><strong>τὰ</strong></span> <span class='ocrx_word' id='word_1_509' title='bbox 3618 3707 3736 3760; x_wconf 87' lang='grc' dir='ltr'><strong>θεῖα</strong></span> <span class='ocrx_word' id='word_1_510' title='bbox 3788 3709 4019 3778; x_wconf 83' lang='grc' dir='ltr'><strong>νόμιμα,</strong></span> 
     </span>
    </p>
   </div>
   <div class='ocr_carea' id='block_1_79' title="bbox 2442 3799 3341 3876">
    <p class='ocr_par' dir='ltr' id='par_1_79' title="bbox 2442 3799 3341 3876">
     <span class='ocr_line' id='line_1_79' title="bbox 2442 3799 3341 3876; baseline 0.002 -23"><span class='ocrx_word' id='word_1_511' title='bbox 2442 3799 2529 3854; x_wconf 71' lang='grc' dir='ltr'><strong>ινα</strong></span> <span class='ocrx_word' id='word_1_512' title='bbox 2567 3801 2642 3872; x_wconf 82' lang='grc' dir='ltr'>μὴ</span> <span class='ocrx_word' id='word_1_513' title='bbox 2670 3802 2874 3876; x_wconf 66' lang='grc' dir='ltr'><strong>ἐπέλθῃ</strong></span> <span class='ocrx_word' id='word_1_514' title='bbox 2906 3803 3094 3864; x_wconf 82' lang='grc' dir='ltr'><strong>αὐτοῖς</strong></span> <span class='ocrx_word' id='word_1_515' title='bbox 3119 3803 3152 3870; x_wconf 83' lang='grc' dir='ltr'>ἠ</span> <span class='ocrx_word' id='word_1_516' title='bbox 3179 3803 3341 3872; x_wconf 83' lang='grc' dir='ltr'><strong>ὀργή.</strong></span> 
     </span>
    </p>
   </div>
   <div class='ocr_carea' id='block_1_80' title="bbox 2519 3887 4019 3964">
    <p class='ocr_par' dir='ltr' id='par_1_80' title="bbox 2519 3887 4019 3964">
     <span class='ocr_line' id='line_1_80' title="bbox 2519 3887 4019 3964; baseline -0.001 -19"><span class='ocrx_word' id='word_1_517' title='bbox 2519 3913 2534 3944; x_wconf 83' lang='grc' dir='ltr'><strong>ι</strong></span> <span class='ocrx_word' id='word_1_518' title='bbox 2575 3895 2684 3945; x_wconf 77' lang='grc' dir='ltr'><strong>Καὶ</strong></span> <span class='ocrx_word' id='word_1_519' title='bbox 2727 3894 2823 3962; x_wconf 73' lang='grc' dir='ltr'><strong>τὴν</strong></span> <span class='ocrx_word' id='word_1_520' title='bbox 2879 3893 3035 3945; x_wconf 88' lang='grc' dir='ltr'><strong>πόλιν</strong></span> <span class='ocrx_word' id='word_1_521' title='bbox 3079 3893 3237 3944; x_wconf 84' lang='grc' dir='ltr'><strong>δώσω</strong></span> <span class='ocrx_word' id='word_1_522' title='bbox 3285 3896 3365 3956; x_wconf 77' lang='grc' dir='ltr'><strong>εἰς</strong></span> <span class='ocrx_word' id='word_1_523' title='bbox 3431 3895 3697 3964; x_wconf 86' lang='grc' dir='ltr'><strong>κατάραν.</strong></span> <span class='ocrx_word' id='word_1_524' title='bbox 3766 3913 3783 3945; x_wconf 69' lang='grc' dir='ltr'><strong>ι</strong></span> <span class='ocrx_word' id='word_1_525' title='bbox 3824 3893 3945 3944; x_wconf 86' lang='grc' dir='ltr'><strong>Ἵνα</strong></span> 
     </span>
    </p>
   </div>
   <div class='ocr_carea' id='block_1_81' title="bbox 2441 3985 4019 4054">
    <p class='ocr_par' dir='ltr' id='par_1_81' title="bbox 2441 3985 4019 4054">
     <span class='ocr_line' id='line_1_81' title="bbox 2441 3985 4019 4054; baseline -0.001 -17"><span class='ocrx_word' id='word_1_526' title='bbox 2441 3985 2868 4054; x_wconf 84' lang='grc' dir='ltr'><strong>ὲπικατὰρατος,</strong></span> <span class='ocrx_word' id='word_1_527' title='bbox 2900 3985 2990 4038; x_wconf 62' lang='grc' dir='ltr'><strong>καὶ</strong></span> <span class='ocrx_word' id='word_1_528' title='bbox 3029 3985 3156 4047; x_wconf 82' lang='grc' dir='ltr'><strong>τοὺς</strong></span> <span class='ocrx_word' id='word_1_529' title='bbox 3181 3986 3364 4037; x_wconf 75' lang='grc' dir='ltr'><strong>αὐτῶν</strong></span> <span class='ocrx_word' id='word_1_530' title='bbox 3382 3985 3439 4036; x_wconf 79' lang='grc' dir='ltr'><strong>δὲ</strong></span> <span class='ocrx_word' id='word_1_531' title='bbox 3470 3985 3561 4053; x_wconf 67' lang='grc' dir='ltr'><strong>ὲχθ</strong></span> <span class='ocrx_word' id='word_1_532' title='bbox 3574 3987 3696 4054; x_wconf 72' lang='grc' dir='ltr'><strong>ρους</strong></span> <span class='ocrx_word' id='word_1_533' title='bbox 3725 3988 3776 4037; x_wconf 74' lang='grc' dir='ltr'><strong>οἱ</strong></span> <span class='ocrx_word' id='word_1_534' title='bbox 3805 3986 4019 4054; x_wconf 80' lang='grc' dir='ltr'><strong>ἆνορω-</strong></span> 
     </span>
    </p>
   </div>
   <div class='ocr_carea' id='block_1_82' title="bbox 2439 4075 3788 4147">
    <p class='ocr_par' dir='ltr' id='par_1_82' title="bbox 2439 4075 3788 4147">
     <span class='ocr_line' id='line_1_82' title="bbox 2439 4075 3788 4147; baseline 0.001 -20"><span class='ocrx_word' id='word_1_535' title='bbox 2439 4093 2530 4128; x_wconf 85' lang='grc' dir='ltr'><strong>ποι</strong></span> <span class='ocrx_word' id='word_1_536' title='bbox 2567 4077 2651 4129; x_wconf 76' lang='grc' dir='ltr'><strong>ἵνα</strong></span> <span class='ocrx_word' id='word_1_537' title='bbox 2683 4077 2914 4146; x_wconf 81' lang='grc' dir='ltr'><strong>ἔχωνται</strong></span> <span class='ocrx_word' id='word_1_538' title='bbox 2943 4075 3257 4147; x_wconf 76' lang='grc' dir='ltr'><strong>[εὔχωνται]</strong></span> <span class='ocrx_word' id='word_1_539' title='bbox 3282 4076 3351 4129; x_wconf 75' lang='grc' dir='ltr'><strong>τὰ</strong></span> <span class='ocrx_word' id='word_1_540' title='bbox 3378 4077 3540 4146; x_wconf 81' lang='grc' dir='ltr'><strong>ὃμοια</strong></span> <span class='ocrx_word' id='word_1_541' title='bbox 3573 4076 3788 4128; x_wconf 80' lang='grc' dir='ltr'><strong>παθεῖν.</strong></span> 
     </span>
    </p>
   </div>
   <div class='ocr_carea' id='block_1_83' title="bbox 2515 4166 4019 4239">
    <p class='ocr_par' dir='ltr' id='par_1_83' title="bbox 2515 4166 4019 4239">
     <span class='ocr_line' id='line_1_83' title="bbox 2515 4166 4019 4239; baseline -0.001 -20"><span class='ocrx_word' id='word_1_542' title='bbox 2515 4187 2532 4218; x_wconf 75' lang='grc' dir='ltr'><strong>ι</strong></span> <span class='ocrx_word' id='word_1_543' title='bbox 2568 4170 2677 4220; x_wconf 74' lang='grc' dir='ltr'><strong>Καὶ</strong></span> <span class='ocrx_word' id='word_1_544' title='bbox 2725 4169 2990 4238; x_wconf 72' lang='grc' dir='ltr'><strong>ἥκουσαν.</strong></span> <span class='ocrx_word' id='word_1_545' title='bbox 3033 4186 3051 4218; x_wconf 73' lang='grc' dir='ltr'><strong>ι</strong></span> <span class='ocrx_word' id='word_1_546' title='bbox 3117 4168 3303 4238; x_wconf 82' lang='grc' dir='ltr'><strong>Ὁρᾷς,</strong></span> <span class='ocrx_word' id='word_1_547' title='bbox 3350 4168 3465 4229; x_wconf 80' lang='grc' dir='ltr'><strong>πῶς</strong></span> <span class='ocrx_word' id='word_1_548' title='bbox 3512 4166 3861 4239; x_wconf 81' lang='grc' dir='ltr'><strong>ἀγριαίνουσι</strong></span> <span class='ocrx_word' id='word_1_549' title='bbox 3927 4168 4019 4217; x_wconf 72' lang='grc' dir='ltr'><strong>καὶ</strong></span> 
     </span>
    </p>
   </div>
   <div class='ocr_carea' id='block_1_84' title="bbox 2437 4258 4016 4329">
    <p class='ocr_par' dir='ltr' id='par_1_84' title="bbox 2437 4258 4016 4329">
     <span class='ocr_line' id='line_1_84' title="bbox 2437 4258 4016 4329; baseline -0.002 -18"><span class='ocrx_word' id='word_1_550' title='bbox 2437 4259 2848 4326; x_wconf 82' lang='grc' dir='ltr'><strong>ἀγανακτοῦσι;</strong></span> <span class='ocrx_word' id='word_1_551' title='bbox 2882 4260 2978 4311; x_wconf 69' lang='grc' dir='ltr'><strong>καὶ</strong></span> <span class='ocrx_word' id='word_1_552' title='bbox 3031 4258 3138 4329; x_wconf 82' lang='grc' dir='ltr'><strong>μὴν</strong></span> <span class='ocrx_word' id='word_1_553' title='bbox 3172 4259 3238 4310; x_wconf 81' lang='grc' dir='ltr'><strong>δι’</strong></span> <span class='ocrx_word' id='word_1_554' title='bbox 3281 4260 3413 4313; x_wconf 73' lang='grc' dir='ltr'><strong>αὐτὸ</strong></span> <span class='ocrx_word' id='word_1_555' title='bbox 3473 4259 3628 4310; x_wconf 81' lang='grc' dir='ltr'><strong>τοῦτο</strong></span> <span class='ocrx_word' id='word_1_556' title='bbox 3662 4259 4016 4328; x_wconf 72' lang='grc' dir='ltr'><strong>ἀναιρεθῆναι</strong></span> 
     </span>
    </p>
   </div>
   <div class='ocr_carea' id='block_1_85' title="bbox 2437 4349 4012 4422">
    <p class='ocr_par' dir='ltr' id='par_1_85' title="bbox 2437 4349 4012 4422">
     <span class='ocr_line' id='line_1_85' title="bbox 2437 4349 4012 4422; baseline -0.002 -20"><span class='ocrx_word' id='word_1_557' title='bbox 2437 4351 2538 4402; x_wconf 85' lang='grc' dir='ltr'><strong>οὐκ</strong></span> <span class='ocrx_word' id='word_1_558' title='bbox 2591 4353 2779 4422; x_wconf 77' lang='grc' dir='ltr'><strong>ἐχρῆν.</strong></span> <span class='ocrx_word' id='word_1_559' title='bbox 2831 4351 2893 4402; x_wconf 80' lang='grc' dir='ltr'><strong>Εἰ</strong></span> <span class='ocrx_word' id='word_1_560' title='bbox 2941 4351 3056 4422; x_wconf 77' lang='grc' dir='ltr'><strong>γὰρ</strong></span> <span class='ocrx_word' id='word_1_561' title='bbox 3086 4351 3218 4412; x_wconf 80' lang='grc' dir='ltr'><strong>Θεὸς</strong></span> <span class='ocrx_word' id='word_1_562' title='bbox 3255 4350 3511 4414; x_wconf 70' lang='grc' dir='ltr'><strong>ἐπέταξε,</strong></span> <span class='ocrx_word' id='word_1_563' title='bbox 3556 4349 3850 4418; x_wconf 79' lang='grc' dir='ltr'><strong>πεισθῆναι</strong></span> <span class='ocrx_word' id='word_1_564' title='bbox 3912 4351 4012 4399; x_wconf 80' lang='grc' dir='ltr'><strong>δεῖ.</strong></span> 
     </span>
    </p>
   </div>
   <div class='ocr_carea' id='block_1_86' title="bbox 2438 4437 4016 4510">
    <p class='ocr_par' dir='ltr' id='par_1_86' title="bbox 2438 4437 4016 4510">
     <span class='ocr_line' id='line_1_86' title="bbox 2438 4437 4016 4510; baseline -0.001 -20"><span class='ocrx_word' id='word_1_565' title='bbox 2438 4437 2611 4490; x_wconf 79' lang='grc' dir='ltr'><strong>Τοῦτο</strong></span> <span class='ocrx_word' id='word_1_566' title='bbox 2642 4440 2786 4507; x_wconf 83' lang='grc' dir='ltr'><strong>ὑμᾶς</strong></span> <span class='ocrx_word' id='word_1_567' title='bbox 2832 4439 2991 4490; x_wconf 84' lang='grc' dir='ltr'><strong>λυπεῖ</strong></span> <span class='ocrx_word' id='word_1_568' title='bbox 3016 4440 3076 4490; x_wconf 88' lang='grc' dir='ltr'><strong>τὸ</strong></span> <span class='ocrx_word' id='word_1_569' title='bbox 3114 4439 3286 4510; x_wconf 75' lang='grc' dir='ltr'><strong>ῥῆμα,</strong></span> <span class='ocrx_word' id='word_1_570' title='bbox 3315 4441 3374 4490; x_wconf 83' lang='grc' dir='ltr'><strong>τὸ</strong></span> <span class='ocrx_word' id='word_1_571' title='bbox 3410 4440 3467 4490; x_wconf 83' lang='grc' dir='ltr'><strong>δὲ</strong></span> <span class='ocrx_word' id='word_1_572' title='bbox 3506 4440 3594 4490; x_wconf 89' lang='grc' dir='ltr'><strong>τὸν</strong></span> <span class='ocrx_word' id='word_1_573' title='bbox 3627 4437 3718 4490; x_wconf 75' lang='grc' dir='ltr'><strong>τοῦ</strong></span> <span class='ocrx_word' id='word_1_574' title='bbox 3755 4438 3887 4490; x_wconf 75' lang='grc' dir='ltr'><strong>ναοῦ</strong></span> <span class='ocrx_word' id='word_1_575' title='bbox 3936 4457 4016 4489; x_wconf 79' lang='grc' dir='ltr'><strong>τι·</strong></span> 
     </span>
    </p>
   </div>
   <div class='ocr_carea' id='block_1_87' title="bbox 754 4496 2335 4599">
    <p class='ocr_par' dir='ltr' id='par_1_87' title="bbox 754 4496 2331 4586">
     <span class='ocr_line' id='line_1_87' title="bbox 754 4496 2331 4586; baseline 0.02 -42"><span class='ocrx_word' id='word_1_576' title='bbox 754 4508 886 4547; x_wconf 71' lang='lat' dir='ltr'><strong>vero</strong></span> <span class='ocrx_word' id='word_1_577' title='bbox 916 4496 1006 4563; x_wconf 88' lang='lat' dir='ltr'><strong>qui</strong></span> <span class='ocrx_word' id='word_1_578' title='bbox 1042 4500 1242 4568; x_wconf 86' lang='lat' dir='ltr'><strong>templo</strong></span> <span class='ocrx_word' id='word_1_579' title='bbox 1265 4503 1582 4559; x_wconf 89' lang='lat' dir='ltr'><strong>honoratior</strong></span> <span class='ocrx_word' id='word_1_580' title='bbox 1613 4520 1716 4571; x_wconf 87' lang='lat' dir='ltr'><strong>est,</strong></span> <span class='ocrx_word' id='word_1_581' title='bbox 1740 4517 2160 4571; x_wconf 89' lang='lat' dir='ltr'><strong>contumeliosos</strong></span> <span class='ocrx_word' id='word_1_582' title='bbox 2189 4534 2331 4586; x_wconf 84' lang='lat' dir='ltr'><strong>esse,</strong></span> 
     </span>
    </p>
   </div>
   <div class='ocr_carea' id='block_1_88' title="bbox 2431 4496 4012 4599">
    <p class='ocr_par' dir='ltr' id='par_1_88' title="bbox 2439 4525 4012 4599">
     <span class='ocr_line' id='line_1_88' title="bbox 2439 4525 4012 4599; baseline 0.001 -21"><span class='ocrx_word' id='word_1_583' title='bbox 2439 4525 2710 4597; x_wconf 86' lang='grc' dir='ltr'><strong>μιώτερον</strong></span> <span class='ocrx_word' id='word_1_584' title='bbox 2735 4529 3063 4597; x_wconf 77' lang='grc' dir='ltr'><strong>ἐνυόρίζειν,</strong></span> <span class='ocrx_word' id='word_1_585' title='bbox 3097 4531 3156 4580; x_wconf 80' lang='grc' dir='ltr'><strong>οὐ</strong></span> <span class='ocrx_word' id='word_1_586' title='bbox 3190 4529 3449 4599; x_wconf 83' lang='grc' dir='ltr'><strong>πονηρὸν,</strong></span> <span class='ocrx_word' id='word_1_587' title='bbox 3474 4531 3573 4582; x_wconf 83' lang='grc' dir='ltr'><strong>οὐκ</strong></span> <span class='ocrx_word' id='word_1_588' title='bbox 3602 4530 3830 4592; x_wconf 73' lang='grc' dir='ltr'><strong>ἁσεὸἐς;</strong></span> <span class='ocrx_word' id='word_1_589' title='bbox 3868 4532 4012 4582; x_wconf 79' lang='grc' dir='ltr'><strong>Πάνυ</strong></span> 
     </span>
    </p>
   </div>
   <div class='ocr_carea' id='block_1_89' title="bbox 755 4587 2335 4670">
    <p class='ocr_par' dir='ltr' id='par_1_89' title="bbox 755 4587 2335 4670">
     <span class='ocr_line' id='line_1_89' title="bbox 755 4587 2335 4670; baseline 0.02 -36"><span class='ocrx_word' id='word_1_590' title='bbox 755 4598 866 4637; x_wconf 82' lang='lat' dir='ltr'><strong>non</strong></span> <span class='ocrx_word' id='word_1_591' title='bbox 933 4587 1158 4652; x_wconf 88' lang='lat' dir='ltr'><strong>malum,</strong></span> <span class='ocrx_word' id='word_1_592' title='bbox 1203 4606 1312 4646; x_wconf 91' lang='lat' dir='ltr'><strong>non</strong></span> <span class='ocrx_word' id='word_1_593' title='bbox 1357 4594 1580 4664; x_wconf 88' lang='lat' dir='ltr'><strong>impium</strong></span> <span class='ocrx_word' id='word_1_594' title='bbox 1613 4601 1732 4653; x_wconf 88' lang='lat' dir='ltr'><strong>est?</strong></span> <span class='ocrx_word' id='word_1_595' title='bbox 1782 4601 1944 4670; x_wconf 87' lang='lat' dir='ltr'><strong>Sane,</strong></span> <span class='ocrx_word' id='word_1_596' title='bbox 1972 4606 2174 4662; x_wconf 87' lang='lat' dir='ltr'><strong>dictum</strong></span> <span class='ocrx_word' id='word_1_597' title='bbox 2231 4611 2335 4665; x_wconf 86' lang='lat' dir='ltr'><strong>hoc</strong></span> 
     </span>
    </p>
   </div>
   <div class='ocr_carea' id='block_1_90' title="bbox 754 4678 1684 4758">
    <p class='ocr_par' dir='ltr' id='par_1_90' title="bbox 754 4678 1684 4758">
     <span class='ocr_line' id='line_1_90' title="bbox 754 4678 1684 4758; baseline 0.018 -28"><span class='ocrx_word' id='word_1_598' title='bbox 754 4678 972 4730; x_wconf 81' lang='lat' dir='ltr'><strong>animos</strong></span> <span class='ocrx_word' id='word_1_599' title='bbox 994 4695 1181 4735; x_wconf 89' lang='lat' dir='ltr'><strong>eorum</strong></span> <span class='ocrx_word' id='word_1_600' title='bbox 1206 4685 1360 4738; x_wconf 82' lang='lat' dir='ltr'><strong>valde</strong></span> <span class='ocrx_word' id='word_1_601' title='bbox 1390 4692 1684 4758; x_wconf 83' lang='lat' dir='ltr'><strong>pungebat.</strong></span> 
     </span>
    </p>
   </div>
   <div class='ocr_carea' id='block_1_91' title="bbox 831 4768 2331 4857">
    <p class='ocr_par' dir='ltr' id='par_1_91' title="bbox 831 4768 2331 4857">
     <span class='ocr_line' id='line_1_91' title="bbox 831 4768 2331 4857; baseline 0.023 -40"><span class='ocrx_word' id='word_1_602' title='bbox 831 4785 848 4817; x_wconf 75' lang='grc' dir='ltr'><strong>ι</strong></span> <span class='ocrx_word' id='word_1_603' title='bbox 875 4768 941 4821; x_wconf 81' lang='lat' dir='ltr'><strong>Et</strong></span> <span class='ocrx_word' id='word_1_604' title='bbox 972 4775 1232 4826; x_wconf 80' lang='lat' dir='ltr'><strong>convenit</strong></span> <span class='ocrx_word' id='word_1_605' title='bbox 1286 4774 1544 4834; x_wconf 81' lang='lat' dir='ltr'><strong>Ecclesia.</strong></span> <span class='ocrx_word' id='word_1_606' title='bbox 1589 4801 1606 4832; x_wconf 84' lang='grc'><strong>›</strong></span> <span class='ocrx_word' id='word_1_607' title='bbox 1652 4783 2024 4857; x_wconf 83' lang='lat' dir='ltr'><strong>Congregatus</strong></span> <span class='ocrx_word' id='word_1_608' title='bbox 2071 4803 2155 4848; x_wconf 82' lang='lat' dir='ltr'><strong>est</strong></span> <span class='ocrx_word' id='word_1_609' title='bbox 2207 4796 2331 4851; x_wconf 90' lang='lat' dir='ltr'><strong>uni-</strong></span> 
     </span>
    </p>
   </div>
   <div class='ocr_carea' id='block_1_92' title="bbox 756 4864 2196 4949">
    <p class='ocr_par' dir='ltr' id='par_1_92' title="bbox 756 4864 2196 4949">
     <span class='ocr_line' id='line_1_92' title="bbox 756 4864 2196 4949; baseline 0.021 -40"><span class='ocrx_word' id='word_1_610' title='bbox 756 4871 949 4909; x_wconf 70' lang='lat' dir='ltr'><strong>versus</strong></span> <span class='ocrx_word' id='word_1_611' title='bbox 976 4864 1209 4930; x_wconf 86' lang='lat' dir='ltr'><strong>populus</strong></span> <span class='ocrx_word' id='word_1_612' title='bbox 1245 4867 1520 4923; x_wconf 90' lang='lat' dir='ltr'><strong>seniorum</strong></span> <span class='ocrx_word' id='word_1_613' title='bbox 1552 4881 1707 4928; x_wconf 67' lang='lat' dir='ltr'><strong>terra:</strong></span> <span class='ocrx_word' id='word_1_614' title='bbox 1737 4878 2196 4949; x_wconf 80' lang='lat' dir='ltr'><strong>circumjacentis.</strong></span> 
     </span>
    </p>
   </div>
   <div class='ocr_carea' id='block_1_93' title="bbox 828 4945 2330 5037">
    <p class='ocr_par' dir='ltr' id='par_1_93' title="bbox 828 4945 2330 5037">
     <span class='ocr_line' id='line_1_93' title="bbox 828 4945 2330 5037; baseline 0.023 -39"><span class='ocrx_word' id='word_1_615' title='bbox 828 4945 890 5000; x_wconf 86' lang='lat' dir='ltr'><strong>V.</strong></span> <span class='ocrx_word' id='word_1_616' title='bbox 921 4949 1004 5002; x_wconf 77' lang='lat' dir='ltr'><strong>i7.</strong></span> <span class='ocrx_word' id='word_1_617' title='bbox 1043 4969 1062 5002; x_wconf 76' lang='grc' dir='ltr'><strong>ι</strong></span> <span class='ocrx_word' id='word_1_618' title='bbox 1092 4952 1155 5006; x_wconf 87' lang='grc' dir='ltr'><strong>Εῑ</strong></span> <span class='ocrx_word' id='word_1_619' title='bbox 1188 4970 1362 5010; x_wconf 89' lang='lat' dir='ltr'><strong>mons.</strong></span> <span class='ocrx_word' id='word_1_620' title='bbox 1398 4978 1415 5010; x_wconf 74' lang='grc' dir='ltr'><strong>ο</strong></span> <span class='ocrx_word' id='word_1_621' title='bbox 1450 4960 1604 5018; x_wconf 83' lang='lat' dir='ltr'><strong>Mons</strong></span> <span class='ocrx_word' id='word_1_622' title='bbox 1631 4966 1684 5018; x_wconf 90' lang='lat' dir='ltr'><strong>in</strong></span> <span class='ocrx_word' id='word_1_623' title='bbox 1718 4983 1825 5037; x_wconf 91' lang='lat' dir='ltr'><strong>quo</strong></span> <span class='ocrx_word' id='word_1_624' title='bbox 1858 4945 2020 5026; x_wconf 85' lang='lat' dir='ltr'><strong>situm</strong></span> <span class='ocrx_word' id='word_1_625' title='bbox 2049 4990 2164 5029; x_wconf 78' lang='lat' dir='ltr'><strong>erat</strong></span> <span class='ocrx_word' id='word_1_626' title='bbox 2195 4985 2330 5032; x_wconf 82' lang='lat' dir='ltr'><strong>tem-</strong></span> 
     </span>
    </p>
   </div>
   <div class='ocr_carea' id='block_1_94' title="bbox 755 5039 1462 5106">
    <p class='ocr_par' dir='ltr' id='par_1_94' title="bbox 755 5039 1462 5106">
     <span class='ocr_line' id='line_1_94' title="bbox 755 5039 1462 5106; baseline 0.023 -17"><span class='ocrx_word' id='word_1_627' title='bbox 755 5039 927 5106; x_wconf 91' lang='lat' dir='ltr'><strong>plum,</strong></span> <span class='ocrx_word' id='word_1_628' title='bbox 956 5041 1010 5094; x_wconf 92' lang='lat' dir='ltr'><strong>in</strong></span> <span class='ocrx_word' id='word_1_629' title='bbox 1050 5043 1462 5105; x_wconf 81' lang='lat' dir='ltr'><strong>desolationem.</strong></span> 
     </span>
    </p>
   </div>
   <div class='ocr_carea' id='block_1_95' title="bbox 1347 5417 1737 5478">
    <p class='ocr_par' dir='ltr' id='par_1_95' title="bbox 1347 5417 1737 5478">
     <span class='ocr_line' id='line_1_95' title="bbox 1347 5417 1737 5478; baseline 0.013 -6"><span class='ocrx_word' id='word_1_630' title='bbox 1347 5417 1497 5472; x_wconf 87' lang='lat' dir='ltr'><strong>CAP.</strong></span> <span class='ocrx_word' id='word_1_631' title='bbox 1529 5421 1737 5478; x_wconf 80' lang='lat' dir='ltr'><strong>XXVII.</strong></span> 
     </span>
    </p>
   </div>
   <div class='ocr_carea' id='block_1_96' title="bbox 828 5499 2326 5585">
    <p class='ocr_par' dir='ltr' id='par_1_96' title="bbox 828 5499 2326 5585">
     <span class='ocr_line' id='line_1_96' title="bbox 828 5499 2326 5585; baseline 0.021 -30"><span class='ocrx_word' id='word_1_632' title='bbox 828 5499 888 5556; x_wconf 77' lang='grc' dir='ltr'><strong>ν.</strong></span> <span class='ocrx_word' id='word_1_633' title='bbox 917 5505 970 5557; x_wconf 73' lang='grc'><strong>2.</strong></span> <span class='ocrx_word' id='word_1_634' title='bbox 1019 5524 1035 5554; x_wconf 86' lang='grc'><strong><em>‹</em></strong></span> <span class='ocrx_word' id='word_1_635' title='bbox 1063 5504 1151 5559; x_wconf 88' lang='lat' dir='ltr'><strong>Sic</strong></span> <span class='ocrx_word' id='word_1_636' title='bbox 1167 5507 1302 5563; x_wconf 84' lang='lat' dir='ltr'><strong>dixit</strong></span> <span class='ocrx_word' id='word_1_637' title='bbox 1324 5510 1613 5567; x_wconf 89' lang='lat' dir='ltr'><strong>Dominus:</strong></span> <span class='ocrx_word' id='word_1_638' title='bbox 1636 5516 1740 5569; x_wconf 87' lang='lat' dir='ltr'><strong>Fac</strong></span> <span class='ocrx_word' id='word_1_639' title='bbox 1771 5517 1862 5572; x_wconf 87' lang='lat' dir='ltr'><strong>tibi</strong></span> <span class='ocrx_word' id='word_1_640' title='bbox 1895 5521 2158 5580; x_wconf 65' lang='lat' dir='ltr'><strong>vincula.»</strong></span> <span class='ocrx_word' id='word_1_641' title='bbox 2188 5528 2326 5585; x_wconf 68' lang='lat' dir='ltr'><strong>Prae-</strong></span> 
     </span>
    </p>
   </div>
   <div class='ocr_carea' id='block_1_97' title="bbox 752 5591 2327 5684">
    <p class='ocr_par' dir='ltr' id='par_1_97' title="bbox 752 5591 2327 5684">
     <span class='ocr_line' id='line_1_97' title="bbox 752 5591 2327 5684; baseline 0.019 -37"><span class='ocrx_word' id='word_1_642' title='bbox 752 5591 885 5662; x_wconf 89' lang='lat' dir='ltr'><strong>cipit</strong></span> <span class='ocrx_word' id='word_1_643' title='bbox 941 5594 1083 5649; x_wconf 86' lang='lat' dir='ltr'><strong>Deus</strong></span> <span class='ocrx_word' id='word_1_644' title='bbox 1128 5598 1427 5667; x_wconf 70' lang='lat' dir='ltr'><strong>prophetae,</strong></span> <span class='ocrx_word' id='word_1_645' title='bbox 1486 5612 1544 5658; x_wconf 83' lang='lat' dir='ltr'><strong>ut</strong></span> <span class='ocrx_word' id='word_1_646' title='bbox 1578 5607 1715 5663; x_wconf 92' lang='lat' dir='ltr'><strong>collo</strong></span> <span class='ocrx_word' id='word_1_647' title='bbox 1768 5625 1868 5666; x_wconf 86' lang='lat' dir='ltr'><strong>suo</strong></span> <span class='ocrx_word' id='word_1_648' title='bbox 1917 5626 2127 5684; x_wconf 80' lang='lat' dir='ltr'><strong>aptaret</strong></span> <span class='ocrx_word' id='word_1_649' title='bbox 2181 5631 2327 5676; x_wconf 79' lang='lat' dir='ltr'><strong>cate-</strong></span> 
     </span>
    </p>
   </div>
   <div class='ocr_carea' id='block_1_98' title="bbox 816 5797 1353 5868">
    <p class='ocr_par' dir='ltr' id='par_1_98' title="bbox 816 5797 1353 5868">
     <span class='ocr_line' id='line_1_98' title="bbox 816 5797 1353 5868; baseline 0.011 -16"><span class='ocrx_word' id='word_1_650' title='bbox 816 5797 860 5830; x_wconf 82' lang='lat'>“</span> <span class='ocrx_word' id='word_1_651' title='bbox 896 5800 1084 5854; x_wconf 79' lang='lat' dir='ltr'><strong>Matth.</strong></span> <span class='ocrx_word' id='word_1_652' title='bbox 1123 5820 1266 5868; x_wconf 66' lang='lat' dir='ltr'><strong>xxiv,</strong></span> <span class='ocrx_word' id='word_1_653' title='bbox 1304 5806 1353 5858; x_wconf 72' lang='grc' dir='ltr'><strong>Ἰ.</strong></span> 
     </span>
    </p>
   </div>
   <div class='ocr_carea' id='block_1_99' title="bbox 2433 4619 3176 4692">
    <p class='ocr_par' dir='ltr' id='par_1_99' title="bbox 2433 4619 3176 4692">
     <span class='ocr_line' id='line_1_99' title="bbox 2433 4619 3176 4692; baseline 0.005 -23"><span class='ocrx_word' id='word_1_654' title='bbox 2433 4619 2633 4681; x_wconf 82' lang='grc' dir='ltr'><strong>αὐτοὺς</strong></span> <span class='ocrx_word' id='word_1_655' title='bbox 2666 4619 2858 4672; x_wconf 75' lang='grc' dir='ltr'><strong>ἔδακνε</strong></span> <span class='ocrx_word' id='word_1_656' title='bbox 2887 4621 2948 4672; x_wconf 85' lang='grc' dir='ltr'><strong>τὸ</strong></span> <span class='ocrx_word' id='word_1_657' title='bbox 2989 4621 3176 4692; x_wconf 76' lang='grc' dir='ltr'><strong>ῥηθέν.</strong></span> 
     </span>
    </p>
   </div>
   <div class='ocr_carea' id='block_1_100' title="bbox 2509 4799 4006 4870">
    <p class='ocr_par' dir='ltr' id='par_1_100' title="bbox 2509 4799 4006 4870">
     <span class='ocr_line' id='line_1_100' title="bbox 2509 4799 4006 4870; baseline 0.003 -21"><span class='ocrx_word' id='word_1_658' title='bbox 2509 4817 2528 4849; x_wconf 73' lang='grc' dir='ltr'><strong>ε</strong></span> <span class='ocrx_word' id='word_1_659' title='bbox 2569 4800 2676 4850; x_wconf 72' lang='grc' dir='ltr'><strong>Καὶ</strong></span> <span class='ocrx_word' id='word_1_660' title='bbox 2707 4799 3162 4868; x_wconf 76' lang='grc' dir='ltr'><strong>ἐξεκκλησιάσθη.</strong></span> <span class='ocrx_word' id='word_1_661' title='bbox 3212 4819 3228 4850; x_wconf 77' lang='grc' dir='ltr'><strong>ι</strong></span> <span class='ocrx_word' id='word_1_662' title='bbox 3276 4801 3522 4870; x_wconf 73' lang='grc' dir='ltr'><strong>Συνήχθη</strong></span> <span class='ocrx_word' id='word_1_663' title='bbox 3558 4802 3711 4863; x_wconf 82' lang='grc' dir='ltr'><strong>πᾶςὸ</strong></span> <span class='ocrx_word' id='word_1_664' title='bbox 3751 4802 3877 4862; x_wconf 73' lang='grc' dir='ltr'><strong>λαὸς</strong></span> <span class='ocrx_word' id='word_1_665' title='bbox 3908 4804 4006 4853; x_wconf 57' lang='grc' dir='ltr'><strong>τῶν</strong></span> 
     </span>
    </p>
   </div>
   <div class='ocr_carea' id='block_1_101' title="bbox 2430 4892 3560 4964">
    <p class='ocr_par' dir='ltr' id='par_1_101' title="bbox 2430 4892 3560 4964">
     <span class='ocr_line' id='line_1_101' title="bbox 2430 4892 3560 4964; baseline 0.002 -20"><span class='ocrx_word' id='word_1_666' title='bbox 2430 4893 2825 4964; x_wconf 78' lang='grc' dir='ltr'><strong>πρεσϐυτέρων</strong></span> <span class='ocrx_word' id='word_1_667' title='bbox 2850 4894 2948 4961; x_wconf 83' lang='grc' dir='ltr'><strong>τῆς</strong></span> <span class='ocrx_word' id='word_1_668' title='bbox 2974 4892 3076 4960; x_wconf 78' lang='grc' dir='ltr'><strong>γῆς</strong></span> <span class='ocrx_word' id='word_1_669' title='bbox 3097 4893 3196 4961; x_wconf 84' lang='grc' dir='ltr'><strong>τῆς</strong></span> <span class='ocrx_word' id='word_1_670' title='bbox 3225 4892 3560 4962; x_wconf 83' lang='grc' dir='ltr'><strong>περιχώρου.</strong></span> 
     </span>
    </p>
   </div>
   <div class='ocr_carea' id='block_1_102' title="bbox 2513 4979 4012 5055">
    <p class='ocr_par' dir='ltr' id='par_1_102' title="bbox 2513 4979 4012 5055">
     <span class='ocr_line' id='line_1_102' title="bbox 2513 4979 4012 5055; baseline 0.001 -19"><span class='ocrx_word' id='word_1_671' title='bbox 2513 5003 2532 5036; x_wconf 75' lang='grc' dir='ltr'><strong>ι</strong></span> <span class='ocrx_word' id='word_1_672' title='bbox 2573 4987 2684 5037; x_wconf 79' lang='grc' dir='ltr'><strong>Καὶ</strong></span> <span class='ocrx_word' id='word_1_673' title='bbox 2720 4986 2781 5038; x_wconf 87' lang='grc' dir='ltr'><strong>τὸ</strong></span> <span class='ocrx_word' id='word_1_674' title='bbox 2827 4985 2972 5055; x_wconf 76' lang='grc' dir='ltr'><strong>ὅρος.</strong></span> <span class='ocrx_word' id='word_1_675' title='bbox 3029 5004 3046 5034; x_wconf 74' lang='grc' dir='ltr'><strong><em>ι</em></strong></span> <span class='ocrx_word' id='word_1_676' title='bbox 3088 4986 3160 5037; x_wconf 89' lang='grc' dir='ltr'><strong>Τὸ</strong></span> <span class='ocrx_word' id='word_1_677' title='bbox 3196 4986 3342 5053; x_wconf 83' lang='grc' dir='ltr'><strong>ὅρος,</strong></span> <span class='ocrx_word' id='word_1_678' title='bbox 3379 4987 3466 5055; x_wconf 76' lang='grc' dir='ltr'><strong>ἐφ’</strong></span> <span class='ocrx_word' id='word_1_679' title='bbox 3497 4979 3542 5053; x_wconf 82' lang='grc' dir='ltr'>ᾧ</span> <span class='ocrx_word' id='word_1_680' title='bbox 3580 4989 3752 5040; x_wconf 87' lang='grc' dir='ltr'><strong>κεῖται</strong></span> <span class='ocrx_word' id='word_1_681' title='bbox 3787 4990 3815 5038; x_wconf 93' lang='lat'><strong>6</strong></span> <span class='ocrx_word' id='word_1_682' title='bbox 3860 4987 4012 5048; x_wconf 86' lang='grc' dir='ltr'><strong>ναὸς,</strong></span> 
     </span>
    </p>
   </div>
   <div class='ocr_carea' id='block_1_103' title="bbox 2435 5078 2843 5146">
    <p class='ocr_par' dir='ltr' id='par_1_103' title="bbox 2435 5078 2843 5146">
     <span class='ocr_line' id='line_1_103' title="bbox 2435 5078 2843 5146; baseline 0.002 -19"><span class='ocrx_word' id='word_1_683' title='bbox 2435 5078 2517 5139; x_wconf 77' lang='grc' dir='ltr'><strong>εἰς</strong></span> <span class='ocrx_word' id='word_1_684' title='bbox 2544 5078 2843 5146; x_wconf 71' lang='grc' dir='ltr'><strong>ἐρήμωσιν.</strong></span> 
     </span>
    </p>
   </div>
   <div class='ocr_carea' id='block_1_104' title="bbox 2512 5163 4013 5239">
    <p class='ocr_par' dir='ltr' id='par_1_104' title="bbox 2512 5163 4013 5239">
     <span class='ocr_line' id='line_1_104' title="bbox 2512 5163 4013 5239; baseline 0.004 -22"><span class='ocrx_word' id='word_1_685' title='bbox 2512 5185 2530 5217; x_wconf 83' lang='lat' dir='ltr'><strong>r</strong></span> <span class='ocrx_word' id='word_1_686' title='bbox 2571 5167 2715 5236; x_wconf 81' lang='grc' dir='ltr'><strong>Πλὴν</strong></span> <span class='ocrx_word' id='word_1_687' title='bbox 2749 5167 2870 5235; x_wconf 74' lang='grc' dir='ltr'><strong>χεὶρ</strong></span> <span class='ocrx_word' id='word_1_688' title='bbox 2912 5165 3203 5234; x_wconf 77' lang='grc' dir='ltr'><strong>Ἀχεικάμ.</strong></span> <span class='ocrx_word' id='word_1_689' title='bbox 3263 5185 3280 5216; x_wconf 75' lang='grc' dir='ltr'><strong>ι</strong></span> <span class='ocrx_word' id='word_1_690' title='bbox 3329 5166 3592 5238; x_wconf 83' lang='grc' dir='ltr'><strong>Ἀχεικὰμ</strong></span> <span class='ocrx_word' id='word_1_691' title='bbox 3640 5163 3720 5231; x_wconf 76' lang='grc' dir='ltr'><strong>εἷς</strong></span> <span class='ocrx_word' id='word_1_692' title='bbox 3759 5165 3825 5239; x_wconf 78' lang='grc' dir='ltr'><strong>ἦν</strong></span> <span class='ocrx_word' id='word_1_693' title='bbox 3856 5165 4013 5232; x_wconf 61' lang='lat'>05:6;</span> 
     </span>
    </p>
   </div>
   <div class='ocr_carea' id='block_1_105' title="bbox 2433 5256 3582 5328">
    <p class='ocr_par' dir='ltr' id='par_1_105' title="bbox 2433 5256 3582 5328">
     <span class='ocr_line' id='line_1_105' title="bbox 2433 5256 3582 5328; baseline 0.002 -20"><span class='ocrx_word' id='word_1_694' title='bbox 2433 5256 2542 5309; x_wconf 83' lang='grc' dir='ltr'><strong>τῶν</strong></span> <span class='ocrx_word' id='word_1_695' title='bbox 2565 5257 2827 5318; x_wconf 82' lang='grc' dir='ltr'><strong>δυνατῶν,</strong></span> <span class='ocrx_word' id='word_1_696' title='bbox 2861 5257 3262 5325; x_wconf 78' lang='grc' dir='ltr'><strong>προϊστάμενος</strong></span> <span class='ocrx_word' id='word_1_697' title='bbox 3301 5257 3582 5328; x_wconf 82' lang='grc' dir='ltr'><strong>Ἰερεμίου.</strong></span> 
     </span>
    </p>
   </div>
   <div class='ocr_carea' id='block_1_106' title="bbox 3006 5434 3421 5491">
    <p class='ocr_par' dir='ltr' id='par_1_106' title="bbox 3006 5434 3421 5491">
     <span class='ocr_line' id='line_1_106' title="bbox 3006 5434 3421 5491; baseline 0.005 -4"><span class='ocrx_word' id='word_1_698' title='bbox 3006 5434 3258 5491; x_wconf 76' lang='grc' dir='ltr'><strong>ΚΕΦᾹΛ.</strong></span> <span class='ocrx_word' id='word_1_699' title='bbox 3298 5438 3421 5490; x_wconf 89' lang='lat' dir='ltr'><strong>KZ&#39;.</strong></span> 
     </span>
    </p>
   </div>
   <div class='ocr_carea' id='block_1_107' title="bbox 2509 5529 4006 5607">
    <p class='ocr_par' dir='ltr' id='par_1_107' title="bbox 2509 5529 4006 5607">
     <span class='ocr_line' id='line_1_107' title="bbox 2509 5529 4006 5607; baseline 0.003 -23"><span class='ocrx_word' id='word_1_700' title='bbox 2509 5552 2528 5584; x_wconf 73' lang='grc' dir='ltr'><strong>ι</strong></span> <span class='ocrx_word' id='word_1_701' title='bbox 2563 5533 2750 5598; x_wconf 81' lang='grc' dir='ltr'><strong>Οὕτως</strong></span> <span class='ocrx_word' id='word_1_702' title='bbox 2781 5529 2900 5587; x_wconf 79' lang='grc' dir='ltr'><strong>εἷπε</strong></span> <span class='ocrx_word' id='word_1_703' title='bbox 2933 5533 3159 5605; x_wconf 73' lang='grc' dir='ltr'><strong>Κύριοςο</strong></span> <span class='ocrx_word' id='word_1_704' title='bbox 3190 5532 3422 5601; x_wconf 81' lang='grc' dir='ltr'><strong>Ποίησον</strong></span> <span class='ocrx_word' id='word_1_705' title='bbox 3448 5534 3659 5606; x_wconf 82' lang='grc' dir='ltr'><strong>σεαυτῷ</strong></span> <span class='ocrx_word' id='word_1_706' title='bbox 3691 5537 3947 5607; x_wconf 85' lang='grc' dir='ltr'><strong>δεσμούς.</strong></span> <span class='ocrx_word' id='word_1_707' title='bbox 3989 5557 4006 5589; x_wconf 77' lang='grc' dir='ltr'><strong>ι</strong></span> 
     </span>
    </p>
   </div>
   <div class='ocr_carea' id='block_1_108' title="bbox 2435 5624 4006 5697">
    <p class='ocr_par' dir='ltr' id='par_1_108' title="bbox 2435 5624 4006 5697">
     <span class='ocr_line' id='line_1_108' title="bbox 2435 5624 4006 5697; baseline 0.004 -19"><span class='ocrx_word' id='word_1_708' title='bbox 2435 5625 2665 5678; x_wconf 79' lang='grc' dir='ltr'><strong>Κελεὺει</strong></span> <span class='ocrx_word' id='word_1_709' title='bbox 2706 5628 2735 5679; x_wconf 86' lang='lat'><strong>6</strong></span> <span class='ocrx_word' id='word_1_710' title='bbox 2765 5627 2896 5690; x_wconf 85' lang='grc' dir='ltr'><strong>Θεὸς</strong></span> <span class='ocrx_word' id='word_1_711' title='bbox 2945 5625 3024 5696; x_wconf 82' lang='grc' dir='ltr'><strong>τῷ</strong></span> <span class='ocrx_word' id='word_1_712' title='bbox 3063 5626 3319 5695; x_wconf 81' lang='grc' dir='ltr'><strong>προφήτῃ</strong></span> <span class='ocrx_word' id='word_1_713' title='bbox 3366 5624 3580 5690; x_wconf 80' lang='grc' dir='ltr'><strong>κλοιοὺς</strong></span> <span class='ocrx_word' id='word_1_714' title='bbox 3625 5628 3881 5697; x_wconf 74' lang='grc' dir='ltr'><strong>ἐμϐαλεῖν</strong></span> <span class='ocrx_word' id='word_1_715' title='bbox 3927 5633 4006 5695; x_wconf 68' lang='grc' dir='ltr'><strong>εἰς</strong></span> 
     </span>
    </p>
   </div>
  </div>
