4214 6450
196 379 294 447 681

1296 380 1761 441 FRAGMENTA
1803 380 1883 442 IN
1926 381 2344 448 JEREMIAM.

3360 384 3466 449 682

187 495 279 547 τὸν
306 493 581 566 τράχηλον
611 493 832 559 ἑαυτοῦ,
867 495 958 547 καὶ
990 495 1204 566 πέμψαι
1235 496 1460 559 τούτους
1494 497 1631 565 πρὸς
1652 496 1779 559 τοὺς

1892 513 1998 561 nas,
2037 515 2239 570 easque
2289 500 2530 556 mitteret
2576 499 2795 574 regibus
2842 489 3075 569 quorum
3120 500 3207 555 hie
3261 506 3467 557 mentio

190 588 455 658 βασιλεῖς,
488 583 564 643 ὧν
588 589 655 659 μέ
666 606 890 660 μνηται.

261 697 283 732 ιι
320 681 432 735 Καὶ
468 681 537 734 τὰ
565 682 757 753 θηρία.
799 702 819 735 ι
857 682 1037 754 Θηρία
1065 681 1302 737 ἐνταῦθα
1324 681 1520 754 ἀγροῦ,
1546 680 1616 735 τὰ
1641 682 1777 753 πρὸς

186 775 465 845 γεωργίαν
505 775 793 845 ἐπιτήδεια
825 775 1003 847 κτήνη
1036 774 1225 846 φησίν.

260 885 283 920 ι
320 868 382 920 Εἰ
419 867 700 939 προφῆταί
725 868 858 924 είσι.
897 887 916 920 ι
951 868 1012 921 El
1050 868 1151 939 μὲν
1173 869 1236 921 ἐκ
1259 867 1352 921 τοῦ
1381 866 1519 921 Θεοῦ
1549 867 1776 936 ὁλόγος,

186 958 331 1013 οὕτω
363 960 593 1030 νόησονο
634 960 700 1013 El
727 959 841 1029 ἐγὼ
876 962 1081 1024 αὐτοὺς
1129 960 1454 1027 ἀπέστειλα,
1504 959 1776 1030 δυνηθῶσι

186 1051 477 1119 διαφυγεῖν
506 1069 598 1121 με,
622 1051 839 1122 φύγωσι
868 1052 970 1122 τὴν
999 1052 1170 1124 ὀργήν
1194 1069 1209 1083 ο
1239 1053 1289 1105 εί
1314 1052 1373 1105 δὲ
1408 1052 1474 1104 ἐκ
1509 1049 1602 1104 τοῦ
1644 1068 1780 1122 προ-

189 1144 367 1212 φήτου
397 1146 425 1196 ὁ
452 1142 636 1213 λόγος,
672 1143 935 1209 Ἐλθωσι,
971 1145 1128 1216 φησὶ,
1162 1144 1259 1199 καὶ
1286 1142 1615 1213 διακριθῶσι
1658 1142 1779 1213 μετ’

188 1235 345 1306 ἐμοῦ.

758 1355 1014 1409 ΚΕΦΑΛ.
1056 1352 1192 1407 κη’.

268 1518 286 1548 ι
332 1495 577 1566 ’Δληθῶς
592 1493 737 1549 οὕτω
783 1494 1014 1566 ποιήσαι
1041 1492 1269 1565 Κύριος.
1308 1510 1326 1543 ι
1363 1493 1510 1544 ’Λντὶ
1534 1489 1649 1553 τοῦ,
1685 1491 1780 1542 Γέ-

186 1602 333 1640 νοιτο
366 1583 561 1651 οὕτως,
593 1584 671 1648 ὡς
700 1585 765 1638 σὺ
793 1584 919 1654 φὴς,
948 1583 1211 1652 γενέσθω.

263 1695 285 1727 ι
340 1677 791 1745 Ἐπιγνώσονται.
827 1696 846 1729 ι
893 1675 1176 1740 Τουτέστι,
1212 1675 1274 1730 τὺ
1300 1675 1477 1747 πέρας
1502 1673 1613 1729 τῶν
1635 1691 1779 1744 πρα-

195 1766 428 1837 γμάτων
454 1767 623 1834 δείξει
652 1767 763 1821 τῶν
792 1767 971 1835 λόγων
993 1766 1091 1838 τὴν
1112 1766 1397 1838 ἀλήθειαν.

1881 589 1957 643 ﬁt.

1951 680 2012 736 V.
2047 683 2101 738 ϐ.
2149 703 2168 735 ι
2197 684 2266 739 Ει
2310 684 2515 740 bestias
2542 686 2677 758 agri.
2722 706 2743 739 ι
2777 687 2986 743 Bestius
3038 685 3127 743 hic
3153 688 3264 758 agri
3312 698 3468 742 vocat

1874 776 2121 845 jumenta
2156 778 2225 833 ad
2258 786 2454 834 terram
2490 779 2776 835 colendam
2805 780 3018 835 idonea.

1954 866 2013 920 V.
2042 868 2124 922 18.
2170 888 2188 920 ι
2222 868 2280 925 Si
2306 872 2589 941 propheta:
2627 881 2776 927 sunt.
2810 891 2829 923 ι
2868 872 2926 927 Si
2977 889 3047 939 ex
3094 889 3324 943 persona
3373 873 3468 928 Dei

1881 974 2060 1014 sermo
2089 970 2191 1027 est,
2225 963 2304 1018 sic
2358 965 2601 1041 intellige
2634 984 2647 1018 :
2683 964 2741 1020 Si
2772 980 2873 1036 ego
2907 979 3003 1021 eos
3056 966 3201 1029 misi,
3257 967 3468 1033 possint
3540 991 3546 997 ~

1882 1052 2121 1124 ell‘ugere
2148 1070 2255 1120 me,
2284 1055 2491 1126 fugiant
2525 1057 2661 1111 iram
2686 1073 2701 1123 ;
2733 1059 2776 1112 si
2814 1074 2945 1113 vero
2967 1074 3034 1112 ex
3064 1073 3297 1128 persona
3340 1075 3467 1127 pro-

1883 1143 2060 1212 plieue
2083 1161 2095 1196 ε
2118 1143 2375 1209 Veniant,
2399 1147 2497 1209 ait,
2522 1156 2575 1202 et
2607 1162 2821 1202 mecum
2858 1148 3184 1217 disceptent.

2464 1346 2617 1402 CAP.
2660 1345 2902 1402 XXVIII.

1954 1480 2017 1535 ν.
2056 1482 2107 1535 t3.
2146 1501 2163 1532 ι
2195 1482 2331 1537 Vere
2352 1483 2431 1537 sic
2457 1482 2618 1537 faciat
2649 1483 2933 1537 Dominus.
2971 1500 2988 1532 ι
3028 1482 3143 1537 [Ioc
3165 1494 3269 1548 est,
3313 1482 3465 1547 Fiat;

1884 1585 1942 1629 ut
1977 1584 2031 1629 tu
2053 1575 2253 1629 asseris
2286 1574 2520 1632 eveniat.

1958 1668 2019 1721 V.
2043 1666 2097 1721 9.
2135 1685 2152 1717 ι
2178 1666 2538 1738 Cognoscent.
2568 1685 2587 1719 ι
2622 1665 2736 1722 IIuc
2752 1664 2857 1731 est,
2883 1682 3065 1721 rerum
3084 1665 3266 1722 exitus
3284 1676 3469 1721 osten-

1884 1757 1978 1813 det
2001 1774 2317 1814 sermonum
2348 1759 2651 1815 veritatem.

267 1874 288 1907 ι
336 1856 537 1921 Βάδιζε
560 1856 656 1911 καὶ
681 1857 840 1910 εἰπὸν
870 1857 1009 1927 πρὸς
1057 1856 1330 1911 Ἀνανίαν.
1370 1876 1388 1909 ι
1429 1855 1551 1911 Ἐπ’
1570 1856 1781 1926 ἐλέγχῳ

1960 1848 2024 1905 V.
2063 1851 2149 1904 l5.
2192 1869 2211 1902 ι
2245 1849 2391 1906 Vade
2420 1862 2475 1906 et
2501 1851 2589 1907 dic
2632 1850 2699 1905 ad
2752 1850 3041 1905 Ananiam.
3082 1869 3101 1901 ι
3139 1849 3221 1904 Ad
3284 1849 3471 1904 redar-

184 1952 289 2021 τῆς
339 1947 600 2013 ἀσεϐείας
661 1950 930 2022 ὑπηρετεῖ
982 1948 1061 2020 τῷ
1110 1949 1524 2020 προστάττοντι,
1575 1948 1779 2019 μηδένα

187 2043 439 2096 κίνδυνον
486 2040 870 2123 ύφορῴμενος.
899 2041 1091 2106 Οὐδεὶς
1120 2042 1230 2113 γὰρ
1261 2041 1422 2111 λόγος
1471 2041 1573 2112 τῆς
1609 2057 1779 2112 προσ-

187 2136 389 2207 καίρου
434 2137 550 2199 τοῖς
596 2135 777 2204 ἁγίοις
807 2134 978 2206 ζωῆς,
1020 2136 1152 2188 ὅταν
1197 2134 1435 2206 κελεύσῃ
1480 2134 1648 2198 Θεός’
1685 2133 1780 2187 τὸν

183 2229 244 2282 δὲ
271 2228 405 2283 Θεὸν
432 2229 514 2293 είς
541 2229 699 2301 δίκην
733 2229 991 2298 ἐκίνησεν
1041 2227 1297 2290 ’Δνανίας
1339 2226 1776 2298 ἐναντιούμενος.

188 2319 400 2391 Ἕτερα
421 2319 478 2373 δὲ
501 2319 683 2389 λέγειν
710 2321 739 2373 ὁ
765 2320 1059 2390 προφήτης
1091 2317 1245 2391 παρὰ
1276 2317 1345 2371 τά
1367 2314 1781 2389 προσταχθέντα

186 2413 361 2467 δοκεῖ.
391 2409 847 2484 ’ἰσοδυναμοῦντα
905 2411 1078 2481 λέγων
1126 2410 1423 2482 ἐσύστερον
1470 2412 1499 2464 ὀ
1550 2410 1781 2480 Πέτρος,

201 2505 473 2571 Ἀνανία,
522 2504 677 2577 φησι,
704 2504 864 2558 διατι
898 2503 1261 2572 ἐπλήρωσεν
1288 2505 1323 2557 ό
1363 2500 1637 2567 Σατανᾶς
1666 2500 1784 2569 τὴν

187 2594 450 2664 καρδίαν
494 2609 612 2649 σου
646 2595 996 2664 ψεύσασθαι
1048 2591 1116 2646 τὸ
1168 2590 1415 2661 Πνεῦμα
1452 2589 1521 2644 τὸ
1579 2589 1781 2658 ἅγιον;

191 2686 364 2741 Ὀθεν
395 2687 496 2741 σὺν
538 2687 619 2756 τῷ
646 2685 877 2756 ἐλέγχῳ,
921 2686 955 2755 ἡ
988 2685 1089 2754 τῆς
1120 2683 1402 2745 κολάσεως
1449 2680 1676 2753 ἀπειλὴ,
1724 2682 1786 2732 τὸ

188 2780 409 2832 δίκαιον
436 2779 537 2848 τῆς
579 2778 853 2848 τιμωρίας
882 2778 1249 2849 ἐμφαίνουσα.
1292 2775 1387 2829 Ἐκ
1435 2772 1574 2829 Θεοῦ
1609 2772 1786 2827 τοίνυν

190 2875 245 2924 ot
276 2871 433 2943 παρά
461 2870 556 2924 τοῦ
581 2871 869 2942 προφήτου
896 2869 1051 2937 λόγοι
1074 2886 1088 2899 ο
1118 2870 1213 2924 καὶ
1242 2869 1514 2939 μαρτυρεῖ
1531 2866 1632 2936 τῆς
1660 2882 1788 2935 προ-

190 2964 431 3034 φητείας
471 2964 505 3033 ἡ
538 2961 791 3027 ἔκϐασις.
1384 2950 1387 2952 ί

806 3078 1058 3133 ΚΕΦΔΛ.
1090 3076 1220 3132 ΚΘἎ

1881 1944 2151 2014 guendam
2175 1944 2508 2015 impietatem
2539 1943 2875 2014 praecipienti
2900 1943 3108 2007 obedit,
3140 1943 3349 1998 nullum
3382 1959 3472 1999 re-

1882 2034 2182 2091 formidans
2216 2035 2542 2106 periculum.
2574 2034 2760 2090 Sancti
2808 2034 2957 2088 enim
3000 2032 3155 2089 nihili
3210 2034 3483 2089 caducam-

1884 2127 2025 2184 hanc
2046 2128 2321 2183 aestimant
2353 2128 2541 2193 vitam,
2571 2144 2696 2183 cum
2720 2125 2865 2182 Deus
2893 2126 3234 2181 mandaverit
3261 2143 3272 2178 :
3300 2127 3472 2181 Deum

1884 2236 2013 2275 vero
2059 2220 2115 2275 in
2178 2221 2438 2276 ultionem
2486 2220 2728 2275 Ananias
2782 2219 2996 2276 induxit
3037 2234 3097 2275 se
3161 2233 3467 2290 opponens.

1887 2312 2002 2367 Alia
2026 2327 2156 2368 vero
2182 2320 2378 2384 praeter
2400 2328 2463 2367 ea
2496 2328 2617 2383 quae
2644 2313 2900 2368 mandata
2929 2322 3080 2380 sunt,
3114 2312 3299 2368 dicere
3320 2313 3474 2369 vide-

1886 2415 1973 2460 tur
1996 2405 2293 2475 propheta;
2316 2405 2541 2474 perinde
2572 2413 2752 2459 tamen
2783 2405 3018 2460 valentia
3044 2404 3233 2461 Petrus
3251 2420 3474 2476 .quoque
3518 2406 3521 2407 ⁷

1886 2507 2096 2566 postea,
2135 2497 2362 2563 Anania,
2392 2498 2489 2561 ait,
2544 2507 2602 2551 ut
2652 2498 2779 2566 quid
2824 2499 3057 2565 implevit
3107 2496 3343 2553 Satanas
3385 2515 3475 2553 cor

1889 2600 2035 2645 tuum
2077 2593 2289 2645 mentiri
2322 2590 2547 2660 Spiritui
2568 2602 2752 2645 sancto
2787 2593 2875 2645 "‘l
2902 2591 3060 2647 Unde
3095 2608 3204 2646 una
3237 2608 3360 2646 cum
3388 2608 3471 2646 reo

1887 2682 2255 2751 prehensione
2300 2683 2526 2739 adfuere
2545 2687 2832 2754 plenarum
2859 2686 3020 2740 mina:
3041 2685 3247 2755 justam
3308 2685 3470 2757 puni-

1890 2773 2093 2829 tionem
2133 2775 2504 2830 ostendentes.
2539 2778 2577 2829 A
2613 2774 2726 2830 Deo
2773 2777 2955 2845 itaque
3003 2792 3289 2834 sermones
3346 2794 3473 2850 pro-

1890 2867 2088 2935 phetae,
2122 2878 2177 2922 et
2202 2878 2488 2925 attestatur
2513 2869 2757 2926 vaticinii
2789 2870 2988 2924 exitus.
3085 2856 3091 2862 ’

2476 3071 2632 3126 CAP.
2686 3070 2879 3125 XXIX.

278 3218 297 3250 ι
339 3197 613 3268 ’Υστερον
644 3193 957 3259 ἐξελθόντος
989 3190 1263 3261 Ἰεχονίου.
1296 3207 1315 3237 ο
1351 3186 1511 3240 Μετὰ
1542 3186 1605 3237 τὸ
1629 3186 1785 3240 ἀποι-

1966 3185 2025 3236 ν.
2062 3185 2116 3238 2.
2161 3206 2177 3235 ι
2204 3185 2494 3254 Postquam
2520 3200 2772 3255 egressus
2799 3193 2884 3239 est
2919 3183 3229 3242 Jecbonias.
3253 3205 3275 3239 ι
3310 3187 3477 3246 Post-

193 3291 460 3361 κισθῆναι
495 3289 587 3343 τὸν
635 3288 915 3358 Ἰεχονίαν.

277 3402 294 3434 ι
345 3383 437 3437 Ἐν
468 3385 614 3456 χειρὶ
667 3383 965 3452 Ἐλεάσαμ.
1010 3399 1028 3432 ι
1062 3380 1163 3433 Διά
1203 3377 1411 3431 τούτων
1456 3371 1715 3442 ἐπέμφθη
1754 3374 1789 3443 ἡ

195 3477 488 3546 ἐπιστολή.

281 3590 300 3619 «ι
344 3568 532 3631 Οὕτως
565 3563 688 3621 εἷπε
724 3566 951 3639 Κύριος.
988 3587 1005 3616 ιι
1034 3565 1269 3636 Τοιαύτη
1296 3568 1398 3635 τῆς
1431 3566 1721 3635 ἐπιστολῆς
1756 3565 1789 3634 ἠ

196 3662 373 3733 ἀρχή.
401 3659 665 3729 Ἀναιρῶν
690 3660 983 3729 τοίνυνίτῂν
1004 3657 1209 3711 τούτων
1238 3658 1475 3728 ἀπάτην,
1510 3656 1788 3727 μακρότα-

196 3771 298 3807 τον
325 3754 509 3815 αύτοῖς
530 3752 865 3821 γενήσεσθαι
886 3752 1036 3818 λέγει
1060 3751 1161 3821 τῆς
1182 3752 1443 3815 ἀποικίας
1458 3751 1551 3805 τὸν
1572 3751 1785 3822 χρόνον.

200 3845 439 3898 Κελεύει
464 3846 523 3899 δὲ
555 3845 649 3897 καὶ
697 3844 839 3915 ὑπὲρ
890 3843 1000 3896 τῶν
1049 3843 1327 3914 πολεμίων
1363 3841 1788 3913 προσεύχεσθαι.

204 3931 396 3985 Τοῦτο
435 3932 544 4001 γὰρ
570 3932 764 3995 ἔσται,
818 3936 978 4000 φησι,
1031 3930 1127 3984 καὶ
1172 3930 1325 3999 ὑπὲρ
1366 3930 1479 4000 τῆς
1502 3932 1791 4000 ὑμετέρας

198 4024 477 4092 εἰρήνης.
527 4022 684 4075 υῦτω
715 4023 811 4074 καὶ
845 4021 1057 4084 Παῦλος
1107 4021 1253 4092 ὑπὲρ
1299 4021 1518 4074 πάντων
1570 4020 1678 4073 τῶν
1732 4021 1792 4072 ὲν

201 4116 457 4185 ὑπεροχῇ
485 4112 702 4166 κελεύει
735 4112 1158 4183 προσεύχεσθαι,
1198 4112 1299 4165 ἵνα
1326 4111 1569 4180 ἤρεμον,
1599 4112 1789 4181 φησὶν,

201 4202 311 4259 καί
332 4202 752 4271 ἠσύχιονβίον
770 4200 1068 4271 διάγωμεν
1091 4202 1163 4255 ἐν
1183 4199 1355 4270 πάσῃ
1380 4186 1661 4269 εὐσεϐείᾴ
1687 4202 1789 4256 καὶ

202 4297 556 4365 σεμνότητι.
597 4294 656 4349 ’0
680 4293 844 4357 αὐτὸς
870 4293 980 4364 γάρ
1002 4295 1119 4345 ὲστι
1161 4292 1315 4358 Θεὸς,
1344 4292 1403 4356 ὃς
1428 4294 1516 4345 ἐπ’
1546 4293 1793 4363 ἐσχάτων

201 4388 323 4442 τῶν
357 4385 585 4459 ήμερῶν
614 4384 880 4454 ἐλάλησεν
911 4386 1047 4455 ⁴ίχμῖν
1080 4385 1139 4437 ὲν
1171 4383 1309 4455 Υίῷ.
1344 4383 1465 4448 [ιὼς
1495 4380 1589 4439 οῦν
1618 4402 1789 4456 πονη-

207 4482 309 4554 ρδς
340 4481 370 4533 ὁ
415 4477 798 4549 Δημιουργός;
844 4476 878 4548 ἢ
916 4477 969 4530 τί
1003 4476 1375 4548 παραλλάττει
1415 4476 1575 4531 τοῦτο
1597 4477 1694 4531 τοῦ
1735 4480 1792 4532 ὲν

1894 3293 2055 3345 quam
2096 3277 2383 3332 Jechonias
2412 3278 2679 3333 abductus
2705 3286 2808 3333 est.

1968 3368 2031 3421 γ.
2076 3371 2128 3423 5.
2162 3388 2179 3419 ι
2210 3369 2268 3422 1η
2291 3384 2456 3423 manu
2486 3370 2754 3425 Eleasam.
2790 3390 2808 3422 ι
2840 3370 2944 3425 Per
2967 3370 3067 3426 bos
3090 3374 3318 3442 epistola
3342 3375 3477 3430 mis.

1899 3477 1957 3515 sa
1984 3470 2082 3514 l‘Sl.

1970 3552 2035 3607 ν.
2064 3555 2114 3607 4.
2147 3573 2164 3603 ι
2189 3552 2279 3607 Sic
2307 3554 2442 3607 dixit
2475 3556 2757 3609 Dominus.
2797 3575 2814 3605 ι
2847 3555 2961 3611 Hoc
2993 3565 3076 3612 est
3117 3557 3329 3614 initium
3360 3562 3477 3630 epi-

1900 3643 2065 3717 stolae.
2102 3642 2301 3699 Eorum
2330 3646 2509 3715 itaque
2534 3644 2777 3699 fraudem
2805 3647 3019 3712 tollens,
3045 3650 3480 3723 transmigratio-

1900 3736 1985 3790 nis
2013 3736 2088 3790 ait
2134 3736 2248 3790 l‘ore
2298 3746 2512 3807 tempus
2558 3738 2971 3807 longissimum,
3028 3741 3380 3813 pracipitque
3423 3753 3483 3797 ut

1900 3842 1999 3896 pro
2058 3825 2306 3881 hostibus
2358 3842 2573 3897 quoque
2646 3827 2758 3883 Deo
2813 3844 3001 3898 preces
3071 3829 3319 3887 fundant.
3374 3832 3483 3885 Hoc

1899 3917 2065 3981 enim,
2100 3919 2193 3980 ait,
2223 3928 2270 3969 et
2300 3935 2394 3984 pro
2424 3932 2593 3972 vestra
2628 3935 2764 3988 pace
2791 3920 2911 3973 erit.
2946 3920 3039 3976 Sic
3072 3934 3128 3976 et
3156 3922 3355 3979 Paulus
3385 3940 3483 3994 pro

1898 4011 2152 4066 omnibus
2180 4014 2269 4080 qui
2321 4012 2375 4063 in
2425 4010 2759 4065 sublimitate
2799 4021 2947 4079 sunt,
2971 4014 3133 4082 jubet
3198 4030 3377 4079 orare,
3426 4027 3484 4069 ut

1900 4104 2153 4173 quietam,
2187 4102 2383 4172 inquit,
2440 4103 2889 4175 tranquillamque
2932 4106 3097 4161 vitam
3139 4123 3384 4177 agamus,
3427 4110 3484 4162 in

1901 4199 2043 4251 omni
2088 4199 2285 4265 pietate
2316 4205 2363 4249 et
2404 4196 2649 4249 castitate
2676 4196 2744 4249 ".
2781 4195 2929 4254 Idem
2962 4198 3108 4252 enim
3163 4207 3250 4254 est
3312 4198 3478 4263 Deus.

1900 4289 1993 4358 qui
2031 4287 2338 4343 novissimis
2384 4287 2575 4341 diebus
2630 4287 2844 4343 locutus
2868 4297 2952 4344 est
3001 4289 3165 4344 nobis
3218 4292 3274 4345 in
3320 4291 3479 4348 Filio.

1901 4379 2183 4446 Quomodo
2212 4378 2373 4449 igitur
2402 4377 2592 4447 Opifex
2654 4379 2933 4449 improbus
2975 4380 3101 4436 est?
3128 4390 3223 4438 aut
3284 4382 3341 4440 in
3375 4400 3485 4453 quo

1901 4471 2083 4527 differt
2125 4471 2229 4525 hoc
2264 4470 2333 4525 ab
2357 4485 2423 4524 eo
2451 4469 2595 4539 quod
2646 4469 2701 4523 in
2758 4470 3054 4541 Evangelia
3108 4471 3314 4528 dictum
3355 4486 3479 4531 est:

206 4570 535 4640 Εὐαγγελιφ
560 4568 841 4642 ῥηθέντος·
873 4569 931 4624 Ἀ
941 4566 1326 4637 γαπᾶτετοὺς
1340 4569 1595 4637 ἐχθροὺς
1608 4567 1786 4639 ὑμῶν,

1904 4563 2619 4634 Diligiteinimicosuestros,
2654 4570 2702 4615 et
2739 4570 2889 4615 orate
2916 4577 3011 4628 pro
3060 4565 3483 4635 persequentibus

206 4664 311 4718 καί
335 4663 751 4732 προσεύχεσθε
774 4659 927 4728 ὑπὲρ
963 4659 1086 4715 τῶν
1123 4659 1573 4729 ἐπηρεαζόντων
1607 4660 1798 4730 Quae;

207 4752 342 4827 *Δρ*
370 4750 465 4808 οὖν
495 4753 596 4807 οὐκ
624 4751 1049 4823 ἑπηρεάσθησαν
1078 4751 1187 4805 ἀπὸ
1217 4749 1327 4824 [ισ.
1350 4753 1401 4804 οἱ
1424 4750 1558 4824 ἀπὸ]
1603 4750 1803 4823 Ἰερου-

213 4848 407 4917 σαλὴμ
439 4845 546 4900 ύπδ
598 4843 995 4906 Βαϐυλωνίων;
1040 4841 1157 4895 ἀλλ’
1203 4843 1356 4912 ὅμως
1408 4842 1804 4915 προσεύχονται

212 4938 363 5009 ὑπὲρ
394 4936 599 4991 αὐτῶν.

294 5048 315 5083 ‹
353 5029 465 5083 Καὶ
487 5027 763 5100 ζητήσατε
804 5026 885 5088 εἰς
914 5026 1162 5097 εἰρήνην.
1195 5044 1214 5077 ι
1254 5023 1659 5096 Προσεύξασθε,
1689 5043 1796 5097 φη-

220 5127 328 5188 σὶν,
358 5122 586 5194 είρήνην
609 5122 724 5182 τοῖς
762 5117 1149 5184 Βαϐυλωνίοις,
1190 5118 1279 5172 ἴνα
1314 5118 1410 5171 καὶ
1449 5117 1609 5189 ὑμεῖς
1639 5118 1795 5188 εἰρη-

221 5210 793 5283 νεύητε.Σημείωσαι,
839 5209 923 5262 ὅτι
951 5208 1035 5263 δεῖ
1078 5206 1482 5279 προσεύχεσθαι
1513 5208 1657 5279 ὑπὲρ
1689 5209 1798 5262 τῶν

222 5304 600 5377 κρατούντων,
630 5300 739 5356 κᾶν
752 5301 1019 5371 Ἕλληνες
1043 5291 1197 5353 ὦσιν.

299 5398 445 5451 «Καὶ
458 5392 1115 5465 ὲπιστήσω.»ἰ“ουτέστιν,
1140 5390 1379 5461 Ὄψεσθε
1396 5392 1506 5446 τῶν
1531 5392 1681 5463 ἐμῶν
1705 5392 1796 5446 λό-

218 5507 341 5559 γων
367 5487 470 5557 τὴν
488 5486 771 5558 ἀλήθειαν.

305 5600 328 5635 ι
360 5581 487 5634 Ὀτι
523 5578 751 5633 εἴπατεο
799 5575 1152 5642 Κατέστησεν
1180 5574 1313 5644 ἡμῖν
1350 5574 1555 5647 Κύριος
1582 5578 1799 5648 προφὴ-

222 5696 351 5740 τῖς,
386 5692 408 5720 ι
441 5670 907 5740 Ψευδοπροφῆται
931 5663 1075 5739 ἦσαν
1117 5665 1213 5721 καὶ
1238 5667 1298 5722 ἐν
1321 5668 1387 5738 τῇ
1439 5668 1799 5741 Ἰερουσαλὴμ

318 5851 362 5881 τ’
398 5849 517 5906 Act.
558 5867 611 5916 ν,
643 5852 697 5906 5.
776 5853 821 5884 ’³
853 5853 872 5907 I
906 5854 1047 5909 Tim.
1093 5874 1151 5920 ιι,
1182 5859 1235 5913 2.
1314 5862 1360 5893 "
1394 5861 1585 5918 Matth.
1618 5880 1668 5929 ν,
1695 5865 1786 5922 Η.

566 5946 835 6008 ΡΑτιιοι..
875 5948 989 6010 Gn.
1027 5950 1249 6012 XCIII.

1902 4674 1990 4709 vos
2023 4656 2114 4708 “‘t
2149 4653 2343 4709 Annon
2393 4653 2720 4709 infestarunt
2757 4652 3278 4725 Ilierosolymitanos
3307 4657 3482 4730 Baby-

1903 4746 2032 4800 lonii
2054 4746 2255 4801 ?orant
2280 4754 2458 4799 tamen
2489 4759 2588 4814 pro
2620 4744 2719 4798 eis.

1975 5039 2036 5091 ν.
2074 5040 2126 5092 7.
2157 5038 2259 5091 4Et
2289 5038 2512 5107 qua~rite
2538 5039 2602 5093 ad
2634 5054 2875 5110 pacem.»
2912 5037 3235 5107 Precamini,
3260 5040 3359 5106 ait,
3385 5057 3486 5111 pa-

1905 5146 2023 5187 cem
2048 5130 2374 5199 Babyloniis,
2407 5140 2465 5183 ut
2490 5140 2545 5184 et
2574 5146 2669 5185 res
2692 5145 2810 5184 eam
2840 5131 3103 5186 habeatis.
3137 5131 3297 5200 Nota,
3330 5148 3487 5189 oran-

1906 5223 2035 5278 dum
2062 5237 2184 5276 esse
2220 5237 2318 5291 pro
2342 5221 2700 5292 principibus,
2726 5223 2854 5277 licet
2883 5223 3128 5287 inﬁdeles
3164 5225 3290 5280 sint.

1977 5399 2042 5453 V.
2080 5400 2167 5455 10.
2206 5420 2225 5451 ‹
2265 5398 2334 5455 Ει
2364 5401 2657 5455 suscitabo.
2696 5421 2715 5453 ι
2749 5402 2861 5456 lloc
2896 5411 3000 5468 est,
3028 5420 3181 5460 meos
3206 5422 3486 5465 sermones

1906 5505 2067 5546 veros
2099 5506 2219 5546 esse
2253 5492 2617 5562 eonspicietis.

1982 5584 2043 5641 V.
2080 5584 2162 5639 15.
2198 5605 2217 5638 ι
2253 5585 2388 5652 Quia
2418 5584 2629 5641 dixistis
2659 5603 2672 5640 :
2704 5585 3001 5642 Constituit
3022 5588 3178 5644 nobis
3225 5590 3487 5646 Dominus

1907 5675 2223 5747 prophetas.
2266 5697 2283 5729 ι
2346 5675 2841 5749 Ρεοιιάορτοριιειαι
2892 5688 3050 5737 erant
3072 5688 3127 5736 et
3183 5681 3235 5737 in
3254 5680 3487 5739 Jerusa-

3130 5955 3208 6020 22
