4214 6450
216 380 333 448 δεδ.

1339 382 1805 445 FRAGMENTA
1846 384 1927 447 IN
1957 387 2371 452 JEREMIAM.

3375 405 3481 472 686

216 497 327 551 ἀπὸ
357 495 514 550 Θεοῦ.
556 496 616 551 '0
648 495 994 568 βουλόμενος,
1030 496 1215 568 φησὶν,
1256 497 1558 570 ἑθήρευσεν
1597 500 1787 573 αὐτὴν,

1897 512 2039 559 runt.
2070 504 2393 579 Quicunque
2411 508 2601 577 voluit,
2632 526 2752 568 eam
2780 526 3009 571 venatus
3037 525 3139 580 cst,
3164 517 3355 588 inquit,
3377 528 3480 578 vet-

217 590 293 653 ᾠς
327 589 402 660 μὴ
427 588 659 659 ἔχουσαν
691 590 945 659 ποιμένα.

294 700 313 729 ι
350 680 535 744 Οὕτως
570 674 693 733 εἷπε
732 681 959 751 Κύριος.
1003 698 1022 733 ι
1063 682 1217 751 Ἔχει
1252 684 1350 752 μὲν
1390 686 1417 737 6
1447 684 1605 753 λόγος
1634 685 1799 755 ἀγγε-

216 769 338 822 λίαν
367 771 466 841 τῆς
519 773 582 823 ἐκ
616 770 940 835 Βαϐυλῶνος
975 772 1238 826 ὲπανόδου
1265 789 1280 804 ο
1325 775 1679 845 προθεσπίζει
1740 777 1799 830 δὲ

214 862 315 934 τὴν
349 862 438 915 διὰ
472 862 710 933 Χριστοῦ
755 863 1138 934 ἀπολύτρωσιν
1159 864 1268 917 τῶν
1295 864 1487 918 ἐθνῶν.

295 973 314 1005 ι
370 954 480 1005 Καὶ
528 942 1098 1024 οίκοδομηθήσεταιίι
1124 954 1269 1023 Πρὸς
1300 954 1399 1023 μὲν
1420 955 1482 1008 τὸ
1535 955 1721 1027 ῥητὸν,
1763 959 1798 1027 ὴ

214 1047 678 1119 κατεστραμμένη
710 1047 745 1101 Ἰ
753 1064 774 1099 ε
785 1047 1066 1119 ρουσαλήμ
1088 1063 1102 1078 ’
1123 1049 1262 1118 πρὶς
1273 1046 1330 1101 δὲ
1349 1047 1607 1115 διάνοιαν,
1630 1048 1799 1119 ἡἘκ-

218 1138 437 1209 κλησία.

296 1250 314 1282 ι
359 1229 696 1293 Καὶόλαός.
747 1248 765 1280 ι
815 1230 975 1284 Κατὰ
1021 1229 1091 1284 τὰ
1130 1229 1337 1301 νόμιμα
1382 1230 1796 1285 πολιτεύσεται⁸

212 1325 242 1377 6
279 1326 377 1394 μὲν
405 1325 468 1375 ἐκ
514 1324 615 1394 τῆς
647 1323 917 1392 αἰσθητῆς
954 1324 1360 1394 αἰχμαλωσίας,
1404 1325 1547 1379 κατά
1571 1324 1639 1378 τὰ
1670 1326 1799 1379 Μω-

214 1420 420 1473 σαῖκά·
452 1421 479 1472 ὁ
516 1419 571 1471 δὲ
614 1418 714 1489 τῆς
758 1416 1083 1487 Ἐκκλησίας
1115 1417 1265 1482 λαὸς,
1299 1417 1443 1471 κατὰ
1470 1419 1541 1472 τὰ
1563 1418 1793 1487 εὐαγγε-

214 1512 364 1566 λικά.

298 1623 316 1655 ι
355 1604 463 1656 Καὶ
520 1603 899 1666 ἐξελεύσονται
949 1605 1044 1658 ἀπ’
1080 1602 1261 1658 αὐτῶν
1315 1603 1552 1675 ᾅδοντες.
1611 1620 1632 1653 ι
1672 1604 1798 1667 Τοῖς

221 1695 324 1765 μὲν
373 1695 743 1765 αἰχμαλώτοις
793 1696 1133 1766 ἐπαγγελίαν
1167 1696 1348 1767 χαρᾶς
1386 1694 1500 1764 ἔχει
1540 1695 1570 1746 6
1618 1694 1796 1764 λόγος.

223 1788 483 1859 ’ᾼδοντας
515 1789 594 1853 δὲ,
620 1790 748 1852 τοὺς
776 1792 911 1843 Θεὸν
938 1791 996 1843 ἐν
1026 1793 1094 1861 τῇ
1130 1788 1397 1860 ἐκκλησίᾳ
1435 1787 1798 1858 ύμνολογοῦν-

1902 597 1976 650 ιιιὶ
2004 612 2219 666 paStore
2251 610 2549 656 carentem.

1972 687 2036 743 V.
2072 691 2158 747 18.
2199 711 2216 744 ι
2244 692 2335 748 Sic
2370 694 2505 749 dixit
2536 697 2817 752 Dominus.
2858 718 2875 749 ι
2919 699 3113 755 Sermo
3140 701 3364 771 quidem
3391 701 3478 757 hic.

1900 784 2240 852 promittite
2289 786 2561 859 Babylone
2612 790 2846 844 reditum
2879 793 3256 857 ,vaticinatur
3294 804 3477 850 autem

1901 886 2087 945 gentes
2116 892 2213 947 per
2235 878 2510 936 Christum
2534 882 2857 938 liberandas.

1979 988 2000 1022 ι
2024 967 2090 1024 Ει
2120 969 2495 1027 tediiicabitur.
2537 993 2555 1025 ›
2593 974 2673 1029 ΛιΙ
2729 974 2962 1030 litteram
3014 979 3255 1047 quidem,
3287 997 3477 1038 eversa

1900 1059 2232 1127 Jerusalem;
2262 1062 2617 1132 spiritualitor
2652 1075 2831 1121 autem
2863 1068 3128 1124 Ecclesia.

1978 1236 1995 1267 ς
2022 1214 2085 1269 Et
2108 1218 2358 1287 pepulus.
2402 1238 2420 1271 ι
2447 1221 2755 1277 Secundum
2784 1222 3021 1294 legitima
3054 1228 3179 1282 vitae
3212 1230 3475 1284 rationem

1903 1305 2186 1364 instituet:
2234 1312 2326 1381 qui
2379 1328 2409 1366 a
2452 1316 2723 1369 mundana
2791 1318 3127 1386 captivitate,
3166 1323 3320 1389 juxta
3365 1323 3480 1377 blo—

1903 1401 2078 1468 saica;
2111 1404 2204 1474 qui
2233 1420 2363 1460 vero
2386 1405 2640 1463 Ecclesiae
2663 1410 2896 1480 populus
2926 1420 3030 1479 est,
3059 1413 3214 1483 juxta
3243 1430 3479 1488 evange-

1902 1490 2024 1545 lica.

1974 1581 2037 1636 V.
2072 1584 2159 1639 l9.
2188 1604 2206 1638 ι
2235 1584 2301 1641 Ει
2323 1588 2668 1660 egredientur
2688 1592 2758 1646 ab
2782 1593 2861 1646 eis
2882 1606 3161 1651 canentes.
3194 1615 3211 1647 ι·
3240 1598 3480 1668 Captivis

1902 1673 2158 1743 gaudium
2188 1678 2516 1733 annuntiant
2553 1678 2670 1735 haec
2691 1682 2874 1737 verba.
2905 1682 3176 1742 Cauentes
3208 1687 3340 1742 dicit
3385 1704 3480 1744 eos

1902 1764 1995 1834 qui
2026 1764 2194 1822 Deum
2257 1767 2312 1822 in
2364 1770 2591 1826 ecclesia
2643 1771 2859 1844 hymnis
2910 1776 3162 1850 laudant;
3230 1780 3480 1835 ludentes

218 1880 316 1944 τὰς
360 1898 522 1952 φησι.
556 1880 856 1946 παίζοντας
898 1882 978 1949 δὲ,
1008 1881 1134 1946 τοὺς
1163 1882 1273 1935 τῶν
1315 1879 1586 1950 δαιμόνων
1632 1898 1796 1936 κατα-

1903 1874 2034 1914 vero
2060 1862 2154 1930 qui
2177 1861 2452 1918 daemones
2484 1864 2732 1921 irrident.

221 1971 537 2036 παίζοντας.

290 2085 309 2115 ι
361 2066 471 2119 Καὶ
523 2068 551 2119 6
608 2067 816 2138 ἄρχων.
883 2084 901 2117 ›
963 2068 1077 2120 Ούκ
1134 2066 1236 2133 ἔτι,
1288 2067 1474 2135 φησὶν,
1526 2065 1799 2135 ἀλλότριοι

212 2156 442 2227 ἄρξουσι
478 2158 575 2211 τοῦ
619 2158 775 2214 λαοῦ.
814 2159 885 2212 Ἦ
925 2160 1019 2211 καὶ
1054 2158 1249 2225 οὕτως,
1291 2158 1574 2223 Ἐξέλιπον
1596 2157 1706 2228 γὰρ
1751 2158 1798 2210 οἱ

227 2250 506 2304 Ἰουδαίων
529 2252 794 2324 ἄρχοντες
813 2269 827 2283 '
859 2253 995 2322 φησι
1024 2254 1107 2306 ὅτι
1139 2254 1168 2305 ό
1198 2251 1369 2306 πάλαι
1399 2252 1590 2322 ἄρχων
1620 2249 1803 2305 διάϐοο

213 2344 302 2407 λος
352 2345 462 2397 τῶν
508 2344 696 2415 ψυχῶν
724 2345 1094 2411 ἐξελεύσεται,
1128 2346 1252 2399 ἀντὶ
1300 2345 1395 2398 τοῦ
1428 2345 1799 2416 ἀποστήσεται

211 2436 308 2490 τοῦ
337 2436 437 2507 τῆς
480 2438 810 2510 Ἐκκλησίας
841 2439 995 2495 λαοῦ.

779 2594 1007 2647 ΚΕΨΔΛ
1019 2633 1033 2647 .
1086 2595 1213 2647 AA'.

290 2726 310 2758 ι
352 2698 527 2778 Εὗρον
566 2706 793 2778 θερμόν.
828 2726 846 2758 ι
901 2705 1121 2776 Ἐπειδὴ
1164 2706 1214 2759 oi
1260 2705 1506 2759 πλείονες
1548 2705 1653 2758 ὑπὸ
1700 2706 1800 2774 τῆς

212 2799 935 2870 ἁμαρτίαςτεθνήκασι,καὶ
960 2799 1036 2862 ὼς
1058 2801 1116 2852 ὲν
1137 2800 1330 2870 ἐρήμῳ
1355 2800 1569 2852 κεῖνται
1599 2799 1799 2869 ὲρριμ-

218 2890 374 2960 μένοι
396 2909 407 2921 ·
430 2883 620 2961 εὖρον,
643 2891 830 2960 φησὶν,
856 2891 916 2943 ὲν
944 2893 1057 2953 τοῖς
1080 2890 1359 2959 κειμένοις
1386 2889 1612 2959 θερμὸν,
1642 2906 1799 2942 τουτ-

220 2976 374 3028 έστιν
412 2975 678 3046 ἡμιθανῆ,
711 2977 905 3031 ἐλπίδα
938 2977 1135 3047 ἔχοντα
1171 2979 1464 3045 μετανοίας
1495 2978 1591 3032 καὶ
1616 2976 1795 3046 ζωῆςο

214 3067 356 3136 φησὶ
390 3067 447 3119 δὲ
478 3067 510 3138 ἢ
558 3066 649 3119 τὸν
684 3066 925 3138 Ἰσραὴλ,
968 3067 1000 3138 ἦ
1032 3069 1126 3120 καὶ
1163 3069 1343 3122 πάντα
1366 3069 1668 3140 δυνάμενον
1694 3067 1800 3120 σώ-

214 3158 433 3222 ζεσθαι.

296 3269 314 3301 ‹
350 3249 556 3319 Κύριος
605 3249 914 3321 πόῤῥωθεν.
954 3271 965 3303 ι
1024 3254 1083 3306 Ὀ
1108 3252 1205 3306 νῦν
1230 3254 1539 3325 πόρρωθεν,
1572 3253 1800 3324 ὕστερον

214 3341 518 3412 ὀφθήσεται
560 3340 730 3412 αὐτῷ.

293 3450 311 3482 ιι
368 3431 488 3483 Ἐτι
534 3429 681 3502 λήψῃ
738 3430 1044 3500 τύμπανον.
1104 3450 1122 3483 ιι
1169 3432 1325 3492 Μετά
1384 3434 1483 3504 τὴν
1537 3434 1800 3506 αἰσθητὴν

226 3520 609 3593 Ἰερουσαλὴμ,
640 3522 740 3593 τὴν
783 3521 1111 3591 Ἐκκλησίαν
1155 3521 1286 3577 νόει.

295 3630 314 3662 ι
355 3612 477 3663 Ὅτι
525 3611 674 3663 ἐστιν
710 3610 911 3682 ἡμέρα.
964 3629 983 3661 ι
1020 3612 1190 3665 Τοῦτο
1240 3615 1469 3684 σημεῖον
1506 3617 1795 3687 οἰκήσεως.

215 3702 343 3755 Ὅτι
376 3701 594 3768 δέδωκε,
628 3704 818 3773 φησὶν,
845 3704 873 3755 6
905 3702 1039 3766 Θεὸς
1076 3705 1267 3775 καιρὸν
1307 3707 1625 3776 μετανοίας,
1668 3709 1725 3761 ὲν
1753 3702 1798 3776 ᾧ

213 3792 649 3864 ἀπολογούμενοι
678 3793 1023 3864 κληθήσεσθε
1054 3797 1131 3858 εἰς
1157 3799 1459 3868 σωτηρίαν.

294 3990 314 4022 ι
352 3972 443 4024 Ἐν
494 3973 677 4042 ὄρεσιν
715 3970 975 4043 Ἐφραίμ.
1020 3992 1037 4023 ι
1083 3974 1187 4027 Τὸν
1232 3974 1374 4029 κατά
1422 3975 1583 4047 χάριν
1639 3978 1792 4046 φησι.

214 4065 506 4136 Διαφόρως
545 4064 604 4117 δὲ
636 4065 669 4136 ἠ
723 4064 918 4136 Γραφὴ
949 4066 1106 4119 καλεῖ
1138 4065 1326 4119 τοῦτον
1365 4065 1459 4120 τὸν
1504 4066 1656 4121 λαόν.
1703 4066 1797 4120 Διὸ

215 4156 316 4210 καὶ
343 4157 607 4228 Ἐφραὶμ,
636 4158 700 4210 ὲκ
732 4157 842 4211 τῶν
867 4157 1081 4211 πολλῶν
1103 4156 1287 4226 φυλῶν
1314 4174 1328 4188 ο
1348 4157 1414 4212 ἐκ
1442 4157 1665 4214 πάντων
1685 4159 1795 4228 γάρ

216 4248 360 4301 είσιν
382 4249 431 4300 oi
468 4248 789 4318 σωζόμενοι.

295 4356 313 4386 ιι
361 4336 655 4409 Ἀνάστητε
701 4337 798 4393 καὶ
840 4336 1097 4408 ἀνάϐητε.
1141 4358 1160 4390 ι
1198 4340 1550 4413 Διεγέρθητε,
1604 4343 1791 4413 φησὶν,

216 4428 285 4481 ὲκ
320 4427 429 4482 τῶν
477 4430 683 4499 γηΐνων
724 4431 1117 4501 φρονημάτων,
1160 4431 1255 4484 καὶ
1306 4432 1559 4486 ἀνέλθετε
1602 4435 1683 4497 εἰς
1724 4432 1793 4487 τὰ.

1974 2033 2039 2088 V.
2071 2035 2160 2091 2i.
2191 2057 2208 2090 ι
2238 2034 2305 2092 Ει
2369 2039 2623 2109 princeps
2670 2041 2810 2112 ejus.
2845 2061 2865 2095 ι
2913 2042 3034 2099 Non
3074 2046 3329 2113 amplius,
3379 2050 3476 2101 ait.

1904 2125 2075 2180 exteri
2123 2127 2325 2196 populo
2385 2130 2830 2186 dominabuntur.
2870 2133 2968 2188 Vel
2999 2134 3115 2191 sic:
3156 2136 3482 2194 Defeceruut

1902 2217 2049 2271 enim
2072 2217 2382 2273 Judznorum
2411 2221 2727 2292 principes;
2752 2225 3029 2300 antiquus,
3057 2228 3151 2294 ait,
3176 2231 3479 2288 animarum

1902 2308 2157 2379 princeps
2172 2310 2419 2368 diabolus
2448 2314 2777 2385 egredietur,
2813 2316 2916 2374 hoc
2954 2328 3035 2374 est
3073 2321 3242 2377 abibit
3266 2337 3296 2376 a
3337 2334 3484 2379 coetu

1902 2400 2177 2456 Ecclesiae.

2504 2562 2655 2618 CAP.
2694 2563 2885 2622 XXXI.

1976 2677 2039 2730 ν.
2073 2678 2127 2730 2.
2171 2696 2189 2729 ι
2221 2677 2406 2735 Inveni
2453 2682 2709 2738 calidum.
2748 2704 2767 2736 ι
2806 2685 2975 2756 Major
3020 2689 3304 2748 hominum
3356 2711 3482 2767 pars

1903 2778 2126 2837 peccato
2151 2778 2364 2824 mortua
2391 2779 2490 2835 est,
2516 2782 2572 2827 et
2595 2773 2783 2842 jacent
2822 2777 2966 2833 velut
2996 2781 3225 2851 projceti
3268 2784 3324 2839 in
3386 2786 3481 2841 de-

1902 2866 2082 2921 serto;
2109 2858 2315 2922 inveni,
2349 2861 2442 2924 ait,
2478 2861 2622 2917 inter
2668 2863 2818 2919 humi
2843 2876 3043 2925 stratos
3082 2873 3359 2944 calidum;
3391 2893 3481 2932 se-

1901 2947 2250 3002 mimortuum
2278 2951 2506 3015 scilicet,
2539 2970 2692 3023 spem
2735 2959 3073 3025 pmniteutim
3104 2964 3337 3035 vitatque
3384 2970 3479 3023 ha-

1903 3038 2119 3094 bentem
2147 3058 2159 3094 :
2203 3042 2455 3115 intelligit
2481 3056 2662 3100 autem
2689 3048 2774 3101 vel
2798 3048 2865 3103 de
2898 3049 3084 3118 Israel,
3110 3056 3195 3109 vel
3226 3056 3291 3110 de
3339 3075 3479 3129 quo»

1902 3131 1985 3184 vis
2012 3131 2116 3185 alio
2142 3135 2234 3203 qui
2263 3135 2489 3189 salutem
2514 3140 2777 3208 consequi
2808 3142 2997 3209 possit.

1979 3221 2036 3274 V.
2062 3224 2093 3277 3
2128 3243 2145 3274 ‹
2191 3224 2451 3280 Dominus
2485 3227 2552 3282 de
2582 3229 2758 3301 longe.
2787 3249 2804 3284 ι
2850 3232 2955 3298 Qui
2991 3252 3140 3292 nunc
3184 3240 3341 3311 longe
3372 3257 3479 3311 est,

1905 3311 2122 3366 tandem
2160 3316 2440 3385 apparebit
2464 3316 2561 3371 illi.

1980 3421 1998 3455 ι
2032 3405 2225 3460 Adhuc
2251 3423 2493 3464 assumes
2544 3419 2879 3482 tympanum.
2922 3436 2940 3485 ξ
2986 3418 3112 3476 Post
3162 3425 3475 3482 sensibilcm

1901 3490 2197 3551 Jerusalem
2228 3499 2462 3571 intelligo
2493 3501 2813 3559 Eeclesiam.

1979 3585 2041 3641 V.
2069 3586 2121 3641 6.
2159 3608 2177 3639 ι
2200 3588 2336 3655 Quia
2366 3600 2449 3646 est
2470 3593 2605 3648 dics.
2644 3614 2662 3646 ι
2702 3595 2816 3652 Hoc
2865 3601 3075 3673 signum
3101 3617 3183 3661 est
3209 3608 3473 3666 inhabita-

1903 3679 2084 3733 tionis.
2115 3680 2405 3748 Quoniam,
2432 3684 2631 3754 inquit,
2676 3688 2818 3744 Deus
2849 3691 2998 3748 dedit
3042 3706 3254 3768 tempus
3302 3705 3477 3771 paeni-

1903 3772 2104 3837 tentia},
2138 3788 2268 3843 quo,
2296 3775 2339 3831 si
2366 3792 2465 3846 pro
2488 3780 2641 3834 vobis
2691 3786 3099 3855 responderitis,
3129 3793 3195 3847 ad
3246 3794 3472 3852 salutem

1899 3865 2248 3921 vocabimini.

1974 3978 1993 4006 α
2023 3957 2081 4011 1η
2117 3961 2393 4016 montibus
2415 3964 2672 4034 Ephrem.
2705 3988 2722 4019 ι
2756 3968 2893 4025 Eum
2911 3974 3001 4041 qui
3033 3978 3333 4033 secundum
3356 3998 3475 4052 gra-

1898 4051 2026 4106 tiam
2051 4063 2156 4117 est,
2185 4056 2278 4110 ait.
2305 4056 2465 4113 Varia
2492 4076 2657 4130 porro
2677 4074 2761 4119 est
2781 4064 2834 4119 in
2865 4065 3143 4139 Scriptura
3178 4074 3341 4143 hujus
3366 4051 3474 4146 po-

1896 4144 2008 4213 puli
2048 4145 2353 4215 appellatio.
2400 4148 2743 4222 Quapropter
2798 4163 2853 4211 et
2904 4155 3164 4227 Ephrem,
3207 4178 3238 4216 a
3290 4144 3476 4224 multis

1896 4237 2149 4293 tribubus
2179 4255 2193 4303 ;
2228 4254 2295 4294 ex
2325 4242 2577 4297 omnibus
2609 4245 2756 4300 enim
2787 4260 2916 4303 sunt
2943 4250 3038 4320 qui
3068 4253 3365 4313 salvantur.

1972 4349 1990 4381 ‹
2018 4328 2233 4401 Surgite
2293 4342 2348 4387 et
2376 4336 2675 4395 ascendite.
2716 4357 2734 4388 υ
2789 4340 3023 4411 Surgite,
3064 4346 3159 4407 ait,
3190 4361 3220 4400 e
3244 4350 3475 4407 terrenis

1895 4419 2329 4490 cogitationibus,
2359 4432 2411 4478 et
2438 4426 2715 4482 ascendite
2739 4428 2807 4484 ad
2827 4430 3091 4498 caelestia,
3123 4434 3345 4504 spiritus
3366 4437 3475 4493 ele-

213 4520 466 4592 οὐρὰνια,
496 4522 608 4583 τοῖς
641 4524 862 4593 πτεροῖς
898 4525 992 4575 τοῦ
1031 4522 1347 4592 πνεύματος
1374 4523 1785 4593 κουφιζόμενοι.
1823 4544 1866 4598 υ
1895 4510 2002 4565 νδῑί
2030 4511 2149 4570 3‘55-

219 4629 240 4662 ι
295 4611 428 4665 Ἰδοὺ
473 4611 585 4681 ἐγὼ
619 4611 757 4682 ἄγω.
806 4631 825 4663 ι
871 4613 1237 4684 Γαυριάσατε,
1282 4617 1438 4688 φησὶ,
1485 4616 1786 4679 πατοῦντες

210 4704 308 4758 ἐπὶ
344 4703 444 4767 τὰς
484 4704 730 4772 κεφαλὰς
778 4705 888 4758 τῶν
933 4704 1124 4760 ὲθνῶν.
1197 4706 1352 4761 Ἰδοὺ
1403 4708 1514 4779 γὰρ
1554 4708 1787 4763 δέδωκα

207 4793 357 4864 ὑμῖν
397 4793 689 4859 ἐξουσίαν
736 4796 844 4850 τοῦ
906 4797 1117 4849 πατεῖν
1167 4796 1367 4851 ἐπάνω
1427 4799 1623 4868 ὄφεων
1683 4800 1784 4854 καὶ

1964 4601 2029 4657 ν.
2064 4604 2116 4659 8.
2181 4624 2197 4656 ι
2232 4606 2371 4661 Ecce
2401 4622 2500 4680 ego
2528 4609 2755 4665 adduco.
2794 4631 2812 4662 ›
2864 4614 3160 4682 Exsultate,
3206 4617 3302 4685 ait,
3334 4636 3469 4689 gen-

1894 4697 2027 4750 tium
2079 4698 2257 4767 capita
2311 4700 2603 4756 calcantes.
2648 4703 2781 4758 Ecce
2827 4706 2973 4761 enim
3022 4710 3144 4763 dedi
3187 4713 3329 4765 vobis
3371 4731 3467 4782 po-

1894 4797 2131 4843 testatem
2156 4789 2400 4844 calcaudi
2422 4808 2577 4860 super
2602 4806 2865 4864 serpentes
2902 4807 2951 4852 et
2976 4802 3351 4869 scorpiones",
3383 4807 3468 4859 die

205 4886 522 4954 σκορπίων
537 4929 551 4952 ,
581 4879 750 4963 εἶπεν
770 4888 804 4940 ὀ
823 4887 1060 4954 Κύριος.
1075 4887 1213 4951 Τοὺς
1237 4887 1294 4955 ἐξ
1314 4887 1484 4942 ἐθνῶν
1504 4907 1659 4961 φησι,
1689 4892 1786 4945 καὶ

1897 4882 1968 4935 xit
1999 4881 2269 4936 Dominus.
2302 4880 2440 4937 Tum
2472 4900 2570 4939 eos
2602 4885 2733 4942 dicit
2765 4891 2855 4958 qui
2897 4907 2964 4945 ex
2997 4893 3249 4961 gentibus
3302 4907 3465 4963 sunt,

210 4979 344 5041 τοὺς
369 4979 427 5043 ἐξ
463 4977 679 5048 Ἰσραὴλ
712 4962 839 5043 τοὺς
868 4979 949 5042 είς
974 4978 1152 5032 πάντα
1179 4979 1247 5033 τὰ
1281 4979 1409 5049 ἔθνη
1447 4981 1785 5054 διεσπαρμέ-

207 5066 605 5138 νους,ὖστερον
626 5067 683 5121 δὲ
707 5068 804 5121 καὶ
830 5068 1031 5133 αὐτοὺς
1064 5068 1424 5141 τευξομένους
1456 5076 1754 5145 σωτηρίας.

284 5176 303 5209 ι
348 5157 437 5211 Ἐν
463 5157 623 5228 ἑορτῇ
650 5156 850 5211 Φασέκ.
883 5176 902 5210 ι
935 5158 1141 5226 Φασὲκ,
1170 5160 1444 5228 ἀφέσεως
1473 5162 1781 5234 ἑρμηνεύε-

199 5260 316 5299 ται.
350 5245 524 5315 Φησὶν
554 5242 648 5299 οὖν
679 5245 761 5298 δτι
792 5248 850 5299 ὲν
874 5248 941 5317 τῇ
967 5246 1207 5318 Χριστοῦ
1229 5248 1424 5319 ἀφέσει
1460 5251 1571 5306 τῶν
1595 5254 1781 5323 ἁμαρ-

199 5353 271 5406 τη
280 5336 468 5405 μάτων
501 5334 860 5406 σωθήσονται.

281 5445 299 5476 ε
351 5427 440 5481 Ἐν
466 5426 753 5501 κλαυθμῷ.
780 5447 800 5481 ι
828 5429 950 5483 Ὅτι
980 5430 1249 5502 ἁμαρτία,
1276 5430 1559 5503 κλαυθμοῦ
1604 5435 1775 5504 αἰτία,

197 5520 233 5588 ἡ
265 5517 323 5570 δὲ
353 5517 661 5589 ἐπιστροφὴ
697 5519 970 5591 σωτηρίας
993 5521 1089 5575 καὶ
1114 5520 1533 5592 παρακλήσεως.

277 5790 322 5820 "
341 5788 477 5847 Luc.
501 5809 559 5859 ι,
582 5794 667 5849 l9.

1896 4983 2009 5029 tum
2040 4990 2108 5028 ex
2144 4973 2305 5057 Israel
2337 4992 2436 5046 per
2463 4992 2654 5032 omnes
2705 4989 2894 5049 gentes
2944 4983 3240 5054 dispersos,
3276 5000 3464 5059 postea

1902 5080 2032 5119 vero
2072 5054 2299 5119 salutem
2338 5075 2393 5119 et
2427 5065 2574 5135 ipsos
2605 5080 3023 5126 consecuturos.

1966 5174 1983 5206 ι
2030 5155 2085 5208 In
2120 5154 2463 5209 solemnitate
2502 5153 2727 5213 Phasec.
2774 5178 2795 5210 ι
2830 5160 3060 5231 Phasee,
3108 5166 3357 5223 remissio
3386 5169 3464 5225 in-

1890 5256 2235 5317 terpretatur.
2256 5248 2346 5302 Ait
2373 5249 2584 5317 itaque:
2612 5250 2671 5305 t'n
2701 5252 2902 5307 Christi
2927 5257 3247 5313 remissione
3269 5276 3463 5330 pecca-

1890 5351 2068 5395 torum
2096 5342 2469 5397 salvabuntur.

1956 5431 2021 5485 ν.
2082 5432 2135 5488 9.
2206 5451 2223 5483 ‹
2282 5432 2339 5486 1η
2383 5434 2618 5502 ploratu.
2657 5454 2675 5485 θ
2745 5437 2900 5501 Quod
2956 5452 3241 5510 peccatum
3297 5459 3460 5500 causa

1885 5524 2160 5594 ploratus,
2228 5534 2280 5579 at
2334 5529 2621 5583 conversio
2683 5532 2873 5586 salutis
2935 5541 2991 5588 et
3050 5534 3247 5591 laetitiae
3295 5552 3460 5594 causa

1886 5626 1987 5670 CSl.
