4218 6448
226 432 338 493 689

1357 423 1542 480 Plut)
1557 419 1804 477 MEN'J'A
1851 415 1927 474 ΙΝ
1972 416 2215 474 ιιιςιιΕιι
2233 418 2246 473 l
2261 419 2296 472 .‘i
2311 416 2379 472 .\l.

3371 404 3477 463 690

297 557 317 589 ί
367 540 511 599 Ἕως
563 539 692 590 πότε
733 538 1140 608 απτιστρὲοςιειςι
1184 555 1200 587 ι
1237 537 1529 605 Μέμφεται
1559 536 1694 603 αὐτῇ
1727 533 1798 593 ὡς
1828 535 1876 590 Α

1828 535 1876 590 Α
1977 533 2036 585 ν.
2085 533 2172 585 ‘22.
2226 555 2241 582 ι
2299 531 2585 598 Usqueqno
2637 528 3006 580 converteris‘.’
3053 542 3068 572 ι
3107 521 3473 589 lieprchcndit

226 631 564 702 βραδυ-δούσῃ
594 633 670 694 εἰς
700 631 795 699 τὴν
834 632 1103 699 ὑπακοήν.

300 741 318 770 «ι
363 723 483 772 ’Ὁτι
527 721 711 773 έκτισέ
753 738 818 790 με
879 721 1084 791 Κύριος
1150 722 1444 791 σωτηρίαν.
1495 738 1512 765 ι
1574 717 1804 777 Ἀκύλας

224 813 319 864 καὶ
361 812 679 882 Σύμμαχος,
718 812 806 864 ὅτι
856 813 1057 864 ἔκτισε
1102 814 1319 878 Κίιοιος
1370 811 1580 863 καινόν
1624 810 1690 862 ἐν
1731 806 1801 872 τῇ

223 904 461 970 θηλείᾳ,
497 902 860 956 ἐκδεδώκασιν
896 920 909 933 ·
950 903 1136 971 σαφῶς
1167 903 1223 955 δὲ
1255 903 1341 955 διὰ
1375 901 1580 954 τούτων
1627 887 1655 952 ὁ
1685 916 1804 952 και-

225 996 315 1057 νὸς
361 996 672 1067 ἄνθρωπος,
721 997 749 1048 ὁ
782 995 1092 1064 σαρκωθεὶς
1127 995 1319 1062 Λόγος,
1363 995 1391 1045 ὁ
1430 996 1494 1046 ὲκ
1528 991 1802 1061 Παρθένου

226 1089 438 1157 τεχθεὶς
473 1089 954 1159 προκοτηγγέλθή.

304 1199 321 1229 ι
370 1181 458 1232 Ἐν
491 1182 756 1248 σωτηρίᾳ.
798 1198 816 1230 ι
857 1181 956 1232 Διά
984 1179 1245 1250 Χριστοῦ,
1285 1183 1472 1249 φησὶν,
1507 1177 1806 1246 ὲπανήξου-

230 1289 315 1323 σιν
345 1271 622 1342 ἄνθρωποι
660 1274 739 1332 εἰς
763 1272 1118 1342 παράδεισον,
1149 1271 1270 1324 ὅθεν
1295 1274 1579 1338 ἐξέπεσον.
1610 1270 1807 1321 Τοιαύ-

226 1380 327 1430 την
356 1364 474 1416 τινΞι
501 1363 809 1430 δοξολογίαν
855 1365 948 1417 καὶ
971 1367 1027 1420 οἱ,
1046 1365 1233 1425 παῖδες
1255 1361 1580 1431 ἀνέπεμψαν
1610 1359 1702 1412 ἐπὶ
1731 1357 1809 1426 τῷ

229 1454 469 1524 Σωτῆρι,

306 1564 324 1596 ι
365 1547 741 1617 Εὐλογημένος
772 1547 974 1617 Κύριος
1004 1548 1097 1599 έπὶ
1124 1547 1350 1598 δίκαιον.
1399 1565 1416 1596 ι
1461 1543 1677 1613 Ταύτην
1707 1559 1810 1612 φη-

230 1639 286 1688 σὶ
328 1638 426 1707 τὴν
461 1639 738 1709 ὑμνῳδίαν
787 1637 1210 1708 ἀναπέμψουσιν
1238 1638 1286 1688 οἱ
1337 1637 1438 1705 τῆς
1481 1634 1810 1704 Ἐκκλησίας

228 1731 350 1783 λαοὶ
403 1731 518 1801 ἀμα
568 1735 679 1795 τοῖς
737 1731 1116 1793 διδασκάλοις·
1179 1731 1271 1783 καὶ
1324 1729 1404 1791 εἰς
1456 1727 1591 1797 ὕψος
1641 1726 1812 1797 ἀρθή-

231 1839 381 1874 σεται
413 1825 445 1891 ἠ
474 1823 697 1892 τοιαύτη
746 1822 897 1892 φωνὴ
923 1824 981 1874 ὲν
1023 1824 1135 1884 τοῖς
1185 1823 1282 1890 τῆς
1322 1817 1651 1886 Ἐκκλησίας
1684 1833 1806 1867 ποι-

232 1911 429 1979 μνίοις.

309 2021 327 2052 ‹
364 2003 462 2054 Διά
491 2001 648 2054 τοῦτο
686 2001 1014 2072 ἐξηγέρθην.
1063 2020 1080 2048 ι
1129 2000 1251 2050 Ὅτι
1299 1998 1528 2058 πιστῶς,
1563 1995 1748 2066 φησιν,
1781 2001 1807 2048 ὁ

229 2092 518 2162 προφήτης
548 2091 814 2162 ἐδεξάμην
844 2091 903 2143 τὸ
929 2091 1137 2162 ὅραμα,
1160 2088 1248 2142 δτά
1277 2087 1435 2142 τοῦτο
1457 2089 1534 2150 ώς
1567 2087 1809 2155 παρόντα

229 2181 298 2234 τά
323 2182 623 2253 πράγματα
651 2180 986 2253 ἐθεασάμην.

311 2297 330 2330 ι
366 2279 477 2332 Καὶ
507 2281 534 2332 ὁ
563 2279 730 2342 ῦπνος
760 2296 887 2349 μου.
933 2297 952 2331 ι
983 2279 1043 2329 '0
1076 2278 1175 2348 τῆς
1203 2278 1553 2338 ἀναστάσεως
1583 2275 1803 2345 τρόπος.

230 2372 392 2442 Δηλοῖ
419 2371 474 2424 δὲ
503 2372 594 2424 καὶ
624 2373 726 2442 τὴν
758 2373 822 2424 ὲκ
850 2371 951 2441 τῆς
977 2371 1254 2442 ἁμαρτίας
1287 2369 1620 2439 ἐλευθερίαν.
1661 2369 1807 2420 Ἀνα-

230 2463 458 2533 φέρεται
485 2463 542 2516 δὲ
570 2464 664 2516 καὶ
694 2465 772 2526 είς
794 2463 886 2515 τὸν
914 2463 1123 2534 Κύριον
1157 2463 1189 2532 ή
1235 2463 1540 2532 προφητεία
1560 2476 1572 2489 °
1607 2458 1685 2530 τῷ
1717 2459 1805 2512 τὸν

231 2555 463 2609 θάνατον
500 2555 668 2608 ῦπνον
692 2555 1076 2624 ἐργασαμένῳ,
1111 2555 1203 2605 καὶ
1247 2553 1542 2622 θεωροῦντι
1577 2550 1686 2604 τῶν
1715 2567 1804 2602 πι-

231 2642 374 2696 στῶν
403 2645 462 2697 τὸ
485 2644 708 2715 πλῆθος,
738 2646 831 2697 καὶ
863 2645 1107 2717 χαίροντι
1134 2645 1225 2697 ἐπὶ
1258 2643 1336 2712 τῷ
1370 2643 1632 2705 ἑκουσίως
1657 2642 1806 2709 αὐτῷ

235 2738 485 2803 γεγονότι
512 2736 748 2808 Θανάτῳ.

310 2847 327 2879 ι
365 2829 492 2882 Ἰδοὺ
520 2830 722 2901 ἡμέραι
757 2829 1057 2900 έρχονται.ι
1097 2831 1258 2893 Ἴσως
1285 2830 1382 2900 τὴν
1409 2828 1517 2881 τῶν
1543 2829 1805 2898 αἱρέσεων

230 2922 428 2991 φύρσιν
463 2921 599 2990 φησι
621 2959 636 2984 ,
682 2923 776 2974 καὶ
808 2920 918 2974 τῶν
945 2921 1242 2992 κτηνώδεις
1275 2922 1509 2990 τρόπους
1544 2920 1807 2990 αἱρουμέ-

228 3029 358 3064 νων.
376 3010 518 3079 Ἐγὼ
550 3013 649 3080 μὲν
669 3013 779 3081 γὰρ
801 3010 1024 3080 σπερῶ,
1037 3011 1132 3064 τοῦ
1168 3012 1315 3064 σίτου
1341 3010 1802 3078 ἀντιποιούμενος.

228 3105 452 3170 τούτους
473 3107 532 3158 δὲ
561 3109 590 3160 ὁ
619 3106 809 3176 ὲχθρδς
832 3107 1166 3179 ἐπισπείρει.
1188 3105 1346 3160 Κατά
1366 3105 1421 3156 δὲ
1449 3105 1507 3157 τὸ
1533 3104 1631 3174 τῆς
1665 3105 1807 3173 Γρα-

232 3199 337 3266 φῆς
367 3198 584 3292 ἰδίωμα,
606 3198 794 3268 ἐπειδὴ
822 3198 857 3252 ἀ
884 3200 1160 3269 συγχωρεῖ
1180 3197 1311 3259 Θεὸς
1331 3197 1460 3259 τοῦς
1487 3195 1808 3267 ἀνθρώπους
1839 3238 1879 3292 C

232 3289 638 3361 προαιρετ.κῶς
677 3292 886 3356 ποιεῖν,
929 3290 1094 3352 αὐτὸς
1129 3291 1301 3342 ποιεῖν
1338 3289 1579 3356 λέγεται,
1609 3288 1683 3351 ώς
1725 3289 1806 3354 τὸ,

231 3382 578 3450 Παρέδωκεν
603 3382 825 3448 αὐτοὺς
850 3387 936 3448 εὶς
956 3384 1114 3450 πάθη
1136 3382 1395 3451 ἀτιμίας,
1414 3383 1473 3433 οὐ
1494 3381 1637 3435 Θεοῦ
1651 3382 1811 3434 τοῦτο

231 3476 596 3545 ποιήσαντος,
659 3474 777 3530 ἀλλ’
843 3474 1020 3528 αὐτῶν
1085 3473 1245 3526 τοῦτο
1296 3473 1572 3543 ἑλομένων
1599 3491 1613 3503 ·
1670 3472 1812 3525 οὕτω

233 3568 330 3618 καὶ
368 3567 604 3620 ἐνταῦθα
664 3567 840 3620 κεῖται
879 3566 962 3631 τὸ,
1013 3565 1218 3633 Σπερῶ
1261 3564 1499 3635 σπέρμα
1527 3566 1807 3632 κτήνους.

236 3660 358 3710 Ἐτι
389 3658 552 3729 [forL
589 3659 792 3729 Ἐστι]
836 3659 893 3711 δὲ
926 3658 1021 3712 καὶ
1064 3657 1208 3712 οὕτω
1240 3658 1470 3727 νοῆσαι·
1501 3658 1812 3728 ’Ἄνθρωποι

231 3753 371 3803 εἰσιν
414 3752 464 3802 οί
502 3749 802 3820 σοφώτεροι
855 3751 949 3802 καὶ
1001 3749 1346 3820 τελειότεροι,
1379 3751 1428 3802 οἱ
1482 3750 1623 3820 μετά
1651 3751 1811 3818 λόγου

231 3843 326 3894 καὶ
348 3842 601 3908 γνώσεως
619 3842 719 3908 τὴν
742 3841 923 3894 πίστιν
948 3843 1294 3910 κατέχοντες,
1323 3843 1494 3912 κτήνη
1518 3842 1576 3894 δὲ
1602 3844 1649 3894 οί
1678 3842 1815 3912 μετά

231 3934 536 4002 ἁπλότητος
566 3934 660 3985 καὶ
692 3931 1040 4002 ἀπεριέργως
1065 3933 1131 4001 τῇ
1164 3933 1345 3984 πίστει
1380 3931 1814 4002 προσδεδραμη-

232 4023 574 4092 κότες.Ἐγὼ
600 4024 715 4086 οὖν,
746 4024 900 4093 φησὶ,
937 4027 1031 4077 καὶ
1048 4023 1275 4086 τούτους
1325 4023 1611 4086 κάκείνους
1653 4025 1711 4077 έν
1745 4025 1813 4094 τῇ

244 4117 543 4189 Ἐκκλησία
568 4115 981 4185 καταφυτεύσω.

307 4313 326 4345 ι
351 4293 490 4346 Ἀλλ’
507 4291 538 4361 ἢ
555 4293 781 4356 ἕκαστος
801 4293 859 4344 έν
875 4294 941 4362 τῇ
964 4292 1156 4346 ἑαυτοῦ
1178 4292 1422 4363 ἁμαρτίᾳ
1440 4291 1812 4347 ἀποθανεῖται.

237 4405 256 4435 .ι
278 4384 342 4438 'H
366 4385 461 4438 τοῦ
489 4384 657 4453 Ἀδὰμ
685 4383 928 4454 ἁμαρτία
943 4383 1222 4438 διελθοῦσα
1249 4386 1328 4449 εἰς
1350 4384 1410 4437 τδ
1422 4383 1594 4448 ἔθνος,
1618 4384 1711 4436 καὶ
1723 4383 1816 4436 ἐπὶ

227 4480 359 4540 τοὺς
419 4477 494 4549 μὴ
546 4478 996 4547 ἁμαρτήσαντας⁸
1026 4471 1210 4546 ἦλθεν,
1262 4477 1337 4538 ώς
1391 4470 1541 4528 εἶπεν
1587 4477 1616 4528 ὁ
1657 4475 1815 4527 Ἀπό-

1907 625 2072 686 illam,
2098 624 2250 693 quasi
2282 623 2486 676 tardam
2516 622 2579 675 ad
2603 621 2987 674 obcdiendum.

1981 717 2274 780 «Quoniam
2301 714 2504 769 creavit
2526 729 2610 766 me
2629 713 2888 766 Dominus
2908 712 3155 764 salutem.
3173 727 3190 758 ι
3215 708 3400 776 Aquila
3423 719 3477 757 t't‘

1907 802 2260 871 Symmachus
2279 805 2350 856 ila
2388 808 2689 864 verterunt,
2723 802 2844 870 quia
2878 800 3066 853 creavit
3099 798 3349 850 Dominus
3385 811 3477 845 no-

1909 911 2026 946 rum
2056 896 2109 947 in
2142 892 2668 964 femina;manil'estc
2693 900 2874 944 autem
2911 906 3004 957 per
3033 890 3147 942 hinc
3179 901 3350 939 novus
3383 885 3480 936 ho-

1909 1003 2017 1050 lno,
2049 985 2282 1039 Verbum
2314 986 2672 1050 inearnatum,
2704 997 2865 1051 quem
2894 979 3056 1050 Virgo
3086 978 3313 1048 pcpcrit,
3338 993 3476 1044 pra:-

1911 1081 2189 1134 nuntialus
2217 1085 2320 1132 cst.

1984 1191 2002 1222 ι
2045 1173 2100 1225 In
2132 1171 2323 1224 salute.
2370 1188 2386 1219 ι
2423 1168 2526 1221 Per
2553 1167 2847 1230 Christum,
2881 1166 2976 1229 ait,
3008 1169 3347 1217 revertentur
3383 1160 3476 1210 ιιυ-

1910 1263 2086 1317 ntines
2120 1261 2173 1314 in
2213 1258 2556 1329 paradisum,
2601 1256 2741 1310 unde
2769 1254 3108 1308 exciderunt.
3148 1251 3303 1304 llunc
3330 1249 3470 1318 hym-

1911 1368 2042 1406 num
2063 1361 2116 1404 ct
2143 1351 2293 1418 pueri
2320 1347 2580 1401 Salvatori
2615 1340 3086 1400 cccincrunt""".

1986 1531 2163 1584 v.23.
2221 1551 2238 1580 ι
2282 1527 2606 1582 Benedictus
2659 1524 2918 1578 Dominus
2972 1535 3136 1589 super
3178 1517 3403 1586 justum.
3461 1534 3474 1560 ι

1915 1622 2093 1683 llunc,
2124 1619 2219 1684 ait,
2245 1619 2504 1688 hymnum
2521 1623 2718 1669 canent
2740 1612 2996 1668 Ecclesia:
3022 1609 3206 1679 populi
3233 1624 3336 1661 una
3361 1622 3482 1660 eum

1915 1708 2248 1772 doctoribus,
2274 1715 2327 1760 ct
2356 1705 2409 1760 in
2431 1705 2597 1760 altum
2629 1703 2846 1758 tolletur
2873 1700 2986 1755 haec
3021 1713 3120 1752 vox
3147 1697 3210 1750 in.
3233 1694 3482 1749 Ecclesia:

1915 1801 2184 1871 gregibus.

1993 1987 2052 2037 ι’.
2085 1986 2176 2037 9.6.
2210 2004 2226 2033 ι
2267 1982 2391 2034 Ideo
2411 1973 2820 2046 expergefactus
2846 1985 2984 2023 smn.
3027 1987 3043 2017 ι
3077 1967 3365 2032 Quoniam,
3401 1965 3486 2018 in-

1917 2079 2033 2147 quit
2089 2074 2372 2144 prOphcta,
2424 2067 2655 2123 fideliter
2701 2064 2965 2117 visionem
2997 2059 3228 2127 suscepi,
3288 2058 3486 2110 idcirco

1918 2189 2002 2225 res
2042 2170 2113 2224 uti
2150 2173 2442 2236 przesentes
2466 2177 2584 2216 sum
2609 2159 2854 2213 intuitus.

1992 2283 2008 2314 ι
2051 2263 2116 2316 Et
2151 2275 2372 2313 somnus
2419 2269 2592 2309 incus.
2628 2272 2645 2302 ι
2685 2250 2785 2304 llic
2834 2246 3244 2303 resurrectionis
3275 2243 3481 2296 modus.

1915 2355 2094 2411 Innuit
2158 2366 2372 2423 quoque
2443 2345 2815 2401 liberationem
2865 2355 2893 2394 a
2945 2339 3196 2409 peccatis.
3236 2336 3485 2390 Refertur

1912 2450 2073 2505 etiam
2131 2445 2198 2500 ad
2247 2443 2533 2497 Dominum
2579 2439 2682 2493 hoc
2719 2433 3065 2496 vaticinium;
3112 2431 3203 2500 qui
3258 2439 3483 2483 mortem

1913 2540 2141 2596 mutavit
2186 2539 2239 2591 in
2296 2549 2568 2589 somnum.
2647 2529 2907 2597 Videtque
2963 2524 3199 2578 fidelium
3241 2524 3483 2577 multitu

1913 2639 2116 2698 dinem,
2162 2643 2216 2689 et
2259 2630 2453 2702 gaudet
2481 2626 2624 2697 quod
2667 2631 2894 2679 mortem
2943 2628 3134 2689 sponte
3164 2617 3412 2672 subierit.

1987 2825 2043 2876 V.
2088 2822 2174 2874 27.
2233 2839 2249 2868 ι
2294 2817 2431 2870 Ecce
2469 2815 2587 2869 dies
2629 2810 2873 2864 veniunt.
2923 2825 2935 2856 ι
2982 2805 3233 2859 Fortasse
3289 2804 3480 2853 llltlllfatl

1917 2918 2192 2967 lucreseon
2249 2908 2647 2968 confusionem,
2678 2914 2974 2968 eorumque
2995 2897 3086 2966 qui
3117 2896 3486 2965 jlnuentormn

1915 3008 2159 3061 moribus
2211 3011 2450 3057 utuntur.
2501 2999 2613 3070 Ego
2651 2997 2797 3050 enim
2835 2992 3122 3054 scminabo,
3161 2989 3488 3043 frumentum

1920 3104 2199 3174 percipere
2247 3099 2512 3169 cogitans,
2563 3097 2663 3148 hos
2694 3107 2822 3146 vero
2861 3089 3112 3143 inimicus
3157 3085 3489 3152 superscnii-

1917 3197 2088 3248 nat".
2121 3194 2288 3246 Porro
2316 3188 2610 3244 secundum
2631 3185 2935 3238 divinarum
2962 3180 3284 3233 Litterarum
3303 3178 3455 3229 dicen
3473 3208 3484 3212 —

1913 3280 1966 3333 di
1994 3280 2233 3342 modum,
2272 3275 2526 3347 quoniam
2569 3288 2687 3342 qua:
2717 3269 2858 3324 Dens
2887 3269 3150 3340 permittit
3176 3268 3243 3322 ab
3273 3267 3489 3319 homine

1917 3373 2029 3426 fieri
2083 3372 2249 3424 libera
2301 3368 2597 3430 voluntate,
2664 3363 2780 3432 ipse
2835 3376 2994 3431 agere
3052 3360 3284 3420 dicitur;
3333 3359 3454 3425 (ιε-..τ

1917 3464 2044 3519 illud
2117 3470 2242 3518 est:
2290 3460 2524 3513 Tradidit
2591 3473 2675 3510 eos
2728 3457 2781 3507 in
2834 3455 3102 3523 passiones
3169 3452 3488 3521 infamiw’“,

1918 3573 2023 3609 non
2058 3554 2198 3622 quod
2245 3553 2388 3604 Deus
2415 3549 2468 3603 id
2501 3547 2709 3607 fecerit,
2754 3545 2846 3598 sed
2878 3543 2951 3596 illi
2987 3542 3037 3595 id
3072 3539 3351 3610 elegerint.
3402 3538 3489 3592 Sil-

1915 3658 1970 3701 et
2036 3647 2137 3698 hoc
2185 3644 2238 3696 in
2294 3642 2415 3695 loco
2476 3639 2675 3693 dicitur
2724 3654 2737 3689 :
2804 3633 3082 3688 Seminabo
3160 3649 3332 3686 semen
3418 3633 3489 3688 iu-

1917 3739 2096 3792 menti.
2145 3735 2440 3788 Possumus
2479 3747 2606 3784 vero
2664 3729 2827 3783 etiam
2861 3727 2938 3780 sic
2987 3725 3324 3792 intelligere:
3384 3722 3488 3774 llo-

1917 3830 2092 3884 ntines
2118 3837 2241 3882 sunt
2283 3824 2640 3894 sapientiores
2683 3819 3167 3891 perfectioresque,
3202 3817 3291 3884 qui
3327 3817 3489 3867 ratio-

1917 3937 1987 3975 ne
2008 3933 2063 3973 et
2089 3918 2277 3972 notitia
2312 3916 2469 3970 fidem
2521 3920 2741 3976 tenent;
2773 3911 3019 3981 iumenta
3047 3923 3196 3970 vero,
3241 3908 3330 3959 oni
3365 3923 3486 3960 cum

1917 4011 2261 4081 simplicitate
2305 4018 2361 4062 et
2400 4008 2519 4061 sine
2566 4003 2879 4060 curiositate
2927 4002 3088 4055 fidem
3131 4010 3259 4053 sunt
3286 4000 3490 4067 ample-

1919 4105 2050 4159 xati.
2085 4103 2199 4172 Ego
2240 4102 2452 4169 itaque,
2505 4098 2614 4162 ait,
2650 4104 2706 4152 et
2739 4095 2838 4151 hos
2875 4105 2930 4150 ct
2971 4095 3092 4148 illos
3144 4093 3197 4146 in
3249 4091 3487 4145 Ecclesia

1917 4196 2191 4267 plantabo.

1989 4288 2054 4341 V.
2091 4287 2177 4342 '50.
2219 4306 2236 4334 ι
2277 4285 2384 4339 Sed
2424 4281 2798 4352 unusquisque
2845 4280 2898 4334 in
2935 4278 3218 4347 iniquitate
3250 4293 3344 4333 sua
3377 4297 3486 4331 lin--

1919 4383 2106 4436 rietur.
2139 4400 2156 4431 ι
2190 4379 2478 4433 Peccatum
2507 4375 2675 4430 Adam
2704 4373 2976 4428 transiens
3005 4373 3061 4427 in
3085 4387 3276 4445 genus,
3302 4388 3492 4441 pervc—

1921 4475 2002 4529 nit
2029 4473 2192 4528 ctiam
2219 4471 2287 4525 ad
2314 4484 2410 4523 eos
2445 4467 2539 4538 qui
2575 4482 2685 4520 non
2719 4474 3102 4536 peccaverant,
3133 4465 3491 4534 quemadmo-

231 4569 438 4632 στολος.
468 4568 706 4638 Χριστοῦ
743 4563 838 4622 οὖν
874 4568 1328 4637 συγχωρήσαντος
1356 4566 1560 4637 ταύτην
1601 4568 1690 4620 διά
1711 4567 1806 4619 τοῦ
1847 4565 1884 4616 D

1847 4565 2042 4620 Ddum
2089 4564 2229 4619 dixit
2269 4560 2562 4632 Apostolus
2582 4559 2647 4612 ²⁷.
2706 4558 2815 4612 Sed
2867 4572 2991 4610 cum
3057 4555 3310 4610 Christus
3362 4556 3488 4608 illud

231 4661 465 4732 λουτροῦ
484 4661 584 4729 τῆς
603 4660 872 4729 ἀφέσεως,
890 4659 1227 4730 ἐκαθαρίσθη
1257 4661 1356 4729 μὲν
1381 4662 1414 4730 ή
1430 4663 1808 4732 προπατορικὴ

229 4752 499 4822 ἁμαρτία,
528 4751 754 4814 ἕκαστος
776 4752 831 4806 δὲ
856 4753 964 4806 τῶν
990 4752 1206 4805 οἰκείων
1231 4751 1653 4824 ἁμαρτημάτων
1701 4753 1807 4805 ὑπ-

228 4844 349 4912 έχει
386 4843 560 4910 λόγον.

309 4953 328 4985 ι
371 4933 480 4986 Καὶ
510 4933 835 5004 διαθήσομαι
881 4935 960 5005 τῷ
993 4937 1124 5004 nixu)
1156 4934 1393 5005 Ἰσραήλ.
1447 4954 1465 4985 ι
1503 4935 1800 5006 Διαθήκήν,

226 5025 329 5094 τὴν
355 5023 740 5094 εὖαγγελικήν.
757 5024 982 5086 Τούτοις
1002 5025 1057 5078 δὲ
1078 5028 1349 5096 ἐχρήσατο
1379 5027 1471 5079 καὶ
1501 5027 1802 5081 ὁἉπόστο-

225 5118 322 5178 λος
350 5116 432 5174 είς
453 5115 733 5181 ἀπόδειξιν
752 5119 848 5168 τοῦ
887 5113 1013 5187 [μὴ]
1041 5117 1400 5186 ἐκϐεϐλῆσθαι
1440 5118 1540 5188 τὴν
1576 5121 1805 5190 νομικὴν

227 5207 505 5278 λατρείαν.

311 5318 330 5348 α
357 5299 539 5362 Διδοῦς
557 5298 731 5354 δώσω.
769 5318 787 5351 ι
831 5299 944 5363 Τάς
975 5298 1064 5353 διὰ
1083 5298 1176 5353 τοῦ
1207 5300 1518 5369 πνεύματος
1549 5303 1800 5372 ὑπομνή-

229 5407 371 5452 σεις.

305 5499 330 5532 α
379 5480 505 5532 Ἐάν
538 5478 746 5550 ῦψωθῇ.
782 5499 800 5532 ι
845 5481 932 5544 Ὠς
962 5483 1263 5552 ἀμήχανον,
1314 5483 1500 5551 φησιν,
1548 5483 1804 5551 ἀνωτέρω

226 5570 322 5624 τὸν
342 5571 569 5639 ούρανδν
597 5571 857 5637 ἀνελθεῖν,
881 5571 914 5642 ἢ
937 5573 1035 5642 τὴν
1053 5575 1156 5642 γῆν
1175 5573 1469 5642 κατωτέρω
1498 5573 1799 5627 κατελθεῖν·

226 5655 402 5722 οὕτως
429 5659 709 5729 ἀμήχανόν
743 5678 808 5730 με
831 5661 1232 5731 ἀποδοκιμάσαι
1265 5663 1352 5715 τὸν
1389 5662 1621 5732 Ἰσραήλ·
1643 5663 1803 5731 Ἀμε-

306 5836 421 5866 ²²·²”
454 5833 639 5890 Matth.
663 5853 770 5904 xu,
802 5842 854 5891 ‘J.
936 5841 978 5869 ”
1012 5837 1198 5892 Matth.
1242 5856 1354 5904 sm,
1391 5842 1471 5894 2’,»

1557 5843 1598 5872 ²ε³
1624 5840 1774 5895 Ιίυιιι.
1812 5839 1958 5906 ι,2(ῖ.
2038 5841 2079 5871 ³⁷
2123 5841 2276 5894 Rotn.
2315 5858 2363 5903 ι’,
2395 5840 2476 5891 li.

1915 4653 2188 4710 remiserit
2237 4666 2332 4722 per
2365 4652 2637 4704 lavacrum
2671 4646 3033 4711 remissionis,
3083 4645 3320 4699 deletum
3368 4645 3490 4712 qni-

1916 4750 2038 4803 dem
2061 4755 2144 4802 est
2169 4753 2451 4816 peccatum
2481 4741 2761 4812 originale,
2797 4738 3169 4807 unusquisque
3216 4753 3344 4791 vero
3366 4753 3491 4792 suo--

1850 4857 1852 4862 '
1916 4857 2034 4894 rum
2057 4847 2399 4907 peccatorum
2434 4833 2623 4887 reddet
2651 4832 2936 4885 rationem.

1987 4931 2051 4985 ν.
2114 4932 2202 4984 51.
2261 4949 2278 4980 ι
2344 4928 2635 4998 Disponam
2693 4926 2877 4980 domui
2955 4923 3141 4977 Israel.
3204 4939 3221 4970 ι
3293 4920 3492 4974 Fonlns

1914 5034 2137 5080 novum,
2173 5017 2546 5086 evangelicum
2576 5013 2801 5068 scilicet.
2835 5011 2929 5065 llis
2969 5026 3100 5064 vero
3141 5009 3306 5062 etiam
3341 5009 3488 5076 Apo—

1913 5110 2142 5163 stolus"
2175 5116 2259 5162 est
2299 5122 2448 5170 usus,
2485 5115 2544 5158 ut
2573 5105 2796 5173 legalem
2837 5103 3042 5156 cultum
3087 5102 3196 5165 iam
3227 5100 3488 5167 reiectum

1912 5201 2242 5257 ostenderet.

1986 5292 2046 5346 γ.
2079 5293 2166 5347 55.
2203 5311 2220 5343 ι
2260 5291 2401 5344 Dans
2431 5289 2589 5344 dabo.
2644 5310 2658 5337 ι
2711 5287 2993 5341 Doctrinas
3032 5301 3152 5354 qua:
3191 5298 3286 5352 per
3330 5283 3486 5350 spiri-

1911 5398 2024 5440 tum
2065 5387 2276 5440 tradita:
2302 5393 2446 5439 sunt.

1982 5479 2044 5533 V.
2085 5481 2172 5533 54.
2211 5496 2229 5528 ι
2264 5477 2318 5531 Si
2351 5476 2618 5531 elevaluln
2668 5474 2846 5528 fuerit.
2882 5494 2898 5524 ι
2935 5471 3106 5532 Sicut,
3140 5469 3334 5538 inquit,
3377 5467 3485 5519 limi

1911 5586 2019 5624 non
2065 5579 2244 5639 potest
2294 5577 2353 5621 ut
2394 5567 2591 5622 ewlum
2643 5581 2894 5633 superans
2933 5562 3160 5625 elevari,
3196 5572 3290 5613 aut
3339 5569 3482 5610 terra

1914 5671 2100 5731 petere
2132 5661 2388 5714 inferiora
2426 5659 2630 5729 p05sit;
2685 5657 2760 5710 sic
2794 5656 2907 5709 fieri
2938 5655 3123 5722 iwquil
3158 5663 3213 5705 ul
3243 5650 3484 5720 rejiciam

2549 5838 2587 5867 ²¹¹
2631 5837 2792 5890 Ilcbr.
2833 5851 2942 5896 \ltt,
2972 5838 3023 5887 8.
