4218 6448
241 400 347 464 693

1368 393 1828 454 FRAGMENTA
1869 393 1948 453 ΙΝ
1980 394 2399 457 JEREMIAM.

3394 394 3499 462 694

320 534 339 567 ι
380 512 493 570 Καὶ
530 511 801 584 εστρεψαν
830 512 966 584 πρός
1003 527 1071 582 με
1112 510 1301 563 νῶτον.
1339 529 1357 561 ι
1404 509 1575 562 Τοῦτο
1615 509 1815 578 δεῖγμα
1845 513 1892 568 Λ

1845 513 1892 568 Α
1993 510 2051 563 ν.
2090 511 2178 566 55.
2220 528 2239 562 ι
2276 510 2343 565 Et
2385 519 2665 567 verterunt
2704 514 2771 570 ad
2815 526 2901 570 me
2935 526 3106 590 terga.
3143 536 3163 571 ι
3221 518 3333 574 lloc
3371 534 3488 590 pcr-

242 608 451 669 τελείας
484 606 696 677 ὕϐρεως
724 605 821 658 καὶ
842 604 1329 674 καταφρονήσεως.

318 720 339 750 ι
397 700 509 753 Kal
561 696 777 762 ἐδίδαξα
814 695 1028 760 αὐτούς.
1071 713 1092 747 ι
1122 697 1271 749 ’Δντὶ
1302 694 1425 760 τοῦ,
1459 696 1598 750 κατὰ
1639 698 1829 757 πᾶσαν⁸

246 790 503 859 σπουδήν.

320 901 338 932 ι
382 882 450 934 Ἀ
487 881 548 935 οὐ
581 880 846 948 συνέταξα
873 880 1076 945 αὐτοῖς.
1134 899 1152 932 ι
1193 882 1393 947 Ἔστω,
1439 881 1623 951 φησίν.
1665 880 1822 950 Ἐμοὶ

244 973 343 1037 τὰς
363 972 556 1037 θυσίας
588 973 921 1045 προσφέρειν
950 973 1289 1042 ὀφείλοντες,
1322 973 1543 1042 δαίμοσι
1577 973 1821 1044 προσφέο

247 1082 402 1134 ρουσι
428 1079 442 1093 °
482 1065 626 1118 διατί
660 1067 757 1120 καὶ
801 1066 1283 1137 ἀνθρωποκτονίας
1325 1066 1694 1138 ὲργάζονταις
1726 1067 1819 1119 ἀν-

246 1156 502 1226 θρώπους
540 1156 597 1209 δὲ
638 1156 760 1209 οὐδὲ
790 1157 1017 1228 ἐμαυτῷ
1058 1157 1285 1212 θύεσθαι
1311 1161 1457 1212 ὅσιον
1481 1158 1694 1229 ἔκρινα.
1732 1160 1820 1222 Ὠς

242 1250 343 1301 οὒκ
367 1248 697 1318 ἀρκούμενοι
713 1249 915 1314 τοίνυν,
960 1251 1115 1321 φησι,
1146 1254 1256 1314 τοῖς
1275 1251 1539 1323 πρότερον
1567 1252 1819 1322 ἁμαρτή-

247 1346 401 1408 μασι,
434 1339 529 1393 καὶ
557 1338 717 1395 τοῦτο
750 1341 1046 1414 ὲπεξεῦρον
1072 1346 1132 1397 τὸ
1160 1345 1440 1416 ἁτόπημα.

318 1450 339 1483 ε
372 1432 507 1487 Ἰδοὺ
561 1433 670 1501 ἐγὼ
726 1436 942 1504 συνάγω
1020 1438 1238 1502 αὐτούς,
1289 1458 1307 1491 ι
1388 1439 1820 1508 Ἐπαγγέλλεται

242 1524 375 1587 Θεὸς
422 1526 717 1594 ἐπανάγειν
779 1528 844 1581 ἐκ
908 1529 1008 1599 τῆς
1058 1530 1440 1599 αἰχμαλωσίας
1488 1534 1615 1594 τοὺς
1667 1534 1819 1596 υἱοὺς

244 1614 461 1685 Ἰσραήλ
484 1631 498 1644 ·
530 1616 666 1686 ὁμοῦ
692 1618 748 1671 δὲ
794 1619 886 1671 καὶ
917 1612 1187 1690 προλέγει
1209 1623 1311 1693 τὴν
1339 1624 1578 1695 Χριστοῦ
1612 1641 1819 1696 παρου-

245 1705 385 1769 σίαν,
418 1707 515 1760 καὶ
533 1708 631 1779 τὴν
653 1709 749 1762 τοῦ
786 1711 1104 1781 Πνεῦματος
1142 1713 1324 1785 χάριν.

323 1817 339 1848 ι
377 1799 488 1851 Kal
528 1798 744 1854 ἔσονταί
797 1818 886 1871 μοι
917 1804 999 1867 είς
1028 1804 1176 1863 λαόν.
1214 1825 1232 1857 ι
1282 1805 1455 1860 Τοῦτο
1484 1807 1663 1862 κοινὸν
1689 1808 1819 1879 περὶ

243 1888 467 1941 πάντων
494 1889 721 1943 πιστῶν.

321 1996 343 2031 ι
381 1980 489 2033 Καὶ
517 1979 673 2034 δώσω
692 1982 874 2046 αὐτοῖς
897 1983 1014 2039 ὁδὸν
1044 1986 1258 2054 ἑτέραν.
1299 2004 1319 2039 ι
1347 1986 1457 2057 Τὴν
1482 1986 1683 2058 Κυρίου
1718 2002 1822 2041 πα-

245 2070 492 2140 ρουσίαν.
528 2072 701 2137 Αὐτὸς
731 2073 841 2145 γάρ
871 2075 1023 2129 ἔστιν
1051 2078 1084 2148 ἡ
1116 2077 1255 2141 ὁδός.

322 2180 342 2214 ι
383 2164 495 2219 Καὶ
526 2164 758 2235 καρδίαν
787 2165 1001 2239 ἑτέραν.
1042 2186 1061 2219 ι
1095 2169 1210 2240 Τὴν
1234 2166 1333 2221 τοῦ
1361 2167 1677 2238 Πνεύματος
1718 2168 1819 2238 χά-

246 2273 354 2327 ριν.
375 2256 545 2310 Πάλιν
567 2258 737 2331 φησὶν
757 2259 893 2329 πρὸς
915 2259 1081 2313 αὐτόν
1100 2274 1114 2288 ⁸
1148 2259 1343 2331 ἐπειδὴ
1372 2260 1661 2323 δύσπιστος
1678 2260 1705 2313 ὀ
1730 2260 1819 2313 λό-

245 2364 346 2415 γος
367 2342 457 2419 ἦν.

320 2458 339 2490 ι
377 2440 486 2493 Kal
506 2439 853 2512 διαθήσομαι.
888 2460 906 2493 ι
933 2441 1043 2513 Τὴν
1068 2444 1196 2515 περὶ
1223 2444 1324 2514 τῆς
1357 2444 1421 2497 ἐκ
1452 2443 1663 2516 νεκρῶν
1691 2446 1820 2499 ἅνα-

245 2530 513 2594 στάσεως.
541 2531 701 2595 Ἦτις
733 2532 833 2585 οὐκ
860 2533 1252 2605 ἀλλαγήσεται.

846 2624 1101 2680 ΚΕΦΔᾹ.
1132 2627 1256 2680 ΛΡ.

323 2734 343 2765 ι
379 2712 564 2780 Οῦτως
599 2712 720 2770 εἶπε
748 2718 954 2789 Κύριος
1006 2718 1175 2773 ποιῶν
1220 2720 1344 2792 γῆν.
1387 2740 1404 2772 ι
1450 2722 1607 2777 Κατὰ
1632 2725 1733 2792 τὴν
1762 2722 1820 2788 ἐξ

244 2808 425 2881 ἀρχῆς
446 2810 831 2881 δημιουργίαν,
859 2811 967 2865 ἀπὸ
991 2813 1093 2879 γῆς
1120 2812 1292 2868 ποιῶν
1318 2814 1410 2868 τὸν
1439 2814 1745 2885 ἄνθρωπον.

322 3008 343 3042 ι
380 2989 490 3043 Kal
520 2990 777 3045 πλάσσων
805 2991 995 3062 αὐτήν.
1022 2993 1411 3050 ’Δναπλάσσων
1441 2998 1530 3052 διὰ
1567 3000 1663 3054 τοῦ
1696 3002 1820 3055 λου-

243 3076 381 3147 τροῦ
418 3078 521 3149 τῆς
546 3080 990 3149 παλιγγενεσίας.

1924 602 2077 655 [θείω
2106 604 2319 673 signum
2350 602 2563 674 injuriae
2588 615 2643 659 et
2662 614 3008 678 contemptus
3040 619 3144 665 est.

2001 713 2017 744 ι
2063 693 2130 747 Et
2158 695 2317 750 docui
2345 696 2585 751 diluculo
2606 710 2722 752 eos.
2769 716 2787 748 ι
2832 698 2890 753 ld
2921 710 3005 755 est
3030 700 3177 755 omni
3220 698 3423 755 studio.

1990 876 2053 932 V.
2088 877 2175 932 '55.
2219 898 2235 929 ι
2272 878 2403 944 Qua:
2443 894 2549 932 non
2594 880 2823 949 praecepi
2853 879 2952 935 eis.
2992 900 3008 929 ι
3049 879 3199 942 Esto,
3233 880 3327 933 ait.
3358 879 3494 934 Cum

1920 971 2051 1026 mihi
2096 971 2358 1027 sacriﬁcia
2410 973 2609 1027 oll‘erre
2652 974 2935 1039 deberent,
2984 973 3327 1030 daemonibus
3362 975 3496 1027 olfe-

1921 1072 2080 1129 nmt;
2111 1079 2210 1117 cur
2237 1073 2292 1118 et
2321 1067 2611 1120 homicidia
2646 1068 2901 1136 patrant?
2940 1069 3190 1122 homines
3222 1082 3349 1122 vero
3381 1083 3495 1120 ma-

1919 1153 2053 1206 ctari
2110 1169 2211 1207 nec
2259 1154 2390 1209 mihi
2422 1157 2638 1224 quidem
2670 1158 2820 1227 pium
2858 1156 3007 1212 duxi.
3051 1158 3329 1226 Tanquam
3368 1174 3495 1227 ergo

1919 1263 2026 1302 non
2054 1250 2291 1304 contenti
2323 1250 2513 1321 primis
2547 1252 3007 1322 improbitatihus,
3041 1256 3144 1309 hoc
3169 1254 3332 1309 etiam
3361 1255 3493 1308 faci-

1919 1355 2023 1394 nus
2048 1340 2471 1397 adinvenerunt.

1989 1431 2053 1487 V.
2094 1434 2182 1489 57.
2222 1454 2239 1486 ι
2292 1434 2428 1490 Ecce
2476 1452 2574 1509 ego
2618 1438 2962 1510 congregabo
3008 1453 3122 1491 eos.
3168 1455 3187 1489 ι
3221 1435 3497 1490 Promittit

1920 1523 2063 1578 Deus
2087 1540 2146 1579 se
2170 1527 2517 1581 reducturum
2541 1543 2570 1581 a
2595 1529 2907 1598 captivitate
2934 1527 3073 1583 filios
3106 1528 3269 1582 Israel
3294 1546 3305 1580 :
3334 1526 3495 1581 simul

1918 1626 2100 1671 autem
2138 1617 2389 1687 praedicit
2431 1626 2487 1674 et
2513 1618 2718 1675 Christi
2769 1620 3087 1685 adventum,
3151 1628 3209 1675 et
3264 1618 3497 1687 Spiritus

1917 1709 2092 1764 sancti
2124 1708 2372 1779 gratiam.

1989 1800 2054 1856 γ.
2085 1803 2173 1858 58.
2215 1820 2235 1854 ι
2274 1803 2342 1857 Et
2372 1810 2536 1858 erunt
2564 1804 2772 1859 mihiin
2808 1805 3091 1876 populum.
3134 1823 3153 1858 ι
3196 1805 3496 1861 Commune

1922 1894 2026 1948 hoc
2055 1901 2140 1946 est
2166 1894 2421 1949 omnibus
2451 1894 2719 1950 ﬁdelibus.

1990 1984 2055 2040 ν.
2090 1986 2177 2041 '59.
2225 2002 2245 2035 ι
2284 1986 2352 2041 Et
2379 1984 2520 2042 dabo
2544 1987 2625 2042 eis
2650 1987 2791 2042 viam
2825 1986 3007 2043 aliam.
3048 2004 3069 2038 ›
3107 1985 3323 2042 Domini
3356 2005 3495 2060 pra-

1923 2075 2182 2144 sentiam;
2214 2077 2331 2147 ipse
2372 2077 2518 2131 enim
2547 2085 2630 2133 est
2649 2077 2754 2132 via.

1997 2189 2015 2222 ι
2050 2168 2117 2223 Et
2139 2185 2234 2224 eor
2256 2170 2423 2224 aliud.
2461 2189 2481 2221 ι
2532 2168 2768 2239 Spiritus
2802 2168 2975 2225 sancti
3017 2169 3263 2240 gratiam.
3298 2170 3493 2225 lterum

1922 2262 2038 2317 haec
2064 2260 2197 2317 dicit
2221 2262 2288 2317 ad
2320 2261 2529 2333 ipsum;
2556 2259 2787 2317 diﬂlcilis
2815 2260 3014 2331 quippe
3044 2262 3254 2317 credita
3279 2262 3499 2319 videba-

1922 2363 2008 2408 llll'
2037 2369 2235 2409 sermo.

1991 2444 2057 2499 ν.
2084 2445 2175 2501 ιθ.
2205 2462 2225 2496 ι
2259 2444 2327 2503 Ει
2350 2444 2656 2514 disponam.
2693 2462 2713 2495 ι
2762 2442 2839 2498 De
2864 2444 3271 2501 resurrectione
3298 2460 3328 2499 e
3350 2461 3496 2503 mor-

1920 2530 2048 2587 tuis.
2081 2529 2237 2597 Quod
2278 2546 2388 2586 non
2417 2530 2861 2588 commutabitur.

2482 2622 2639 2679 CAP.
2695 2622 2932 2679 XXXIII.

1991 2715 2057 2770 V.
2086 2715 2141 2771 2.
2171 2734 2192 2769 ι
2230 2714 2321 2771 Sic
2358 2715 2493 2770 dixit
2538 2716 2798 2771 Dominus
2829 2716 3037 2772 faciens
3076 2728 3297 2773 terram.
3342 2738 3362 2772 ι
3396 2720 3499 2776 Se-

1920 2806 2158 2862 cundum
2208 2806 2503 2877 opiﬁcium,
2536 2823 2565 2861 a
2620 2806 2891 2878 principio
2938 2822 2970 2863 e
3009 2818 3153 2864 terra
3220 2810 3499 2867 hominem

1920 2899 2237 2955 eﬂ'ormans.

1996 3006 2014 3038 ι
2056 2988 2124 3041 Ει
2172 2987 2410 3042 formans
2447 2999 2587 3049 eam.
2630 3009 2648 3039 ι
2700 2988 2804 3045 Per
2828 2991 3102 3047 lavacrum
3129 2992 3500 3047 renovationis

1922 3079 2243 3135 reformatis.

325 3188 342 3221 ι
383 3168 489 3224 Τοῦ
519 3172 827 3241 ἀνορθῶσαι
853 3175 1076 3246 αὑτήν.»
1112 3178 1209 3232 Διὰ
1236 3178 1329 3232 τοῦ
1352 3181 1533 3251 τιμίου
1563 3184 1815 3253 σταυροῦ,
1847 3192 1889 3250 C

1847 3192 1889 3250 ε
1997 3188 2015 3219 ι
2063 3168 2142 3222 Διί
2181 3167 2491 3239 crigendam
2521 3182 2662 3223 eam.
2713 3188 2731 3219 ι
2768 3169 2869 3224 Per
2902 3186 3121 3226 crucem
3175 3172 3496 3241 pretiosam;

245 3261 435 3330 ἐπειδὴ
470 3260 645 3316 ἔκειτο
671 3263 978 3335 βεϐλημὲνη
1011 3266 1113 3319 ὑπὸ
1153 3268 1249 3337 τῆς
1273 3270 1564 3339 ἁμαρτίας.

324 3370 345 3401 α
377 3351 577 3424 Κύριος
600 3353 821 3424 ὄνομα
857 3355 992 3426 Περὶ
1019 3352 1079 3411 οὗ
1100 3357 1255 3411 εἶπεν
1283 3362 1309 3412 ὁ
1340 3360 1679 3425 ’Δπόστολοςυ
1713 3360 1816 3427 Εἷς

247 3443 464 3511 Κύριος
507 3444 749 3512 Ἰησοῦς
774 3448 1048 3514 Χριστὸς,
1084 3448 1156 3501 δι’
1188 3446 1260 3506 οὗ
1291 3450 1359 3503 τὰ
1392 3453 1608 3508 πάντα.

328 3639 346 3671 ι
421 3620 533 3674 Kal
593 3622 793 3691 κράξον
859 3623 994 3691 πρός
1055 3642 1144 3694 με.
1202 3645 1220 3677 ι
1279 3626 1546 3693 Ἐκτενῶς
1602 3631 1821 3703 δεήθητί

250 3732 378 3785 μου.

325 3822 345 3855 ι
384 3804 494 3855 Kal
513 3802 812 3873 ἀπαγγελῶ
834 3822 933 3858 σοι.
960 3825 979 3857 ι
1013 3806 1091 3859 Τὰ
1112 3806 1201 3861 διὰ
1231 3808 1325 3878 τῆς
1352 3810 1587 3880 Χριστοῦ
1620 3830 1823 3884 παρου-

250 3895 374 3963 σίας
408 3895 770 3965 γεγενημένα.

324 4004 345 4036 ι
376 3983 496 4036 Τῶν
524 3985 945 4056 καθῃρημένων.
973 4006 990 4037 ι
1012 3988 1139 4041 Δέον
1156 3987 1518 4062 ἀκολουθῆσαι
1544 3996 1669 4058 τοὺς
1699 3996 1825 4049 ’ἰου-

249 4076 437 4140 δαίους
481 4076 560 4147 τῷ
590 4074 948 4148 Βαϐυλωνίῳ,
986 4080 1172 4152 ἐπειδὴ
1216 4083 1375 4136 τοῦτο
1419 4088 1592 4157 κρῖμα
1625 4084 1691 4161 ἧν
1731 4090 1824 4143 τοῦ

251 4170 412 4236 Θεοῦ,
434 4168 755 4232 καθελόντες
787 4170 883 4233 τὰς
913 4171 1089 4234 οἰκίας
1117 4174 1318 4240 αὐτῶν,
1359 4178 1611 4249 χάρακας
1640 4182 1826 4254 imm-

254 4278 357 4314 aav
402 4262 498 4314 καὶ
559 4260 927 4333 προμαχῶνας
958 4263 1049 4315 ἐπὶ
1090 4262 1166 4335 τῷ
1210 4268 1481 4337 μάχεσθαι
1530 4275 1643 4337 τοῖς
1678 4275 1826 4327 Χαλ-

250 4352 442 4417 δαίοις.
471 4351 569 4407 Διὰ
604 4352 763 4405 τοῦτο
785 4350 998 4425 θανάτῳ
1025 4356 1505 4423 καταδίκάζονται.

327 4463 350 4497 ι
400 4444 531 4500 Ἰδοὺ
556 4443 666 4513 ἐγὼ
692 4444 898 4512 ἀνάγω.
926 4462 944 4496 ι
979 4446 1136 4502 Μετὰ
1171 4449 1271 4524 τὴν
1311 4455 1569 4526 ἱστορίαν,
1604 4457 1693 4513 διὰ
1727 4461 1826 4529 τῆς

250 4537 490 4611 Χριστοῦ
519 4537 843 4610 παρουσίας.

331 4649 350 4681 ι
388 4631 498 4684 Kal
525 4634 741 4704 ποιήσω
767 4638 1011 4709 είρήνην.
1050 4657 1069 4691 ι
1118 4639 1219 4691 Διά
1258 4638 1359 4709 τὴν
1388 4641 1466 4701 είς
1498 4641 1598 4710 ἐμὲ
1646 4644 1829 4699 πίστιν

248 4720 531 4793 δωροῦμαι
562 4724 747 4790 αὐτοῖς
773 4729 873 4800 τὴν
907 4730 1147 4801 είρήνην.

331 4831 350 4864 ι
384 4814 496 4868 Kal
520 4815 600 4879 είς
633 4818 1050 4891 μεγαλειότητα.
1089 4840 1109 4873 ›
1176 4822 1443 4876 Οὐδέποτε
1469 4826 1576 4896 γὰρ
1602 4825 1828 4897 τοιαύτη

260 4903 621 4978 μεγαλειότης
651 4908 896 4977 γέγονεν,
926 4911 1002 4975 ὡς
1044 4913 1077 4983 ἡ
1106 4911 1195 4966 διὰ
1224 4914 1324 4984 τῆς
1362 4916 1455 4967 τοῦ
1484 4914 1621 4969 Θεοῦ
1653 4917 1829 4986 Λόγου

259 4995 528 5065 ἔνσάρκου
553 4999 878 5068 παρουσίας.

333 5101 355 5134 ι
390 5083 502 5136 Kal
535 5086 960 5158 φοϐηθήσονται.
998 5109 1016 5141 ι
1060 5090 1131 5143 Ἦ
1180 5093 1229 5143 οί
1272 5090 1525 5161 δαίμονες
1579 5094 1671 5147 ἐπὶ
1718 5097 1830 5161 τοῖς

252 5173 569 5244 γενομένοις
594 5177 820 5246 ἀγαθοῖς
849 5182 962 5242 τοῖς
1002 5180 1335 5251 ἀνθρώποις,
1379 5183 1412 5253 ἦ
1463 5184 1556 5237 καὶ
1590 5185 1746 5239 αὐτοὶ
1779 5189 1830 5239 οί

249 5261 317 5317 εὖ
345 5264 669 5336 πάσχοντες,
695 5269 779 5338 ἔφ’
822 5264 905 5333 οἷς
945 5270 1189 5326 τοιοῦτον
1237 5274 1504 5345 πρότερον
1554 5278 1829 5346 ἠγνόησαν

250 5357 552 5427 Δεσπότην.

332 5463 356 5501 ι
395 5448 550 5520 Φωνὴ
608 5451 870 5521 νυμφίου.
920 5470 939 5503 ι
1000 5454 1107 5508 Τοῦ
1136 5453 1237 5523 τῆς
1263 5455 1439 5527 ψυχῆς
1469 5460 1703 5529 νυμφίου
1735 5461 1828 5513 Λό-

252 5559 357 5613 γου
376 5543 648 5613 λέγοντος·
675 5546 853 5602 Δεῦτε
878 5549 1029 5616 πρός
1044 5565 1142 5618 με,
1184 5549 1407 5616 πάντες
1425 5554 1479 5607 οι
1502 5552 1829 5620 κοπιῶντες

252 5632 357 5690 καί
385 5637 845 5706 πεφορτισμένοι
861 5678 876 5704 ,
913 5637 1077 5708 κάγὼ
1103 5639 1437 5697 ἀναπαύσω
1462 5642 1634 5713 ὑμᾶς.

330 5810 377 5844 ⁸⁸
404 5810 573 5870 lCor.
609 5830 729 5883 vnt,
766 5816 820 5874 ϐ.
898 5817 938 5850 ³⁸
970 5818 1158 5875 Matth.
1193 5836 1265 5884 λι,
1286 5819 1377 5876 28.

1919 3260 2131 3329 jacehat
2153 3260 2296 3312 enim
2331 3268 2593 3327 prostrata
2630 3276 2661 3313 a
2696 3270 2941 3330 peccato.

1999 3372 2015 3404 ι
2056 3352 2316 3406 Dominus
2360 3368 2557 3407 nomen
2609 3352 2706 3407 illi.
2752 3371 2771 3404 ι
2822 3354 2899 3409 De
2926 3370 3036 3423 quo
3083 3354 3220 3409 dixit
3271 3356 3501 3423 Aposto—

1926 3448 2048 3500 lus:
2124 3444 2271 3500 Unus
2335 3446 2587 3500 Dominus
2646 3447 2795 3501 Jews
2844 3447 3121 3511 Christus,
3199 3465 3292 3518 per
3351 3465 3502 3519 quem

1925 3540 2099 3592 omnia
2114 3538 2179 3592 ³⁸.

1997 3628 2061 3684 ν.
2091 3632 2145 3685 5.
2184 3650 2201 3682 ι
2240 3632 2303 3683 Et
2353 3630 2523 3686 clama
2578 3632 2643 3684 ad
2706 3644 2811 3684 me.
2852 3648 2869 3681 ι
2928 3629 3248 3684 Vehementi
3302 3630 3502 3685 all‘ectu

1925 3736 2113 3791 preces
2138 3721 2375 3776 ell'unde.

2003 3833 2020 3863 ι
2066 3814 2131 3868 Et
2162 3815 2503 3869 annuntiabo
2548 3815 2662 3868 tibi.
2704 3836 2721 3864 ο
2762 3814 2892 3879 Qua:
2921 3828 3018 3881 per
3052 3811 3255 3867 Christi
3297 3813 3503 3867 adven-

1930 3910 2042 3956 tum
2066 3902 2209 3956 facta
2237 3911 2385 3958 sunt.

1999 3993 2061 4047 γ.
2092 3996 2144 4048 4.
2183 4015 2201 4045 ι
2228 3994 2360 4061 Quae
2382 3994 2657 4049 destructa
2699 4003 2845 4048 sunt.
2887 4011 2904 4044 ι
2957 3993 3092 4046 Cum
3122 3992 3386 4048 deberent
3416 3991 3506 4043 Ju—

1927 4086 2029 4141 daei
2062 4086 2383 4157 Babylonios
2409 4085 2584 4154 sequi,
2638 4084 2937 4140 secundum
2956 4084 3048 4137 Dei
3074 4083 3362 4151 judicium,
3410 4084 3504 4137 de-

1929 4179 2153 4234 structis
2172 4179 2245 4231 illi
2270 4180 2523 4234 domibus
2550 4181 2686 4243 suis,
2724 4180 2862 4233 valla
2891 4188 2946 4233 et
2973 4177 3378 4248 propugnacula
3405 4192 3505 4230 ex-

1929 4280 2242 4326 struxerunt
2256 4270 2319 4323 ad
2340 4271 2690 4341 pugnandum
2707 4272 2967 4328 adversus
2978 4269 3280 4325 Chaldaeos.
3302 4268 3505 4322 Idcirco

1929 4368 2104 4416 morte
2130 4360 2582 4415 condemnamur.

2002 4452 2133 4506 V.6.
2178 4472 2193 4501 ι
2232 4451 2368 4506 Ecce
2386 4467 2485 4521 ego
2514 4452 2746 4506 adduco.
2779 4470 2796 4500 ι
2846 4448 2974 4505 Post
3010 4451 3290 4504 veritatem
3333 4449 3506 4501 histo-

1861 4555 1910 4613 υ
1937 4546 2125 4607 ricam,
2156 4559 2252 4612 per
2279 4543 2480 4597 Christi
2520 4544 2835 4598 adventum.

2008 4655 2025 4686 ι
2068 4636 2136 4689 Ει
2165 4634 2356 4689 laetam
2387 4648 2597 4703 pacem.
2640 4652 2656 4683 ι
2696 4632 2924 4701 PrOptcr
2974 4631 3133 4684 fidem
3164 4632 3214 4682 in
3242 4646 3326 4683 me
3364 4628 3507 4681 ιιυιιυ

1848 4762 1853 4763 ν
1934 4725 2039 4780 illis
2067 4740 2275 4795 pacem.

2004 4817 2069 4872 V.
2108 4820 2162 4873 9.
2202 4837 2217 4867 ι
2251 4817 2316 4870 Et
2348 4818 2401 4870 in
2450 4816 2922 4885 magniﬁcentiam.
2964 4833 2980 4863 ι
3011 4813 3297 4879 Nunquam
3362 4810 3507 4864 enim

1938 4908 2061 4963 talis
2088 4908 2489 4978 magniﬁcentia
2536 4908 2675 4961 facta
2718 4918 2820 4974 est,
2883 4906 3057 4976 qualis
3098 4904 3201 4957 fuit
3252 4916 3349 4971 per
3416 4899 3507 4955 Dei

1934 4997 2099 5054 Verbi
2133 4999 2187 5051 in
2214 5013 2379 5052 carne
2415 4998 2730 5052 adventum.

2006 5110 2024 5141 ι
2060 5090 2127 5144 Et
2157 5090 2445 5145 timebunt.
2476 5110 2493 5141 ι
2521 5092 2617 5145 Vel
2642 5092 2917 5144 daemones
2951 5097 3172 5159 propter
3209 5087 3348 5141 bona
3387 5098 3509 5153 qua:

1930 5179 2243 5236 hominibus
2286 5181 2738 5252 prastabuntur;
2800 5181 2885 5235 vel
2945 5188 2996 5233 et
3039 5177 3140 5246 ipsi
3195 5175 3287 5245 qui
3348 5172 3508 5226 bonis

1928 5272 2251 5338 aﬂlcientur,
2282 5274 2427 5344 quod
2451 5282 2610 5327 antea
2642 5274 2803 5327 talem
2830 5272 3116 5327 Dominum
3167 5270 3501 5339 ignorarent.

2006 5460 2069 5514 γ.
2104 5460 2186 5513 ll.
2228 5478 2247 5507 ‹
2283 5458 2393 5511 Vox
2428 5455 2626 5525 sponsi.
2649 5472 2666 5503 ι
2704 5452 2864 5505 Verbi
2892 5448 3074 5519 sponsi
3106 5448 3299 5501 anim-.1:
3318 5447 3499 5498 dicen-

1938 5553 2046 5606 tis:
2080 5550 2255 5605 Venite
2297 5551 2366 5603 ad
2399 5566 2500 5612 me,
2549 5563 2723 5601 onmes
2763 5548 2853 5615 qui
2902 5543 3155 5597 laboratis
3205 5550 3250 5592 et
3302 5538 3506 5591 onerati

1938 5645 2077 5709 estis,
2107 5654 2154 5697 et
2185 5660 2276 5713 ego
2319 5643 2548 5712 reﬁciam
2584 5657 2668 5694 vos
2703 5639 2766 5693 ³³.
