  <div class='ocr_page' id='page_1' title='image "/cluster/home/n/w/nwhite01/storage/ocr_20150623/93/nnc1.0046980059/350.png"; bbox 0 0 4218 6448; ppageno 0'>
   <div class='ocr_carea' id='block_1_1' title="bbox 321 333 423 397">
    <p class='ocr_par' dir='ltr' id='par_1_1' title="bbox 321 333 423 397">
     <span class='ocr_line' id='line_1_1' title="bbox 321 333 423 397; baseline 0.01 -3"><span class='ocrx_word' id='word_1_1' title='bbox 321 333 423 397; x_wconf 80' lang='grc'><strong>697</strong></span> 
     </span>
    </p>
   </div>
   <div class='ocr_carea' id='block_1_2' title="bbox 1466 328 2509 390">
    <p class='ocr_par' dir='ltr' id='par_1_2' title="bbox 1466 328 2509 390">
     <span class='ocr_line' id='line_1_2' title="bbox 1466 328 2509 390; baseline -0.002 -2"><span class='ocrx_word' id='word_1_2' title='bbox 1466 329 1927 390; x_wconf 70' lang='lat' dir='ltr'><strong>FRAGMENTA</strong></span> <span class='ocrx_word' id='word_1_3' title='bbox 1966 328 2048 388; x_wconf 80' lang='lat' dir='ltr'><strong>IN</strong></span> <span class='ocrx_word' id='word_1_4' title='bbox 2089 328 2509 390; x_wconf 79' lang='lat' dir='ltr'><strong>JEREMIAM.</strong></span> 
     </span>
    </p>
   </div>
   <div class='ocr_carea' id='block_1_3' title="bbox 3475 326 3585 390">
    <p class='ocr_par' dir='ltr' id='par_1_3' title="bbox 3475 326 3585 390">
     <span class='ocr_line' id='line_1_3' title="bbox 3475 326 3585 390; baseline 0.009 -1"><span class='ocrx_word' id='word_1_5' title='bbox 3475 326 3585 390; x_wconf 82' lang='lat'><strong>698</strong></span> 
     </span>
    </p>
   </div>
   <div class='ocr_carea' id='block_1_4' title="bbox 316 439 1886 519">
    <p class='ocr_par' dir='ltr' id='par_1_4' title="bbox 316 443 1886 519">
     <span class='ocr_line' id='line_1_4' title="bbox 316 443 1886 519; baseline -0.004 -16"><span class='ocrx_word' id='word_1_6' title='bbox 316 448 407 504; x_wconf 80' lang='grc' dir='ltr'><strong>διὰ</strong></span> <span class='ocrx_word' id='word_1_7' title='bbox 443 450 542 519; x_wconf 84' lang='grc' dir='ltr'>τῆς</span> <span class='ocrx_word' id='word_1_8' title='bbox 570 448 817 510; x_wconf 73' lang='grc' dir='ltr'><strong>παιδείας</strong></span> <span class='ocrx_word' id='word_1_9' title='bbox 851 444 1300 517; x_wconf 84' lang='grc' dir='ltr'>προσκαλούμενα</span> <span class='ocrx_word' id='word_1_10' title='bbox 1340 444 1539 508; x_wconf 76' lang='grc' dir='ltr'>αὐτοὺς</span> <span class='ocrx_word' id='word_1_11' title='bbox 1579 448 1657 507; x_wconf 81' lang='grc' dir='ltr'><strong>εἰς</strong></span> <span class='ocrx_word' id='word_1_12' title='bbox 1683 443 1886 515; x_wconf 86' lang='grc' dir='ltr'>διόρθω</span> 
     </span>
    </p>
   </div>
   <div class='ocr_carea' id='block_1_5' title="bbox 1988 439 3581 519">
    <p class='ocr_par' dir='ltr' id='par_1_5' title="bbox 2007 439 3581 511">
     <span class='ocr_line' id='line_1_5' title="bbox 2007 439 3581 511; baseline 0 -14"><span class='ocrx_word' id='word_1_13' title='bbox 2007 443 2288 497; x_wconf 76' lang='lat' dir='ltr'><strong>molestias</strong></span> <span class='ocrx_word' id='word_1_14' title='bbox 2327 459 2341 495; x_wconf 91' lang='lat'><strong>:</strong></span> <span class='ocrx_word' id='word_1_15' title='bbox 2399 457 2522 511; x_wconf 70' lang='lat' dir='ltr'><strong>quae</strong></span> <span class='ocrx_word' id='word_1_16' title='bbox 2566 439 2867 497; x_wconf 88' lang='lat' dir='ltr'><strong>erudiendo</strong></span> <span class='ocrx_word' id='word_1_17' title='bbox 2922 455 3020 496; x_wconf 90' lang='lat' dir='ltr'><strong>eos</strong></span> <span class='ocrx_word' id='word_1_18' title='bbox 3071 439 3140 496; x_wconf 92' lang='lat' dir='ltr'><strong>ad</strong></span> <span class='ocrx_word' id='word_1_19' title='bbox 3189 440 3581 497; x_wconf 87' lang='lat' dir='ltr'><strong>correctionem</strong></span> 
     </span>
    </p>
   </div>
   <div class='ocr_carea' id='block_1_6' title="bbox 320 559 427 594">
    <p class='ocr_par' dir='ltr' id='par_1_6' title="bbox 320 559 427 594">
     <span class='ocr_line' id='line_1_6' title="bbox 320 559 427 594; baseline 0.009 -1"><span class='ocrx_word' id='word_1_20' title='bbox 320 559 427 594; x_wconf 91' lang='grc' dir='ltr'>σιν.</span> 
     </span>
    </p>
   </div>
   <div class='ocr_carea' id='block_1_7' title="bbox 394 626 1898 701">
    <p class='ocr_par' dir='ltr' id='par_1_7' title="bbox 394 626 1898 701">
     <span class='ocr_line' id='line_1_7' title="bbox 394 626 1898 701; baseline -0.003 -17"><span class='ocrx_word' id='word_1_21' title='bbox 394 652 414 684; x_wconf 84' lang='grc'><em>‹</em></span> <span class='ocrx_word' id='word_1_22' title='bbox 450 632 564 687; x_wconf 88' lang='grc' dir='ltr'>Οὐκ</span> <span class='ocrx_word' id='word_1_23' title='bbox 600 631 756 685; x_wconf 78' lang='grc' dir='ltr'>ἔσται</span> <span class='ocrx_word' id='word_1_24' title='bbox 787 630 937 700; x_wconf 83' lang='grc' dir='ltr'><strong>αύτῷ</strong></span> <span class='ocrx_word' id='word_1_25' title='bbox 982 629 1297 701; x_wconf 86' lang='grc' dir='ltr'>καθήμενος</span> <span class='ocrx_word' id='word_1_26' title='bbox 1324 628 1417 683; x_wconf 74' lang='grc' dir='ltr'><strong>ἐπὶ</strong></span> <span class='ocrx_word' id='word_1_27' title='bbox 1456 628 1668 698; x_wconf 80' lang='grc' dir='ltr'>θρόνου.</span> <span class='ocrx_word' id='word_1_28' title='bbox 1720 646 1738 676; x_wconf 73' lang='grc' dir='ltr'><strong>ι</strong></span> <span class='ocrx_word' id='word_1_29' title='bbox 1789 626 1898 679; x_wconf 75' lang='grc' dir='ltr'><strong>Καὶ</strong></span> 
     </span>
    </p>
   </div>
   <div class='ocr_carea' id='block_1_8' title="bbox 316 719 1897 796">
    <p class='ocr_par' dir='ltr' id='par_1_8' title="bbox 316 719 1897 796">
     <span class='ocr_line' id='line_1_8' title="bbox 316 719 1897 796; baseline -0.005 -17"><span class='ocrx_word' id='word_1_30' title='bbox 316 726 575 796; x_wconf 81' lang='grc' dir='ltr'><strong>ἀνωτέρω</strong></span> <span class='ocrx_word' id='word_1_31' title='bbox 617 728 716 795; x_wconf 86' lang='grc' dir='ltr'>μὲν</span> <span class='ocrx_word' id='word_1_32' title='bbox 750 723 1014 794; x_wconf 74' lang='grc' dir='ltr'><strong>ἠπείλησε</strong></span> <span class='ocrx_word' id='word_1_33' title='bbox 1050 724 1129 794; x_wconf 83' lang='grc' dir='ltr'>τῷ</span> <span class='ocrx_word' id='word_1_34' title='bbox 1162 722 1420 791; x_wconf 88' lang='grc' dir='ltr'>Ἰωακείμ</span> <span class='ocrx_word' id='word_1_35' title='bbox 1446 738 1459 751; x_wconf 74' lang='grc' dir='ltr'><strong><em>ο</em></strong></span> <span class='ocrx_word' id='word_1_36' title='bbox 1497 721 1702 788; x_wconf 66' lang='grc' dir='ltr'><strong>Τίιφὶρν</strong></span> <span class='ocrx_word' id='word_1_37' title='bbox 1750 719 1897 772; x_wconf 84' lang='grc' dir='ltr'>ὄνου</span> 
     </span>
    </p>
   </div>
   <div class='ocr_carea' id='block_1_9' title="bbox 316 814 1897 888">
    <p class='ocr_par' dir='ltr' id='par_1_9' title="bbox 316 814 1897 888">
     <span class='ocr_line' id='line_1_9' title="bbox 316 814 1897 888; baseline -0.003 -15"><span class='ocrx_word' id='word_1_38' title='bbox 316 818 685 888; x_wconf 64' lang='grc' dir='ltr'>ταφήσεταιο</span> <span class='ocrx_word' id='word_1_39' title='bbox 722 821 817 872; x_wconf 77' lang='grc' dir='ltr'>καὶ</span> <span class='ocrx_word' id='word_1_40' title='bbox 846 818 943 872; x_wconf 90' lang='grc' dir='ltr'><strong>νῦν</strong></span> <span class='ocrx_word' id='word_1_41' title='bbox 967 818 1024 871; x_wconf 77' lang='grc' dir='ltr'>δὲ</span> <span class='ocrx_word' id='word_1_42' title='bbox 1063 817 1213 886; x_wconf 88' lang='grc' dir='ltr'><strong>αὐτῷ</strong></span> <span class='ocrx_word' id='word_1_43' title='bbox 1244 817 1481 881; x_wconf 84' lang='grc' dir='ltr'>ἀπειλεῖ,</span> <span class='ocrx_word' id='word_1_44' title='bbox 1512 816 1594 869; x_wconf 85' lang='grc' dir='ltr'>ὃτι</span> <span class='ocrx_word' id='word_1_45' title='bbox 1629 814 1720 869; x_wconf 80' lang='grc' dir='ltr'>τὸν</span> <span class='ocrx_word' id='word_1_46' title='bbox 1763 814 1897 885; x_wconf 86' lang='grc' dir='ltr'>χάρ-</span> 
     </span>
    </p>
   </div>
   <div class='ocr_carea' id='block_1_10' title="bbox 316 914 817 983">
    <p class='ocr_par' dir='ltr' id='par_1_10' title="bbox 316 914 817 983">
     <span class='ocr_line' id='line_1_10' title="bbox 316 914 817 983; baseline 0.002 -18"><span class='ocrx_word' id='word_1_47' title='bbox 316 931 416 983; x_wconf 77' lang='grc' dir='ltr'><strong>την</strong></span> <span class='ocrx_word' id='word_1_48' title='bbox 455 914 817 967; x_wconf 80' lang='grc' dir='ltr'><strong>κατέκαυσεν.</strong></span> 
     </span>
    </p>
   </div>
   <div class='ocr_carea' id='block_1_11' title="bbox 392 1000 1892 1077">
    <p class='ocr_par' dir='ltr' id='par_1_11' title="bbox 392 1000 1892 1077">
     <span class='ocr_line' id='line_1_11' title="bbox 392 1000 1892 1077; baseline -0.005 -21"><span class='ocrx_word' id='word_1_49' title='bbox 392 1026 411 1056; x_wconf 68' lang='grc' dir='ltr'><strong>ι</strong></span> <span class='ocrx_word' id='word_1_50' title='bbox 474 1006 584 1058; x_wconf 75' lang='grc' dir='ltr'><strong>Καὶ</strong></span> <span class='ocrx_word' id='word_1_51' title='bbox 646 1003 1059 1077; x_wconf 74' lang='grc' dir='ltr'><strong>προσετέθησαν</strong></span> <span class='ocrx_word' id='word_1_52' title='bbox 1127 1003 1278 1073; x_wconf 82' lang='grc' dir='ltr'><strong>αῦτῷ</strong></span> <span class='ocrx_word' id='word_1_53' title='bbox 1347 1003 1494 1070; x_wconf 81' lang='grc' dir='ltr'>λόγοι</span> <span class='ocrx_word' id='word_1_54' title='bbox 1553 1000 1821 1063; x_wconf 88' lang='grc' dir='ltr'>πλείονες.</span> <span class='ocrx_word' id='word_1_55' title='bbox 1874 1016 1892 1048; x_wconf 72' lang='grc' dir='ltr'><strong>ι</strong></span> 
     </span>
    </p>
   </div>
   <div class='ocr_carea' id='block_1_12' title="bbox 328 1091 1899 1168">
    <p class='ocr_par' dir='ltr' id='par_1_12' title="bbox 328 1091 1899 1168">
     <span class='ocr_line' id='line_1_12' title="bbox 328 1091 1899 1168; baseline -0.006 -18"><span class='ocrx_word' id='word_1_56' title='bbox 328 1096 547 1168; x_wconf 80' lang='grc' dir='ltr'><strong>Ἐπειδὴ</strong></span> <span class='ocrx_word' id='word_1_57' title='bbox 586 1096 840 1166; x_wconf 84' lang='grc' dir='ltr'>ὲνόμισεν</span> <span class='ocrx_word' id='word_1_58' title='bbox 872 1096 901 1148; x_wconf 86' lang='grc' dir='ltr'><strong>ὁ</strong></span> <span class='ocrx_word' id='word_1_59' title='bbox 944 1096 1203 1165; x_wconf 68' lang='grc' dir='ltr'>Ἰωακεὶμ</span> <span class='ocrx_word' id='word_1_60' title='bbox 1246 1092 1594 1163; x_wconf 73' lang='grc' dir='ltr'>ὲξαφανίζειν</span> <span class='ocrx_word' id='word_1_61' title='bbox 1624 1091 1724 1162; x_wconf 83' lang='grc' dir='ltr'>τὴν</span> <span class='ocrx_word' id='word_1_62' title='bbox 1765 1105 1899 1159; x_wconf 85' lang='grc' dir='ltr'>προ·</span> 
     </span>
    </p>
   </div>
   <div class='ocr_carea' id='block_1_13' title="bbox 317 1179 1898 1258">
    <p class='ocr_par' dir='ltr' id='par_1_13' title="bbox 317 1179 1898 1258">
     <span class='ocr_line' id='line_1_13' title="bbox 317 1179 1898 1258; baseline -0.006 -17"><span class='ocrx_word' id='word_1_63' title='bbox 317 1188 548 1256; x_wconf 80' lang='grc' dir='ltr'>φητείαν</span> <span class='ocrx_word' id='word_1_64' title='bbox 598 1187 687 1240; x_wconf 86' lang='grc' dir='ltr'><strong>διά</strong></span> <span class='ocrx_word' id='word_1_65' title='bbox 743 1187 838 1241; x_wconf 91' lang='grc' dir='ltr'><strong>τοῦ</strong></span> <span class='ocrx_word' id='word_1_66' title='bbox 891 1185 1224 1258; x_wconf 77' lang='grc' dir='ltr'>ἐμπρησμοῦ</span> <span class='ocrx_word' id='word_1_67' title='bbox 1248 1185 1346 1239; x_wconf 91' lang='grc' dir='ltr'><strong>τοῦ</strong></span> <span class='ocrx_word' id='word_1_68' title='bbox 1396 1183 1634 1256; x_wconf 84' lang='grc' dir='ltr'>βιϐλίου,</span> <span class='ocrx_word' id='word_1_69' title='bbox 1688 1179 1898 1235; x_wconf 82' lang='grc' dir='ltr'>κελεύει</span> 
     </span>
    </p>
   </div>
   <div class='ocr_carea' id='block_1_14' title="bbox 313 1270 1899 1351">
    <p class='ocr_par' dir='ltr' id='par_1_14' title="bbox 313 1270 1899 1351">
     <span class='ocr_line' id='line_1_14' title="bbox 313 1270 1899 1351; baseline -0.005 -20"><span class='ocrx_word' id='word_1_70' title='bbox 313 1280 449 1342; x_wconf 82' lang='grc' dir='ltr'>Θεὸς</span> <span class='ocrx_word' id='word_1_71' title='bbox 495 1278 591 1334; x_wconf 73' lang='grc' dir='ltr'>καὶ</span> <span class='ocrx_word' id='word_1_72' title='bbox 639 1278 708 1332; x_wconf 90' lang='grc' dir='ltr'><strong>τά</strong></span> <span class='ocrx_word' id='word_1_73' title='bbox 737 1279 930 1351; x_wconf 86' lang='grc' dir='ltr'>πρῶτα</span> <span class='ocrx_word' id='word_1_74' title='bbox 980 1278 1284 1351; x_wconf 81' lang='grc' dir='ltr'>γραφῆναι,</span> <span class='ocrx_word' id='word_1_75' title='bbox 1319 1279 1436 1349; x_wconf 68' lang='grc' dir='ltr'><strong>ικαὶ</strong></span> <span class='ocrx_word' id='word_1_76' title='bbox 1478 1275 1641 1347; x_wconf 75' lang='grc' dir='ltr'>ἔτερα</span> <span class='ocrx_word' id='word_1_77' title='bbox 1674 1270 1899 1343; x_wconf 82' lang='grc' dir='ltr'>προστί-</span> 
     </span>
    </p>
   </div>
   <div class='ocr_carea' id='block_1_15' title="bbox 316 1371 461 1443">
    <p class='ocr_par' dir='ltr' id='par_1_15' title="bbox 316 1371 461 1443">
     <span class='ocr_line' id='line_1_15' title="bbox 316 1371 461 1443; baseline 0.021 -20"><span class='ocrx_word' id='word_1_78' title='bbox 316 1371 461 1443; x_wconf 55' lang='grc' dir='ltr'>θησμ</span> 
     </span>
    </p>
   </div>
   <div class='ocr_carea' id='block_1_16' title="bbox 884 1460 1298 1526">
    <p class='ocr_par' dir='ltr' id='par_1_16' title="bbox 884 1460 1298 1526">
     <span class='ocr_line' id='line_1_16' title="bbox 884 1460 1298 1526; baseline -0.005 -8"><span class='ocrx_word' id='word_1_79' title='bbox 884 1464 1132 1526; x_wconf 72' lang='grc' dir='ltr'>ΚΕΦΑΛ.</span> <span class='ocrx_word' id='word_1_80' title='bbox 1176 1460 1298 1516; x_wconf 85' lang='grc' dir='ltr'><strong>ΛΖ’.</strong></span> 
     </span>
    </p>
   </div>
   <div class='ocr_carea' id='block_1_17' title="bbox 390 1551 1892 1627">
    <p class='ocr_par' dir='ltr' id='par_1_17' title="bbox 390 1551 1892 1627">
     <span class='ocr_line' id='line_1_17' title="bbox 390 1551 1892 1627; baseline -0.001 -22"><span class='ocrx_word' id='word_1_81' title='bbox 390 1574 408 1604; x_wconf 80' lang='grc' dir='ltr'><strong>ι</strong></span> <span class='ocrx_word' id='word_1_82' title='bbox 456 1555 563 1607; x_wconf 75' lang='grc' dir='ltr'><strong>Καὶ</strong></span> <span class='ocrx_word' id='word_1_83' title='bbox 619 1554 713 1608; x_wconf 85' lang='grc' dir='ltr'><strong>ὲάν</strong></span> <span class='ocrx_word' id='word_1_84' title='bbox 755 1555 1057 1627; x_wconf 81' lang='grc' dir='ltr'>πατάξητε.</span> <span class='ocrx_word' id='word_1_85' title='bbox 1092 1575 1111 1608; x_wconf 74' lang='grc' dir='ltr'><strong>ι</strong></span> <span class='ocrx_word' id='word_1_86' title='bbox 1153 1552 1270 1626; x_wconf 86' lang='grc' dir='ltr'>Οὐχ</span> <span class='ocrx_word' id='word_1_87' title='bbox 1327 1554 1410 1606; x_wconf 86' lang='grc' dir='ltr'>ὅτι</span> <span class='ocrx_word' id='word_1_88' title='bbox 1444 1552 1605 1627; x_wconf 72' lang='grc' dir='ltr'>τοῦτο</span> <span class='ocrx_word' id='word_1_89' title='bbox 1644 1551 1892 1622; x_wconf 85' lang='grc' dir='ltr'>γέγονεν,</span> 
     </span>
    </p>
   </div>
   <div class='ocr_carea' id='block_1_18' title="bbox 310 1614 1896 1719">
    <p class='ocr_par' dir='ltr' id='par_1_18' title="bbox 310 1614 1896 1719">
     <span class='ocr_line' id='line_1_18' title="bbox 310 1614 1896 1719; baseline 0 -20"><span class='ocrx_word' id='word_1_90' title='bbox 310 1645 426 1699; x_wconf 82' lang='grc' dir='ltr'>ἀλλ’</span> <span class='ocrx_word' id='word_1_91' title='bbox 452 1647 518 1700; x_wconf 77' lang='grc' dir='ltr'>ὲκ</span> <span class='ocrx_word' id='word_1_92' title='bbox 542 1647 855 1719; x_wconf 89' lang='grc' dir='ltr'>δειγμάτων</span> <span class='ocrx_word' id='word_1_93' title='bbox 898 1614 1083 1712; x_wconf 61' lang='grc' dir='ltr'>αὐτοῖς</span> <span class='ocrx_word' id='word_1_94' title='bbox 1114 1647 1213 1718; x_wconf 82' lang='grc' dir='ltr'>τὴν</span> <span class='ocrx_word' id='word_1_95' title='bbox 1238 1614 1510 1714; x_wconf 30' lang='grc' dir='ltr'>’.παντελῆ</span> <span class='ocrx_word' id='word_1_96' title='bbox 1546 1614 1896 1699; x_wconf 56' lang='grc' dir='ltr'>ἀνελπιστίαν</span> 
     </span>
    </p>
   </div>
   <div class='ocr_carea' id='block_1_19' title="bbox 308 1737 1343 1810">
    <p class='ocr_par' dir='ltr' id='par_1_19' title="bbox 308 1737 1343 1810">
     <span class='ocr_line' id='line_1_19' title="bbox 308 1737 1343 1810; baseline 0.004 -22"><span class='ocrx_word' id='word_1_97' title='bbox 308 1737 405 1790; x_wconf 88' lang='grc' dir='ltr'><strong>τοῦ</strong></span> <span class='ocrx_word' id='word_1_98' title='bbox 428 1738 719 1809; x_wconf 83' lang='grc' dir='ltr'>δυνηθῆναι</span> <span class='ocrx_word' id='word_1_99' title='bbox 747 1740 1035 1808; x_wconf 77' lang='grc' dir='ltr'>διαφυγεῖν</span> <span class='ocrx_word' id='word_1_100' title='bbox 1064 1739 1343 1810; x_wconf 82' lang='grc' dir='ltr'><strong>προλέγει.</strong></span> 
     </span>
    </p>
   </div>
   <div class='ocr_carea' id='block_1_20' title="bbox 2000 534 2242 589">
    <p class='ocr_par' dir='ltr' id='par_1_20' title="bbox 2000 534 2242 589">
     <span class='ocr_line' id='line_1_20' title="bbox 2000 534 2242 589; baseline 0.017 -4"><span class='ocrx_word' id='word_1_101' title='bbox 2000 534 2242 589; x_wconf 87' lang='lat' dir='ltr'><strong>trahunt.</strong></span> 
     </span>
    </p>
   </div>
   <div class='ocr_carea' id='block_1_21' title="bbox 2073 619 3580 691">
    <p class='ocr_par' dir='ltr' id='par_1_21' title="bbox 2073 619 3580 691">
     <span class='ocr_line' id='line_1_21' title="bbox 2073 619 3580 691; baseline -0.001 -16"><span class='ocrx_word' id='word_1_102' title='bbox 2073 622 2134 675; x_wconf 81' lang='grc' dir='ltr'><strong>ν.</strong></span> <span class='ocrx_word' id='word_1_103' title='bbox 2170 622 2260 677; x_wconf 84' lang='lat'><strong>&#39;50.</strong></span> <span class='ocrx_word' id='word_1_104' title='bbox 2302 642 2321 674; x_wconf 77' lang='grc' dir='ltr'><strong>ι</strong></span> <span class='ocrx_word' id='word_1_105' title='bbox 2357 621 2476 676; x_wconf 83' lang='lat' dir='ltr'><strong>Non</strong></span> <span class='ocrx_word' id='word_1_106' title='bbox 2508 621 2614 676; x_wconf 92' lang='lat' dir='ltr'><strong>erit</strong></span> <span class='ocrx_word' id='word_1_107' title='bbox 2639 622 2691 677; x_wconf 92' lang='lat' dir='ltr'><strong>ei</strong></span> <span class='ocrx_word' id='word_1_108' title='bbox 2720 621 2919 677; x_wconf 89' lang='lat' dir='ltr'><strong>sedens</strong></span> <span class='ocrx_word' id='word_1_109' title='bbox 2971 636 3136 691; x_wconf 81' lang='lat' dir='ltr'><strong>super</strong></span> <span class='ocrx_word' id='word_1_110' title='bbox 3166 621 3429 676; x_wconf 75' lang='lat' dir='ltr'><strong>thronum</strong></span> <span class='ocrx_word' id='word_1_111' title='bbox 3475 619 3580 674; x_wconf 86' lang='lat' dir='ltr'><strong>Da-</strong></span> 
     </span>
    </p>
   </div>
   <div class='ocr_carea' id='block_1_22' title="bbox 2000 708 3581 785">
    <p class='ocr_par' dir='ltr' id='par_1_22' title="bbox 2000 708 3581 785">
     <span class='ocr_line' id='line_1_22' title="bbox 2000 708 3581 785; baseline -0.003 -16"><span class='ocrx_word' id='word_1_112' title='bbox 2000 718 2110 771; x_wconf 83' lang='lat' dir='ltr'><strong>vid.</strong></span> <span class='ocrx_word' id='word_1_113' title='bbox 2162 735 2179 767; x_wconf 81' lang='grc'><strong>›</strong></span> <span class='ocrx_word' id='word_1_114' title='bbox 2223 716 2288 770; x_wconf 82' lang='grc' dir='ltr'>Ει</span> <span class='ocrx_word' id='word_1_115' title='bbox 2311 730 2475 785; x_wconf 84' lang='lat' dir='ltr'><strong>supra</strong></span> <span class='ocrx_word' id='word_1_116' title='bbox 2495 714 2716 784; x_wconf 86' lang='lat' dir='ltr'><strong>quidem</strong></span> <span class='ocrx_word' id='word_1_117' title='bbox 2743 715 2982 768; x_wconf 86' lang='lat' dir='ltr'><strong>minatus</strong></span> <span class='ocrx_word' id='word_1_118' title='bbox 3009 711 3315 767; x_wconf 80' lang='lat' dir='ltr'><strong>estJoacim</strong></span> <span class='ocrx_word' id='word_1_119' title='bbox 3344 728 3359 766; x_wconf 87' lang='lat'><strong>:</strong></span> <span class='ocrx_word' id='word_1_120' title='bbox 3391 708 3581 782; x_wconf 79' lang='lat' dir='ltr'><strong>Sepul-</strong></span> 
     </span>
    </p>
   </div>
   <div class='ocr_carea' id='block_1_23' title="bbox 2001 799 3581 874">
    <p class='ocr_par' dir='ltr' id='par_1_23' title="bbox 2001 799 3581 874">
     <span class='ocr_line' id='line_1_23' title="bbox 2001 799 3581 874; baseline -0.004 -14"><span class='ocrx_word' id='word_1_121' title='bbox 2001 818 2123 861; x_wconf 79' lang='lat' dir='ltr'><strong>(ura</strong></span> <span class='ocrx_word' id='word_1_122' title='bbox 2158 806 2297 859; x_wconf 72' lang='lat' dir='ltr'><strong>asini</strong></span> <span class='ocrx_word' id='word_1_123' title='bbox 2318 804 2600 874; x_wconf 72' lang='lat' dir='ltr'><strong>sepelietur</strong></span> <span class='ocrx_word' id='word_1_124' title='bbox 2630 804 2783 867; x_wconf 82' lang='lat' dir='ltr'><strong>”;ct</strong></span> <span class='ocrx_word' id='word_1_125' title='bbox 2821 817 2969 857; x_wconf 92' lang='lat' dir='ltr'><strong>nunc</strong></span> <span class='ocrx_word' id='word_1_126' title='bbox 3000 814 3194 855; x_wconf 83' lang='lat' dir='ltr'><strong>rursus</strong></span> <span class='ocrx_word' id='word_1_127' title='bbox 3224 799 3299 853; x_wconf 84' lang='lat' dir='ltr'><strong>illi</strong></span> <span class='ocrx_word' id='word_1_128' title='bbox 3316 799 3581 864; x_wconf 87' lang='lat' dir='ltr'><strong>minatur,</strong></span> 
     </span>
    </p>
   </div>
   <div class='ocr_carea' id='block_1_24' title="bbox 1999 894 2907 968">
    <p class='ocr_par' dir='ltr' id='par_1_24' title="bbox 1999 894 2907 968">
     <span class='ocr_line' id='line_1_24' title="bbox 1999 894 2907 968; baseline -0.006 -15"><span class='ocrx_word' id='word_1_129' title='bbox 1999 898 2146 968; x_wconf 89' lang='lat' dir='ltr'><strong>quod</strong></span> <span class='ocrx_word' id='word_1_130' title='bbox 2181 896 2437 951; x_wconf 84' lang='lat' dir='ltr'><strong>volumen</strong></span> <span class='ocrx_word' id='word_1_131' title='bbox 2460 896 2570 967; x_wconf 87' lang='lat' dir='ltr'><strong>igni</strong></span> <span class='ocrx_word' id='word_1_132' title='bbox 2601 894 2907 950; x_wconf 89' lang='lat' dir='ltr'><strong>tradiderit.</strong></span> 
     </span>
    </p>
   </div>
   <div class='ocr_carea' id='block_1_25' title="bbox 2071 982 3580 1056">
    <p class='ocr_par' dir='ltr' id='par_1_25' title="bbox 2071 982 3580 1056">
     <span class='ocr_line' id='line_1_25' title="bbox 2071 982 3580 1056; baseline -0.005 -15"><span class='ocrx_word' id='word_1_133' title='bbox 2071 987 2136 1041; x_wconf 76' lang='grc' dir='ltr'>γ.</span> <span class='ocrx_word' id='word_1_134' title='bbox 2160 987 2249 1041; x_wconf 76' lang='grc'><strong>52.</strong></span> <span class='ocrx_word' id='word_1_135' title='bbox 2297 1005 2315 1038; x_wconf 75' lang='grc' dir='ltr'><strong>ι</strong></span> <span class='ocrx_word' id='word_1_136' title='bbox 2340 986 2408 1040; x_wconf 86' lang='lat' dir='ltr'><strong>Et</strong></span> <span class='ocrx_word' id='word_1_137' title='bbox 2428 995 2695 1056; x_wconf 63' lang='lat' dir='ltr'><strong>praeterea</strong></span> <span class='ocrx_word' id='word_1_138' title='bbox 2723 983 2894 1039; x_wconf 89' lang='lat' dir='ltr'><strong>additi</strong></span> <span class='ocrx_word' id='word_1_139' title='bbox 2919 989 3049 1037; x_wconf 90' lang='lat' dir='ltr'><strong>sunt</strong></span> <span class='ocrx_word' id='word_1_140' title='bbox 3111 994 3398 1035; x_wconf 86' lang='lat' dir='ltr'><strong>sermones</strong></span> <span class='ocrx_word' id='word_1_141' title='bbox 3455 982 3580 1051; x_wconf 90' lang='lat' dir='ltr'><strong>plu-</strong></span> 
     </span>
    </p>
   </div>
   <div class='ocr_carea' id='block_1_26' title="bbox 2000 1072 3581 1144">
    <p class='ocr_par' dir='ltr' id='par_1_26' title="bbox 2000 1072 3581 1144">
     <span class='ocr_line' id='line_1_26' title="bbox 2000 1072 3581 1144; baseline -0.001 -13"><span class='ocrx_word' id='word_1_142' title='bbox 2000 1093 2108 1134; x_wconf 87' lang='lat' dir='ltr'><strong>res.</strong></span> <span class='ocrx_word' id='word_1_143' title='bbox 2155 1096 2173 1129; x_wconf 74' lang='grc' dir='ltr'><strong>ι</strong></span> <span class='ocrx_word' id='word_1_144' title='bbox 2213 1076 2351 1144; x_wconf 89' lang='lat' dir='ltr'><strong>Quia</strong></span> <span class='ocrx_word' id='word_1_145' title='bbox 2373 1076 2581 1132; x_wconf 87' lang='lat' dir='ltr'><strong>Joacim</strong></span> <span class='ocrx_word' id='word_1_146' title='bbox 2611 1077 2922 1144; x_wconf 80' lang='lat' dir='ltr'><strong>arbitratus</strong></span> <span class='ocrx_word' id='word_1_147' title='bbox 2937 1084 3043 1141; x_wconf 90' lang='lat' dir='ltr'><strong>est,</strong></span> <span class='ocrx_word' id='word_1_148' title='bbox 3096 1072 3391 1131; x_wconf 88' lang='lat' dir='ltr'><strong>combusto</strong></span> <span class='ocrx_word' id='word_1_149' title='bbox 3420 1077 3581 1132; x_wconf 74' lang='lat' dir='ltr'><strong>volu~</strong></span> 
     </span>
    </p>
   </div>
   <div class='ocr_carea' id='block_1_27' title="bbox 2002 1139 3579 1246">
    <p class='ocr_par' dir='ltr' id='par_1_27' title="bbox 2002 1139 3579 1246">
     <span class='ocr_line' id='line_1_27' title="bbox 2002 1139 3579 1246; baseline 0 -18"><span class='ocrx_word' id='word_1_150' title='bbox 2002 1175 2149 1229; x_wconf 87' lang='lat' dir='ltr'><strong>mine</strong></span> <span class='ocrx_word' id='word_1_151' title='bbox 2180 1173 2523 1244; x_wconf 86' lang='lat' dir='ltr'><strong>prophetiam</strong></span> <span class='ocrx_word' id='word_1_152' title='bbox 2546 1173 2857 1239; x_wconf 85' lang='lat' dir='ltr'><strong>evanuisse,</strong></span> <span class='ocrx_word' id='word_1_153' title='bbox 2908 1139 3067 1244; x_wconf 53' lang='lat' dir='ltr'><strong>iubet</strong></span> <span class='ocrx_word' id='word_1_154' title='bbox 3097 1172 3263 1240; x_wconf 86' lang='lat' dir='ltr'><strong>Deus,</strong></span> <span class='ocrx_word' id='word_1_155' title='bbox 3297 1184 3353 1230; x_wconf 89' lang='lat' dir='ltr'><strong>et</strong></span> <span class='ocrx_word' id='word_1_156' title='bbox 3402 1175 3579 1246; x_wconf 85' lang='lat' dir='ltr'><strong>prima</strong></span> 
     </span>
    </p>
   </div>
   <div class='ocr_carea' id='block_1_28' title="bbox 1997 1266 2844 1337">
    <p class='ocr_par' dir='ltr' id='par_1_28' title="bbox 1997 1266 2844 1337">
     <span class='ocr_line' id='line_1_28' title="bbox 1997 1266 2844 1337; baseline -0.004 -15"><span class='ocrx_word' id='word_1_157' title='bbox 1997 1266 2183 1330; x_wconf 84' lang='lat' dir='ltr'><strong>scribi,</strong></span> <span class='ocrx_word' id='word_1_158' title='bbox 2226 1275 2281 1321; x_wconf 88' lang='lat' dir='ltr'><strong>et</strong></span> <span class='ocrx_word' id='word_1_159' title='bbox 2308 1266 2533 1337; x_wconf 85' lang='lat' dir='ltr'><strong>insuper</strong></span> <span class='ocrx_word' id='word_1_160' title='bbox 2557 1266 2681 1321; x_wconf 89' lang='lat' dir='ltr'><strong>addi</strong></span> <span class='ocrx_word' id='word_1_161' title='bbox 2721 1266 2844 1320; x_wconf 86' lang='lat' dir='ltr'><strong>alia.</strong></span> 
     </span>
    </p>
   </div>
   <div class='ocr_carea' id='block_1_29' title="bbox 2557 1445 3011 1505">
    <p class='ocr_par' dir='ltr' id='par_1_29' title="bbox 2557 1445 3011 1505">
     <span class='ocr_line' id='line_1_29' title="bbox 2557 1445 3011 1505; baseline 0.004 -2"><span class='ocrx_word' id='word_1_162' title='bbox 2557 1445 2710 1503; x_wconf 82' lang='lat' dir='ltr'><strong>CAP.</strong></span> <span class='ocrx_word' id='word_1_163' title='bbox 2749 1446 3011 1505; x_wconf 77' lang='lat' dir='ltr'><strong>XXXVII.</strong></span> 
     </span>
    </p>
   </div>
   <div class='ocr_carea' id='block_1_30' title="bbox 2067 1538 3578 1611">
    <p class='ocr_par' dir='ltr' id='par_1_30' title="bbox 2067 1538 3578 1611">
     <span class='ocr_line' id='line_1_30' title="bbox 2067 1538 3578 1611; baseline 0.003 -21"><span class='ocrx_word' id='word_1_164' title='bbox 2067 1539 2130 1594; x_wconf 84' lang='lat' dir='ltr'><strong>V.</strong></span> <span class='ocrx_word' id='word_1_165' title='bbox 2160 1540 2213 1595; x_wconf 89' lang='lat'><strong>9.</strong></span> <span class='ocrx_word' id='word_1_166' title='bbox 2255 1558 2272 1591; x_wconf 75' lang='grc' dir='ltr'><strong>ι</strong></span> <span class='ocrx_word' id='word_1_167' title='bbox 2314 1540 2380 1594; x_wconf 88' lang='lat' dir='ltr'><strong>Et</strong></span> <span class='ocrx_word' id='word_1_168' title='bbox 2405 1538 2451 1595; x_wconf 89' lang='lat' dir='ltr'><strong>si</strong></span> <span class='ocrx_word' id='word_1_169' title='bbox 2483 1540 2889 1609; x_wconf 88' lang='lat' dir='ltr'><strong>percusseritis.</strong></span> <span class='ocrx_word' id='word_1_170' title='bbox 2926 1560 2944 1591; x_wconf 76' lang='grc' dir='ltr'><strong>ι</strong></span> <span class='ocrx_word' id='word_1_171' title='bbox 3002 1541 3122 1595; x_wconf 85' lang='lat' dir='ltr'><strong>Non</strong></span> <span class='ocrx_word' id='word_1_172' title='bbox 3162 1540 3309 1611; x_wconf 88' lang='lat' dir='ltr'><strong>quod</strong></span> <span class='ocrx_word' id='word_1_173' title='bbox 3340 1541 3415 1596; x_wconf 88' lang='lat' dir='ltr'><strong>ita</strong></span> <span class='ocrx_word' id='word_1_174' title='bbox 3471 1541 3578 1595; x_wconf 92' lang='lat' dir='ltr'><strong>hoc</strong></span> 
     </span>
    </p>
   </div>
   <div class='ocr_carea' id='block_1_31' title="bbox 1995 1630 3575 1704">
    <p class='ocr_par' dir='ltr' id='par_1_31' title="bbox 1995 1630 3575 1704">
     <span class='ocr_line' id='line_1_31' title="bbox 1995 1630 3575 1704; baseline 0 -18"><span class='ocrx_word' id='word_1_175' title='bbox 1995 1630 2181 1699; x_wconf 89' lang='lat' dir='ltr'><strong>fuerit,</strong></span> <span class='ocrx_word' id='word_1_176' title='bbox 2212 1631 2307 1687; x_wconf 90' lang='lat' dir='ltr'><strong>sed</strong></span> <span class='ocrx_word' id='word_1_177' title='bbox 2346 1646 2445 1702; x_wconf 91' lang='lat' dir='ltr'><strong>per</strong></span> <span class='ocrx_word' id='word_1_178' title='bbox 2482 1634 2728 1702; x_wconf 79' lang='lat' dir='ltr'><strong>exempla</strong></span> <span class='ocrx_word' id='word_1_179' title='bbox 2760 1634 2866 1689; x_wconf 62' lang='lat' dir='ltr'><strong>iliis</strong></span> <span class='ocrx_word' id='word_1_180' title='bbox 2894 1634 3162 1704; x_wconf 68' lang='lat' dir='ltr'><strong>prmdicit,</strong></span> <span class='ocrx_word' id='word_1_181' title='bbox 3190 1633 3398 1688; x_wconf 86' lang='lat' dir='ltr'><strong>nullam</strong></span> <span class='ocrx_word' id='word_1_182' title='bbox 3451 1648 3575 1689; x_wconf 88' lang='lat' dir='ltr'><strong>esse</strong></span> 
     </span>
    </p>
   </div>
   <div class='ocr_carea' id='block_1_32' title="bbox 1994 1723 2466 1794">
    <p class='ocr_par' dir='ltr' id='par_1_32' title="bbox 1994 1723 2466 1794">
     <span class='ocr_line' id='line_1_32' title="bbox 1994 1723 2466 1794; baseline -0.004 -14"><span class='ocrx_word' id='word_1_183' title='bbox 1994 1739 2147 1794; x_wconf 89' lang='lat' dir='ltr'><strong>spem</strong></span> <span class='ocrx_word' id='word_1_184' title='bbox 2179 1723 2466 1780; x_wconf 86' lang='lat' dir='ltr'><strong>evadendi.</strong></span> 
     </span>
    </p>
   </div>
   <div class='ocr_carea' id='block_1_33' title="bbox 386 1808 1886 1902">
    <p class='ocr_par' dir='ltr' id='par_1_33' title="bbox 386 1808 1886 1902">
     <span class='ocr_line' id='line_1_33' title="bbox 386 1808 1886 1902; baseline 0.001 -20"><span class='ocrx_word' id='word_1_185' title='bbox 386 1849 406 1882; x_wconf 87' lang='grc'><em>‹</em></span> <span class='ocrx_word' id='word_1_186' title='bbox 436 1808 851 1902; x_wconf 85' lang='grc' dir='ltr'>Τοῦάγοράσαι</span> <span class='ocrx_word' id='word_1_187' title='bbox 909 1834 1045 1886; x_wconf 81' lang='grc' dir='ltr'>ἐκεῖ.</span> <span class='ocrx_word' id='word_1_188' title='bbox 1095 1808 1119 1883; x_wconf 12' lang='grc' dir='ltr'><strong>»ἡ</strong></span> <span class='ocrx_word' id='word_1_189' title='bbox 1173 1832 1241 1885; x_wconf 86' lang='grc' dir='ltr'><strong>Ἦ</strong></span> <span class='ocrx_word' id='word_1_190' title='bbox 1290 1830 1562 1902; x_wconf 80' lang='grc' dir='ltr'>ἀγοράσαι</span> <span class='ocrx_word' id='word_1_191' title='bbox 1599 1829 1763 1884; x_wconf 83' lang='grc' dir='ltr'>τόπον</span> <span class='ocrx_word' id='word_1_192' title='bbox 1812 1832 1886 1895; x_wconf 79' lang='grc' dir='ltr'><strong>είς</strong></span> 
     </span>
    </p>
   </div>
   <div class='ocr_carea' id='block_1_34' title="bbox 1988 1808 3574 1902">
    <p class='ocr_par' dir='ltr' id='par_1_34' title="bbox 2069 1808 3574 1873">
     <span class='ocr_line' id='line_1_34' title="bbox 2069 1808 3574 1873; baseline 0 -2"><span class='ocrx_word' id='word_1_193' title='bbox 2069 1808 2129 1871; x_wconf 69' lang='grc' dir='ltr'><strong>ν.</strong></span> <span class='ocrx_word' id='word_1_194' title='bbox 2161 1817 2247 1872; x_wconf 79' lang='grc' dir='ltr'>Η.</span> <span class='ocrx_word' id='word_1_195' title='bbox 2286 1835 2306 1869; x_wconf 80' lang='grc' dir='ltr'><strong>ι</strong></span> <span class='ocrx_word' id='word_1_196' title='bbox 2344 1815 2415 1872; x_wconf 88' lang='lat' dir='ltr'><strong>Ut</strong></span> <span class='ocrx_word' id='word_1_197' title='bbox 2445 1825 2654 1872; x_wconf 86' lang='lat' dir='ltr'><strong>emeret</strong></span> <span class='ocrx_word' id='word_1_198' title='bbox 2693 1816 2840 1872; x_wconf 90' lang='lat' dir='ltr'><strong>inde.</strong></span> <span class='ocrx_word' id='word_1_199' title='bbox 2879 1835 2896 1869; x_wconf 79' lang='grc' dir='ltr'><strong>ι</strong></span> <span class='ocrx_word' id='word_1_200' title='bbox 2934 1816 3032 1872; x_wconf 86' lang='lat' dir='ltr'><strong>Vel</strong></span> <span class='ocrx_word' id='word_1_201' title='bbox 3065 1826 3123 1871; x_wconf 92' lang='lat' dir='ltr'><strong>ut</strong></span> <span class='ocrx_word' id='word_1_202' title='bbox 3154 1824 3367 1873; x_wconf 85' lang='lat' dir='ltr'><strong>emeret</strong></span> <span class='ocrx_word' id='word_1_203' title='bbox 3396 1816 3574 1873; x_wconf 86' lang='lat' dir='ltr'><strong>locum</strong></span> 
     </span>
    </p>
   </div>
   <div class='ocr_carea' id='block_1_35' title="bbox 307 1920 1888 1995">
    <p class='ocr_par' dir='ltr' id='par_1_35' title="bbox 307 1920 1888 1995">
     <span class='ocr_line' id='line_1_35' title="bbox 307 1920 1888 1995; baseline 0.001 -21"><span class='ocrx_word' id='word_1_204' title='bbox 307 1920 561 1991; x_wconf 71' lang='grc' dir='ltr'>οἴκησιν,</span> <span class='ocrx_word' id='word_1_205' title='bbox 594 1922 628 1992; x_wconf 75' lang='grc' dir='ltr'>ἢ</span> <span class='ocrx_word' id='word_1_206' title='bbox 662 1923 936 1995; x_wconf 79' lang='grc' dir='ltr'>ἀγοράσαι</span> <span class='ocrx_word' id='word_1_207' title='bbox 994 1922 1118 1982; x_wconf 65' lang='grc' dir='ltr'>ἀντὶ</span> <span class='ocrx_word' id='word_1_208' title='bbox 1157 1922 1272 1987; x_wconf 89' lang='grc' dir='ltr'>τοῦ,</span> <span class='ocrx_word' id='word_1_209' title='bbox 1308 1922 1604 1991; x_wconf 83' lang='grc' dir='ltr'>ἀγοράσαι,</span> <span class='ocrx_word' id='word_1_210' title='bbox 1659 1924 1756 1976; x_wconf 70' lang='grc' dir='ltr'>καὶ</span> <span class='ocrx_word' id='word_1_211' title='bbox 1796 1924 1888 1975; x_wconf 71' lang='grc' dir='ltr'><strong>ἐπὶ</strong></span> 
     </span>
    </p>
   </div>
   <div class='ocr_carea' id='block_1_36' title="bbox 306 2010 1887 2085">
    <p class='ocr_par' dir='ltr' id='par_1_36' title="bbox 306 2010 1887 2085">
     <span class='ocr_line' id='line_1_36' title="bbox 306 2010 1887 2085; baseline -0.001 -19"><span class='ocrx_word' id='word_1_212' title='bbox 306 2012 406 2082; x_wconf 80' lang='grc' dir='ltr'><strong>τῆς</strong></span> <span class='ocrx_word' id='word_1_213' title='bbox 437 2013 643 2085; x_wconf 79' lang='grc' dir='ltr'>ἀγορᾶς</span> <span class='ocrx_word' id='word_1_214' title='bbox 669 2014 1051 2085; x_wconf 82' lang='grc' dir='ltr'>προφητεῦσαι</span> <span class='ocrx_word' id='word_1_215' title='bbox 1072 2031 1086 2046; x_wconf 81' lang='grc' dir='ltr'><strong>ο</strong></span> <span class='ocrx_word' id='word_1_216' title='bbox 1118 2015 1151 2085; x_wconf 84' lang='grc' dir='ltr'>ἦ</span> <span class='ocrx_word' id='word_1_217' title='bbox 1181 2014 1343 2068; x_wconf 86' lang='grc' dir='ltr'>κάκεῖ</span> <span class='ocrx_word' id='word_1_218' title='bbox 1364 2010 1887 2084; x_wconf 86' lang='grc' dir='ltr'>παρακινδυνεῦσαι,</span> 
     </span>
    </p>
   </div>
   <div class='ocr_carea' id='block_1_37' title="bbox 304 2103 1888 2176">
    <p class='ocr_par' dir='ltr' id='par_1_37' title="bbox 304 2103 1888 2176">
     <span class='ocr_line' id='line_1_37' title="bbox 304 2103 1888 2176; baseline 0.001 -21"><span class='ocrx_word' id='word_1_219' title='bbox 304 2103 403 2156; x_wconf 82' lang='grc' dir='ltr'>καὶ</span> <span class='ocrx_word' id='word_1_220' title='bbox 430 2105 542 2167; x_wconf 86' lang='grc' dir='ltr'>τοῖς</span> <span class='ocrx_word' id='word_1_221' title='bbox 576 2105 799 2170; x_wconf 73' lang='grc' dir='ltr'>οἰκείοις</span> <span class='ocrx_word' id='word_1_222' title='bbox 828 2106 1097 2170; x_wconf 81' lang='grc' dir='ltr'>κινδύνοις</span> <span class='ocrx_word' id='word_1_223' title='bbox 1135 2106 1453 2176; x_wconf 80' lang='grc' dir='ltr'>ὠνήσασθαι</span> <span class='ocrx_word' id='word_1_224' title='bbox 1480 2103 1579 2174; x_wconf 83' lang='grc' dir='ltr'><strong>τήν</strong></span> <span class='ocrx_word' id='word_1_225' title='bbox 1616 2106 1888 2175; x_wconf 80' lang='grc' dir='ltr'>σωτηρίαν</span> 
     </span>
    </p>
   </div>
   <div class='ocr_carea' id='block_1_38' title="bbox 305 2192 795 2267">
    <p class='ocr_par' dir='ltr' id='par_1_38' title="bbox 305 2192 795 2267">
     <span class='ocr_line' id='line_1_38' title="bbox 305 2192 795 2267; baseline 0.01 -21"><span class='ocrx_word' id='word_1_226' title='bbox 305 2192 419 2247; x_wconf 86' lang='grc' dir='ltr'><strong>τῶν</strong></span> <span class='ocrx_word' id='word_1_227' title='bbox 449 2194 795 2267; x_wconf 73' lang='grc' dir='ltr'><strong>σωζομένων.</strong></span> 
     </span>
    </p>
   </div>
   <div class='ocr_carea' id='block_1_39' title="bbox 382 2287 1885 2361">
    <p class='ocr_par' dir='ltr' id='par_1_39' title="bbox 382 2287 1885 2361">
     <span class='ocr_line' id='line_1_39' title="bbox 382 2287 1885 2361; baseline 0.003 -23"><span class='ocrx_word' id='word_1_228' title='bbox 382 2304 403 2338; x_wconf 75' lang='grc' dir='ltr'><strong>ι</strong></span> <span class='ocrx_word' id='word_1_229' title='bbox 455 2287 675 2341; x_wconf 86' lang='grc' dir='ltr'>Πεσέτω</span> <span class='ocrx_word' id='word_1_230' title='bbox 721 2289 785 2343; x_wconf 79' lang='grc' dir='ltr'>τὸ</span> <span class='ocrx_word' id='word_1_231' title='bbox 848 2289 1016 2354; x_wconf 78' lang='grc' dir='ltr'>ἔλεος.</span> <span class='ocrx_word' id='word_1_232' title='bbox 1055 2309 1073 2341; x_wconf 82' lang='grc'><strong>›</strong></span> <span class='ocrx_word' id='word_1_233' title='bbox 1116 2293 1240 2344; x_wconf 85' lang='grc' dir='ltr'>Ὅτι</span> <span class='ocrx_word' id='word_1_234' title='bbox 1298 2290 1462 2344; x_wconf 85' lang='grc' dir='ltr'>Γενοῦ</span> <span class='ocrx_word' id='word_1_235' title='bbox 1519 2290 1768 2361; x_wconf 79' lang='grc' dir='ltr'>ἐλεήμων</span> <span class='ocrx_word' id='word_1_236' title='bbox 1806 2294 1885 2352; x_wconf 78' lang='grc' dir='ltr'><strong>είς</strong></span> 
     </span>
    </p>
   </div>
   <div class='ocr_carea' id='block_1_40' title="bbox 303 2378 429 2449">
    <p class='ocr_par' dir='ltr' id='par_1_40' title="bbox 303 2378 429 2449">
     <span class='ocr_line' id='line_1_40' title="bbox 303 2378 429 2449; baseline 0.04 -17"><span class='ocrx_word' id='word_1_237' title='bbox 303 2378 429 2449; x_wconf 72' lang='grc' dir='ltr'>ιμέ.</span> 
     </span>
    </p>
   </div>
   <div class='ocr_carea' id='block_1_41' title="bbox 376 2472 1887 2546">
    <p class='ocr_par' dir='ltr' id='par_1_41' title="bbox 376 2472 1887 2546">
     <span class='ocr_line' id='line_1_41' title="bbox 376 2472 1887 2546; baseline 0.005 -23"><span class='ocrx_word' id='word_1_238' title='bbox 376 2488 398 2523; x_wconf 62' lang='grc' dir='ltr'>ηι</span> <span class='ocrx_word' id='word_1_239' title='bbox 437 2472 547 2526; x_wconf 76' lang='grc' dir='ltr'><strong>Καὶ</strong></span> <span class='ocrx_word' id='word_1_240' title='bbox 578 2473 891 2540; x_wconf 81' lang='grc' dir='ltr'>συνέταξεν.</span> <span class='ocrx_word' id='word_1_241' title='bbox 920 2494 940 2527; x_wconf 82' lang='grc'><strong><em>›</em></strong></span> <span class='ocrx_word' id='word_1_242' title='bbox 980 2474 1154 2530; x_wconf 85' lang='grc' dir='ltr'>Τοῦτο</span> <span class='ocrx_word' id='word_1_243' title='bbox 1185 2476 1353 2544; x_wconf 82' lang='grc' dir='ltr'>λέγει,</span> <span class='ocrx_word' id='word_1_244' title='bbox 1390 2480 1470 2531; x_wconf 74' lang='grc' dir='ltr'>ὅτι</span> <span class='ocrx_word' id='word_1_245' title='bbox 1498 2476 1745 2546; x_wconf 74' lang='grc' dir='ltr'>ῥυπαρὸν</span> <span class='ocrx_word' id='word_1_246' title='bbox 1786 2477 1887 2544; x_wconf 84' lang='grc' dir='ltr'><strong>ἄρ·</strong></span> 
     </span>
    </p>
   </div>
   <div class='ocr_carea' id='block_1_42' title="bbox 299 2560 1886 2640">
    <p class='ocr_par' dir='ltr' id='par_1_42' title="bbox 299 2560 1886 2640">
     <span class='ocr_line' id='line_1_42' title="bbox 299 2560 1886 2640; baseline 0.002 -24"><span class='ocrx_word' id='word_1_247' title='bbox 299 2577 395 2616; x_wconf 85' lang='grc' dir='ltr'><strong>τον</strong></span> <span class='ocrx_word' id='word_1_248' title='bbox 414 2560 614 2627; x_wconf 68' lang='grc' dir='ltr'>ἔξωθεν</span> <span class='ocrx_word' id='word_1_249' title='bbox 643 2565 740 2619; x_wconf 88' lang='grc' dir='ltr'><strong>τοῦ</strong></span> <span class='ocrx_word' id='word_1_250' title='bbox 766 2568 1099 2637; x_wconf 80' lang='grc' dir='ltr'>πεττομένου</span> <span class='ocrx_word' id='word_1_251' title='bbox 1133 2570 1246 2631; x_wconf 91' lang='grc' dir='ltr'>τοῖς</span> <span class='ocrx_word' id='word_1_252' title='bbox 1284 2568 1724 2638; x_wconf 59' lang='grc' dir='ltr'>ὲλευθέροιςρνα</span> <span class='ocrx_word' id='word_1_253' title='bbox 1755 2569 1886 2640; x_wconf 77' lang='grc' dir='ltr'>εἴπῃ</span> 
     </span>
    </p>
   </div>
   <div class='ocr_carea' id='block_1_43' title="bbox 300 2653 1883 2729">
    <p class='ocr_par' dir='ltr' id='par_1_43' title="bbox 300 2653 1883 2729">
     <span class='ocr_line' id='line_1_43' title="bbox 300 2653 1883 2729; baseline 0.004 -23"><span class='ocrx_word' id='word_1_254' title='bbox 300 2653 395 2710; x_wconf 80' lang='grc' dir='ltr'>τὸν</span> <span class='ocrx_word' id='word_1_255' title='bbox 419 2656 534 2718; x_wconf 81' lang='grc' dir='ltr'>τοῖς</span> <span class='ocrx_word' id='word_1_256' title='bbox 552 2657 793 2722; x_wconf 74' lang='grc' dir='ltr'>οἰκέταις</span> <span class='ocrx_word' id='word_1_257' title='bbox 820 2658 1221 2729; x_wconf 84' lang='grc' dir='ltr'>παρεχόμενον,</span> <span class='ocrx_word' id='word_1_258' title='bbox 1266 2658 1298 2729; x_wconf 71' lang='grc' dir='ltr'>ἢ</span> <span class='ocrx_word' id='word_1_259' title='bbox 1330 2660 1425 2712; x_wconf 75' lang='grc' dir='ltr'>καὶ</span> <span class='ocrx_word' id='word_1_260' title='bbox 1464 2660 1575 2723; x_wconf 87' lang='grc' dir='ltr'>τοῖς</span> <span class='ocrx_word' id='word_1_261' title='bbox 1602 2659 1761 2713; x_wconf 87' lang='grc' dir='ltr'>κυσίν</span> <span class='ocrx_word' id='word_1_262' title='bbox 1785 2675 1798 2689; x_wconf 87' lang='grc'><strong>·</strong></span> <span class='ocrx_word' id='word_1_263' title='bbox 1849 2658 1883 2729; x_wconf 80' lang='grc' dir='ltr'>ἢ</span> 
     </span>
    </p>
   </div>
   <div class='ocr_carea' id='block_1_44' title="bbox 299 2744 1883 2821">
    <p class='ocr_par' dir='ltr' id='par_1_44' title="bbox 299 2744 1883 2821">
     <span class='ocr_line' id='line_1_44' title="bbox 299 2744 1883 2821; baseline 0.003 -23"><span class='ocrx_word' id='word_1_264' title='bbox 299 2745 490 2817; x_wconf 65' lang='grc' dir='ltr'>ἐπειδὴ</span> <span class='ocrx_word' id='word_1_265' title='bbox 524 2748 765 2803; x_wconf 78' lang='grc' dir='ltr'>σιτοδεία</span> <span class='ocrx_word' id='word_1_266' title='bbox 795 2744 864 2820; x_wconf 78' lang='grc' dir='ltr'>ἦν</span> <span class='ocrx_word' id='word_1_267' title='bbox 893 2749 969 2812; x_wconf 82' lang='grc' dir='ltr'>ὡς</span> <span class='ocrx_word' id='word_1_268' title='bbox 1000 2744 1056 2803; x_wconf 78' lang='grc' dir='ltr'>ἐν</span> <span class='ocrx_word' id='word_1_269' title='bbox 1090 2749 1167 2817; x_wconf 81' lang='grc' dir='ltr'><strong>τῶ</strong></span> <span class='ocrx_word' id='word_1_270' title='bbox 1214 2751 1461 2821; x_wconf 84' lang='grc' dir='ltr'>πολέμῳ,</span> <span class='ocrx_word' id='word_1_271' title='bbox 1508 2751 1603 2805; x_wconf 79' lang='grc' dir='ltr'>καὶ</span> <span class='ocrx_word' id='word_1_272' title='bbox 1651 2751 1883 2812; x_wconf 71' lang='grc' dir='ltr'>ἕκαστος</span> 
     </span>
    </p>
   </div>
   <div class='ocr_carea' id='block_1_45' title="bbox 299 2836 1883 2910">
    <p class='ocr_par' dir='ltr' id='par_1_45' title="bbox 299 2836 1883 2910">
     <span class='ocr_line' id='line_1_45' title="bbox 299 2836 1883 2910; baseline 0.003 -22"><span class='ocrx_word' id='word_1_273' title='bbox 299 2836 538 2907; x_wconf 78' lang='grc' dir='ltr'>φανερόν</span> <span class='ocrx_word' id='word_1_274' title='bbox 588 2854 643 2889; x_wconf 91' lang='grc' dir='ltr'><strong>τι</strong></span> <span class='ocrx_word' id='word_1_275' title='bbox 689 2837 1017 2908; x_wconf 74' lang='grc' dir='ltr'>ἐλάμϐανεν,</span> <span class='ocrx_word' id='word_1_276' title='bbox 1068 2838 1242 2909; x_wconf 85' lang='grc' dir='ltr'>λάθρα</span> <span class='ocrx_word' id='word_1_277' title='bbox 1292 2840 1541 2910; x_wconf 76' lang='grc' dir='ltr'>ἔπεμπεν</span> <span class='ocrx_word' id='word_1_278' title='bbox 1567 2841 1596 2893; x_wconf 84' lang='grc' dir='ltr'><strong>ὀ</strong></span> <span class='ocrx_word' id='word_1_279' title='bbox 1627 2839 1883 2909; x_wconf 82' lang='grc' dir='ltr'>βασιλεὺς</span> 
     </span>
    </p>
   </div>
   <div class='ocr_carea' id='block_1_46' title="bbox 299 2926 1883 3004">
    <p class='ocr_par' dir='ltr' id='par_1_46' title="bbox 299 2926 1883 3004">
     <span class='ocr_line' id='line_1_46' title="bbox 299 2926 1883 3004; baseline 0.003 -25"><span class='ocrx_word' id='word_1_280' title='bbox 299 2926 381 2997; x_wconf 81' lang='grc' dir='ltr'>τῷ</span> <span class='ocrx_word' id='word_1_281' title='bbox 407 2929 683 3001; x_wconf 80' lang='grc' dir='ltr'>προφήτῃ,</span> <span class='ocrx_word' id='word_1_282' title='bbox 713 2930 799 2984; x_wconf 78' lang='grc' dir='ltr'>ἵνα</span> <span class='ocrx_word' id='word_1_283' title='bbox 845 2934 918 3002; x_wconf 86' lang='grc' dir='ltr'><strong>μή</strong></span> <span class='ocrx_word' id='word_1_284' title='bbox 948 2949 1031 2996; x_wconf 90' lang='grc' dir='ltr'><strong>τις</strong></span> <span class='ocrx_word' id='word_1_285' title='bbox 1063 2932 1215 3003; x_wconf 81' lang='grc' dir='ltr'><strong>αύτῷ</strong></span> <span class='ocrx_word' id='word_1_286' title='bbox 1258 2931 1495 3004; x_wconf 81' lang='grc' dir='ltr'><strong>συντύχῃ</strong></span> <span class='ocrx_word' id='word_1_287' title='bbox 1519 2949 1533 2963; x_wconf 93' lang='grc'><strong>·</strong></span> <span class='ocrx_word' id='word_1_288' title='bbox 1585 2931 1883 3002; x_wconf 80' lang='grc' dir='ltr'>ἐφοϐοῦντο</span> 
     </span>
    </p>
   </div>
   <div class='ocr_carea' id='block_1_47' title="bbox 304 3017 1129 3088">
    <p class='ocr_par' dir='ltr' id='par_1_47' title="bbox 304 3017 1129 3088">
     <span class='ocr_line' id='line_1_47' title="bbox 304 3017 1129 3088; baseline 0.011 -21"><span class='ocrx_word' id='word_1_289' title='bbox 304 3017 412 3087; x_wconf 71' lang='grc' dir='ltr'>γὰρ</span> <span class='ocrx_word' id='word_1_290' title='bbox 432 3017 533 3088; x_wconf 83' lang='grc' dir='ltr'>τὴν</span> <span class='ocrx_word' id='word_1_291' title='bbox 562 3019 731 3073; x_wconf 76' lang='grc' dir='ltr'>αὑτοῦ</span> <span class='ocrx_word' id='word_1_292' title='bbox 756 3021 1129 3076; x_wconf 81' lang='grc' dir='ltr'>διδασκαλίαν.</span> 
     </span>
    </p>
   </div>
   <div class='ocr_carea' id='block_1_48' title="bbox 875 3220 1293 3276">
    <p class='ocr_par' dir='ltr' id='par_1_48' title="bbox 875 3220 1293 3276">
     <span class='ocr_line' id='line_1_48' title="bbox 875 3220 1293 3276; baseline -0.002 -2"><span class='ocrx_word' id='word_1_293' title='bbox 875 3220 1126 3276; x_wconf 76' lang='grc' dir='ltr'><strong>ΚΕΦΑΛ.</strong></span> <span class='ocrx_word' id='word_1_294' title='bbox 1164 3223 1293 3274; x_wconf 83' lang='lat' dir='ltr'><strong>Ml&#39;.</strong></span> 
     </span>
    </p>
   </div>
   <div class='ocr_carea' id='block_1_49' title="bbox 379 3297 1880 3383">
    <p class='ocr_par' dir='ltr' id='par_1_49' title="bbox 379 3297 1880 3383">
     <span class='ocr_line' id='line_1_49' title="bbox 379 3297 1880 3383; baseline 0.002 -22"><span class='ocrx_word' id='word_1_295' title='bbox 379 3332 392 3359; x_wconf 78' lang='grc' dir='ltr'><strong>ι</strong></span> <span class='ocrx_word' id='word_1_296' title='bbox 424 3297 547 3363; x_wconf 76' lang='grc' dir='ltr'>Ὅτι</span> <span class='ocrx_word' id='word_1_297' title='bbox 598 3311 697 3363; x_wconf 83' lang='grc' dir='ltr'>οὐκ</span> <span class='ocrx_word' id='word_1_298' title='bbox 730 3309 962 3380; x_wconf 78' lang='grc' dir='ltr'>ἠδύνατο</span> <span class='ocrx_word' id='word_1_299' title='bbox 1014 3313 1044 3365; x_wconf 84' lang='grc' dir='ltr'><strong>δ</strong></span> <span class='ocrx_word' id='word_1_300' title='bbox 1098 3312 1362 3381; x_wconf 84' lang='grc' dir='ltr'>βασιλεὺς</span> <span class='ocrx_word' id='word_1_301' title='bbox 1416 3313 1549 3383; x_wconf 80' lang='grc' dir='ltr'>πρὸς</span> <span class='ocrx_word' id='word_1_302' title='bbox 1602 3313 1819 3375; x_wconf 84' lang='grc' dir='ltr'>αὐτούς.</span> <span class='ocrx_word' id='word_1_303' title='bbox 1862 3334 1880 3364; x_wconf 78' lang='lat' dir='ltr'><strong>n</strong></span> 
     </span>
    </p>
   </div>
   <div class='ocr_carea' id='block_1_50' title="bbox 313 3401 1885 3476">
    <p class='ocr_par' dir='ltr' id='par_1_50' title="bbox 313 3401 1885 3476">
     <span class='ocr_line' id='line_1_50' title="bbox 313 3401 1885 3476; baseline 0.003 -23"><span class='ocrx_word' id='word_1_304' title='bbox 313 3402 457 3454; x_wconf 76' lang='grc' dir='ltr'>Ἀντὶ</span> <span class='ocrx_word' id='word_1_305' title='bbox 502 3401 620 3465; x_wconf 88' lang='grc' dir='ltr'>τοῦ,</span> <span class='ocrx_word' id='word_1_306' title='bbox 659 3402 915 3473; x_wconf 79' lang='grc' dir='ltr'>κερδᾶναι</span> <span class='ocrx_word' id='word_1_307' title='bbox 961 3404 1062 3475; x_wconf 78' lang='grc' dir='ltr'><strong>τήν</strong></span> <span class='ocrx_word' id='word_1_308' title='bbox 1101 3404 1280 3476; x_wconf 74' lang='grc' dir='ltr'>ψυχὴν</span> <span class='ocrx_word' id='word_1_309' title='bbox 1333 3404 1523 3458; x_wconf 79' lang='grc' dir='ltr'>αὐτοῦ.</span> <span class='ocrx_word' id='word_1_310' title='bbox 1572 3406 1740 3475; x_wconf 85' lang='grc' dir='ltr'>Δῆλος</span> <span class='ocrx_word' id='word_1_311' title='bbox 1792 3402 1885 3459; x_wconf 76' lang='grc' dir='ltr'><strong>οὖν</strong></span> 
     </span>
    </p>
   </div>
   <div class='ocr_carea' id='block_1_51' title="bbox 296 3491 1884 3568">
    <p class='ocr_par' dir='ltr' id='par_1_51' title="bbox 296 3491 1884 3568">
     <span class='ocr_line' id='line_1_51' title="bbox 296 3491 1884 3568; baseline 0.005 -27"><span class='ocrx_word' id='word_1_312' title='bbox 296 3496 418 3545; x_wconf 77' lang='grc' dir='ltr'>ἐστι</span> <span class='ocrx_word' id='word_1_313' title='bbox 452 3491 623 3546; x_wconf 82' lang='grc' dir='ltr'>θέλων</span> <span class='ocrx_word' id='word_1_314' title='bbox 656 3494 732 3566; x_wconf 79' lang='grc' dir='ltr'>μὴ</span> <span class='ocrx_word' id='word_1_315' title='bbox 767 3497 1126 3568; x_wconf 82' lang='grc' dir='ltr'>ἀναιρεθῆναι</span> <span class='ocrx_word' id='word_1_316' title='bbox 1162 3498 1255 3551; x_wconf 77' lang='grc' dir='ltr'>τὸν</span> <span class='ocrx_word' id='word_1_317' title='bbox 1298 3497 1613 3567; x_wconf 82' lang='grc' dir='ltr'>προφήτην,</span> <span class='ocrx_word' id='word_1_318' title='bbox 1650 3497 1725 3559; x_wconf 85' lang='grc' dir='ltr'>ὼς</span> <span class='ocrx_word' id='word_1_319' title='bbox 1763 3497 1884 3550; x_wconf 80' lang='grc' dir='ltr'>οὐδὲ</span> 
     </span>
    </p>
   </div>
   <div class='ocr_carea' id='block_1_52' title="bbox 302 3584 1482 3661">
    <p class='ocr_par' dir='ltr' id='par_1_52' title="bbox 302 3584 1482 3661">
     <span class='ocr_line' id='line_1_52' title="bbox 302 3584 1482 3661; baseline 0.007 -26"><span class='ocrx_word' id='word_1_320' title='bbox 302 3584 533 3650; x_wconf 57' lang='grc' dir='ltr'>ῆιλάτος</span> <span class='ocrx_word' id='word_1_321' title='bbox 562 3586 655 3640; x_wconf 80' lang='grc' dir='ltr'>τὸν</span> <span class='ocrx_word' id='word_1_322' title='bbox 689 3590 986 3659; x_wconf 81' lang='grc' dir='ltr'>προφητῶν</span> <span class='ocrx_word' id='word_1_323' title='bbox 1016 3589 1220 3661; x_wconf 82' lang='grc' dir='ltr'>Κύριον</span> <span class='ocrx_word' id='word_1_324' title='bbox 1258 3589 1482 3660; x_wconf 82' lang='grc' dir='ltr'>Ἰησοῦν.</span> 
     </span>
    </p>
   </div>
   <div class='ocr_carea' id='block_1_53' title="bbox 378 3679 1884 3751">
    <p class='ocr_par' dir='ltr' id='par_1_53' title="bbox 378 3679 1884 3751">
     <span class='ocr_line' id='line_1_53' title="bbox 378 3679 1884 3751; baseline 0.003 -24"><span class='ocrx_word' id='word_1_325' title='bbox 378 3698 396 3727; x_wconf 67' lang='grc' dir='ltr'><strong>τ</strong></span> <span class='ocrx_word' id='word_1_326' title='bbox 430 3679 542 3732; x_wconf 74' lang='grc' dir='ltr'><strong>Καὶ</strong></span> <span class='ocrx_word' id='word_1_327' title='bbox 569 3680 844 3751; x_wconf 83' lang='grc' dir='ltr'>ὲχάλασαν</span> <span class='ocrx_word' id='word_1_328' title='bbox 874 3681 1038 3735; x_wconf 81' lang='grc' dir='ltr'>αὑτὸν</span> <span class='ocrx_word' id='word_1_329' title='bbox 1088 3682 1169 3745; x_wconf 84' lang='grc' dir='ltr'><strong>είς</strong></span> <span class='ocrx_word' id='word_1_330' title='bbox 1208 3681 1300 3735; x_wconf 82' lang='grc' dir='ltr'>τὸν</span> <span class='ocrx_word' id='word_1_331' title='bbox 1328 3682 1551 3736; x_wconf 91' lang='grc' dir='ltr'>λάκκον.</span> <span class='ocrx_word' id='word_1_332' title='bbox 1595 3701 1612 3731; x_wconf 69' lang='grc' dir='ltr'><strong>ι</strong></span> <span class='ocrx_word' id='word_1_333' title='bbox 1667 3682 1884 3734; x_wconf 79' lang='grc' dir='ltr'>Γίνεται</span> 
     </span>
    </p>
   </div>
   <div class='ocr_carea' id='block_1_54' title="bbox 298 3769 1885 3841">
    <p class='ocr_par' dir='ltr' id='par_1_54' title="bbox 298 3769 1885 3841">
     <span class='ocr_line' id='line_1_54' title="bbox 298 3769 1885 3841; baseline 0.004 -25"><span class='ocrx_word' id='word_1_334' title='bbox 298 3772 470 3829; x_wconf 68' lang='grc' dir='ltr'>τύπος</span> <span class='ocrx_word' id='word_1_335' title='bbox 500 3769 529 3820; x_wconf 87' lang='grc' dir='ltr'>ὁ</span> <span class='ocrx_word' id='word_1_336' title='bbox 560 3770 846 3841; x_wconf 79' lang='grc' dir='ltr'>προφήτης</span> <span class='ocrx_word' id='word_1_337' title='bbox 865 3770 963 3824; x_wconf 93' lang='grc' dir='ltr'><strong>τοῦ</strong></span> <span class='ocrx_word' id='word_1_338' title='bbox 988 3771 1129 3825; x_wconf 81' lang='grc' dir='ltr'>κατὰ</span> <span class='ocrx_word' id='word_1_339' title='bbox 1160 3770 1399 3841; x_wconf 78' lang='grc' dir='ltr'>Χριστὸν</span> <span class='ocrx_word' id='word_1_340' title='bbox 1432 3771 1761 3841; x_wconf 85' lang='grc' dir='ltr'>μυστηρίου,</span> <span class='ocrx_word' id='word_1_341' title='bbox 1789 3769 1885 3822; x_wconf 88' lang='grc' dir='ltr'><strong>τοῦ</strong></span> 
     </span>
    </p>
   </div>
   <div class='ocr_carea' id='block_1_55' title="bbox 294 3856 1882 3931">
    <p class='ocr_par' dir='ltr' id='par_1_55' title="bbox 294 3856 1882 3931">
     <span class='ocr_line' id='line_1_55' title="bbox 294 3856 1882 3931; baseline 0.004 -23"><span class='ocrx_word' id='word_1_342' title='bbox 294 3856 584 3926; x_wconf 81' lang='grc' dir='ltr'>δεδομένου</span> <span class='ocrx_word' id='word_1_343' title='bbox 648 3858 749 3929; x_wconf 82' lang='grc' dir='ltr'>μὲν</span> <span class='ocrx_word' id='word_1_344' title='bbox 773 3862 854 3923; x_wconf 89' lang='grc' dir='ltr'><strong>είς</strong></span> <span class='ocrx_word' id='word_1_345' title='bbox 902 3863 1091 3931; x_wconf 76' lang='grc' dir='ltr'>χεῖρας</span> <span class='ocrx_word' id='word_1_346' title='bbox 1148 3861 1421 3916; x_wconf 86' lang='grc' dir='ltr'>Ἰουδαίων</span> <span class='ocrx_word' id='word_1_347' title='bbox 1475 3862 1580 3915; x_wconf 72' lang='grc' dir='ltr'><strong>ὑπὸ</strong></span> <span class='ocrx_word' id='word_1_348' title='bbox 1622 3862 1882 3927; x_wconf 83' lang='grc' dir='ltr'>Πιλάτου,</span> 
     </span>
    </p>
   </div>
   <div class='ocr_carea' id='block_1_56' title="bbox 296 3948 1884 4023">
    <p class='ocr_par' dir='ltr' id='par_1_56' title="bbox 296 3948 1884 4023">
     <span class='ocr_line' id='line_1_56' title="bbox 296 3948 1884 4023; baseline 0.004 -24"><span class='ocrx_word' id='word_1_349' title='bbox 296 3948 655 4013; x_wconf 81' lang='grc' dir='ltr'>κατελθόντος</span> <span class='ocrx_word' id='word_1_350' title='bbox 682 3950 740 4004; x_wconf 78' lang='grc' dir='ltr'>δὲ</span> <span class='ocrx_word' id='word_1_351' title='bbox 768 3951 906 4022; x_wconf 81' lang='grc' dir='ltr'>πρὸς</span> <span class='ocrx_word' id='word_1_352' title='bbox 947 3952 1040 4005; x_wconf 82' lang='grc' dir='ltr'>τὸν</span> <span class='ocrx_word' id='word_1_353' title='bbox 1070 3953 1390 4023; x_wconf 85' lang='grc' dir='ltr'>δυσώνυμον</span> <span class='ocrx_word' id='word_1_354' title='bbox 1427 3954 1523 4007; x_wconf 78' lang='grc' dir='ltr'>καὶ</span> <span class='ocrx_word' id='word_1_355' title='bbox 1554 3953 1884 4023; x_wconf 83' lang='grc' dir='ltr'>ἀηδέστατον</span> 
     </span>
    </p>
   </div>
   <div class='ocr_carea' id='block_1_57' title="bbox 296 4038 1886 4115">
    <p class='ocr_par' dir='ltr' id='par_1_57' title="bbox 296 4038 1886 4115">
     <span class='ocr_line' id='line_1_57' title="bbox 296 4038 1886 4115; baseline 0.003 -22"><span class='ocrx_word' id='word_1_356' title='bbox 296 4038 454 4111; x_wconf 66' lang='grc' dir='ltr'>ᾅδην,</span> <span class='ocrx_word' id='word_1_357' title='bbox 474 4042 571 4093; x_wconf 72' lang='grc' dir='ltr'>καὶ</span> <span class='ocrx_word' id='word_1_358' title='bbox 601 4043 668 4094; x_wconf 73' lang='grc' dir='ltr'>ἐκ</span> <span class='ocrx_word' id='word_1_359' title='bbox 684 4042 796 4095; x_wconf 90' lang='grc' dir='ltr'><strong>τῶν</strong></span> <span class='ocrx_word' id='word_1_360' title='bbox 826 4043 1038 4114; x_wconf 83' lang='grc' dir='ltr'>νεκρῶν</span> <span class='ocrx_word' id='word_1_361' title='bbox 1074 4045 1405 4108; x_wconf 74' lang='grc' dir='ltr'>ἀναστάντος</span> <span class='ocrx_word' id='word_1_362' title='bbox 1426 4064 1438 4075; x_wconf 95' lang='grc'><strong>·</strong></span> <span class='ocrx_word' id='word_1_363' title='bbox 1485 4045 1675 4115; x_wconf 83' lang='grc' dir='ltr'>ὥσπερ</span> <span class='ocrx_word' id='word_1_364' title='bbox 1696 4046 1886 4115; x_wconf 86' lang='grc' dir='ltr'>ἀμέλει</span> 
     </span>
    </p>
   </div>
   <div class='ocr_carea' id='block_1_58' title="bbox 298 4131 1886 4206">
    <p class='ocr_par' dir='ltr' id='par_1_58' title="bbox 298 4131 1886 4206">
     <span class='ocr_line' id='line_1_58' title="bbox 298 4131 1886 4206; baseline 0.004 -23"><span class='ocrx_word' id='word_1_365' title='bbox 298 4131 396 4184; x_wconf 68' lang='grc' dir='ltr'><strong>καὶ</strong></span> <span class='ocrx_word' id='word_1_366' title='bbox 422 4133 451 4184; x_wconf 82' lang='grc' dir='ltr'><strong>ὁ</strong></span> <span class='ocrx_word' id='word_1_367' title='bbox 486 4134 775 4204; x_wconf 86' lang='grc' dir='ltr'>προφήτης</span> <span class='ocrx_word' id='word_1_368' title='bbox 801 4136 867 4188; x_wconf 83' lang='grc' dir='ltr'>ὲκ</span> <span class='ocrx_word' id='word_1_369' title='bbox 902 4134 999 4189; x_wconf 88' lang='grc' dir='ltr'><strong>τοῦ</strong></span> <span class='ocrx_word' id='word_1_370' title='bbox 1023 4134 1229 4191; x_wconf 83' lang='grc' dir='ltr'>λάκκου</span> <span class='ocrx_word' id='word_1_371' title='bbox 1261 4135 1424 4190; x_wconf 89' lang='grc' dir='ltr'>πάλιν</span> <span class='ocrx_word' id='word_1_372' title='bbox 1443 4136 1610 4206; x_wconf 86' lang='grc' dir='ltr'>ἀνέϐη</span> <span class='ocrx_word' id='word_1_373' title='bbox 1641 4153 1654 4166; x_wconf 90' lang='grc'><strong>·</strong></span> <span class='ocrx_word' id='word_1_374' title='bbox 1685 4136 1886 4191; x_wconf 88' lang='grc' dir='ltr'>λάκκον</span> 
     </span>
    </p>
   </div>
   <div class='ocr_carea' id='block_1_59' title="bbox 295 4224 1426 4300">
    <p class='ocr_par' dir='ltr' id='par_1_59' title="bbox 295 4224 1426 4300">
     <span class='ocr_line' id='line_1_59' title="bbox 295 4224 1426 4300; baseline 0.004 -23"><span class='ocrx_word' id='word_1_375' title='bbox 295 4224 357 4277; x_wconf 82' lang='grc' dir='ltr'>δὲ</span> <span class='ocrx_word' id='word_1_376' title='bbox 379 4226 414 4296; x_wconf 86' lang='grc' dir='ltr'><strong>ή</strong></span> <span class='ocrx_word' id='word_1_377' title='bbox 443 4224 634 4295; x_wconf 83' lang='grc' dir='ltr'>Γραφὴ</span> <span class='ocrx_word' id='word_1_378' title='bbox 668 4225 940 4296; x_wconf 78' lang='grc' dir='ltr'>πολλαχοῦ</span> <span class='ocrx_word' id='word_1_379' title='bbox 974 4226 1066 4281; x_wconf 75' lang='grc' dir='ltr'><strong>τὸν</strong></span> <span class='ocrx_word' id='word_1_380' title='bbox 1092 4227 1228 4300; x_wconf 69' lang='grc' dir='ltr'>ᾅδην</span> <span class='ocrx_word' id='word_1_381' title='bbox 1248 4229 1426 4283; x_wconf 88' lang='grc' dir='ltr'>καλεῖ.</span> 
     </span>
    </p>
   </div>
   <div class='ocr_carea' id='block_1_60' title="bbox 376 4314 1887 4389">
    <p class='ocr_par' dir='ltr' id='par_1_60' title="bbox 376 4314 1887 4389">
     <span class='ocr_line' id='line_1_60' title="bbox 376 4314 1887 4389; baseline 0.003 -24"><span class='ocrx_word' id='word_1_382' title='bbox 376 4334 396 4365; x_wconf 83' lang='grc'><em>‹</em></span> <span class='ocrx_word' id='word_1_383' title='bbox 443 4314 827 4386; x_wconf 83' lang='grc' dir='ltr'>Ἐπονηρεύσω</span> <span class='ocrx_word' id='word_1_384' title='bbox 854 4316 893 4371; x_wconf 74' lang='grc' dir='ltr'>ἃ</span> <span class='ocrx_word' id='word_1_385' title='bbox 932 4315 1251 4389; x_wconf 72' lang='grc' dir='ltr'>ὶποίησας.»</span> <span class='ocrx_word' id='word_1_386' title='bbox 1298 4315 1887 4388; x_wconf 68' lang='grc' dir='ltr'>Ἀϐδεμελὲχδᾼῑθίοψ</span> 
     </span>
    </p>
   </div>
   <div class='ocr_carea' id='block_1_61' title="bbox 301 4404 1884 4481">
    <p class='ocr_par' dir='ltr' id='par_1_61' title="bbox 301 4404 1884 4481">
     <span class='ocr_line' id='line_1_61' title="bbox 301 4404 1884 4481; baseline 0.003 -25"><span class='ocrx_word' id='word_1_387' title='bbox 301 4404 626 4475; x_wconf 85' lang='grc' dir='ltr'>βουλόμενος</span> <span class='ocrx_word' id='word_1_388' title='bbox 656 4407 829 4462; x_wconf 90' lang='grc' dir='ltr'>σῶσαι</span> <span class='ocrx_word' id='word_1_389' title='bbox 854 4407 949 4463; x_wconf 80' lang='grc' dir='ltr'>τὸν</span> <span class='ocrx_word' id='word_1_390' title='bbox 984 4408 1260 4481; x_wconf 88' lang='grc' dir='ltr'>Ἰερεμίαν</span> <span class='ocrx_word' id='word_1_391' title='bbox 1299 4408 1578 4480; x_wconf 78' lang='grc' dir='ltr'>μέμφεται</span> <span class='ocrx_word' id='word_1_392' title='bbox 1611 4408 1692 4479; x_wconf 83' lang='grc' dir='ltr'>τῷ</span> <span class='ocrx_word' id='word_1_393' title='bbox 1725 4407 1884 4478; x_wconf 86' lang='grc' dir='ltr'>βασι-</span> 
     </span>
    </p>
   </div>
   <div class='ocr_carea' id='block_1_62' title="bbox 1993 1907 3573 1979">
    <p class='ocr_par' dir='ltr' id='par_1_62' title="bbox 1993 1907 3573 1979">
     <span class='ocr_line' id='line_1_62' title="bbox 1993 1907 3573 1979; baseline -0.001 -16"><span class='ocrx_word' id='word_1_394' title='bbox 1993 1908 2061 1964; x_wconf 90' lang='lat' dir='ltr'><strong>ad</strong></span> <span class='ocrx_word' id='word_1_395' title='bbox 2089 1908 2468 1975; x_wconf 84' lang='lat' dir='ltr'><strong>habitandum,</strong></span> <span class='ocrx_word' id='word_1_396' title='bbox 2492 1909 2577 1964; x_wconf 85' lang='lat' dir='ltr'><strong>vel</strong></span> <span class='ocrx_word' id='word_1_397' title='bbox 2603 1924 2702 1979; x_wconf 92' lang='lat' dir='ltr'><strong>pro</strong></span> <span class='ocrx_word' id='word_1_398' title='bbox 2735 1924 2803 1964; x_wconf 88' lang='lat' dir='ltr'><strong>eo</strong></span> <span class='ocrx_word' id='word_1_399' title='bbox 2834 1909 2977 1979; x_wconf 89' lang='lat' dir='ltr'><strong>quod</strong></span> <span class='ocrx_word' id='word_1_400' title='bbox 3007 1918 3109 1973; x_wconf 87' lang='lat' dir='ltr'><strong>est,</strong></span> <span class='ocrx_word' id='word_1_401' title='bbox 3140 1908 3467 1979; x_wconf 90' lang='lat' dir='ltr'><strong>prophetare</strong></span> <span class='ocrx_word' id='word_1_402' title='bbox 3518 1907 3573 1961; x_wconf 92' lang='lat' dir='ltr'><strong>in</strong></span> 
     </span>
    </p>
   </div>
   <div class='ocr_carea' id='block_1_63' title="bbox 1993 1999 3573 2072">
    <p class='ocr_par' dir='ltr' id='par_1_63' title="bbox 1993 1999 3573 2072">
     <span class='ocr_line' id='line_1_63' title="bbox 1993 1999 3573 2072; baseline 0 -17"><span class='ocrx_word' id='word_1_403' title='bbox 1993 1999 2249 2068; x_wconf 89' lang='lat' dir='ltr'><strong>foro;vel</strong></span> <span class='ocrx_word' id='word_1_404' title='bbox 2283 2001 2447 2056; x_wconf 91' lang='lat' dir='ltr'><strong>etiam</strong></span> <span class='ocrx_word' id='word_1_405' title='bbox 2480 2001 2553 2056; x_wconf 92' lang='lat' dir='ltr'><strong>ibi</strong></span> <span class='ocrx_word' id='word_1_406' title='bbox 2584 2001 2885 2072; x_wconf 89' lang='lat' dir='ltr'><strong>periculum</strong></span> <span class='ocrx_word' id='word_1_407' title='bbox 2925 2002 3154 2065; x_wconf 88' lang='lat' dir='ltr'><strong>subiret,</strong></span> <span class='ocrx_word' id='word_1_408' title='bbox 3191 2010 3245 2057; x_wconf 88' lang='lat' dir='ltr'><strong>ct</strong></span> <span class='ocrx_word' id='word_1_409' title='bbox 3274 2000 3389 2056; x_wconf 92' lang='lat' dir='ltr'><strong>suis</strong></span> <span class='ocrx_word' id='word_1_410' title='bbox 3426 2000 3573 2072; x_wconf 91' lang='lat' dir='ltr'><strong>peri-</strong></span> 
     </span>
    </p>
   </div>
   <div class='ocr_carea' id='block_1_64' title="bbox 1993 2093 3048 2149">
    <p class='ocr_par' dir='ltr' id='par_1_64' title="bbox 1993 2093 3048 2149">
     <span class='ocr_line' id='line_1_64' title="bbox 1993 2093 3048 2149; baseline -0.001 -2"><span class='ocrx_word' id='word_1_411' title='bbox 1993 2093 2130 2148; x_wconf 90' lang='lat' dir='ltr'><strong>culis</strong></span> <span class='ocrx_word' id='word_1_412' title='bbox 2158 2094 2389 2149; x_wconf 85' lang='lat' dir='ltr'><strong>salutem</strong></span> <span class='ocrx_word' id='word_1_413' title='bbox 2413 2103 2623 2149; x_wconf 89' lang='lat' dir='ltr'><strong>emeret</strong></span> <span class='ocrx_word' id='word_1_414' title='bbox 2643 2095 3048 2149; x_wconf 86' lang='lat' dir='ltr'><strong>salvandorum.</strong></span> 
     </span>
    </p>
   </div>
   <div class='ocr_carea' id='block_1_65' title="bbox 2065 2286 3573 2347">
    <p class='ocr_par' dir='ltr' id='par_1_65' title="bbox 2065 2286 3573 2347">
     <span class='ocr_line' id='line_1_65' title="bbox 2065 2286 3573 2347; baseline 0.005 -8"><span class='ocrx_word' id='word_1_415' title='bbox 2065 2286 2128 2341; x_wconf 87' lang='lat' dir='ltr'><strong>V.</strong></span> <span class='ocrx_word' id='word_1_416' title='bbox 2158 2290 2178 2341; x_wconf 84' lang='lat'><strong>~|</strong></span> <span class='ocrx_word' id='word_1_417' title='bbox 2192 2288 2244 2343; x_wconf 91' lang='lat'><strong>9.</strong></span> <span class='ocrx_word' id='word_1_418' title='bbox 2283 2307 2301 2339; x_wconf 77' lang='grc' dir='ltr'><strong>ι</strong></span> <span class='ocrx_word' id='word_1_419' title='bbox 2331 2287 2528 2343; x_wconf 84' lang='lat' dir='ltr'><strong>Veniat</strong></span> <span class='ocrx_word' id='word_1_420' title='bbox 2549 2288 2947 2343; x_wconf 86' lang='lat' dir='ltr'><strong>misericordia.</strong></span> <span class='ocrx_word' id='word_1_421' title='bbox 3004 2309 3021 2341; x_wconf 74' lang='grc' dir='ltr'><strong>ι</strong></span> <span class='ocrx_word' id='word_1_422' title='bbox 3064 2288 3121 2345; x_wconf 90' lang='lat' dir='ltr'><strong>ld</strong></span> <span class='ocrx_word' id='word_1_423' title='bbox 3143 2300 3229 2345; x_wconf 88' lang='lat' dir='ltr'><strong>est</strong></span> <span class='ocrx_word' id='word_1_424' title='bbox 3262 2290 3573 2347; x_wconf 87' lang='lat' dir='ltr'><strong>misericors</strong></span> 
     </span>
    </p>
   </div>
   <div class='ocr_carea' id='block_1_66' title="bbox 1992 2364 2298 2435">
    <p class='ocr_par' dir='ltr' id='par_1_66' title="bbox 1992 2364 2298 2435">
     <span class='ocr_line' id='line_1_66' title="bbox 1992 2364 2298 2435; baseline 0.007 -3"><span class='ocrx_word' id='word_1_425' title='bbox 1992 2380 2046 2433; x_wconf 92' lang='lat' dir='ltr'><strong>in</strong></span> <span class='ocrx_word' id='word_1_426' title='bbox 2073 2364 2171 2434; x_wconf 42' lang='lat' dir='ltr'><strong>&#39;me</strong></span> <span class='ocrx_word' id='word_1_427' title='bbox 2200 2381 2298 2435; x_wconf 89' lang='lat' dir='ltr'><strong>sis.</strong></span> 
     </span>
    </p>
   </div>
   <div class='ocr_carea' id='block_1_67' title="bbox 2063 2468 3574 2542">
    <p class='ocr_par' dir='ltr' id='par_1_67' title="bbox 2063 2468 3574 2542">
     <span class='ocr_line' id='line_1_67' title="bbox 2063 2468 3574 2542; baseline 0.004 -20"><span class='ocrx_word' id='word_1_428' title='bbox 2063 2468 2127 2522; x_wconf 84' lang='lat' dir='ltr'><strong>V.</strong></span> <span class='ocrx_word' id='word_1_429' title='bbox 2154 2470 2243 2525; x_wconf 75' lang='lat'><strong>20.</strong></span> <span class='ocrx_word' id='word_1_430' title='bbox 2288 2488 2306 2522; x_wconf 81' lang='grc' dir='ltr'><strong>ι</strong></span> <span class='ocrx_word' id='word_1_431' title='bbox 2338 2470 2405 2525; x_wconf 85' lang='lat' dir='ltr'><strong>Et</strong></span> <span class='ocrx_word' id='word_1_432' title='bbox 2443 2471 2723 2541; x_wconf 54' lang='lat' dir='ltr'><strong>praecepit.</strong></span> <span class='ocrx_word' id='word_1_433' title='bbox 2767 2491 2786 2523; x_wconf 73' lang='grc' dir='ltr'><strong>ι</strong></span> <span class='ocrx_word' id='word_1_434' title='bbox 2813 2468 2927 2525; x_wconf 82' lang='lat' dir='ltr'><strong>Hoc</strong></span> <span class='ocrx_word' id='word_1_435' title='bbox 2955 2472 3051 2538; x_wconf 89' lang='lat' dir='ltr'><strong>ait,</strong></span> <span class='ocrx_word' id='word_1_436' title='bbox 3073 2474 3217 2541; x_wconf 89' lang='lat' dir='ltr'><strong>quod</strong></span> <span class='ocrx_word' id='word_1_437' title='bbox 3251 2469 3450 2542; x_wconf 73' lang='lat' dir='ltr'><strong>panem</strong></span> <span class='ocrx_word' id='word_1_438' title='bbox 3480 2475 3574 2530; x_wconf 81' lang='lat' dir='ltr'><strong>da-</strong></span> 
     </span>
    </p>
   </div>
   <div class='ocr_carea' id='block_1_68' title="bbox 1989 2565 3572 2638">
    <p class='ocr_par' dir='ltr' id='par_1_68' title="bbox 1989 2565 3572 2638">
     <span class='ocr_line' id='line_1_68' title="bbox 1989 2565 3572 2638; baseline 0.003 -19"><span class='ocrx_word' id='word_1_439' title='bbox 1989 2565 2121 2620; x_wconf 85' lang='lat' dir='ltr'><strong>bant</strong></span> <span class='ocrx_word' id='word_1_440' title='bbox 2153 2566 2456 2631; x_wconf 89' lang='lat' dir='ltr'><strong>sordidum,</strong></span> <span class='ocrx_word' id='word_1_441' title='bbox 2485 2581 2595 2621; x_wconf 93' lang='lat' dir='ltr'><strong>non</strong></span> <span class='ocrx_word' id='word_1_442' title='bbox 2631 2567 2781 2621; x_wconf 89' lang='lat' dir='ltr'><strong>illum</strong></span> <span class='ocrx_word' id='word_1_443' title='bbox 2833 2567 2927 2637; x_wconf 90' lang='lat' dir='ltr'><strong>qui</strong></span> <span class='ocrx_word' id='word_1_444' title='bbox 2976 2567 3337 2623; x_wconf 88' lang='lat' dir='ltr'><strong>nobilioribus</strong></span> <span class='ocrx_word' id='word_1_445' title='bbox 3368 2584 3572 2638; x_wconf 88' lang='lat' dir='ltr'><strong>coque-</strong></span> 
     </span>
    </p>
   </div>
   <div class='ocr_carea' id='block_1_69' title="bbox 1988 2652 3572 2726">
    <p class='ocr_par' dir='ltr' id='par_1_69' title="bbox 1988 2652 3572 2726">
     <span class='ocr_line' id='line_1_69' title="bbox 1988 2652 3572 2726; baseline 0.006 -20"><span class='ocrx_word' id='word_1_446' title='bbox 1988 2652 2169 2708; x_wconf 88' lang='lat' dir='ltr'><strong>batur.</strong></span> <span class='ocrx_word' id='word_1_447' title='bbox 2208 2653 2371 2719; x_wconf 85' lang='lat' dir='ltr'><strong>Quasi</strong></span> <span class='ocrx_word' id='word_1_448' title='bbox 2403 2654 2649 2719; x_wconf 89' lang='lat' dir='ltr'><strong>diceret,</strong></span> <span class='ocrx_word' id='word_1_449' title='bbox 2685 2671 2810 2710; x_wconf 90' lang='lat' dir='ltr'><strong>cum</strong></span> <span class='ocrx_word' id='word_1_450' title='bbox 2840 2657 2934 2726; x_wconf 88' lang='lat' dir='ltr'><strong>qui</strong></span> <span class='ocrx_word' id='word_1_451' title='bbox 2984 2658 3201 2712; x_wconf 78' lang='lat' dir='ltr'><strong>famulis</strong></span> <span class='ocrx_word' id='word_1_452' title='bbox 3230 2658 3311 2713; x_wconf 78' lang='lat' dir='ltr'><strong>vel</strong></span> <span class='ocrx_word' id='word_1_453' title='bbox 3343 2661 3572 2715; x_wconf 72' lang='lat' dir='ltr'><strong>canibus</strong></span> 
     </span>
    </p>
   </div>
   <div class='ocr_carea' id='block_1_70' title="bbox 2064 2743 3572 2819">
    <p class='ocr_par' dir='ltr' id='par_1_70' title="bbox 2064 2743 3572 2819">
     <span class='ocr_line' id='line_1_70' title="bbox 2064 2743 3572 2819; baseline 0.004 -22"><span class='ocrx_word' id='word_1_454' title='bbox 2064 2743 2398 2813; x_wconf 76' lang='lat' dir='ltr'><strong>rrigebatur;</strong></span> <span class='ocrx_word' id='word_1_455' title='bbox 2424 2745 2508 2799; x_wconf 83' lang='lat' dir='ltr'><strong>vel</strong></span> <span class='ocrx_word' id='word_1_456' title='bbox 2530 2745 2658 2814; x_wconf 87' lang='lat' dir='ltr'><strong>quia</strong></span> <span class='ocrx_word' id='word_1_457' title='bbox 2686 2746 2943 2801; x_wconf 80' lang='lat' dir='ltr'><strong>frumenti</strong></span> <span class='ocrx_word' id='word_1_458' title='bbox 2976 2760 3093 2802; x_wconf 83' lang='lat' dir='ltr'><strong>erat</strong></span> <span class='ocrx_word' id='word_1_459' title='bbox 3124 2750 3330 2819; x_wconf 80' lang='lat' dir='ltr'><strong>inopia,</strong></span> <span class='ocrx_word' id='word_1_460' title='bbox 3358 2760 3411 2802; x_wconf 89' lang='lat' dir='ltr'><strong>ut</strong></span> <span class='ocrx_word' id='word_1_461' title='bbox 3437 2756 3572 2803; x_wconf 79' lang='lat' dir='ltr'><strong>tem-</strong></span> 
     </span>
    </p>
   </div>
   <div class='ocr_carea' id='block_1_71' title="bbox 1987 2757 3571 2912">
    <p class='ocr_par' dir='ltr' id='par_1_71' title="bbox 1987 2757 3571 2912">
     <span class='ocr_line' id='line_1_71' title="bbox 2064 2757 3571 2819; baseline 0.004 -22"><span class='ocrx_word' id='word_1_462' title='bbox 2064 2757 2398 2813; x_wconf 78' lang='lat' dir='ltr'><strong>rrtgeuatur;</strong></span> <span class='ocrx_word' id='word_1_463' title='bbox 2424 2757 2508 2799; x_wconf 85' lang='lat' dir='ltr'><strong>vel</strong></span> <span class='ocrx_word' id='word_1_464' title='bbox 2530 2761 2658 2814; x_wconf 76' lang='lat' dir='ltr'><strong>quia</strong></span> <span class='ocrx_word' id='word_1_465' title='bbox 2686 2757 2943 2801; x_wconf 69' lang='lat' dir='ltr'><strong>I’rumenti</strong></span> <span class='ocrx_word' id='word_1_466' title='bbox 2976 2760 3093 2802; x_wconf 83' lang='lat' dir='ltr'><strong>erat</strong></span> <span class='ocrx_word' id='word_1_467' title='bbox 3124 2757 3330 2819; x_wconf 81' lang='lat' dir='ltr'><strong>inopia,</strong></span> <span class='ocrx_word' id='word_1_468' title='bbox 3358 2760 3411 2802; x_wconf 86' lang='lat' dir='ltr'><strong>ut</strong></span> <span class='ocrx_word' id='word_1_469' title='bbox 3437 2757 3571 2803; x_wconf 79' lang='lat' dir='ltr'><strong>tem-</strong></span> 
     </span>
     <span class='ocr_line' id='line_1_72' title="bbox 1987 2757 3571 2912; baseline 0.007 -27"><span class='ocrx_word' id='word_1_470' title='bbox 1987 2757 2124 2901; x_wconf 55' lang='lat' dir='ltr'><strong>Ezre</strong></span> <span class='ocrx_word' id='word_1_471' title='bbox 2152 2834 2281 2889; x_wconf 86' lang='lat' dir='ltr'><strong>belli</strong></span> <span class='ocrx_word' id='word_1_472' title='bbox 2312 2835 2427 2888; x_wconf 85' lang='lat' dir='ltr'><strong>ficri</strong></span> <span class='ocrx_word' id='word_1_473' title='bbox 2452 2835 2673 2899; x_wconf 86' lang='lat' dir='ltr'><strong>assolet,</strong></span> <span class='ocrx_word' id='word_1_474' title='bbox 2702 2846 2758 2892; x_wconf 88' lang='lat' dir='ltr'><strong>et</strong></span> <span class='ocrx_word' id='word_1_475' title='bbox 2791 2828 3167 2909; x_wconf 73' lang='lat' dir='ltr'><strong>unusquisque</strong></span> <span class='ocrx_word' id='word_1_476' title='bbox 3207 2851 3413 2896; x_wconf 88' lang='lat' dir='ltr'><strong>certam</strong></span> <span class='ocrx_word' id='word_1_477' title='bbox 3442 2858 3571 2912; x_wconf 85' lang='lat' dir='ltr'><strong>por-</strong></span> 
     </span>
    </p>
   </div>
   <div class='ocr_carea' id='block_1_72' title="bbox 1991 2923 3575 3001">
    <p class='ocr_par' dir='ltr' id='par_1_72' title="bbox 1991 2923 3575 3001">
     <span class='ocr_line' id='line_1_73' title="bbox 1991 2923 3575 3001; baseline 0.007 -25"><span class='ocrx_word' id='word_1_478' title='bbox 1991 2923 2195 2979; x_wconf 89' lang='lat' dir='ltr'><strong>tionem</strong></span> <span class='ocrx_word' id='word_1_479' title='bbox 2228 2927 2497 2989; x_wconf 89' lang='lat' dir='ltr'><strong>sumebat,</strong></span> <span class='ocrx_word' id='word_1_480' title='bbox 2534 2926 2671 2981; x_wconf 85' lang='lat' dir='ltr'><strong>clam</strong></span> <span class='ocrx_word' id='word_1_481' title='bbox 2698 2928 2949 2984; x_wconf 84' lang='lat' dir='ltr'><strong>mittebat</strong></span> <span class='ocrx_word' id='word_1_482' title='bbox 3010 2933 3293 3001; x_wconf 71' lang='lat' dir='ltr'><strong>prapheta:</strong></span> <span class='ocrx_word' id='word_1_483' title='bbox 3339 2949 3454 2993; x_wconf 83' lang='lat' dir='ltr'><strong>rex.</strong></span> <span class='ocrx_word' id='word_1_484' title='bbox 3504 2950 3575 2987; x_wconf 87' lang='lat' dir='ltr'><strong>ne</strong></span> 
     </span>
    </p>
   </div>
   <div class='ocr_carea' id='block_1_73' title="bbox 1987 3014 3566 3093">
    <p class='ocr_par' dir='ltr' id='par_1_73' title="bbox 1987 3014 3566 3093">
     <span class='ocr_line' id='line_1_74' title="bbox 1987 3014 3566 3093; baseline 0.006 -26"><span class='ocrx_word' id='word_1_485' title='bbox 1987 3014 2109 3084; x_wconf 88' lang='lat' dir='ltr'><strong>quis</strong></span> <span class='ocrx_word' id='word_1_486' title='bbox 2148 3030 2273 3068; x_wconf 92' lang='lat' dir='ltr'><strong>cum</strong></span> <span class='ocrx_word' id='word_1_487' title='bbox 2302 3016 2671 3085; x_wconf 90' lang='lat' dir='ltr'><strong>alloqueretur</strong></span> <span class='ocrx_word' id='word_1_488' title='bbox 2696 3036 2709 3081; x_wconf 91' lang='lat'><strong>;</strong></span> <span class='ocrx_word' id='word_1_489' title='bbox 2742 3019 2946 3074; x_wconf 87' lang='lat' dir='ltr'><strong>etenim</strong></span> <span class='ocrx_word' id='word_1_490' title='bbox 2977 3023 3095 3089; x_wconf 77' lang='lat' dir='ltr'><strong>ejus</strong></span> <span class='ocrx_word' id='word_1_491' title='bbox 3123 3022 3426 3077; x_wconf 77' lang='lat' dir='ltr'><strong>doctrinam</strong></span> <span class='ocrx_word' id='word_1_492' title='bbox 3446 3040 3566 3093; x_wconf 79' lang='lat' dir='ltr'><strong>per-</strong></span> 
     </span>
    </p>
   </div>
   <div class='ocr_carea' id='block_1_74' title="bbox 1990 3109 2372 3167">
    <p class='ocr_par' dir='ltr' id='par_1_74' title="bbox 1990 3109 2372 3167">
     <span class='ocr_line' id='line_1_75' title="bbox 1990 3109 2372 3167; baseline 0.005 -4"><span class='ocrx_word' id='word_1_493' title='bbox 1990 3109 2372 3167; x_wconf 86' lang='lat' dir='ltr'><strong>timescebant.</strong></span> 
     </span>
    </p>
   </div>
   <div class='ocr_carea' id='block_1_75' title="bbox 2549 3224 3022 3280">
    <p class='ocr_par' dir='ltr' id='par_1_75' title="bbox 2549 3224 3022 3280">
     <span class='ocr_line' id='line_1_76' title="bbox 2549 3224 3022 3280; baseline -0.006 -2"><span class='ocrx_word' id='word_1_494' title='bbox 2549 3225 2703 3279; x_wconf 78' lang='lat' dir='ltr'><strong>CAP.</strong></span> <span class='ocrx_word' id='word_1_495' title='bbox 2728 3224 3022 3280; x_wconf 74' lang='lat' dir='ltr'><strong>XXXVIII.</strong></span> 
     </span>
    </p>
   </div>
   <div class='ocr_carea' id='block_1_76' title="bbox 2062 3308 3571 3384">
    <p class='ocr_par' dir='ltr' id='par_1_76' title="bbox 2062 3308 3571 3384">
     <span class='ocr_line' id='line_1_77' title="bbox 2062 3308 3571 3384; baseline 0.008 -21"><span class='ocrx_word' id='word_1_496' title='bbox 2062 3308 2123 3364; x_wconf 83' lang='lat' dir='ltr'><strong>V.</strong></span> <span class='ocrx_word' id='word_1_497' title='bbox 2156 3312 2209 3365; x_wconf 86' lang='lat'><strong>5.</strong></span> <span class='ocrx_word' id='word_1_498' title='bbox 2251 3331 2268 3361; x_wconf 76' lang='grc' dir='ltr'><strong>ι</strong></span> <span class='ocrx_word' id='word_1_499' title='bbox 2299 3313 2415 3368; x_wconf 83' lang='grc' dir='ltr'>Νοη</span> <span class='ocrx_word' id='word_1_500' title='bbox 2436 3315 2582 3369; x_wconf 89' lang='lat' dir='ltr'><strong>enim</strong></span> <span class='ocrx_word' id='word_1_501' title='bbox 2608 3325 2821 3384; x_wconf 87' lang='lat' dir='ltr'><strong>potcrat</strong></span> <span class='ocrx_word' id='word_1_502' title='bbox 2840 3332 2935 3371; x_wconf 81' lang='lat' dir='ltr'><strong>rex</strong></span> <span class='ocrx_word' id='word_1_503' title='bbox 2971 3316 3237 3372; x_wconf 77' lang='lat' dir='ltr'><strong>adversus</strong></span> <span class='ocrx_word' id='word_1_504' title='bbox 3266 3334 3379 3373; x_wconf 87' lang='lat' dir='ltr'><strong>eos.</strong></span> <span class='ocrx_word' id='word_1_505' title='bbox 3421 3338 3439 3369; x_wconf 72' lang='grc' dir='ltr'><strong>ι</strong></span> <span class='ocrx_word' id='word_1_506' title='bbox 3460 3319 3571 3375; x_wconf 72' lang='grc' dir='ltr'>ΙΙοι·</span> 
     </span>
    </p>
   </div>
   <div class='ocr_carea' id='block_1_77' title="bbox 1987 3402 3568 3482">
    <p class='ocr_par' dir='ltr' id='par_1_77' title="bbox 1987 3402 3568 3482">
     <span class='ocr_line' id='line_1_78' title="bbox 1987 3402 3568 3482; baseline 0.006 -28"><span class='ocrx_word' id='word_1_507' title='bbox 1987 3408 2105 3467; x_wconf 82' lang='lat' dir='ltr'><strong>est,</strong></span> <span class='ocrx_word' id='word_1_508' title='bbox 2137 3402 2258 3471; x_wconf 81' lang='lat' dir='ltr'><strong>ejus</strong></span> <span class='ocrx_word' id='word_1_509' title='bbox 2294 3404 2531 3459; x_wconf 86' lang='lat' dir='ltr'><strong>animam</strong></span> <span class='ocrx_word' id='word_1_510' title='bbox 2583 3406 2818 3475; x_wconf 87' lang='lat' dir='ltr'><strong>eripere.</strong></span> <span class='ocrx_word' id='word_1_511' title='bbox 2894 3407 3117 3462; x_wconf 86' lang='lat' dir='ltr'><strong>Constat</strong></span> <span class='ocrx_word' id='word_1_512' title='bbox 3168 3409 3331 3478; x_wconf 85' lang='lat' dir='ltr'><strong>igitur</strong></span> <span class='ocrx_word' id='word_1_513' title='bbox 3390 3427 3568 3482; x_wconf 73' lang='lat' dir='ltr'><strong>regem</strong></span> 
     </span>
    </p>
   </div>
   <div class='ocr_carea' id='block_1_78' title="bbox 1986 3492 3563 3571">
    <p class='ocr_par' dir='ltr' id='par_1_78' title="bbox 1986 3492 3563 3571">
     <span class='ocr_line' id='line_1_79' title="bbox 1986 3492 3563 3571; baseline 0.008 -26"><span class='ocrx_word' id='word_1_514' title='bbox 1986 3492 2228 3549; x_wconf 86' lang='lat' dir='ltr'><strong>noluisse</strong></span> <span class='ocrx_word' id='word_1_515' title='bbox 2255 3495 2430 3550; x_wconf 81' lang='lat' dir='ltr'><strong>occidi</strong></span> <span class='ocrx_word' id='word_1_516' title='bbox 2454 3498 2800 3567; x_wconf 87' lang='lat' dir='ltr'><strong>prophetam,</strong></span> <span class='ocrx_word' id='word_1_517' title='bbox 2825 3499 2966 3553; x_wconf 90' lang='lat' dir='ltr'><strong>sicut</strong></span> <span class='ocrx_word' id='word_1_518' title='bbox 2993 3516 3172 3569; x_wconf 85' lang='lat' dir='ltr'><strong>neque</strong></span> <span class='ocrx_word' id='word_1_519' title='bbox 3198 3499 3404 3555; x_wconf 86' lang='lat' dir='ltr'><strong>Pilatus</strong></span> <span class='ocrx_word' id='word_1_520' title='bbox 3431 3518 3563 3571; x_wconf 86' lang='lat' dir='ltr'><strong>pro-</strong></span> 
     </span>
    </p>
   </div>
   <div class='ocr_carea' id='block_1_79' title="bbox 1987 3584 2848 3654">
    <p class='ocr_par' dir='ltr' id='par_1_79' title="bbox 1987 3584 2848 3654">
     <span class='ocr_line' id='line_1_80' title="bbox 1987 3584 2848 3654; baseline 0.005 -15"><span class='ocrx_word' id='word_1_521' title='bbox 1987 3584 2276 3654; x_wconf 83' lang='lat' dir='ltr'><strong>pbetarum</strong></span> <span class='ocrx_word' id='word_1_522' title='bbox 2312 3586 2603 3642; x_wconf 90' lang='lat' dir='ltr'><strong>Dominum</strong></span> <span class='ocrx_word' id='word_1_523' title='bbox 2638 3588 2848 3643; x_wconf 85' lang='lat' dir='ltr'><strong>Jesum.</strong></span> 
     </span>
    </p>
   </div>
   <div class='ocr_carea' id='block_1_80' title="bbox 2060 3675 3570 3752">
    <p class='ocr_par' dir='ltr' id='par_1_80' title="bbox 2060 3675 3570 3752">
     <span class='ocr_line' id='line_1_81' title="bbox 2060 3675 3570 3752; baseline 0.005 -22"><span class='ocrx_word' id='word_1_524' title='bbox 2060 3675 2122 3730; x_wconf 89' lang='lat' dir='ltr'><strong>V.</strong></span> <span class='ocrx_word' id='word_1_525' title='bbox 2153 3677 2209 3731; x_wconf 83' lang='lat'><strong>6.</strong></span> <span class='ocrx_word' id='word_1_526' title='bbox 2255 3696 2275 3728; x_wconf 78' lang='grc' dir='ltr'><strong>ι</strong></span> <span class='ocrx_word' id='word_1_527' title='bbox 2318 3677 2381 3732; x_wconf 83' lang='lat' dir='ltr'><strong>Et</strong></span> <span class='ocrx_word' id='word_1_528' title='bbox 2406 3679 2747 3733; x_wconf 88' lang='lat' dir='ltr'><strong>demiserunt</strong></span> <span class='ocrx_word' id='word_1_529' title='bbox 2779 3695 2904 3734; x_wconf 88' lang='lat' dir='ltr'><strong>eum</strong></span> <span class='ocrx_word' id='word_1_530' title='bbox 2949 3680 3002 3734; x_wconf 93' lang='lat' dir='ltr'><strong>in</strong></span> <span class='ocrx_word' id='word_1_531' title='bbox 3027 3680 3225 3735; x_wconf 86' lang='lat' dir='ltr'><strong>lacum.</strong></span> <span class='ocrx_word' id='word_1_532' title='bbox 3258 3700 3278 3731; x_wconf 71' lang='grc' dir='ltr'><strong>ι</strong></span> <span class='ocrx_word' id='word_1_533' title='bbox 3314 3681 3398 3736; x_wconf 82' lang='lat' dir='ltr'><strong>Fit</strong></span> <span class='ocrx_word' id='word_1_534' title='bbox 3440 3698 3570 3752; x_wconf 92' lang='lat' dir='ltr'><strong>pro-</strong></span> 
     </span>
    </p>
   </div>
   <div class='ocr_carea' id='block_1_81' title="bbox 1988 3766 3565 3842">
    <p class='ocr_par' dir='ltr' id='par_1_81' title="bbox 1988 3766 3565 3842">
     <span class='ocr_line' id='line_1_82' title="bbox 1988 3766 3565 3842; baseline 0.004 -21"><span class='ocrx_word' id='word_1_535' title='bbox 1988 3766 2152 3836; x_wconf 87' lang='lat' dir='ltr'><strong>pheta</strong></span> <span class='ocrx_word' id='word_1_536' title='bbox 2186 3774 2346 3838; x_wconf 86' lang='lat' dir='ltr'><strong>typus</strong></span> <span class='ocrx_word' id='word_1_537' title='bbox 2392 3770 2635 3840; x_wconf 88' lang='lat' dir='ltr'><strong>mystcrii</strong></span> <span class='ocrx_word' id='word_1_538' title='bbox 2666 3786 2775 3839; x_wconf 94' lang='lat' dir='ltr'><strong>quo</strong></span> <span class='ocrx_word' id='word_1_539' title='bbox 2801 3770 3055 3825; x_wconf 86' lang='lat' dir='ltr'><strong>Christus</strong></span> <span class='ocrx_word' id='word_1_540' title='bbox 3108 3773 3565 3842; x_wconf 69' lang='lat' dir='ltr'><strong>prmsiguabatur,</strong></span> 
     </span>
    </p>
   </div>
   <div class='ocr_carea' id='block_1_82' title="bbox 1987 3854 3551 3923">
    <p class='ocr_par' dir='ltr' id='par_1_82' title="bbox 1987 3854 3551 3923">
     <span class='ocr_line' id='line_1_83' title="bbox 1987 3854 3551 3923; baseline 0.006 -14"><span class='ocrx_word' id='word_1_541' title='bbox 1987 3854 2079 3923; x_wconf 89' lang='lat' dir='ltr'><strong>qui</strong></span> <span class='ocrx_word' id='word_1_542' title='bbox 2110 3856 2337 3911; x_wconf 87' lang='lat' dir='ltr'><strong>traditus</strong></span> <span class='ocrx_word' id='word_1_543' title='bbox 2367 3857 2469 3912; x_wconf 89' lang='lat' dir='ltr'><strong>fuit</strong></span> <span class='ocrx_word' id='word_1_544' title='bbox 2500 3874 2529 3911; x_wconf 85' lang='lat' dir='ltr'><strong>a</strong></span> <span class='ocrx_word' id='word_1_545' title='bbox 2567 3859 2740 3913; x_wconf 82' lang='lat' dir='ltr'><strong>Pilato</strong></span> <span class='ocrx_word' id='word_1_546' title='bbox 2774 3859 2827 3912; x_wconf 92' lang='lat' dir='ltr'><strong>in</strong></span> <span class='ocrx_word' id='word_1_547' title='bbox 2852 3858 3165 3915; x_wconf 64' lang='lat' dir='ltr'><strong>Judaeorum</strong></span> <span class='ocrx_word' id='word_1_548' title='bbox 3199 3877 3393 3916; x_wconf 90' lang='lat' dir='ltr'><strong>manus</strong></span> <span class='ocrx_word' id='word_1_549' title='bbox 3423 3880 3439 3916; x_wconf 91' lang='lat'><strong>:</strong></span> <span class='ocrx_word' id='word_1_550' title='bbox 3469 3864 3551 3919; x_wconf 29' lang='lat' dir='ltr'><strong>de)</strong></span> 
     </span>
    </p>
   </div>
   <div class='ocr_carea' id='block_1_83' title="bbox 1988 3946 3561 4022">
    <p class='ocr_par' dir='ltr' id='par_1_83' title="bbox 1988 3946 3561 4022">
     <span class='ocr_line' id='line_1_84' title="bbox 1988 3946 3561 4022; baseline 0.006 -22"><span class='ocrx_word' id='word_1_551' title='bbox 1988 3946 2203 4001; x_wconf 88' lang='lat' dir='ltr'><strong>scendit</strong></span> <span class='ocrx_word' id='word_1_552' title='bbox 2233 3962 2366 4002; x_wconf 90' lang='lat' dir='ltr'><strong>vero</strong></span> <span class='ocrx_word' id='word_1_553' title='bbox 2398 3950 2449 4002; x_wconf 94' lang='lat' dir='ltr'><strong>in</strong></span> <span class='ocrx_word' id='word_1_554' title='bbox 2494 3949 2725 4004; x_wconf 88' lang='lat' dir='ltr'><strong>fetidum</strong></span> <span class='ocrx_word' id='word_1_555' title='bbox 2772 3952 3338 4022; x_wconf 85' lang='lat' dir='ltr'><strong>molcstissimumque</strong></span> <span class='ocrx_word' id='word_1_556' title='bbox 3396 3954 3561 4009; x_wconf 89' lang='lat' dir='ltr'><strong>infer—</strong></span> 
     </span>
    </p>
   </div>
   <div class='ocr_carea' id='block_1_84' title="bbox 1989 4040 3571 4114">
    <p class='ocr_par' dir='ltr' id='par_1_84' title="bbox 1989 4040 3571 4114">
     <span class='ocr_line' id='line_1_85' title="bbox 1989 4040 3571 4114; baseline 0.006 -24"><span class='ocrx_word' id='word_1_557' title='bbox 1989 4052 2144 4101; x_wconf 83' lang='lat' dir='ltr'><strong>num,</strong></span> <span class='ocrx_word' id='word_1_558' title='bbox 2172 4040 2587 4109; x_wconf 78' lang='lat' dir='ltr'><strong>resurrexitque</strong></span> <span class='ocrx_word' id='word_1_559' title='bbox 2614 4057 2646 4095; x_wconf 91' lang='lat' dir='ltr'><strong>c</strong></span> <span class='ocrx_word' id='word_1_560' title='bbox 2680 4043 2950 4104; x_wconf 85' lang='lat' dir='ltr'><strong>mortuis;</strong></span> <span class='ocrx_word' id='word_1_561' title='bbox 2993 4043 3135 4098; x_wconf 92' lang='lat' dir='ltr'><strong>sicut</strong></span> <span class='ocrx_word' id='word_1_562' title='bbox 3191 4052 3247 4097; x_wconf 92' lang='lat' dir='ltr'><strong>et</strong></span> <span class='ocrx_word' id='word_1_563' title='bbox 3297 4044 3571 4114; x_wconf 83' lang='lat' dir='ltr'><strong>propheta</strong></span> 
     </span>
    </p>
   </div>
   <div class='ocr_carea' id='block_1_85' title="bbox 1987 4130 3565 4202">
    <p class='ocr_par' dir='ltr' id='par_1_85' title="bbox 1987 4130 3565 4202">
     <span class='ocr_line' id='line_1_86' title="bbox 1987 4130 3565 4202; baseline 0.006 -22"><span class='ocrx_word' id='word_1_564' title='bbox 1987 4142 2178 4189; x_wconf 84' lang='lat' dir='ltr'><strong>rursus</strong></span> <span class='ocrx_word' id='word_1_565' title='bbox 2208 4144 2239 4183; x_wconf 91' lang='lat' dir='ltr'><strong>c</strong></span> <span class='ocrx_word' id='word_1_566' title='bbox 2269 4130 2389 4184; x_wconf 91' lang='lat' dir='ltr'><strong>lacu</strong></span> <span class='ocrx_word' id='word_1_567' title='bbox 2429 4131 2676 4184; x_wconf 88' lang='lat' dir='ltr'><strong>ascendit</strong></span> <span class='ocrx_word' id='word_1_568' title='bbox 2704 4148 2717 4183; x_wconf 73' lang='grc' dir='ltr'><strong>ι</strong></span> <span class='ocrx_word' id='word_1_569' title='bbox 2762 4133 2938 4185; x_wconf 87' lang='lat' dir='ltr'><strong>Iacqu</strong></span> <span class='ocrx_word' id='word_1_570' title='bbox 2967 4132 3169 4202; x_wconf 89' lang='lat' dir='ltr'><strong>quippe</strong></span> <span class='ocrx_word' id='word_1_571' title='bbox 3216 4133 3418 4188; x_wconf 69' lang='lat' dir='ltr'><strong>divina:</strong></span> <span class='ocrx_word' id='word_1_572' title='bbox 3448 4133 3565 4189; x_wconf 89' lang='lat' dir='ltr'><strong>Lit-</strong></span> 
     </span>
    </p>
   </div>
   <div class='ocr_carea' id='block_1_86' title="bbox 1992 4221 3112 4278">
    <p class='ocr_par' dir='ltr' id='par_1_86' title="bbox 1992 4221 3112 4278">
     <span class='ocr_line' id='line_1_87' title="bbox 1992 4221 3112 4278; baseline 0.002 -3"><span class='ocrx_word' id='word_1_573' title='bbox 1992 4231 2119 4276; x_wconf 66' lang='lat' dir='ltr'><strong>tera:</strong></span> <span class='ocrx_word' id='word_1_574' title='bbox 2150 4221 2336 4276; x_wconf 88' lang='lat' dir='ltr'><strong>multis</strong></span> <span class='ocrx_word' id='word_1_575' title='bbox 2353 4222 2407 4275; x_wconf 83' lang='lat' dir='ltr'><strong>in</strong></span> <span class='ocrx_word' id='word_1_576' title='bbox 2435 4221 2861 4276; x_wconf 89' lang='lat' dir='ltr'><strong>locisinl&#39;crnum</strong></span> <span class='ocrx_word' id='word_1_577' title='bbox 2892 4232 3112 4278; x_wconf 87' lang='lat' dir='ltr'><strong>vocant.</strong></span> 
     </span>
    </p>
   </div>
   <div class='ocr_carea' id='block_1_87' title="bbox 2062 4310 3572 4381">
    <p class='ocr_par' dir='ltr' id='par_1_87' title="bbox 2062 4310 3572 4381">
     <span class='ocr_line' id='line_1_88' title="bbox 2062 4310 3572 4381; baseline 0.002 -16"><span class='ocrx_word' id='word_1_578' title='bbox 2062 4311 2126 4366; x_wconf 83' lang='lat' dir='ltr'><strong>V.</strong></span> <span class='ocrx_word' id='word_1_579' title='bbox 2162 4314 2215 4368; x_wconf 89' lang='lat'><strong>9.</strong></span> <span class='ocrx_word' id='word_1_580' title='bbox 2264 4332 2282 4364; x_wconf 75' lang='grc' dir='ltr'><strong>ι</strong></span> <span class='ocrx_word' id='word_1_581' title='bbox 2323 4310 2461 4367; x_wconf 78' lang='lat' dir='ltr'><strong>Male</strong></span> <span class='ocrx_word' id='word_1_582' title='bbox 2486 4312 2663 4367; x_wconf 86' lang='lat' dir='ltr'><strong>fecisti</strong></span> <span class='ocrx_word' id='word_1_583' title='bbox 2698 4327 2822 4381; x_wconf 64' lang='lat' dir='ltr'><strong>quae</strong></span> <span class='ocrx_word' id='word_1_584' title='bbox 2875 4312 3077 4368; x_wconf 83' lang='lat' dir='ltr'><strong>fecisti.</strong></span> <span class='ocrx_word' id='word_1_585' title='bbox 3122 4335 3138 4367; x_wconf 76' lang='grc' dir='ltr'><strong>ι</strong></span> <span class='ocrx_word' id='word_1_586' title='bbox 3189 4316 3572 4370; x_wconf 74' lang='lat' dir='ltr'><strong>Abdemoleeb</strong></span> 
     </span>
    </p>
   </div>
   <div class='ocr_carea' id='block_1_88' title="bbox 1989 4404 3573 4477">
    <p class='ocr_par' dir='ltr' id='par_1_88' title="bbox 1989 4404 3573 4477">
     <span class='ocr_line' id='line_1_89' title="bbox 1989 4404 3573 4477; baseline 0.001 -18"><span class='ocrx_word' id='word_1_587' title='bbox 1989 4404 2244 4475; x_wconf 62' lang='lat' dir='ltr'><strong>Ethiops</strong></span> <span class='ocrx_word' id='word_1_588' title='bbox 2297 4419 2519 4459; x_wconf 84' lang='lat' dir='ltr'><strong>servare</strong></span> <span class='ocrx_word' id='word_1_589' title='bbox 2580 4406 2772 4459; x_wconf 88' lang='lat' dir='ltr'><strong>volens</strong></span> <span class='ocrx_word' id='word_1_590' title='bbox 2828 4405 3156 4469; x_wconf 85' lang='lat' dir='ltr'><strong>Jeremiam,</strong></span> <span class='ocrx_word' id='word_1_591' title='bbox 3216 4408 3573 4477; x_wconf 67' lang='lat' dir='ltr'><strong>reprehendis</strong></span> 
     </span>
    </p>
   </div>
   <div class='ocr_carea' id='block_1_89' title="bbox 298 4495 1886 4567">
    <p class='ocr_par' dir='ltr' id='par_1_89' title="bbox 298 4496 1883 4566">
     <span class='ocr_line' id='line_1_90' title="bbox 298 4496 1883 4566; baseline 0.003 -17"><span class='ocrx_word' id='word_1_592' title='bbox 298 4498 387 4549; x_wconf 80' lang='grc' dir='ltr'>λετ</span> <span class='ocrx_word' id='word_1_593' title='bbox 403 4496 609 4566; x_wconf 80' lang='grc' dir='ltr'>λέγων’</span> <span class='ocrx_word' id='word_1_594' title='bbox 642 4498 717 4552; x_wconf 73' lang='lat' dir='ltr'><strong>Oti</strong></span> <span class='ocrx_word' id='word_1_595' title='bbox 760 4498 945 4563; x_wconf 86' lang='grc' dir='ltr'>καλῶς</span> <span class='ocrx_word' id='word_1_596' title='bbox 982 4499 1293 4563; x_wconf 75' lang='grc' dir='ltr'>ἐϐουλεύσω</span> <span class='ocrx_word' id='word_1_597' title='bbox 1321 4502 1643 4555; x_wconf 86' lang='grc' dir='ltr'>ἀποκτεῖναι</span> <span class='ocrx_word' id='word_1_598' title='bbox 1673 4500 1767 4554; x_wconf 76' lang='grc' dir='ltr'>τὸν</span> <span class='ocrx_word' id='word_1_599' title='bbox 1795 4499 1883 4554; x_wconf 85' lang='grc' dir='ltr'>ἀν-</span> 
     </span>
    </p>
   </div>
   <div class='ocr_carea' id='block_1_90' title="bbox 1988 4495 3568 4567">
    <p class='ocr_par' dir='ltr' id='par_1_90' title="bbox 1990 4495 3568 4567">
     <span class='ocr_line' id='line_1_91' title="bbox 1990 4495 3568 4567; baseline 0.002 -18"><span class='ocrx_word' id='word_1_600' title='bbox 1990 4511 2190 4567; x_wconf 90' lang='lat' dir='ltr'><strong>regem,</strong></span> <span class='ocrx_word' id='word_1_601' title='bbox 2216 4495 2470 4565; x_wconf 89' lang='lat' dir='ltr'><strong>inquiens</strong></span> <span class='ocrx_word' id='word_1_602' title='bbox 2515 4511 2529 4547; x_wconf 89' lang='lat'>:</span> <span class='ocrx_word' id='word_1_603' title='bbox 2579 4495 2703 4549; x_wconf 86' lang='lat' dir='ltr'><strong>Non</strong></span> <span class='ocrx_word' id='word_1_604' title='bbox 2765 4496 2970 4550; x_wconf 92' lang='lat' dir='ltr'><strong>bonum</strong></span> <span class='ocrx_word' id='word_1_605' title='bbox 3005 4495 3197 4550; x_wconf 68' lang='lat' dir='ltr'><strong>ciniisti</strong></span> <span class='ocrx_word' id='word_1_606' title='bbox 3255 4495 3568 4553; x_wconf 89' lang='lat' dir='ltr'><strong>consilium.</strong></span> 
     </span>
    </p>
   </div>
   <div class='ocr_carea' id='block_1_91' title="bbox 297 4585 1883 4660">
    <p class='ocr_par' dir='ltr' id='par_1_91' title="bbox 297 4585 1883 4660">
     <span class='ocr_line' id='line_1_92' title="bbox 297 4585 1883 4660; baseline 0.002 -22"><span class='ocrx_word' id='word_1_607' title='bbox 297 4585 403 4655; x_wconf 92' lang='grc' dir='ltr'><strong>δρα</strong></span> <span class='ocrx_word' id='word_1_608' title='bbox 445 4590 504 4639; x_wconf 56' lang='grc' dir='ltr'>ἰν</span> <span class='ocrx_word' id='word_1_609' title='bbox 534 4587 612 4658; x_wconf 86' lang='grc' dir='ltr'>τῷ</span> <span class='ocrx_word' id='word_1_610' title='bbox 651 4586 861 4659; x_wconf 83' lang='grc' dir='ltr'>λάκκῳ.</span> <span class='ocrx_word' id='word_1_611' title='bbox 900 4587 1050 4641; x_wconf 83' lang='grc' dir='ltr'>Ἔδει</span> <span class='ocrx_word' id='word_1_612' title='bbox 1082 4587 1190 4660; x_wconf 84' lang='grc' dir='ltr'><strong>γάρ</strong></span> <span class='ocrx_word' id='word_1_613' title='bbox 1236 4589 1421 4655; x_wconf 75' lang='grc' dir='ltr'>αὐτὸν,</span> <span class='ocrx_word' id='word_1_614' title='bbox 1471 4589 1566 4643; x_wconf 82' lang='grc' dir='ltr'>τὸν</span> <span class='ocrx_word' id='word_1_615' title='bbox 1611 4587 1883 4643; x_wconf 73' lang='grc' dir='ltr'>οἴκτιστον</span> 
     </span>
    </p>
   </div>
   <div class='ocr_carea' id='block_1_92' title="bbox 304 4676 1712 4748">
    <p class='ocr_par' dir='ltr' id='par_1_92' title="bbox 304 4676 1712 4748">
     <span class='ocr_line' id='line_1_93' title="bbox 304 4676 1712 4748; baseline 0.001 -18"><span class='ocrx_word' id='word_1_616' title='bbox 304 4677 405 4730; x_wconf 84' lang='grc' dir='ltr'>σὺν</span> <span class='ocrx_word' id='word_1_617' title='bbox 435 4677 567 4746; x_wconf 89' lang='grc' dir='ltr'>ήμῖν</span> <span class='ocrx_word' id='word_1_618' title='bbox 596 4676 891 4748; x_wconf 76' lang='grc' dir='ltr'>ὑπομεῖναι</span> <span class='ocrx_word' id='word_1_619' title='bbox 911 4677 1143 4733; x_wconf 84' lang='grc' dir='ltr'>θάνατον</span> <span class='ocrx_word' id='word_1_620' title='bbox 1170 4678 1263 4733; x_wconf 79' lang='grc' dir='ltr'>τὸν</span> <span class='ocrx_word' id='word_1_621' title='bbox 1282 4678 1373 4733; x_wconf 83' lang='grc' dir='ltr'><strong>διὰ</strong></span> <span class='ocrx_word' id='word_1_622' title='bbox 1398 4677 1494 4732; x_wconf 83' lang='grc' dir='ltr'><strong>τοῦ</strong></span> <span class='ocrx_word' id='word_1_623' title='bbox 1525 4677 1712 4748; x_wconf 84' lang='grc' dir='ltr'>λιμοῦ.</span> 
     </span>
    </p>
   </div>
   <div class='ocr_carea' id='block_1_93' title="bbox 381 4851 1882 4928">
    <p class='ocr_par' dir='ltr' id='par_1_93' title="bbox 381 4851 1882 4928">
     <span class='ocr_line' id='line_1_94' title="bbox 381 4851 1882 4928; baseline -0.001 -22"><span class='ocrx_word' id='word_1_624' title='bbox 381 4872 403 4906; x_wconf 82' lang='grc' dir='ltr'><strong>α</strong></span> <span class='ocrx_word' id='word_1_625' title='bbox 440 4855 517 4927; x_wconf 72' lang='grc' dir='ltr'><strong>Ζῇ</strong></span> <span class='ocrx_word' id='word_1_626' title='bbox 543 4854 769 4928; x_wconf 78' lang='grc' dir='ltr'>Κύριος.</span> <span class='ocrx_word' id='word_1_627' title='bbox 806 4874 827 4905; x_wconf 72' lang='grc' dir='ltr'><strong>ι</strong></span> <span class='ocrx_word' id='word_1_628' title='bbox 864 4855 1100 4926; x_wconf 83' lang='grc' dir='ltr'>Σημεῖσν</span> <span class='ocrx_word' id='word_1_629' title='bbox 1130 4855 1225 4909; x_wconf 80' lang='grc' dir='ltr'>καὶ</span> <span class='ocrx_word' id='word_1_630' title='bbox 1262 4853 1533 4919; x_wconf 76' lang='grc' dir='ltr'>ἐντεῦθεν,</span> <span class='ocrx_word' id='word_1_631' title='bbox 1559 4856 1643 4908; x_wconf 84' lang='grc' dir='ltr'>ὅτι</span> <span class='ocrx_word' id='word_1_632' title='bbox 1687 4851 1882 4920; x_wconf 81' lang='grc' dir='ltr'>κτιστὴ</span> 
     </span>
    </p>
   </div>
   <div class='ocr_carea' id='block_1_94' title="bbox 310 4944 551 5017">
    <p class='ocr_par' dir='ltr' id='par_1_94' title="bbox 310 4944 551 5017">
     <span class='ocr_line' id='line_1_95' title="bbox 310 4944 551 5017; baseline -0.004 0"><span class='ocrx_word' id='word_1_633' title='bbox 310 4949 340 5017; x_wconf 70' lang='grc' dir='ltr'>ἡ</span> <span class='ocrx_word' id='word_1_634' title='bbox 381 4944 551 5017; x_wconf 74' lang='grc' dir='ltr'>ψυχή·</span> 
     </span>
    </p>
   </div>
   <div class='ocr_carea' id='block_1_95' title="bbox 382 5034 1888 5109">
    <p class='ocr_par' dir='ltr' id='par_1_95' title="bbox 382 5034 1888 5109">
     <span class='ocr_line' id='line_1_96' title="bbox 382 5034 1888 5109; baseline 0.001 -19"><span class='ocrx_word' id='word_1_635' title='bbox 382 5055 405 5090; x_wconf 71' lang='grc' dir='ltr'><strong><em>α</em></strong></span> <span class='ocrx_word' id='word_1_636' title='bbox 448 5034 593 5106; x_wconf 73' lang='grc' dir='ltr'><strong>Ἐγὼ</strong></span> <span class='ocrx_word' id='word_1_637' title='bbox 629 5036 788 5107; x_wconf 90' lang='grc' dir='ltr'>λόγον</span> <span class='ocrx_word' id='word_1_638' title='bbox 836 5037 965 5109; x_wconf 71' lang='grc' dir='ltr'>ἔχω.</span> <span class='ocrx_word' id='word_1_639' title='bbox 1016 5056 1035 5090; x_wconf 76' lang='grc' dir='ltr'><strong>ι</strong></span> <span class='ocrx_word' id='word_1_640' title='bbox 1094 5038 1217 5093; x_wconf 85' lang='grc' dir='ltr'>Τῶν</span> <span class='ocrx_word' id='word_1_641' title='bbox 1258 5037 1530 5093; x_wconf 88' lang='grc' dir='ltr'>Ἰουδαίων</span> <span class='ocrx_word' id='word_1_642' title='bbox 1568 5038 1714 5102; x_wconf 78' lang='grc' dir='ltr'>τινὲς</span> <span class='ocrx_word' id='word_1_643' title='bbox 1751 5039 1888 5109; x_wconf 77' lang='grc' dir='ltr'>πρὸς</span> 
     </span>
    </p>
   </div>
   <div class='ocr_carea' id='block_1_96' title="bbox 303 5127 1889 5201">
    <p class='ocr_par' dir='ltr' id='par_1_96' title="bbox 303 5127 1889 5201">
     <span class='ocr_line' id='line_1_97' title="bbox 303 5127 1889 5201; baseline 0 -18"><span class='ocrx_word' id='word_1_644' title='bbox 303 5129 435 5193; x_wconf 83' lang='grc' dir='ltr'>τοὺς</span> <span class='ocrx_word' id='word_1_645' title='bbox 455 5127 758 5192; x_wconf 80' lang='grc' dir='ltr'>Χαλδαίους</span> <span class='ocrx_word' id='word_1_646' title='bbox 777 5128 1279 5201; x_wconf 81' lang='grc' dir='ltr'>αὐτομολήσαντες,</span> <span class='ocrx_word' id='word_1_647' title='bbox 1300 5127 1659 5201; x_wconf 82' lang='grc' dir='ltr'>ὑπισχνοῦντο</span> <span class='ocrx_word' id='word_1_648' title='bbox 1685 5128 1764 5200; x_wconf 89' lang='grc' dir='ltr'>τῷ</span> <span class='ocrx_word' id='word_1_649' title='bbox 1786 5132 1889 5183; x_wconf 80' lang='grc' dir='ltr'><strong>Σε-</strong></span> 
     </span>
    </p>
   </div>
   <div class='ocr_carea' id='block_1_97' title="bbox 304 5218 1890 5293">
    <p class='ocr_par' dir='ltr' id='par_1_97' title="bbox 304 5218 1890 5293">
     <span class='ocr_line' id='line_1_98' title="bbox 304 5218 1890 5293; baseline 0.001 -21"><span class='ocrx_word' id='word_1_650' title='bbox 304 5219 483 5289; x_wconf 69' lang='grc' dir='ltr'>δεκίᾳ,</span> <span class='ocrx_word' id='word_1_651' title='bbox 538 5218 614 5290; x_wconf 71' lang='grc' dir='ltr'><strong>μή</strong></span> <span class='ocrx_word' id='word_1_652' title='bbox 650 5222 1030 5292; x_wconf 85' lang='grc' dir='ltr'>συγχωρήσειν</span> <span class='ocrx_word' id='word_1_653' title='bbox 1078 5222 1207 5285; x_wconf 79' lang='grc' dir='ltr'>τοὺς</span> <span class='ocrx_word' id='word_1_654' title='bbox 1260 5222 1556 5293; x_wconf 88' lang='grc' dir='ltr'>πολεμίους</span> <span class='ocrx_word' id='word_1_655' title='bbox 1606 5221 1890 5277; x_wconf 87' lang='grc' dir='ltr'>συλλαϐεῖν</span> 
     </span>
    </p>
   </div>
   <div class='ocr_carea' id='block_1_98' title="bbox 307 5310 1885 5384">
    <p class='ocr_par' dir='ltr' id='par_1_98' title="bbox 307 5310 1885 5384">
     <span class='ocr_line' id='line_1_99' title="bbox 307 5310 1885 5384; baseline 0 -18"><span class='ocrx_word' id='word_1_656' title='bbox 307 5310 508 5366; x_wconf 74' lang='grc' dir='ltr'>αὐτόν·</span> <span class='ocrx_word' id='word_1_657' title='bbox 543 5310 638 5364; x_wconf 78' lang='grc' dir='ltr'>καὶ</span> <span class='ocrx_word' id='word_1_658' title='bbox 669 5310 921 5365; x_wconf 67' lang='grc' dir='ltr'>ἐπείθετο</span> <span class='ocrx_word' id='word_1_659' title='bbox 952 5313 1155 5384; x_wconf 74' lang='grc' dir='ltr'>μᾶλλον</span> <span class='ocrx_word' id='word_1_660' title='bbox 1180 5312 1411 5380; x_wconf 88' lang='grc' dir='ltr'>τούτοις,</span> <span class='ocrx_word' id='word_1_661' title='bbox 1441 5314 1476 5383; x_wconf 84' lang='grc' dir='ltr'><strong>ή</strong></span> <span class='ocrx_word' id='word_1_662' title='bbox 1510 5313 1630 5384; x_wconf 86' lang='grc' dir='ltr'><strong>Θεῷ</strong></span> <span class='ocrx_word' id='word_1_663' title='bbox 1652 5313 1885 5383; x_wconf 81' lang='grc' dir='ltr'>λέγοντι,</span> 
     </span>
    </p>
   </div>
   <div class='ocr_carea' id='block_1_99' title="bbox 307 5400 1889 5475">
    <p class='ocr_par' dir='ltr' id='par_1_99' title="bbox 307 5400 1889 5475">
     <span class='ocr_line' id='line_1_100' title="bbox 307 5400 1889 5475; baseline 0.003 -21"><span class='ocrx_word' id='word_1_664' title='bbox 307 5401 424 5455; x_wconf 79' lang='grc' dir='ltr'>δεῖν</span> <span class='ocrx_word' id='word_1_665' title='bbox 468 5400 834 5471; x_wconf 79' lang='grc' dir='ltr'>ἀκολουθῆσαι</span> <span class='ocrx_word' id='word_1_666' title='bbox 876 5402 956 5473; x_wconf 80' lang='grc' dir='ltr'>τῷ</span> <span class='ocrx_word' id='word_1_667' title='bbox 1006 5402 1358 5475; x_wconf 84' lang='grc' dir='ltr'>Βαϐυλωνίῳ.</span> <span class='ocrx_word' id='word_1_668' title='bbox 1408 5404 1605 5472; x_wconf 85' lang='grc' dir='ltr'>Ἔλεγε</span> <span class='ocrx_word' id='word_1_669' title='bbox 1644 5404 1701 5458; x_wconf 72' lang='grc' dir='ltr'>δὲ</span> <span class='ocrx_word' id='word_1_670' title='bbox 1730 5404 1889 5458; x_wconf 87' lang='grc' dir='ltr'>τοῦτο</span> 
     </span>
    </p>
   </div>
   <div class='ocr_carea' id='block_1_100' title="bbox 310 5489 1889 5565">
    <p class='ocr_par' dir='ltr' id='par_1_100' title="bbox 310 5489 1889 5565">
     <span class='ocr_line' id='line_1_101' title="bbox 310 5489 1889 5565; baseline 0.001 -21"><span class='ocrx_word' id='word_1_671' title='bbox 310 5489 469 5556; x_wconf 77' lang='grc' dir='ltr'>Θιδς,</span> <span class='ocrx_word' id='word_1_672' title='bbox 521 5490 845 5561; x_wconf 84' lang='grc' dir='ltr'>βουλόμενος</span> <span class='ocrx_word' id='word_1_673' title='bbox 874 5492 1075 5556; x_wconf 83' lang='grc' dir='ltr'>αὐτοὺς</span> <span class='ocrx_word' id='word_1_674' title='bbox 1123 5493 1401 5565; x_wconf 75' lang='grc' dir='ltr'>σωθῆναιο</span> <span class='ocrx_word' id='word_1_675' title='bbox 1435 5496 1483 5547; x_wconf 85' lang='grc' dir='ltr'><strong>εί</strong></span> <span class='ocrx_word' id='word_1_676' title='bbox 1536 5494 1644 5563; x_wconf 84' lang='grc' dir='ltr'>γὰρ</span> <span class='ocrx_word' id='word_1_677' title='bbox 1689 5494 1889 5563; x_wconf 79' lang='grc' dir='ltr'>ἔζησαν</span> 
     </span>
    </p>
   </div>
   <div class='ocr_carea' id='block_1_101' title="bbox 310 5579 1888 5653">
    <p class='ocr_par' dir='ltr' id='par_1_101' title="bbox 310 5579 1888 5653">
     <span class='ocr_line' id='line_1_102' title="bbox 310 5579 1888 5653; baseline -0.001 -16"><span class='ocrx_word' id='word_1_678' title='bbox 310 5579 782 5649; x_wconf 74' lang='grc' dir='ltr'>ἀκολουθήσαντες</span> <span class='ocrx_word' id='word_1_679' title='bbox 800 5580 879 5650; x_wconf 81' lang='grc' dir='ltr'><strong>τῷ</strong></span> <span class='ocrx_word' id='word_1_680' title='bbox 906 5581 1173 5653; x_wconf 86' lang='grc' dir='ltr'>πολεμίῳ,</span> <span class='ocrx_word' id='word_1_681' title='bbox 1203 5584 1424 5652; x_wconf 88' lang='grc' dir='ltr'>γνόντες</span> <span class='ocrx_word' id='word_1_682' title='bbox 1452 5584 1544 5639; x_wconf 79' lang='grc' dir='ltr'>τὸν</span> <span class='ocrx_word' id='word_1_683' title='bbox 1575 5583 1888 5653; x_wconf 79' lang='grc' dir='ltr'>παραδόντα</span> 
     </span>
    </p>
   </div>
   <div class='ocr_carea' id='block_1_102' title="bbox 392 5760 954 5827">
    <p class='ocr_par' dir='ltr' id='par_1_102' title="bbox 392 5760 954 5827">
     <span class='ocr_line' id='line_1_103' title="bbox 392 5760 954 5827; baseline 0.002 -12"><span class='ocrx_word' id='word_1_684' title='bbox 392 5762 433 5791; x_wconf 77' lang='grc'><strong>³¹</strong></span> <span class='ocrx_word' id='word_1_685' title='bbox 467 5760 668 5815; x_wconf 76' lang='lat' dir='ltr'><strong>Jcrcm.</strong></span> <span class='ocrx_word' id='word_1_686' title='bbox 700 5776 843 5827; x_wconf 73' lang='lat' dir='ltr'><strong>uix,</strong></span> <span class='ocrx_word' id='word_1_687' title='bbox 877 5762 954 5816; x_wconf 70' lang='lat' dir='ltr'><strong>l9.</strong></span> 
     </span>
    </p>
   </div>
   <div class='ocr_carea' id='block_1_103' title="bbox 1986 4585 3569 4651">
    <p class='ocr_par' dir='ltr' id='par_1_103' title="bbox 1986 4585 3569 4651">
     <span class='ocr_line' id='line_1_104' title="bbox 1986 4585 3569 4651; baseline -0.001 -10"><span class='ocrx_word' id='word_1_688' title='bbox 1986 4596 2048 4641; x_wconf 91' lang='lat' dir='ltr'><strong>ut</strong></span> <span class='ocrx_word' id='word_1_689' title='bbox 2096 4586 2274 4640; x_wconf 91' lang='lat' dir='ltr'><strong>virum</strong></span> <span class='ocrx_word' id='word_1_690' title='bbox 2330 4586 2479 4640; x_wconf 91' lang='lat' dir='ltr'><strong>hunc</strong></span> <span class='ocrx_word' id='word_1_691' title='bbox 2532 4585 2588 4639; x_wconf 91' lang='lat' dir='ltr'><strong>in</strong></span> <span class='ocrx_word' id='word_1_692' title='bbox 2638 4586 2759 4639; x_wconf 87' lang='lat' dir='ltr'><strong>lacu</strong></span> <span class='ocrx_word' id='word_1_693' title='bbox 2812 4585 3172 4651; x_wconf 83' lang='lat' dir='ltr'><strong>interliceres,</strong></span> <span class='ocrx_word' id='word_1_694' title='bbox 3196 4601 3321 4641; x_wconf 91' lang='lat' dir='ltr'><strong>cum</strong></span> <span class='ocrx_word' id='word_1_695' title='bbox 3347 4586 3423 4640; x_wconf 91' lang='lat' dir='ltr'><strong>illi</strong></span> <span class='ocrx_word' id='word_1_696' title='bbox 3459 4603 3569 4641; x_wconf 85' lang='lat' dir='ltr'><strong>una</strong></span> 
     </span>
    </p>
   </div>
   <div class='ocr_carea' id='block_1_104' title="bbox 1984 4674 3569 4745">
    <p class='ocr_par' dir='ltr' id='par_1_104' title="bbox 1984 4674 3569 4745">
     <span class='ocr_line' id='line_1_105' title="bbox 1984 4674 3569 4745; baseline 0.002 -16"><span class='ocrx_word' id='word_1_697' title='bbox 1984 4675 2276 4730; x_wconf 90' lang='lat' dir='ltr'><strong>nobiscum</strong></span> <span class='ocrx_word' id='word_1_698' title='bbox 2324 4674 2633 4730; x_wconf 86' lang='lat' dir='ltr'><strong>miserrima</strong></span> <span class='ocrx_word' id='word_1_699' title='bbox 2681 4691 2832 4731; x_wconf 90' lang='lat' dir='ltr'><strong>mors</strong></span> <span class='ocrx_word' id='word_1_700' title='bbox 2878 4691 2980 4745; x_wconf 92' lang='lat' dir='ltr'><strong>per</strong></span> <span class='ocrx_word' id='word_1_701' title='bbox 3039 4677 3240 4732; x_wconf 84' lang='lat' dir='ltr'><strong>famem</strong></span> <span class='ocrx_word' id='word_1_702' title='bbox 3282 4677 3569 4734; x_wconf 86' lang='lat' dir='ltr'><strong>subeunda</strong></span> 
     </span>
    </p>
   </div>
   <div class='ocr_carea' id='block_1_105' title="bbox 1987 4774 2153 4820">
    <p class='ocr_par' dir='ltr' id='par_1_105' title="bbox 1987 4774 2153 4820">
     <span class='ocr_line' id='line_1_106' title="bbox 1987 4774 2153 4820; baseline -0.012 -1"><span class='ocrx_word' id='word_1_703' title='bbox 1987 4774 2153 4820; x_wconf 89' lang='lat' dir='ltr'><strong>esset.</strong></span> 
     </span>
    </p>
   </div>
   <div class='ocr_carea' id='block_1_106' title="bbox 2056 4854 3564 4928">
    <p class='ocr_par' dir='ltr' id='par_1_106' title="bbox 2056 4854 3564 4928">
     <span class='ocr_line' id='line_1_107' title="bbox 2056 4854 3564 4928; baseline 0.003 -20"><span class='ocrx_word' id='word_1_704' title='bbox 2056 4854 2120 4909; x_wconf 77' lang='grc' dir='ltr'><strong>ν.</strong></span> <span class='ocrx_word' id='word_1_705' title='bbox 2154 4855 2271 4910; x_wconf 75' lang='lat' dir='ltr'><strong>l6.¢</strong></span> <span class='ocrx_word' id='word_1_706' title='bbox 2304 4854 2753 4911; x_wconf 79' lang='lat' dir='ltr'><strong>VivitDominus.</strong></span> <span class='ocrx_word' id='word_1_707' title='bbox 2805 4874 2824 4907; x_wconf 74' lang='grc' dir='ltr'><strong>ι</strong></span> <span class='ocrx_word' id='word_1_708' title='bbox 2862 4856 3003 4912; x_wconf 84' lang='lat' dir='ltr'><strong>Hinc</strong></span> <span class='ocrx_word' id='word_1_709' title='bbox 3034 4857 3200 4912; x_wconf 90' lang='lat' dir='ltr'><strong>ctiam</strong></span> <span class='ocrx_word' id='word_1_710' title='bbox 3224 4857 3564 4928; x_wconf 73' lang='lat' dir='ltr'><strong>iudicamus,</strong></span> 
     </span>
    </p>
   </div>
   <div class='ocr_carea' id='block_1_107' title="bbox 1986 4948 2640 5004">
    <p class='ocr_par' dir='ltr' id='par_1_107' title="bbox 1986 4948 2640 5004">
     <span class='ocr_line' id='line_1_108' title="bbox 1986 4948 2640 5004; baseline -0.002 -3"><span class='ocrx_word' id='word_1_711' title='bbox 1986 4948 2223 5002; x_wconf 89' lang='lat' dir='ltr'><strong>animam</strong></span> <span class='ocrx_word' id='word_1_712' title='bbox 2246 4955 2483 5002; x_wconf 88' lang='lat' dir='ltr'><strong>creatam</strong></span> <span class='ocrx_word' id='word_1_713' title='bbox 2500 4962 2640 5004; x_wconf 90' lang='lat' dir='ltr'><strong>esse.</strong></span> 
     </span>
    </p>
   </div>
   <div class='ocr_carea' id='block_1_108' title="bbox 2058 5038 3572 5112">
    <p class='ocr_par' dir='ltr' id='par_1_108' title="bbox 2058 5038 3572 5112">
     <span class='ocr_line' id='line_1_109' title="bbox 2058 5038 3572 5112; baseline 0 -19"><span class='ocrx_word' id='word_1_714' title='bbox 2058 5040 2123 5094; x_wconf 83' lang='lat' dir='ltr'><strong>V.</strong></span> <span class='ocrx_word' id='word_1_715' title='bbox 2153 5041 2241 5095; x_wconf 78' lang='lat' dir='ltr'><strong>l9.</strong></span> <span class='ocrx_word' id='word_1_716' title='bbox 2264 5059 2284 5092; x_wconf 84' lang='grc'><strong><em>‹</em></strong></span> <span class='ocrx_word' id='word_1_717' title='bbox 2318 5040 2430 5112; x_wconf 86' lang='lat' dir='ltr'><strong>Ego</strong></span> <span class='ocrx_word' id='word_1_718' title='bbox 2452 5040 2718 5095; x_wconf 88' lang='lat' dir='ltr'><strong>rationem</strong></span> <span class='ocrx_word' id='word_1_719' title='bbox 2746 5040 2944 5096; x_wconf 87' lang='lat' dir='ltr'><strong>habeo.</strong></span> <span class='ocrx_word' id='word_1_720' title='bbox 2989 5059 3008 5093; x_wconf 74' lang='grc' dir='ltr'><strong>ι</strong></span> <span class='ocrx_word' id='word_1_721' title='bbox 3047 5038 3281 5106; x_wconf 84' lang='lat' dir='ltr'><strong>Quidam</strong></span> <span class='ocrx_word' id='word_1_722' title='bbox 3319 5040 3572 5096; x_wconf 58' lang='lat' dir='ltr'><strong>eludieis</strong></span> 
     </span>
    </p>
   </div>
   <div class='ocr_carea' id='block_1_109' title="bbox 1988 5129 3569 5201">
    <p class='ocr_par' dir='ltr' id='par_1_109' title="bbox 1988 5129 3569 5201">
     <span class='ocr_line' id='line_1_110' title="bbox 1988 5129 3569 5201; baseline 0 -16"><span class='ocrx_word' id='word_1_723' title='bbox 1988 5131 2082 5200; x_wconf 89' lang='lat' dir='ltr'><strong>qui</strong></span> <span class='ocrx_word' id='word_1_724' title='bbox 2112 5130 2180 5186; x_wconf 91' lang='lat' dir='ltr'><strong>ad</strong></span> <span class='ocrx_word' id='word_1_725' title='bbox 2217 5129 2503 5186; x_wconf 66' lang='lat' dir='ltr'><strong>Chaldaeos</strong></span> <span class='ocrx_word' id='word_1_726' title='bbox 2537 5129 2961 5201; x_wconf 71' lang='lat' dir='ltr'><strong>transfugerant,</strong></span> <span class='ocrx_word' id='word_1_727' title='bbox 2986 5130 3233 5187; x_wconf 74' lang='lat' dir='ltr'><strong>Sedeeize</strong></span> <span class='ocrx_word' id='word_1_728' title='bbox 3279 5130 3569 5201; x_wconf 79' lang='lat' dir='ltr'><strong>promitte—</strong></span> 
     </span>
    </p>
   </div>
   <div class='ocr_carea' id='block_1_110' title="bbox 1989 5219 3573 5291">
    <p class='ocr_par' dir='ltr' id='par_1_110' title="bbox 1989 5219 3573 5291">
     <span class='ocr_line' id='line_1_111' title="bbox 1989 5219 3573 5291; baseline 0.001 -18"><span class='ocrx_word' id='word_1_729' title='bbox 1989 5220 2122 5273; x_wconf 81' lang='lat' dir='ltr'><strong>bant</strong></span> <span class='ocrx_word' id='word_1_730' title='bbox 2152 5234 2213 5273; x_wconf 85' lang='lat' dir='ltr'><strong>se</strong></span> <span class='ocrx_word' id='word_1_731' title='bbox 2242 5234 2353 5273; x_wconf 91' lang='lat' dir='ltr'><strong>non</strong></span> <span class='ocrx_word' id='word_1_732' title='bbox 2401 5219 2769 5288; x_wconf 88' lang='lat' dir='ltr'><strong>permissuros</strong></span> <span class='ocrx_word' id='word_1_733' title='bbox 2821 5228 2881 5274; x_wconf 93' lang='lat' dir='ltr'><strong>ut</strong></span> <span class='ocrx_word' id='word_1_734' title='bbox 2916 5221 2988 5275; x_wconf 90' lang='lat' dir='ltr'><strong>ab</strong></span> <span class='ocrx_word' id='word_1_735' title='bbox 3038 5220 3295 5275; x_wconf 87' lang='lat' dir='ltr'><strong>hostibus</strong></span> <span class='ocrx_word' id='word_1_736' title='bbox 3348 5235 3573 5291; x_wconf 86' lang='lat' dir='ltr'><strong>capere-</strong></span> 
     </span>
    </p>
   </div>
   <div class='ocr_carea' id='block_1_111' title="bbox 1996 5308 3569 5381">
    <p class='ocr_par' dir='ltr' id='par_1_111' title="bbox 1996 5308 3569 5381">
     <span class='ocr_line' id='line_1_112' title="bbox 1996 5308 3569 5381; baseline 0.001 -18"><span class='ocrx_word' id='word_1_737' title='bbox 1996 5318 2116 5364; x_wconf 89' lang='lat' dir='ltr'><strong>tur:</strong></span> <span class='ocrx_word' id='word_1_738' title='bbox 2168 5308 2447 5381; x_wconf 86' lang='lat' dir='ltr'><strong>magisquc</strong></span> <span class='ocrx_word' id='word_1_739' title='bbox 2506 5309 2612 5363; x_wconf 83' lang='lat' dir='ltr'><strong>illis</strong></span> <span class='ocrx_word' id='word_1_740' title='bbox 2659 5310 2917 5364; x_wconf 84' lang='lat' dir='ltr'><strong>credebat</strong></span> <span class='ocrx_word' id='word_1_741' title='bbox 2958 5325 3127 5380; x_wconf 90' lang='lat' dir='ltr'><strong>quam</strong></span> <span class='ocrx_word' id='word_1_742' title='bbox 3189 5311 3302 5365; x_wconf 89' lang='lat' dir='ltr'><strong>Deo</strong></span> <span class='ocrx_word' id='word_1_743' title='bbox 3363 5308 3569 5364; x_wconf 84' lang='lat' dir='ltr'><strong>dicenti</strong></span> 
     </span>
    </p>
   </div>
   <div class='ocr_carea' id='block_1_112' title="bbox 1997 5399 3571 5471">
    <p class='ocr_par' dir='ltr' id='par_1_112' title="bbox 1997 5399 3571 5471">
     <span class='ocr_line' id='line_1_113' title="bbox 1997 5399 3571 5471; baseline -0.001 -17"><span class='ocrx_word' id='word_1_744' title='bbox 1997 5409 2251 5471; x_wconf 89' lang='lat' dir='ltr'><strong>oportere</strong></span> <span class='ocrx_word' id='word_1_745' title='bbox 2273 5399 2624 5471; x_wconf 84' lang='lat' dir='ltr'><strong>Babylonium</strong></span> <span class='ocrx_word' id='word_1_746' title='bbox 2660 5402 2837 5471; x_wconf 82' lang='lat' dir='ltr'><strong>sequi.</strong></span> <span class='ocrx_word' id='word_1_747' title='bbox 2876 5402 2991 5456; x_wconf 85' lang='lat' dir='ltr'><strong>lloe</strong></span> <span class='ocrx_word' id='word_1_748' title='bbox 3012 5410 3197 5455; x_wconf 85' lang='lat' dir='ltr'><strong>autem</strong></span> <span class='ocrx_word' id='word_1_749' title='bbox 3252 5401 3398 5454; x_wconf 85' lang='lat' dir='ltr'><strong>Deus</strong></span> <span class='ocrx_word' id='word_1_750' title='bbox 3424 5400 3571 5454; x_wconf 88' lang='lat' dir='ltr'><strong>dice-</strong></span> 
     </span>
    </p>
   </div>
   <div class='ocr_carea' id='block_1_113' title="bbox 1998 5492 3568 5558">
    <p class='ocr_par' dir='ltr' id='par_1_113' title="bbox 1998 5492 3568 5558">
     <span class='ocr_line' id='line_1_114' title="bbox 1998 5492 3568 5558; baseline -0.003 -9"><span class='ocrx_word' id='word_1_751' title='bbox 1998 5494 2109 5557; x_wconf 86' lang='lat' dir='ltr'><strong>bat,</strong></span> <span class='ocrx_word' id='word_1_752' title='bbox 2143 5493 2353 5549; x_wconf 87' lang='lat' dir='ltr'><strong>malens</strong></span> <span class='ocrx_word' id='word_1_753' title='bbox 2381 5509 2477 5549; x_wconf 86' lang='lat' dir='ltr'><strong>eos</strong></span> <span class='ocrx_word' id='word_1_754' title='bbox 2498 5495 2861 5558; x_wconf 79' lang='lat' dir='ltr'><strong>salvos;nam</strong></span> <span class='ocrx_word' id='word_1_755' title='bbox 2922 5494 2969 5547; x_wconf 78' lang='lat' dir='ltr'><strong>si</strong></span> <span class='ocrx_word' id='word_1_756' title='bbox 3028 5492 3296 5547; x_wconf 75' lang='lat' dir='ltr'><strong>vixissent</strong></span> <span class='ocrx_word' id='word_1_757' title='bbox 3350 5494 3568 5546; x_wconf 85' lang='lat' dir='ltr'><strong>hostem</strong></span> 
     </span>
    </p>
   </div>
   <div class='ocr_carea' id='block_1_114' title="bbox 1998 5584 3569 5655">
    <p class='ocr_par' dir='ltr' id='par_1_114' title="bbox 1998 5584 3569 5655">
     <span class='ocr_line' id='line_1_115' title="bbox 1998 5584 3569 5655; baseline -0.003 -14"><span class='ocrx_word' id='word_1_758' title='bbox 1998 5586 2190 5651; x_wconf 87' lang='lat' dir='ltr'><strong>secuti,</strong></span> <span class='ocrx_word' id='word_1_759' title='bbox 2225 5584 2399 5641; x_wconf 91' lang='lat' dir='ltr'><strong>Deum</strong></span> <span class='ocrx_word' id='word_1_760' title='bbox 2432 5586 2525 5655; x_wconf 88' lang='lat' dir='ltr'><strong>qui</strong></span> <span class='ocrx_word' id='word_1_761' title='bbox 2550 5600 2645 5641; x_wconf 84' lang='lat' dir='ltr'><strong>eos</strong></span> <span class='ocrx_word' id='word_1_762' title='bbox 2690 5586 2990 5640; x_wconf 75' lang='lat' dir='ltr'><strong>tradiderat</strong></span> <span class='ocrx_word' id='word_1_763' title='bbox 3016 5592 3400 5654; x_wconf 80' lang='lat' dir='ltr'><strong>agnoscentes,</strong></span> <span class='ocrx_word' id='word_1_764' title='bbox 3452 5597 3569 5651; x_wconf 72' lang='lat' dir='ltr'><strong>pce-</strong></span> 
     </span>
    </p>
   </div>
  </div>
