4218 6448
694 398 804 461 703

1792 406 2315 469 OLYMPIODORI
2360 408 2895 472 ALEXANDRINI

3884 414 3994 473 701

694 516 753 567 in
784 513 1014 570 salutem
1045 519 1101 569 in
1130 515 1274 569 omni
1317 516 1429 568 loco
1460 533 1474 568 :
1528 518 1623 570 sed
1671 535 1797 573 cum
1847 520 2013 576 homo
2050 522 2149 589 sis,
2178 523 2285 578 noli

2399 526 2524 589 μίου
2558 525 2589 578 δ
2635 523 2808 589 Θεὸς,
2848 524 2933 576 ὅτι
2974 524 3299 591 "ep-tomum
3349 540 3469 579 σου
3518 526 3629 592 τὴν
3663 524 3879 593 ψυχὴν
3922 526 3998 574 ἐν

695 620 941 675 ιιιιυξτετθ
971 616 1031 662 ut
1056 608 1196 663 liber
1223 623 1253 661 a
1279 606 1562 662 doloribus
1611 610 1704 663 sis.
1739 610 1936 666 Doctos
1970 614 2045 667 ait
2077 613 2131 667 in
2169 614 2285 684 lege

2391 617 2569 670 παντί
2603 615 2788 681 τόπῳ.
2826 617 2917 685 Μὴ
2942 616 3092 685 ζήτει
3124 616 3204 681 δὲ,
3225 616 3512 685 ἄνθρωπος
3529 616 3633 680 ὢν,
3655 617 3993 685 ἀπαλλαγῆ-

695 700 765 752 ad
835 700 1064 756 honesta
1127 716 1356 771 quaeque
1424 703 1648 771 largitus
1719 712 1822 757 est.
1904 705 1963 758 ln
2028 706 2284 762 Arabiam

698 793 912 864 fugiens
949 793 1228 859 Sedecias,
1264 795 1320 848 in
1362 812 1481 849 eam
1511 811 1632 865 qum
1666 813 1813 851 nunc
1844 796 2068 868 Daphne
2096 802 2286 871 appel-

699 883 809 936 Iutu
818 900 863 935 r.

769 972 834 1027 ν.
879 974 932 1029 5.
988 992 1009 1028 ι
1045 975 1113 1030 Et
1164 987 1221 1032 tu
1254 993 1488 1047 quaeres.
1527 998 1544 1028 ι
1592 978 1708 1035 Νοιὶ
1750 997 2038 1051 quaerere;
2092 999 2285 1055 magna

2390 727 2477 764 ναι
2528 710 2729 765 πόνων.
2780 710 2922 773 Τοὺς
2994 709 3365 780 νομομαθεῖς,
3417 712 3615 779 φησὶν,
3670 711 3750 771 εἰς
3803 710 3993 761 πάντα

2391 804 2568 873 σεμνά
2601 804 2922 874 ἐχαρίσατο.
2971 805 3095 856 Ἐπὶ
3140 805 3241 873 τὴν
3285 804 3548 873 Ἀραϐίαν
3593 806 3893 872 φεύγοντες
3942 806 3991 854 οἱ

2296 934 2301 939 .
2388 894 2534 965 ἀμφὶ
2560 896 2653 949 τὸν
2681 895 2937 949 Σεδεκίαν
2956 936 2970 959 ,
2992 898 3070 958 εἰς
3105 896 3205 966 τὴν
3232 897 3325 948 νῦν
3353 896 3703 966 καλουμένην
3736 897 3984 964 Δάφνην.

2464 1004 2482 1035 ι
2515 987 2625 1040 Kal
2660 989 2726 1041 σὺ
2767 986 3050 1057 ζητήσεις.
3088 1008 3105 1039 ι
3162 987 3251 1057 Μὴ
3288 988 3569 1061 ξητήσῃς-
3627 988 3695 1040 τὰ
3728 989 3839 1057 γὰρ
3884 1006 3989 1055 με-

699 1067 904 1138 quippe
934 1077 991 1126 et
1016 1071 1380 1153 admiratione
1408 1074 1568 1145 digna
1600 1092 1706 1129 non
1738 1076 1843 1138 hic.
1871 1077 1966 1132 sed
2010 1078 2064 1132 in
2098 1078 2285 1134 futuro

2388 1077 2531 1145 γάλα
2559 1080 2655 1131 καὶ
2703 1080 3015 1149 ἁξιάγαστα
3054 1081 3155 1134 οὑκ
3187 1080 3426 1135 ἐνταῦθα
3448 1123 3463 1150 ,
3494 1081 3612 1136 ἀλλ’
3649 1083 3705 1133 ἐν
3733 1078 3815 1149 τῷ
3853 1080 3990 1149 μέλ-

700 1160 923 1216 saeculo.

1284 1299 1436 1354 CAP.
1506 1301 1690 1356 XLVI.

770 1409 835 1465 V.
870 1412 925 1466 ‘2.
959 1430 977 1464 ι
1015 1410 1074 1468 ln
1101 1412 1371 1469 Cbarmis.
1412 1434 1429 1465 δ
1467 1415 1607 1471 Urbs
1629 1426 1715 1472 est
1746 1417 1998 1474 Cliurmis
2036 1420 2088 1474 in
2116 1422 2285 1477 Meso-

701 1501 960 1570 potalnia.

768 1590 837 1647 V.
868 1595 921 1649 5.
964 1613 984 1647 ι
1012 1594 1219 1651 Idcirco
1253 1606 1456 1667 pavent
1485 1599 1611 1670 ipsi.
1648 1619 1666 1652 ι
1704 1600 1977 1673 Propheta
2010 1606 2087 1661 ait
2119 1606 2284 1678 Egy-

702 1683 869 1753 ptios,
894 1685 988 1756 qui
1032 1688 1368 1757 parabantur
1394 1690 1464 1745 ad
1494 1691 1843 1749 inferendum
1879 1696 2107 1771 bellum,
2135 1699 2284 1768 ipsos

700 1774 819 1831 fore
851 1778 1094 1848 pavidos.

2391 1169 2538 1222 λοντι
2563 1170 2743 1224 αἰῶνι.

2951 1307 3206 1361 usam.
3249 1308 3400 1374 Μςο.

2464 1434 2481 1466 ι
2528 1415 2615 1470 Ἑν
2647 1417 2916 1487 Χαρμεῖς.
2961 1440 2979 1469 ι
3027 1419 3186 1482 Πόλις
3243 1420 3393 1473 ἐστὶν
3442 1421 3473 1489 ἡ
3521 1420 3741 1489 Χαρμ⁸τς
3792 1420 3853 1470 ἐν
3911 1419 3984 1488 τῇ

2388 1508 2810 1580 Μεσοποταμίᾳ.

2464 1617 2483 1649 ι
2520 1598 2620 1652 Διὰ
2675 1598 2837 1652 τοῦτο
2888 1600 3047 1654 αὐτοὶ
3108 1601 3424 1655 πτοοῦνται.
3482 1620 3499 1651 ι
3570 1603 3629 1655 Ὀ
3683 1603 3982 1673 προφήτης

2389 1686 2577 1757 φησὶν,
2607 1688 2689 1740 δτι
2715 1688 2764 1741 οἰ
2809 1692 3371 1760 παρασκευαζόμενοι
3413 1693 3495 1754 εἰς
3543 1694 3779 1763 πόλεμον
3807 1694 3984 1759 Αἰγύ-

2388 1791 2525 1830 πτου
2558 1776 2669 1849 [ῖσ.
2711 1780 3046 1852 Δίγύπτιοι],
3079 1783 3235 1836 αὐτοὶ
3273 1783 3588 1839 πτοοῦνται.

771 1868 836 1923 ν.
879 1872 930 1925 7.
985 1891 1005 1923 ι
1041 1871 1174 1937 Quis
1201 1883 1289 1928 est
1327 1874 1430 1931 iste
1460 1876 1555 1946 qui
1583 1877 1741 1948 quasi
1766 1876 2011 1935 ﬂumen?
2049 1900 2067 1932 ι
2104 1882 2279 1954 Baby-

2462 1886 2480 1918 ι
2520 1869 2618 1933 Τίς
2649 1865 2806 1936 οὗτος
2839 1872 2912 1936 ὡς
2937 1876 3219 1944 ποταμόςς
3259 1895 3273 1926 ι
3326 1876 3383 1929 Ὀ
3417 1876 3788 1941 Βαϐυλώνιος.

605 1979 609 1982 ν
700 1961 899 2017 Ionius.

772 2051 835 2108 ν.
876 2053 962 2110 to.
1004 2074 1023 2105 ι
1057 2056 1125 2111 Et
1148 2055 1265 2111 dies
1295 2058 1406 2112 ille.
1443 2077 1461 2110 ι
1505 2059 1635 2115 Post
1665 2075 1889 2116 sensum
1930 2064 2277 2131 bistoricmn,

696 2143 899 2201 Christi
928 2146 1221 2202 adventum
1255 2149 1498 2220 intellige
1521 2191 1536 2216 ,
1571 2154 1790 2222 quando
1820 2155 2041 2224 penitus
2071 2155 2283 2211 inimici

697 2236 793 2292 Dei
821 2238 1097 2295 daemones
1135 2239 1362 2295 edomiti
1391 2251 1540 2298 sunt.

765 2348 831 2404 V.
862 2350 949 2407 ll.
988 2370 1007 2403 ι
1045 2350 1295 2407 Ascende
1322 2351 1545 2409 Galaad.
1585 2371 1604 2407 ι
1638 2353 1837 2411 Galaad
1863 2356 2035 2428 gignit
2060 2359 2281 2430 quidem

696 2443 956 2507 resinam,
986 2457 1109 2513 quae
1147 2443 1467 2499 vulneribus
1495 2445 1705 2501 medela
1726 2456 1832 2504 est.
1862 2448 2069 2506 Sensus
2098 2460 2280 2508 autem

696 2536 862 2605 hujus
906 2537 1181 2592 sermonis
1226 2546 1348 2593 est:
1399 2537 1601 2594 Galaad
1645 2540 2004 2610 pollicebatur
2031 2542 2282 2615 Egyptio

697 2626 920 2689 auxilia,
953 2635 1009 2680 at
1044 2626 1160 2697 ipsa
1189 2627 1367 2696 primo
1386 2638 1543 2698 capta
1560 2637 1665 2685 est.
1695 2629 1830 2696 Quae
1857 2630 2045 2702 igitur,
2078 2633 2279 2704 inquit,

695 2717 817 2771 aliis
845 2718 1042 2773 auxilia
1080 2720 1372 2789 promittis,
1421 2721 1743 2791 tibimetipsi
1776 2737 1937 2792 opem
1966 2723 2069 2779 fer.
2099 2724 2281 2797 Virgi-

695 2825 822 2864 nem
854 2825 1016 2880 porro
1063 2820 1222 2866 vocat
1247 2810 1558 2882 Egyptum,
1609 2814 1740 2883 quia
1774 2822 1907 2869 tunc
1936 2816 2173 2885 primum
2212 2818 2283 2873 ab

697 2896 948 2952 hostibus
987 2898 1218 2968 turpiter
1255 2900 1468 2955 devicta
1507 2912 1610 2967 est,
1648 2910 1705 2957 et
1744 2904 2147 2973 quodammodo
2179 2907 2277 2962 de-

695 2985 926 3053 ﬂorata;
972 2986 1137 3042 ﬁliam
1181 3004 1314 3045 vero
1363 2989 1600 3062 Egypti,
1641 3001 1800 3048 vocat
1840 2993 2121 3066 regionem
2169 2997 2282 3054 cir-

695 3079 1084 3148 cumpositani.

767 3168 833 3223 V.
894 3172 981 3229 12.
1032 3188 1052 3222 ι
1089 3170 1298 3227 Pariter
1343 3175 1679 3231 ceciderunt.
1723 3197 1741 3229 ι
1797 3180 2020 3235 Nechao
2072 3181 2283 3240 Pharao
2311 3210 2354 3270 ο

696 3280 821 3318 eum
850 3263 1114 3328 subditis,
1152 3266 1236 3321 vel
1269 3274 1325 3321 et
1353 3266 1552 3323 Galaad
1582 3285 1708 3325 cum
1740 3270 1993 3343 Egypto.

768 3355 832 3409 V.
860 3357 945 3412 l3.
985 3380 1000 3407 ς
1029 3356 1162 3422 Quae
1181 3359 1393 3414 locutus
1419 3370 1503 3416 est
1531 3362 1816 3420 Dominus.
1850 3384 1870 3417 ι
1900 3366 2110 3422 Dicitur
2141 3370 2283 3425 Deus

696 3447 754 3501 in
780 3460 945 3500 manu
979 3446 1127 3516 loqui
1167 3450 1582 3517 prophetarum,
1626 3456 1886 3523 quoniam
1934 3459 2117 3513 omnia
2159 3477 2282 3530 quae

698 3536 945 3592 facienda
986 3538 1266 3607 propheta:
1312 3542 1627 3609 audiebant,
1664 3544 1957 3602 faciebant.
2014 3548 2073 3603 ln
2118 3567 2281 3607 manu

697 3627 901 3696 quippe
930 3629 1074 3683 actio
1096 3638 1180 3685 est
1213 3647 1228 3696 ;
1260 3631 1343 3685 vel
1394 3640 1682 3702 postquam
1721 3637 1904 3691 omnia
1945 3637 2037 3694 Dei
2064 3640 2281 3698 decreta

696 3732 726 3769 ει
761 3718 1042 3787 prophetis
1073 3721 1395 3774 annuntiata
1428 3733 1644 3791 peracta
1694 3724 1866 3782 fuere.

770 3806 832 3859 V.
872 3808 963 3873 14.
1005 3827 1023 3857 ι
1065 3809 1401 3866 Ληηυηιίοιο
1447 3814 1503 3867 in
1544 3814 1870 3885 Magdolum.
1924 3837 1941 3870 ι
1991 3820 2279 3892 Memphis,

698 3906 753 3950 et
781 3896 1058 3967 Taphnas.
1088 3910 1143 3955 et
1178 3901 1472 3973 Magdolus,
1516 3905 1679 3962 urbes
1703 3918 1861 3963 erant
1899 3909 2281 3983 Egyptiorum

698 3988 939 4045 illustres
960 4001 1016 4047 et
1051 3993 1231 4064 regiae.

771 4098 790 4131 ι
830 4080 1229 4138 Etannuntiate
1262 4084 1316 4139 in
1345 4086 1661 4157 Memphim.
1692 4109 1711 4140 ιι
1740 4088 1989 4161 Ρινωραηι
2019 4102 2071 4149 te
2105 4095 2279 4166 ipsam

696 4173 764 4227 ad
828 4188 1053 4241 nectnv,
1108 4185 1226 4242 sta,
1281 4193 1381 4249 pro
1447 4182 1693 4249 percipe,
1747 4185 1894 4253 quod
1952 4186 2097 4242 sicut
2145 4190 2278 4244 smi-

665 4262 889 4328 'laeem,
946 4264 1026 4321 sic
1069 4281 1252 4337 regem
1309 4276 1465 4325 tuum
1515 4271 1799 4328 abscindet
1850 4273 2064 4345 gladius
2102 4277 2279 4351 Baby-

696 4352 827 4407 lonii
838 4395 851 4407 .

768 4442 833 4499 ν.
870 4443 957 4499 l6.
991 4464 1009 4498 ι
1041 4444 1110 4499 Et
1154 4449 1551 4521 unusquisque.
1602 4472 1621 4505 ι
1658 4451 1831 4509 ,ιυᾶωί
1870 4456 1965 4526 qui
2011 4456 2067 4519 in
2109 4457 2278 4531 Egy-

2464 2069 2479 2100 ι
2525 2050 2637 2103 Kal
2666 2050 2701 2122 ἡ
2732 2051 2937 2121 ἡμέρα.
2963 2072 2981 2104 ι
3018 2055 3178 2107 Μετὰ
3201 2055 3301 2125 τὴν
3324 2056 3573 2126 ἱστορίαν
3607 2056 3702 2127 τὴν
3731 2058 3979 2127 Χριστοῦ

2388 2142 2695 2212 παρουσίαν
2717 2142 2850 2207 νόει,
2878 2145 2969 2197 ὅτε
3000 2145 3226 2209 τελείως
3249 2147 3300 2198 οἰ
3336 2146 3524 2217 ἐχθροὶ
3544 2147 3637 2201 τοῦ
3669 2147 3809 2201 Θεοῦ
3837 2165 3980 2200 κατ-

2385 2231 2742 2304 ηγορήθησαν
2770 2232 3051 2304 δαίμονες.

2464 2365 2483 2397 ι
2528 2346 2783 2418 ’Δνάϐηθι
2820 2347 3058 2403 Γαλαὰδ.
3096 2370 3114 2402 ι
3171 2350 3233 2403 Ἡ
3284 2351 3499 2405 Γαλαὰδ
3542 2350 3655 2421 ἔχει
3702 2350 3805 2421 μὲν
3876 2350 3977 2419 τὴν

2388 2440 2649 2512 ῥητίνην,
2695 2430 2947 2513 ἰατρικὴν
2984 2439 3155 2496 οὖσαν
3193 2443 3555 2513 τραυμάτων.
3595 2444 3660 2496 ’Ὀ
3696 2442 3755 2497 δὲ
3798 2442 3978 2509 λέγει,

2385 2531 2633 2587 τοιοῦτόν
2672 2534 2857 2587 ἐστιν·
2906 2534 2969 2588 Ἡ
3002 2533 3221 2588 Γαλαὰδ
3254 2534 3633 2604 ἐπηγγέλλετο
3664 2534 3979 2604 ἐπαμύνειν

2385 2622 2465 2695 τῷ
2488 2625 2773 2697 Αἰγυπτίῳ
2793 2642 2808 2656 ο
2837 2627 2933 2680 καὶ
2963 2624 3106 2698 αὕτη
3127 2626 3319 2697 πρώτη
3351 2626 3517 2681 ἑάλω.
3554 2626 3618 2678 'H
3640 2621 3757 2690 οὖν,
3780 2626 3977 2695 φησὶν,

2388 2715 2796 2789 ὑπισχνουμένη
2824 2717 3016 2785 Ῐᾶλλοις
3051 2717 3289 2789 βοηθεῖν,
3307 2721 3483 2789 σαυτῇ
3511 2716 3799 2788 βοήθησον.
3831 2718 3981 2787 [ἰαρ-

2388 2807 2541 2863 θένον
2573 2808 2631 2861 δὲ
2674 2809 2776 2877 τὴν
2803 2809 3084 2878 Αἴγυπτόν
3117 2827 3302 2879 φησιν,
3343 2810 3421 2873 ὡς
3460 2811 3583 2863 τότε
3615 2810 3835 2881 πρῶτον
3883 2810 3983 2862 αἰ-

2364 2900 2571 2972 -σχρῶς
2600 2899 2710 2953 ὑπὸ
2755 2900 3036 2971 πολεμίων
3086 2901 3439 2972 ἡττηθεῖσαν,
3489 2901 3587 2954 καὶ
3620 2900 3695 2963 ὡς
3728 2900 3794 2953 ἂν
3827 2901 3980 2955 εἴποι

2384 3011 2471 3058 τις
2514 2993 3069 3067 διαπαρθενευθεῖσαν
3089 3012 3103 3027 ο
3132 2994 3411 3064 θυγατέρα
3444 2994 3504 3047 δὲ
3544 2993 3848 3062 Αἰγύπτου,
3872 2994 3982 3062 τὴν

2390 3086 2702 3157 περίχωρον
2727 3086 3012 3157 ὀνομάζει.

2464 3194 2484 3225 ι
2532 3176 2655 3229 Ἐπὶ
2697 3175 2758 3230 τδ
2801 3176 2935 3231 αὑτὸ
2979 3176 3203 3230 ἔπεσαν.
3244 3196 3262 3227 ι
3306 3177 3365 3230 '0
3399 3176 3599 3246 Νεχαὼ
3634 3175 3838 3243 Φαραὼ
3875 3176 3981 3227 σὺν

2385 3267 2499 3328 τοῖς
2533 3264 2797 3337 ὑπηκόοις
2817 3282 2832 3296 °
2866 3266 2901 3337 ἢ
2937 3267 3032 3320 καὶ
3060 3265 3278 3319 Γαλαὰδ
3301 3266 3399 3318 σὺν
3427 3268 3493 3336 τῇ
3525 3264 3810 3337 Αἰγύπτῳ.

2463 3377 2481 3407 ι
2518 3360 2585 3410 ’Δ
2611 3358 2846 3427 ὲλάλησε
2872 3357 3102 3428 Κύριος.
3139 3377 3157 3409 ι
3196 3358 3433 3426 Λέγεται
3455 3357 3588 3420 Θεὸς
3620 3359 3680 3409 ὲν
3710 3357 3857 3426 χειρὶ
3879 3358 3980 3410 λα-

2387 3448 2499 3502 λεῖν
2531 3449 2642 3503 τῶν
2674 3448 2996 3518 προφητῶν,
3051 3449 3243 3519 ἐπειδὴ
3276 3449 3461 3503 πάντα
3503 3448 3605 3517 δσα
3638 3447 3888 3516 ἥκουσαν
3924 3448 3975 3499 οἰ

2386 3539 2662 3611 προφῆται
2709 3542 2906 3604 ποιεῖν,
2941 3539 3184 3594 ἐποίουν.
3222 3541 3385 3610 Χειρί
3414 3540 3525 3609 γὰρ
3568 3542 3602 3611 ἡ
3648 3538 3871 3609 πρᾶξις.
3900 3540 3976 3592 ’Β

2386 3634 2480 3685 καὶ
2513 3633 2700 3702 ἐπειδὴ
2738 3632 2919 3687 πάντα
2949 3632 3019 3685 τὰ
3054 3633 3374 3703 μηνυόμενα
3404 3632 3509 3684 ὑπὸ
3533 3631 3630 3685 τοῦ
3658 3630 3821 3698 Θεοῦ,
3864 3632 3978 3685 ὑπὸ

2383 3722 2494 3775 τῶν
2537 3723 2837 3795 προφητῶν
2869 3724 2948 3787 εἰς
2977 3723 3143 3792 ἔργον
3172 3722 3392 3793 ἐχώρει.

2467 3831 2485 3862 ι
2508 3813 2899 3881 Ἀναγγείλατε
2926 3815 3007 3874 εἰς
3037 3812 3360 3880 Μαγδωλὸν.
3394 3831 3411 3863 ι
3448 3813 3697 3883 Μέμφις,
3735 3814 3833 3866 καὶ
3864 3811 3981 3866 Td»

2385 3920 2522 3972 φνας
2547 3942 2563 3967 ,
2596 3904 2694 3958 καὶ
2748 3904 3081 3971 Μαγδωλὸς,
3134 3904 3327 3967 πόλεις
3366 3904 3616 3975 ὑπῆρχον
3653 3904 3909 3972 Αἰγυπτίη
3934 3925 3977 3955 πυ

2384 3994 2711 4063 περιφανεῖς
2742 3993 2840 4047 καὶ
2871 3992 3170 4064 βασιλικαί.

2462 4102 2481 4133 ι
2518 4084 2632 4137 Καὶ
2688 4083 3103 4155 παραγγείλατε
3146 4084 3229 4145 εἰς
3269 4080 3516 4152 Μέμφιν.
3559 4100 3580 4136 ι
3647 4082 3977 4151 Ἑτοίμασον

2384 4172 2619 4244 σεαυτὴν
2645 4175 2725 4238 εἰς
2748 4174 2985 4245 σφαγὴν,
3004 4173 3307 4241 ἐπίστηθι,
3343 4173 3466 4226 ἀντὶ
3496 4172 3617 4235 τοῦ,
3658 4174 3867 4241 γνώσῃ
3892 4175 3976 4227 ὅτι

2380 4265 2457 4329 ὡς
2485 4264 2729 4335 σμίλακα
2754 4305 2770 4330 ,
2816 4265 2989 4329 οὕτως
3019 4264 3244 4334 ἐκκόψει
3284 4281 3381 4317 σου
3406 4264 3500 4318 τὸν
3525 4263 3756 4334 βασιλέα
3786 4265 3820 4335 ἡ
3864 4267 3975 4335 μά-

2382 4370 2550 4425 χαιρα
2582 4352 2679 4407 τοῦ
2708 4352 3082 4409 Βαϐυλωνίου.

2459 4464 2479 4496 ι
2516 4447 2629 4501 Καὶ
2650 4446 2903 4508 ἕκαστος.
2941 4464 2961 4496 ι
2994 4445 3059 4499 Ol
3086 4446 3146 4500 ὲν
3174 4446 3244 4517 τῇ
3272 4445 3538 4516 Αἰγύπτῳ
3584 4445 3832 4499 Ἰουδαῖοι
3875 4446 3971 4499 λέ-

695 4547 791 4605 pto
819 4536 991 4595 erant’
1018 4540 1267 4599 dicentes
1298 4562 1311 4597 :
1362 4544 1721 4601 Reuertemur
1753 4548 1822 4604 ad
1873 4551 2136 4623 populum
2173 4567 2277 4609 no-

2381 4552 2591 4605 γοντες,
2624 4535 3085 4607 ’Δναστρέψωμεν
3105 4536 3247 4607 πρὸς
3269 4535 3363 4589 τὸν
3392 4535 3522 4588 λαὸν
3551 4535 3731 4606 ἡμῶν.

694 4638 768 4682 Sll
780 4646 892 4684 um.

773 4740 793 4772 ι
838 4723 879 4774 A
909 4720 1043 4777 facie
1066 4723 1225 4793 gladii
1256 4722 1449 4782 Graeci.
1485 4746 1503 4777 ι
1544 4726 1895 4786 lonesGmci
1928 4731 1997 4787 ab
2026 4733 2156 4788 Ione
2182 4750 2276 4804 ge-

695 4802 801 4866 nus
853 4812 1139 4878 ducentes,
1178 4814 1483 4887 Babylonis
1528 4819 1656 4874 olim
1695 4820 1896 4878 tributa
1942 4802 2272 4892 pendebant,

696 4902 911 4972 illisque
952 4904 1020 4958 ad
1059 4904 1198 4959 bella
1243 4906 1737 4978 oonjungebantur.
1780 4913 1825 4965 Α
1873 4912 2050 4984 gladio
2093 4915 2274 4985 itaque

694 4994 904 5061 Graeco,
939 4994 992 5052 id
1014 5005 1118 5061 est,
1157 4997 1320 5054 sociis
1348 4997 1645 5071 Babﬁonii.

766 5192 834 5247 ν.
863 5192 950 5247 18.
978 5210 998 5243 ι
1030 5191 1168 5259 Quia
1195 5196 1665 5270 sicutltabyrium.
1701 5222 1719 5254 ι
1752 5203 1904 5258 Mons
1932 5206 2019 5260 hic
2041 5205 2271 5263 Galilaea:

699 5292 825 5339 ante
878 5282 1079 5341 Christi
1132 5288 1425 5343 adventum
1479 5290 1726 5347 desertus
1792 5304 1925 5348 erat.
1990 5294 2271 5354 Carmelus

697 5389 914 5445 quoque
942 5386 998 5431 et
1030 5378 1147 5447 ipse
1169 5380 1435 5447 desertus,
1481 5383 1690 5453 adjucct
1719 5386 1875 5449 mari,
1918 5387 2269 5461 marinosque

694 5476 862 5523 testus
915 5469 1139 5540 excipit.
1188 5469 1303 5525 Erit
1337 5474 1541 5545 itaque,
1579 5476 1673 5535 uit.
1707 5475 1971 5547 Memphis
2002 5483 2268 5537 tumultus

696 5557 876 5626 plena,
910 5558 1231 5632 desertaque
1263 5577 1328 5618 cx
1361 5563 1661 5634 irruptione
1684 5564 2122 5637 Babyloniorum.

769 5732 831 5786 V.
873 5733 964 5789 20.
1001 5756 1018 5786 ι
1054 5736 1233 5793 Vitula
1256 5738 1517 5794 adornata
1533 5740 1812 5812 Algyptus.
1852 5763 1869 5795 δ
1903 5743 2062 5800 Missa
2083 5748 2261 5815 capia-

701 5839 813 5888 rum
854 5834 1007 5894 parte
1036 5824 1356 5899 Babylonius
1382 5834 1526 5903 cepit
1541 5833 1705 5890 illam.
1732 5866 1803 5877 —
1830 5834 2041 5903 Milites,
2063 5837 2164 5893 hoc
2181 5848 2264 5893 est

2462 4735 2482 4767 ι
2524 4714 2659 4767 Ἀπὸ
2699 4713 2998 4785 προσώπου
3026 4712 3304 4785 μαχαίρας
3346 4711 3696 4783 Ἑλληνικῆς.
3718 4730 3739 4765 ι
3768 4713 3831 4766 Οἰ
3861 4712 3972 4766 ἀπὸ

2390 4808 2573 4867 Ἴωνος
2595 4806 2862 4874 Ἕλληνες
2894 4804 3078 4868 ὄντες,
3114 4803 3384 4872 ὑπὸφοροι
3411 4797 3555 4874 ἦσαν
3593 4801 3738 4856 κατὰ
3762 4802 3825 4854 τὸ
3855 4818 3967 4856 πα-

2383 4897 2533 4951 λαιὸν
2559 4896 2670 4950 τῶν
2692 4894 3073 4959 Βαϐυλωνίων,
3099 4894 3193 4949 καὶ
3214 4894 3553 4965 συνεμάχουν
3583 4890 3738 4962 αὑτῷ
3765 4895 3825 4945 ὲν
3851 4896 3969 4956 τοῖς

2381 4987 2668 5057 πολέμοις.
2704 4985 2838 5039 ’Δπὸ
2862 4985 3140 5056 μαχαίρας
3169 4983 3267 5039 οῦν
3308 4981 3658 5053 Ἑλληνικῆς,
3689 4982 3815 5038 ἀντὶ
3841 4980 3963 5047 τοῦ,

2380 5078 2488 5132 τῶν
2526 5077 2834 5149 συμμάχων
2858 5077 2951 5132 τοῦ
2974 5075 3340 5132 Βαϐυλωνίου.

2454 5212 2472 5245 ι
2505 5192 2626 5246 ’Ὅτι
2652 5190 2729 5257 ὡς
2759 5191 2823 5246 τὸ
2863 5190 3187 5263 Ἰταϐύριον.
3225 5209 3244 5243 ι
3278 5188 3452 5245 Τοῦτο
3472 5189 3534 5243 τδ
3561 5188 3691 5262 ὅρος
3714 5190 3820 5257 τῇς
3850 5188 3965 5242 Γα-

2377 5282 2588 5347 λιλαίας
2614 5280 2699 5348 ὃν,
2741 5281 2950 5354 ἔρημον
2980 5277 3051 5353 ἦν
3080 5281 3190 5350 πρὸ
3221 5282 3321 5352 τῆς
3354 5278 3597 5350 Χριστοῦ
3629 5277 3961 5349 παρουσίας.

2393 5372 2453 5429 Ὀ
2474 5374 2533 5428 δὲ
2549 5374 2849 5445 Κάρμηλος
2881 5373 2977 5427 καὶ
3003 5374 3163 5435 αὑτὸς
3193 5371 3400 5442 ἔρημος
3421 5366 3511 5441 ἦν,
3528 5370 3773 5438 ἔγκειται
3803 5367 3860 5420 δὲ
3885 5370 3959 5438 τῇ

2377 5465 2625 5538 θαλάσσῃ
2650 5506 2665 5531 ,
2709 5467 2805 5521 καὶ
2850 5466 2977 5529 τοὺς
3023 5463 3349 5527 θαλαττίους
3387 5462 3606 5532 δέχεται
3652 5460 3956 5522 κλύδωνας.

2380 5560 2575 5613 Ἔσται
2616 5554 2732 5623 οὖν,
2772 5558 2960 5628 φησὶν,
3008 5559 3042 5626 ἠ
3082 5556 3310 5627 Μέμφις
3343 5554 3578 5625 θορύϐου
3627 5552 3825 5623 μεστὴ,
3857 5551 3956 5603 καὶ

2376 5652 2583 5723 ἔρημος
2612 5651 2678 5702 ὲκ
2706 5648 2803 5718 τῆς
2828 5649 3025 5718 ἐφόδου
3055 5648 3164 5702 τῶν
3188 5646 3565 5701 Βαϐυλωνίων.

2449 5764 2467 5795 ι
2520 5742 2766 5812 Δαμαλις
2830 5740 3323 5810 κεκαλλωπισμένη
3381 5736 3680 5815 Δζγνπτος.
3745 5751 3763 5785 ι
3820 5732 3947 5787 ὀτι

2377 5835 2539 5907 μέρος
2570 5850 2621 5888 τι
2652 5832 2751 5903 τῆς
2774 5833 3057 5903 δυνάμεως
3092 5832 3318 5903 πέμψας
3347 5831 3375 5883 ὁ
3408 5828 3772 5892 Βαϐυλώνιος,
3799 5816 3948 5878 εἷλεν
