4218 6448
284 455 387 515 ’105

1403 440 1656 500 ΙδηΑιὶΜ
1671 436 1858 494 EN'I‘A
1904 434 1978 492 IN
2028 435 2266 494 IEREM
2283 436 2438 494 IAM.

3454 437 3555 498 706

286 563 474 630 αὐτὴν.
514 589 582 601 —~
625 553 990 626 Στρατιῶται,
1045 553 1292 604 τουτέστι
1337 553 1395 601 τὺ
1438 549 1746 617 σιτηρέσιον
1785 560 1796 572 ·
1841 543 1872 612 ἦ

1988 545 2464 613 ςιίιιριιιιίοι·ἱί;γυ1
2496 544 2668 599 exleri
2697 558 2836 614 quos
2883 545 3221 600 inauxilium
3274 548 3553 603 conduxe-

288 653 380 706 καὶ
410 652 456 701 οί
484 648 626 715 ξένοι
660 647 753 710 οὒς
785 643 1164 716 ἐμισθώσαντο
1191 642 1269 704 εἰς
1305 640 1642 710 συμμαχίαν.

363 757 380 788 ι
453 737 608 809 Φωνὴ
668 737 891 799 αὐτῶν,
949 733 1024 796 ὡς
1085 733 1280 801 ὄφεως.
1319 751 1337 782 ι
1383 732 1454 782 *ιι
1504 725 1871 790 στεναζόντων

290 831 426 900 φησὶ
476 830 568 882 καὶ
607 828 918 898 φευγόντων
946 840 958 853 ⁸
991 823 1210 892 ἐπειδὴ,
1263 819 1481 889 φεύγων
1522 819 1551 870 ὁ
1587 819 1713 885 ὄφις
1777 830 1869 866 συ⁹

293 922 454 994 ρίζει.

361 1016 484 1066 ’Ὁτι
509 1015 568 1064 ἐν
597 1012 788 1081 ἄμμῳ.
817 1028 834 1060 ι
867 1009 1168 1079 Ἔρπονται
1199 1004 1377 1076 χαμαὶ
1407 1001 1676 1070 κείμενοι,
1715 997 1872 1068 συρὸ-

294 1123 444 1175 μενοι
479 1103 836 1173 αἰχμάλωτοι.

367 1216 386 1248 ‹
419 1195 744 1263 Ἐκκόψουσι
770 1193 864 1248 τὸν
891 1191 1098 1264 δρυμὸν
1137 1189 1328 1258 αὐτῆς.
1368 1207 1385 1240 ι
1420 1187 1492 1238 Τὸ
1515 1183 1836 1238 ἀνείκαστον
1856 1222 1870 1246 ,

291 1291 385 1343 καὶ
419 1289 559 1357 ὑπὲρ
585 1285 785 1356 ἀκρίδα
815 1285 1021 1355 πλῆθος
1055 1282 1250 1352 αὐτῆς.

367 1400 384 1429 ι
427 1379 559 1431 Ἰδοὺ
601 1377 713 1446 ἐγὼ
738 1377 958 1430 ὲκδικῶ.
997 1373 1295 1446 Ἀμμωνᾶν
1345 1370 1442 1423 Δία
1476 1369 1680 1439 ἐτίμων
1706 1364 1874 1434 Αίγύ-

292 1488 466 1536 πτιοι,
499 1470 597 1522 καὶ
630 1469 764 1522 αὐτὸ
799 1465 914 1532 οὖν,
949 1468 1137 1538 φησιν,
1163 1464 1344 1519 αὐτῶν
1365 1461 1430 1516 τδ
1457 1459 1678 1515 εἴδωλον
1698 1475 1874 1528 τιμω-

295 1566 532 1635 ρήσομαι
557 1580 570 1593 ο
595 1561 842 1616 τοῦτοδὲ
867 1559 1140 1614 πέπονθεν
1166 1559 1195 1610 ὁ
1225 1555 1471 1618 Σατανᾶς
1495 1553 1588 1605 ἐπὶ
1613 1552 1711 1622 τῆς
1738 1549 1874 1621 Χρι-

293 1656 420 1710 στοῦ
455 1660 781 1724 παρουσίας.

363 1749 474 1803 Καὶ
509 1745 785 1800 παιδεύσω
819 1761 898 1798 σε.
965 1762 983 1794 ›
1039 1741 1166 1797 Ἐπὶ
1203 1741 1302 1812 μὲν
1326 1741 1427 1810 τῆς
1489 1735 1753 1807 ἱστορίας,
1794 1734 1876 1787 ὃτι

294 1842 388 1896 καὶ
417 1839 733 1902 ἀνελθόντες
763 1837 825 1902 ἐξ
849 1836 1133 1905 Αἰγύπτου
1173 1834 1254 1897 τίς
1301 1828 1680 1902 Ἰερουσαλὴμ,
1715 1825 1877 1880 πάλιν

295 1934 639 1988 ἐπαιδεύοντο
663 1949 676 1962 ·
716 1900 861 2001 ήπρδς
893 1900 951 1983 δέ
998 1929 1281 1991 διάνοιαν,
1320 1900 1397 1994 τῷ
1446 1920 1590 1975 κατὰ
1640 1917 1878 1988 Χριστὸν
1912 1900 1954 1956 Β

293 2024 492 2091 Ἰακὼϐ
555 2020 887 2092 σωζομένῳ,
960 2016 1166 2088 φησὶν,
1234 2015 1318 2067 ὅτι
1383 2008 1751 2083 Δυτρώσομαί
1817 2023 1878 2060 σε

290 2092 392 2188 τῆς
423 2113 749 2186 δαιμονικῆς
774 2110 1046 2174 δουλείας,
1078 2110 1174 2162 καὶ
1207 2104 1485 2160 παιδεύσω
1521 2119 1582 2155 σε
1613 2101 1876 2174 κρίματα,

293 2208 546 2262 τουτέστι
581 2205 832 2275 δόγματα
868 2199 1202 2270 εὐαγγελικά
1226 2238 1241 2264 ,
1273 2196 1366 2251 ἐὰν
1395 2195 1451 2249 δὲ
1503 2193 1756 2265 ἁμάρτῃς
1797 2208 1878 2242 τι-

297 2299 627 2372 μωρήσομαί
654 2316 734 2354 σε.

894 2385 1150 2442 ΚΕΦΑΛ.
1182 2385 1317 2439 ΜΖ’.

371 2527 392 2559 ιι
429 2506 570 2561 Τάδε
615 2505 766 2572 λέγει
813 2501 1023 2572 Κύριος
1051 2516 1066 2531 ο
1119 2498 1254 2552 Ἰδοὺ
1286 2496 1477 2550 ὕδατα.
1541 2511 1559 2545 ι
1600 2493 1742 2562 Πρὸς
1783 2492 1881 2561 μὲν

297 2601 584 2671 ἱστορίαν,
646 2599 714 2652 τὰ
775 2595 955 2666 πλήθη
1013 2592 1123 2646 τῶν
1179 2588 1576 2644 Βαϐυλωνίων·
1628 2584 1768 2652 πρὸς
1824 2582 1882 2634 δὲ

293 2695 559 2757 διάνοιαν,
589 2693 624 2761 ἡ
649 2687 744 2743 τοῦ
783 2684 1156 2756 Ἀντιχρίστου
1215 2679 1490 2750 παρουσία
1534 2671 1885 2743 κατασημαί-

297 2803 385 2838 νετ
392 2804 470 2838 αι.

375 2896 395 2928 ς
431 2877 574 2938 Ἕως
600 2877 766 2938 τίνος,
798 2875 831 2944 ἡ
870 2872 1112 2943 μάχαιρα
1142 2867 1236 2921 τοῦ
1275 2864 1520 2936 Κυρίου;
1563 2883 1580 2914 ι
1613 2857 1830 2930 Προορᾷ
1857 2857 1884 2909 ό

300 2972 583 3041 προφήτης
606 2968 704 3039 τὴν
735 2966 873 3037 πρὸς
898 2963 978 3033 τῷ
1008 2963 1158 3014 τέλει
1189 2959 1284 3012 τοῦ
1314 2956 1450 3010 Θεοῦ
1478 2955 1759 3023 ἐκδίκησιν
1787 2966 1887 3001 κα-

296 3063 370 3116 τὰ
398 3062 506 3116 τῶν
541 3060 812 3130 δαιμόνων
843 3055 940 3110 καὶ
974 3055 1195 3109 πάντων
1226 3050 1335 3103 τῶν
1363 3047 1630 3102 ἀπίστων.

381 3177 400 3205 ι
448 3149 892 3220 Ἀποκατάστηθι
939 3149 1018 3210 εἰς
1064 3145 1155 3198 τὸν
1209 3141 1396 3196 κολεόν
1429 3157 1545 3193 σου.
1602 3157 1617 3186 ι
1655 3135 1887 3206 Εῦχεται

1977 645 2121 688 Γιιιιι.

2046 727 2109 786 ν.
2141 729 2234 782 ‘22.
2273 750 2290 779 ι
2339 728 2454 782 Vox
2485 744 2674 783 eorum
2720 730 2875 800 quasi
2940 731 3229 799 serpentis.
3277 749 3294 781 ι
3334 730 3428 784 γει
3459 749 3544 787 sn-

1973 821 2296 888 spirantium
2324 821 2420 886 ait,
2455 820 2888 891 ctfugientium;
2920 835 3048 874 nam
3083 835 3309 891 serpens
3339 823 3552 894 fugiens

1975 912 2172 967 sibilat.

2052 1025 2070 1055 ι
2110 1005 2245 1070 Quia
2269 1007 2321 1060 in
2350 1022 2534 1062 arena.
2563 1026 2580 1058 ι
2621 1006 2784 1061 IIumi
2811 994 3052 1074 iacentes
3091 1016 3340 1076 serpunt,
3369 1018 3424 1062 et
3450 1009 3548 1061 dn-

1982 1104 2183 1149 cuntnr
2240 1097 2460 1166 captivi.

2052 1184 2117 1239 ν.
2147 1185 2236 1240 25.
2263 1204 2280 1237 ι
2299 1186 2567 1241 Excident
2599 1187 2791 1241 silvam
2815 1186 2955 1254 ejus.
2998 1201 3016 1234 ›
3058 1181 3554 1256 Inexeogitabilem,

1976 1290 2030 1332 et
2056 1294 2219 1349 super
2250 1279 2515 1333 locustam
2550 1281 2954 1336 multitudinem
2981 1280 3126 1351 ejus.

2047 1370 2112 1426 γ.
2149 1373 2240 1427 25.
2279 1391 2296 1423 ι
2333 1371 2473 1426 Ecce
2499 1388 2601 1443 ego
2634 1373 2884 1428 ulciscar.
2934 1394 2952 1426 ι
2997 1376 3322 1430 Ammonam
3364 1371 3554 1428 Jovem

1976 1465 2380 1519 venerabantur
2408 1464 2668 1536 Egyptii,
2700 1475 2756 1519 et
2789 1465 2967 1535 ipsum
3029 1482 3179 1537 ergo,
3213 1468 3307 1530 ait,
3340 1466 3556 1520 illorum

1978 1555 2180 1610 idolum
2217 1555 2444 1624 puniam
2481 1572 2496 1610 :
2529 1556 2631 1611 hoc
2663 1571 2796 1612 vero
2826 1571 3021 1628 passus
3064 1566 3149 1613 est
3204 1557 3438 1612 Satanas
3501 1558 3555 1611 in

1977 1647 2180 1703 Christi
2202 1648 2459 1703 adventu.

2051 1739 2114 1792 V.
2146 1740 2235 1796 28.
2271 1758 2289 1792 ι
2319 1741 2386 1795 Ει
2415 1741 2693 1814 castigabo
2716 1751 2788 1797 te.
2822 1761 2840 1795 ι
2865 1742 3134 1800 IIistorice
3155 1746 3559 1815 quidem,quod

1979 1831 2145 1886 etiam
2197 1848 2262 1888 ex
2291 1832 2526 1905 Egypto
2571 1835 2803 1906 regressi
2852 1835 3181 1903 Jerusalem,
3238 1840 3434 1894 iterum
3473 1853 3561 1893 ca-

1980 1922 2349 1994 stigabantur;
2379 1925 2700 1994 spiritaliter
2748 1939 2880 1980 vero
2926 1925 3094 1982 Jacob
3136 1943 3235 1997 per
3283 1928 3560 1984 Christum

1981 2014 2300 2070 salvandum
2340 2016 2655 2086 alloquitur,
2688 2018 2832 2086 quod
2872 2018 3142 2074 Liberabo
3181 2032 3233 2075 te
3281 2035 3313 2075 a
3354 2021 3562 2078 damo—

1981 2121 2114 2160 num
2151 2107 2438 2173 servitute,
2493 2117 2550 2164 et
2623 2110 2873 2166 erudiam
2928 2119 2981 2166 te
3014 2112 3246 2181 judicia,
3323 2114 3428 2168 hoc
3477 2125 3564 2169 est

1980 2199 2233 2272 dogmata
2276 2201 2643 2274 evangelica:
2694 2202 2842 2274 quod
2905 2203 2950 2258 si
3021 2204 3339 2276 deliqueris,
3394 2207 3562 2262 casti-

1982 2292 2120 2362 gabo
2149 2301 2222 2350 te.

2571 2387 2728 2443 CAP.
2760 2388 2968 2444 XLVII.

2056 2499 2122 2552 V.
2154 2499 2208 2552 2.
2242 2518 2261 2552 ι
2303 2499 2429 2556 Haec
2471 2500 2605 2557 dicit
2642 2500 2909 2558 Dominus
2945 2520 2960 2557 :
3015 2503 3157 2560 Ecce
3199 2519 3374 2575 aquae.
3414 2523 3432 2557 ι
3484 2507 3566 2561 Ad

1986 2605 2210 2646 sensum
2232 2591 2454 2660 quidem
2473 2592 2783 2660 Iitteralem,
2805 2595 3102 2650 multitudo
3123 2595 3565 2668 Babyloniorum.

1986 2683 2053 2737 ad
2114 2683 2404 2755 mysticum
2448 2700 2582 2742 vero
2620 2687 2947 2743 Antichristi
2999 2690 3293 2758 praesentia
3338 2691 3570 2746 denota-

1987 2783 2095 2830 ιιιτ.

2057 2864 2125 2919 ν.
2153 2865 2206 2920 6.
2237 2883 2256 2917 ι
2304 2863 2349 2921 Ο
2369 2882 2561 2923 mucro
2594 2869 2834 2935 Domini,
2886 2873 3212 2942 usquequo?
3252 2892 3270 2925 ο
3303 2872 3572 2930 Prmvidet

1988 2955 2258 3024 propheta
2281 2954 2524 3012 divinam
2553 2958 2611 3013 in
2634 2957 2744 3014 ﬁne
2757 2960 3023 3016 ultionem
3039 2972 3232 3016 contra
3262 2963 3565 3025 daamones.

1990 3055 2045 3101 et
2077 3048 2329 3104 inﬁdeles
2362 3065 2578 3105 omnes.

2068 3161 2085 3192 ι
2125 3139 2437 3213 Regredere
2468 3142 2520 3196 in
2548 3143 2799 3214 vaginam
2831 3155 3002 3204 tuam.
3039 3167 3057 3199 ι
3093 3151 3356 3204 Precatur
3369 3152 3571 3206 deinde

302 3249 490 3301 λοιπὸν
521 3246 796 3317 ἡσυχάσαι
821 3243 920 3312 τῆν
949 3238 1138 3308 ὀργὴν,
1177 3235 1266 3290 ἵνα
1294 3232 1586 3303 είρηνεύσῃ
1625 3233 1656 3298 ἡ
1688 3230 1880 3288 κτίσις.

1993 3242 2052 3287 ιιι
2077 3233 2155 3287 ira
2188 3244 2389 3300 cesset,
2414 3245 2469 3289 et
2501 3237 2742 3291 mundus
2771 3253 2904 3307 pace
2945 3239 3177 3295 fruatur.
3229 3243 3390 3298 Certa
3440 3245 3574 3302 ﬁdes

299 3372 374 3381 —
421 3336 805 3409 Πληροφορίαν
854 3332 1095 3402 δέχεται,
1129 3330 1210 3382 ὅτι
1262 3327 1362 3395 οὐχ
1415 3323 1675 3394 ἡσυχάσει
1729 3317 1881 3388 ἡτοῦ

303 3427 514 3496 Κυρίου
548 3426 815 3496 μάχαιρα,
848 3422 953 3482 ἕως
986 3412 1048 3470 οὗ
1072 3416 1292 3477 τελείως
1327 3413 1499 3481 ἀνέλῃ
1532 3411 1628 3481 τὴν
1656 3409 1883 3496 πλάνην,

304 3493 410 3570 καὶ⁷
430 3493 657 3583 ἔσχατος
678 3510 870 3581 ἐχθρὸς
900 3504 1228 3578 καταργηθῇ
1250 3504 1281 3556 ὁ
1312 3502 1546 3562 θάνατος
1577 3516 1589 3530 ·
1625 3499 1760 3568 πρὸς
1795 3493 1887 3550 οὗν

302 3613 371 3679 τῇ
403 3609 636 3678 ἱστορίᾳ,
676 3604 786 3658 νόει
821 3601 918 3655 καλ⁵
949 3599 1020 3653 τά
1042 3599 1144 3669 τῆς
1180 3594 1438 3666 θεωρίας.

898 3736 1152 3789 ΚΕΦΔΔ.
1181 3735 1324 3789 λιιιι.

387 3878 404 3909 ι
442 3857 578 3910 Οὐαὶ
606 3855 700 3907 ἐπὶ
729 3851 944 3906 Ναὸαῦ.
987 3871 1005 3901 >
1039 3848 1252 3913 Ναδαῦ,
1291 3845 1446 3908 πόλις
1477 3842 1806 3940 Μωαϐιτίὺν,
1833 3843 1890 3892 ὲν

309 3945 347 4023 ᾖ
375 3951 436 4003 τὸ
461 3947 883 4018 Δευτερονόμιον
921 3942 1164 4016 ἐγράφη.

389 4063 408 4094 ι
447 4039 676 4097 Ἀλαώθ.
716 4059 735 4091 ιι
773 4034 1006 4100 Ἀλαὼθ,
1040 4033 1194 4095 πόλις
1229 4028 1557 4106 Μωαϐιτῶν,
1592 4027 1668 4089 ὼς
1698 4026 1754 4080 αί
1787 4025 1896 4078 λοι-

311 4136 436 4191 παί.

391 4247 410 4278 ι
475 4228 583 4280 Καὶ
634 4224 980 4290 ἐξελεύσεται
1037 4218 1268 4291 Χαμώς.
1325 4236 1342 4267 ι
1401 4214 1629 4285 Χαμὼς,
1679 4211 1896 4264 εἴδωλον

313 4320 649 4378 Μωαϐιτῶν.

394 4430 412 4462 ιι
453 4412 562 4463 Καὶ
598 4407 883 4462 ἀπολεῖται
926 4403 954 4455 ό
1002 4398 1207 4455 αὐλών.
1257 4417 1276 4448 ι
1322 4392 1592 4448 Ὀ-αὐλὼν
1616 4392 1682 4444 τά
1714 4405 1897 4459 παραυ

320 4505 550 4575 κείμενα
577 4500 654 4572 τῷ
689 4496 945 4569 ποταμῷ.

1991 3327 2276 3394 propheta:
2301 3326 2380 3391 ﬁt,
2408 3326 2525 3381 fore
2548 3336 2606 3380 ut
2632 3329 2844 3399 gladius
2886 3331 3100 3387 Domini
3140 3350 3250 3387 non
3304 3337 3570 3405 quiescat,

1990 3414 2167 3469 donec
2196 3414 2437 3484 perfecte
2468 3417 2621 3471 tollat
2662 3432 2945 3484 errorem;
3009 3432 3430 3493 postremusque
3472 3427 3572 3480 ini-

1991 3514 2166 3568 micus
2206 3513 2453 3567 deleatur
2488 3529 2664 3580 mors;
2706 3530 2834 3585 ergo
2882 3528 3079 3586 praeter
3121 3518 3426 3586 historiam,
3471 3522 3574 3576 hoc

1913 3608 1918 3615 '
1991 3605 2152 3660 etiam
2185 3605 2466 3662 meditare.

2577 3741 2725 3794 CAP.
2773 3740 3003 3797 XLVIII.

2069 3852 2214 3907 v.1.
2255 3871 2270 3902 ι
2314 3852 2400 3908 Vae
2440 3870 2606 3924 super
2659 3853 2867 3910 Nabau.
2915 3876 2930 3908 >
2969 3859 3152 3913 Nahau
3213 3859 3570 3925 hloabitarum

1997 3956 2079 4001 est
2118 3946 2332 4010 civitas,
2367 3947 2420 4000 in
2455 3963 2562 4017 qua
2586 3949 3066 4031 Deuteronomium
3108 3953 3369 4023 scriptum
3396 3964 3498 4010 est.

2073 4056 2092 4087 ι
2148 4036 2368 4092 Alaoth.
2423 4059 2438 4088 λ
2514 4038 2652 4094 Urbs
2719 4041 3084 4097 Moabitarum
3138 4045 3302 4100 sicuti
3362 4059 3416 4102 et
3466 4064 3574 4104 cae-

1998 4139 2147 4184 lel'$.

2071 4221 2132 4274 V.
2169 4220 2220 4276 7.
2245 4239 2278 4272 .‹
2329 4221 2398 4276 Et
2428 4223 2739 4292 egredietur
2788 4225 3046 4283 Chamos.
3100 4248 3118 4280 ›
3154 4228 3392 4286 Chamos
3457 4232 3573 4287 ido-

2000 4314 2109 4367 lum
2133 4312 2510 4368 Moabitarum.

2072 4403 2135 4458 ν.
2166 4405 2217 4459 8.
2245 4425 2263 4457 ι
2298 4404 2361 4458 Et
2395 4405 2595 4475 peribit
2620 4406 2793 4460 vallis.
2837 4427 2853 4457 ι
2895 4407 3025 4473 Quae
3059 4409 3268 4464 ﬂumini
3305 4413 3572 4482 adjacent.

397 4574 423 4644 «ί
436 4595 566 4647 Δότε
596 4595 798 4664 σημεῖα
822 4591 889 4661 τῇ
921 4585 1150 4642 Μωά6.ι
1185 4583 1330 4635 Ἀντὶ
1355 4578 1471 4644 τοῦ,
1504 4574 1889 4645 Προτημάνατε

2078 4582 2218 4636 γ.9.
2262 4601 2277 4630 ι
2319 4580 2450 4636 Date
2477 4581 2626 4650 signa
2671 4581 2848 4635 Moab.
2892 4601 2908 4629 ι
2975 4581 3098 4648 Pro,
3163 4584 3582 4655 prmsigniﬁcate

322 4689 486 4745 αὐτῆ.

399 4690 733 4848 Ῐῇ;Εξαίρων
760 4771 1039 4844 μάχαιραν
1067 4765 1232 4821 αὑτοῦ
1252 4765 1343 4833 ἀφ’
1369 4763 1619 4832 αἵματος.
1636 4779 1653 4810 ι
1683 4755 1904 4811 Μωαϐῖ-

336 4893 413 4930 ιαι
442 4872 541 4926 καὶ
570 4869 900 4940 Ἀμμανῖται
927 4862 1246 4917 κωλύωνται
1266 4861 1331 4911 ὲκ
1358 4854 1454 4909 τοῦ
1478 4856 1643 4924 νόμου
1677 4851 1906 4904 εἰσιέναι

335 4970 407 5030 ιίς
437 4961 586 5018 οἷκον
616 4959 775 5014 Θεοῦ.
810 4959 952 5028 Πρὸς
988 4958 1086 5027 μὲν
1109 4950 1203 5008 οὖν
1243 4953 1344 5024 τὴν
1364 4948 1633 5018 ἱστορίαν,
1672 4944 1909 5013 καταρᾶ-

332 5077 420 5114 ται
458 5058 587 5118 τοὺς
627 5055 702 5125 μὴ
742 5054 1102 5121 ἀναιροῦντας
1139 5043 1341 5106 αύτούς
1367 5059 1381 5073 ’
1415 5043 1479 5095 ὲκ
1508 5039 1566 5092 δὲ
1594 5038 1694 5108 τῆς
1736 5037 1909 5106 ἀφορ-

333 5152 440 5223 μῆς
479 5147 683 5217 ταύτης
706 5144 923 5213 γενικὸν
960 5139 1174 5206 ἐξέθετο
1204 5137 1362 5204 λόγον
1390 5134 1485 5188 καί
1511 5146 1716 5223 φησιν·
1763 5130 1912 5181 Ἐπι-

336 5219 665 5307 κατάρατός
693 5237 864 5289 ἐστιν
903 5237 936 5288 ό
972 5230 1416 5301 ἀφαιρούμενος
1450 5225 1564 5291 τὴν
1609 5219 1914 5292 μάχαιραν

332 5332 524 5389 αὑτοῦ
550 5331 659 5384 ἀπὸ
686 5329 782 5382 τοῦ
813 5328 1055 5397 ἀναιρεῖν
1097 5324 1166 5377 τὰ
1201 5319 1381 5390 φαῦλα
1405 5336 1420 5350 ο
1465 5318 1500 5387 ὴ
1528 5316 1635 5386 γὰρ
1666 5314 1914 5384 μάχαιρα

331 5426 430 5480 τοῦ
464 5423 774 5495 πνεύματος
802 5420 1007 5490 ὀφείλει
1035 5417 1283 5486 φονεύειν
1307 5413 1376 5466 τά
1410 5411 1557 5463 κακὰ
1585 5408 1840 5461 πάντοτε.

413 5539 433 5572 ε
472 5519 583 5572 Καὶ
619 5514 915 5575 πεποιθώς.
959 5531 977 5563 ι
1023 5511 1080 5563 ὐ
1123 5512 1197 5579 μὴ
1227 5508 1368 5576 ἔχων
1409 5503 1704 5573 πρόσωπον
1731 5501 1810 5561 εἰς
1838 5492 1917 5548 οἷ-

337 5632 436 5672 κον
484 5611 620 5665 Θεοῦ
695 5607 921 5660 εἰσιέναι
988 5602 1283 5669 Μωαϐίτης
1317 5638 1332 5662 ,
1397 5595 1622 5649 πέποιθε
1675 5596 1744 5663 τῇ
1789 5589 1916 5660 δόξῃ

338 5705 438 5762 τοῦ
482 5703 678 5765 αίῶνος
731 5698 944 5754 τούτου.
983 5703 1051 5737 -'-
1098 5692 1252 5747 Μετά
1283 5690 1384 5760 τὴν
1420 5685 1664 5757 ἱστορίαν
1699 5684 1913 5754 νόησον,

343 5801 434 5857 ὅτι
457 5797 737 5869 ἠμέλησεν
758 5793 857 5858 τὰς
883 5786 1218 5859 νεωτερικὰς
1249 5781 1426 5853 ὁρμὰς
1458 5776 1749 5844 ἀνακόψαι.

2004 4673 2096 4726 illi.

2003 4674 2139 4816 “hil.
2179 4764 2262 4817 l0.
2295 4783 2312 4812 ε
2345 4761 2447 4828 Qui
2465 4761 2740 4816 subtrahit
2769 4761 3004 4832 gladium
3027 4777 3184 4816 suum
3213 4765 3576 4835 asanguine.»

2007 4856 2258 4910 Moabitaz
2292 4865 2347 4910 et
2379 4856 2710 4910 Ammonitae
2762 4856 2880 4924 lege
2942 4857 3307 4925 prohibentur
3367 4857 3434 4911 ab
3498 4858 3585 4911 in-

2009 4962 2200 5017 gressu
2229 4947 2425 5001 domus
2449 4949 2543 5000 Dei
2563 4964 2576 5013 ;
2599 4945 2745 5016 quod
2763 4945 2947 5014 itaque
2973 4947 3038 5000 ad
3069 4947 3352 5001 historiam
3370 4948 3586 5013 attinet,

2009 5037 2286 5093 maledicit
2324 5053 2434 5091 non
2465 5037 2924 5092 interﬁcientibus
2954 5036 3107 5101 illos;
3139 5036 3304 5107 hujus
3337 5053 3466 5092 vero
3503 5054 3592 5094 oc-

2013 5132 2237 5185 casione
2292 5130 2601 5201 generalem
2651 5127 2877 5196 protulit
2926 5142 3260 5194 sermonem,
3310 5137 3364 5182 et
3422 5129 3587 5183 dicit:

2013 5223 2319 5276 Maledictus
2350 5222 2438 5292 qui
2469 5221 2704 5290 gladium
2739 5237 2883 5272 suum
2900 5221 3154 5287 prohibet,
3192 5220 3261 5275 ab
3295 5222 3592 5275 enecandis

2015 5315 2205 5380 malis;
2257 5314 2468 5384 gladius
2494 5312 2695 5382 quippe
2725 5312 2951 5382 spiritus
2972 5311 3247 5366 trucidare
3280 5313 3595 5382 scmperde-

2015 5404 2110 5459 bet
2140 5401 2300 5455 mala.

2093 5493 2158 5548 V.
2203 5495 2290 5547 II.
2326 5511 2342 5542 ι
2383 5491 2446 5545 Ει
2479 5491 2650 5545 lidcns
2680 5499 2815 5545 erat.
2849 5509 2867 5543 ι
2905 5490 3006 5557 Qui
3040 5491 3297 5563 indignus
3329 5499 3412 5545 est
3452 5501 3509 5545 ut
3541 5491 3596 5544 in

2020 5589 2247 5644 domdm
2271 5585 2361 5638 Dei
2390 5585 2744 5654 ingrediatur,
2769 5593 2829 5637 ut
2851 5585 3103 5648 Moabita,
3132 5587 3304 5637 ﬁdens
3330 5593 3411 5637 est
3434 5599 3599 5652 super

2023 5679 2191 5750 gloria
2214 5676 2396 5730 sazenli
2426 5675 2604 5743 hujus.
2634 5673 2761 5728 Post
2798 5675 3118 5728 historicum
3165 5687 3384 5727 sensum
3442 5671 3596 5726 intel-

2026 5773 2128 5842 ligo
2187 5784 2313 5822 eum
2370 5783 2475 5820 non
2518 5782 2739 5821 curasse
2782 5775 2840 5820 ut
2875 5766 3145 5834 juveniles
3171 5766 3407 5836 impetus
3447 5779 3587 5818 com»

2029 5869 2292 5932 posceret.
