4218 6448
151 422 260 483 713
1250 400 1709 464 FRAGMENTA
1758 398 1830 456 IN
1871 397 2284 459 JEBEMIAM.
3302 387 3405 450 7H

208 555 251 587 ηι
294 534 390 588 Ὲκ
422 532 639 594 παντός.
684 549 702 580 ι
737 530 833 583 Ἐκ
864 527 1062 588 παντὸς
1084 524 1286 595 τρόπου
1325 522 1537 593 τροπὴν
1567 516 1733 573 αὐτοῦ
1765 519 1806 574 Α

1281 546 1286 570 ›
1325 522 1537 593 τροπὴν
1567 516 1733 573 αὐτοῦ
1765 519 1806 574 A
1914 540 1929 567 ι
1970 518 2045 570 Ex
2074 516 2242 570 omni.
2282 535 2299 566 ι
2330 515 2485 568 Omni
2516 514 2676 569 modo
2701 513 2947 569 elliciam.

156 618 389 697 ποιήσω.

238 736 257 769 ‹
278 696 350 769 Ἃ
383 715 791 785 ἐπροφήτευσεν
829 709 1118 781 Ἱερεμίας.
1160 710 1257 761 »Ὀ
1280 708 1374 760 καὶ
1396 706 1585 775 γέγονε
1616 703 1733 755 Κύ-

1907 698 1971 752 ν.
2008 699 2096 753 54.
2156 718 2173 749 ‹
2234 697 2583 767 Quaecunque
2670 696 3017 767 prophetarit
3054 696 3338 753 Jereruias.
3388 716 3406 749 ι

162 827 260 882 ρου
284 807 378 861 τοῦ
403 808 615 876 Πέρσου
646 802 970 865 καθελόντος
996 800 1095 869 τὴν
1116 798 1395 870 βασιλείαν
1428 794 1732 857 Χαλδαίων,

1835 793 1990 858 Quod
2035 800 2091 845 et
2121 792 2320 844 factum
2357 799 2441 843 est
2500 789 2680 843 deleto
2732 804 2897 858 regno
2952 787 3330 842 Chaldaeorum
3382 804 3410 840 a

157 880 258 958 καὶ
282 902 409 965 τοὺς
433 897 727 959 Ἰουδαίους
756 897 835 954 είς
857 893 955 964 τὴν
979 892 1116 945 ἰδίαν
1148 888 1590 948 ἀποστείλαντος.

1835 886 1975 956 Cyro
2043 886 2229 946 Persa,
2286 882 2599 952 Judaeisque
2644 881 2698 934 in
2751 880 3023 950 propriam
3077 888 3277 934 terram
3328 880 3409 935 di-

1838 992 2044 1031 llllSSlS.

234 1084 413 1153 Αίλάμ
444 1082 479 1153 ἢ
518 1082 620 1152 τῆς
659 1076 1000 1139 Βαϐυλῶνος,
1034 1076 1068 1146 ἢ
1114 1074 1211 1127 καὶ
1244 1067 1425 1143 πάσης
1453 1070 1635 1140 χώρας
1671 1063 1739 1139 ἧς
1806 1074 1809 1075 ⁷

1806 1074 1809 1075 ⁷
1908 1068 2108 1128 IElam,
2143 1068 2228 1121 vel
2256 1066 2579 1137 Babylonis,
2636 1064 2720 1119 vel
2780 1064 3049 1117 universa
3108 1072 3268 1118 terrae
3328 1065 3412 1117 cui

157 1174 297 1248 ἦρξε
325 1152 528 1246 Κῦρος.
581 1171 703 1243 Χρὴ
731 1170 930 1223 εἰδέναι
953 1169 1034 1220 ὅτι
1062 1170 1091 1220 6
1120 1168 1271 1233 ἅγιος
1307 1164 1561 1231 Ἰωάννης
1610 1161 1740 1212 ὑπο·

1840 1158 2057 1228 ρτωΐυίι
2084 1157 2276 1228 Cyrus.
2313 1155 2606 1210 Sciendum
2626 1162 2710 1209 est
2734 1162 2983 1209 sanctum
3009 1152 3273 1207 Joannem
3291 1168 3413 1208 cum

165 1244 529 1338 μνηματίζων
549 1263 641 1316 τὸν
660 1264 788 1332 Ἰερε
798 1260 948 1329 μίαν,
978 1258 1140 1330 μέχρι
1167 1256 1276 1309 τῶν
1300 1248 1403 1308 ὧδε
1432 1251 1740 1315 ἀκολούθως

1840 1248 2281 1304 Commentarios
2311 1247 2366 1301 in
2406 1244 2697 1301 Jeremiam
2731 1245 3120 1309 conscriberet,
3155 1260 3324 1314 usque
3353 1244 3418 1297 ad

163 1336 636 1425 ύπεμνημάτισεν.
672 1352 873 1413 Ἐάσας
916 1349 974 1402 δὲ
1018 1348 1087 1400 τά
1120 1345 1259 1416 μετά
1277 1343 1472 1407 ταῦτα,
1511 1343 1741 1411 ἄρχεται

1843 1351 2166 1411 praasentem
2200 1340 2376 1395 locum
2403 1339 2719 1393 continuata
2774 1338 2917 1393 serie
2979 1336 3416 1406 conscripsisse:

162 1442 647 1517 ὑπομνηματίζειν
678 1442 787 1496 ἀπὸ
821 1441 923 1511 τῆς
955 1438 1129 1509 ἀρχῆς
1156 1439 1257 1506 τῆς
1297 1433 1575 1504 βασιλείας
1612 1431 1744 1483 Ἰοα-

1844 1434 2048 1487 relictis
2070 1448 2201 1487 vero
2229 1448 2350 1501 qme
2376 1439 2702 1500 sequuntur,
2757 1430 3177 1484 commentarios
3194 1429 3421 1498 cmpisse

164 1539 301 1608 κειμ
327 1552 342 1567 ⁸
380 1536 512 1590 ἔνθα
571 1535 748 1588 καὶτὸ
776 1530 1138 1600 ὑποκείμενον
1170 1529 1393 1598 σημεῖον
1420 1527 1617 1587 κεῖται,
1649 1523 1743 1575 καὶ

1844 1526 2083 1579 scribere
2106 1525 2173 1578 ab
2204 1523 2358 1577 initio
2390 1522 2538 1591 regni
2565 1521 2775 1576 Joakim
2822 1538 2837 1574 :
2886 1521 2974 1576 ubi
3005 1532 3061 1575 et
3113 1521 3418 1590 appositum

161 1630 310 1684 οὕτω
338 1631 406 1683 τά
432 1626 595 1680 λοιπά
616 1625 1089 1695 ὑπεμνημάτισεν.

1846 1615 2059 1668 videtur
2090 1615 2325 1683 signum,
2362 1622 2417 1667 et
2448 1614 2707 1682 deinceps
2729 1621 2931 1673 cetera
2952 1614 3222 1681 exposuit.

245 1740 265 1774 ι
308 1723 417 1775 Καὶ
473 1720 661 1784 ἐπάξω
712 1718 806 1771 ἐπὶ
869 1715 1052 1785 Αίλάμ
1100 1712 1375 1783 τέσσαρας
1422 1707 1680 1778 ἀνέμους.
1721 1724 1739 1755 ι

1920 1705 1979 1759 V.
2009 1706 2098 1759 56.
2118 1722 2135 1754 ι
2164 1705 2229 1758 Ει
2259 1704 2513 1759 inducam
2533 1719 2699 1773 super
2718 1702 2894 1757 IElam
2921 1713 3153 1772 quatuor
3176 1713 3416 1757 ventosa

176 1819 509 1888 Ἐπαγωγην
544 1814 844 1879 κυκλόθεν,
874 1812 909 1883 ἦ
960 1812 1056 1865 καὶ
1097 1811 1167 1862 τά
1222 1804 1560 1875 πανταχόθεν
1614 1802 1743 1873 ἔθνη
1778 1872 1817 1888 ἡ

1778 1872 1817 1888 ἡ
1849 1796 2105 1852 lnductos
2124 1810 2153 1849 e
2173 1794 2426 1859 circuitu,
2450 1794 2533 1849 vel
2557 1809 2747 1848 omnes
2772 1794 3007 1864 undique
3032 1794 3279 1850 collectas
3300 1810 3429 1865 gen-

166 1872 556 1983 anpaivei,.t&
596 1872 922 1960 συνελθόντα
957 1902 1295 1972 Ἀλεξάνδρῳ
1344 1872 1425 1962 εἰς
1462 1897 1553 1950 τὸν
1604 1895 1746 1948 κατά
1778 1872 1818 1926 Β

1778 1872 1818 1926 Β
1849 1896 1930 1942 tes
1968 1887 2229 1958 signiﬁcat
2257 1903 2378 1958 quze
2424 1894 2625 1940 secutae
2648 1895 2775 1939 sunt
2798 1884 3163 1940 Alexandrum
3206 1886 3275 1941 ad
3314 1887 3427 1942 bel-

165 1979 401 2076 Δαρείου
441 2002 703 2068 πόλεμον.

1849 1980 1959 2034 lum
1990 1990 2177 2034 contra
2200 1979 2438 2033 Darium.

249 2072 269 2148 ἑ
310 2096 423 2149 Καὶ
473 2092 760 2148 ἀποστελῶ
796 2090 974 2143 ὀπίσω
1015 2087 1199 2144 αὐτῶν
1238 2084 1517 2157 μάχαιράν
1560 2101 1683 2155 μου.
1726 2102 1743 2135 ι

1931 2074 1991 2128 V.
2019 2074 2106 2128 37.
2154 2091 2173 2123 ι
2200 2072 2266 2126 Et
2296 2073 2507 2127 mittam
2566 2072 2802 2143 gladium
2861 2086 3048 2126 meum
3084 2081 3207 2143 post
3256 2087 3371 2128 eos.
3406 2092 3426 2126 ι

168 2190 287 2257 Τὴν
314 2188 643 2257 ἀποτομίαν.

1851 2166 2102 2236 Rigidam
2140 2165 2510 2219 severitatem.

251 2293 269 2326 ι
292 2276 399 2328 Καὶ
421 2255 573 2344 θήσω
590 2274 683 2327 τὸν
710 2272 899 2345 θρόνον
933 2288 1091 2343 μου.»
1113 2270 1258 2323 Ἀντὶ
1287 2268 1407 2332 τοῦ,
1430 2268 1569 2339 μετά
1598 2266 1750 2333 ἐξου-

1922 2259 1988 2313 V.
2021 2259 2109 2314 58.
2144 2277 2162 2310 ι
2202 2257 2265 2313 Ει
2293 2273 2491 2328 ponam
2539 2256 2795 2311 thromun
2840 2271 3043 2311 meum.
3078 2276 3095 2308 ι
3134 2255 3258 2321 Pro,
3310 2272 3432 2311 cum

172 2367 299 2429 σίας
327 2364 695 2434 ἐπελεύσομαι
721 2363 928 2426 αὐτοῖς,
961 2362 994 2433 ἢ
1032 2360 1162 2432 περὶ
1186 2358 1518 2429 Ἐκκλησίας
1553 2356 1751 2427 προθε-

1853 2359 2122 2423 potestate
2150 2352 2404 2406 accedam
2428 2350 2496 2405 ad
2521 2364 2637 2415 eos,
2668 2350 2755 2404 vel
2786 2350 2854 2404 de
2881 2348 3123 2405 Ecclesia
3170 2348 3436 2405 vaticina-

174 2457 360 2521 σπίζει
394 2454 699 2525 μελλούσης
733 2453 955 2506 ἔσεσθαι
990 2450 1124 2522 παρ’
1157 2450 1363 2513 αὐτοῖς.

830 2454 955 2506 σθαι
990 2450 1124 2522 παρ’
1157 2450 1363 2513 αὐτοῖς.
1856 2453 1963 2509 tur,
1998 2444 2138 2515 apud
2171 2460 2266 2498 eos
2290 2442 2491 2497 futura.

831 2612 990 2668 ΚΕΦ.
1027 2614 1110 2669 N'.

1101 2654 1110 2669 .
2524 2618 2675 2677 CAP.
2708 2623 2767 2677 L.

258 2753 277 2784 ι
312 2734 704 2802 Ἀναγγείλατε
751 2734 809 2785 ἐν
846 2735 960 2796 τοῖς
1000 2731 1201 2786 ἔθνεσι.
1243 2750 1261 2783 ι
1299 2730 1457 2785 Μετά
1484 2729 1584 2801 τὴν
1618 2732 1758 2784 ίστο-

1931 2738 1994 2792 V.
2023 2736 2075 2794 9..
2120 2755 2137 2788 ι
2166 2734 2497 2791 Annuntiate
2551 2736 2603 2789 in
2660 2735 2933 2805 gentibus.
2972 2756 2990 2788 ι
3038 2736 3163 2792 Post
3221 2738 3444 2795 histori-

177 2826 308 2896 ρίαν
336 2826 471 2897 πρὸς
511 2826 636 2889 τοὺς
671 2824 1003 2887 ἀποστόλους
1024 2824 1052 2876 6
1087 2824 1265 2892 λόγος.

1860 2847 1985 2888 cum
2013 2846 2231 2885 sensum
2259 2830 2326 2883 ad
2368 2831 2640 2898 apostolos
2671 2837 2881 2898 spectat
2911 2830 2998 2883 hic
3027 2846 3226 2885 sermo.

261 2936 281 2967 ι
320 2916 603 2987 Παρεδόθη
638 2915 963 2987 Μαιρωδάχ.
1018 2934 1037 2968 ι
1092 2915 1157 2969 Ἦ
1191 2916 1293 2987 μὲν
1342 2917 1439 2988 ὅλη
1488 2915 1641 2988 χώρα
1684 2918 1760 2981 ὡς

1937 2940 1956 2973 ι
1987 2919 2205 2975 Tradita
2232 2928 2317 2973 est
2354 2918 2666 2973 Merodach.
2706 2939 2723 2972 ι
2760 2919 2894 2975 Tota
2921 2921 3139 2991 quidem
3187 2921 3355 2991 regio,
3394 2922 3440 2977 si

178 3009 323 3080 πρὸς
353 3010 454 3078 τὴν
498 3008 878 3079 Ἰερουσαλὴμ,
914 3008 1123 3081 Βορρᾶς
1154 3008 1423 3063 καλεῖται.
1471 2998 1536 3061 Ἥ
1559 3009 1616 3061 δὲ
1656 3010 1761 3062 Βα-

1867 3011 2292 3081 llierosolymam
2346 3020 2579 3079 spectes,
2640 3021 2867 3066 vocatur
2926 3012 3144 3082 Aquilo.
3206 3014 3443 3085 Babylon

178 3099 365 3153 συλὼν
410 3100 485 3162 ὠς
533 3100 671 3171 πρὸς
719 3101 818 3170 τὴν
869 3099 1020 3153 θέσιν
1071 3100 1182 3153 τῶν
1213 3101 1418 3163 τόπων,
1469 3101 1762 3171 νοτιωτέρα

1865 3120 1995 3160 vero
2026 3105 2133 3158 situ
2165 3104 2407 3158 locorum
2440 3104 2787 3160 considerato
2817 3106 2991 3160 Medis
3019 3108 3308 3161 australior
3337 3116 3441 3163 est.

179 3193 308 3247 ἐστὶ
361 3192 471 3245 τῶν
502 3193 723 3263 Μήδων.
755 3192 926 3262 Φησὶν
952 3188 1068 3259 οὖν,
1102 3194 1187 3246 ὅτι
1232 3195 1261 3246 6
1290 3193 1592 3263 Μαιρωδάχ
1629 3191 1767 3262 μετά
1794 3202 1838 3261 C

1794 3202 1838 3261 (ζ
1870 3195 1959 3249 Ait
1987 3195 2165 3265 igitur,
2201 3193 2491 3250 .‘llerodach
2520 3209 2643 3249 cum
2672 3195 2838 3251 Medis
2874 3198 3204 3254 ascendente
3226 3210 3443 3271 captum

178 3285 297 3337 τῶν
323 3285 525 3354 Μήδων
547 3284 715 3338 ἀνιὼν
738 3284 969 3355 λήψεται
995 3285 1094 3355 τὴν
1128 3285 1446 3340 Βαϐυλῶνα.

688 3303 715 3337 ν
738 3284 969 3355 λήψεται
995 3285 1094 3355 τὴν
1128 3285 1446 3340 Βαϐυλῶνα.
1866 3283 1929 3337 iri
1958 3282 2304 3355 Babylonem.
2347 3318 2352 3325 ν

263 3397 282 3427 ι
319 3370 444 3429 Ὧδε
474 3375 585 3447 γὰρ
614 3377 673 3431 τὸ
726 3377 1024 3446 πρόσωπον
1054 3377 1233 3430 αὐτῶν
1260 3376 1511 3429 δώσουσι.
1553 3396 1571 3428 ι
1620 3376 1765 3427 Ἀντὶ

1938 3375 2001 3430 γ.
2030 3376 2083 3429 5.
2124 3394 2141 3425 ι
2180 3374 2297 3429 lluc
2334 3375 2479 3429 enim
2544 3375 2738 3429 faciem
2790 3391 2943 3431 suam
2990 3378 3218 3432 dabunt.
3268 3398 3287 3431 ι
3332 3380 3446 3435 Iloc

179 3470 305 3536 τοῦ,
326 3471 595 3525 Ἐνταῦθα
622 3474 680 3525 ἐν
714 3474 782 3543 τῇ
818 3471 978 3536 Σιὼν,
997 3472 1131 3525 ὅπου
1153 3473 1181 3524 6
1212 3473 1497 3542 προφήτης
1525 3472 1767 3541 προεφή-

1868 3476 1952 3522 est
1981 3486 1992 3519 :
2026 3466 2139 3521 lluc
2161 3468 2226 3521 ad
2278 3468 2430 3532 Sion,
2458 3467 2509 3520 in
2561 3484 2665 3537 qua
2719 3470 2983 3539 propheta
3046 3471 3300 3525 vaticinia
3331 3474 3448 3527 edi-

180 3577 399 3615 τευσεν.
1869 3562 1967 3617 dit.

270 3670 289 3702 ι
328 3651 573 3722 Διαθήκη
618 3652 730 3721 γὰρ
759 3651 998 3715 αἰώνιος.
1040 3671 1059 3704 ι
1112 3652 1175 3705 Ἡ
1212 3652 1348 3724 πρὸς
1382 3654 1473 3706 τὸν
1517 3653 1770 3725 Ἀϐραὰμ

1948 3671 1966 3703 ι
2010 3652 2206 3707 Foedus
2251 3653 2397 3706 enim
2428 3662 2714 3719 aeternum,
2756 3673 2775 3706 ι
2827 3662 2932 3709 etc.
2963 3655 3258 3711 Promissio
3310 3657 3448 3713 facta

186 3744 520 3811 ἐπαγγελία,
544 3745 669 3815 ἥτις
696 3744 994 3815 ἐπληρώθη
1026 3744 1116 3799 διά
1154 3745 1415 3816 Χριστοῦ.

1874 3747 2123 3810 Abrahze,
2164 3762 2283 3814 quae
2316 3761 2410 3815 per
2433 3746 2707 3800 Christum
2744 3748 3032 3818 adimpleta
3067 3759 3168 3802 est.

269 3855 289 3888 ι
330 3838 393 3889 Oi
430 3838 692 3906 ποιμένες
726 3838 919 3890 αὐτῶν·
961 3836 1170 3903 ἔξωσαν
1208 3839 1424 3902 αὐτούς.
1458 3858 1475 3891 ι
1513 3839 1574 3891 Οί
1608 3841 1774 3910 ἱερεῖς

1945 3840 2006 3892 V.
2035 3840 2084 3892 6.
2125 3856 2143 3887 ι
2171 3837 2421 3892 Pastores
2457 3853 2644 3891 eorum
2681 3840 3003 3907 expulerunt
3039 3853 3151 3891 eos.
3192 3857 3210 3888 ι
3264 3837 3455 3893 Sacer-

190 3928 293 3981 καὶ
325 3926 588 3995 βασιλεῖς,
620 3926 1091 3997 νομοδιδάσκαλοι,
1126 3927 1594 3999 ψευδοπροφῆται.

1876 3930 2051 3993 dotes,
2081 3945 2254 4000 reges,
2288 3930 2465 3999 legum
2496 3930 2769 3994 doctores,
2801 3930 3290 3999 pseudoprophctu:
3310 3960 3326 3978 .

268 4020 406 4073 Ἀπὸ
435 4019 635 4083 κακίας
664 4021 745 4083 είς
790 4020 1022 4073 κακίαν
1055 4019 1209 4073 ἔθυον
1252 4020 1310 4074 δὲ
1352 4022 1445 4073 καὶ
1475 4020 1567 4074 ἐπὶ
1598 4021 1777 4073 τοιού-

1957 4020 2030 4075 De
2079 4022 2221 4075 malo
2248 4022 2301 4075 in
2360 4023 2603 4085 malum;
2639 4020 3017 4075 sacrificabant
3044 4021 3188 4074 enim
3217 4023 3373 4076 ethis
3404 4022 3452 4076 in

192 4130 308 4165 των
339 4113 453 4175 τοῖς
481 4110 722 4180 δαίμοσι.

1879 4113 2013 4168 locis
2034 4114 2391 4167 daemonibus.

278 4223 299 4256 ι
335 4205 542 4266 Πάντες
564 4204 613 4255 οί
637 4202 990 4273 εὑρίσκοντες
1010 4202 1206 4267 αὐτοὺς
1219 4203 1510 4274 ἀνήλισκον
1526 4205 1738 4266 αὐτούς.
1756 4224 1774 4256 ι

1956 4206 2016 4260 V.
2058 4208 2110 4260 7.
2150 4226 2167 4257 ι
2194 4206 2397 4260 Omnes
2426 4206 2517 4276 qui
2575 4206 2906 4261 invenerunt
2951 4221 3047 4259 eos
3099 4206 3458 4261 absumebant

196 4295 310 4349 Τοῦ
365 4291 499 4356 νοῦ,
540 4292 637 4345 καὶ
690 4292 798 4346 τῶν
854 4290 1015 4345 θείων
1060 4290 1424 4361 μαθημάτων,
1472 4287 1555 4354 οἷς
1615 4292 1781 4345 ὲπαν-

1883 4314 1998 4354 eos.
2035 4317 2053 4349 ι
2092 4297 2289 4351 Mentis
2336 4298 2751 4366 divinarumque
2781 4298 3213 4367 disciplinarum,
3239 4296 3291 4349 in
3339 4297 3464 4368 qui-

198 4385 501 4441 επαύοντο.
526 4414 599 4425 --
622 4384 687 4438 Οἱ
718 4382 990 4453 ἀλιτήριοι
1018 4382 1289 4452 δαίμονες.

1884 4391 1985 4445 bus
2011 4388 2385 4458 quiescebant.
2417 4416 2486 4427 ——
2516 4386 2742 4442 Nefandi
2772 4387 3064 4441 dtemunes.

274 4478 435 4532 Μετά
470 4476 571 4547 τὴν
602 4474 868 4545 ἱστορίαν,
908 4475 1045 4544 πρὸς
1081 4476 1209 4537 τοὺς
1256 4474 1483 4537 πιστοὺς
1524 4476 1553 4526 6
1602 4474 1779 4542 λόγος.
1822 4534 1857 4547 ἢ

1822 4534 1857 4547 ἢ
1959 4477 2089 4532 Post
2122 4476 2441 4531 historicum
2497 4490 2720 4530 sensum
2783 4476 2948 4529 verba
2988 4475 3105 4530 haec
3160 4475 3226 4530 ad
3280 4475 3467 4530 ﬁdeles

200 4572 377 4626 Αὐτοὶ
400 4571 481 4634 δὲ,
503 4534 693 4640 (ρησὶν,
723 4534 831 4622 εἰσὶ
858 4534 999 4638 νομὴ
1027 4534 1125 4621 τοῦ
1156 4534 1292 4621 Θεοῦ
1329 4569 1422 4621 ἐπὶ
1466 4534 1786 4637 δικαιοσύνῃ
1822 4534 1862 4587 D

1822 4534 1862 4587 υ
1892 4576 2162 4639 spectant.
2192 4568 2296 4635 Ipsi
2316 4582 2465 4629 vero,
2496 4568 2590 4632 ait,
2620 4575 2951 4636 suntpastus
2986 4567 3079 4621 Dei
3104 4567 3169 4621 ad
3198 4566 3464 4637 justitiam

202 4663 315 4716 ὑπὸ
348 4660 488 4714 Θεοῦ
526 4658 874 4729 ὲκλεχθεῖσα.
916 4658 1138 4728 Ἐπειδὴ
1164 4657 1274 4728 γὰρ
1296 4657 1431 4720 Θεὸς
1461 4657 1589 4720 τοὺς
1620 4658 1790 4711 πατέ-

1888 4675 1919 4714 a
1947 4660 2059 4713 Deo
2081 4659 2309 4713 electus.
2333 4657 2467 4711 Nam
2488 4658 2613 4728 quia
2645 4656 2788 4713 Deus
2819 4668 3000 4728 patres
3025 4674 3213 4713 eorum
3237 4659 3469 4713 selectos

206 4773 314 4828 ρας
386 4752 571 4807 αὐτῶν
624 4750 988 4820 ἐκλεξάμενος
1051 4750 1321 4820 ἐξήγαγεν
1373 4748 1433 4813 ἐξ
1488 4747 1789 4815 Αἰγύπτου,

1892 4753 1961 4807 ab
1992 4751 2229 4823 IEgypto
2254 4752 2540 4816 eduxerat,
2574 4750 2769 4806 merito
2790 4758 2845 4805 et
2884 4764 3013 4804 oves
3036 4760 3318 4816 vocantur,
3348 4749 3472 4805 Dei.

204 4849 446 4909 εἰκότως
496 4828 591 4901 καὶ
651 4843 902 4915 πρόόατα
960 4842 1271 4909 καλοῦνται,
1327 4843 1425 4895 καὶ
1480 4840 1620 4911 νομὴ
1656 4839 1793 4893 Θεοῦ

1067 4842 1271 4909 οῦνται,
1327 4843 1425 4895 καὶ
1480 4840 1620 4911 νομὴ
1656 4839 1793 4893 Θεοῦ
1894 4860 2000 4915 que
2033 4853 2221 4913 pastus
2252 4843 2328 4896 uti
2364 4841 2696 4912 possessoris
2720 4876 2733 4893 .

204 4941 414 4994 ὡσανεὶ
440 4939 728 5009 κτήτορος.

289 5052 308 5084 ι
350 5032 458 5084 Καὶ
496 5029 766 5095 ὲξέλθετε.
807 5047 825 5080 ι
860 5026 1209 5097 Ἀσύμιρωνοι
1235 5024 1457 5094 γένεσθε
1487 5026 1598 5087 τοῖς
1618 5022 1791 5075 Baﬁu-

1972 5022 2034 5077 V.
2072 5022 2122 5077 8.
2155 5041 2173 5073 ‹
2213 5022 2282 5076 Ει
2313 5018 2654 5091 egredimini.
2690 5038 2707 5070 ι
2764 5018 3147 5088 Discrepautes
3214 5025 3391 5071 estote
3449 5030 3479 5068 a

212 5123 452 5183 λωνίοις,
487 5122 582 5173 καὶ
604 5118 829 5189 φοόεροὶ
862 5120 974 5180 τοῖς
996 5116 1271 5186 δαίμοσιν.

1900 5112 2224 5185 Babyloniis,
2248 5122 2303 5165 et
2327 5110 2667 5164 daemonibus
2702 5109 2984 5162 tremendi.

292 5231 311 5263 ι
350 5212 478 5264 Ὀτι
515 5210 625 5264 ίδοὺ
661 5210 773 5277 ἐγὼ
814 5208 1034 5277 ὲγείρω.
1090 5224 1110 5258 ι
1166 5204 1248 5259 Τά
1295 5203 1685 5273 κατεψυγμένα
1728 5205 1794 5273 τῇ

1975 5206 2036 5260 V.
2064 5207 2117 5262 9.
2153 5204 2317 5270 «Quia
2340 5218 2465 5257 ecce
2491 5217 2589 5272 ego
2607 5202 2830 5256 suscito.
2865 5217 2882 5251 ι
2910 5199 3133 5254 Peccato
3156 5196 3484 5268 refrigerata:

213 5305 473 5375 ἁμαρτίᾳ
517 5302 667 5372 ἔθνη,
705 5300 846 5354 αύτά
883 5299 971 5352 διὰ
1018 5298 1116 5368 τῆς
1149 5299 1230 5357 εἰς
1276 5294 1513 5367 Χριστὸν
1562 5294 1798 5358 πίστεως

1902 5308 2111 5369 gentes,
2144 5298 2279 5367 ipsae
2334 5310 2432 5364 per
2459 5292 2621 5348 ﬁdem
2674 5292 2882 5346 Christi
2927 5291 3165 5345 militant
3220 5289 3485 5345 adversus

217 5393 588 5467 στρατεύουσι
624 5392 765 5447 κατά
790 5391 891 5461 τῆς
923 5388 1395 5458 είδωλολατρείας.

764 5434 765 5439 η
790 5391 891 5461 τῆς
923 5388 1395 5458 εἰδωλολατρειας-
1905 5391 2173 5445 idolorum
2202 5387 2430 5443 cultum.

298 5505 318 5539 α
354 5486 464 5540 Καὶ
506 5485 659 5539 ἐσται
691 5486 725 5556 ἡ
759 5483 1003 5539 Χαλδαία
1056 5483 1136 5545 είς
1168 5481 1472 5552 προνομήν.
1514 5498 1533 5533 ›
1582 5480 1648 5533 Ἠ
1695 5479 1804 5533 τῶν

1976 5480 2042 5535 ν.
2072 5481 2156 5536 10.
2188 5498 2207 5531 ι
2237 5478 2301 5532 Et
2322 5477 2426 5532 erit
2464 5475 2715 5531 Chaldz'ea
2747 5476 2799 5529 in
2837 5475 3220 5546 direptionem.
3260 5494 3280 5527 ι
3323 5473 3489 5532 Chal-

216 5577 511 5633 Χαλδαίων
540 5574 716 5646 χώρα,
751 5574 784 5645 ἠ
813 5571 1095 5625 Βαϐυλών.

941 5571 1095 5625 δλὼν-
1908 5573 2149 5628 deorum
2177 5568 2325 5638 regio
2348 5566 2607 5637 Babylon.

301 5690 321 5722 σ
362 5668 697 5737 Ἀνετράπη.
743 5683 762 5717 ι
813 5663 877 5717 Ἦ
912 5661 1193 5726 Βαϐυλὼν,
1233 5661 1356 5732 ἥτις
1403 5662 1496 5715 ἐπὶ
1554 5660 1681 5733 δόξῃ
1716 5661 1808 5714 καὶ

1979 5661 2044 5717 ν.
2082 5662 2168 5716 12.
2206 5678 2225 5710 ι
2262 5659 2462 5713 Eversa
2493 5665 2596 5711 est.
2639 5674 2657 5707 ι
2696 5655 2953 5727 B..l._vlon,
2988 5668 3109 5725 qme
3154 5653 3222 5709 ad
3279 5646 3491 5708 divitias

220 5765 447 5818 πλούτιο
474 5762 767 5831 ἐγέννησεν
796 5758 962 5827 ὑμᾶς.

930 5775 962 5820 ῖς
1912 5765 1963 5810 et
1989 5754 2212 5825 gloriam
2239 5750 2451 5822 peperit
2482 5764 2596 5802 vos.

432 5882 709 5940 Pn'non.
740 5877 857 5936 GR.
891 5874 1094 5937 XCIII.
3105 5859 3181 5919 23
