4218 6448
760 416 856 479 7ἱὸ

1853 411 2375 474 OLYMPIODORI
2417 410 2944 473 ALEXANDRINI

3950 410 4048 469 716

828 529 890 584 V.
919 532 1004 584 ιι.
1041 548 1060 583 ι
1086 529 1190 596 Qui
1223 529 1449 583 tenditis
1477 543 1686 584 arcum.
1725 546 1744 579 ι
1777 529 1857 583 Ad
1903 529 2182 598 apostolos
2228 539 2346 582 ten-

2533 549 2548 579 ι
2594 530 2805 587 Πάντες
2864 528 3134 587 τείνοντες
3164 524 3338 589 τόξον.
3374 543 3392 574 ι
3442 524 3583 592 Πρὸς
3621 524 3749 584 τοὺς
3803 524 4041 574 ἀποστό-

760 625 836 677 dit
865 624 952 677 hic
982 637 1183 683 sermo.
1214 622 1266 674 in
1300 621 1638 690 spiritualein
1675 623 2025 692 Babylonem.

833 714 892 768 V.
932 715 1015 766 l5.
1065 732 1082 763 ι
1134 713 1464 767 Ceciderunt
1508 713 1916 785 propugnacula
1969 714 2109 781 ejus.
2156 732 2172 762 ι
2235 712 2346 766 Fu-

761 807 897 859 nesti
926 807 1228 860 daamones.

839 897 943 950 tEt
999 897 1264 950 sullossus
1298 906 1382 950 est
1428 912 1617 951 murus
1671 897 1813 965 ejus.
1851 916 1868 947 ι
1912 895 2028 966 Ipse
2081 897 2346 950 malorum

758 993 1000 1045 Mlllllum
1037 995 1294 1060 princeps
1330 992 1577 1044 Satanas.

835 1081 896 1134 V.
938 1083 1052 1135 164
1080 1085 1124 1133 Α
1159 1081 1296 1134 facie
1327 1082 1486 1150 gladii
1510 1081 1701 1136 Cneci.
1733 1100 1751 1131 ι
1782 1080 1922 1152 Cyro
1946 1082 2146 1136 milites
2176 1083 2345 1136 ϐῖκοι

758 1189 977 1240 operam
1040 1189 1192 1226 suam
1244 1175 1617 1242 praestiterant
1676 1174 1854 1243 gladio
1903 1196 1911 1227 :
1963 1175 2140 1244 gladio
2190 1178 2349 1244 igitur

760 1267 948 1318 tirzeco
979 1266 1207 1330 victore,
1236 1266 1434 1334 captivi
1494 1266 1648 1320 liberi
1681 1281 1710 1319 a
1739 1266 1878 1337 Cyro
1901 1268 2108 1322 dimissi
2141 1268 2193 1319 in
2251 1285 2347 1336 pa-

763 1358 915 1410 triam
947 1368 1314 1412 revertentur.

834 1447 1008 1503 v.17.
1044 1469 1062 1498 ‹
1100 1449 1313 1502 Primus
1345 1448 1583 1503 comedit
1635 1463 1762 1502 eum
1805 1463 1898 1503 rex
1954 1449 2141 1502 Assur.
2184 1467 2198 1500 ι
2241 1448 2346 1502 As-

760 1543 936 1610 syrius
969 1542 1363 1594 Sennacherim
1396 1541 1606 1609 primus
1628 1541 1820 1594 decem
1846 1540 2041 1602 tribus,
2071 1555 2192 1609 qua:
2219 1555 2347 1593 caro

761 1643 934 1694 erant,
971 1634 1228 1696 comedit,
1261 1632 1365 1687 hoc
1395 1644 1500 1696 est,
1538 1633 1786 1702 captivas
1820 1633 1993 1686 duxit.

837 1748 854 1776 τ
896 1726 960 1779 lit
985 1727 1072 1779 hic
1099 1725 1428 1779 novissimus
1458 1742 1579 1780 ossa
1603 1728 1741 1794 ejus.
1774 1743 1792 1776 ι
1824 1724 2341 1778 Nabuchodonosor.

761 1817 893 1871 Ossa
924 1833 1053 1870 vero
1080 1816 1273 1871 ludam
1308 1817 1560 1886 appellat,
1586 1817 1731 1886 quod
1777 1816 1949 1870 fulcra
2006 1816 2116 1870 sint
2180 1816 2346 1870 tutius

761 1912 1027 1978 corporis.

835 2003 895 2054 ν.
927 2003 1018 2055 9.0.
1052 2021 1070 2052 ι
1098 2000 1378 2065 Quaercnt.
1423 2021 1441 2052 ι
1487 2001 1643 2067 Quod
1665 2003 1920 2055 omnibus
1950 2003 2041 2071 qui
2093 2002 2344 2056 credide-

761 2105 888 2147 runt
919 2094 1168 2147 Christus
1200 2095 1465 2164 integram
1497 2103 1842 2164 peccatorum
1877 2095 2199 2148 oblivionem
2237 2095 2343 2146 lar-

759 2189 901 2254 gitus
927 2196 1028 2239 est.

835 2277 894 2330 V.
919 2280 1011 2332 2t.
1050 2297 1068 2328 ι
1104 2279 1302 2330 Amare
1353 2276 1589 2331 ascende
1641 2291 1807 2346 super
1861 2293 2003 2330 eam.
2045 2295 2062 2327 ι
2095 2275 2341 2330 Litterali

759 2371 976 2439 quidem
1011 2385 1172 2424 sensu
1201 2368 1315 2423 haec
1361 2369 1426 2422 ad
1487 2367 1812 2438 Babylonem
1865 2371 2164 2438 pertinent,
2229 2387 2344 2440 my-

761 2475 895 2515 stice
923 2479 1050 2515 vero
1071 2463 1124 2514 in
1156 2462 1536 2516 idololatriam.

837 2551 898 2604 ν.
918 2553 1008 2605 25.
1047 2571 1064 2602 ι
1094 2551 1380 2617 Quomodo
1410 2550 1725 2606 confractus
1748 2563 1804 2606 et
1838 2554 2129 2607 contritus.
2161 2574 2178 2605 ι
2218 2554 2344 2607 Mal—

763 2645 879 2698 leus
931 2647 1200 2699 universae
1247 2654 1427 2709 terrae,
1462 2645 1552 2713 qui
1593 2652 1781 2698 totum
1841 2655 2108 2699 terrarum
2156 2646 2342 2701 orbem

756 2738 1036 2798 contrivit,
1070 2736 1306 2806 Babylon
1337 2735 1422 2789 vel
1461 2737 1624 2789 etiam
1654 2736 1986 2790 idololatria.

833 2828 896 2883 γ.
927 2831 1015 2883 24.
1040 2849 1059 2879 ‹
1091 2829 1484 2899 Aggredientur
1519 2828 1572 2880 in
1597 2838 1667 2882 te.
1698 2847 1715 2878 ι
1745 2829 1821 2882 Ad
1850 2829 2083 2882 litteram
2101 2831 2340 2898 quidem,

766 2932 995 2991 prapter
1027 2921 1374 2988 repentinum
1421 2919 1658 2973 hostium
1701 2920 1999 2988 impetum;
2031 2922 2344 2990 spiritaliter

761 3031 910 3077 vero,
947 3023 1168 3083 propter
1224 3029 1482 3068 arcanum
1528 3014 1783 3083 prolundi
1821 3016 2025 3070 Christi
2077 3016 2339 3086 mysterii,

760 3109 901 3168 quod
925 3124 1022 3177 per
1057 3108 1335 3162 Christum
1363 3117 1542 3160 actum
1566 3117 1668 3161 est.

835 3198 894 3254 ν.
931 3199 1020 3252 25.
1061 3217 1079 3249 ι
1112 3200 1340 3268 Aperuit
1368 3199 1650 3253 Dominus.
1684 3220 1700 3250 ι
1737 3201 1967 3268 Propter
2007 3200 2278 3254 occultum
2309 3216 2338 3253 a

761 3290 976 3343 saeculis
1008 3290 1344 3357 mysterium.

833 3380 896 3431 V.
927 3383 1014 3435 26.
1054 3401 1071 3428 τι
1106 3379 1432 3435 Scrutamint
1461 3372 1596 3435 eam.
1633 3402 1649 3432 ι
1693 3382 1766 3435 Ex
1806 3382 1939 3451 ipsis
1970 3382 2093 3434 imis
2136 3383 2340 3453 cogita-

766 3475 1004 3528 tionibus
1042 3474 1400 3527 Idololatriam
1430 3475 1785 3528 demolimiui.

836 3560 874 3612 V
926 3562 993 3614 27
1059 3560 1379 3615 iExsiceate
1409 3577 1600 3616 omnes
1634 3565 1754 3632 ejus
1792 3564 2021 3620 fructus.
2064 3586 2078 3610 ω
2119 3567 2199 3620 Ad
2254 3568 2342 3620 lit-

767 3662 938 3704 teram
968 3652 1205 3720 quidem,
1231 3650 1515 3720 Babylonis
1556 3661 1848 3721 tyrannos;
1876 3655 1941 3708 ad
1971 3670 2189 3709 sensum
2218 3671 2345 3709 vero

766 3744 1072 3812 mysticum,
1103 3743 1305 3810 peccati
1334 3741 1560 3803 fructus.
1589 3743 2024 3808 fornicationem,
2050 3746 2345 3799 immundi-

769 3836 894 3887 tiam
920 3846 974 3888 et
1000 3843 1214 3887 cetera.

838 3926 898 3978 V.
918 3927 985 3978 i8
1029 3946 1044 3974 ι
1077 3924 1190 3978 “τόχ
1223 3925 1566 3994 fugientium,
1594 3946 1613 3977 ι
1643 3935 1749 3981 etc.
1781 3928 1984 3982 Eorum
2009 3928 2102 3998 qui
2142 3928 2208 3982 ad
2236 3927 2342 3983 Do-

770 4019 975 4073 minum
1010 4028 1255 4071 nostrum
1297 4019 1638 4089 confugiunt.

840 4110 902 4165 V.
933 4115 1021 4167 5t.
1063 4135 1080 4164 ι
1120 4113 1256 4166 Ecce
1287 4128 1387 4183 ego
1416 4115 1726 4182 superbiam
1754 4131 1917 4183 super
1950 4126 2021 4170 te.
2059 4135 2077 4167 ι
2113 4116 2342 4171 Possunt

765 4205 882 4260 haec
907 4217 965 4258 et
997 4205 1048 4257 in
1080 4203 1386 4258 Judteorutn
1412 4203 1744 4276 Synagogam
1775 4207 1988 4263 referri.

843 4379 900 4435 ν.
927 4383 1014 4436 52.
1047 4400 1063 4429 ι
1105 4381 1168 4433 Et
1195 4381 1519 4434 suecendam
1552 4381 1728 4451 ignem
1759 4382 1811 4435 in
1847 4382 1979 4437 silva
2014 4385 2152 4453 ejus.
2193 4406 2209 4437 ι
2241 4389 2343 4441 Sil-

766 4495 855 4534 va.
885 4476 1043 4527 idest
1073 4473 1124 4524 in
1181 4472 1544 4526 multitudine.
1582 4472 1880 4527 Sciendum
1942 4490 2104 4544 porro
2163 4478 2339 4548 ignem

2452 618 2574 680 λους
2601 621 2628 670 6
2670 620 2848 683 λόγος,
2878 617 2973 668 ὲπὶ
2999 619 3100 685 τὴν
3137 615 3334 685 νοητὴν
3365 614 3684 667 Βαϐυλῶνα.

2528 731 2543 760 ι
2596 711 2842 762 Ἐπεσαν
2891 711 2946 760 αἱ
2993 708 3255 771 ἐπάλξεις
3305 707 3499 774 αὐτῆς.
3570 725 3586 756 ι
3651 707 3714 757 0|
3757 704 4044 770 ἀλιτήριοι

2447 805 2512 856 δα
2524 807 2533 833 ·’
2545 819 2728 873 μονες.

2526 915 2543 946 ι
2585 897 2696 949 Καὶ
2744 898 3070 965 κατεσκάφη
3122 896 3183 949 τὸ
3227 896 3407 963 τεῖχος
3460 890 3654 959 αὐτῆς.
3716 908 3736 942 ι
3777 887 3962 949 Αὐτὸς
4019 888 4046 938 ε

2450 989 2762 1056 ὰρχέκακος
2791 987 3058 1050 Σατανᾶς.

2529 1100 2544 1128 ι
2618 1081 2750 1131 ’Δπὸ
2784 1080 3083 1150 προσώπου
3124 1080 3398 1150 μαχαίρας
3466 1076 3812 1146 Ἐλληνικῆςο
3883 1094 3900 1124 ³
3959 1073 4047 1142 Τῷ

2449 1171 2623 1241 Κύρῳ
2681 1171 2946 1240 Ἕλληνες
2983 1173 3409 1242 συνεμάχησαν·
3463 1168 3771 1238 νικησάσης
3816 1161 3916 1218 οὖν
3949 1166 4042 1232 τῆς

2459 1265 2784 1336 Ἑλληνικῆς
2819 1263 3118 1334 μαχαὶρας,
3162 1264 3459 1334 ἀφεθέντες
3490 1262 3595 1314 ὑπὸ
3634 1260 3729 1313 τοῦ
3773 1259 3967 1327 Κύρου
3997 1261 4040 1308 οἱ

2449 1360 2789 1428 αἰχμάλωτοι
2826 1361 2905 1422 εἰς
2931 1359 3028 1430 τὴν
3066 1359 3204 1410 ἰδίαν
3238 1355 3780 1426 ὲπαναστρέψουσιν.

2526 1469 2542 1500 ι
2591 1451 2648 1502 '0
2691 1451 2908 1520 πρῶτος
2960 1451 3166 1519 ἔφαγεν
3210 1450 3371 1502 αὑτὸν
3421 1450 3678 1520 βασιλεὺς
3711 1445 3974 1513 ’Δσσούρ.
4019 1465 4036 1496 δ

2461 1542 2752 1612 Ἀσσύριος
2776 1544 2852 1595 ῶν
2881 1545 2909 1595 6
2937 1543 3284 1613 Σεναχηρεὶμ
3307 1543 3523 1612 πρῶτος
3549 1542 3648 1602 τὰς
3678 1539 3814 1594 δέκα
3842 1538 4039 1604 φυλὰς.

2451 1633 2660 1703 σάρκας
2693 1632 2860 1696 οὔσας
2899 1635 3093 1702 ιἔφαγε,
3126 1633 3412 1685 τουτέστιν
3433 1631 3844 1701 ᾐχμαλώτισεν.

2527 1744 2543 1774 ι
2589 1727 2698 1777 Καὶ
2727 1718 2888 1781 οὗτος
2915 1725 3149 1795 ὕστερον
3183 1726 3249 1778 τὰ
3281 1726 3418 1778 ὀστᾶ
3446 1722 3630 1775 αὑτοῦ.
3662 1741 3680 1773 ι
3727 1721 3787 1772 ὐ
3823 1719 4039 1772 Ναϐου-

2452 1816 2759 1887 χοδονόσορ.
2808 1818 2974 1870 Ὀστᾶ
3005 1817 3062 1869 δὲ
3095 1819 3252 1870 καλεῖ
3279 1817 3370 1869 τὸν
3418 1815 3615 1876 Ἰούδα,
3659 1814 3733 1877 ὡς
3778 1812 4040 1865 σύστασιν

2379 1899 2420 1954 Β
2449 1907 2580 1961 ὄντα
2609 1909 2704 1960 τοῦ
2734 1911 2936 1972 παντὸς
2963 1909 3237 1978 σώματος.
3280 1956 3284 1959 .

2525 2020 2542 2052 t
2581 2003 2914 2071 Ζητήσουσι.
2959 2022 2976 2053 ι
3029 2005 3150 2055 Ὀτι
3178 2004 3312 2055 πᾶσι
3366 2004 3478 2063 τοῖς
3527 1999 3891 2051 πιστεύσασιν
3942 1996 4037 2064 τὴν

2447 2092 2755 2162 ἀμνηστίαν
2777 2093 2886 2144 τῶν
2919 2094 3337 2164 ἁμαρτημάτων
3368 2096 3396 2146 6
3421 2091 3659 2162 Χριστὸς
3694 2091 4034 2160 ἐδωρήσατο.

2521 2296 2538 2326 ‹
2584 2275 2806 2346 Πικρῶς
2871 2275 3102 2348 ἐπίϐηθι
3155 2277 3463 2346 ὲπάύτήν.
3525 2293 3543 2325 ι
3601 2273 3744 2344 Πρὸς
3795 2273 3899 2342 μὲν
3940 2273 4038 2341 τὴν

2449 2369 2696 2435 ἱστορίαν
2732 2371 2827 2421 ἐπὶ
2865 2370 2965 2439 τὴν
2997 2369 3319 2436 Βαϐυλῶνα,
3351 2369 3489 2443 πρὸς
3537 2368 3592 2420 δὲ
3634 2366 3883 2421 διάνοιαν
3945 2366 4039 2419 ἰπὶ

2444 2463 2543 2531 τὴν
2570 2461 3048 2531 εἰδωλολατρείαν.

2521 2573 2538 2604 t
2575 2554 2699 2617 Πῶς
2756 2554 3123 2624 συνεκλάσθη.
3151 2574 3168 2606 ι
3193 2555 3255 2607 Ἥ
3299 2554 3482 2624 σφύρα
3523 2556 3701 2625 πάσης
3762 2554 3864 2622 τῆς
3908 2551 4038 2622 γῆς.

2444 2649 2476 2714 ἡ
2511 2647 2611 2714 τὴν
2645 2647 2974 2718 οἰκουμένην
3009 2648 3374 2717 συντρίψασα,
3397 2646 3655 2701 Βαϐυλὼν
3683 2647 3715 2698 ἢ
3749 2648 3848 2699 καὶ
3876 2647 4038 2697 εἰδω-

2441 2739 2760 2808 λολατρεία.

2522 2849 2539 2880 ι
2578 2831 2966 2898 Ἐπιθήσονταί
3029 2849 3135 2884 σοι.
3176 2851 3196 2883 ι
3259 2831 3404 2900 Πρὸς
3461 2832 3564 2902 μὲν
3627 2832 3726 2902 τὴν
3763 2831 4038 2902 ἱστορίαν,

2443 2917 2530 2970 διὰ
2572 2919 2635 2970 τὸ
2669 2918 2780 2971 τῶν
2820 2919 3074 2988 πολέμων
3121 2921 3387 2987 αἰφνίδιον
3415 2935 3428 2948 ’
3482 2920 3617 2989 πρὸς
3656 2920 3712 2972 δὲ
3766 2920 4039 2985 διάνοιαν,

2443 3011 2532 3064 διὰ
2560 3013 2622 3063 τὺ
2650 3013 2894 3082 κρυπτὸν
2917 3012 3012 3065 τοῦ
3044 3012 3242 3081 βάθους
3259 3012 3354 3064 τοῦ
3379 3012 3525 3065 κατὰ
3555 3012 3793 3080 Χριστὸν
3825 3029 4041 3082 μυστη-

2453 3106 2592 3174 ρίου.

2522 3215 2540 3247 ‹
2590 3198 2808 3262 Ἥνοιεε
2858 3199 3086 3269 Κύριος.
3147 3218 3165 3249 ι
3205 3199 3305 3250 Διὰ
3354 3199 3415 3250 τὸ
3496 3199 3898 3269 κεκρυμμένον
3933 3201 4042 3254 ἀπὸ

2448 3289 2554 3343 τῶν
2587 3291 2802 3343 αἰώνων
2840 3292 3164 3361 μυστήριον.

2523 3399 2541 3429 ‹
2591 3382 2952 3452 Ἑρευνήσατε
2987 3382 3179 3450 αὑτήν.
3222 3400 3239 3431 ι
3280 3381 3372 3444 Ἐξ
3404 3380 3584 3434 αὐτῶν
3616 3380 3724 3434 τῶν
3748 3381 4038 3450 λογισμῶν

2451 3473 2896 3542 ἀναμοχλεύσατε
2924 3475 3026 3540 τὴν
3058 3472 3534 3542 εἱωλολατρεὶαν.

2526 3586 2542 3614 ι
2588 3565 2994 3633 ’Δναξηράνατε
3030 3564 3202 3633 αὐτῆς
3252 3565 3460 3624 πάντας
3508 3565 3632 3625 τοὺς
3685 3563 3964 3633 καρπούς-
4016 3583 4034 3616 ι

2448 3654 2590 3724 Πρὸς
2623 3654 2721 3723 μὲν
2768 3654 2868 3723 τὴν
2915 3654 3180 3722 ἱστορίαν,
3227 3655 3354 3718 τοὺς
3384 3656 3682 3726 τυράννους
3721 3655 3824 3722 τῆς
3857 3655 4038 3707 Βαϐυ-

2446 3749 2613 3809 λῶνος
2652 3765 2663 3777 ·
2707 3749 2842 3818 πρὸς
2875 3748 2933 3800 δὲ
2978 3749 3248 3812 διάνοιαν,
3281 3751 3408 3809 τοὺς
3446 3748 3544 3817 τῆς
3577 3749 3856 3817 ἁμαρτίας
3892 3766 4037 3815 καρ-

2449 3842 2607 3903 ποὺς,
2638 3841 2924 3909 πορνείαν,
2967 3842 3062 3892 καὶ
3097 3840 3462 3908 ἀκαθαρσίαν,
3497 3841 3590 3891 καὶ
3617 3838 3683 3890 τὰ
3714 3838 3863 3907 ἑξῆς.

2521 3949 2539 3980 ι
2585 3930 2740 4000 Φωνὴ
2773 3928 3107 3997 φευγόντων.
3153 3947 3170 3978 ι
3203 3928 3329 3980 Τῶν
3362 3929 3441 3990 είς
3481 3927 3574 3980 τὸν
3625 3926 3834 3996 Κύριον
3873 3928 4036 3997 ἡμῶν

2446 4019 2930 4088 καταφευγόντων.

2523 4131 2540 4162 ‹
2594 4111 2725 4163 Ἰδοὺ
2769 4110 2881 4178 ἐγὼ
2922 4111 3015 4160 ἐπὶ
3071 4109 3129 4160 σὲ
3168 4110 3268 4176 τὴν
3314 4108 3660 4178 ύϐρίστριαν.
3718 4127 3736 4159 ι
3791 4107 4034 4160 Δύναται

2443 4206 2619 4258 ταῦτα
2643 4203 2902 4257 καὶκατὰ
2934 4202 3035 4272 τῆς
3062 4202 3171 4256 τῶν
3195 4202 3469 4254 Ἰουδαίων
3525 4201 3853 4271 συναγωγῆς
3887 4203 4033 4273 λαμ-

2447 4297 2734 4352 ϐάνεσθαι.

2523 4409 2539 4437 ι
2581 4392 2692 4442 Καὶ
2732 4388 2925 4456 άνάψω
2963 4385 3075 4455 πῦρ
3120 4389 3179 4439 ὲν
3211 4385 3289 4455 τῷ
3322 4385 3514 4455 δρυμῷ
3543 4387 3735 4453 αὐτῆς.
3774 4407 3792 4437 ι
3824 4389 4033 4458 Δρυμῷ

2448 4483 2566 4551 μὲν,
2590 4479 2670 4549 τῷ
2713 4478 2934 4548 πλήθει.
2973 4478 3176 4530 Ἰστέον
3229 4477 3284 4529 δὲ
3331 4477 3413 4529 ὅτι
3468 4478 3563 4529 καὶ
3599 4478 3662 4531 16
3713 4478 3863 4530 θεῖον
3917 4480 4033 4549 πῦρ

764 4579 985 4634 quoque
1031 4562 1274 4616 divinum
1302 4562 1356 4614 in
1383 4563 1596 4616 animos
1621 4563 1913 4630 labentem,
1946 4566 2100 4634 quasi
2131 4567 2343 4623 ﬂamma

2446 4573 2721 4642 ἐμπίπτον
2765 4574 2844 4633 είς
2871 4570 3070 4640 ψυχας,
3118 4568 3310 4638 ὥσπερ
3343 4567 3473 4636 φλὸξ
3505 4570 3564 4619 ὲν
3609 4567 3800 4640 δρυμῷ
3831 4569 4028 4636 ξύλων,

769 4658 824 4710 ὶη
856 4656 987 4709 silva
1020 4655 1311 4724 lignorum,
1336 4653 1622 4708 absumere
1643 4655 1824 4708 omnia
1848 4658 2105 4725 nequitiae
2122 4675 2340 4730 genera.

842 4747 905 4802 ν.
954 4747 1044 4800 '53.
1089 4746 1257 4801 illam
1298 4745 1430 4799 dicit
1471 4744 1749 4799 Dominus.
1782 4763 1802 4796 ι
1849 4747 1923 4799 De
1976 4752 2241 4818 corporali
2280 4752 2344 4805 li-

771 4840 966 4892 liorum
1019 4837 1182 4891 Israel
1226 4847 1280 4890 et
1316 4834 1641 4905 intelligibili
1662 4836 1965 4891 animarum
2012 4842 2341 4909 captivitate,

770 4932 948 5000 deque
999 4945 1185 4985 earum
1239 4944 1336 4999 per
1403 4927 1692 4983 Dominum
1730 4930 2049 4985 liberatione
2088 4932 2342 5002 loquitur.

847 5113 1015 5168 v.54.
1040 5133 1057 5164 ι
1080 5112 1680 5181 ιυᾱὶοἱιιιηὶυάίοαῢὶιδ
1713 5112 1917 5167 ldcirco
1958 5116 2204 5170 Salvator
2246 5120 2348 5172 aie-

777 5209 867 5262 bat
888 5225 899 5259 :
923 5207 1077 5260 Nunc
1081 5205 1343 5274 judicium
1360 5205 1515 5274 hujus
1529 5206 1730 5269 mundi,
1749 5222 1885 5258 nunc
1905 5208 2142 5276 princeps
2169 5212 2348 5263 mundi

773 5299 930 5368 hujus
958 5298 1152 5366 ejecta:
1180 5306 1254 5349 est
1276 5296 1340 5348 ³⁸.

779 5429 781 5434 .
850 5388 907 5441 V.
944 5391 1030 5442 58.
1075 5405 1094 5438 ι
1122 5387 1297 5456 Super
1321 5402 1516 5457 aquam
1548 5387 1684 5455 ejus.
1714 5407 1731 5437 ι
1761 5387 1839 5441 Ad
1864 5389 2096 5443 litteram
2126 5392 2346 5462 quidem

774 5490 878 5545 est,
912 5479 1288 5534 multitudine;
1321 5479 1541 5549 mystice
1568 5493 1716 5542 vero,
1747 5488 1966 5548 propter
1986 5479 2263 5536 humidam
2295 5491 2350 5536 et

775 5577 975 5627 fluxam
1006 5571 1375 5642 uelat-iamque
1398 5571 1610 5626 vivendi
1644 5571 1924 5625 rationem.

854 5683 873 5713 α
905 5665 970 5718 Et
995 5666 1047 5718 in
1071 5664 1284 5717 insulis.
1318 5684 1336 5714 ι
1359 5663 1489 5717 Nam
1515 5672 1570 5718 et
1595 5663 1784 5717 harum
1814 5663 2163 5734 potiebantur
2182 5663 2351 5735 Baby-

777 5758 946 5823 lonii;
976 5758 1198 5828 mystice
1233 5771 1362 5810 vero
1394 5757 1445 5809 in
1474 5756 1649 5811 idolis.

847 5872 892 5904 "
919 5873 1053 5927 Joan
1107 5888 1205 5937 ιιι,
1236 5873 1325 5926 5|.

2444 4668 2626 4718 πάντα
2655 4664 3043 4717 καταναλίσκει
3067 4663 3164 4730 τῆς
3198 4662 3398 4722 κακίας
3419 4661 3487 4712 τὰ
3514 4660 3653 4730 εἴδη.

2520 4776 2536 4806 ι
2574 4756 2711 4808 Τάδε
2739 4755 2887 4821 λέγει
2915 4755 3141 4821 Κύριος.
3183 4771 3201 4803 ι
3243 4753 3376 4821 Περὶ
3395 4752 3496 4820 τῆς
3527 4753 3795 4822 αἰσθητῆς
3820 4755 4032 4824 αἰχμα-

2443 4847 2643 4909 λωσίας
2665 4846 2776 4898 τῶν
2804 4845 2933 4898 υἱῶν
2958 4844 3198 4914 Ἰσραὴλ,
3226 4847 3318 4897 καὶ
3347 4843 3449 4912 τῆς
3474 4845 3584 4896 τῶν
3613 4845 3801 4915 ψυχῶν
3828 4849 4032 4919 νοητῆς

2444 4939 2846 5008 αἰχμαλωσίας,
2882 4937 3100 5006 καὶτῆς
3126 4937 3307 4988 αὐτῶν
3334 4936 3425 4990 διὰ
3456 4938 3552 4988 τοῦ
3585 4938 3792 5007 Κυρίου
3823 4940 4035 4993 ἀπολυο

2442 5027 2697 5098 τρώσεώς
2727 5043 2908 5094 φησιν.

2522 5138 2538 5167 t
2595 5119 2791 5189 Kpimv
2835 5117 3031 5186 κρίνει.
3072 5136 3088 5166 ι
3130 5117 3229 5168 Διὰ
3268 5117 3427 5170 τοῦτο
3481 5117 3669 5186 ἔλεγεν
3711 5120 3740 5170 6
3795 5121 4034 5192 Σωτήρ·

2446 5211 2575 5263 Νῦν
2604 5211 2802 5277 χρίσις
2831 5209 2938 5261 τοῦ
2963 5211 3196 5275 κόσμου
3223 5209 3438 5261 τούτου
3461 5227 3472 5238 ·
3497 5209 3615 5263 νῦν
3641 5213 3673 5263 ό
3693 5211 3900 5278 ἄρχων
3926 5215 4030 5267 τοῦ

2448 5301 2680 5368 κόσμου
2712 5301 2929 5352 τούτου
2957 5297 3325 5363 ἑκϐέϐληται.

2524 5410 2543 5442 ι
2584 5392 2711 5443 Ἑπὶ
2746 5390 2823 5459 τῷ
2859 5390 3012 5441 ῦὸατι
3046 5390 3238 5458 αὐτῆς.
3275 5408 3294 5441 ι
3328 5388 3470 5442 Καθ’
3503 5387 3750 5459 ἱστορίαν
3776 5387 3906 5458 μὲν,
3943 5389 4032 5443 ἐπὶ

2449 5484 2527 5553 τῷ
2564 5483 2787 5553 πλῆθεν
2833 5483 2970 5552 πρὸς
3025 5482 3081 5533 δὲ
3129 5481 3404 5545 διάνοιαν,
3457 5483 3552 5534 ἐπὶ
3590 5480 3667 5550 τῷ
3711 5480 3893 5551 ὑγρῷ,
3940 5484 4033 5537 καὶ

2449 5579 2741 5646 ἀνειμένῳ,
2777 5579 2869 5628 καὶ
2897 5575 3205 5647 ἁμαρτωλῷ
3235 5575 3356 5644 βίῳ.

2530 5688 2547 5718 ι
2577 5669 2684 5719 Καὶ
2710 5670 2767 5719 ἐν
2799 5670 2919 5730 ταῖς
2947 5669 3188 5737 νήσοις.»
3209 5666 3298 5727 Ὠς
3334 5665 3431 5717 καὶ
3459 5665 3666 5717 τούτων
3697 5663 4034 5734 κρατοῦντες

2451 5762 2498 5814 οἱ
2522 5759 2884 5813 Βαϐυλώνιοι·
2932 5759 3067 5830 πρὸς
3103 5758 3158 5810 δὲ
3203 5757 3465 5823 διάνοιαν,
3501 5756 3562 5810 ἐν
3617 5757 3728 5819 τοῖς
3765 5752 4037 5817 εἰδώλοις.
