4218 6448
223 434 324 498 ῚῙἿ
1343 430 1802 489 FRAGMENTA
1839 429 1920 488 IN
1959 431 2285 490 JEREMIA
2296 433 2370 491 Μ.
3105 445 3110 452 '
3371 438 3399 490 '7
3414 432 3473 496 l8

300 571 319 604 ι
357 550 456 603 Διὰ
477 548 637 602 τοῦτο
671 545 1114 617 κατοικήσουσιν.
1162 565 1179 594 ι
1216 545 1572 615 Ὀμοιὼματα
1597 544 1799 612 ἀνθρώ.
1830 552 1872 603 Α

1830 552 1872 603 Α
1982 544 2040 598 ν.
2077 547 2164 600 39.
2210 565 2226 598 ι
2256 545 2545 615 Propterea
2581 547 2925 603 habitabant.
2965 568 2982 598 ι
3027 548 3324 602 Sitntllacra
3374 555 3471 603 ho-

222 659 364 705 πων,
399 642 500 694 οὐκ
531 639 849 709 ἄνθρωποι,
904 638 992 690 ινα
1039 636 1172 710 εἴπῃ
1199 637 1298 706 τὴν
1358 637 1641 690 ἀσθένειαν
1689 636 1799 688 τῶν

1904 636 2134 695 minutn,
2171 649 2279 689 non
2307 634 2579 699 homines,
2611 647 2664 691 ut
2693 653 2881 692 eorum
2899 638 2988 708 qui
3010 637 3316 708 Babyloniis
3346 657 3471 708 sup-

224 731 668 802 συμμαχούντων
700 731 816 792 τοῖς
867 727 1182 799 βασιλείοις.
1220 727 1330 781 Καὶ
1378 729 1489 797 γὰρ
1538 729 1634 780 καὶ
1675 729 1800 790 τοὺς

1905 727 2076 794 petias
2124 725 2384 792 ferebant,
2439 728 2807 785 inﬁrmitatem
2867 733 3219 802 exprimeret.
3247 733 3379 786 Nam
3424 745 3477 786 ct

221 821 667 889 ἁντιπράξαντας
697 817 808 871 τῶν
837 815 1116 887 νησιωτῶν
1163 811 1310 869 εἷλεν
1366 817 1393 868 ὁ
1441 815 1643 884 Κύρος.
1690 816 1800 884 Τὴν

1906 813 2203 868 insularum
2236 815 2456 882 incolas,
2487 819 2578 888 qui
2609 819 2711 872 sibi
2738 821 3086 886 obstiterant,
3119 821 3473 891 cepitCyrus.

218 913 277 965 δὲ
309 910 512 964 τούτων
552 909 792 980 ὲρημίαν
843 907 1101 979 σημαίνει
1133 906 1223 961 διὰ
1249 907 1361 960 τῶν
1404 909 1699 977 Σειρήνων,
1728 906 1802 968 ὡς

1906 899 2010 956 Eas
2055 918 2219 971 porro
2245 905 2423 959 nullos
2461 906 2666 960 incolas
2688 906 2888 962 habere
2919 925 3016 978 per
3044 909 3265 964 Sirenes
3306 911 3473 981 signi-

221 998 720 1070 ἁνθρωπομόρφων
763 996 952 1050 λοιπὸν
1003 996 1321 1066 δαιμονίων,
1373 995 1407 1064 ἢ
1449 996 1541 1049 καὶ
1590 995 1803 1066 ᾠδικῶν

1905 994 2054 1061 ﬁcat,
2084 1012 2204 1065 qua:
2229 998 2494 1052 daemonia
2527 1007 2653 1052 sunt
2707 999 2943 1054 humana
2987 1001 3176 1071 ﬁgura,
3219 1003 3304 1056 vel
3352 1018 3480 1057 aves

221 1092 450 1160 ὀρνέων,
479 1090 567 1143 διὰ
596 1090 698 1160 τὴν
723 1089 964 1160 ἐρημίαν
993 1087 1292 1142 οἰκούντων
1313 1087 1439 1149 τοὺς
1472 1087 1695 1149 τόπους.

1352 1087 1439 1149 οὺς
1472 1087 1695 1149 τόπους.
1906 1099 2118 1140 canora:
2142 1102 2264 1156 quae
2287 1087 2522 1142 solitaria
2549 1090 2663 1144 loca
2693 1090 3018 1146 inhabitant.

303 1203 322 1235 ι
381 1183 514 1236 Ἰδοὺ
562 1182 693 1244 λαὸς
735 1181 976 1253 ἔρχεται.
1037 1200 1056 1232 ι
1108 1181 1174 1233 0i
1233 1180 1294 1244 ἐξ
1349 1178 1521 1231 ἐθνῶν
1585 1178 1804 1231 πιστεύ-

1979 1175 2043 1228 ν.
2067 1176 2155 1230 ﬂ.
2196 1195 2214 1228 ι
2241 1177 2377 1232 Ecce
2397 1179 2630 1250 populus
2654 1183 2820 1236 venit.
2850 1201 2868 1234 ι
2899 1184 3002 1249 Qui
3027 1199 3057 1238 e
3085 1184 3338 1253 gentibus
3364 1201 3480 1240 cre-

228 1293 442 1339 σαντες.

1909 1265 2185 1319 diderunt.
2271 1308 2280 1317 .

305 1387 324 1419 ι
363 1367 470 1420 Καὶ
495 1366 740 1436 βασιλεῖς
771 1363 982 1417 πολλοί.
1009 1382 1027 1414 ι
1062 1362 1256 1423 Ἐθνος
1295 1363 1406 1432 γάρ
1443 1362 1582 1413 εἰσιν
1621 1361 1800 1428 ἅγιον,

1985 1354 2095 1408 «Et
2139 1373 2293 1427 reges
2330 1360 2504 1414 multi.
2542 1379 2561 1413 ι
2595 1360 2744 1418 Gens
2787 1364 2933 1418 enim
2989 1377 3174 1422 sancta
3218 1378 3344 1423 sunt
3394 1385 3481 1424 re-

230 1460 505 1528 βασίὶειον
548 1458 884 1530 ἱεράτευμαο
920 1455 1095 1509 ταῦτα
1122 1455 1178 1508 δὲ
1217 1455 1330 1507 ἑνοῖ
1360 1453 1499 1522 μετὰ
1535 1453 1632 1522 τὴν
1669 1454 1808 1505 ἱστο-

1911 1447 2030 1516 gale
2085 1447 2537 1507 sacerdotium":
2603 1455 2719 1510 haec
2759 1465 2939 1509 autem
2991 1456 3232 1512 historia:
3281 1461 3484 1516 subne-

229 1553 372 1622 ρίαν.
1911 1541 2025 1593 ctit.

314 1647 372 1698 ‘0
417 1649 473 1698 ὲν
529 1643 608 1714 τῷ
660 1641 904 1714 Ἰορδάνῃ
957 1636 1353 1708 βαπτιζόμενος
1401 1635 1549 1698 λαός.
1600 1635 1661 1688 '0
1711 1635 1810 1704 τὴν

1981 1634 2218 1704 Populus
2239 1637 2332 1706 qui
2361 1637 2414 1691 in
2440 1638 2678 1694 Jordane
2707 1641 3031 1710 baptizatur.
3060 1643 3162 1709 Qui
3185 1644 3483 1715 spiritalem

227 1739 429 1809 νοητὴν
455 1734 756 1790 Βαϐυλῶνα
787 1728 1215 1801 καταπολεμῶν.

889 1730 1067 1785 ταπολε
1075 1728 1215 1801 μῶν.
1914 1723 2236 1795 Babylonem
2267 1739 2555 1801 expugnat.

308 1849 327 1881 ι
365 1831 455 1891 Et;
487 1826 727 1896 Γαιθάμ.
779 1844 799 1879 ι
848 1823 1065 1893 Γαιθὰμ
1108 1821 1272 1883 τόπος
1302 1820 1399 1874 τοῦ
1430 1818 1720 1890 Ἰορδάνου,
1755 1819 1813 1870 ὲν

1992 1814 2050 1870 ν.
2076 1817 2166 1872 44.
2223 1839 2241 1871 ι
2269 1820 2325 1874 In
2372 1821 2637 1877 Gmtham.
2672 1844 2691 1876 ι
2727 1823 2905 1880 Locus
2934 1835 3017 1882 est
3067 1827 3318 1885 Jordanis
3369 1831 3489 1887 Gaz-

228 1916 277 1990 ᾢ
307 1921 496 1976 πολλοὶ
528 1920 766 1981 λέοντες.
1845 1896 1889 1951 Β

1845 1896 1889 1951 Β
1919 1906 2088 1968 math,
2128 1907 2374 1964 leonibus
2402 1912 2701 1968 abundans.

310 2035 327 2066 ι
365 2014 492 2067 Ὀτι
519 2009 731 2081 ταχέως
761 2005 1004 2070 ἑκδιώξω
1039 2003 1259 2068 αύτούς.
1293 2023 1312 2057 ι
1344 2005 1483 2066 Τοὺς
1512 2001 1815 2066 Χαλδαίους

1991 2015 2008 2048 ε
2046 1997 2182 2062 Quia
2240 2001 2351 2054 cito
2408 2004 2674 2073 expellam
2713 2020 2826 2061 eos.
2868 2025 2887 2058 ι
2930 2004 3215 2066 Chaldaeos
3240 2027 3272 2066 e
3315 2011 3490 2085 Baby-

229 2109 299 2161 ὲκ
329 2107 428 2178 τῆς
465 2106 802 2168 Βαϐυλῶνος.
1913 2088 2058 2144 Ione.

311 2221 329 2253 ι
367 2202 477 2255 Καὶ
508 2199 592 2263 τίς
621 2193 775 2262 οὗτος
823 2195 1052 2267 ποιμήν.
1095 2213 1114 2246 ι
1143 2191 1251 2247 Τοῦ
1291 2190 1401 2262 γὰρ
1443 2190 1654 2260 ἀγαθοῦ
1698 2207 1816 2242 ποι-

1988 2179 2053 2234 Et
2093 2183 2214 2253 quis
2273 2184 2372 2240 iste
2407 2197 2610 2255 pastor.
2643 2206 2662 2239 ι
2696 2188 2832 2245 Nam
2862 2205 3079 2262 pastore
3112 2197 3257 2251 bono
3293 2213 3394 2253 nos
3423 2199 3489 2253 li-

234 2296 399 2364 μένος
429 2291 821 2363 ἐξαιρουμένου
842 2289 1013 2363 ημᾶς,
1033 2287 1191 2341 οὐδὲν
1222 2287 1355 2358 ἡμῖν
1387 2285 1564 2339 ποιεῖν
1593 2284 1816 2338 δύναται

1672 2300 1816 2336 lata:
1917 2274 2162 2337 berante,
2190 2277 2327 2331 nihil
2357 2279 2516 2334 nobis
2543 2295 2740 2338 nocere
2765 2292 2943 2354 potest
2972 2287 3338 2346 adversarius.

231 2393 262 2440 ό
297 2387 579 2456 πολέμιος.
1402 2386 1408 2390 ’

315 2499 333 2530 ι
376 2480 502 2533 Ἐὰν
540 2476 616 2547 μὴ
665 2471 992 2542 διαφανισθῇ
1045 2469 1186 2540 νομὴ
1220 2469 1317 2522 ἀπ’
1360 2468 1566 2524 αὐτῶν.
1610 2486 1629 2522 ι
1670 2469 1820 2521 ’Δντὶ

1990 2457 2053 2513 ν.
2082 2459 2170 2513 45.
2203 2480 2219 2511 ι
2249 2460 2359 2516 Nisi
2384 2473 2806 2533 corrumpantur
2832 2467 2953 2537 agni
2975 2470 3180 2525 ovium.
3206 2489 3226 2523 ι
3251 2471 3366 2530 Hoc
3391 2485 3494 2541 est,

231 2571 354 2636 τοῦ,
397 2569 629 2639 φίλτατα
654 2565 821 2618 τέκνα
846 2581 858 2593 ·
881 2565 1080 2632 δεῖγμα
1109 2561 1165 2614 δὲ
1193 2559 1354 2614 τοῦτο
1391 2562 1597 2631 πικρᾶς
1621 2562 1820 2630 αἰχμα-

1919 2552 2234 2606 charissima
2265 2553 2510 2624 pignora,
2552 2555 2757 2613 indicat
2792 2574 2953 2629 porro
2999 2560 3106 2617 hoc
3147 2563 3497 2624 durissimam

233 2663 459 2726 λωσίας.

1920 2645 2312 2713 captivitatem.

856 2750 1013 2802 ΚΕΦ.
1052 2747 1182 2801 NA’.

1181 2794 1182 2797 η
2582 2741 2734 2798 CAP.
2763 2742 2847 2797 ιι.

317 2862 336 2894 ‹
375 2843 614 2911 ’Ἄνεμον
678 2841 936 2893 καύσωνα
991 2835 1396 2909 διαφθείροντα.
1451 2856 1470 2890 ι
1525 2839 1681 2891 Μετὰ
1723 2839 1820 2908 τὴν

1996 2827 2059 2881 ν.
2092 2831 2140 2883 l.
2178 2851 2195 2882 ‹
2229 2831 2462 2886 Ventum
2492 2843 2760 2888 urentem.
2793 2854 2812 2886 ι
2866 2835 2995 2893 Post
3045 2855 3265 2895 sensum
3327 2841 3504 2899 histo-

243 2934 485 3006 inopiav
515 2933 629 2986 νόει
658 2933 785 2994 τοὺς
818 2930 925 2984 ὑπὸ
967 2929 1060 2983 τοῦ
1117 2929 1278 2997 ἁγίου
1313 2929 1631 2999 Πνεύματος
1692 2928 1822 2999 βοηη

1925 2921 2096 2976 ricum
2130 2923 2364 2994 intellige
2399 2940 2494 2978 eos
2529 2941 2668 2994 quos
2717 2928 2937 2996 adjuvat
2991 2930 3227 3001 Spiritus
3258 2947 3500 3004 sanctus,

240 3029 338 3080 θου
351 3026 567 3096 μένους,
596 3024 725 3087 τοὺς
757 3022 1117 3094 ξηραίνοντας
1148 3022 1244 3075 καὶ
1281 3021 1702 3091 διαφθείροντας
1725 3023 1823 3088 τῆς

1925 3013 2262 3068 exsiccautes
2316 3022 2372 3068 ct
2425 3026 2842 3086 corrumpentes
2896 3020 3155 3090 nequitia:
3214 3023 3499 3084 ﬂuxiones.

242 3119 442 3179 κακίας
474 3115 541 3169 τὰ
581 3114 853 3185 ῥεύματα.
2257 3158 2262 3166 _

321 3228 337 3257 1
386 3208 496 3260 Kal.
531 3207 607 3276 μὴ
638 3205 913 3273 φείσεσθε.
948 3223 965 3254 ι
1004 3205 1151 3256 Ἀντὶ
1179 3201 1295 3264 τοῦ,
1328 3203 1402 3272 μὴ
1428 3202 1704 3295 πτοηθῆτε
1725 3204 1822 3272 τὴν
1851 3238 1893 3295 c
1946 3287 1956 3295 _

1851 3238 1893 3295 ο
2005 3197 2061 3248 ν.
2091 3199 2141 3249 5.
2202 3219 2217 3248 ι
2250 3198 2314 3253 Et
2363 3215 2430 3254 ne
2455 3202 2709 3270 parcatis.
2746 3222 2762 3253 ι
2808 3203 2921 3258 Hoc
2947 3217 3051 3270 est,
3093 3223 3162 3262 ne
3213 3209 3507 3267 timueritis

242 3301 475 3371 ἀπειλὴν
509 3299 618 3352 τῶν
639 3299 930 3369 δαιμόνων.
967 3295 1109 3364 Ἐγὼ
1141 3295 1249 3364 γάρ
1281 3295 1398 3363 εἰμι
1437 3292 1557 3363 μεθ’
1593 3292 1764 3363 ὑμῶν.
1857 3287 1892 3295 ⁷

1593 3292 1764 3363 ὑμῶν,
1857 3287 1892 3295 ⁷
1927 3287 2232 3340 ιιςυιιιοιιιιω
2261 3289 2459 3344 minas.
2482 3290 2596 3360 Ego
2617 3292 2765 3346 enim
2792 3308 2912 3347 sum
2937 3296 3234 3352 vobiscum.

322 3414 340 3444 ι
377 3394 500 3446 Ὀτι
547 3395 580 3462 ἡ
620 3392 693 3460 γῆ
732 3390 928 3444 αὐτῶν.
978 3389 1314 3459 ι’Πλήρωμα
1346 3386 1474 3454 γὰρ,
1527 3386 1681 3454 φησι,
1723 3385 1824 3454 τῆς

2001 3376 2059 3428 ν.
2085 3378 2134 3430 5.
2166 3399 2182 3428 ι
2213 3377 2351 3443 Quia
2391 3389 2532 3435 terra
2556 3396 2765 3438 eorum.
2797 3402 2816 3434 ι
2844 3384 3314 3455 Complementum
3360 3393 3508 3448 enim

244 3484 460 3545 ἀδικίας
507 3483 616 3535 τῶν
647 3481 952 3544 χαλδαιων,
985 3479 1047 3532 τὸ
1087 3479 1180 3532 καὶ
1231 3477 1297 3529 τὰ
1347 3475 1517 3544 σκεύη
1571 3475 1640 3527 τὰ
1693 3474 1828 3542 ἅγια
1929 3468 2206 3536 injustitize
2228 3469 2606 3527 Chaldmorum
2640 3473 2716 3528 ait
2738 3473 2928 3540 fuisse,
2967 3480 3112 3547 quod
3141 3489 3328 3536 sancta
3379 3500 3508 3540 vasa

248 3576 344 3628 λαὶ
377 3575 568 3641 ἁγίους
591 3573 791 3644 ἄνδρας
828 3571 1088 3641 μετάγειν
1118 3571 1197 3631 είς
1224 3567 1544 3621 Βαϐυλῶνα.

1928 3570 2257 3631 sanctosque
2289 3563 2535 3618 homines
2550 3564 2878 3636 Babylonem
2910 3572 3309 3629 transtulerint.

326 3684 343 3715 ε
368 3664 602 3732 Φεύγετε
643 3664 706 3716 ὲκ
740 3662 906 3731 μέσου
935 3659 1280 3722 Βαϐυλῶνος.
1315 3679 1333 3711 ι
1375 3657 1602 3725 Φεύγειν
1632 3658 1660 3708 ό
1692 3673 1826 3726 προσ

2002 3653 2061 3706 V.
2119 3653 2170 3707 6.
2224 3673 2241 3705 ι
2292 3654 2482 3726 Fugite
2520 3657 2588 3711 de
2632 3659 2814 3714 medio
2859 3662 3168 3733 Babylonis.
3210 3684 3230 3718 ι
3300 3667 3510 3742 Fugere

248 3760 429 3827 φήτης
468 3755 680 3808 κελεύει
712 3757 776 3806 ὲκ
817 3754 986 3823 μέσου
1020 3752 1122 3820 τῆς
1153 3750 1470 3812 Βαϐυλῶνος
1497 3750 1624 3812 τοὺς
1656 3746 1827 3811 σωζο-

1924 3746 2079 3815 jubet
2108 3748 2371 3816 propheta
2402 3749 2471 3803 de
2504 3750 2684 3804 medio
2716 3750 3010 3822 Babylonis
3046 3771 3141 3810 eos
3165 3758 3260 3828 qui
3290 3761 3509 3816 salvan-

251 3852 468 3920 μένους,
495 3849 602 3900 εἴτε
628 3853 726 3918 τῆς
780 3846 1066 3916 αἰσθητῆς,
1092 3846 1203 3898 εἴτε
1232 3843 1329 3897 καὶ
1375 3843 1478 3912 τῆς
1500 3841 1596 3894 τοῦ
1621 3841 1826 3910 κόσμου

1933 3847 2038 3901 tur,
2087 3840 2171 3893 vel
2193 3855 2313 3908 quae
2342 3839 2409 3894 ad
2438 3854 2661 3895 sensum
2693 3845 2949 3911 pertinet,
2983 3847 3068 3901 vel
3094 3848 3162 3903 de
3186 3850 3512 3910 confusione

249 3941 591 4009 συγχύσεως.
1931 3929 2136 3985 mundi.

326 4049 345 4081 ε
379 4030 648 4099 Ποτήριον
676 4027 916 4098 χρυσοῦν
946 4025 1222 4080 Βαϐυλών.
1259 4044 1278 4077 ι
1322 4025 1587 4096 ῐῙοτήριον
1631 4021 1827 4076 πολλα-

2002 4020 2063 4072 γ.
2091 4023 2142 4075 7.
2196 4040 2214 4072 ι
2252 4021 2403 4077 Calix
2447 4039 2646 4080 aureus
2697 4026 2957 4099 Babylon.
3007 4049 3023 4082 ι
3062 4030 3212 4086 Calix
3261 4048 3405 4104 saepe
3453 4035 3511 4090 in

248 4121 348 4190 χοῦ
375 4121 525 4191 παρὰ
546 4123 613 4191 τῇ
638 4119 760 4190 θεία
781 4119 974 4190 Γραφῇ
995 4117 1311 4188 ὠνόμασται
1333 4117 1365 4184 ἡ
1388 4116 1662 4186 λεγομένη
1691 4114 1829 4185 ὀργὴ

1932 4110 2101 4164 sacris
2124 4110 2344 4166 Litteris
2370 4122 2558 4167 vocata
2587 4123 2691 4178 est,
2731 4131 2853 4185 qua:
2879 4118 3076 4173 dicitur
3107 4121 3182 4174 ira
3213 4122 3328 4178 Dei.
3363 4125 3512 4189 Quo-

249 4214 349 4268 τοῦ
379 4213 536 4267 Θεοῦ.
555 4211 777 4282 Ἐπειδὴ
797 4205 892 4266 οὖν
913 4212 1039 4275 τοὺς
1063 4208 1506 4280 προσκυνοῦντας
1529 4207 1680 4279 αύτῷ
1698 4206 1832 4270 Θεὸς

1931 4201 2076 4254 niam
2129 4200 2294 4271 igitur
2334 4200 2475 4257 Deus
2505 4205 2739 4260 cultores
2773 4221 2901 4262 suos
2943 4210 3156 4278 punivit
3200 4229 3298 4282 per
3339 4213 3513 4287 Baby-

249 4305 339 4359 διὰ
373 4303 736 4357 Βαϐυλωνίων
763 4303 1112 4372 ἐτιμωρεῖτο,
1145 4300 1409 4370 ποτήριον
1442 4297 1712 4369 μεθύσκον
1734 4297 1832 4351 αύ-

1933 4292 2128 4358 lonios,
2153 4293 2377 4349 calicem
2409 4295 2771 4351 inebriantem
2791 4314 2909 4353 eam
2931 4302 3222 4370 appellavit
3246 4322 3259 4368 ;
3286 4321 3510 4364 aureum

250 4398 350 4464 τὴν
394 4393 666 4464 κέκληκεν
691 4410 704 4424 ·
742 4391 980 4466 χρυσοῦν
1013 4391 1101 4455 δὲ,
1131 4391 1222 4445 διὰ
1250 4391 1342 4445 τὸν
1382 4392 1442 4443 ὲν
1482 4389 1620 4459 αὐτῇ
1667 4389 1833 4441 πλοῦ-

1131 4391 1222 4445 διὰ
1250 4391 1342 4445 τὸν
1382 4392 1442 4443 ὲν
1482 4389 1620 4459 αὐτῇ
1667 4389 1833 4441 πλοῡ-
1934 4400 2084 4448 vero,
2126 4395 2346 4456 propter
2379 4387 2498 4457 ejus
2527 4389 2767 4446 divitias.

252 4505 366 4541 τον.

331 4579 594 4647 «Ἔγειρε
641 4577 845 4648 Κύριος
887 4575 950 4630 τὸ
992 4575 1210 4645 πνεῦμα
1244 4572 1508 4644 βασιλέως
1538 4572 1757 4644 Μήδων.
1802 4591 1820 4623 ι
1861 4585 1905 4640 υ

1861 4585 1905 4640 υ
2006 4564 2064 4618 ν.
2102 4565 2190 4617 Η.
2233 4583 2251 4614 ‹
2293 4563 2590 4620 Suscitavit
2628 4563 2893 4621 Dominus
2935 4568 3188 4637 spiritum
3217 4573 3363 4644 regis
3399 4573 3514 4631 Ile-

253 4668 564 4742 ῐιροφητῶν
591 4670 626 4739 ἠ
655 4666 809 4738 φωνὴ
843 4664 1316 4738 εὐχαριστοῦντων
1334 4703 1349 4729 ,
1375 4664 1456 4718 δτι
1497 4662 1776 4733 ἑλυτρώθη
1805 4665 1834 4715 δ

1932 4655 2147 4710 dorum.
2198 4672 2215 4704 ι
2261 4653 2653 4723 Prophetarum
2696 4671 2798 4709 vox
2823 4659 3025 4726 gratias
3074 4660 3184 4714 Deo
3214 4665 3513 4732 agentium,

254 4760 385 4822 λαὸς
416 4759 517 4828 τῆς
560 4774 621 4812 τε
657 4756 778 4810 καθ’
803 4755 1047 4826 ἱστορίαν
1080 4753 1478 4826 αἰχμαλωσίας,
1509 4753 1603 4807 καὶ
1634 4752 1732 4822 τῆς
1771 4754 1837 4805 ὲκ

1931 4745 2074 4815 quod
2108 4744 2369 4800 liberatus
2398 4746 2469 4801 sit
2511 4745 2745 4817 populus
2787 4758 2842 4802 et
2878 4750 2947 4804 ab
3002 4750 3261 4808 historica
3287 4757 3516 4826 captivi-

257 4845 354 4900 τοῦ
391 4844 597 4915 κόσμου
631 4843 952 4916 συγχύσεως
973 4841 1063 4896 διὰ
1085 4841 1180 4896 τοῦ
1207 4842 1459 4914 Σωτῆρος
1487 4840 1646 4912 ἡμῶν
1662 4840 1833 4912 Ἰησοῦ

1932 4845 2067 4903 tate,
2090 4846 2144 4892 et
2169 4852 2200 4890 e
2228 4837 2417 4891 mundi
2443 4837 2767 4894 confusione
2785 4855 2885 4906 per
2907 4839 3245 4899 Salvatorem
3267 4856 3515 4903 nostrum

258 4933 522 5008 Χριστοῦ.

1929 4927 2114 4982 Jesum
2143 4928 2442 4984 Christum.

330 5043 353 5078 ι
384 5021 878 5100 κατασκηνοῦντας
925 5019 1011 5090 ἐφ’
1035 5019 1191 5073 ὕδασι
1233 5020 1472 5082 πολλοῖς.
1508 5039 1527 5072 ι
1566 5018 1675 5073 Τοῦ
1717 5020 1833 5072 Κύ-

2007 5019 2067 5074 ν.
2103 5019 2190 5072 15.
2237 5042 2254 5071 ς
2292 5018 2610 5076 Habitantes
2636 5020 2691 5076 in
2733 5022 2891 5093 aquis
2932 5025 3140 5082 multis.
3188 5045 3208 5080 ι
3242 5026 3369 5100 Cyri
3403 5031 3523 5101 qui-

258 5130 358 5183 ρου
379 5129 393 5141 θ
424 5113 559 5180 φασὶ
586 5111 643 5164 δὲ
674 5111 855 5182 ἕτεροι
885 5111 1136 5182 Δαρείου.
1173 5111 1309 5164 Καθ’
1335 5110 1599 5180 ἱστορίαν,
1631 5113 1699 5180 τῇ
1733 5127 1837 5165 πο-

1934 5110 2058 5165 dam
2080 5112 2266 5178 aiunt;
2298 5112 2389 5166 alii
2414 5112 2582 5167 Darii.
2613 5112 2695 5168 Ad
2728 5129 2954 5171 sensum
2989 5117 3334 5187 historicum,
3365 5123 3522 5192 copia

255 5204 561 5275 λυπληθείᾳ
603 5202 714 5257 τῶν
760 5201 994 5272 ἀνδρῶν,
1019 5201 1155 5272 πρὸς
1191 5201 1249 5254 δὲ
1281 5201 1553 5267 διάνοιαν,
1578 5203 1692 5264 τοῖς
1741 5205 1842 5275 τῆς

1474 5218 1553 5267 ιν,
1578 5203 1692 5264 τοῖς
1741 5205 1842 5275 τῆς
1939 5203 2260 5268 hominum;
2298 5203 2546 5274 mystice,
2577 5203 2911 5262 ﬂuxionibus
2940 5208 3140 5265 cordis.

261 5294 492 5365 καρδίας
524 5293 816 5364 ῥεύμασιν.

340 5385 496 5436 «Ὅτι
539 5381 725 5452 ὤμοσε
755 5380 962 5454 Κύριος
996 5381 1136 5435 κατὰ
1164 5379 1259 5435 τοῦ
1288 5380 1593 5453 βραχίονος.
1626 5400 1646 5434 ι
1682 5383 1838 5438 Κατὰ

2019 5377 2079 5432 V.
2137 5379 2224 5434 14.
2270 5398 2289 5430 ‹
2326 5378 2464 5445 Quia
2520 5378 2725 5450 juravit
2762 5379 3027 5437 Dominus
3086 5396 3186 5453 per
3235 5382 3519 5440 brachium

261 5477 363 5548 ⁴τῆς
389 5474 583 5529 ἑαυτοῦ
607 5475 915 5546 δυνάμεως.

1945 5484 2125 5524 suum.
2166 5488 2185 5521 ι
2219 5470 2323 5525 Per
2351 5485 2504 5525 suam
2535 5470 2815 5526 virtutem.

341 5586 361 5619 ε
389 5567 503 5620 Καὶ
529 5564 854 5636 φθίγξονται
881 5565 972 5621 tu!
1001 5564 1082 5622 σί.
1099 5583 1118 5618 ι
1161 5563 1307 5621 ’Δντὶ
1334 5563 1454 5632 τοῦ,
1488 5564 1835 5630 ὀνειδίζοντές

2021 5584 2042 5619 ε
2090 5567 2160 5624 Et
2191 5567 2486 5638 loquentur
2525 5581 2691 5638 super
2723 5575 2799 5625 te.
2826 5586 2845 5621 ι
2897 5566 3023 5635 Pro,
3059 5567 3155 5625 tibi
3182 5567 3523 5640 exprobrem

268 5677 353 5716 σε.
1944 5667 2045 5712 tes.

340 5850 385 5884 ³⁸
411 5850 432 5906 1
462 5848 608 5910 Petr.
633 5866 691 5921 ιι,
721 5850 773 5907 9.
