4218 6448
749 357 853 420 723

1838 369 2354 427 OLYMPIUDUlll
2394 369 2636 427 ALEXA
2650 369 2915 429 NDRINI

3912 370 4025 432 724

753 484 959 531 rursus,
991 472 1243 526 abstersit
1307 474 1447 527 Deus
1503 489 1716 526 omnem
1789 476 2075 544 Iacrymam
2119 492 2147 528 a
2189 475 2325 529 faeie

2434 477 2642 542 Ξιφεῖλεν
2671 479 2700 528 6
2730 477 2862 540 Θεὸς
2888 477 2996 530 πᾶν
3031 476 3266 546 δάκρυον
3293 477 3400 529 ἀπὸ
3434 477 3727 546 προσώπω
3764 477 3866 546 τῆς
3893 480 4024 545 γῆς,

751 571 926 613 terra;

830 648 884 704 ν.
919 652 1006 705 50.
1047 672 1065 704 ι
1105 653 1208 719 Qui
1235 656 1465 710 evaditis
1488 657 1556 711 de
1591 667 1753 712 terra.
1787 676 1805 707 ι
1836 656 1938 723 Qui
1973 668 2212 724 terrena,
2243 659 2326 713 in-

743 741 884 806 quit,
941 742 1255 812 reliquistis,
1281 762 1500 816 semper
1545 749 1599 801 in
1650 749 1850 802 virtute
1897 750 2182 819 proﬁcite;
2227 768 2330 807 nec

745 831 1091 889 subsistatis:
1122 836 1225 890 Sed
1250 842 1461 901 currite,
1495 851 1550 893 ut
1571 843 2016 910 comprehendatis
2030 844 2096 896 “.

825 941 843 972 ι
881 923 983 988 Qui
1015 927 1083 980 de
1115 929 1294 998 longe.
1323 949 1354 1027 ρ
1385 930 1488 996 Qui
1521 933 1649 986 olim
1694 935 1884 1002 procul
1919 951 1946 988 a
1983 935 2114 994 Deo.
2153 936 2330 991 idolo-

750 1029 868 1069 rum
892 1019 1149 1073 cultores.

821 1123 839 1153 ι
880 1106 943 1159 Et
987 1107 1310 1165 Jerusalem.
1359 1132 1375 1162 ι
1428 1113 1817 1186 Hierosolymis
1862 1118 2082 1184 quidem
2123 1118 2330 1171 sacrifi—

746 1199 944 1253 cabant
999 1201 1170 1258 Juin
1224 1225 1236 1258 :
1288 1207 1445 1274 jubet
1503 1224 1633 1262 vero
1686 1210 1952 1264 visionem
2003 1211 2185 1279 pacis,
2231 1211 2333 1266 boc

748 1304 984 1358 namque
1032 1293 1335 1350 Jerusalem
1387 1299 1794 1367 interpretatur,
1835 1300 2133 1353 ascendere
2169 1315 2334 1367 super

749 1380 986 1436 ﬁdelium
1018 1400 1131 1452 cor,
1176 1398 1233 1441 ut
1270 1404 1454 1457 pacem
1492 1391 1724 1446 habeant
1777 1392 1845 1446 ad
1884 1394 2072 1458 Deum,
2096 1409 2216 1462 qua:
2259 1394 2332 1448 illi

747 1474 948 1540 placita
980 1490 1292 1546 operantes.

821 1564 880 1619 V.
924 1568 1012 1622 5i.
1147 1573 1446 1641 (Iooperuit
1495 1575 1810 1644 ignominia.
1849 1594 1866 1625 ι
1927 1575 2009 1629 Ad
2070 1577 2332 1638 litteram.

745 1659 891 1726 quod
926 1661 1108 1716 lt0stcs
1141 1664 1192 1716 in
1229 1680 1441 1718 sacrum
1472 1667 1732 1736 templum
1779 1668 2010 1740 ingressi
2040 1682 2188 1732 sunt,
2215 1687 2332 1741 my--

2511 703 2528 734 ι
2554 683 2984 754 Ἀνασωζόμενοι
3027 685 3091 736 ὲκ
3137 685 3260 755 γῆς.
3293 703 3312 736 ι
3351 687 3411 737 Ol
3434 685 3542 738 τῶν
3571 687 3797 755 γηΐνων,
3825 689 4021 757 φησιν,

2430 775 2768 838 ἀποστάντες
2795 814 2809 838 ,
2865 775 2953 828 ἀεὶ
3000 778 3341 846 προκόπτετε
3395 777 3474 839 εἰς
3522 779 3744 847 ἀρετὴν,
3794 779 3892 829 καὶ
3948 778 4026 848 μὴ

2435 866 2675 931 ῖστασθε,
2700 867 2865 920 ἀλλὰ
2902 869 3161 937 τρέχετε,
3197 869 3300 921 ἵνα
3324 869 3721 935 καταλάϐητε.

2509 975 2526 1008 ι
2559 959 2620 1009 Ol
2650 960 2942 1028 μακρόθεν.
2977 979 2995 1010 ι
3031 961 3092 1012 Ui
3130 959 3296 1013 πάλαι
3327 959 3420 1013 τοῦ
3457 959 3594 1013 Θεοῦ
3631 960 3913 1030 μακρόθεν
3943 960 4028 1011 εί-

2432 1051 2669 1104 δοιλολάτ
2677 1069 2791 1121 ραι.

2510 1164 2526 1195 ι
2560 1144 2668 1195 Καὶ
2703 1141 3080 1213 Ἰερουσαλήμ.
3110 1163 3126 1194 ι
3147 1139 3236 1195 Ἑν
3261 1142 3362 1211 μὲν
3385 1145 3450 1212 τῇ
3479 1139 3842 1212 Ἰερουσαλὴμ
3864 1140 4030 1193 ἔθυον

2447 1235 2685 1288 Ἰουδαῖοι
2707 1251 2720 1264 ⁸
2749 1234 2959 1288 κελεύει
2987 1235 3043 1287 δὲ
3072 1235 3171 1306 τὴν
3202 1235 3394 1305 ὅρασιν
3435 1234 3531 1303 τῆς
3563 1235 3787 1301 εἰρήνης
3809 1245 3824 1259 °
3861 1231 4032 1285 τοῦτο

2434 1329 2542 1396 γὰρ
2586 1328 2950 1398 ἑρμηνεύεται
2987 1327 3378 1397 Ἰερουσαλήμ·
3431 1324 3750 1379 ἀναϐαίνειν
3792 1326 3876 1385 είς
3928 1323 4032 1384 τάς

2434 1419 2543 1470 τῶν
2590 1415 2798 1471 πιστῶν
2840 1417 3088 1488 καρδίας,
3121 1415 3208 1470 ἵνα
3235 1416 3562 1486 είρηνεύωσι
3595 1413 3731 1483 πρὸς
3772 1413 3912 1466 Θεὸν
3962 1412 4032 1464 τά

2434 1507 2640 1577 ἀρεστά
2662 1506 2811 1577 αὺτῷ
2842 1505 3142 1569 ποιοῦντες.

2514 1617 2533 1649 ι
2562 1598 2955 1667 Κατεκάλυψεν
3001 1597 3216 1668 ἀτιμία.
3253 1617 3273 1651 ι
3310 1597 3453 1667 Πρὸς
3512 1597 3610 1666 μὲν
3641 1596 3700 1648 τὺ
3728 1594 3917 1665 ῥητὸν,
3943 1594 4030 1646 δτι

2437 1691 2516 1753 είς
2564 1690 2657 1745 τὸν
2702 1689 2846 1744 θεῖον
2898 1689 3023 1742 ναὸν
3072 1689 3320 1759 εἰσῆλθον
3371 1689 3420 1740 οἱ
3463 1686 3752 1755 πολέμιοι·
3780 1685 3922 1754 πρὸς
3973 1684 4030 1734 δὲ

746 1750 1071 1821 stice,quod
1117 1754 1316 1823 impuri
1357 1757 1634 1813 daemones
1690 1759 1744 1813 in
1793 1761 1990 1814 animae
2033 1763 2327 1831 penetralia

2436 1750 2699 1844 διάνοιαν,
2728 1784 2822 1839 ὅτι
2865 1783 2946 1845 είς
2993 1781 3062 1833 τά
3108 1750 3277 1834 ἄδυτα
3325 1781 3423 1850 τῆς
3456 1750 3634 1848 ψυχῆς
3681 1774 3935 1844 ἒσκηψαν
3979 1775 4032 1826 οἱ

745 1845 1040 1914 irrepserin
1053 1890 1084 1903 ..

820 1939 879 1993 ν.
915 1943 1001 1995 55.
1055 1963 1071 1994 ι
1109 1945 1174 1998 Et
1220 1947 1476 2014 perdidit.
1519 1968 1537 2000 ι
1561 1951 1641 2003 Ad
1670 1951 1926 2017 litteram,
1966 1953 2332 2008 multitudinis

2434 1873 2737 1944 ἀκάθαρτοι
2760 1875 3036 1944 δαίμονες.

2509 1986 2527 2019 ι
2555 1966 2667 2024 Καὶ
2697 1965 3002 2021 ἀπώλεσεν.
3030 1983 3049 2016 ι
3088 1963 3232 2034 Πρὸς
3265 1963 3365 2032 μὲν
3396 1961 3456 2016 τὸ
3480 1959 3666 2032 ῥητὸν,
3697 1959 3796 2028 τῆς
3825 1960 3892 2010 ὲκ
3915 1957 4030 2010 τῶν

743 2032 970 2087 deorum
993 2051 1054 2086 cx
1095 2037 1446 2104 hominibus;
1478 2042 1796 2110 spiritaliter
1831 2061 1982 2106 vero,
2002 2061 2109 2116 qua
2141 2063 2326 2102 vocem

2434 2057 2737 2128 ἀνθρώπων
2763 2056 3060 2119 πολυθεϊας
3083 2073 3098 2087 ·
3132 2032 3269 2126 πρὸς
3299 2055 3356 2108 δὲ
3389 2054 3654 2113 διάνοιαν,
3678 2051 3763 2103 ὅτι
3785 2051 4032 2120 ἀνέκρα-

743 2124 1004 2181 tollebant
1032 2127 1436 2187 debacchantes
1468 2132 1653 2188 lurore
1687 2135 2016 2192 daemonum.

813 2215 876 2268 V.
931 2217 1018 2270 58.
1083 2238 1100 2270 i
1165 2221 1293 2276 Haec
1347 2223 1481 2278 dicit
1527 2225 1811 2283 Dominus.
1873 2250 1890 2282 ι
1954 2229 2182 2286 Satanas
2235 2234 2326 2304 qui

2431 2147 2524 2208 ζον
2557 2147 3017 2218 ὲκβακχευόμενοι
3048 2145 3154 2199 ὑπὸ
3185 2145 3296 2197 τῶν
3329 2145 3619 2213 δαιμόνων.

2507 2257 2524 2288 ι
2558 2238 2696 2292 Τάδε
2745 2240 2892 2307 λέγει
2929 2239 3155 2310 Κύριος.
3190 2258 3207 2289 ι
3247 2238 3304 2290 '0
3331 2238 3574 2297 Σατανᾶς
3611 2236 3733 2288 καθ’
3765 2236 3892 2303 ὅλης
3923 2233 4036 2302 τῆς

739 2326 837 2379 per
871 2322 1044 2366 totum
1099 2325 1368 2370 terrarum
1415 2319 1602 2374 orbem
1653 2319 1776 2376 fana
1828 2323 2094 2378 idolorum
2135 2342 2327 2381 erexe-

2434 2329 2760 2398 οίκουμένης
2786 2331 2855 2383 τὰ
2884 2330 3086 2400 τεμένη
3114 2327 3348 2381 εἰδώλων
3386 2327 3627 2397 ἱδρύσας.

741 2411 842 2456 rat.

812 2491 873 2546 V.
941 2496 1024 2549 '39.
1085 2514 1100 2546 ι
1151 2495 1214 2550 Et
1275 2509 1463 2567 portae.
1509 2520 1527 2550 ι
1561 2500 1694 2568 Qme
1751 2505 1803 2556 in
1864 2507 2165 2573 perniciem
2223 2509 2329 2563 du-

741 2596 872 2640 eunt
909 2588 1054 2643 :hoc
1105 2605 1233 2644 vero
1274 2591 1515 2661 perfecte
1546 2595 1686 2649 litin
1729 2597 2020 2652 universali
2067 2614 2328 2656 consum-

741 2679 997 2734 litatione.

817 2788 834 2820 ι
882 2771 946 2824 Ει
983 2788 1094 2827 non
1133 2776 1476 2831 laborabunt.
1528 2797 1546 2829 ι
1595 2779 1909 2851 Babylonio,
1942 2783 2026 2836 vel
2051 2785 2212 2838 etiam
2240 2801 2327 2838 er—

739 2875 847 2914 rori
874 2863 1268 2919 servientes.—
1289 2866 1406 2920 Non
1433 2867 1704 2932 delicient,
1732 2870 1846 2923 ait:
1879 2885 1981 2924 vox
2004 2874 2173 2936 enim,
2202 2891 2325 2939 non,

736 2955 1047 3008 communis
1091 2957 1309 3027 utrique
1349 2967 1472 3023 est;
1519 2960 1622 3014 sub
1665 2959 2084 3030 Babyloniorum
2141 2971 2325 3032 tyran-

2506 2523 2524 2555 ι
2561 2507 2667 2556 Καὶ
2702 2506 2759 2557 αἱ
2797 2505 2984 2556 πύλαι.
3014 2523 3030 2554 ι
3060 2503 3123 2556 Αἱ
3146 2503 3460 2570 ἀπάγουσαι
3489 2501 3568 2563 είς
3591 2503 3692 2569 τὴν
3718 2498 4029 2554 ἀπώλειαν·

2430 2596 2591 2648 τοῦτο
2630 2595 2686 2646 δὲ
2722 2595 2944 2656 τελείως
2980 2594 3190 2660 γίνεται
3223 2595 3280 2645 ἐν
3315 2594 3378 2662 τῇ
3415 2591 3649 2644 καθόλου
3683 2589 3992 2659 συντελείᾳ.

2506 2812 2524 2844 ι
2554 2793 2631 2845 Οὐ
2665 2792 3017 2856 κοπιάζουσι.
3038 2810 3057 2843 ι
3079 2791 3173 2861 Τῷ
3199 2790 3547 2859 Βαϐυλωνίῳ,
3569 2790 3601 2857 ἢ
3625 2788 3720 2842 καὶ
3750 2789 3815 2856 τῇ
3842 2787 4033 2857 πλάνῃ

2428 2886 2793 2948 δουλεύοντες.
2833 2913 2904 2925 -
2935 2885 3053 2938 Οὐκ
3092 2883 3428 2952 ἐπιλείψουσι,
3461 2881 3626 2950 φησι·
3662 2879 3724 2932 τὸ
3766 2881 3898 2948 γὰρ,
3929 2878 4031 2943 οὗ,

2430 2978 2575 3032 κατά
2598 2977 2779 3032 κοινοῦ
2810 2979 3017 3031 κεῖταιο
3053 2977 3159 3030 ὑπὸ
3186 2978 3287 3046 τῆς
3322 2977 3500 3047 ἀρχῆς
3527 2974 3638 3026 τῶν
3664 2971 4034 3026 Βασυλωνίων

740 3045 887 3107 nide,
921 3047 1004 3100 vel
1052 3047 1224 3117 ipsius
1269 3048 1482 3104 Satana:
1518 3051 1822 3105 constituti.
1858 3050 2104 3122 Namque
2134 3069 2327 3109 omnes

2434 3067 2882 3138 τυραννούμενοι,
2919 3069 2952 3138 ἢ
3003 3068 3098 3120 καὶ
3130 3045 3600 3120 τοῦγΣατανᾶΠΕν
3651 3063 3756 3130 γὰρ
3802 3061 4036 3131 Χριστῷ

739 3137 790 3189 in
816 3137 1032 3193 Christo
1061 3139 1194 3194 Jesu
1224 3140 1663 3197 viviﬁcabuntur.

810 3229 870 3283 V.
918 3230 1004 3285 59.
1043 3249 1063 3281 ι
1102 3231 1171 3286 Ut
1196 3233 1403 3288 diceret
1432 3233 1615 3288 Sareze
1675 3253 1694 3285 ι
1751 3234 1894 3288 Misit
1925 3235 2183 3290 Sedecias
2219 3234 2323 3289 Sa-

739 3335 888 3374 ream
931 3321 1188 3391 legatum.
1234 3339 1456 3377 munera
1499 3323 2018 3380 Nabuchodonosori
2073 3326 2324 3380 deferen-

739 3420 866 3464 tem.
903 3410 1001 3465 Hic
1022 3413 1222 3466 dicitur
1249 3429 1367 3468 esse
1402 3414 1633 3468 Barueh.

814 3500 873 3554 V.
900 3502 989 3558 6|.
1020 3521 1039 3554 ι
1077 3504 1143 3558 Ει
1168 3506 1299 3559 dixit
1338 3505 1600 3561 Jeremias
1627 3508 1692 3559 ad
1737 3505 1977 3561 Saream.
2015 3526 2032 3557 ›
2070 3506 2164 3561 Hic
2193 3510 2325 3563 diei-

738 3603 828 3647 tur
889 3611 1012 3649 csse
1058 3597 1289 3663 Barucb,
1349 3599 1433 3652 cui
1482 3600 1781 3653 secundum
1835 3600 2063 3670 gratiam
2126 3617 2322 3655 nomen

739 3695 1009 3741 mutatum
1034 3698 1136 3743 est:

1375 3782 1528 3837 CAP.
1577 3783 1684 3837 LII.

809 3871 874 3927 ἲ.
904 3874 950 3927 l.
978 3894 996 3925 ε
1039 3873 1170 3928 Filia
1196 3875 1468 3930 Jeremiaa.
1507 3895 1527 3927 ι
1559 3877 1682 3931 Non
1713 3877 2012 3948 propheta.
2040 3876 2322 3933 Traditum

737 3966 940 4035 quippe
976 3975 1060 4021 est
1093 3968 1360 4038 virginem
1405 3968 1572 4023 fuisse
1599 3971 1949 4040 prophetam.
1995 3980 2054 4025 ut
2079 3971 2172 4041 qui
2204 3973 2324 4040 jus-

738 4073 833 4112 sus
857 4067 974 4112 erat
1005 4074 1230 4114 uxorem
1263 4075 1372 4114 non
1401 4061 1605 4114 ducere
1641 4075 1671 4115 a
1705 4059 1892 4116 Deo".
1925 4062 1991 4116 Et
2023 4070 2176 4130 pater
2202 4063 2326 4132 qui-

739 4154 864 4205 dem
892 4151 1039 4206 illius
1065 4153 1132 4206 de
1165 4153 1405 4218 Lobeua,
1432 4154 1696 4223 propheta
1725 4168 1859 4209 vero
1885 4169 1951 4209 ex
1996 4155 2276 4209 Anathoth
2308 4173 2321 4209 :

742 4243 906 4310 hujus
940 4243 1272 4298 mentionem
1316 4244 1510 4300 factam
1551 4245 1792 4315 reperies
1830 4252 1886 4300 et
1916 4246 1972 4299 in
2010 4244 2115 4299 ﬁne
2148 4246 2324 4314 quarti

739 4338 859 4389 libri
889 4335 1118 4407 Regum.

815 4426 875 4481 V.
938 4427 991 4481 9.
1049 4447 1066 4479 ι
1121 4427 1188 4481 Ει
1248 4430 1460 4484 locutus
1514 4438 1598 4483 est
1633 4429 1702 4484 ei.
1763 4454 1781 4487 ι
1839 4428 1992 4482 Juste
2022 4427 2090 4482 de
2124 4427 2214 4481 illo
2239 4429 2327 4497 ju-

2355 3167 2399 3224 α
2445 3154 2624 3225 Ἰησοῦ
2653 3156 2852 3216 πάντες
2889 3155 3417 3224 ζωοποιηθήσονται.

2516 3266 2530 3296 1
2563 3247 2750 3300 Είπεῑν
2795 3245 2873 3317 τῷ
2920 3247 3150 3317 Σαραία.
3185 3265 3202 3295 ι
3244 3247 3533 3315 Ἔπεμψεν
3563 3248 3591 3299 6
3623 3248 3879 3308 Σεδεκίας
3936 3250 4032 3300 τὸν

2437 3337 2645 3408 Σαρὲαν
2681 3336 3044 3407 πρεσϐευτὴν,
3074 3336 3223 3404 δῶρα
3253 3336 3546 3404 κομίζοντα
3575 3335 3651 3404 τῷ
3680 3335 4028 3405 Ναϐουχοδο-

2439 3428 2616 3497 νόσορ.
2647 3420 2816 3491 Οὗτος
2845 3428 3058 3496 λέγεται
3100 3424 3242 3480 εἶναι
3267 3430 3295 3479 6
3326 3426 3564 3497 Βαρούχ.

2513 3539 2530 3570 ι
2565 3521 2675 3572 Καὶ
2704 3517 2856 3573 εἶπεν
2892 3519 3160 3590 Ἱερεμίας
3199 3519 3329 3589 πρὸς
3359 3518 3618 3587 Σαραίαν.
3656 3537 3672 3566 ι
3722 3513 3893 3582 Οὗτος
3940 3521 4030 3571 λε-

2437 3630 2591 3681 γεται
2622 3609 2759 3666 εἶναι
2781 3614 2808 3665 6
2840 3614 3076 3681 Βαροὺχ,
3109 3613 3251 3664 κατά
3276 3611 3438 3679 χάριν
3474 3609 3990 3679 μετωνομασμένος.

3017 3786 3263 3837 ΚΕΦΑΛ.
3311 3784 3431 3836 NB’.

2513 3898 2532 3929 ι
2563 3877 2823 3946 Θυγάτηρ
2855 3876 3144 3946 Ἰερεμίου.
3178 3893 3196 3925 ι
3238 3876 3310 3928 Οὐ
3345 3875 3436 3927 τοῦ
3477 3875 3782 3944 προφήτου.
3812 3875 4030 3943 Παρθέ-

2435 3987 2524 4031 νος
2556 3970 2666 4039 γὰρ
2709 3971 3002 4037 ἱστορεῖται
3037 3963 3176 4021 εἷναι
3204 3968 3232 4019 6
3261 3967 3570 4035 προφήτης,
3599 3965 3676 4026 ὡς
3703 3965 4031 4028 κελευσθεὶς

2437 4061 2541 4112 ὑπὸ
2566 4059 2660 4112 τοῦ
2687 4058 2821 4112 Θεοῦ
2854 4059 2929 4129 μὴ
2958 4057 3156 4128 γῆμαι.
3192 4058 3302 4110 Καὶ
3334 4059 3362 4109 6
3401 4056 3503 4125 μὲν
3534 4056 3716 4125 πατὴρ
3741 4055 3918 4124 αὐτῆς
3965 4058 4031 4108 ὲκ

2435 4151 2663 4216 Λοόενά,
2694 4153 2722 4203 6
2766 4149 2824 4202 δὲ
2874 4153 3160 4220 προφήτης
3203 4147 3262 4212 ἐξ
3294 4144 3535 4200 Ἀναθὼθ
3558 4161 3573 4177 ·
3605 4147 3810 4213 ταύτην
3853 4147 4028 4216 εὑρή-

2438 4261 2553 4307 σεις
2588 4245 2681 4297 καὶ
2713 4245 2772 4298 ιν
2796 4243 2876 4316 τῷ
2905 4243 3050 4297 τέλει
3083 4242 3183 4313 τῆς
3217 4240 3484 4311 τετάρτης
3512 4238 3622 4292 τῶν
3656 4238 3986 4292 Βασιλειῶν.

2515 4439 2533 4470 ι
2565 4421 2672 4474 Καὶ
2711 4419 2974 4489 ἐλάλησεν
2998 4417 3166 4486 αὐτῷ.
3198 4436 3218 4466 ι
3267 4415 3520 4475 Ἑνδίκως
3569 4414 3731 4467 αὑτὸν
3777 4413 4022 4483 ἔκρινεν,

739 4523 957 4582 dicavit.
1017 4533 1076 4576 ut
1113 4523 1470 4593 jurisjurandi
1511 4524 1567 4577 in
1640 4522 1843 4593 templo
1885 4520 2116 4576 exhibiti
2151 4521 2324 4575 viola-

2434 4517 2502 4578 ῶς
2533 4512 2959 4584 παραϐεϐηκότα
2988 4509 3088 4573 τὰς
3114 4511 3173 4561 ὲν
3204 4506 3281 4578 τῷ
3310 4506 3440 4576 θείῳ
3468 4507 3580 4575 ναῷ
3607 4505 3986 4574 ὁρκωμοσίας.

744 4624 882 4665 tore.

817 4705 877 4756 ν.
911 4705 994 4759 ll.
1032 4724 1050 4756 ι
1085 4705 1151 4758 Et
1174 4706 1359 4760 oculos
1390 4705 1629 4760 Sedecia'.
1667 4706 1829 4760 eruit.
1862 4723 1881 4756 ι
1908 4704 1982 4760 Ut
2011 4711 2330 4773 operaretur

743 4797 793 4848 in
839 4797 1085 4864 pistrino.

817 4883 878 4936 ν.
919 4887 1002 4939 l7.
1039 4904 1058 4935 ι
1113 4886 1178 4941 Et
1234 4886 1411 4942 bases.
1453 4907 1471 4939 ι
1534 4889 1955 4958 Receptaculum
2004 4896 2122 4942 erat
2149 4901 2324 4955 aqum,

741 4983 1073 5044 propterque
1100 4977 1218 5047 ejus
1245 4979 1603 5047 capacitatem
1627 4994 1778 5033 mare
1802 4987 2074 5033 vocatum.

815 5065 875 5115 V.
907 5064 993 5116 24.
1029 5085 1046 5117 ι
1085 5065 1150 5120 Et
1178 5076 1309 5123 tres.
1348 5087 1365 5118 ι
1400 5069 1700 5123 Janitorum
1737 5067 2040 5137 praefectos.

818 5218 881 5295 ν]
937 5243 1027 5297 25.
1069 5262 1086 5294 ι
1144 5245 1210 5298 Et
1260 5246 1511 5300 scribam.
1555 5267 1573 5297 ι
1621 5246 1844 5300 Tributa
1901 5245 2322 5307 describentem,

744 5337 1217 5407 ingredientesque
1243 5348 1404 5408 atque
1432 5339 1777 5410 egredientes
1803 5338 1870 5391 ad
1901 5338 2124 5391 bellum.
2152 5336 2318 5390 Com-

743 5428 918 5482 lmstis
947 5428 1151 5483 scilicet
1192 5437 1247 5482 et
1287 5426 1507 5498 reliquis
1550 5430 1805 5483 omnibus
1835 5429 2002 5482 sacris
2032 5428 2176 5482 vasis
2204 5443 2324 5495 quae

744 5522 1012 5587 asportari
1070 5522 1283 5575 diﬁicilc
1332 5533 1599 5590 poterant.
1638 5523 1736 5576 Per
1765 5524 1879 5576 haec
1924 5521 2200 5576 crassities
2231 5536 2324 5574 co-

743 5614 941 5668 lumna:
968 5615 1300 5684 explicatur.

830 5811 868 5836 εί
895 5806 937 5858 ΙΙ
973 5807 1102 5865 (lor.
1129 5824 1199 5865 Ix,
1235 5811 1319 5860 ξεῖ.
1406 5810 1443 5836 ¹⁷
1483 5810 1679 5865 Jel'rm.
1718 5827 1826 5874 nm,
1861 5812 1902 5863 l.

2510 4713 2528 4745 ι
2559 4695 2667 4747 Καὶ
2691 4691 2818 4754 τοὺς
2839 4690 3152 4758 ὀφθαλμοὺς
3178 4686 3430 4740 Σεδεκίου
3455 4683 3822 4751 ἐξετύφλωσε.
3849 4701 3867 4732 ι
3892 4682 4026 4748 Ἐρ-

2432 4785 2697 4856 γάζεσθαι
2724 4787 2782 4837 ἐν
2804 4783 2882 4854 τῷ
2907 4782 3134 4851 μύλωνι.

2509 4897 2527 4930 ι
2554 4877 2663 4931 Καὶ
2691 4875 2790 4938 τὰς
2825 4875 3029 4944 βάσεις.
3057 4889 3075 4932 ι
3113 4871 3328 4940 Δοχεῖον
3357 4863 3425 4938 ἦν
3462 4866 3673 4932 ὓδατος,
3705 4865 3794 4918 διά
3824 4867 3887 4918 τὸ
3919 4883 4022 4915 πο-

2432 4967 2747 5040 λυχώρητον
2778 4967 3019 5021 θάλασσα
3053 4963 3406 5033 καλούμενον.

2511 5060 2664 5112 «Kal.
2711 5060 2838 5119 τοὺς
2882 5058 3049 5127 τρεῖς.
3082 5074 3100 5105 ι
3134 5055 3275 5115 Τοὺς
3330 5053 3632 5112 amnem;
3677 5049 3788 5100 τῶν
3834 5051 4021 5116 θυρω-

2438 5165 2547 5219 ρων
2561 5195 2570 5204 .

2506 5260 2523 5290 ι
2546 5240 2654 5294 Καὶ
2669 5240 2757 5290 τὸν
2781 5235 3132 5307 γραμματέα.
3148 5234 3282 5286 »Τὸν
3302 5232 3757 5303 ἀπογραφόμενον
3773 5231 3840 5283 τά
3859 5233 4015 5300 τέλη,

2429 5333 2524 5386 καὶ
2571 5333 2695 5392 τοὺς
2727 5330 2990 5390 είσιόντας
3021 5328 3114 5380 καὶ
3166 5328 3293 5389 τοὺς
3328 5325 3567 5389 ἐξιόντας
3598 5325 3676 5386 είς
3717 5323 3808 5374 τὸν
3854 5323 4016 5375 πόλε-

2437 5441 2555 5496 μον.
2580 5421 2946 5482 Κατακαύσας
2980 5419 3220 5489 δηλονότι
3249 5417 3340 5471 καὶ
3371 5417 3439 5468 τά
3464 5416 3598 5468 ἄλλα
3631 5415 3811 5468 πάντα
3843 5412 4016 5482 σκεύη

2434 5517 2502 5569 τὰ
2535 5515 2654 5585 ἱερά
2690 5516 2758 5565 τὰ
2804 5511 3305 5578 δυσκατακὸμιστα.
3344 5508 3609 5562 Τοσοῦτον
3647 5505 3907 5576 δηλοῦτιι
3953 5506 4021 5557 τὸ

2441 5611 2611 5676 πάχος
2645 5606 2738 5658 “cu-3
2779 5604 2983 5657 στύλου.
