4218 6448
209 381 316 444 7‘35

1221 385 1688 447 FRAGMENTA
1723 385 1803 444 IN
1851 384 2124 445 JEREM.
2161 383 2486 442 LAMENT.

3383 379 3486 443 796

287 509 308 543 ι
331 491 420 544 Ἑν
451 493 520 562 γῇ
553 490 753 563 Ἦμάθ.
783 511 800 544 ι
839 492 1019 563 Ήμάθ
1056 494 1090 564 ἡ
1115 492 1210 547 νῦν
1238 494 1554 564 καλουμένη
1587 493 1789 546 Ἀντιό-

1964 492 2026 546 ν.
2085 491 2176 545 27.
2232 509 2250 540 ι
2311 489 2367 542 In
2410 499 2548 543 terra
2590 487 2804 542 Etnath.
2852 507 2867 538 ι
2907 489 3101 542 Emath
3162 506 3281 559 quae
3341 509 3484 548 nunc

210 601 331 652 χεια
353 601 366 615 ο
394 585 637 640 Δεσλαθά
656 587 712 640 δὲ
743 588 804 640 τὸ
829 587 1034 657 ταύτης
1067 587 1392 656 προάστειον
1419 589 1452 658 ἡ
1480 588 1689 657 Δάφνη.

289 780 308 813 ι
325 763 553 816 Ἔλαϐεν
588 765 1040 836 Ούλαιμαδάχαρ.
1076 784 1093 816 ι
1117 765 1336 836 Ἐπειδὴ
1357 767 1413 820 δὲ
1436 768 1483 818 οἱ
1512 765 1795 836 αίχμάλωυ

212 870 296 904 τοι
329 855 480 907 κάτω
512 854 760 908 νεύουσιν
800 857 904 910 ὑπὸ
931 856 1028 925 τῆς
1063 859 1370 926 συμφορᾶς,
1403 856 1599 918 ἔλαϐε.
1638 858 1794 928 φησὶ,

214 943 316 1013 τὴν
341 944 616 1013 κεφαλὴν
642 946 852 1011 αὑτοῦ,
889 948 1011 1000 ἀντὶ
1036 946 1154 1012 τοῦ,
1179 948 1530 1018 ἀνώρθωσεν,
1557 948 1796 1016 ὖιιωσεν.

215 1036 328 1090 ἀνω
380 1037 600 1103 βλέπειν
655 1040 1089 1110 παρεσκεύασεν.
1132 1039 1220 1102 Ὠς
1262 1044 1354 1094 καὶ
1398 1041 1562 1094 Δασὶδ
1609 1041 1757 1109 λέγει
1785 1058 1797 1069 ·

227 1127 374 1182 Ἰδοὺ
407 1129 617 1198 ὕψωσε
648 1130 925 1199 κεφαλήν
963 1148 1085 1200 μου
1130 1131 1223 1184 ἐπ’
1245 1132 1497 1202 ἐχθρούς
1519 1150 1660 1201 μου.
1701 1133 1795 1194 Τὸ,

215 1220 438 1274 ἔλασεν
468 1221 593 1275 ἀντὶ
618 1221 737 1287 τοῦ,
769 1221 1016 1292 ὕψωσεν,
1048 1223 1125 1288 ῶς
1173 1225 1231 1278 ιν
1277 1223 1357 1294 τῷ
1402 1224 1549 1278 τέλει
1575 1224 1676 1292 τῆς
1711 1240 1801 1277 τε·

214 1312 422 1383 τάρτης
449 1313 557 1366 τῶν
575 1312 872 1370 Βασιλειῶν
896 1333 1083 1387 φησιν.

287 1492 331 1524 ⁸⁸
411 1491 553 1548 Psal.
581 1508 660 1558 Ill,
685 1495 737 1549 4.

1901 585 2187 640 Antiochia
2238 592 2501 648 vocatur;
2547 583 2767 636 Deblata
2821 597 2951 635 vero
2996 584 3116 651 ejus
3163 585 3483 638 suburbium

1902 676 2145 743 Daphne.

1975 767 2036 820 V.
2069 768 2157 820 3l.
2208 786 2225 817 ι
2255 765 2476 834 Accepit
2521 763 2930 819 Vallcbardach.
2969 786 2985 815 ι
3049 765 3315 831 Quoniam
3360 784 3487 819 vero

1901 858 2098 929 captivi
2128 858 2383 912 deorsum
2413 864 2660 926 spectant
2699 857 2934 911 miseriis
2966 859 3236 927 Oppressi,
3263 861 3483 928 accepit,

1902 950 2096 1020 inquit.
2131 958 2289 1017 caput
2323 949 2486 1012 illius,
2524 949 2626 1002 hoc
2652 959 2736 1003 cst
2769 951 2963 1010 erexit.
2996 951 3248 1016 elevavit,
3281 963 3340 1007 ut
3365 969 3486 1007 sur-

1897 1059 2016 1097 sum
2045 1042 2253 1096 videret
2274 1039 2492 1095 eﬂecit:
2528 1040 2685 1095 sicuti
2712 1049 2766 1094 et
2796 1040 2964 1095 David
2991 1042 3070 1096 ait
3100 1059 3113 1094 :
3149 1041 3282 1096 Ecce
3306 1043 3490 1097 eleva-

1895 1136 1968 1188 vit
2018 1141 2174 1202 caput
2235 1149 2406 1186 meum
2457 1147 2614 1200 super
2656 1133 2899 1185 inimicos
2957 1150 3096 1186 mcos
3119 1133 3184 1188 ³⁸.
3252 1134 3487 1202 Accepit,

1897 1227 1949 1280 id
2007 1236 2110 1291 est,
2164 1223 2431 1288 elevavit,
2485 1232 2544 1279 ut
2599 1223 2652 1276 in
2713 1222 2821 1279 line
2866 1224 3046 1294 quarti
3079 1225 3488 1297 ltegumhabe~

1902 1325 2014 1374 tur.

245 1690 3452 1719 —‘—_———__———_——_—'—-———-_—————-——

445 1875 1147 1966 FRAGMENTA
1268 1877 1396 1965 IN
1514 1878 2082 1966 JEREMl/E
2206 1878 3266 1972 LAMENTATIONES.

757 2248 1151 2303 ΚΕΦΔΔΑΙΟΝ
1191 2252 1270 2301 A'.

303 2367 320 2398 ι
355 2348 460 2401 Καὶ
491 2345 730 2414 ἐγένετο.
762 2363 780 2395 ι
812 2343 1014 2414 Θρηνεῖ
1043 2342 1142 2412 μὲν
1196 2340 1338 2395 κατά
1372 2342 1473 2412 τὴν
1509 2342 1752 2412 ίστορίαν
1777 2345 1806 2397 ό

225 2442 513 2512 προφήτης
530 2439 629 2509 τὴν
651 2439 768 2492 τότε
790 2437 889 2506 τῆς
915 2436 1269 2508 Ἰερουσαλὴμ
1286 2437 1590 2506 γινομένην
1607 2437 1804 2506 αίχμα-

230 2533 454 2595 λωσίαν,
476 2531 832 2602 προφητικῶς
857 2529 915 2582 δὲ
947 2530 1038 2582 καὶ
1064 2527 1428 2598 ἀληθέστερον
1445 2529 1546 2598 τὴν
1568 2529 1660 2580 ἰπὶ
1677 2529 1806 2581 Ῥω-

232 2625 407 2695 μαίων
437 2625 572 2695 αὐτῇ
611 2621 894 2693 συμϐᾶσαν
922 2620 1011 2674 διὰ
1049 2621 1145 2690 τὴν
1180 2619 1272 2672 τοῦ
1305 2619 1541 2690 Χριστοῦ
1566 2621 1807 2691 παράνο-

232 2735 334 2784 μον
361 2718 586 2786 τόλμαν.
605 2716 754 2768 Ἑκεῖ
785 2714 882 2784 μὲν
911 2713 1022 2783 γὰρ
1053 2713 1116 2766 ἑκ
1156 2711 1472 2775 Βαϐυλῶνος
1504 2710 1806 2782 ἀνεκλήθη-

230 2828 358 2872 σαν,
410 2810 548 2878 μετά
575 2809 633 2861 δι
667 2807 766 2879 τὴν
807 2807 912 2859 ὑπὸ
945 2805 1237 2876 Ῥωμαίων
1282 2805 1553 2860 ἀνάλωσιν
1599 2805 1805 2858 οὐκέτι.

240 2902 603 2971 Ἀναφέρεται
630 2900 686 2953 δὲ
712 2900 782 2952 τὰ
811 2897 1178 2968 γεγραμμένα
1229 2898 1321 2951 καὶ
1354 2899 1442 2950 ἐπὶ
1469 2896 1676 2966 ψυχὴν,
1714 2897 1806 2947 ὲκ-

227 2993 506 3046 πεσοῦσαν
560 2992 660 3062 μὶν
704 2992 804 3061 τῆς
843 2990 1067 3061 ἀρετῆς,
1099 2988 1522 3058 κατενεχθεῖσαν
1545 2987 1603 3041 δὲ
1632 2989 1712 3049 είς
1742 2986 1809 3040 τὰ

227 3087 329 3155 τῆς
360 3086 558 3148 κακίας
592 3084 730 3152 εἴδη,
760 3085 854 3138 καὶ
880 3083 968 3136 διὰ
994 3082 1154 3136 τοῦτο
1194 3086 1251 3135 ἐν
1291 3081 1550 3152 συγχύσει
1576 3080 1809 3148 γενομέ-

227 3197 356 3250 νην·
385 3177 640 3230 Βαϐυλὼν
667 3177 775 3246 γὰρ
803 3178 1104 3246 σύγχυσις
1136 3173 1502 3246 ἑρμηνεύεται
1527 3191 1539 3203 ·
1576 3173 1670 3225 καὶ
1707 3170 1812 3225 ὑπὸ

226 3271 337 3326 ὧν
365 3267 572 3339 νοητῶν
602 3267 879 3338 πολεμίων
910 3264 1465 3337 αἰχμαλωτισθεῖσαν.

306 3361 613 3434 «Ἐγενήθη
665 3363 740 3425 ὠς
787 3361 951 3432 χήρα.
987 3380 1005 3412 ι
1051 3359 1159 3413 Τού
1207 3360 1440 3430 νυμφίου
1485 3356 1812 3429 στερηθείσα

229 3457 393 3525 λόγου
403 3497 415 3508 .

305 3565 324 3596 ε
355 3544 808 3615 Πεπληθυσμένη.
849 3563 864 3592 ›
914 3543 977 3595 Ἢ
1031 3541 1219 3612 πρώτη
1267 3538 1537 3611 ίπρώην]
1597 3539 1813 3612 πλήρης

226 3637 450 3706 ἀγαθῶν
469 3637 764 3707 λογισμῶν.

308 3732 619 3801 ιἈρχουσα
648 3732 705 3783 εν
733 3728 960 3799 χώραις.
997 3747 1014 3778 ιι
1061 3727 1124 3779 Ἦ
1167 3725 1275 3778 τῶν
1325 3724 1533 3779 κακιῶν
1580 3725 1812 3796 ἐπικρα-

224 3819 396 3872 τοῦσα
430 3820 705 3889 ύπόφορος
737 3818 964 3880 ταύταις
992 3818 1238 3885 γέγονεν.

308 3932 327 3962 ι
375 3912 656 3965 κλαίουσα
703 3911 992 3964 ἔκλαυσεν.
1048 3929 1064 3960 ›
1135 3910 1222 3964 Ἐν
1275 3913 1342 3980 τῇ
1395 3910 1658 3980 ἐπαγωγῇ
1708 3906 1814 3960 τῶν

226 4003 457 4074 ἐχυρῶν.
478 4003 675 4055 ’ἰστέον
715 4001 771 4054 δὲ
815 3999 891 4064 ὡς
933 3999 1080 4070 ψυχὴ
1136 4000 1534 4070 ἁμαρτάνουσα
1567 4001 1625 4051 ὲν
1659 3997 1814 4050 νυκτῖ⁸

227 4097 466 4164 γίνεται.
502 4090 895 4162 μακρυνομένη
918 4088 1016 4143 τοῦ
1053 4089 1235 4144 Ἠλίου
1265 4090 1361 4159 τῆς
1399 4088 1772 4157 δικαιοσύνης.

304 4208 323 4238 ι
351 4186 474 4239 Ἐπὶ
505 4183 614 4237 τῶν
646 4182 930 4250 σιαγόνων.
960 4183 1200 4252 »Ὥσπερ
1223 4181 1452 4249 νοοῦμεν
1477 4179 1810 4248 ὀφθαλμοὺς,

225 4275 373 4328 οὓτω
420 4275 670 4342 λέγονται
723 4273 817 4324 καλ⁵
868 4271 1118 4339 σιαγόνες
1163 4271 1363 4340 ψυχῆς,
1403 4270 1559 4334 sva;
1589 4269 1687 4332 τὰς
1717 4268 1813 4322 τοῦ

224 4369 388 4435 λόγου
416 4367 679 4437 τρέφεται
712 4364 1111 4435 [reponendum
1134 4365 1350 4420 videtur
1379 4361 1615 4435 τροφὰς]
1648 4362 1813 4415 δυνά-

230 4475 376 4531 μεις,
409 4457 846 4511 καταλεαίνουσα
876 4456 1082 4520 ταύτας
1110 4456 1205 4510 καὶ
1238 4456 1640 4525 μαρυκωμένη.

309 4570 326 4600 ι
362 4551 470 4601 Καὶ
516 4549 612 4618 οὐχ
665 4548 910 4618 ὑπῆρχεν
942 4549 970 4600 ὁ
997 4545 1336 4616 παρακαλῶν
1367 4547 1563 4614 αὐτὴν.
1591 4565 1608 4597 ι
1661 4545 1814 4600 Κατά

231 4644 334 4712 μὲν
364 4641 460 4712 τὴν
488 4640 753 4710 ίστορίαν,
783 4641 866 4692 ὃτι
893 4639 986 4692 in!
1017 4639 1229 4700 πάντας
1257 4634 1324 4707 ἦν
1354 4639 1386 4708 ἡ
1417 4638 1579 4708 ὀργὴ.
1601 4637 1695 4690 καὶ⁵
1717 4639 1816 4690 οὐκ

228 4735 313 4789 ἔτι
337 4735 523 4804 ιτερος
553 4733 644 4786 τὸν
677 4734 863 4804 ἕτερον
893 4731 1344 4803 παρεκάλει.Ἕτι
1373 4730 1536 4803 [ἔστι]
1566 4731 1623 4784 δὲ
1653 4734 1814 4796 νοεῖν,

227 4829 314 4880 ὅτι
343 4827 393 4878 οί
427 4823 619 4895 πρώην
649 4823 972 4892 ἀγαπῶντες
1026 4822 1128 4893 τὴν
1159 4823 1340 4892 ψυχὴν
1372 4823 1520 4890 ἅγιοι
1566 4821 1812 4890 ἄγγελοι,

2401 2261 2630 2320 CAPUT
2697 2257 2984 2316 PRIMUM.

1985 2369 2001 2400 ι
2042 2352 2109 2405 Et
2154 2350 2354 2408 factum
2392 2365 2496 2410 est.
2544 2374 2563 2406 ο
2627 2354 2810 2408 Plorat
2859 2352 3080 2422 quidem
3128 2351 3392 2420 propheta
3421 2350 3491 2406 ad

1908 2445 2190 2499 veritatem
2226 2448 2463 2503 historiae
2492 2448 2883 2518 captivitatem,
2912 2461 3075 2514 quam
3111 2455 3241 2498 tunc
3266 2442 3492 2500 Jerusa-

1909 2532 2012 2588 lem
2064 2552 2221 2605 passa
2273 2547 2396 2592 est:
2454 2539 2772 2608 prophetice
2818 2546 3001 2590 autem
3038 2545 3094 2590 et
3123 2535 3309 2589 verius
3341 2550 3487 2602 eam,

1907 2642 2070 2694 quam
2099 2645 2128 2681 a
2157 2626 2416 2684 Romanis
2456 2647 2612 2700 passa
2646 2639 2752 2692 est,
2786 2639 3005 2698 propter
3038 2628 3336 2682 nefandum
3366 2643 3487 2685 sce-

1909 2718 1993 2771 lus
2011 2718 2065 2772 in
2089 2718 2368 2775 Christum
2413 2719 2567 2775 Tunc
2588 2720 2732 2774 enim
2755 2735 2786 2772 e
2808 2719 3076 2788 Babylone
3103 2716 3311 2772 reducti
3342 2728 3492 2783 sunt.

1909 2823 1959 2864 at
1985 2822 2106 2881 post
2127 2812 2326 2867 illatam
2349 2813 2650 2868 altomanis
2687 2814 2898 2866 ruinam
2929 2825 3206 2878 nunquam
3232 2810 3487 2879 amplius.

1909 2902 2376 2969 Quadrantetiam
2397 2919 2519 2974 qua:
2569 2905 2772 2974 scripta
2796 2912 2924 2956 sunt
2975 2902 3028 2955 in
3077 2902 3497 2970 animam.qu'.e

1911 2995 2108 3049 virtute
2148 2996 2427 3056 exciderit.
2475 3005 2530 3050 et
2573 2995 2627 3048 in
2677 2996 2822 3048 varia
2881 2994 3244 3062 improbitatis
3296 3007 3497 3063 genera

1911 3087 2132 3158 delapsa
2181 3089 2251 3144 ob
2290 3088 2343 3142 id
2393 3089 2446 3142 in
2501 3088 2825 3144 confusione
2861 3087 3036 3157 posita
3079 3086 3150 3141 sit
3188 3104 3202 3140 :
3262 3085 3498 3156 Babylon

1911 3194 2147 3248 namque
2211 3179 2447 3250 confusio
2491 3179 2885 3249 interpretatur
2925 3196 2937 3230 :
2991 3186 3046 3232 et
3089 3193 3119 3231 a
3166 3177 3502 3247 spiritalibus

1913 3269 2161 3324 hostibus
2189 3271 2458 3339 captivata
2489 3271 2577 3324 sit.

1982 3358 2048 3414 ν.
2089 3361 2139 3415 l.
2181 3381 2200 3413 ι
2238 3362 2402 3417 Facta
2425 3371 2508 3418 est
2533 3363 2687 3432 quasi
2721 3363 2901 3416 vidua.
2947 3380 2964 3411 ι
3005 3361 3241 3432 Sponsa,
3274 3360 3504 3416 rationis

1914 3454 2141 3513 lumine.
2175 3455 2404 3523 privata.

1999 3565 2016 3598 ι
2052 3545 2236 3601 Plena.
2281 3566 2297 3598 ι
2336 3546 2502 3601 Plena
2551 3563 2726 3617 nuper
2783 3547 3048 3601 bonarum
3089 3545 3500 3618 cogitationum.

1994 3739 2011 3771 ι
2050 3720 2313 3788 Princeps
2342 3721 2394 3773 in
2429 3720 2742 3788 provinciis.
2782 3739 2797 3770 ι
2842 3719 2973 3784 Quae
3009 3719 3154 3773 vitiis
3185 3719 3505 3774 dominaba-

1917 3819 2024 3872 tur,
2058 3811 2164 3866 illis
2193 3812 2474 3866 tributaria
2506 3811 2643 3866 facta
2671 3821 2776 3867 est.

1988 3900 2052 3956 ν.
2079 3903 2132 3957 2.
2162 3923 2179 3954 ι
2205 3901 2432 3957 Ploraus
2467 3903 2715 3970 ploravit.
2752 3923 2768 3953 ι
2799 3902 2853 3954 In
2886 3902 3212 3955 nililuetioue
3237 3901 3498 3956 hostium.

1917 3993 2210 4049 Sciendum
2239 4009 2403 4062 porro
2433 3993 2693 4052 animam.
2727 4008 2851 4046 eum
2884 4005 3089 4060 peccat,
3127 4002 3287 4046 nocte
3320 3993 3499 4056 obrui,

1916 4087 2106 4159 procul
2144 4102 2174 4141 a
2213 4085 2341 4140 Sole
2366 4085 2592 4154 justitize
2618 4085 2990 4138 constitutam.

1993 4199 2011 4231 ι
2049 4179 2108 4232 In
2151 4177 2400 4231 maxillis.
2453 4196 2470 4227 ι
2517 4177 2670 4229 Sicut
2710 4175 3064 4244 intelligimus
3096 4174 3304 4238 oculos,
3349 4173 3420 4229 ita
3449 4181 3504 4230 et

1917 4272 2110 4325 animae
2149 4270 2414 4331 maxillas,
2441 4283 2536 4337 per
2566 4284 2702 4336 quas
2732 4268 2957 4322 rationis
2987 4268 3148 4320 alitur
3175 4266 3329 4333 cibis,
3361 4281 3505 4320 com-

1919 4366 2172 4419 minuens
2200 4378 2296 4416 eos
2325 4371 2381 4416 et
2412 4361 2711 4415 ruminans.

1995 4562 2014 4595 ι
2053 4543 2120 4597 Et
2166 4558 2271 4595 non
2337 4549 2421 4594 est
2461 4539 2551 4608 qui
2600 4539 2916 4592 consoletur
2950 4553 3090 4590 eam.
3133 4557 3150 4587 ι
3191 4535 3505 4592 Secundum

1918 4636 2202 4691 historiam
2223 4633 2466 4704 quidem,
2513 4632 2771 4701 quoniam
2798 4632 2874 4684 ira
2911 4630 3171 4685 saeviebat
3200 4629 3255 4684 in
3285 4645 3505 4696 omnes,

1921 4740 2097 4796 neque
2144 4732 2258 4777 tum
2310 4721 2446 4775 alter
2491 4721 2720 4773 alterum
2763 4719 3172 4774 consolabatur.
3201 4719 3352 4772 Licet
3376 4733 3509 4772 vero

1919 4816 2082 4871 etiam
2115 4814 2437 4883 intelligere,
2463 4822 2680 4867 sanctos
2701 4811 2943 4881 angelos,
2971 4811 3063 4880 qui
3096 4809 3248 4880 prius
3269 4810 3506 4864 animam

229 4919 363 4972 ὅταν
410 4914 551 4984 ἐκδῷ
599 4915 797 4985 ἑαυτὴν
849 4917 917 4986 τῇ
963 4913 1154 4984 κακία,
1197 4912 1593 4983 ἀπαράκλητον
1642 4913 1809 4982 αὐτὴν

1921 4905 2235 4977 diligebant.
2291 4919 2416 4958 cum
2469 4902 2557 4956 illa
2613 4901 2962 4970 semetipsum
3016 4899 3161 4954 vitiis
3209 4899 3505 4962 dediderit,

231 5008 421 5062 δῶσιν.

313 5122 334 5153 ι
367 5101 573 5164 Πάντες
605 5102 655 5152 οἱ
691 5100 992 5170 φιλοῦντες.
1026 5118 1044 5150 ι
1084 5098 1526 5167 [Ιαραὸαίνοντες
1578 5097 1648 5150 τὰ
1696 5096 1818 5152 θεία

232 5195 442 5263 νόμιμα
473 5196 522 5246 οί
556 5193 654 5262 τῆς
670 5193 1025 5264 Ἰερουσαλὴμ
1054 5194 1360 5263 οἰκήτορες,
1393 5191 1488 5244 καὶ
1515 5191 1819 5261 ψευδοπρο-

233 5286 403 5353 φῆται
427 5300 437 5312 ·
476 5284 571 5336 καὶ⁵
599 5285 648 5336 οί
676 5283 868 5355 πρώην
895 5284 953 5338 δὲ
984 5283 1442 5355 προσποιούμενοι
1471 5282 1570 5350 τὴν
1603 5281 1818 5334 τοιάνδε

232 5376 413 5446 ψυχὴν
461 5377 683 5446 ἀγαπᾷν
741 5376 1042 5446 ἀκάθαρτοι
1093 5374 1370 5443 δαίμονες,
1399 5374 1611 5445 ἐχθρῶν
1660 5374 1819 5445 δίκην

235 5467 615 5538 ἑπιχαίρουσιν
647 5470 712 5538 τῇ
746 5468 918 5536 αὐτῆς
950 5471 1176 5519 πτώσει.

314 5578 332 5610 ι
364 5559 692 5630 Μετῳκίσθη
739 5559 988 5612 Ἰουδαία.
1016 5577 1034 5606 ι
1081 5556 1212 5609 ’Λπὸ
1241 5556 1334 5608 τοῦ
1365 5557 1530 5608 τόπου
1558 5556 1656 5626 τῆς
1686 5559 1816 5627 ἀρε-

237 5650 336 5721 τῆς
367 5652 449 5713 είς
472 5651 564 5703 τὸν
590 5653 689 5719 τῆς
725 5651 940 5712 κακίας.

314 5762 331 5794 ι
358 5743 467 5796 Καὶ
497 5743 606 5796 ἀπὸ
638 5743 894 5814 πλήθους.
921 5763 936 5793 ι
984 5744 1368 5815 Ἀφαιρεθεῖσα
1401 5745 1505 5814 γὰρ
1533 5743 1634 5814 τῆς
1662 5743 1819 5812 δόξης

236 5832 305 5909 ἧς
337 5833 500 5908 εἶχεν,
529 5837 608 5902 εἰς
637 5836 879 5891 δουλείαν
911 5837 1286 5908 παραδίδοται.

1925 4997 2046 5052 sine
2075 4995 2445 5050 consolatione
2474 5009 2594 5048 eam
2623 4992 2948 5061 relinquere.

2005 5107 2022 5139 ι
2057 5088 2261 5141 Omnes
2299 5085 2455 5139 amici
2482 5085 2619 5152 ejus.
2654 5104 2671 5135 ι
2712 5083 3164 5136 Pnevaricatores
3196 5083 3510 5136 divinarum

1927 5185 2103 5254 legum
2143 5181 2446 5235 habitantes
2490 5175 2827 5235 Jerusalem.
2883 5184 2937 5229 et
2996 5172 3509 5245 pseudolirophetze,

1926 5288 1982 5333 et
2032 5276 2125 5346 qui
2172 5275 2324 5345 prius
2380 5274 2519 5326 hanc
2583 5271 2851 5338 ejusmodi
2927 5270 3168 5322 animam
3217 5283 3404 5321 amare
3436 5269 3510 5320 si-

1927 5370 2205 5424 mulabant
2235 5365 2430 5433 impuri
2459 5364 2758 5426 dannones,
2782 5363 2954 5415 instar
2983 5361 3223 5413 hostium
3256 5361 3323 5414 de
3357 5359 3508 5412 illius

1927 5463 2082 5517 ruina
2107 5462 2373 5514 laetantur.

1999 5550 2061 5605 γ.
2094 5551 2147 5604 3.
2190 5569 2208 5599 ι
2239 5547 2490 5617 Migravit
2515 5545 2723 5600 Jud‘tea.
2773 5562 2788 5591 ι
2837 5541 2876 5595 Β
2913 5542 3130 5596 virtutis
3166 5542 3284 5594 loco
3309 5541 3374 5594 ad
3409 5543 3510 5594 τηι-

1927 5643 2213 5714 prohitatis
2244 5642 2442 5694 locum.

2003 5757 2020 5788 ι
2055 5737 2120 5791 Et
2150 5743 2372 5805 propter
2403 5729 2826 5784 Inultitudincm.
2863 5746 2878 5776 ι
2908 5726 3083 5779 Gloria
3108 5722 3327 5794 quippe,
3349 5738 3509 5791 quam

1929 5830 2158 5885 habebat
2181 5827 2429 5896 spoliata,
2467 5823 2713 5877 servituti
2748 5819 2999 5874 traditur.
