4218 6448
708 382 807 446 727

1792 395 2308 459 GLYMPIODORI
2348 394 2875 453 ALEXANDRINI

3872 380 3981 440 “728

784 542 801 560 ι
838 508 993 564 Sedit
1016 511 1067 564 in
1098 513 1367 580 gentibus.
1411 533 1426 562 ι
1469 513 1766 567 Azllucrcns
1786 514 1933 566 enim
1961 509 2287 566 adversariis

2463 527 2482 559 ι
2505 508 2791 563 Ἐκάθισεν
2820 511 2877 561 ὲν
2902 509 3101 561 ἔθνεσι.
3136 526 3154 557 υ
3192 505 3564 575 Ιιροστεθείσα
3594 502 3698 568 γάρ
3739 499 3858 559 τοῖς
3892 499 3981 547 ὲν-

711 604 868 673 longe
905 602 1042 657 facta
1083 611 1165 657 est
1190 620 1219 657 a
1256 605 1441 674 quiete
1471 605 1584 657 Dei.

790 712 806 743 ι
841 694 1339 762 Apprebenderunt
1386 708 1527 748 eam.
1566 714 1585 745 ι
1639 695 1919 749 llirertens
1949 694 2096 748 enim
2129 694 2293 747 homo

709 802 739 833 ιε
778 784 859 835 via
918 782 1006 836 Dei
1062 783 1356 837 aﬂ‘cctuum
1411 799 1604 838 servus
1637 785 1712 849 ﬁt,
1750 784 2161 844 tribulantibus.
2191 785 2289 848 ait,

712 874 941 943 impuris
1004 876 1346 930 daemonibus
1403 894 1415 929 :
1492 877 1750 947 quoniam
1836 878 2000 948 igitur
2064 876 2293 930 aﬂ‘ectus

710 965 948 1019 animam
1002 966 1405 1035 insequuntur,
1446 976 1501 1021 et
1547 983 1736 1022 eorum
1790 968 2114 1022 excitatores
2179 969 2293 1019 dm.-

712 1070 923 1119 inones,
954 1057 1201 1128 pracipit
1238 1058 1532 1128 Apostolus
1562 1059 1752 1113 dicens
1783 1076 1796 1111 :
1839 1058 2024 1129 Fugite
2057 1061 2293 1129 fornica-

710 1148 903 1202 tionem
917 1149 983 1203 ³⁹.

781 1240 847 1298 V.
869 1243 922 1298 ι.
962 1264 981 1297 ι
1012 1244 1126 1300 Via
1151 1245 1285 1300 Sion
1334 1247 1541 1318 lugent.
1582 1268 1601 1301 ι
1648 1247 1847 1303 Tribus
1871 1250 1997 1303 anni
2032 1251 2290 1318 tempori-

708 1335 811 1390 bus
836 1336 954 1406 lege
995 1346 1257 1392 statutum
1285 1349 1403 1394 erat
1427 1356 1591 1395 omne
1618 1343 1980 1395 masculinum
2010 1343 2119 1397 Deo
2150 1342 2287 1404 sisti,

710 1426 764 1479 in
813 1426 1045 1495 Pascha,
1099 1429 1153 1483 iu
1204 1430 1341 1484 festo
1390 1431 1777 1498 Primitiarum,
1817 1442 1874 1487 et
1907 1432 2285 1503 SeenOpegia:

2394 601 2618 664 αντίοις,
2645 600 2967 671 ἑμακρύνθη
2993 600 3093 669 τῆς
3126 596 3491 654 ἀναπαύσεως
3516 590 3611 644 τού
3640 589 3802 643 θεοῦ.

2469 718 2490 750 ι
2521 697 2836 751 Κατέλαϐον
2875 696 3071 765 αὐτήν.
3100 712 3119 746 ι
3166 692 3497 760 Ἐκτραπεὶς
3540 690 3648 757 γὰρ
3690 686 3981 753 ἄνθρωπος

2394 792 2458 844 ὲκ
2491 793 2588 860 τῆς
2614 789 2737 843 ὁδοῦ
2768 789 2862 842 τοῦ
2891 786 3051 850 Θεοῦ,
3078 785 3392 855 ὑποχείριος
3441 784 3555 844 τοῖς
3603 778 3803 833 πάθεσι
3831 777 3983 845 γίνε-

2391 900 2501 949 ται,
2525 882 2839 943 θλιϐόντων,
2856 881 3013 951 φησὶ,
3030 879 3140 933 τῶν
3170 879 3499 947 ἀκαθάρτων
3523 872 3797 941 δαιμόνων
3814 888 3830 902 ο
3852 870 3983 923 ἐπεὶ

2392 972 2485 1028 οὖν
2515 974 2583 1027 τὰ
2616 974 2765 1044 πάθη
2800 970 3203 1025 καταδιώκουσι
3237 969 3339 1039 τὴν
3364 966 3564 1035 ψυχὴν,
3598 963 3692 1015 καὶ
3729 962 3780 1013 οἱ
3821 961 3977 1029 ἐνερι

2394 1067 2617 1136 γοῦντες
2645 1064 2785 1119 αύτά
2815 1062 3103 1133 δαίμονες,
3157 1056 3530 1128 παραγγέλλει
3587 1057 3614 1107 ὁ
3654 1049 3985 1112 Ἀπὸστολος

2393 1160 2595 1229 λέγων’
2631 1159 2883 1226 Φεύγετε
2922 1154 3039 1221 τὴν
3071 1153 3379 1222 πορνείαν.

2469 1271 2487 1302 ι
2512 1250 2653 1303 Ἠδοὶ
2682 1249 2822 1303 Σιὼν
2858 1245 3137 1300 πενθοῦσι.
3170 1264 3188 1295 ι
3231 1244 3393 1313 Τρεῖς
3422 1242 3648 1310 καιροὺς
3673 1237 3770 1290 τοῦ
3796 1238 3987 1289 ἐνιαυ-

2392 1340 2487 1394 τοῦ
2519 1339 2809 1392 ἐκέλευσεν
2838 1339 2868 1390 ὁ
2897 1335 3064 1404 νόμος
3092 1336 3273 1387 πάντα
3294 1332 3363 1384 τὰ
3384 1329 3654 1400 ἀρσενικὰ
3680 1327 3762 1396 τῷ
3790 1326 3990 1395 Κυρίῳ

2392 1430 2701 1502 φαίνεσθαι,
2733 1428 2812 1499 τῷ
2858 1427 3075 1494 Πάσχα,
3112 1427 3177 1494 τῇ
3211 1426 3371 1493 ἑορτῇ
3424 1420 3533 1473 τῶν
3585 1422 3988 1490 Πρωτογεννη-

709 1518 795 1572 bis
872 1519 1053 1589 itaque
1119 1522 1291 1577 tribus
1353 1522 1739 1578 festivitatibus
1804 1525 1976 1579 λιιι]ίυί
2048 1526 2290 1595 undique

2400 1526 2603 1594 μάτων,
2638 1522 2734 1576 καὶ
2780 1523 2847 1591 τῇ
2902 1516 3287 1585 Σκηνοπιλγίᾳ·
3338 1518 3393 1568 ὲν
3448 1513 3673 1573 ταύταις
3720 1507 3817 1562 οὖν
3860 1508 3989 1567 ταῖς

707 1609 1006 1664 Jerusalem
1038 1616 1393 1668 conveniunt.
1443 1613 1754 1669 Secundum
1797 1616 2079 1671 historiam
2128 1617 2291 1687 igitur

2400 1618 2574 1689 τρισὶν
2617 1616 2834 1685 ἑορταῖς
2879 1613 2928 1665 οι
2976 1608 3314 1678 πανταχόθεν
3346 1607 3593 1659 Ἰουδαῖοι
3623 1602 3988 1672 συνέρχονται

711 1702 928 1755 nemine
979 1703 1111 1758 Sion
1153 1714 1371 1774 patente
1426 1706 1497 1759 ob
1526 1707 1762 1762 civitatis
1800 1708 2141 1762 eversionem
2192 1710 2290 1763 vim

2400 1713 2472 1776 εἰς
2504 1707 2881 1780 Ἰερουσαλήμ.
2920 1705 3076 1755 Κατά
3102 1702 3281 1754 τοίνυν
3331 1701 3429 1769 τὴν
3480 1696 3725 1767 ἱστορίαν
3759 1692 3988 1752 οὐδενὸς

711 1794 916 1862 lugent.
960 1794 1066 1851 Sed
1104 1798 1402 1851 secundum
1435 1797 1749 1854 interiorem
1797 1816 2039 1866 sensum,
2070 1802 2289 1855 institu-

605 1954 610 1959 γ
709 1886 887 1940 tiones
911 1903 1008 1957 per
1032 1903 1169 1958 quas
1225 1890 1389 1943 homo
1441 1891 1506 1943 ad
1561 1892 1815 1946 virtutem
1873 1893 2176 1960 ingreditur
2233 1896 2283 1946 in

708 1993 943 2033 mmrore
975 1989 1120 2046 sunt,
1161 1981 1449 2035 deﬁcient-2
1473 1982 1866 2037 addiscentiinu
1897 1986 2099 2038 studio.

782 2292 799 2319 ι
850 2269 1053 2324 Omnes
1100 2280 1271 2340 porta:
1323 2270 1462 2340 ejus.
1517 2292 1536 2323 ι
1581 2272 1842 2327 Doctores
1892 2274 1985 2343 qui
2034 2292 2134 2328 nec
2188 2276 2285 2342 ljsl

707 2379 933 2433 regnum
995 2364 1089 2417 Dei
1170 2363 1584 2434 ingrediuntur,
1638 2372 1695 2419 et
1745 2365 2015 2421 adeuntes
2098 2385 2130 2437 p
2163 2369 2288 2421 obi-

706 2457 854 2512 bent.

783 2565 803 2597 ι
866 2545 1188 2601 Sacerdotes
1241 2548 1383 2617 ejus.
1427 2568 1448 2601 ι
1498 2549 1579 2604 Ad
1633 2550 1911 2605 litteram:
1976 2552 2111 2618 Quia
2182 2570 2290 2608 Ilull

705 2647 837 2693 sunt
858 2640 951 2709 qui
999 2638 1237 2695 offerant
1265 2657 1280 2706 ;
1310 2641 1628 2710 Spiritaliter
1652 2684 1668 2706 ,
1711 2643 2089 2699 Sacerdotalcs
2116 2646 2291 2700 virtu-

710 2728 778 2780 tis
834 2728 1017 2793 modi,
1073 2737 1369 2793 sacrantes,
1410 2730 1628 2785 virtutis
1679 2746 1882 2797 mores,
1928 2732 2056 2802 quia
2131 2749 2293 2788 nemo

707 2819 960 2873 accurrit.

785 2931 805 2962 ι
846 2912 1096 2981 Virgines
1140 2914 1281 2983 ejus.
1334 2933 1355 2965 ι
1397 2913 1597 2986 lntegri
1636 2915 2045 2987 incorruptique
2089 2933 2288 2982 mores,

710 3018 818 3056 non
848 3003 1016 3058 libere
1038 3006 1347 3075 gradientes
1376 3016 1600 3077 propter
1625 3008 1962 3062 mortiferam
1997 3010 2287 3079 magistro-

709 3102 830 3141 rum
863 3088 1226 3144 traditionem.

782 3176 847 3231 V.
879 3178 933 3232 5.
972 3198 990 3229 ι
1030 3179 1177 3234 Facti
1208 3191 1338 3235 sunt
1369 3183 1696 3238 tribulantes
1729 3199 1870 3239 eam.
1907 3204 1925 3236 ι
1971 3184 2137 3240 Valde
2166 3188 2292 3242 elati
2322 3207 2366 3263 ο

710 3276 842 3324 sunt
873 3268 1176 3340 Babylonii.
1213 3280 1267 3325 et
1299 3270 1498 3326 funesti
1534 3273 1833 3328 dmmones.

789 3376 809 3409 ι
849 3356 1066 3414 Parvuli
1116 3360 1257 3429 ejus.
1304 3380 1321 3411 ι
1383 3362 1450 3416 Et
1496 3364 1585 3431 qui
1627 3373 1848 3433 propter
1900 3375 2183 3434 peccatum
2241 3369 2295 3421 iu

2393 1803 2692 1876 ἐρχομένου
2721 1801 2778 1852 ὲν
2803 1801 2868 1869 τῇ
2900 1795 3036 1850 Σιὼν
3073 1796 3161 1848 διὰ
3190 1796 3287 1864 τὴν
3326 1790 3694 1859 κατασκαφὴν
3735 1789 3838 1856 τῆς
3872 1786 3987 1876 ςτό-

2393 1875 2533 1957 λεως
2564 1889 2853 1945 πενθοῦσιν
2879 1889 2936 1941 αἱ
2958 1886 3086 1939 ὁδοί.
3125 1885 3264 1954 Πρὸς
3297 1882 3354 1934 δὲ
3382 1881 3646 1942 διάνοιαν,
3677 1878 3748 1929 τά
3788 1875 3987 1940 διδάγ-

2399 2004 2565 2056 ματα,
2598 1984 2664 2037 δι’
2710 1976 2784 2035 ὧν
2835 1980 3144 2049 είσέρχεται
3176 1974 3467 2045 ἄνθρωπος
3495 1974 3574 2033 είς
3618 1971 3718 2038 τὴν
3750 1968 3986 2037 ἀρετὴν,

2396 2055 2453 2130 έν
2484 2075 2762 2144 κατηφείᾳ
2791 2072 2929 2124 εἰσὶν
2951 2112 2963 2133 ,
2999 2066 3333 2135 ἐκκοπείσης
3359 2062 3461 2132 τῆς
3492 2058 3836 2131 προθεσμίας
3864 2055 3984 2122 Ιῑσ.

2398 2167 2731 2242 προθυμίας]
2767 2164 2875 2216 τῶν
2906 2159 3311 2230 μανθανόντων.

2471 2280 2489 2311 ι
2521 2260 2701 2314 Πᾶσαι
2736 2258 2792 2308 αἱ
2825 2254 3011 2308 πύλαι.
3044 2271 3063 2303 ι
3103 2250 3167 2303 Oi
3193 2244 3539 2303 διδάσκαλοι,
3570 2242 3620 2294 οἱ
3651 2241 3789 2310 μήτε
3825 2237 3988 2291 αὐτοὶ

2398 2354 2773 2422 εἰσερχίιμενοι
2803 2348 2883 2409 εἰς
2917 2344 3019 2414 τὴν
3069 2340 3352 2413 βασιλείαν
3398 2336 3493 2390 τοῦ
3526 2332 3686 2392 Θεοῦ,
3724 2331 3822 2383 καὶ
3853 2330 3990 2390 τοὺς

2396 2444 2728 2517 ἐρχομένους
2752 2436 3081 2497 κωλύοντες.

2471 2513 2493 2587 ι
2514 2536 2701 2605 Ίερεῑς
2731 2533 2923 2601 αὐτῆς.
2954 2549 2972 2580 ι
3019 2526 3167 2597 Πρὸς
3210 2524 3307 2594 μὲν
3351 2522 3415 2574 τὸ
3459 2518 3643 2589 ῥητὸν,
3672 2514 3760 2567 διὰ
3800 2513 3865 2566 τὸ
3905 2513 3992 2581 μὴ

2397 2623 2535 2680 εἶναι
2583 2626 2711 2686 τοὺς
2755 2621 3163 2694 προσφέροντας
3183 2632 3196 2647 ·
3229 2614 3365 2685 πρὸς
3390 2612 3448 2665 δὲ
3473 2610 3736 2671 διάνοιαν,
3769 2608 3820 2658 oi
3867 2606 3990 2673 ἱερο

2395 2718 2589 2790 ουργοὶ
2636 2717 2733 2786 τῆς
2777 2714 2982 2786 ἀρετῆς
3013 2711 3229 2781 τρόποι,
3251 2707 3342 2760 διὰ
3369 2704 3430 2758 τὸ
3460 2703 3669 2774 μηδένα
3703 2700 3991 2771 προστρέ-

2432 2831 2533 2866 ειν.

2398 2832 2793 2973 χεἱνίιαρθένοι
2822 2899 3013 2967 αὐτῆς.
3044 2916 3062 2947 ι
3096 2898 3159 2949 οι
3194 2895 3322 2947 σῶοι
3371 2892 3465 2945 καὶ
3513 2890 3734 2957 ἄμωμοι
3766 2884 3992 2953 τρόποι.

2400 2999 2462 3051 οὗ
2493 2996 2616 3051 κατ’
2645 2993 2898 3058 ἐξουσίαν
2930 2989 3241 3059 βαδίζοντες
3269 2986 3358 3039 διὰ
3381 2984 3481 3053 τὴν
3507 2976 3836 3050 φθοῳποιόν
3875 2975 3995 3024 τῶν

2398 3086 2736 3141 διδασκάλων
2762 3081 3086 3155 παράδοσιν.

2476 3199 2495 3231 α
2543 3179 2825 3247 Ἐγένοντο
2864 3177 2914 3227 ot
2945 3171 3223 3231 θλίϐοντες
3266 3168 3457 3236 αὐτήν.
3495 3188 3512 3215 ι
3558 3157 3995 3228 ’Υπερεπήρθη-

2401 3292 2501 3328 σαν
2527 3270 2879 3331 Βαϐυλώνιοι,
2913 3270 3007 3321 καὶ
3030 3267 3081 3317 οἱ
3110 3263 3386 3333 ἀλιτήριοι
3420 3259 3699 3327 δαίμονες,

2482 3387 2498 3416 ι
2535 3365 2615 3417 Τὰ
2648 3365 2819 3433 νήπια
2852 3360 3044 3428 αὐτῆς.
3076 3377 3095 3409 ι
3146 3356 3257 3409 Καὶ
3284 3353 3354 3405 τά
3385 3354 3555 3421 μήπω
3598 3349 3665 3402 δι’
3702 3344 3995 3414 ἁμαρτίας

708 3450 977 3518 judicium
1013 3454 1194 3506 vocari
1228 3468 1336 3507 non
1372 3465 1619 3523 possunt,
1657 3457 1723 3509 ad
1756 3433 1973 3525 paruam
2010 3468 2298 3527 parentum

2402 3455 2698 3523 κρινόμενα
2744 3451 2839 3504 ὲπὶ
2886 3446 3161 3517 τιμωρίαν
3196 3445 3303 3495 τῶν
3336 3439 3718 3509 γεννησάντων
3742 3433 3999 3501 πάσχου-

718 3539 859 3593 mala
913 3541 1013 3612 ipsi
1063 3541 1265 3597 ferunt.
1308 3543 1403 3598 Vel
1459 3545 1717 3613 parvulos
1764 3556 1922 3601 vocat
1970 3558 2188 3602 sanctos
2229 3550 2300 3602 ob

2405 3562 2510 3598 σιν.
2543 3546 2610 3596 Ἣ
2646 3545 2743 3595 καὶ
2782 3543 2955 3610 νήπια
2993 3538 3118 3599 τοὺς
3159 3534 3351 3601 ἁγίους
3380 3533 3568 3590 καλεῖ,
3595 3527 3994 3593 ταλαιπωρουο

716 3633 890 3703 plebis
939 3644 1159 3704 peccata
1220 3646 1469 3696 vexatos.
1526 3637 1611 3691 vel
1676 3637 1915 3707 parvulae
1971 3638 2167 3694 anima:
2222 3655 2300 3693 cae

2406 3639 2605 3707 μένους
2634 3636 2725 3688 διὰ
2754 3633 2855 3693 τὰς
2880 3631 2990 3684 τῶν
3018 3626 3236 3680 πολλῶν
3270 3622 3569 3693 ἁμαρτίας,
3599 3620 3632 3689 ἢ
3667 3618 3760 3671 καὶ
3792 3616 3997 3685 νήπιαι

718 3733 868 3791 sunt,
895 3742 1018 3796 quae
1053 3742 1177 3783 cum
1225 3727 1394 3783 Deum
1443 3730 1625 3783 colere
1672 3746 1848 3799 nuper
1893 3731 2210 3801 coepissent,
2246 3742 2303 3787 et

2401 3728 2574 3799 ψυχαὶ
2611 3728 2667 3781 αἱ
2700 3727 2823 3795 ἄρτι
2851 3720 3126 3777 θεοσεσιῖν
3177 3717 3484 3789 ἀρξάμεναι
3510 3757 3523 3779 ,
3552 3714 3645 3765 καὶ
3679 3710 3998 3801 ὀκλάσασαι

718 3822 774 3871 in
825 3832 991 3873 cursu
1037 3819 1304 3873 virtutum
1359 3820 1524 3889 lapsae
1568 3830 1786 3887 essent,
1832 3822 1899 3876 ad
1945 3822 2073 3876 vitia
2122 3824 2301 3878 redie-

718 3919 866 3964 runt.

793 4021 811 4051 ι
852 4002 994 4056 Ante
1035 4002 1253 4057 faciem.
1288 4022 1307 4053 ι
1346 4001 1448 4069 Qui
1483 4004 1537 4057 in
1569 4002 1941 4073 captivitatem
1974 4015 2147 4077 agunt
2173 4015 2301 4062 ante

718 4109 776 4145 se
824 4093 1049 4148 mittunt
1102 4110 1322 4164 pueros,
1382 4104 1695 4166 coguntque
1748 4095 1861 4159 ire;
1930 4097 2034 4151 boc
2096 4097 2304 4154 faciunt

717 4185 995 4239 daunones
1050 4186 1441 4256 compellentes
1496 4185 1733 4240 animam
1800 4202 2132 4258 quocunque
2196 4189 2301 4243 illis

719 4277 952 4332 libuerit
998 4305 1002 4313 -

790 4368 852 4422 V.
886 4370 939 4424 6.
979 4388 999 4421 ι
1036 4370 1225 4424 Omnis
1252 4369 1421 4425 decor
1457 4372 1594 4440 ejus.
1636 4392 1655 4425 ›
1692 4374 1774 4429 Ad
1814 4374 2051 4428 litteram
2079 4370 2301 4441 quidem

721 4461 1009 4530 templum,
1040 4460 1230 4532 legalis
1264 4461 1479 4527 cultus;
1509 4464 1576 4518 ad
1614 4480 1836 4520 sensum
1866 4473 2049 4518 autem
2078 4462 2301 4532 spirita-

722 4554 851 4608 lem.
888 4551 980 4606 Dei
1005 4552 1267 4622 cognitio,
1298 4561 1521 4622 propter
1542 4554 1823 4610 inductum
1852 4563 2156 4625 peccatum.

798 4662 815 4690 ι
858 4640 1006 4695 Facti
1057 4651 1206 4697 sunt.
1240 4660 1259 4694 ι
1307 4643 1435 4697 Sive
1482 4645 1818 4706 sacerdotes,
1851 4645 1969 4700 sive
2003 4644 2113 4699 alio
2141 4643 2304 4698 modo

723 4733 907 4803 populi
933 4733 1123 4799 duces,
1153 4749 1264 4787 non
1296 4734 1561 4788 habentes
1584 4735 1820 4805 amplius
1840 4735 1934 4804 qui
1966 4734 2073 4789 illis
2100 4733 2303 4804 aliquid

723 4825 1006 4880 oll'errent.
1040 4824 1289 4880 lnteriori
1334 4841 1463 4879 vero
1500 4841 1685 4889 sensu,
1715 4826 1853 4893 Quia
1891 4835 2177 4897 peccatum
2218 4826 2306 4880 in—

723 4926 839 4973 star
874 4918 1020 4971 venti
1062 4917 1273 4972 urentis
1311 4918 1607 4973 exsiccavit
1644 4934 1741 4973 eos
1776 4917 1868 4988 qui
1907 4918 1964 4973 in
2003 4917 2307 4988 disciplinis

720 5016 881 5067 erant
934 5023 1257 5078 progressus
1310 5007 1537 5073 facturi,
1590 5010 1876 5064 doctorum
1932 5009 2305 5066 institutiones

723 5114 923 5168 pascua
951 5115 1063 5154 non
1095 5100 1401 5155 inveniunt.

799 5213 817 5244 ι
856 5193 924 5249 Ει
960 5194 1207 5248 abibant.
1245 5214 1262 5245 ι
1302 5193 1439 5249 Dum
1467 5195 1890 5258 abducerentur,
1917 5194 2013 5257 ait,
2047 5193 2115 5248 ad
2143 5194 2310 5264 capti-

727 5282 971 5345 vitatem,
1012 5283 1208 5337 robore
1250 5283 1497 5338 destituti
1545 5294 1693 5338 sunt.
1738 5282 1833 5338 Vel
1876 5292 1932 5339 et
1980 5284 2081 5351 sic,
2119 5293 2309 5339 contra

726 5384 1011 5443 peccatum
1068 5376 1307 5439 intueri,
1353 5386 1407 5431 et
1466 5376 1539 5431 illi
1599 5377 1852 5431 resistere
1902 5390 2011 5430 non
2061 5375 2307 5430 valentes

726 5468 983 5521 inﬁrmati
1020 5477 1167 5521 sunt.

801 5561 860 5613 V.
896 5561 945 5613 'i.
983 5579 1001 5612 ι
1035 5560 1335 5615 ltecordata
1371 5573 1454 5617 est
1477 5561 1800 5617 Jerusalem.
1833 5579 1851 5611 ι
1878 5560 1935 5614 ln
1955 5560 2299 5625 memoriam,

727 5656 821 5710 ait.
870 5662 1136 5706 venerunt
1171 5654 1384 5711 dierum
1439 5667 1563 5709 ante
1619 5670 1772 5709 suam
1828 5652 2297 5718 liumitiationem,

824 5858 870 5890 “
912 5854 1058 5916 lCor
1114 5874 1174 5915 γε.
1211 5858 1286 5914 18.

2405 3798 2536 3889 περὶ
2564 3818 2658 3870 τὸν
2688 3816 2890 3886 δρόμον
2920 3813 3019 3883 τῆς
3061 3811 3289 3880 ἀρετῆς,
3317 3809 3411 3861 καὶ
3445 3803 3866 3875 ὑποστρέψασαι
3910 3798 3996 3861 είς

2403 3911 2505 3982 τὴν
2536 3908 2757 3963 κακίαν.

2483 4023 2501 4054 ι
2534 4002 2690 4056 Κατὰ
2719 3999 3034 4070 πρόσωπον.
3068 4015 3087 4047 ι
3119 3995 3184 4047 Οἱ
3205 3988 3711 4062 αἰχμαλωτεύοντες
3742 3986 4003 4053 ἐμπροσ-

2406 4096 2499 4148 θεν
2554 4094 2839 4164 βάλλοντες
2904 4089 2974 4142 τὰ
3045 4086 3222 4156 βρέφη
3279 4079 3654 4149 ἀναγκάζουσι
3713 4076 3995 4145 βαδίζειν·

2404 4186 2550 4241 οὓτω
2579 4187 2634 4239 δὲ
2664 4183 2914 4238 ποιοῦσιν
2942 4180 3039 4233 καὶ
3059 4181 3108 4231 οἱ
3136 4178 3412 4245 δαίμονες,
3443 4170 3868 4230 συνελαύνοντες
3892 4167 4000 4235 τὴν

2405 4278 2587 4349 ψυχὴν
2625 4279 2703 4337 εἰς
2736 4275 2766 4328 δ
2804 4273 3106 4344 βούλονται.

2487 4391 2502 4420 ι
2536 4371 2693 4423 Πᾶσα
2720 4369 2753 4438 ὴ
2785 4364 3092 4433 εὐπρέπεια
3126 4359 3320 4427 αὐτῆς.
3366 4377 3382 4405 ο
3422 4355 3565 4424 Πρὸς
3605 4353 3703 4421 μὲν
3730 4351 3796 4403 τὸ
3825 4350 3999 4420 ῥητὸν

2406 4462 2437 4512 ὁ
2462 4460 2610 4520 ναὸς.
2641 4462 2673 4528 ἡ
2703 4456 2905 4528 νομικὴ
2934 4456 3161 4524 λατρεία
3181 4471 3193 4484 ·
3229 4453 3369 4522 πρὸς
3397 4451 3453 4502 δὲ
3486 4449 3746 4509 διάνοιαν,
3787 4447 3822 4515 ἠ
3869 4444 3995 4497 Oee-

2333 4539 2381 4597 1)
2407 4552 2615 4621 γνωσία
2642 4551 2731 4604 διὰ
2759 4552 2860 4620 τὴν
2886 4551 2985 4618 τῆς
3015 4544 3295 4617 ἁμαρτίας
3328 4542 3654 4614 ἐπαγωγὴν.

2482 4664 2501 4696 ι
2545 4643 2845 4712 Ἐγένοντο.
2881 4661 2900 4691 ι
2940 4640 3063 4693 Εἴτε
3105 4640 3155 4691 οἱ
3198 4639 3399 4707 ἱερεῖς,
3442 4635 3551 4687 εἴτε
3591 4633 3685 4684 καὶ
3713 4631 3763 4682 οἱ
3808 4627 3995 4689 ἄλλως

2405 4737 2704 4809 ἡγούμενοι
2732 4733 2827 4787 τοῦ
2855 4731 3009 4794 λαοῦ,
3046 4731 3231 4783 οὐκέτι
3255 4729 3467 4797 ἔχοντες
3498 4724 3623 4785 τοὺς
3645 4720 3997 4791 προσφέρον-

2404 4831 2507 4894 τάς
2536 4846 2589 4882 τι
2627 4829 2832 4889 αὐτοῖς.
2878 4825 3021 4896 Πρὸς
3059 4824 3117 4875 δὲ
3144 4822 3412 4881 διάνοιαν,
3456 4818 3555 4887 τῆς
3588 4811 3875 4884 ἁμαρτίας
3915 4809 3998 4863 δί-

2408 4939 2513 4994 κην
2566 4920 2879 4980 καύσωνος,
2930 4916 3057 4978 τοὺς
3108 4917 3167 4966 ἐν
3224 4915 3290 4982 τῇ
3355 4907 3592 4980 μαθήσει
3647 4903 3996 4973 προκόπτειν

2412 5012 2704 5085 μέλλοντας
2757 5007 3222 5077 ἁποξηρανάσης,
3266 5004 3315 5056 οἱ
3368 4998 3741 5055 διδασκαλικοὶ
3791 4996 3995 5067 τρόποι

2407 5104 2508 5175 οὐχ
2545 5104 2863 5173 εὑρίσκουσι
2897 5099 3091 5167 νομήν.

2488 5213 2507 5246 ι
2548 5193 2660 5247 Καὶ
2710 5190 3059 5261 ἐπορεύοντο.
3098 5208 3116 5239 ι
3174 5185 3658 5255 Συνελαυνόμενοι,
3684 5182 3881 5252 φησὶν,
3910 5185 3995 5244 είς

2411 5287 2513 5358 τὴν
2552 5283 2935 5357 αἰχμαλωσίαν
2959 5297 2971 5310 ·
3021 5280 3208 5334 οὐκέτι
3256 5277 3503 5349 ἴσχυσαν.
3542 5276 3611 5328 Ἦ
3656 5276 3754 5328 καὶ
3792 5274 4002 5337 οὕτως,

2413 5379 2748 5450 ἡσθένησαν,
2787 5376 3107 5445 ἀντωπῆσαι
3152 5374 3247 5425 καὶ
3280 5372 3599 5432 ἀντιστῆναι
3633 5369 3702 5438 τῇ
3743 5367 4004 5437 ἁμαρτίᾳ

2418 5471 2495 5543 μὴ
2520 5469 2859 5539 δυνηθέντες.

2490 5579 2507 5607 ι
2551 5558 2830 5627 Ἐμνήσθη
2867 5554 3249 5626 Ἰερουσαλήμ.
3284 5572 3301 5604 ι
3327 5552 3420 5613 Et;
3442 5550 3773 5619 ἀνάμνησιν,
3804 5549 4003 5615 φησὶν,

2412 5648 2574 5722 ἦλθον
2628 5650 2737 5702 τῶν
2787 5648 2891 5715 πρὸ
2940 5649 3035 5723 τῆς
3092 5644 3474 5703 ταπεινώσεως
3521 5642 3691 5710 αὐτῆς
3744 5639 4005 5710 ἡμερῶν,
