4218 6448
224 381 324 442 729

1204 382 1667 444 FRAGMENTA
1707 383 1788 444 IN
1826 383 2098 444 JEREM.
2141 382 2492 444 LAMENT.‘

3365 381 3468 448 730

220 488 326 542 τῶν
355 487 441 540 διε
466 485 643 557 ᾤκουν
664 486 764 558 τὴν
804 487 1180 557 Ἰερουσαλὴμ,
1204 493 1299 541 καὶ
1318 485 1466 560 εἶχον
1493 490 1593 554 τὰς
1623 508 1791 562 προσ-

1823 502 1862 555 Α
1892 508 2016 548 cum
2051 491 2372 547 habitabant
2398 487 2719 552 Jerusalem,
2749 496 2804 541 ct
2832 485 3136 543 oblationes
3175 487 3465 544 habebam.

217 578 389 649 φοράς
414 593 428 606 ⁸
461 579 493 648 ἢ
518 578 615 632 καὶ
654 579 829 642 οὕτως
860 595 876 609 ⁶
908 577 1005 642 Εἰς
1045 581 1352 649 ἀὶάμνησιν
1383 577 1546 652 ἦλθον
1575 583 1684 636 τῶν
1713 585 1794 637 οἰ-

218 671 383 723 κείων
438 669 892 741 ἁμαρτημάτων,
950 669 1020 723 δι’
1075 670 1112 724 ἃ
1168 671 1394 740 γέγονεν
1443 675 1522 736 εἰς
1585 675 1791 744 αίχμα-

219 761 449 815 λωσίαν.

295 871 317 904 ι
349 854 535 908 Πάντα
564 853 634 906 τὰ
666 854 1082 924 ἐπιθυμήματα.
1123 875 1142 908 ι
1185 856 1330 927 Πρὸς
1363 856 1462 927 μὲν
1503 857 1566 910 τὸ
1605 858 1790 928 ῥητὸν,

216 948 246 996 ό
274 943 422 1008 ναὸς,
451 945 510 998 αἱ
538 943 900 1016 πανηγύρεις,
930 946 986 998 αἱ
1023 943 1234 1010 θυσίαι,
1261 947 1319 998 αί
1349 947 1684 1018 προσφοραὶ,
1724 947 1794 1000 τά

221 1034 340 1104 ἱερά
367 1034 560 1106 σκεύη.
581 1035 722 1105 Πρὸς
739 1035 797 1088 δὲ
817 1035 1053 1090 διάνοιαν
1070 1051 1084 1066 ·
1105 1036 1469 1106 ’Δνεμνήσθη,
1499 1037 1656 1106 φησὶ,
1683 1035 1792 1090 τῶν

218 1125 525 1196 ὲπιθυμιῶν
554 1126 749 1198 αὐτῆς,
781 1120 868 1189 αἷς
897 1125 1378 1198 ἑξακολουθήσασα
1406 1128 1631 1196 γέγονεν
1671 1128 1793 1198 αίχο

221 1213 489 1284 μάλωτος.

293 1325 311 1357 ι
360 1306 582 1370 ’ἰδόντες
613 1307 663 1361 oi
700 1305 889 1378 ἐχθροὶ
917 1308 1091 1378 αὐτῆς
1123 1309 1411 1377 ἐγέλασαν.
1443 1329 1462 1361 ι
1503 1310 1792 1378 Πεφύκασι

229 1396 330 1468 γὰρ
359 1400 408 1451 oi
439 1398 694 1469 δαίμονες
725 1399 866 1469 μετά
883 1401 946 1454 τὸ
974 1401 1304 1456 καταϐαλεῖν
1333 1401 1432 1474 τὴν
1451 1401 1652 1473 ψυχὴν,
1670 1403 1791 1455 τότε

222 1490 314 1542 καὶ
343 1490 608 1560 ἑπιγελᾷν
643 1492 782 1562 αὐτῇ
794 1530 809 1545 .

294 1601 314 1633 ι
360 1581 665 1653 ’Δμαρτίαν
701 1584 972 1654 ἥμαρτεν.
1011 1605 1030 1635 ν
1079 1586 1196 1647 Πᾶς
1247 1586 1347 1655 μὲν
1384 1587 1413 1639 ό
1457 1586 1792 1657 ἁμαρτάνων

218 1673 378 1744 δῆλον
424 1675 507 1728 δτι
560 1674 658 1746 τὴν
704 1677 983 1748 ἁμαρτίαν
1025 1677 1352 1748 ἐργάζεται·
1403 1677 1704 1748 ἁμαρτίαν·
1733 1677 1792 1731 at

219 1767 564 1838 ἁμαρτάνειν
589 1767 834 1838 λέγεται,
862 1771 892 1822 ό
914 1771 976 1822 ιν
1004 1769 1205 1838 γνώσει
1229 1770 1580 1841 ἁμαρτάνων.
1606 1771 1792 1824 Δίνίτ-

219 1876 373 1914 τεται
397 1860 457 1915 δὲ
483 1863 610 1925 τοὺς
649 1862 938 1922 Ἰουδαίους
962 1905 978 1926 ,
1009 1863 1094 1918 ὅτι
1133 1865 1225 1918 τὸν
1251 1865 1789 1934 προκηρυττόμενον,

223 1953 314 2005 καὶ
370 1953 818 2025 προσδοκώμενον
866 1955 958 2009 ὑπ’
1009 1956 1191 2010 αὐτῶν
1224 1957 1449 2028 Κύριον,
1483 1973 1796 2030 παραγεγοο

224 2045 348 2096 νότα
382 2045 755 2115 ἐσταύρωσαν.

295 2153 313 2181 ς
355 2135 562 2198 Πάντες
588 2137 638 2188 οἱ
660 2136 980 2202 δοξάζοντες
1005 2138 1196 2207 αὑτήν.
1233 2156 1252 2187 ι
1292 2135 1438 2205 Πρὸς
1467 2137 1566 2206 μὲν
1605 2136 1789 2207 ῥητὸν,

221 2229 250 2296 ἡ
288 2228 578 2300 συναγωγὴ
607 2228 1108 2298 αἰχμαλωτισθεῑσα
1132 2267 1146 2291 ,
1191 2232 1326 2301 πρὸς
1365 2229 1423 2283 δὲ
1452 2229 1715 2290 διάνοιαν,
1755 2229 1788 2300 ἡ

225 2321 464 2390 εμαρτίᾳ
495 2321 725 2376 νοσοῦσα
768 2319 916 2392 ψυχὴ
941 2363 956 2388 ,
1001 2321 1098 2392 τῆς
1137 2321 1308 2390 ὀρθῆς
1336 2321 1579 2384 στάσεως
1617 2338 1791 2392 παρα-

218 2411 524 2480 κινηθεῖσα.

293 2525 314 2558 ι
337 2507 745 2561 Ἑταπείνωσαν
773 2507 967 2579 nam.
992 2527 1011 2561 ι
1037 2508 1108 2561 Ἣ
1135 2509 1184 2562 oi
1211 2508 1467 2578 δαίμονες
1488 2550 1501 2575 ,
1525 2508 1576 2561 οἱ
1602 2507 1789 2577 πρώην

215 2601 389 2673 αὐτὴν
415 2601 873 2673 άναπτεροῠντες,
892 2603 980 2656 ὅτε
1015 2601 1200 2663 αὐτοῖς
1230 2600 1388 2654 ἔθυεν
1411 2602 1446 2671 η
1472 2600 1786 2669 συναγωγὴ,

213 2691 311 2755 οὒς
353 2693 446 2746 καὶ
495 2691 725 2764 ὕστερον
772 2693 1126 2764 ἀπεστράφη,
1174 2691 1207 2762 ἢ
1258 2693 1352 2746 καὶ
1383 2694 1440 2746 al
1474 2693 1584 2746 τῶν
1618 2694 1791 2761 ἁγίων

215 2785 409 2852 ψυχαὶ,
447 2785 502 2836 αἱ
543 2786 608 2837 ἐκ
641 2783 940 2847 διαθέσεως
963 2785 1256 2851 ἀγαπῶσαι
1287 2785 1389 2855 τὴν
1413 2784 1788 2855 Ἰερουσαλὴμ,

219 2875 315 2928 καὶ
341 2873 663 2938 δοξάζουσαι
686 2873 858 2944 αὐτὴν
887 2872 1334 2942 εὐπράττουσαν,
1367 2874 1792 2943 ἁμαρτάνουσαν

215 2966 275 3019 δὲ
306 2966 806 3037 ἀποστρεφόμεναι.

295 3075 315 3106 ι
354 3051 506 3110 Εἶδον
545 3056 653 3128 γὰρ
683 3058 782 3128 τὴν
819 3055 1213 3126 ἀσχημοσύνην
1255 3055 1447 3125 αὐτῆς.
1485 3073 1502 3106 ι
1544 3056 1645 3109 Διὰ
1683 3057 1791 3124 γάρ

1899 583 1992 637 Vel
2023 592 2080 636 et
2109 582 2188 636 sic
2222 597 2238 634 :
2275 578 2622 648 Pmpriorum
2655 577 2981 632 delictorum
3019 578 3284 632 recordanti
3319 588 3467 641 sunt,

1895 683 2116 745 propter
2151 687 2274 742 qua:
2304 669 2593 740 captivitas
2623 670 2791 725 venit.

1969 869 1989 902 ι
2023 848 2280 905 Omnium
2302 848 2717 905 desideriorum.
2745 865 2765 900 ι
2792 847 2873 902 Ad
2899 847 3156 911 litteram,
3180 849 3462 918 templum,

1892 942 2296 1006 solemuitates,
2358 939 2651 1005 sacriﬁcia,
2709 938 3044 1002 oblationes,
3101 953 3230 993 vasa
3288 955 3466 994 sacra.

1896 1032 2070 1089 Sensu
2113 1048 2244 1088 vero
2285 1032 2536 1102 mystico,
2569 1031 2852 1086 recordata
2899 1041 3004 1095 est,
3035 1031 3132 1095 ait,
3167 1030 3462 1085 desiderio-

1893 1141 2015 1181 rum
2039 1140 2288 1189 suorum,
2314 1139 2438 1195 quae
2461 1132 2687 1189 sectata,
2714 1124 2928 1194 captiva
2956 1121 3096 1177 facta
3115 1131 3220 1177 est.

1968 1318 1986 1350 ι
2036 1297 2292 1352 Videntcs
2351 1296 2557 1351 inimici
2615 1295 2735 1365 ejus
2794 1295 3050 1348 riserunt.
3098 1311 3118 1346 ι
3177 1292 3462 1362 Proprium

1891 1391 2092 1461 quippe
2143 1389 2450 1443 daemonum
2495 1397 2600 1450 est,
2647 1387 2740 1442 ubi
2786 1387 3022 1441 animam
3043 1385 3465 1455 prostraverint,

1897 1493 2024 1537 tunc
2053 1481 2218 1536 etiam
2251 1479 2499 1534 irridere.

1963 1569 2028 1625 ν.
2060 1571 2114 1626 8.
2149 1589 2168 1623 ι
2197 1569 2489 1624 Peccatum
2518 1565 2782 1637 peccavit.
2812 1584 2830 1616 ι
2860 1563 3056 1634 Liquet
3084 1576 3302 1618 omnem
3331 1575 3462 1632 pec-

1893 1673 2106 1720 cantem
2190 1671 2476 1731 peccatum
2546 1659 2878 1722 admittere;
2965 1665 3246 1726 peccatum
3331 1670 3463 1708 vero

1895 1769 2121 1826 peccare
2182 1753 2229 1809 is
2281 1752 2504 1815 dicitur,
2559 1751 2652 1821 qui
2710 1751 2944 1804 scienter
3007 1757 3217 1818 peccat.
3281 1745 3464 1800 lnnuit

1822 1826 1865 1882 Β
1895 1862 2058 1918 porro
2111 1845 2359 1909 Judieos,
2408 1844 2502 1913 qui
2569 1841 2989 1913 praenuntiatum
3052 1850 3106 1895 et
3178 1848 3465 1908 exspecta-

1895 1950 2010 1994 tum
2090 1938 2197 1994 illis
2269 1936 2596 2004 Dominum,
2652 1933 2742 1989 ubi
2803 1932 3058 1994 advenit,
3118 1932 3172 1986 iu
3245 1945 3463 1986 crucem

1893 2037 2142 2101 egerunt.

1967 2143 1985 2176 ι
2023 2123 2229 2179 Omnes
2273 2121 2367 2192 qui
2415 2118 2792 2191 gloriﬁcabant
2842 2132 2982 2170 eam.
3023 2134 3043 2168 ι
3097 2115 3176 2169 Ad
3224 2114 3462 2169 litteram

1889 2215 2438 2288 quidem,Synagoga
2498 2211 2553 2265 in
2607 2209 2980 2280 captivitatem
3025 2207 3189 2262 ducta
3236 2224 3251 2260 :
3297 2221 3461 2260 sensu

1891 2325 2022 2365 vero
2045 2306 2244 2372 altiori,
2268 2304 2554 2376 iniquitate
2577 2302 2832 2357 laborans
2860 2301 3064 2364 anima,
3089 2313 3120 2353 a
3144 2307 3294 2352 recto
3317 2306 3460 2353 statu

1889 2405 2113 2459 dimota.

1966 2515 1984 2547 ι
2021 2491 2462 2550 Humiliaverunt
2495 2487 2663 2542 illam.
2700 2505 2718 2536 ι
2755 2484 2848 2539 Vel
2878 2484 3155 2538 dmmones
3186 2483 3277 2552 qui
3312 2480 3462 2552 prius

1889 2601 2016 2641 eam
2083 2582 2377 2644 inﬂabant,
2428 2593 2551 2632 cum
2607 2576 2714 2629 illis
2766 2572 3044 2644 Synagoga
3099 2569 3461 2634 sacrificabat,

1889 2692 2028 2746 quos
2056 2675 2221 2729 etiam
2255 2680 2534 2742 postremo
2573 2674 2818 2721 aversata
2856 2671 2941 2718 est
2967 2681 2983 2717 :
3008 2662 3092 2717 vel
3131 2663 3296 2715 etiam
3337 2675 3462 2715 sau-

1890 2781 2102 2825 ctorum
2146 2766 2362 2825 animae,
2398 2777 2519 2831 quae
2551 2775 2618 2814 ex
2651 2757 2815 2813 corde
2848 2755 3104 2810 amabant
3138 2752 3460 2815 Jerusalem,

1890 2875 2119 2930 eamque
2174 2865 2319 2911 recte
2375 2859 2629 2924 agentem
2681 2846 3088 2920 glorilicabant,
3144 2852 3459 2914 peccantem

1894 2969 2021 3008 vero
2049 2947 2500 3004 adversabantur.

1968 3062 1987 3095 ι
2012 3041 2280 3094 Viderunt
2300 3037 2446 3091 enim
2471 3031 2828 3102 ignominiam
2858 3029 2996 3098 ejus.
3024 3045 3044 3077 ι
3070 3024 3236 3081 Gravi
3262 3023 3463 3094 quippe

214 3142 318 3212 τῆς
351 3115 590 3217 σφοδρᾶς
621 3115 1529 3216 τιμῶρίαςκάνεκαλθφθησαν-καὶ
1589 3115 1786 3213 ὲφοινεζ

1823 3160 1856 3214 ε
1893 3133 2160 3206 supplicio
2192 3131 2421 3184 detecta
2462 3133 2592 3179 sunt
2622 3132 2678 3177 et
2711 3121 2886 3192 palam
2938 3117 3093 3173 facta:
3126 3115 3462 3186 iniquitates,

217 3232 476 3304 ρώθησαν
498 3235 556 3286 αἱ
582 3234 851 3306 ἁμαρτίαι
870 3272 888 3297 ,
913 3232 982 3286 δι’
1011 3231 1076 3294 a;
1109 3233 1203 3286 καὶ
1233 3233 1333 3296 τὰς
1371 3235 1643 3307 τιμωρίας
1682 3237 1786 3288 ὑπ·-

216 3323 374 3395 όστη.

293 3437 314 3469 ι
356 3420 530 3487 Καίγε
575 3421 715 3492 αὐτὴ
757 3424 1116 3489 στενάζουσα.
1156 3445 1174 3478 ι
1227 3426 1292 3478 'H
1352 3423 1452 3493 μὲν
1498 3421 1789 3490 συναγωγὴ

218 3509 402 3564 οὐκέτι
429 3511 756 3568 δουλεύουσα
788 3515 1074 3586 δαίμοσιν·
1120 3520 1153 3588 ή
1182 3516 1240 3570 δὲ
1264 3515 1490 3585 τοιαύτη
1521 3512 1670 3585 ψυχὴ
1711 3515 1790 3576 εἰς

220 3603 575 3674 συναίσθησιν
604 3605 902 3677 ἐρχομένη,
948 3608 1042 3662 καὶ
1075 3607 1438 3672 στενάζουσα,
1469 3607 1564 3660 καὶ
1593 3605 1792 3675 τρόπον

217 3696 342 3748 τινὰ
371 3694 674 3769 βουλομένη
691 3699 1048 3766 ἁποποδίζειν
1087 3702 1152 3754 ἐκ
1196 3700 1320 3766 τῶν,
1351 3700 1788 3769 ἁμαρτημάτων.

295 3805 315 3838 ι
365 3788 700 3860 ’Δκαθαρσία
743 3791 912 3860 αὐτῆς
960 3792 1068 3862 πρὸ
1118 3791 1296 3844 ποδῶν
1345 3790 1535 3859 αὐτῆς.
1575 3809 1593 3838 ι
1649 3788 1791 3840 Ἀντὶ

215 3876 336 3944 τοῦ,
369 3880 783 3950 μεμολυσμέναι
815 3882 974 3937 εἰσίν.

296 3985 315 4019 ι
350 3967 464 4022 οὐκ
485 3969 736 4041 ἐμνήσθη
773 3971 980 4042 ἔσχατα
1005 3971 1200 4040 αὐτῆς.
1233 3990 1252 4024 ι
1290 3972 1354 4026 Ei
1386 3968 1632 4041 ἐμνήσθη
1655 4011 1670 4034 ,
1695 3986 1793 4040 φη-

218 4060 328 4125 σὶν,
371 4061 453 4115 δτι
497 4063 648 4125 ἐστὶν
679 4063 1063 4127 άνταπόδοσις,
1101 4060 1248 4135 εἶχεν
1285 4063 1488 4132 ἑαυτῆς
1517 4061 1791 4114 ταπεινώ-

217 4170 335 4206 σειν
381 4154 479 4218 τὴν
517 4155 924 4226 ὑπερηφανίαν,
958 4155 1046 4210 ῐνα
1075 4156 1152 4226 μὴ
1181 4157 1326 4227 πέσῃ
1361 4155 1466 4208 ὑπὸ
1494 4154 1593 4225 τὴν
1629 4170 1792 4221 τιμω-

217 4246 376 4315 ρίαν⁶
402 4249 430 4300 ό
462 4246 562 4317 μὲν
591 4249 700 4320 γὰρ
725 4247 1036 4318 ὑπέρογκος
1063 4245 1441 4309 ταπεινοῦται,
1461 4247 1491 4299 ό
1512 4245 1569 4298 δὲ
1594 4261 1792 4297 ταπειο

215 4338 306 4398 νὸς
337 4337 588 4407 ὑψοῦται,

295 4447 314 4478 ‹
348 4428 476 4494 Ἴδε,
523 4429 745 4500 Κύριος.
783 4448 804 4480 ι
857 4430 1278 4483 υίκειοποιεῐται
1321 4429 1350 4482 ό
1383 4426 1538 4496 ἅγιος
1582 4426 1794 4481 ἐκεῖθεν

215 4520 328 4574 τῶν
360 4521 783 4591 ἁμαρτανόντων
807 4519 876 4575 τὰ
905 4519 1202 4590 πλημμέλη
1213 4537 1358 4588 ματα
1374 4559 1390 4586 ,
1417 4520 1513 4574 καὶ
1534 4517 1631 4589 τὴν
1653 4518 1794 4589 ὑπὲρ

215 4611 401 4666 αὐτῶν
432 4612 700 4683 προσάγει
732 4610 935 4682 δέησιν.

300 4722 319 4754 ι
364 4703 539 4767 Χεῖρα
581 4700 748 4755 αὐτοῦ
789 4700 1086 4765 ὲξεπᾶτασε
1119 4701 1342 4755 θλίϐων.
1383 4719 1404 4753 ι
1440 4701 1584 4772 Πρὸς
1611 4699 1710 4770 μὲν
1735 4699 1798 4753 τὸ

221 4793 410 4868 ῥητὸν,
435 4793 704 4863 πρότερος
744 4793 774 4846 ό
810 4789 1153 4854 Βαϐυλώνιος
1177 4830 1192 4853 ,
1239 4790 1468 4861 ὕστερον
1503 4789 1562 4843 δὲ
1599 4789 1696 4844 καὶ
1746 4789 1796 4841 οἱ

235 4885 497 4954 Ῥωμαῖοι
525 4885 594 4939 τα
621 4883 937 4954 ἐπιθυμητὰ
969 4882 1160 4952 σκεύη,
1195 4884 1291 4938 καὶ
1325 4884 1426 4936 ὅσα
1445 4877 1514 4952 ἦν
1542 4880 1798 4946 ἀξιόλογα

219 4979 282 5030 ἐν
307 4978 374 5046 τῇ
401 4973 758 5044 Ἰερουσαλὴμ
788 4972 1093 5042 εἰλήφασιν.
1117 4973 1258 5043 Πρὸς
1281 4971 1340 5025 δὲ
1359 4971 1620 5033 διάνοιαν,
1650 4969 1800 5024 ἐτόλ-

223 5083 390 5137 μησε,
428 5067 616 5135 φησὶν,
651 5066 685 5135 ἡ
722 5065 914 5130 κακία,
934 5063 1260 5134 ὲφήπλωσεν
1299 5063 1499 5135 ἑαυτὴν
1514 5064 1659 5118 κατὰ
1699 5064 1800 5134 τῆς

220 5157 426 5228 ψυχῆς.
455 5160 552 5212 καὶ
579 5155 930 5210 ἰπεσκότισεν
958 5155 1130 5223 αὐτῆς
1168 5159 1268 5227 τὴν
1314 5154 1660 5226 ἰπιθυμητὴν
1683 5155 1803 5208 θεο-

221 5249 488 5319 γνωσίαν.

305 5361 323 5392 ι
361 5339 481 5394 Εἷδε
517 5340 625 5410 γὰρ
657 5339 803 5408 ἔθνη.
837 5360 856 5392 ι
907 5339 1227 5393 Ἐκέλευσιν
1271 5341 1298 5392 ὁ
1330 5339 1464 5402 Θεὸς
1507 5338 1804 5399 Μωαϐίτας

225 5435 324 5488 καὶ
361 5430 701 5501 Ἀμμανίτας
731 5431 806 5500 μὴ
850 5431 931 5492 εἰς
984 5429 1281 5497 ἐκκλησίαν
1303 5430 1512 5499 Κυρίου
1541 5428 1766 5482 εἰσιέναι
1787 5445 1800 5458 ⁸

225 5519 613 5593 ἐρημωθείσης
642 5515 735 5572 οὖν
756 5519 856 5589 τῆς
899 5517 1291 5588 Ἰερουσαλὴμ,
1319 5516 1572 5588 είσῆλθον
1603 5517 1694 5570 καὶ
1716 5511 1806 5570 οὗ·

225 5631 314 5670 τοι
350 5615 430 5675 είς
455 5612 545 5664 τὸν
576 5611 726 5664 ναόν.
762 5610 904 5682 Πρὸς
945 5610 1004 5664 δὲ
1035 5610 1296 5673 διάνοιαν,
1327 5608 1632 5678 ἁκάθαρτοί
1663 5625 1806 5672 τινες

225 5706 483 5777 λογισμοὶ
507 5707 586 5767 είς
619 5706 678 5759 τὸ
702 5706 895 5760 ἄδυτον
931 5710 1031 5778 τῆς
1058 5706 1237 5776 ψυχῆς
1267 5705 1575 5776 ἐχώρησαν-

303 5817 348 5851 ¹⁵⁵
379 5817 535 5873 Deut.
567 5834 624 5882 ll,
649 5819 732 5872 ‘39.

1891 3228 1962 3282 ob
1989 3239 2125 3295 quas
2155 3221 2319 3276 etiam
2345 3216 2524 3289 prunis
2549 3215 2763 3270 addicta
2790 3223 2894 3270 est.

1969 3443 1987 3473 ι
2032 3424 2207 3490 Atque
2247 3419 2362 3488 ipsa
2406 3429 2651 3486 gemens.
2691 3431 2710 3464 ι
2756 3411 3034 3482 Synagoga
3090 3408 3312 3480 quidem
3355 3419 3465 3459 non

1892 3511 2126 3582 amplius
2155 3506 2495 3563 daemonibus
2524 3503 2788 3566 serviens,
2821 3499 3088 3571 ejusmodi
3123 3511 3251 3552 vero
3283 3494 3467 3550 anima

1893 3603 1948 3656 in
1983 3615 2041 3655 se
2087 3597 2322 3660 rediens,
2352 3604 2407 3649 et
2453 3607 2699 3663 gemens,
2733 3599 2789 3644 et
2837 3587 3238 3660 quodammodo
3276 3583 3468 3639 volens

1893 3691 2088 3762 pedem
2114 3689 2184 3744 de
2216 3694 2442 3756 peccato
2468 3683 2768 3738 retrahere.

1965 3779 2028 3834 V.
2058 3779 2111 3833 9.
2151 3796 2168 3829 ι
2211 3773 2559 3830 [inmunditia
2604 3772 2725 3840 ejus
2765 3777 2892 3823 ante
2926 3765 3093 3837 pedes
3120 3764 3258 3834 ejus.
3298 3781 3318 3814 ι
3354 3759 3470 3817 lloc

1893 3879 1994 3937 est,
2024 3868 2242 3938 polluta:
2271 3872 2418 3919 sunt.

1970 3981 1988 4013 ι
2027 3961 2146 4014 Non
2174 3966 2256 4013 est
2286 3954 2568 4011 recordata
2597 3950 3019 4005 novissimorum
3067 3960 3312 4000 suorum.
3348 3960 3369 3994 ι
3412 3941 3468 3996 Si

1897 4049 2176 4104 recordata
2217 4052 2385 4110 esset,
2409 4041 2607 4111 inquit,
2641 4037 3058 4092 retributionem
3109 4033 3285 4104 sequi,
3315 4045 3468 4086 suam

1894 4142 2082 4212 utique
2115 4136 2425 4206 superbiam
2455 4131 2894 4202 compressisset,
2928 4143 2995 4181 ne
3030 4126 3208 4196 pinnis
3235 4119 3469 4180 obnoxia

1895 4233 2050 4288 ﬁeret
2083 4247 2097 4284 :
2131 4227 2352 4283 inﬂatus
2390 4224 2538 4282 enim
2589 4221 2930 4283 humiliatur,
2971 4227 3026 4272 at
3049 4215 3274 4272 humilis
3321 4213 3469 4269 exal-

1895 4334 2194 4473 ωῗῐῆἱόθ,
2227 4406 2480 4464 Domine.
2524 4422 2544 4456 ι
2604 4402 2720 4457 Sibi
2771 4399 2996 4454 ascribit
3057 4397 3187 4452 inde
3249 4404 3470 4451 sanctus

1825 4487 1868 4543 θ
1897 4515 2246 4575 peccatorum
2277 4500 2496 4560 delicta,
2532 4505 2696 4564 atque
2729 4508 2830 4564 pro
2861 4491 2968 4546 illis
2997 4503 3188 4560 preces
3215 4486 3468 4543 eﬂundit.

1971 4701 2032 4754 V.
2067 4699 2154 4752 ill.
2202 4716 2221 4748 ι
2257 4694 2473 4748 Manum
2525 4703 2681 4744 suam
2729 4685 2972 4742 extendit
2998 4683 3289 4739 tribulans.
3326 4698 3348 4734 ι
3388 4680 3475 4736 Ad

1897 4795 2132 4850 litteram
2163 4790 2373 4861 priores
2403 4781 2705 4855 Babylonii,
2735 4779 2936 4835 deinde
2975 4786 3032 4831 et
3069 4773 3299 4831 Romani
3327 4773 3475 4828 desi-

1897 4885 2159 4942 derabilia
2192 4895 2342 4942 vasa,
2371 4888 2427 4932 et
2453 4873 2717 4946 quidquid
2750 4879 2869 4927 erat
2911 4869 3212 4939 pretiosum
3252 4864 3476 4918 ieroso-

1898 4978 2056 5048 lytnis
2091 4976 2461 5045 diripuerunt.
2511 4969 2592 5022 Ad
2647 4961 2978 5021 sententiam
3029 4967 3209 5014 autem
3258 4956 3472 5027 spirita-

1900 5073 2008 5126 lem
2039 5089 2052 5124 :
2083 5069 2251 5130 Ausa,
2282 5063 2485 5132 inquit,
2517 5069 2601 5112 est
2629 5055 2903 5126 nequitia;
2931 5051 3124 5107 ell'udit
3165 5065 3225 5104 se
3263 5049 3316 5102 in
3355 5047 3479 5100 aui-

1902 5175 2080 5221 mam,
2123 5153 2652 5220 desiderabilemque
2707 5148 2762 5202 in
2824 5146 2914 5200 illa
2971 5143 3067 5198 Dei
3109 5140 3475 5212 cognitionem

1903 5250 2306 5307 obtenebravit.

1980 5361 1998 5393 ι
2043 5339 2183 5394 Vidit
2217 5337 2363 5392 enim
2401 5345 2612 5406 gentes.
2650 5350 2668 5381 ι
2701 5330 2948 5384 Iusserat
2973 5324 3116 5378 Deus
3138 5323 3185 5355 ⁸⁸
3217 5321 3474 5375 Moabitas

1905 5441 1962 5487 et
1998 5428 2336 5486 Ammonitas
2383 5405 2437 5480 in
2489 5419 2703 5477 Domini
2732 5415 3017 5472 ecclesiam
3066 5427 3176 5466 non
3215 5405 3428 5480 ingredi
3463 5425 3475 5460 :

1908 5521 2151 5578 desolata
2197 5518 2365 5590 igitur
2406 5512 2762 5582 Jerosolyma,
2793 5503 3024 5577 ingressi
3054 5511 3185 5559 sunt
3216 5497 3480 5567 templum

1910 5625 1966 5669 et
1991 5613 2093 5684 ipsi
2122 5629 2136 5667 :
2164 5589 2520 5680 spiritualiter
2540 5619 2695 5665 vero,
2720 5601 2949 5670 impune
2988 5595 3234 5667 quaedam
3272 5589 3478 5662 cogita-

1913 5706 2091 5758 tiones
2120 5702 2173 5756 in
2203 5701 2317 5756 loca
2343 5698 2537 5753 animae
2567 5702 2780 5750 secreta
2809 5693 3184 5760 penetrarunt.
