4218 6448
235 380 340 441 733

1240 392 1701 452 FRAGMENTA
1745 393 1824 451 ΙΝ
1866 393 2136 453 JEREM.
2179 396 2506 454 LAMENT.

3389 402 3492 464 734

237 489 612 561 ἁμαρτήματα
668 493 970 561 συνήγαγεν
1034 495 1114 557 είς
1184 496 1264 560 ἐν,
1319 499 1476 553 ἅτινα
1572 497 1816 572 πατήσας

1924 503 2067 556 mina
2102 505 2156 557 in
2185 521 2353 558 unum
2384 505 2627 575 collegit;
2659 521 2779 575 qum
2806 507 3022 560 calcans
3055 508 3236 561 vinum
3270 525 3494 578 expres-

234 579 636 654 ἐποίησενοίνον
656 602 669 614 ·
694 587 824 654 περὶ
839 580 901 639 οῦ
934 602 1098 656 φησιν
1115 588 1142 639 ό
1163 588 1486 660 Ψαλμῳδὺς,
1504 593 1583 645 ὃτι
1622 593 1810 658 [Ioni-

229 692 369 742 ptor
417 675 490 727 ἐν
521 675 672 743 χειρὶ
707 676 928 744 Κυρίου
978 677 1151 732 οτνου
1205 680 1486 748 ἀκράτου,
1530 683 1803 736 τουτέστιν

233 766 424 834 ὀργῆς.
456 766 848 836 Ἐξεταζόμενα
872 770 979 838 γὰρ
1008 769 1078 822 τὰ
1097 771 1491 840 ἁμαρτήματα,
1508 774 1604 826 καὶ
1624 774 1811 846 ὥσπερ

239 858 628 925 ἐκθλιϐόμενα,
658 858 810 912 θείαν
836 861 1005 931 ὀργὴν
1024 862 1444 928 ἁποστάζουσιν,
1466 866 1536 935 ἢν
1562 866 1811 929 ποτίζονι

236 963 326 1000 ται
361 949 410 1000 0i.
442 949 870 1019 ἁμαρτάνοντες,

315 1059 333 1091 ε
385 1039 445 1092 '0
475 1040 754 1111 ὀφθαλμός
801 1060 904 1110 μου
950 1044 1270 1114 κατήγαγεν
1305 1044 1470 1116 ὕδωρ.
1505 1067 1526 1099 ι
1579 1046 1652 1098 Τὸ
1692 1046 1811 1100 δια-

234 1133 482 1201 νοητικδν
527 1136 626 1204 τῆς
675 1133 857 1203 ψυχῆς
888 1135 1090 1201 τρόπον
1114 1137 1238 1190 τινὰ
1262 1137 1491 1212 δακρύει
1513 1177 1528 1201 ,
1567 1140 1659 1192 καὶ
1687 1142 1810 1192 ἐπι⁶

235 1223 481 1288 στενάζει
511 1227 623 1286 τοίς
656 1225 882 1295 άμαρτή
892 1243 1077 1294 μασιν.

313 1335 332 1367 ι
352 1317 411 1369 '0
439 1317 785 1387 ἐπιστρέφων
803 1317 984 1388 ψυχήν
1018 1336 1140 1389 μου.
1177 1339 1196 1371 ι
1238 1321 1382 1390 Πρὸς
1417 1323 1515 1392 μὲν
1535 1322 1598 1376 τὸ
1623 1323 1811 1394 ῥητὸν.

234 1407 315 1458 ὅτι
348 1408 510 1478 μέχρι
544 1407 638 1461 νῦν
673 1409 916 1464 Ἰουδαῖοι
947 1412 1360 1482 ταλαιπωροῦσι
1389 1454 1404 1476 ,
1447 1413 1581 1485 πρὸς
1607 1414 1664 1466 δὲ
1701 1415 1816 1467 διά-

235 1517 404 1563 νοιαν,
429 1502 457 1552 ό
482 1501 680 1568 τρόπος
708 1505 808 1572 τῆς
843 1503 1068 1574 μνήμης
1097 1505 1193 1558 τοῦ
1225 1502 1384 1571 Θεοῦ,
1406 1507 1435 1558 ό
1464 1507 1813 1576 ἐπιστρέφων

246 1591 335 1662 τὴν
360 1591 536 1662 ψυχὴν
564 1596 627 1647 ἐκ
657 1592 892 1650 θανάτου
924 1597 1006 1659 είς
1032 1597 1199 1667 ζωήν.

307 1707 324 1736 ι
380 1684 661 1752 Ἐγένοντο
694 1686 744 1738 0i
773 1686 880 1738 υἱοί
923 1704 1047 1756 μου.
1091 1706 1109 1738 ι
1165 1690 1230 1740 Δί
1269 1691 1521 1759 διάφοροι
1561 1689 1789 1759 πράξεις

236 1773 332 1828 τοῦ
385 1776 580 1846 ἐχθροῦ
635 1777 792 1847 ἡμῶν
840 1778 1088 1832 διαϐόλου
1139 1780 1601 1851 ἑπικρατεστέρου
1670 1799 1814 1849 γινο-

239 1868 423 1936 μένου.
779 1919 785 1926 ,

313 1978 331 2008 ε
361 1961 658 2015 Διεπέτασε
687 1961 847 2016 Σιών.
881 1981 898 2014 ι
935 1961 1071 2017 Ὑπὸ
1104 1963 1420 2034 ἐκπλήξεως
1474 1967 1811 2037 παρειμένας

237 2050 362 2121 ἔσχε
389 2052 486 2113 τὰς
512 2056 721 2123 χεῖρας,
751 2055 931 2117 πάσας
957 2054 1165 2124 ἀγαθὰς
1191 2056 1397 2126 ῥίψασα
1413 2058 1645 2127 πράξεις

311 2159 330 2192 ε
370 2142 482 2195 Οὐκ
508 2145 655 2197 ἐστιν
690 2146 718 2197 6
757 2146 1095 2214 παρακαλῶν
1119 2148 1312 2216 αὑτήν.
1358 2165 1375 2196 ο
1417 2150 1491 2200 Οὐ
1523 2149 1708 2219 νόμος,
1751 2153 1810 2204 οὔ

234 2233 542 2303 προφήτης.

312 2339 329 2373 ι
379 2321 714 2375 Ἐνετείλατο
741 2323 968 2394 Κύριος.
1005 2341 1023 2373 t
1059 2325 1424 2395 Ilaprjrreus
1445 2369 1458 2393 ,
1487 2329 1620 2398 (moi
1646 2370 1658 2392 ,
1697 2329 1811 2382 Κύ-

232 2431 379 2478 υιος.
410 2413 532 2466 Ὅτι
562 2414 748 2485 κύκλῳ
780 2417 917 2468 εἰσὶν
947 2417 997 2467 0i
1030 2416 1305 2483 θλίϐοντές
1343 2437 1398 2472 σε
1421 2460 1434 2479 .
1467 2421 1654 2491 νῆψοΨ
1697 2421 1725 2472 6
1751 2420 1810 2473 δὲ

234 2507 315 2568 εἰς
344 2505 617 2576 ρᾳθυμίαν
660 2506 954 2571 ἐξέκλινεν.
991 2511 1061 2562 Ἦ
1091 2509 1297 2572 οὕτως’
1345 2512 1566 2581 Ἐντολὴ
1603 2513 1808 2581 Κυρίου

235 2599 432 2664 φησίν·
479 2598 624 2652 Ἰδοὺ
674 2601 906 2653 τέθεικα
956 2603 1068 2670 πρὸ
1116 2604 1441 2671 προσώπου
1488 2603 1655 2672 ὑμῶν
1694 2603 1809 2671 τὴν

234 2689 423 2755 (chr,
453 2691 554 2743 καὶ
591 2691 698 2744 τὸν
732 2691 1012 2747 θάνατον.
1063 2694 1282 2765 Ἐπειδὴ
1321 2695 1501 2748 τοίνυν
1535 2694 1810 2747 άνθείλετο

233 2782 333 2849 τῆς
367 2777 512 2848 ζωῆς
540 2781 632 2833 τὸν
665 2779 896 2832 θάνατον
918 2781 947 2832 6
981 2779 1194 2846 Ἰακὼϐ,
1222 2782 1472 2850 ἐγένοντο
1498 2780 1683 2851 κύκλῳ
1713 2781 1808 2832 αὑ-

235 2871 331 2922 τοῦ
362 2871 411 2923 οί
443 2871 720 2934 θλίϐοντες
752 2872 935 2926 αὐτόν.

311 2976 328 3008 ι
361 2957 453 3020 Εἰς
508 2959 961 3030 ἀποκαθημένην.
1005 2979 1023 3012 t
1077 2962 1224 3015 ’Λντὶ
1281 2961 1406 3016 τοῦ·
1450 2963 1620 3033 ’Υπὲρ
1683 2967 1810 3026 τοὺς

237 3048 490 3119 ἐχθρους,
522 3043 597 3102 ὧν
639 3052 698 3102 ἐν
744 3049 898 3120 μέσῳ
939 3052 1221 3120 τυγχάνει,
1267 3052 1532 3124 βδελυκτὴ
1565 3052 1806 3119 γέγονεν.

237 3145 346 3246 Ιξαὶ
387 3143 572 3246 ὀῦτιης
635 3144 797 3246 μετὰ.
826 3145 925 3216 τὴν
962 3147 1341 3217 αἰχμαλωσίαν
1385 3148 1602 3219 ἔμεινεν
1645 3148 1702 3200 ἐν
1743 3150 1807 3218 τῇ
1840 3189 1882 3246 c

239 3238 345 3306 ἰδίᾳ
374 3237 711 3309 ἀκαθαρσία,
738 3238 814 3310 μὴ
845 3240 1199 3309 μετανοοῦσα.

313 3349 329 3379 ι
363 3330 628 3384 Ἐκάλεσα
651 3333 759 3401 γὰρ
781 3333 910 3395 τοὺς
935 3333 1174 3402 ἐραστάς
1208 3351 1334 3402 μου.
1377 3354 1394 3384 ι
1425 3333 1685 3406 Ἐρασταὶ
1711 3337 1810 3388 αὑ-

235 3419 336 3486 τῆς
376 3418 820 3490 ψευδοπροφῆται
845 3463 860 3486 ,
893 3423 984 3473 καὶ
1009 3423 1402 3491 τερατοσκόποι
1421 3463 1436 3485 ,
1471 3425 1566 3476 καὶ⁵
1595 3425 1645 3475 oi
1675 3425 1814 3477 άκά-

239 3523 427 3583 υαρτοι
470 3513 740 3582 δαίμονες.
802 3513 1064 3584 Ἐρασταὶ
1107 3514 1163 3566 δὲ
1200 3514 1373 3583 αὐτῆς
1415 3516 1738 3579 καλοῦνται,
1780 3517 1811 3585 ἢ

233 3611 316 3660 ὅτι
351 3609 486 3678 αὑτὴ
518 3609 618 3678 ἐρᾷ
652 3608 751 3677 τῆς
781 3608 962 3660 αὐτῶν
994 3609 1233 3679 ἀπάτης,
1268 3610 1299 3679 ἢ
1333 3609 1413 3662 ὅτι
1439 3611 1595 3663 αὐτοὶ
1639 3627 1812 3680 προσ-

238 3704 553 3771 ποιούμενοι
589 3702 761 3769 φιλεῖν
799 3701 996 3771 αὐτὴν,
1037 3703 1132 3770 τῆς
1164 3701 1314 3763 θείας
1362 3702 1532 3772 ὀργῆς
1565 3702 1813 3754 ἐγένοντο

239 3795 488 3863 πρόξενοι
515 3835 529 3858 ,
567 3795 718 3846 οὐδὲν
749 3795 889 3864 αὐτῇ
926 3795 1248 3863 δυνηθέντες
1297 3794 1596 3862 ἐπαμῦναι.
1643 3795 1812 3846 Τοῦτο

238 3890 346 3958 γὰρ
379 3889 634 3958 σημαίνει
674 3888 754 3952 τὸ,
786 3887 1277 3954 Παρελοτίσαντό
1295 3904 1388 3954 με.

311 4087 330 4118 ι
371 4070 433 4121 Οἱ
477 4070 641 4135 ἱερεῖς
677 4085 797 4135 μου.
859 4085 874 4115 ι
917 4064 1105 4118 Ταῦτα
1157 4065 1258 4133 μὲν
1306 4070 1363 4116 ἐν
1409 4067 1476 4134 τῇ
1527 4064 1808 4132 πολιορκίᾳ

235 4161 457 4230 συνέϐη.
485 4159 626 4228 Πρὸς
661 4159 716 4211 δὲ
751 4159 1015 4220 διάνοιαν,
1063 4152 1114 4208 ὀί
1144 4157 1482 4216 διδάσκαλοι,
1517 4157 1566 4207 0i
1605 4156 1813 4218 ἀνάξιοι

232 4254 326 4306 τοῦ
360 4253 520 4320 λόγου
549 4249 642 4302 τοῦ
675 4249 810 4301 Θεοῦ
835 4248 1139 4319 κριθέντες,
1165 4248 1214 4299 oi
1246 4248 1342 4317 τῆς
1375 4246 1486 4299 τῶν
1520 4247 1663 4299 λαῶν
1702 4264 1808 4298 σω-

231 4345 429 4414 τηρίας
489 4343 564 4410 μὴ
613 4341 797 4393 ιιτιστολ⁵
826 4341 1100 4408 οἰκονόμοι
1159 4339 1462 4408 γενόμενοι,
1513 4341 1611 4408 οὐχ
1656 4334 1810 4408 εὗρον

232 4439 360 4498 τοὺς
386 4433 833 4501 διδασκομένους.
859 4434 1057 4494 οἵτινές
1089 4433 1228 4484 εἰσιν
1251 4433 1431 4485 αὐτῶν
1469 4431 1691 4501 βρῶσις,
1718 4431 1809 4484 τοῦ

233 4525 364 4579 λαοῦ
398 4522 882 4592 συνολισθήσαντος
908 4525 972 4590 τῇ
998 4522 1107 4574 τῶν
1126 4521 1466 4575 διδασκάλων
1496 4521 1736 4592 ἀσεϐείᾳ.

313 4634 332 4666 ι
385 4614 448 4667 Ἢ
477 4613 654 4666 κοιλία
678 4628 800 4682 μου.
843 4630 860 4660 ι
906 4612 1057 4664 ’Δντὶ
1081 4610 1196 4674 τοῦ,
1222 4612 1398 4664 πάντα
1415 4614 1484 4666 τά
1513 4613 1663 4674 ἐντός
1686 4630 1805 4682 μου.

236 4705 431 4757 Κοιλία
458 4703 516 4756 δέ
538 4703 632 4755 καὶ
677 4701 892 4771 καρδία,
923 4699 1068 4754 κατά
1096 4701 1222 4763 τοὺς
1257 4701 1466 4770 τροπῆς
1497 4703 1716 4770 νόμους,
1755 4703 1808 4752 αἱ

233 4795 549 4851 ἀναδοτικαὶ
613 4794 704 4846 καὶ
744 4793 975 4856 ζωτικαὶ
998 4793 1096 4862 τῆς
1130 4793 1306 4862 ψυχῆς
1337 4792 1616 4862 δυνάμεις.
1649 4793 1715 4845 δι’
1737 4787 1810 4845 ὦν

235 4891 406 4958 αὐτῆς
438 4887 698 4958 τρέφεται
722 4887 815 4937 καὶ
841 4884 1181 4954 γυμνάζεται
1211 4884 1278 4935 τὰ
1310 4883 1662 4952 αίσθητήρια.

319 5089 338 5122 ι
377 5069 614 5133 Ἔξωθεν
668 5066 944 5136 ὴτέκνωσέ
994 5083 1060 5133 με
1116 5065 1382 5134 μάχαιρα.
1444 5085 1461 5114 ι
1526 5064 1666 5126 Πρὸς
1718 5066 1814 5130 μὲν

239 5163 509 5232 ἱστορίαν,
548 5162 672 5222 τοὺς
703 5164 767 5212 ἐκ
801 5159 897 5228 τῆς
939 5156 1256 5226 πολιορκίας
1308 5157 1551 5218 ἐξιόντας
1582 5155 1817 5224 ἀνῄρουν

240 5258 288 5309 οἱ
307 5255 567 5324 Ῥωμαῖοι
583 5269 596 5282 ⁸
619 5254 750 5320 πρὸς
769 5251 824 5302 δέ
843 5251 1103 5306 διάνοιαν,
1125 5249 1188 5300 'H
1202 5248 1309 5300 τῶν
1325 5249 1569 5316 ἀοράτων
1585 5246 1816 5315 ἐχθρῶν,

1919 595 2017 659 sit;
2043 597 2108 650 de
2139 612 2248 665 quo
2276 597 2567 652 Psalmista
2600 616 2613 650 :
2648 597 2805 651 Catia:
2850 600 2901 650 in
2947 616 3106 652 manu
3143 600 3356 653 Domini
3387 607 3489 660 vini

1917 689 2047 741 meri
2073 689 2139 753 δ’,
2171 689 2220 742 id
2257 697 2340 744 est
2371 690 2484 742 irzr.
2509 688 2797 758 Disquisita
2830 692 2976 764 enim
3015 701 3258 760 peccata,
3288 703 3343 746 et
3374 695 3492 746 vel-

1919 778 1996 830 uti
2053 778 2280 841 calcata,
2313 778 2554 832 divinam
2605 779 2868 835 distillant
2915 782 3256 852 iram,quam
3302 800 3494 853 pecca-

1920 873 2066 920 tores
2097 867 2309 921 bibunt.

1989 1047 2054 1102 ν.
2089 1048 2174 1102 16.
2221 1067 2239 1099 ι
2275 1046 2477 1101 Oculus
2517 1062 2671 1100 meus
2714 1047 2940 1102 deduxit
2982 1063 3197 1116 aquam.
3235 1069 3254 1100 ο
3295 1049 3486 1102 Facul-

1922 1145 2003 1190 tas
2039 1136 2234 1190 animm
2260 1136 2676 1205 eontemplatrix
2710 1137 3112 1205 quodammodo
3141 1139 3484 1204 lacrymatur,

1910 1236 1976 1294 et
2005 1228 2229 1297 ingemit
2258 1241 2424 1296 super
2456 1228 2714 1296 peccatis.

1995 1339 2014 1370 ε
2030 1321 2364 1374 Convertens
2379 1320 2614 1373 animam
2634 1333 2828 1373 meam.
2843 1337 2861 1369 ι
2891 1320 2967 1373 Ad
2989 1319 3222 1376 litteram
3245 1322 3487 1390 quidem,

1919 1411 2061 1482 quod
2115 1412 2396 1480 hucusque
2441 1409 2612 1464 Judmi
2664 1410 2863 1464 misere
2909 1427 3075 1480 agun.
3108 1430 3118 1462 :
3154 1427 3317 1465 sensu
3364 1427 3491 1466 vero

1920 1503 2185 1567 interiori,
2227 1503 2561 1572 propositum
2589 1502 2866 1556 memoriae
2899 1503 2992 1556 Dei
3029 1511 3358 1556 convertens
3382 1505 3492 1566 ani.-

1919 1609 2064 1649 mam
2097 1595 2164 1648 de
2193 1601 2369 1647 morte
2397 1591 2462 1645 ad
2495 1591 2678 1645 vitam.

1996 1705 2014 1738 ε
2057 1685 2208 1739 Facti
2249 1692 2378 1738 sunt
2415 1683 2508 1737 lilii
2538 1683 2664 1736 mei.
2706 1701 2724 1734 υ
2778 1682 2996 1737 Diversa
3042 1698 3224 1752 Opera,
3269 1683 3490 1736 inimico

1920 1788 2112 1833 nostro
2138 1777 2352 1832 diabolo
2383 1775 2732 1847 praevalente.

1990 1960 2031 2012 V
2085 1961 2169 2014 Π.
2212 1979 2228 2010 ι
2266 1958 2533 2029 Expandit
2584 1957 2735 2012 Sion.
2768 1978 2785 2010 ι
2853 1957 2968 2014 Prae
3014 1973 3237 2027 stupore
3285 1959 3490 2013 solutas

1919 2053 2106 2106 habuit
2135 2065 2352 2112 manus.
2381 2049 2637 2104 omnibus
2664 2050 2890 2118 abjectis
2921 2050 3228 2104 actionibus
3257 2051 3410 2103 bonis

1991 2161 2008 2193 ι
2052 2143 2118 2197 Et
2145 2157 2255 2196 non
2287 2153 2369 2196 est
2395 2141 2487 2211 qui
2513 2143 2826 2195 consoletur
2866 2157 3006 2196 eam.
3042 2161 3060 2194 ι
3096 2143 3210 2195 Non
3249 2141 3354 2204 lex,
3383 2159 3488 2195 non

1916 2235 2202 2306 propheta.

1988 2347 2006 2378 ι
2043 2325 2318 2382 Mandavit
2361 2325 2645 2381 Dominus.
2681 2344 2700 2377 ι
2749 2325 3038 2385 Mandavit,
3073 2325 3169 2388 ait,
3214 2325 3483 2378 Dominus.

1913 2421 2181 2488 Quoniam
2224 2421 2280 2475 in
2330 2419 2563 2473 circuitu
2609 2427 2738 2472 sunt
2766 2417 2856 2487 qui
2902 2419 3218 2486 opprimunt
3257 2432 3328 2480 te,
3359 2433 3490 2470 cau-

1913 2525 2000 2571 tus
2025 2523 2179 2578 esto;
2218 2513 2310 2568 ille
2342 2527 2469 2566 vero
2490 2511 2777 2581 segnitiem
2813 2521 3033 2565 amavnt.
3067 2511 3159 2564 Vel
3190 2510 3300 2564 sic:
3342 2510 3492 2564 Man-

1914 2608 2101 2662 datum
2130 2603 2349 2659 Domini
2391 2603 2500 2657 ait:
2530 2600 2665 2656 Ecce
2696 2604 2844 2669 pomi
2888 2613 3010 2655 ante
3033 2591 3231 2672 ~facient
3263 2614 3491 2656 vestram

1912 2701 2076 2755 vitam
2119 2710 2166 2752 et
2196 2706 2414 2751 mortem
2442 2695 2507 2749 ⁵³.
2553 2694 2823 2758 Quoniam
2866 2694 3032 2764 igitur
3062 2693 3230 2748 Jaeob
3256 2694 3492 2762 pra-tulit

1913 2794 2035 2846 vita:
2065 2800 2317 2852 mortem,
2349 2789 2474 2843 facti
2522 2796 2650 2842 sunt
2688 2788 2741 2839 in
2779 2787 3012 2839 circuitu
3044 2786 3163 2853 ejus
3188 2785 3491 2855 aiﬂigentes

1913 2899 2059 2936 eum.

1988 2991 2006 3022 ε
2031 2972 2194 3037 Quasi
2223 2972 2425 3041 polluta
2445 2970 2745 3025 menstruis
2769 2968 2823 3022 in
2848 2968 3031 3022 medio
3053 2982 3263 3020 eorum.
3280 2985 3298 3016 ›
3323 2965 3489 3031 Quasi

1913 3065 2120 3119 diceret
2148 3081 2161 3116 :
2192 3062 2480 3132 Plusquam
2519 3060 2756 3114 inimicis
2796 3059 2933 3128 ipsis
2965 3072 3198 3127 quorum
3230 3057 3282 3108 in
3311 3057 3493 3110 medio

1915 3166 2019 3220 est,
2045 3155 2426 3210 abominabilis
2463 3154 2603 3208 facta
2632 3161 2736 3206 est.
2766 3151 2830 3204 Et
2859 3151 2937 3204 sic
2965 3160 3087 3220 post
3117 3149 3490 3218 captivitatem

1917 3250 1970 3302 in
1999 3263 2094 3303 sua
2128 3247 2330 3301 mansit
2362 3243 2726 3308 immunditia,
2769 3242 3141 3311 paenitentiam
3167 3255 3276 3295 non
3302 3255 3490 3309 agens.

1987 3339 2048 3390 ν.
2088 3337 2172 3392 l9.
2222 3355 2240 3386 ι
2275 3335 2474 3390 νοωιί
2515 3333 2662 3387 enim
2726 3342 2998 3386 amatores
3033 3344 3203 3384 meos.
3247 3348 3264 3380 ι
3322 3333 3480 3383 Ama»

1916 3441 2062 3484 tores
2084 3427 2204 3497 ejus
2224 3433 2349 3478 sunt
2382 3422 2893 3493 psvudoprophetae,
2921 3405 3292 3488 prodigiorum
3318 3418 3490 3470 inter-

1914 3529 2116 3590 pretes,
2152 3529 2204 3571 et
2255 3516 2452 3585 impuri
2501 3516 2798 3568 daemones.
2829 3514 3112 3565 Amatores
3142 3525 3272 3562 vero
3299 3510 3492 3564 dicun-

1915 3627 2022 3669 tur.
2055 3610 2141 3665 vel
2185 3609 2328 3679 quod
2373 3607 2486 3677 ipsa
2519 3605 2889 3660 seductionem
2913 3619 3101 3656 eorum
3141 3608 3368 3660 amaret.
3408 3599 3491 3652 vel

1912 3708 2056 3776 quod
2086 3705 2160 3757 illi
2189 3702 2509 3756 simulantes
2545 3715 2603 3752 se
2645 3698 2790 3752 illius
2821 3711 3005 3750 amore
3039 3695 3231 3755 teneri,
3252 3693 3490 3746 divinam

1915 3801 1967 3852 in
1995 3813 2114 3852 eam
2146 3795 2489 3848 concitarunt
2533 3791 2692 3850 iram,
2718 3803 2844 3842 cum
2889 3787 3030 3841 ferre
3058 3787 3132 3840 illi
3156 3785 3357 3838 nullam
3393 3800 3491 3852 po-

1914 3892 2146 3944 tuissent
2178 3901 2371 3956 opem:
2403 3883 2456 3938 id
2496 3882 2642 3937 enim
2681 3879 2953 3951 signiﬁcat
2990 3893 3093 3931 vox
3119 3877 3228 3939 illa,
3269 3877 3492 3943 Decepe-

1912 3992 2034 4035 runt
2077 3997 2175 4032 me.

1989 4092 2006 4123 ι
2048 4067 2371 4124 Sacerdotes
2398 4064 2525 4119 mei.
2561 4083 2579 4114 ι
2601 4061 2728 4116 Hmc
2750 4060 2968 4130 quidem
2997 4059 3049 4112 in
3079 4059 3194 4126 ipsa
3209 4057 3492 4112 obsidione

1912 4170 2232 4218 evenerunt.
2259 4158 2478 4227 Mystice
2504 4170 2654 4216 vero.
2679 4153 2931 4206 doctores
2959 4150 3126 4204 vet-bo
3155 4148 3246 4202 Dei
3284 4150 3491 4217 indigni

1908 4253 2156 4321 judicati,
2190 4251 2281 4320 qui
2341 4238 2530 4303 salutis
2561 4245 2886 4314 populorum
2935 4257 3044 4296 non
3108 4241 3294 4294 fideles
3340 4240 3492 4294 fuere

1911 4350 2336 4415 dispensatores,
2355 4353 2462 4392 non
2493 4337 2823 4391 invenerunt
2851 4333 3210 4391 erudiendos.
3232 4332 3324 4401 qui
3359 4342 3492 4385 sunt

1911 4440 2067 4492 cibus
2099 4449 2310 4496 eorum,
2339 4430 2577 4499 collapso
2598 4429 2710 4498 jam
2734 4426 2937 4496 populo
2966 4439 3073 4478 una
3103 4438 3227 4477 cum
3286 4439 3491 4491 prame-

1847 4519 1887 4570 υ
1918 4539 2133 4598 piorum
2162 4523 2460 4594 impietate.

1986 4619 2050 4674 ν.
2077 4619 2167 4673 20.
2202 4636 2220 4668 ι
2253 4615 2453 4670 Venter
2512 4626 2688 4666 meus.
2721 4629 2739 4660 ι
2781 4608 2894 4662 lloc
2915 4617 3020 4667 est.
3048 4607 3230 4660 omnia
3282 4606 3490 4659 viscera

1917 4710 2261 4769 meaVenter
2277 4717 2458 4764 autem
2491 4714 2548 4759 et
2587 4717 2703 4766 cor,
2746 4702 3050 4756 secundum
3103 4699 3319 4767 regulas
3359 4699 3493 4767 ligno

1917 4815 2048 4859 rata!
2073 4798 2383 4861 locutionis,
2399 4793 2798 4851 distributrices
2834 4800 2965 4846 sunt
2993 4799 3048 4846 et
3075 4791 3267 4844 vitales
3298 4789 3493 4842 animae

1918 4896 2226 4954 facultates,
2258 4903 2354 4959 per
2410 4901 2545 4955 quas
2607 4885 2828 4945 aluntur
2870 4890 2924 4936 et
2983 4889 3308 4934 exercentur
3370 4881 3492 4948 ejus

1911 4986 2179 5044 sensoria.

1992 5101 2009 5131 ι
2048 5077 2202 5132 Foris
2229 5073 2440 5127 orbavit
2466 5085 2551 5126 me
2582 5070 2707 5124 (iliis
2727 5070 2967 5140 gladius.
3005 5089 3023 5120 ι
3059 5068 3138 5121 Ad
3171 5066 3490 5119 historicum

1915 5167 2134 5237 quidem
2159 5176 2402 5222 sensum,
2433 5174 2494 5215 ex
2530 5157 2818 5212 obsidione
2845 5157 3118 5226 fugientes
3151 5153 3494 5223 perimebant

1919 5254 2183 5316 Romani;
2245 5253 2311 5305 ad
2343 5263 2563 5305 sensum
2629 5262 2760 5301 vero
2794 5247 3062 5307 altiorem,
3125 5244 3383 5304 hostium,
3409 5242 3493 5293 in-

241 5350 430 5418 φησὶν,
461 5349 648 5415 ἔφοδος
681 5344 900 5409 ἔξωθεν,
951 5343 1228 5395 τουτέστιν
1285 5343 1344 5393 οὐ
1379 5342 1628 5412 συμφυὴς
1689 5343 1819 5410 ἡμῖν

1925 5347 2062 5416 quit,
2104 5341 2456 5398 invisibilium
2485 5338 2716 5407 irruptio
2752 5338 2902 5399 t‘oris,
2933 5337 2983 5390 id
3041 5346 3143 5396 est,
3175 5349 3284 5387 non
3331 5332 3491 5385 insita

240 5440 398 5502 οὖσα.
431 5441 608 5495 ἀνεῖλέ
657 5456 758 5509 μου
811 5439 940 5499 τοὺς
977 5436 1216 5504 ἀγαθοὺς
1264 5434 1560 5502 λογισμούς
1585 5453 1596 5463 ο
1630 5433 1819 5504 ὥσπερ

1926 5439 2083 5493 nobis
2139 5453 2168 5491 a
2219 5445 2431 5494 natura,
2466 5433 2634 5485 bonas
2668 5429 3022 5497 cogitationes
3049 5426 3182 5480 mihi
3225 5434 3486 5494 peremit;

237 5531 453 5588 ἔνδοθεν
478 5535 513 5602 ἡ
536 5532 635 5602 τῆς
659 5531 1032 5602 προαιρέσεως
1057 5529 1212 5599 ἡμῶν
1237 5531 1326 5580 ἐπὶ
1347 5529 1406 5580 τὸ
1425 5532 1604 5596 χεῖρον
1633 5529 1776 5596 ὁρμή
1800 5546 1811 5556 ν

237 5627 400 5678 τοῦτο
425 5637 533 5695 γαρ
561 5624 711 5694 δηλοῖ
734 5621 985 5683 θάνατος
1022 5622 1090 5669 ἐν·
1123 5620 1282 5682 οἴκῳ.

321 5827 361 5856 ι’
392 5824 529 5875 ['Sal.
560 5838 736 5888 tun,
771 5821 821 5872 9.
903 5821 940 5849 ’³
980 5819 1131 5871 Deut.
1170 5834 1292 5870 nx.
1324 5815 1404 5870 i9.

1925 5527 2378 5599 quemadmodum
2404 5526 2550 5578 intus
2577 5522 2866 5577 voluntatis
2898 5529 3096 5578 onslrze
3161 5514 3225 5569 ad
3291 5516 3482 5568 malum

1930 5632 2204 5672 assensus.
2239 5611 2348 5666 lloc
2377 5612 2519 5666 enim
2551 5609 2649 5664 sihi
2679 5611 2788 5664 vult
2821 5628 2955 5664 mors
2987 5611 3147 5665 domi.
