4218 6448
225 321 327 384 737

1226 317 1685 376 FRAGMENTA
1726 319 1802 377 ΙΝ
1846 318 2118 378 JEREM.
2160 320 2489 381 LAMENT.

3392 327 3489 390 738

303 460 318 487 ι
367 435 630 489 Ἑνέτεινε
663 431 817 498 τόξον
849 429 1036 484 αὐτοῦ.
1079 448 1095 479 ι
1124 429 1235 501 Τὴν
1267 429 1513 500 παντελῆ
1541 432 1809 501 ἁποστρο·
1846 442 1888 496 Α

1846 442 1888 496 Α
1993 434 2057 489 V.
2089 434 2137 488 ι.
2171 454 2188 485 ι
2225 432 2479 486 'l‘etcndit
2507 448 2693 487 arcum
2750 449 2933 487 suum.
2975 451 2992 483 ι
3062 430 3360 489 Perfectum
3400 433 3487 489 Dei

227 531 332 600 φῆν
357 527 452 580 τοῦ
488 524 623 578 Θεοῦ
657 524 842 591 λέγει’
876 518 942 595 ἦς
964 522 1258 592 γινομένης
1287 519 1503 593 καιρίαι
1536 521 1685 592 παρὰ
1705 521 1815 575 τῶν

224 623 438 695 ἐχθρῶν
469 617 826 688 ἐπιφέρονται
867 613 1096 684 πληγαί.
1267 611 1272 620 ’

302 734 320 766 ι
365 713 476 766 Καὶ
506 710 855 763 ἀπέκτεινεν.
898 723 917 757 ι
974 705 1119 776 Πρὸς
1168 704 1270 776 μὲν
1312 702 1476 776 ρητδν
1507 706 1631 767 τοὺς
1662 703 1812 767 υἱοὺς

226 807 427 868 αὐτῶν,
471 801 694 865 καὶτὰς
738 799 1072 870 θυγατέρας,
1120 799 1220 853 καὶ
1270 797 1325 850 εί
1357 815 1410 851 τι
1443 798 1575 869 παρ’
1623 798 1812 860 αὐτοῖς

224 901 367 964 ζῶον
397 899 577 967 τίμιον
600 912 615 926 ⁶
645 893 780 965 πρὸς
823 891 880 945 δὲ
925 891 1190 954 διάνοιανο
1230 891 1329 953 τὰς
1369 890 1684 960 κρείττονας
1713 889 1811 958 τῆς

227 991 404 1060 ψυχῆς
451 986 683 1056 ὀρέξεις.
738 983 912 1037 Τοῦτο
951 984 1062 1052 γὰρ
1111 984 1256 1034 ποιεί
1284 983 1317 1052 ὴ
1348 981 1669 1051 ἀποστροφὴ
1713 980 1808 1033 τοῦ

225 1081 382 1134 θεοῦ.
431 1080 492 1130 'H
526 1079 635 1150 γὰρ
669 1074 967 1144 ἐπίσκεψις
998 1074 1169 1128 αὑτοῦ
1200 1071 1317 1143 ζωὴ
1345 1073 1622 1144 τυγχάνει.

303 1193 319 1224 ι
358 1173 538 1241 Σκηνῇ
577 1167 851 1240 θυγατρὸς
889 1166 1049 1221 Σιών.
1109 1185 1128 1218 ι
1179 1165 1320 1219 Καθ’
1387 1165 1632 1235 ἱστορίαν
1686 1164 1805 1235 μὲν,

225 1267 283 1317 ἐν
313 1264 388 1333 τῷ
425 1263 540 1332 ναῷ
667 1259 1082 1331 ἐφονεύθησαν*
1129 1257 1266 1327 πρὸς
1313 1257 1370 1310 δὲ
1425 1256 1698 1322 διάνοιαν,
1749 1259 1807 1311 ἐν

226 1357 346 1416 ταῖς
387 1353 484 1418 τῆς
512 1354 692 1421 ψυχῆς
732 1349 1130 1403 ἀναπαύσεσιν.

303 1465 321 1496 ‹
365 1443 633 1513 Ἐγενήθη
671 1442 897 1513 Κύριος.
954 1460 971 1492 ι
1015 1439 1205 1494 Αὐτῶν
1255 1440 1488 1502 ἑαυτοὺς
1532 1457 1807 1511 καταστη-

230 1539 443 1591 σάντων
482 1535 710 1606 ἐχθροὺς
751 1533 845 1586 τοῦ
880 1532 1018 1586 Θεοῦ
1057 1532 1144 1586 διὰ
1173 1531 1282 1584 τῶν
1313 1533 1394 1596 εἰς
1420 1532 1584 1585 αὑτὸν
1619 1549 1798 1604 παραυ

228 1628 429 1696 νομιῶν
453 1645 464 1656 ·
502 1627 633 1688 Θεὸς
666 1627 774 1696 γὰρ
799 1626 858 1677 ού
895 1627 1062 1695 μισεῖ.

305 1737 323 1768 ι
365 1716 655 1787 Διέφθειρε
683 1717 771 1770 τά.
813 1738 830 1769 ι
873 1716 1017 1787 Πρὸς
1052 1715 1152 1787 μὲν
1190 1715 1372 1788 ῥητὸν.
1404 1716 1472 1768 τὰ
1496 1713 1674 1785 τείχη,
1712 1716 1806 1768 καὶ

1922 527 2265 580 aversionem
2295 525 2424 578 dicit
2457 542 2466 576 :
2497 539 2562 577 ex
2590 540 2699 594 quo
2730 524 2788 579 ﬁt
2821 535 2877 579 ιιι
2910 524 3129 578 lethalia
3159 526 3382 578 vulnera
3413 543 3492 578 ln-

1919 615 2190 687 ﬂigantur.

1996 728 2012 760 ι
2049 708 2113 763 Ει
2147 708 2363 762 occidit.
2407 728 2426 762 ι
2457 708 2535 762 Ad
2567 707 2824 774 litteram,
2861 709 3000 762 ﬁlios
3019 723 3207 762 eorum
3249 718 3303 760 ct.
3335 709 3493 777 tilias,

1919 810 1972 855 et
1998 802 2044 854 si
2084 801 2228 869 quod
2256 800 2452 854 animal
2483 801 2678 855 eratin
2729 801 2903 870 pretio
2932 801 3075 870 apud
3111 816 3226 853 eos.
3264 801 3339 853 Ad
3363 815 3482 853 sen-

1918 907 2037 945 sum
2070 906 2199 945 vero
2227 893 2564 959 interiorem,
2601 893 2839 962 potiores
2883 892 3049 944 animi
3077 893 3441 960 appetitioucs

1918 985 2083 1053 hujus
2105 986 2250 1038 enim
2278 1001 2440 1040 causa
2467 994 2552 1039 est
2604 985 2819 1041 aversio
2854 984 2972 1038 Dei.
2999 985 3214 1039 Etenim
3257 983 3491 1036 visitatio

1915 1076 2033 1146 ejus
2059 1077 2164 1130 vita
2203 1087 2306 1131 est.

1993 1188 2010 1220 ι
2048 1169 2100 1220 In
2121 1168 2471 1222 tabernaculo
2490 1168 2610 1222 ﬁliae
2629 1168 2778 1222 Sion.
2795 1188 2813 1220 ι
2845 1166 3158 1221 Secundum
3184 1167 3488 1233 historiam,

1915 1259 1970 1312 in
2004 1260 2206 1328 templo
2235 1259 2288 1312 in
2312 1275 2420 1329 quo
2443 1261 2615 1314 necati
2639 1269 2764 1314 sunt
2791 1278 2803 1312 :
2833 1258 3169 1329 spiritaliter,
3190 1258 3278 1310 ubi
3308 1258 3488 1310 anima

1913 1352 2246 1420 quiescebat.

1985 1442 2049 1498 V.
2089 1444 2142 1498 5.
2177 1464 2195 1495 ι
2229 1443 2429 1499 Factus
2478 1453 2562 1498 est
2605 1444 2889 1497 Dominus.
2927 1462 2945 1496 ι
2997 1441 3132 1512 Ipsis
3170 1441 3491 1511 semctipsos

1914 1531 2165 1587 inimicos
2185 1534 2278 1586 Dei
2310 1533 2773 1587 constituentibus
2791 1541 3012 1602 propter
3037 1542 3259 1601 peccata
3293 1529 3346 1583 in
3366 1546 3489 1583 eum

1913 1625 2151 1679 admissa
2188 1644 2202 1679 :
2237 1626 2383 1680 Deus
2419 1626 2567 1679 enim
2609 1624 2884 1678 neminem
2921 1624 3055 1677 odit.

1991 1737 2009 1769 ι
2048 1719 2320 1789 Corrupit.
2355 1741 2371 1770 ι
2401 1719 2479 1772 Ad
2512 1719 2768 1782 litteram,
2803 1725 2859 1771 et
2883 1715 3103 1779 mmnia,
3130 1723 3184 1769 et
3207 1715 3487 1784 templum,

226 1810 320 1862 τὸν
349 1810 498 1872 ναὸν,
549 1810 643 1862 καὶ
673 1810 771 1873 τὰς
804 1809 980 1872 οἰκίας
1029 1808 1202 1878 φησί·
1252 1807 1388 1879 πρὸς
1442 1806 1498 1861 δὲ
1544 1807 1808 1872 διάνοιαν,
1844 1799 1886 1854 Β

1844 1799 1886 1854 Β
1911 1817 1967 1862 et
1991 1808 2182 1863 domos
2208 1810 2301 1862 ait.
2324 1808 2564 1878 Spiritali
2595 1824 2778 1868 sensu,
2796 1809 2967 1862 bonas
2993 1809 3348 1878 cogitationes
3374 1809 3490 1860 ani-

225 1902 354 1964 τοὺς
383 1900 858 1972 περιφράττοντας
889 1900 986 1971 τὴν
1008 1899 1188 1970 ψυχὴν
1221 1899 1465 1966 ἀγαθοὺς
1493 1899 1811 1970 λογισμούς.

228 1992 364 2065 [Ka‘t
396 1992 628 2063 ἄλλων]
658 1994 780 2048 "Oti.
814 1993 1000 2046 οὐκέτι
1030 1992 1182 2063 παρὰ
1242 1992 1514 2056 Ἰουδαίοις
1545 1995 1681 2064 μετὰ
1717 1993 1815 2064 τὴν

227 2084 374 2137 κατὰ
412 2083 506 2136 τοῦ
553 2083 796 2154 Χριστοῦ
833 2085 1042 2155 τόλμαν
1075 2086 1136 2137 ού
1180 2087 1488 2156 προφήτης,
1527 2085 1632 2138 ούκ
1678 2086 1816 2139 ἁπο-

235 2178 491 2242 κάλυψις,
523 2178 623 2231 οὐκ
655 2177 880 2248 ἔννομος
913 2177 1215 2248 ἱερουργία.

307 2293 322 2319 ι
364 2271 804 2341 Ταπεινούμενα.
844 2289 862 2322 ι
897 2270 1054 2324 Μετὰ
1101 2271 1202 2340 τὴν
1231 2269 1492 2340 ἱστορίαν,
1539 2272 1664 2335 τοὺς
1708 2272 1814 2325 ὑπὸ

226 2364 327 2434 τῆς
353 2365 626 2434 ἁμαρτίας
657 2363 1052 2432 ἁλισκομένους
1092 2362 1278 2431 φησίν.
1706 2418 1708 2420 τ

304 2476 321 2506 ι
368 2457 476 2510 Καὶ
517 2455 841 2509 διεπέτασεν
877 2454 953 2518 ὼς
981 2454 1245 2525 ἄμπελον.
1293 2474 1311 2505 ›
1355 2458 1423 2508 Ἦ
1463 2455 1620 2509 τοῦτό
1652 2473 1808 2526 φησι,

225 2547 309 2599 δτι
342 2548 441 2616 τὴν
476 2545 670 2617 πρώην
703 2545 778 2607 ὡς
835 2544 1084 2614 ἄμπελον
1115 2544 1442 2599 ὲκταθείσαν
1479 2547 1812 2616 Συναγωγὴν

227 2638 519 2707 παρέδωκε
547 2639 661 2700 τοῖς
691 2636 911 2706 ἐχθροῖς
932 2653 946 2667 ο
977 2635 1010 2706 ἢ
1042 2635 1236 2702 οὕτως,
1261 2638 1342 2690 ὅτι
1361 2638 1530 2706 αὐτὴν
1555 2637 1812 2706 ἥπλωσεν

225 2735 338 2796 τοῖς
379 2733 776 2803 διαρπάζουσιν
803 2730 880 2793 ὡς
909 2731 1158 2800 ἄμπελον
1187 2733 1556 2787 ἁσκέπαστον.

305 2843 322 2874 ι
358 2823 678 2893 Διέφθειρεν
701 2824 897 2893 ἑορτὴν
917 2822 1105 2876 αὑτοῦ.
1139 2842 1158 2874 ι
1184 2823 1296 2894 Τῆς
1323 2824 1422 2894 μὲν
1458 2824 1812 2896 Ἰερουσαλὴμ

227 2915 330 2978 τὰς
359 2916 590 2986 νομικὰς
621 2916 814 2986 ἑορτάς
838 2931 850 2943 ⁸
876 2915 978 2985 τῆς
1005 2915 1062 2967 δὲ
1085 2916 1264 2986 ψυχῆς
1290 2916 1388 2987 τὴν
1422 2918 1515 2969 ἐπὶ
1537 2917 1613 2987 τῷ
1630 2919 1812 2989 κρείτ-

227 3025 345 3060 τονι
373 3011 678 3079 χαρμονήν.

311 3117 329 3148 ι
373 3097 700 3150 Ἐπελάθετο
740 3096 968 3168 Κύριος.
1009 3116 1028 3149 ι
1073 3098 1486 3171 Κατεφρόνησε,
1526 3101 1678 3171 φησὶ,
1717 3101 1811 3154 καὶ

1918 1916 2062 1956 mam
2130 1900 2418 1954 vallantes.
2468 1898 2749 1971 [Aliterz]
2807 1899 3074 1964 Quoniam
3102 1899 3245 1968 apud
3276 1899 3493 1953 Iudaeos

1917 2001 2041 2064 post
2073 1993 2272 2055 scelus,
2305 1992 2449 2062 quod
2481 1991 2535 2046 iu
2559 1991 2844 2046 Christum
2885 1992 3004 2045 ausi
3038 2000 3187 2055 sunt,
3231 2007 3340 2044 non
3373 2007 3491 2044 am-

1915 2085 2058 2155 plius
2083 2085 2369 2154 propheta,
2394 2099 2503 2136 non
2534 2083 2813 2147 revelatio,
2843 2098 2952 2136 non
2989 2082 3289 2152 legitimum
3318 2081 3490 2135 sacri-

1915 2176 2120 2230 ﬁcium.

1989 2287 2009 2319 ι
2041 2267 2413 2323 Humiliatam.
2459 2285 2478 2319 ι
2517 2268 2645 2322 Post
2676 2267 2997 2322 historicum
3026 2281 3248 2323 sensum
3270 2280 3366 2321 eos
3401 2265 3489 2320 in-

1915 2358 2125 2427 telligit,
2156 2361 2247 2429 qui
2278 2359 2654 2428 iniquitatibus
2683 2360 3026 2428 captivantur

1984 2447 2048 2503 Υ.
2078 2449 2131 2503 6.
2173 2467 2191 2500 ι
2231 2449 2299 2503 Ει
2318 2449 2577 2516 expandit
2602 2449 2755 2518 quasi
2793 2448 2974 2502 vitem.
3011 2467 3028 2498 ι
3059 2446 3153 2502 γει
3190 2448 3293 2503 hoc
3313 2447 3482 2502 dicit:

1915 2537 2273 2610 Synagogam,
2304 2555 2424 2607 qua:
2445 2546 2606 2592 antea
2653 2549 2909 2607 tanquam
2970 2537 3096 2592 vitis
3130 2538 3349 2591 dilatata
3373 2547 3489 2593 erat

1914 2631 2164 2686 traditam
2198 2631 2488 2685 hostibus:
2523 2630 2609 2684 vel
2648 2630 2747 2693 sic,
2784 2630 2928 2699 quod
2956 2630 3128 2699 ipsam
3187 2629 3487 2697 diripientio

1914 2724 2016 2778 bus
2045 2723 2382 2793 expanderit,
2418 2723 2570 2793 quasi
2597 2723 2760 2777 vitem
2787 2722 3124 2776 derelictam.

1989 2833 2008 2866 ι
2043 2815 2300 2884 Corrupit
2328 2814 2676 2868 festivitatem
2702 2829 2880 2867 suam.
2911 2831 2929 2864 ι
2968 2812 3271 2866 Jerusalem
3289 2810 3489 2883 legales

1913 2905 2305 2966 solemnitates,
2332 2905 2529 2958 anima:
2549 2919 2680 2958 vero
2714 2904 2972 2974 gaudium
3005 2904 3072 2958 de
3106 2904 3237 2958 Deo.

1992 3123 2011 3156 ι
2048 3103 2261 3160 Oblitus
2290 3114 2373 3159 est
2404 3103 2687 3158 Dominus.
2718 3122 2737 3152 ›
2761 3101 3102 3182 Suasctiam,
3133 3104 3327 3173 inquit,
3344 3103 3489 3176 leges

228 3191 327 3259 τῆς
360 3190 554 3242 ἐαυτοῦ
587 3151 1050 3259 νομοθεσίαςξτῆς
1081 3151 1811 3261 παρακελεύομένῗης
1837 3151 1884 3214 c

1995 3151 2011 3156 -
2056 3151 2259 3160 πη..-
2292 3151 2373 3159 ν.--
2405 3151 2687 3158 _-------_-.
2719 3151 2724 3152 κ
2762 3151 3102 3182 τ--.δ-------,
3133 3151 3487 3176 ---τ---νεν-

1837 3151 1884 3214 c
1913 3197 2264 3265 contempsit,
2294 3211 2416 3265 quae
2441 3196 2557 3251 dies
2586 3195 2754 3250 festos
2790 3211 2970 3265 agere,
2998 3204 3053 3249 et
3096 3196 3319 3249 sabbata
3347 3213 3487 3266 pra--

229 3280 343 3344 ζειν
380 3282 474 3332 καὶ
501 3279 873 3344 σαϐϐατίζειν.

305 3390 326 3423 ι
368 3373 476 3424 Καὶ
528 3370 867 3442 παρώξυνεν.
915 3391 933 3421 ›
980 3370 1275 3424 Ἐπιπλέον
1323 3372 1672 3426 ἐκθλίϐεσθαι
1708 3374 1808 3426 αύ-

228 3464 358 3526 τοῦς
391 3463 792 3533 συνεχώρησεν,
842 3463 874 3534 ἢ
927 3462 1090 3526 αὐτὸς
1133 3463 1662 3536 παροξυνόμενος,ἢ
1714 3466 1808 3517 καὶ

228 3558 392 3620 αὐτὸς
427 3556 748 3628 παροξύνων
771 3557 866 3608 ἐπὶ
907 3559 973 3627 τῇ
1006 3556 1114 3608 τῶν
1156 3557 1367 3626 ἐχθρῶν
1394 3558 1635 3628 εύθηνίᾳ.

307 3670 325 3699 ι
361 3650 648 3702 Ἀπώσατο
710 3650 936 3719 Κύριος.
973 3668 990 3698 ι
1025 3647 1098 3700 Τὸ
1147 3647 1389 3717 νομικὸν,
1455 3647 1541 3700 ἵνα
1594 3651 1807 3701 ἀντεισο

227 3741 420 3810 ενεχθῇ
440 3740 502 3792 τὸ
530 3739 630 3808 τῆς
650 3739 859 3808 Καινῆς
888 3738 1168 3810 Διαθήκης
1191 3741 1580 3807 πνευματικόν.
1601 3741 1724 3792 Ἐὰν
1747 3741 1805 3793 δὲ

227 3833 322 3885 ἐπὶ
345 3832 441 3902 τῆς
457 3829 804 3902 αἱχμαλώτου
827 3830 1005 3901 ψυχῆς
1029 3830 1466 3901 ἐκλαμεὰνηται,
1494 3831 1582 3883 διὰ
1617 3833 1675 3884 τὺ
1709 3834 1805 3884 ἁν-

227 3922 386 3986 αξίαν
418 3921 589 3992 αὐτὴν
613 3922 848 3992 φανῆναι
874 3923 972 3992 τῆς
1003 3922 1097 3975 τοῦ
1129 3922 1266 3975 Θεοῦ
1298 3922 1571 3991 λατρείας.

306 4032 324 4066 ιι
373 4011 748 4077 Ἀπετίναξεν.
799 4030 818 4064 ι
872 4013 1193 4082 Ἀποτόμως
1226 4013 1555 4067 ἀπεϐάλετο.

306 4125 324 4158 ι
373 4103 562 4176 Φωνὴν
622 4104 856 4159 ἔδωκαν.
918 4123 938 4157 ι
1011 4105 1135 4158 Ἐπὶ
1198 4105 1362 4159 πλέον
1423 4104 1704 4175 χαίροντες
1754 4107 1804 4158 οἱ

226 4197 321 4268 ἐχθ
333 4198 434 4268 ροί.

305 4307 324 4339 ιι
364 4289 554 4359 Τεῖχος
583 4287 874 4359 θυγατρός.
907 4307 925 4338 ι
954 4287 1178 4360 Ἔκρινε
1197 4289 1306 4360 [Ῐσ.
1335 4289 1577 4362 ἔφθειρε]
1605 4294 1802 4360 τεῖχος,

221 4379 319 4434 τὸν
355 4381 538 4450 νόμον.

1913 3288 2181 3358 cipiebanl
2196 3327 2208 3340 .

1989 3396 2006 3428 ι
2049 3379 2116 3433 Et
2150 3377 2397 3432 irritavit.
2436 3375 2730 3430 rPermisit
2776 3386 2834 3431 ut
2879 3377 3259 3433 vehementius
3288 3379 3488 3451 aﬂlige-

1913 3478 2122 3532 rentur,
2164 3470 2247 3522 vel
2278 3471 2391 3538 ipse
2411 3468 2674 3534 irritatus,
2701 3471 2786 3523 vel
2817 3479 2872 3524 et
2896 3470 3011 3539 ipse
3044 3471 3262 3526 irritatis
3285 3473 3352 3526 de
3384 3474 3487 3526 ho-

1912 3562 2076 3614 stium
2101 3562 2482 3630 prosperitate.

1985 3652 2045 3705 V.
2082 3654 2132 3706 7.
2165 3671 2182 3702 ι
2222 3653 2442 3724 Repulit
2480 3652 2763 3710 Dominus.
2805 3674 2820 3705 ι
2860 3655 3076 3724 Legale,
3111 3666 3169 3712 ut
3197 3659 3487 3729 spirituale

1909 3746 2046 3799 Novi
2075 3745 2408 3800 Testamenti
2429 3749 2763 3801 succederet.
2795 3748 2950 3814 Quod
2979 3751 3021 3802 si
3059 3750 3126 3804 de
3177 3752 3358 3805 anima
3395 3769 3486 3806 ca-

1911 3842 2054 3909 ptiva
2091 3842 2193 3896 hoc
2217 3844 2534 3913 accipiatur,
2563 3844 2820 3913 quoniam
2871 3845 3056 3899 divino
3085 3846 3236 3900 cultu
3265 3847 3485 3918 indigna

1909 3933 2022 3986 visa
2058 3939 2161 3986 est.

1985 4043 2004 4075 ι
2036 4023 2301 4079 Excussit.
2338 4043 2355 4075 ι
2378 4023 2575 4080 Severe
2595 4025 2810 4094 abjecit.

1985 4134 2002 4166 ι
2046 4113 2242 4170 Vocem
2264 4115 2556 4170 dederunt.
2595 4133 2615 4167 ι
2655 4114 2854 4170 Hostes
2883 4114 3110 4168 nimium
3160 4115 3480 4185 gaudentes.

1978 4289 2043 4344 ν.
2077 4290 2130 4345 8.
2160 4309 2177 4341 ι
2228 4289 2441 4344 Murum
2486 4289 2630 4346 tilia.
2678 4309 2697 4343 ι
2752 4291 3036 4346 Destruxit
3101 4305 3340 4356 murum,
3401 4289 3481 4346 le-

1907 4395 2048 4451 gem.

307 4489 326 4521 ι
363 4471 476 4524 Οὐκ
527 4470 862 4542 ἀπέστρεψε.
914 4490 932 4521 ι
973 4471 1047 4524 Τὸ
1089 4471 1374 4544 σύγκριμα
1414 4473 1525 4545 [ἵσ.
1569 4474 1630 4527 τὸ
1685 4474 1807 4527 σύν-
1838 4486 1881 4540 D

1512 4514 1525 4528 .
1569 4474 1630 4527 τὸ
1685 4474 1807 4527 σύν-
1838 4486 1881 4540 D
1986 4492 2004 4523 ι
2041 4470 2162 4527 Non
2192 4473 2406 4528 avertit.
2449 4492 2468 4524 ›
2496 4473 2976 4528 (Innculcatiouem
3006 4473 3175 4530 auxit.

223 4579 355 4632 τριμ
368 4561 466 4633 μα]
497 4564 835 4633 παρέτεινεν.

306 4670 325 4702 ι
359 4653 470 4705 Καὶ
508 4652 797 4721 ἐπένθησε.
838 4671 856 4702 ι
898 4652 1013 4706 Οὐκ
1044 4653 1304 4722 ἐφείσατο
1332 4654 1425 4708 τοῦ
1460 4657 1803 4727 παραρῤίψαι

225 4741 311 4805 εἱς
341 4741 738 4812 καταπάτημα,
791 4744 917 4805 τοὺς
942 4745 1022 4807 εἱς
1056 4745 1220 4798 αὑτὸν
1265 4747 1518 4815 ἐμμόνως
1551 4748 1804 4818 ἁμαρτά-

226 4850 418 4895 νοντας
425 4873 438 4886 .

304 4943 327 4977 ι
361 4924 761 4994 Ἐνεπάγησαν.
797 4945 816 4978 ι
843 4929 907 4981 Οἱ
937 4927 1036 4998 τὴν
1065 4927 1414 4982 διδασκαλίαν
1443 4932 1802 5000 πεπιστευμέ-

225 5031 311 5068 νοι
341 5014 827 5086 κατεσυθήσθησαν
853 5017 933 5078 εἱς
970 5015 1041 5068 τὰ
1069 5019 1234 5086 γήϊνα
1263 5018 1588 5087 πράγματα.

305 5124 324 5158 ι
363 5104 659 5159 ’Λπὼλεσε.
686 5123 705 5157 ι
733 5106 1028 5174 Ἠφάνισεν
1047 5107 1215 5176 αὐτῆς
1244 5107 1311 5160 τὰ
1337 5109 1799 5178 παραγγέλματα,

223 5197 370 5252 ὥστε
411 5196 504 5250 τὸν
547 5196 870 5267 βουλόμενον
911 5197 1256 5268 εἰσέρχεσθαι
1295 5200 1551 5268 ἀπορεῖν,
1583 5202 1676 5252 καὶ
1706 5202 1798 5271 ζη-

221 5290 360 5344 τείν.

303 5397 322 5430 ‹
358 5378 648 5433 Ἑκάθισαν
678 5379 757 5441 εἱς
776 5379 876 5448 τὴν
909 5379 1031 5450 γῆν.
1064 5399 1082 5431 ι
1103 5379 1506 5450 Ἦδαφίσθησαν
1543 5383 1611 5436 τὰ
1640 5384 1800 5453 γήϊνα

226 5472 621 5541 φρονήσαντες.

302 5580 323 5613 ι
360 5561 759 5634 Ἐσιώπησαν.›
789 5562 1106 5618 Ἀπώλεσαν
1137 5565 1196 5616 τὸ
1225 5563 1606 5617 διδασκαλικὸν
1634 5565 1800 5631 ἀξίω-

226 5672 326 5717 αια,
359 5655 833 5726 ἅποκωφώθησαν.

305 5764 320 5796 ε
361 5746 736 5803 ’Δνεϐίσασαν.
781 5765 799 5796 ›
837 5747 994 5801 Κατὰ
1037 5748 1134 5816 μὲν
1175 5748 1273 5818 τὴν
1299 5749 1542 5820 ἱστορίαν
1572 5751 1630 5801 τὸ
1665 5754 1799 5821 σχῆ-

1981 4666 1999 4697 ι
2037 4647 2326 4717 Luxitque.
2352 4667 2369 4697 ι
2404 4648 2494 4703 Eis
2533 4664 2642 4702 non
2676 4650 2939 4718 pepercit,
2970 4651 3065 4704 sed
3082 4652 3482 4709 eonculeandos

1904 4740 2150 4808 proiecit,
2191 4740 2285 4809 qui
2305 4740 2520 4795 assidue
2541 4741 2596 4795 in
2621 4756 2746 4795 eum
2770 4743 3088 4812 peccabant.

1975 4917 2039 4973 V.
2073 4920 2126 4974 9.
2163 4938 2181 4970 ι
2206 4918 2403 4974 Detixae
2424 4929 2571 4974 sunt.
2600 4938 2617 4970 ι
2649 4919 2861 4985 Quibus
2885 4920 3114 4974 docendi
3140 4935 3342 4976 munus
3363 4936 3480 4977 cre-

1904 5011 2075 5066 ditum
2108 5021 2212 5070 est.
2248 5012 2302 5065 in
2331 5028 2418 5066 res
2457 5021 2702 5065 terrenas
2730 5012 2975 5065 immersi
3022 5022 3170 5066 sunt.

1984 5117 2001 5148 ι
2039 5098 2302 5153 Perdidit.
2343 5117 2361 5150 ι
2401 5098 2601 5153 Monita
2633 5115 2728 5152 seu
2752 5098 2978 5152 consilia
3035 5098 3182 5155 illius
3217 5097 3478 5169 perdidit,

1905 5201 1966 5246 ut
1993 5192 2086 5261 qui
2116 5192 2320 5246 intrare
2349 5191 2501 5255 velit,
2525 5191 2730 5245 θαι-ραι
2756 5200 2812 5246 et
2840 5200 3069 5260 quaerat.

1975 5387 2040 5442 V.
2081 5390 2166 5444 l0.
2198 5408 2216 5440 ι
2257 5389 2529 5444 Sederunt
2559 5389 2612 5443 in
2662 5400 2827 5444 terra.
2856 5408 2875 5442 ι
2922 5389 3194 5445 Sederunt
3219 5390 3277 5445 in
3334 5398 3480 5446 terra

1905 5489 2120 5537 terrena
2152 5481 2443 5550 sapientes.

1980 5573 2434 5627 «Conticuerunt.
2469 5593 2487 5624 ›
2553 5573 2846 5643 Magisterii
2907 5572 3224 5644 dignitatem
3278 5575 3480 5628 amise-

1903 5672 2050 5724 runt,
2079 5662 2211 5716 muti
2248 5662 2371 5715 facti
2397 5671 2542 5715 sunt.

1980 5774 1997 5804 ι
2040 5753 2439 5821 lmpnsuerunt.
2474 5773 2490 5802 ι
2527 5752 2838 5807 Secundum
2883 5754 3182 5808 historiam.
3237 5753 3479 5823 lugubris
