4218 6448
194 442 288 508 741

1193 434 1653 494 FRAGMENTA
1697 431 1774 490 ΙΝ
1817 433 2086 492 JEREM.
2133 432 2455 491 LABIENT.

3356 427 3461 488 ’142

195 555 341 624 Πλὴν
388 553 482 608 καὶ
538 551 625 604 διὰ
667 543 944 605 Μωῦσέως
996 541 1352 612 ἐμαρτύρατο
1401 540 1513 602 τοῖς
1566 541 1780 607 Ἰσραη-
1814 545 1850 598 Α

1814 539 2022 604 Λριιὶιι
2100 557 2196 608 per
2262 540 2477 609 Moysen
2561 539 2724 592 etiam
2793 537 3050 592 lsraelitis
3122 547 3456 593 contestatus

195 647 391 709 λίταις.

271 756 289 788 ι
323 734 630 805 Ἀνάστηθι.
673 753 691 784 ι
727 728 1072 798 Διεγέρθητι,
1108 725 1272 795 φησὶν
1295 762 1307 784 ,
1353 724 1447 777 καὶ
1474 723 1614 776 κατὰ
1648 739 1777 775 σαυ-

192 829 291 899 τὴν
335 827 668 894 ὲξετάξουσα
695 824 884 886 σύνες,
928 819 1021 872 καὶ
1059 814 1440 888 προκατάλαϐε
1480 815 1578 878 τὰς
1599 815 1775 884 ἀρχὰς

192 922 293 988 τῆς
321 918 570 988 φυλακῆς
596 959 611 983 ,
642 913 929 970 τουτέστιν
955 909 1025 963 τὰ
1053 906 1420 988 δικαιώματα.
1458 905 1609 961 Ἀντὶ
1655 902 1772 966 τοῦ,

198 1011 409 1081 Πρᾶξον
439 1010 508 1063 τὰ
537 1006 915 1076 δικαιώματα,
943 1003 1036 1056 καὶ
1063 999 1351 1065 ὲξιλέωσαι
1393 997 1485 1050 τὸν
1516 997 1673 1050 Θεόν.
1700 996 1774 1050 Τὸ

194 1101 251 1152 δὲ
284 1103 352 1154 ὲν
381 1099 557 1155 νυκτί
585 1099 672 1152 διὰ
699 1098 797 1166 τὴν
837 1093 947 1148 τῶν
979 1092 1254 1161 πολεμίων
1279 1089 1472 1159 ἐφοδόν
1501 1104 1686 1157 φησιν.

275 1297 287 1326 ί.
351 1277 579 1346 Ἕκχεον
625 1276 698 1335 ὼς
744 1271 910 1340 ὕδωρ.
959 1289 977 1320 ι
1029 1269 1154 1322 Ἐπὶ
1196 1267 1383 1319 πλεῖον
1411 1265 1653 1318 ἔκτεινον
1680 1265 1779 1335 τὴν

205 1367 514 1438 προθυμίαν
539 1383 633 1417 σου
669 1364 800 1433 πρὸς
832 1361 923 1414 τὸν
950 1360 1104 1413 Θεόν.

274 1480 289 1508 ε
336 1456 498 1527 Ἀρον
519 1459 653 1526 πρὸς
681 1455 864 1508 αὐτόν.
901 1473 919 1503 ι
951 1451 1072 1507 Τῶν
1106 1449 1453 1518 ἐκλυομένων
1488 1449 1581 1499 ἐπὶ
1603 1445 1776 1515 ἀρχῆς

192 1550 374 1618 πάσης
407 1546 605 1616 ἀρετῆς
639 1566 644 1571 λ
677 1541 808 1608 οἷον,
837 1542 1042 1612 ἧρξατό
1073 1558 1154 1603 τις
1177 1541 1339 1608 τυχὸν
1363 1536 1735 1606 ὲλεημοσύνης
1760 1574 1774 1598 ,

193 1644 292 1693 οὐκ
323 1641 449 1708 ἔσχε
488 1641 580 1693 τὸν
617 1639 994 1708 προτρέποντα
1019 1674 1034 1697 ,
1067 1635 1163 1688 καὶ
1191 1632 1533 1694 διδάσκοντα,
1565 1630 1778 1699 ἔμεινεν

193 1736 312 1785 ἐκεῖ
348 1733 694 1800 ἐκλυόμενος.
730 1729 922 1790 ’Ἄλλος
971 1727 1300 1796 ἐγκρατείας
1330 1765 1344 1788 ,
1377 1725 1473 1775 καὶ
1513 1719 1773 1788 καθεξῆς.

193 1823 555 1885 Ἐκκοπέντες
602 1823 709 1890 γάρ
764 1820 863 1888 τῆς
913 1815 1234 1887 προκοπῆς,
1287 1817 1343 1870 tv
1400 1808 1446 1881 ᾧ
1487 1815 1624 1866 εἰσιν
1683 1812 1777 1864 καὶ

195 1913 454 1981 μένουσιν
483 1953 497 1975 ,
529 1913 560 1980 ἢ
611 1912 704 1962 καὶ
739 1908 1066 1974 ἀναποδίζον
1110 1909 1168 1959 ὲν
1217 1906 1296 1976 τῷ
1330 1905 1473 1975 λιμῷ
1518 1903 1776 1972 ἐκλυόμε-

196 2023 306 2058 νοι.

273 2094 460 2157 ιἸδον,
481 2093 700 2164 Κύριος.
742 2112 757 2142 ι
792 2093 1017 2163 Είρήκει
1053 2092 1160 2160 γάρ
1179 2094 1207 2143 ὁ
1245 2089 1466 2158 Κύριος,
1489 2088 1572 2142 ὅτι
1599 2087 1658 2139 ού
1683 2085 1776 2154 γε.

195 2205 318 2256 γονε
351 2186 573 2255 τοιαύτη
601 2185 806 2254 θλίψις,
839 2183 964 2237 οὐδὲ
989 2183 1162 2235 ἔσται.

278 2386 294 2418 ι
332 2365 392 2417 Εἰ
433 2365 715 2432 φάγονται.
772 2379 792 2413 ε
849 2359 1004 2414 Μετὰ
1047 2359 1116 2412 τὰ
1163 2358 1447 2429 συμϐάντα
1493 2358 1639 2411 κατὰ
1678 2356 1776 2428 τὴν

197 2458 443 2527 ἱστορίαν
468 2498 482 2517 ,
516 2457 608 2514 τὰς
667 2454 775 2506 τῶν
803 2450 1144 2522 Ἐκκλησιῶν
1176 2467 1347 2521 φησιν
1377 2449 1470 2503 ἐπὶ
1513 2449 1584 2503 τὰ
1611 2448 1778 2503 τέκνα

194 2549 622 2608 ἐπαναστάσεις.

277 2657 295 2687 ε
339 2635 710 2704 Ἐπιφυλλίδα.
760 2653 776 2685 ι
829 2633 1214 2704 Ὦπτήθησαν,
1252 2631 1438 2702 φησιν.
1467 2630 1502 2700 ἢ
1529 2629 1626 2684 καὶ
1647 2629 1780 2700 ἑψή-

196 2729 375 2796 θησαν
403 2727 472 2779 τὰ
497 2728 682 2790 τέκνα,
709 2726 745 2779 ἃ
769 2725 973 2794 ἔφαγον
1009 2726 1066 2776 tv
1098 2724 1164 2794 τῇ
1199 2721 1514 2792 πολιορκίᾳ.
1548 2720 1692 2791 Πρὸς
1719 2720 1778 2774 ει

191 2820 462 2880 διάνοιαν,
486 2821 514 2870 ό
541 2818 634 2870 ἀπ’
661 2816 838 2887 ἀρχῆς
858 2817 921 2870 τὸ
942 2814 1190 2884 φονεύειν
1213 2813 1517 2884 μελετήσας
1533 2811 1780 2874 Σατανᾶς

197 2914 275 2964 τὰ
332 2913 521 2980 καίρια
575 2909 682 2962 τῶν
733 2907 969 2979 ἀρετῶν,
1019 2906 1082 2959 αἴ
1113 2905 1252 2958 είσιν
1300 2902 1510 2975 μυελοὶ,
1545 2905 1613 2974 τῇ
1639 2902 1776 2974 ὀργῇ

201 3003 583 3072 ὑπέστρωσεν.

284 3114 301 3145 ι
341 3093 783 3162 Φονευθήσονται.
811 3109 830 3141 ι
857 3089 1004 3152 Ἐάν,
1036 3090 1222 3159 φησὶν,
1255 3087 1543 3157 ἀποδείξῃς
1569 3087 1780 3157 ἀνῃρη-

1879 639 1980 682 est.

1953 720 2010 773 ν.
2055 722 2120 776 19
2177 741 2192 771 ι
2223 722 2414 791 Surge.
2461 740 2477 770 ι
2513 720 2916 791 Expergiscere,
2954 722 3050 785 ait,
3076 730 3132 776 et
3158 730 3336 774 tecum
3371 738 3453 778 res

1878 823 1998 866 tuas
2024 815 2342 866 examinans
2403 811 2662 882 intelligo,
2712 821 2767 865 et
2823 828 3142 881 praeoccupa
3188 810 3455 882 principia

1877 903 2094 974 vigiliae,
2124 903 2227 956 hoc
2259 913 2344 957 est
2358 903 2795 972 justificationes.
2815 902 2975 968 Quasi
3004 904 3212 958 diceret
3243 921 3254 954 :
3285 902 3340 955 In
3369 903 3456 971 ju-

1877 995 2293 1051 stificationibus
2345 1003 2393 1051 te
2439 1011 2651 1060 exerce,
2683 1003 2737 1050 et
2789 996 2960 1050 Deum
3009 996 3300 1064 pr0pitium
3356 995 3453 1050 tibi

1878 1088 2060 1141 redde.
2096 1087 2233 1140 Illud
2255 1099 2459 1154 autem,
2485 1091 2538 1140 in
2560 1098 2708 1142 nocte
2755 1097 2974 1158 propter
3007 1088 3238 1142 hostium
3270 1088 3454 1141 incur-

1878 1195 1995 1234 sum
2020 1181 2292 1249 apposuit.

1960 1292 1974 1324 ι
2011 1273 2244 1327 Effunde
2279 1275 2419 1328 sicut
2448 1289 2664 1342 aquam.
2707 1293 2725 1325 ›
2779 1273 3022 1329 Extende
3071 1273 3452 1328 vehementius

1878 1364 2128 1418 aﬂectum
2162 1372 2312 1419 tuum
2347 1367 2413 1420 ad
2446 1366 2636 1420 Deum.

1958 1475 1976 1504 ιι
2007 1455 2144 1510 Leva
2176 1457 2243 1510 ad
2276 1456 2466 1510 Deum.
2508 1476 2525 1507 ι
2570 1456 2674 1523 Qui
2709 1457 3080 1511 dissolvuntur
3100 1458 3156 1511 in
3189 1458 3453 1527 principio

1879 1547 2141 1614 cujusque
2172 1546 2434 1600 virtutis:
2483 1548 2632 1601 verbi
2664 1547 2854 1618 gratia,
2901 1547 3273 1618 eleemosynas
3332 1548 3454 1616 quis

1879 1634 2058 1689 facere
2089 1635 2277 1703 cmpit,
2304 1650 2407 1690 nec
2431 1635 2619 1689 habuit
2669 1637 2995 1700 hortantem,
3026 1645 3120 1690 aut
3143 1637 3451 1698 docentem,

1880 1727 2080 1793 mansit
2103 1727 2177 1780 ibi
2216 1727 2528 1782 dissolutus.
2570 1727 2723 1782 Alius
2775 1728 3062 1782 continens
3094 1741 3216 1780 esse
3264 1726 3452 1794 coepit,

1881 1826 1936 1870 et
1957 1816 2036 1870 sic
2055 1817 2120 1871 de
2144 1817 2283 1896 aliis.
2325 1817 2472 1872 Ultra
2497 1818 2646 1872 enim
2701 1833 2811 1872 non
2854 1817 3219 1886 proficientes,
3275 1831 3452 1871 rema-

1879 1917 2015 1963 nent
2053 1907 2148 1962 ubi
2183 1916 2332 1973 sunt,
2367 1909 2452 1962 vel
2481 1909 2641 1961 etiam
2703 1907 3055 1961 retrocedunt
3094 1905 3234 1958 fame
3287 1903 3454 1958 disso-

1878 2000 1999 2054 luti.

1948 2089 2013 2145 V.
2046 2092 2135 2146 20.
2187 2110 2207 2142 ι
2246 2091 2399 2154 Vide,
2436 2091 2684 2146 Domine.
2719 2109 2738 2142 ι
2795 2089 3016 2145 Dixerat
3069 2090 3215 2143 enim
3270 2089 3448 2143 Domi-

1877 2199 1982 2239 nus
2015 2184 2063 2216 “
2113 2200 2393 2255 nunquam
2426 2183 2596 2240 fuisse
2653 2184 2814 2238 talem
2854 2183 3223 2249 aiiiictionem,
3274 2198 3344 2235 ne
3363 2197 3452 2250 ιυυ

1876 2275 2132 2332 futuram.

1953 2388 1972 2418 ε
2011 2367 2065 2421 Si
2100 2368 2408 2424 comedent.
2441 2387 2459 2419 ι
2493 2367 2621 2422 Post
2655 2381 2876 2422 sensum
2905 2366 3225 2421 historicum
3251 2365 3452 2421 intelli-

1878 2460 1951 2531 git
1983 2461 2380 2517 commotiones
2403 2460 2766 2516 Ecclesiarum
2789 2461 2841 2514 in
2877 2460 3036 2516 ﬁlios.

1949 2655 1967 2687 ι
2005 2635 2370 2692 Vindemiam.
2416 2654 2434 2687 ι
2466 2637 2646 2692 Assati
2678 2646 2830 2700 sunt,
2864 2637 2959 2700 ait,
3013 2638 3097 2692 vel
3152 2637 3284 2694 elixi
3331 2638 3452 2704 ﬁlii,

1878 2742 2015 2798 quos
2039 2729 2096 2783 in
2122 2727 2410 2783 obsidione
2437 2729 2814 2783 comederunt.
2836 2727 3168 2798 Spiritaliter
3192 2743 3344 2793 vero,
3360 2731 3453 2799 qui

1880 2819 1948 2874 ab
1975 2820 2132 2876 initio
2153 2820 2257 2875 fuit
2290 2821 2560 2875 homicida
2619 2821 2848 2876 Satanas
2903 2822 3142 2892 potiores
3193 2823 3453 2878 virtutum

1880 2911 2024 2966 fetus
2047 2928 2168 2981 quae
2196 2922 2326 2966 sunt
2352 2912 2624 2978 medullae,
2658 2913 2754 2968 iraa
2777 2913 3033 2984 subjecit.

1959 3109 1976 3140 ε
2023 3087 2371 3146 Occidentur.
2405 3111 2424 3143 ι
2453 3091 2510 3147 Si
2531 3091 2674 3157 illos,
2707 3093 2807 3158 ait,
2837 3094 3155 3150 interfectos
3177 3099 3456 3161 ostendes,

202 3192 403 3259 μένους
427 3190 548 3248 τοὺς
569 3185 905 3251 ὲξιλεοῦσθαί
931 3201 990 3238 σε
1018 3185 1111 3238 καὶ
1129 3183 1401 3238 διδάσκειν
1423 3181 1778 3276 δυναμένους.
1808 3217 1852 3276 c

1808 3217 1852 3276 ε
1883 3180 1975 3250 qui
2004 3190 2056 3236 te
2076 3183 2311 3251 placare,
2336 3193 2391 3238 et
2413 3184 2504 3253 qui
2535 3185 2732 3239 docere
2750 3196 2996 3253 possunt,
3018 3187 3338 3242 occidentur
3355 3188 3453 3244 Ec-

201 3281 633 3351 φονευθὴσονται
668 3280 714 3331 ci
769 3278 1025 3347 τρόφιμοι
1070 3274 1173 3345 τῆς
1204 3273 1538 3344 Ἐκκλησίας
1572 3292 1585 3302 -
1637 3272 1697 3324 τὺ
1724 3270 1783 3324 δὲ

197 3377 276 3427 ἐι·
296 3372 615 3441 άτιάσμαει
668 3371 912 3437 Κυρίου,
936 3369 1017 3424 ὅτι
1040 3368 1090 3421 oi
1122 3368 1219 3437 μὲν
1249 3367 1441 3436 τρόποι
1472 3365 1581 3438 [ισ.
1609 3362 1786 3435 τόποι]

200 3466 307 3532 τῆς
334 3461 646 3530 ἁγιωσύνης
665 3459 918 3513 δοκοῦσιν
948 3459 1195 3521 ἑστάναι,
1225 3459 1258 3528 ἡ
1287 3457 1342 3512 δὲ
1371 3456 1598 3526 δύναμις
1622 3456 1790 3526 ἠρνηο

200 3575 319 3609 ται.
354 3554 543 3608 Ταῦτα
569 3554 624 3605 δὲ
651 3552 790 3622 μετὰ
811 3553 909 3620 τὴν
941 3549 1186 3621 ἱστορίαν
1228 3549 1550 3620 θεωρήσεις.

288 3669 305 3698 ‹
358 3646 763 3715 Ἐκοιμήθησαν
807 3646 908 3706 είς.
955 3663 972 3693 θ
1018 3642 1161 3714 Πρὸς
1191 3641 1290 3711 μὲν
1321 3639 1506 3712 ῥητὸν,
1536 3638 1790 3694 οίδιανα-

204 3737 480 3790 παύεσθαι
520 3734 950 3804 όφείλοντες,εις
994 3732 1095 3801 γῆν
1147 3731 1372 3792 ἑαυτοὺς
1411 3728 1787 3798 ἐκοιμήθησαν

208 3829 327 3899 [ῖσ.
363 3823 694 3896 ἑκοίμισαν].
725 3825 866 3895 Πρὸς
895 3823 950 3878 δὲ
985 3825 1247 3888 διάνοιαν,
1279 3825 1334 3875 '0
1359 3821 1581 3889 ἄπειρός
1611 3836 1667 3872 τε
1695 3820 1790 3873 καὶ

208 3922 541 3990 ἐπιστήμων
590 3921 648 3970 tv
676 3918 788 3979 τοῖς
818 3917 916 3987 τῆς
957 3915 1315 3985 ἀποστροφῆς
1341 3913 1523 3976 τόποις
1547 3911 1788 3965 ἀνεπαύ-

210 4029 383 4064 σαντο
415 4029 427 4041 ι
481 4010 541 4062 τὸ
599 4009 702 4080 γὰρ
736 4006 999 4074 ἐξοδεύειν
1037 4007 1188 4058 ἐστὶν
1218 4005 1279 4057 τὸ
1323 4002 1787 4074 ἀποστρέφεσθαι.

211 4106 338 4156 Ἵνα
377 4102 542 4164 cirros,
565 4099 872 4165 ἐξελθόντες
900 4098 1010 4151 τῶν
1044 4098 1141 4167 τῆς
1185 4095 1497 4158 θεοσεϐείας
1531 4095 1694 4168 ὅρων,
1723 4095 1790 4148 τά

216 4193 381 4263 γήϊνα
417 4192 804 4262 φρονήσαντες.

295 4303 312 4334 ε
344 4282 606 4354 Παρθενοι
639 4299 763 4353 μου.
805 4300 824 4332 ι
854 4281 964 4336 Καὶ
986 4281 1036 4333 οι
1072 4281 1130 4333 tv
1157 4279 1453 4349 ἀφθαρσίᾳ.
1481 4279 1574 4331 καὶ
1598 4277 1790 4347 ἀνδρίᾳ

209 4374 483 4445 βιοῦντες,
513 4373 699 4444 φησιν,
731 4370 1084 4442 ὑπεσύρησαν
1115 4371 1182 4441 τῇ
1205 4369 1473 4440 ἁμαρτίᾳ.

298 4567 317 4598 ι
363 4548 449 4600 Ἐν
484 4547 748 4618 ῥομφαίᾳ.
792 4563 810 4595 ι
861 4546 949 4598 Ἐν
980 4547 1048 4616 τῇ
1079 4545 1171 4598 τοῦ
1197 4543 1393 4614 ἐχθροῦ
1424 4541 1736 4612 ἐπιστασίᾳ.
1822 4565 1867 4620 ι)

295 4658 313 4689 ι
355 4639 463 4690 Καὶ
492 4640 549 4690 ὲν
575 4637 739 4708 λιμῷ.
773 4656 791 4688 ε
821 4637 912 4692 Ἐν
938 4639 1005 4709 τῇ
1039 4635 1132 4690 τοῦ
1161 4633 1321 4703 λόγου
1359 4635 1612 4704 ἀπουσία.

298 4747 316 4778 ε
362 4729 677 4791 Ἑκάλεσας.
727 4746 745 4778 ι
781 4727 924 4797 Πρὸς
957 4727 1059 4796 μὲν
1087 4725 1250 4796 ῥητὸν
1277 4725 1450 4789 οὕτως
1480 4725 1645 4794 φησίν
1671 4741 1682 4753 ν
1729 4725 1793 4778 Oi

207 4819 404 4890 πάσης
437 4820 534 4888 τῆς
558 4819 884 4888 περιοικίδος
907 4817 1214 4887 κατέφυγον
1239 4817 1318 4881 εις
1342 4816 1443 4888 tut
1470 4816 1568 4886 τὴν
1595 4816 1794 4887 Ἰερου-

209 4908 408 4977 σαλὴμ
437 4908 513 4970 ὡς
565 4905 791 4977 ἰσχυράν
819 4906 975 4960 πόλιν
997 4947 1012 4970 ,
1055 4905 1244 4977 ὥσπερ
1264 4908 1354 4960 ὅτε
1384 4909 1443 4960 tv
1488 4907 1795 4976 πανηγύρει

208 4996 569 5066 συνέτρεχον.
613 4995 758 5066 Πρὸς
799 4994 857 5048 δὲ
890 4995 1135 5050 διάνοιαν
1167 4996 1202 5066 ἡ
1233 4995 1380 5066 ψυχή
1412 5011 1576 5066 φησιν
1603 5011 1618 5026 ο
1670 4995 1792 5048 Ὀτι

208 5085 573 5156 ἀπέστρεψας
598 5086 659 5138 τὸ
681 5085 969 5156 πρόσωπόν
999 5103 1093 5138 σου
1124 5087 1218 5139 ἀπ’
1250 5086 1407 5156 ιμοῦ.
1449 5086 1794 5157 παρεσκεύα-

211 5192 326 5235 σας
355 5177 479 5240 τοὺς
504 5175 731 5246 ἐχθρούς
762 5194 864 5247 μου
890 5177 1188 5248 ἑορτάζειν.
1213 5179 1515 5248 Παροίκους
1541 5177 1648 5246 γὰρ
1669 5176 1796 5240 τοὺς

212 5263 627 5334 παροικοῦντας
666 5267 797 5335 ἡμῖν
826 5265 1054 5336 ἑχθρούς
1087 5284 1272 5335 φησιν.

303 5373 322 5404 ε
362 5355 470 5409 Καὶ
493 5355 593 5407 οὐκ
615 5355 881 5422 ἐγένοντο.
920 5375 938 5408 ι
969 5357 1030 5409 Et
1056 5358 1130 5427 μὴ
1154 5358 1260 5426 γάρ
1285 5374 1367 5420 τις
1400 5356 1583 5427 τελείᾳ
1615 5356 1795 5427 ἁμαρ-

206 5446 316 5516 τίᾳ
351 5446 637 5514 περιπέσοι
672 5487 686 5509 ,
718 5447 980 5519 ἀποτόμῳ
1008 5448 1144 5520 ὀργῇ
1182 5449 1241 5502 ού
1274 5447 1650 5520 παραδίδοται.

297 5553 318 5585 ι
368 5534 452 5598 Ὠς
479 5537 851 5608 ὲπεκράτησα.
868 5557 886 5589 ι
909 5539 1050 5610 Πρὸς
1075 5539 1175 5608 μεν
1195 5539 1384 5610 ῥητὸν,
1410 5539 1791 5608 Ἐνισχύσασα,

209 5628 407 5696 φησιν,
434 5628 491 5680 tv
512 5630 577 5698 τῇ
601 5628 844 5700 ἁμαρτίᾳ
869 5631 1256 5700 παρεσκεύασὰ
1280 5649 1337 5686 σε
1361 5629 1563 5701 πλῆθος
1586 5630 1793 5701 ἐχθρῶν

303 5830 348 5864 ⁸³
376 5826 558 5886 Matth.
591 5845 732 5894 xxiv,
765 5829 849 5883 Ἢ.

1890 3273 2066 3328 clesite
2090 3274 2295 3329 alumni
2332 3274 2505 3330 :illud
2555 3290 2738 3345 porro,
2767 3278 2822 3329 in
2872 3280 3178 3332 ranctuario
3218 3279 3456 3333 Domini:

1889 3367 2144 3434 quoniam
2172 3368 2475 3421 sanctitatis
2502 3367 2618 3422 loca
2650 3368 2905 3423 videntur
2955 3379 3119 3435 stare,
3167 3371 3252 3427 vis
3275 3379 3458 3425 tamen

1889 3456 2205 3527 denegatur.
2239 3458 2362 3514 Haec
2389 3468 2566 3513 autem
2599 3470 2720 3530 post
2753 3475 2972 3515 sensum
3005 3463 3322 3517 historicum
3344 3477 3460 3531 spe-

1890 3547 2180 3603 culaberis.

1962 3639 2026 3694 ν.
2057 3640 2144 3696 21.
2182 3660 2200 3693 ι
2233 3641 2585 3699 Dormierunt
2617 3644 2672 3698 in
2699 3645 2806 3699 via.
2869 3664 2888 3697 ι
2933 3645 3014 3700 Ad
3059 3646 3312 3712 litteram,
3362 3647 3456 3716 qui

1888 3731 2069 3801 quiete
2099 3732 2201 3786 frui
2225 3734 2504 3796 deberent,
2531 3735 2586 3788 in
2637 3743 2782 3789 terra
2822 3736 3179 3791 dormierunt.
3231 3739 3454 3807 Mysticc

1889 3838 2042 3889 vero,
2067 3824 2383 3893 inexpertus
2397 3834 2453 3879 et
2479 3827 2657 3880 sciens
2689 3826 2742 3880 in
2773 3826 3071 3882 aversionis
3118 3827 3249 3883 locis
3274 3827 3461 3898 jacue-

1890 3924 2050 3981 runt;
2089 3918 2240 3971 exire
2267 3918 2410 3971 enim
2451 3928 2536 3972 est
2568 3919 2762 3972 averti.
2789 3917 2954 3984 Quasi
2989 3919 3213 3985 diceret,
3255 3920 3458 3991 egressi

1890 4005 2106 4074 pietatis
2134 4005 2289 4071 fines,
2323 4017 2538 4062 terrena
2568 4009 2861 4078 sapientes.

1966 4272 1984 4304 ‹
2024 4251 2272 4324 Virgines
2302 4268 2454 4308 meae.
2497 4271 2514 4303 ι
2543 4250 2680 4307 Tam
2715 4253 2808 4322 qui
2868 4251 3244 4308 castimoniam
3271 4265 3458 4305 serva-

1891 4347 2039 4409 bant,
2070 4358 2232 4414 quam
2258 4344 2351 4413 qui
2391 4342 2768 4399 fortitudinem
2803 4343 2907 4398 sibi
2934 4343 3268 4413 propositam
3296 4341 3464 4396 habe-

1891 4441 2041 4506 bant,
2066 4439 2132 4494 ad
2156 4438 2510 4508 peccandum,
2547 4439 2641 4505 ait,
2664 4439 2915 4508 portracti
2938 4446 3087 4493 sunt.

1968 4553 1985 4582 ε
2017 4533 2075 4586 in
2099 4532 2293 4602 gladio.
2331 4551 2350 4584 ι
2399 4531 2457 4585 in
2489 4534 2601 4600 ipsa
2634 4531 2870 4585 hostium
2899 4530 3202 4585 invasione.

1974 4643 1991 4674 4
2031 4621 2098 4677 Ει
2119 4622 2174 4676 in
2205 4621 2368 4676 fame.
2400 4604 2418 4672 ἑ
2455 4621 2638 4692 inopia
2661 4621 2830 4677 verbi.

1965 4710 2029 4766 ν.
2052 4712 2141 4766 22.
2190 4731 2211 4764 ε
2248 4711 2481 4767 Vocasti.
2524 4731 2541 4763 ι
2580 4712 2658 4767 Ad
2695 4712 2933 4766 litteram
2969 4712 3075 4766 hoc
3113 4711 3190 4766 ait
3223 4728 3235 4763 :
3263 4709 3466 4765 Omnes

1896 4805 2254 4860 circumcirca
2285 4804 2476 4859 incola
2529 4804 2595 4858 ad
2636 4820 2722 4858 mc
2763 4804 3061 4860 Jerusalem
3104 4802 3467 4873 confugerunt

1896 4909 2149 4970 tanquam
2179 4900 2452 4955 civitatem
2472 4900 2691 4965 fortem,
2739 4901 2882 4955 sicut
2899 4915 3021 4954 cum
3052 4900 3117 4954 ad
3153 4898 3468 4954 solemnita-

1898 5000 1979 5046 tes
2024 4990 2439 5046 concurrebant.
2498 4989 2823 5060 Spiritaliter
2886 5004 3013 5045 vero
3069 4990 3250 5044 anima
3291 4990 3463 5043 dicit:

1897 5081 2160 5147 Quoniam
2193 5081 2430 5160 avertisti
2464 5080 2656 5136 faciem
2684 5091 2829 5136 tuam
2856 5096 2888 5135 ε
2936 5096 3044 5146 me,
3077 5080 3312 5137 inimicis
3333 5081 3470 5134 meis

1895 5175 2086 5245 gaudia
2119 5174 2378 5228 tribuisti.
2424 5172 2676 5228 Parmcos
2727 5173 2872 5228 enim
2923 5182 3081 5227 vocat
3129 5172 3335 5236 hostes,
3377 5173 3470 5241 qui

1893 5283 2062 5336 prope
2087 5283 2187 5322 nos
2223 5267 2489 5321 habitant.

1973 5377 1990 5410 ι
2037 5360 2104 5413 Et
2137 5374 2248 5413 non
2279 5358 2517 5413 fuerunt.
2565 5377 2583 5408 ι
2623 5356 2734 5412 Nisi
2782 5357 2926 5410 enim
2955 5356 3075 5425 quis
3106 5355 3160 5409 in
3188 5365 3472 5425 peccatum

1895 5450 2195 5518 perfectum
2215 5449 2397 5518 lapsus
2427 5448 2611 5511 fuerit,
2639 5462 2827 5500 severe
2858 5447 2951 5500 ira:
2983 5461 3090 5507 non
3116 5447 3366 5502 traditur.

1979 5559 1996 5590 ε
2028 5541 2182 5595 Sicut
2211 5540 2545 5594 invalescere
2578 5537 2698 5592 feci.
2735 5556 2752 5588 ι
2788 5537 2869 5592 Ad
2892 5538 3126 5592 litteram
3161 5556 3174 5589 :
3203 5533 3473 5601 Cum,ait,

1903 5634 1956 5687 in
1987 5643 2210 5702 peccato
2235 5633 2604 5688 invaluissem.
2663 5629 2784 5695 feci,
2819 5638 2878 5684 ut
2926 5622 3326 5684 multitudinem
3381 5628 3481 5682 lao-
