4218 6448
195 461 307 526 715

1218 424 1689 511 FRAGMENTA
1728 446 1811 507 IN
1851 444 2123 506 JEREM.
2166 444 2497 506 LAMENT.

3386 442 3489 504 ’14ίῖ

195 556 287 627 διὰ
316 573 415 642 τῆς
442 569 719 642 ἁμαρτίας
752 568 782 623 ὁ
810 541 1081 630 διάϐολος,
1109 563 1271 626 abte;
1296 562 1485 615 λοιπὸν
1512 562 1577 631 τῇ
1608 558 1782 612 δεινό-
1816 588 1826 618 λ

1927 565 2080 611 ostea
2100 556 2395 610 calliditate
2421 571 2517 611 sua
2545 552 2841 610 absorbere
2875 553 3021 609 illam
3038 551 3253 608 nititur.
3271 552 3333 609 In
3361 533 3490 609 labs-

197 683 324 737 τήτι
348 666 639 719 καταπιεῖν
686 662 894 732 ταύτην
933 659 1225 728 ἐπιχειρεῖ.
1260 656 1366 709 Ἐν
1406 654 1684 721 κρυφίοις
1711 650 1791 713 δὲ,

199 760 321 813 ἀντὶ
349 757 443 812 τοῦ
474 757 827 827 πανούργοις,
854 752 1126 823 πρότερον
1155 748 1243 803 διὰ
1272 748 1372 818 τῆς
1404 746 1678 818 ἁμαρτίας
1708 761 1797 797 τα-

203 851 440 922 ράττων.

281 962 301 997 ι
335 935 699 1006 κατεδίωξεν.
740 958 759 991 ι
804 938 954 992 ’Δντὶ
981 935 1096 1001 τοῦ,
1125 934 1532 1004 κατέστρωσεν.

280 1060 300 1089 ι
349 1034 618 1089 Ἐνέτεινε
655 1033 832 1098 τόξον.
866 1052 887 1085 ι
934 1031 993 1085 ὐ
1023 1029 1298 1083 Ἰουδαίων
1330 1028 1483 1091 λαὸς,
1514 1024 1799 1087 παντοίαις

202 1122 490 1194 χρώμενος
544 1121 687 1177 κατὰ
736 1120 834 1175 τοῦ
890 1120 1100 1189 Κυρίου
1150 1118 1441 1188 λοιδορίαις
1480 1118 1577 1169 καὶ
1636 1131 1804 1167 συκο-

205 1213 489 1283 φαντίαις·
547 1213 646 1266 καὶ
677 1212 706 1264 ὀ
742 1208 990 1272 διάϐολος
1023 1209 1081 1262 δὲ
1134 1208 1447 1279 ὑποχείριον
1484 1205 1665 1259 λαϐὼν
1702 1203 1803 1275 τὴν

203 1305 408 1376 ψυχήν·

285 1421 321 1456 σ.
341 1399 654 1469 Εἱσήγαγεν
683 1398 741 1451 ἑν
771 1399 883 1459 τοῖς
906 1397 1127 1466 νεφροῖς
1170 1412 1291 1465 μου.
1326 1412 1344 1445 ι
1388 1391 1546 1447 Κατὰ
1584 1391 1682 1461 μὲν
1706 1388 1802 1442 τοῦ

205 1486 440 1558 Κυρίου,
496 1486 595 1549 τὰς
643 1487 723 1548 εἰς
784 1485 1014 1538 θάνατον
1068 1484 1374 1552 ἐξαιτηθεὶς
1414 1480 1802 1555 [ἐξαιτήσει;],

209 1576 356 1631 κατὰ
387 1577 445 1631 δὲ
474 1576 574 1647 τῆς
602 1576 783 1647 ψυχῆς
813 1575 842 1627 ὁ
872 1574 1118 1638 διάϐολος
1137 1614 1153 1639 ,
1180 1574 1286 1637 τὰς
1317 1576 1459 1629 κατὰ
1486 1574 1585 1644 τῆς
1626 1570 1804 1641 ψυχῆς

209 1669 627 1740 θανατηφόρους
658 1668 944 1739 συμϐουλὰ
958 1686 999 1729 ;.

290 1781 310 1815 ι
351 1760 621 1831 Ἐτενήθη
648 1760 845 1828 γέλως.
886 1777 905 1810 ι
945 1760 1005 1811 Ὀ
1045 1757 1147 1828 μὲν
1187 1758 1413 1827 Κύριος,
1443 1753 1524 1826 τῷ
1547 1756 1653 1809 τῶν
1677 1754 1808 1809 ἀπί-

213 1873 357 1908 στων
382 1871 397 1885 ο
424 1857 459 1923 ή
481 1854 538 1906 δὲ
564 1852 711 1923 ψυχὴ
733 1854 843 1915 τοῖς
866 1852 976 1905 τῶν
999 1848 1272 1919 δαιμόνων
1300 1847 1589 1919 πλήθεσιν.

291 1968 311 2002 ι
348 1930 576 2019 sum;
600 1946 803 2000 αὐτῶν.
836 1944 1016 1998 »Ἀντὶ
1044 1942 1163 2007 τοῦ,
1192 1940 1519 2014 εὐφροσύνη,
1560 1940 1725 2011 χαρά.

287 2065 313 2098 ί
367 2042 667 2119 Ἐχὸρτασὲ
720 2060 809 2113 με.
852 2063 871 2095 ι
917 2042 1026 2095 Καὶ
1084 2040 1194 2111 γὰρ
1235 2038 1399 2111 χολὴν
1438 2029 1612 2093 ἀὐτὸν
1641 2041 1698 2091 ὲν
1737 2037 1815 2109 τῷ

214 2136 441 2209 σταυρῷ
460 2137 721 2193 ὲπὸτισαν
746 2152 759 2166 ο
799 2134 991 2205 πιιρία
1014 2134 1074 2186 δὲ
1101 2133 1195 2187 καὶ
1226 2132 1326 2203 τῆς
1356 2130 1537 2202 ψυχῆς
1561 2131 1594 2203 ή
1634 2130 1817 2202 ἁμαρ-

216 2242 340 2287 τια.
1095 2278 1099 2283 .
1516 2242 1533 2250 ’

296 2346 315 2378 ι
350 2325 460 2378 Καὶ
503 2323 725 2389 ὶξέϐαλε
746 2322 936 2394 ψήφῳ.
957 2341 976 2373 ι
1030 2321 1089 2374 '0
1120 2322 1219 2393 μὲν
1256 2320 1485 2391 Κύριος,
1515 2321 1703 2390 φησὶν,
1729 2319 1817 2373 διὰ

215 2418 283 2471 τὸ
306 2416 472 2487 μηδὲν
498 2416 718 2485 Πιλάτῳ
744 2412 1170 2484 ἀποκρίνασθαι.
1202 2412 1267 2467 Ἦ
1291 2412 1350 2467 δὲ
1373 2412 1520 2484 ψυχὴ
1541 2412 1713 2481 λέγει,
1734 2413 1818 2465 ὅτι

229 2502 294 2557 Ὅ
316 2501 560 2565 διάϐολος
587 2505 652 2573 τῇ
689 2502 1000 2573 πανουργίᾳ
1021 2504 1088 2573 τῇ
1113 2505 1210 2575 τῆς
1226 2501 1501 2573 ἁμαρτίας
1526 2503 1598 2556 τὰ
1624 2500 1819 2573 αἰσθη-

221 2597 392 2667 τήριά
423 2613 527 2666 μου
556 2595 653 2665 ὲξη
662 2595 980 2669 μαύρωσεν.

305 2708 323 2739 ι
352 2682 461 2740 Καὶ
490 2683 772 2740 ἀπώσατο.
819 2704 837 2738 ι
885 2686 943 2739 '0
966 2685 1067 2756 μὲν
1091 2683 1365 2741 Ἰουδαίων
1384 2682 1535 2748 λαὸς,
1562 2682 1651 2756 μὴ
1669 2682 1825 2754 θελή-

226 2793 328 2840 σας
382 2774 698 2849 εἰρηνεῦσαι
757 2774 895 2845 πρὸς
943 2774 1035 2828 τὸν
1093 2773 1289 2828 ἑαυτοῦ
1345 2774 1576 2845 Σωτῆρα
1613 2791 1628 2806 ·
1678 2777 1707 2829 ὁ
1763 2774 1823 2828 δὲ

223 2869 474 2934 διάϐολος
496 2907 512 2932 ,
544 2870 609 2922 ὲκ
632 2868 734 2938 της
766 2867 994 2939 εἰρήνης
1040 2866 1150 2921 τοῦ
1169 2865 1305 2921 Θεοῦ
1327 2868 1427 2937 τὴν
1469 2865 1654 2939 ψυχὴν
1685 2867 1825 2922 ἀποο

227 2962 459 3033 στήσας.
1518 3000 1533 3015 .

306 3074 325 3106 ι
356 3055 466 3108 Καὶ
498 3044 650 3119 εἶπα,
676 3051 971 3106 Ἀπώλετο.
1011 3070 1031 3104 ι
1061 3052 1247 3105 Ταῦτα
1272 3054 1301 3107 ὁ
1336 3053 1529 3125 Σωτὴρ
1556 3054 1688 3125 περὶ
1728 3069 1823 3107 τω

1901 650 2124 702 conditis
2155 663 2303 714 vero,
2335 648 2439 702 hoc
2477 656 2562 702 est
2611 648 2995 712 fraudulentis,
3048 661 3145 717 per
3205 656 3490 717 peccatum

1901 751 2061 796 antea
2096 740 2343 795 turbans.

1976 918 2042 973 ν.
2076 919 2162 974 Il.
2201 938 2220 970 ι
2255 916 2584 995 Persecutus
2614 926 2717 971 est.
2761 936 2779 968 ι
2821 916 2936 972 lIoc
2963 926 3068 979 est,
3102 917 3419 986 prostravit.

1977 1018 2041 1071 V.
2079 1016 2164 1070 12.
2202 1013 2504 1070 «Tetendit
2557 1027 2765 1067 arcum.
2796 1029 2814 1062 ι
2872 1010 3187 1065 ,Ιιιᾶίροτιιηι
3238 1010 3490 1080 populus,

1906 1108 2189 1180 quibusvis
2221 1122 2350 1162 usus
2378 1106 2431 1159 in
2472 1104 2761 1160 Dominum
2824 1102 3133 1157 maledictis
3165 1110 3222 1155 et
3283 1104 3493 1154 calum-

1910 1203 2015 1257 niis
2044 1221 2058 1257 :
2088 1202 2175 1256 vel
2198 1202 2315 1271 ipse
2339 1200 2610 1264 diabolus,
2640 1197 2823 1251 anima
2854 1196 2910 1251 in
2961 1210 3117 1250 suam
3165 1203 3494 1263 potestatem

1910 1295 2149 1350 redacta.

1983 1387 2048 1442 ν.
2085 1389 2168 1443 15.
2205 1407 2224 1439 ι
2254 1384 2561 1442 lmmisitin
2585 1398 2767 1438 rencs.
2805 1401 2822 1435 ι
2872 1380 3153 1437 Adversus
3206 1378 3497 1434 Dominum

1912 1482 2205 1552 petitiones
2230 1480 2297 1533 ad
2338 1488 2600 1541 mortem;
2634 1477 2897 1530 adversus
2918 1490 3051 1529 vero
3077 1474 3314 1527 animam
3376 1471 3496 1526 dia-

1912 1574 2072 1629 bolus
2101 1571 2317 1627 letbalia
2342 1570 2394 1623 in
2428 1570 2603 1639 ipsam
2626 1568 2872 1623 consilia.

1986 1744 2051 1800 γ.
2077 1744 2163 1799 16.
2197 1764 2215 1796 ι
2253 1744 2451 1800 Factus
2485 1759 2629 1799 smn.
2666 1761 2684 1794 ι
2730 1742 2995 1799 Dominus
3040 1744 3264 1815 quidem
3306 1742 3499 1800 inlide-

1917 1836 2061 1890 libus
2100 1854 2114 1889 :
2156 1836 2335 1889 anima
2367 1850 2496 1890 vero
2533 1834 2842 1888 daemonum
2872 1834 3228 1889 multitudini.

1846 1933 1901 1987 Β
1995 1947 2015 1980 ι
2045 1928 2291 1983 I’salmus
2314 1942 2525 1982 eorum.
2560 1945 2579 1977 ι
2611 1926 2667 1981 Id
2707 1934 2792 1980 est
2813 1925 3005 1981 laetitia
3023 1937 3079 1981 et
3099 1928 3380 1998 gaudium.

1988 2020 2054 2075 V.
2084 2022 2169 2076 15.
2204 2037 2228 2074 ι
2264 2020 2539 2080 Satur‘avit
2558 2036 2665 2074 me.
2692 2039 2711 2071 ι
2748 2020 2892 2074 Felle
2914 2020 3057 2075 enim
3089 2024 3143 2074 in
3168 2036 3333 2077 cruce
3351 2022 3502 2076 illum

1918 2124 2282 2186 potaverunt:
2310 2116 2618 2170 amaritudo
2646 2130 2777 2170 vero
2808 2114 2971 2170 etiam
2993 2115 3192 2170 anima:
3219 2127 3502 2187 peccatum

1917 2221 2019 2265 88L
3445 2274 3449 2278 .

1990 2301 2053 2357 V.
2080 2298 2168 2357 16.
2201 2320 2222 2355 ι
2234 2302 2319 2380 ﬁt
2341 2301 2501 2372 ejecit
2530 2301 2761 2357 calculo.
2792 2318 2810 2353 ι
2847 2300 3108 2358 Dominus
3129 2301 3351 2373 quidem
3380 2303 3504 2373 quia

1919 2394 2092 2450 Pilato
2118 2395 2160 2426 "
2192 2396 2400 2448 nullmn
2423 2394 2577 2449 dedit
2607 2409 2951 2465 responsum.
2984 2394 3177 2450 Anima
3208 2410 3340 2450 vero
3392 2396 3509 2451 haec

1920 2487 2017 2552 ait,
2049 2487 2175 2557 quia
2224 2486 2477 2542 Diabolus
2516 2486 2724 2557 peccati
2770 2486 3064 2542 calliditate
3107 2502 3304 2543 sensus
3359 2503 3510 2545 meos

1920 2567 2253 2636 obscuravit.

1994 2670 2060 2726 ν.
2093 2673 2179 2728 I7.
2216 2690 2236 2724 ι
2272 2671 2336 2728 Et
2363 2672 2582 2751 repulit.
2624 2691 2642 2724 ι
2684 2672 2999 2729 Iudaeorum
3029 2673 3253 2745 quidem
3274 2674 3511 2746 populus

1923 2778 2115 2835 pacem
2137 2763 2330 2819 nolens
2384 2780 2508 2819 cum
2536 2780 2636 2819 suo
2695 2764 3019 2833 Salvatore;
3073 2765 3327 2823 diabolus
3382 2781 3511 2822 veno

1923 2857 2160 2912 animant
2187 2872 2219 2911 a
2248 2872 2383 2928 pace
2406 2856 2501 2911 Dei
2541 2857 2857 2913 deturbans.

1999 3057 2064 3112 V.
2091 3057 2178 3114 18.
2202 3076 2222 3109 ι
2251 3058 2321 3113 Et
2352 3058 2500 3113 dixi:
2526 3059 2708 3130 Periit.
2745 3079 2763 3112 ι
2796 3057 2923 3115 Haec
2954 3060 3205 3117 Salvator
3233 3062 3302 3118 de
3332 3060 3519 3119 Iudai-

228 3147 501 3209 Ἰουδαίων
523 3146 653 3201 λαοῦ
681 3148 846 3218 φησὶν
871 3185 889 3211 ,
913 3145 972 3211 ὃς
1004 3146 1272 3217 πρότερον
1296 3146 1632 3218 κληρονομία
1656 3145 1822 3201 αὑτοῦ

1927 3165 1994 3208 co
2035 3152 2237 3221 popqu
2271 3151 2366 3213 ait,
2398 3151 2488 3221 qui
2518 3138 2647 3207 olim
2686 3152 2860 3208 narres
2912 3153 3054 3209 illius
3111 3164 3249 3223 erat,
3290 3164 3345 3211 et
3393 3170 3519 3226 spes

228 3235 322 3312 ἦν,
358 3242 451 3295 καὶ
472 3241 627 3303 ἐλπὶς
658 3240 1035 3310 καυχήματος.
1066 3240 1235 3307 Φησὶν
1269 3239 1327 3293 δὲ
1358 3240 1454 3293 καὶ
1482 3242 1516 3312 ή
1548 3239 1715 3310 ψυχὴ,
1742 3239 1825 3292 ὅτι

1929 3242 2134 3315 gloriae.
2155 3243 2245 3298 Ait
2269 3259 2488 3314 quoque
2518 3244 2699 3299 anima
2723 3263 2736 3299 :
2760 3245 3129 3317 Multiplicatis
3157 3248 3294 3303 meis
3316 3246 3520 3318 iniqui-

231 3333 654 3402 Π).ηουνθεισῶν
685 3350 789 3404 μου
814 3332 924 3386 τῶν
955 3334 1239 3403 ἁμαρτιῶν
1260 3334 1535 3406 ὑπενόησα
1563 3337 1663 3407 τὴν
1697 3336 1824 3390 ἀνά·

1934 3335 2158 3411 tatibus,
2189 3337 2460 3406 suspicata
2491 3352 2633 3402 sum,
2674 3353 2782 3392 non
2811 3339 2927 3393 fore
2970 3354 3058 3394 me
3093 3340 3326 3411 amplius
3360 3356 3521 3405 revo-

232 3428 431 3500 κλησίν
462 3446 570 3500 μου
606 3429 679 3499 μὴ
719 3424 884 3483 εἶναι.
1080 3500 1083 3503 Α
1404 3476 1408 3481 ,

1930 3406 2181 3482 caudam.
3325 3439 3331 3445 ’

312 3541 332 3573 ι
358 3522 693 3592 Ἐμνήσθην.
724 3540 743 3573 ι
764 3520 822 3575 '0
862 3521 1056 3592 Σωτήρ
1080 3536 1269 3591 φησιν,
1298 3519 1379 3573 ὅτι
1417 3518 1692 3589 Μνησθεὶς
1728 3518 1826 3587 τῆς

2004 3518 2187 3573 v.19.
2240 3538 2259 3571 ι
2308 3520 2645 3576 Recordatus
2688 3539 2841 3578 sum.
2904 3542 2923 3575 ι
2968 3523 3218 3579 Salvator
3248 3525 3366 3581 haec
3405 3527 3523 3583 ait:

234 3616 492 3669 ἑκουσίου
546 3613 834 3678 κενώσεώς
887 3631 1013 3684 μου,
1064 3614 1159 3666 καὶ
1204 3603 1314 3665 τῶν
1358 3610 1573 3674 παθῶν,
1601 3604 1676 3664 ὧν
1728 3610 1826 3663 ὑπ-

1931 3611 2268 3668 Recordatus
2317 3630 2453 3668 mere
2501 3625 2816 3684 spontaneae
2848 3618 3258 3683 exinanitionis,
3310 3622 3525 3690 passin-

238 3709 456 3776 έμεινα,
498 3707 595 3760 καὶ
638 3704 814 3775 ταῦτα
859 3704 1024 3775 ἔχων,
1056 3704 1153 3758 καὶ
1181 3702 1467 3773 φυλάττων
1494 3703 1553 3755 ὲν
1581 3702 1826 3773 ἐμαυτῷ,

1930 3720 2175 3775 numque
2217 3721 2354 3775 quas
2400 3707 2622 3776 pertuli,
2659 3717 2715 3763 et
2754 3709 2869 3764 haec
2908 3710 3138 3776 habens,
3191 3727 3528 3783 servansque

237 3798 522 3869 ὑπομένω,
550 3800 640 3852 ἵνα
690 3800 756 3869 τῇ
810 3796 1170 3868 μακροθυμίᾳ
1237 3796 1333 3850 καὶ
1380 3795 1504 3859 τοὺς
1547 3793 1826 3858 Ἰουδαίους

1934 3796 1988 3851 ἰη
2045 3814 2132 3853 me
2182 3798 2323 3868 ipso,
2389 3800 2657 3864 sustineo,
2701 3810 2761 3857 ut
2808 3803 3094 3859 tolerantia
3141 3820 3261 3860 mea
3311 3806 3527 3863 Judatns

239 3893 511 3965 κερδήσω.
541 3893 637 3946 Ἐκ
682 3892 740 3945 δὲ
783 3891 879 3945 τοῦ
920 3889 1218 3963 προσώπου
1264 3886 1359 3943 τοῦ
1409 3889 1826 3960 ἁμαρτήσαντος

1932 3904 2150 3959 quoque
2205 3891 2574 3947 lucrifaciam.‘
2630 3894 2709 3948 Ex
2756 3911 2991 3965 persona
3047 3914 3178 3955 vero
3221 3903 3528 3971 peccatoris

236 3987 385 4057 οὕτω
407 3986 624 4056 νοήσεις
642 4000 656 4013 ·
690 3983 995 4055 Πτωχείας.
1031 3986 1130 4053 τῆς
1156 3982 1365 4054 τροπῆς
1383 3998 1398 4013 ’
1436 3981 1578 4053 μετὰ
1602 3982 1711 4051 γὰρ
1734 3981 1826 4051 τὴν

1935 3980 2015 4034 sic
2082 3980 2399 4052 intelliges:
2447 3983 2827 4055 Paupertatis.
2881 3988 2984 4044 hoc
3042 3999 3128 4045 est
3174 3992 3526 4057 mutationis;

236 4081 453 4153 τροπὴν
483 4081 747 4153 διωγμοῖς
775 4077 1053 4148 ἁμαρτίας
1084 4075 1438 4153 παραδίδοται
1472 4076 1505 4146 ή
1533 4074 1703 4146 ψυχή.

320 4282 341 4315 ι
374 4251 767 4334 Πικρίας.μου.
801 4280 821 4312 ι
855 4258 977 4313 Τῶν
1017 4256 1349 4329 συμϐάντων
1386 4272 1478 4326 μοι
1509 4254 1567 4309 ὲν
1592 4256 1659 4325 τῇ
1682 4252 1840 4324 χώρᾳ

240 4356 361 4426 τῆς
379 4352 681 4425 ἁμαρτίας.

323 4466 344 4500 ι
394 4448 504 4500 Καὶ
551 4442 1014 4514 καταδολεσχήσει
1072 4438 1162 4494 ἐπ’
1197 4440 1300 4511 ἐμὲ
1347 4440 1381 4509 ή
1429 4439 1576 4509 ψυχή
1633 4454 1759 4507 μου.
1815 4455 1834 4487 ι

242 4539 434 4595 Ταῦτα
456 4520 524 4592 *ὲν
549 4538 718 4607 ἑαυτῇ
749 4535 1037 4607 μελετῶσα
1066 4532 1485 4601 καταγνώσεται
1512 4530 1734 4599 ἑαυτῆς.

310 4650 345 4709 Δι
377 4631 596 4700 Ταύτην
620 4629 789 4695 τάξω.
818 4646 837 4679 ι
876 4627 989 4701 ἰίὴν
1037 4626 1278 4699 μνήμην,
1313 4624 1470 4695 φησὶ.
1520 4624 1619 4693 τῆς
1658 4638 1829 4676 κατα·
1877 4657 1921 4711 D

245 4722 506 4794 γνώσεως
541 4718 956 4788 ὲναποθήσομαι
982 4718 1047 4787 τῇ
1074 4712 1319 4786 ἐμαυτοῦ
1352 4712 1571 4786 καρδίᾳ.

329 4833 350 4867 ι
380 4813 481 4867 Διὰ
508 4811 669 4866 τοῦτο
701 4807 981 4879 ὑπομενῶ.
1014 4826 1031 4858 ι
1064 4806 1129 4861 Ὀ,
1150 4806 1263 4876 γὰρ
1288 4803 1464 4869 είδὼς,
1495 4804 1580 4857 ὅτι
1613 4804 1677 4856 ὲκ
1711 4817 1844 4871 προ-

248 4908 523 4979 αιρέσεως
552 4905 827 4975 ἥμαρτεν,
858 4899 1121 4970 ὑπομένει
1151 4897 1247 4952 τοῦ
1269 4895 1408 4951 Θεοῦ
1436 4893 1537 4966 τὴν
1560 4892 1841 4955 παιδείαν,

251 5000 354 5053 καὶ
376 4997 467 5049 τὸν
498 4992 560 5058 ἐξ
587 4991 754 5046 αὐτοῦ
785 4990 960 5049 ἔλεον.
1006 5027 1012 5029 Α

333 5105 354 5139 ι
386 5085 498 5139 Καὶ
524 5082 806 5153 ὑπομενεῖ.
837 5098 857 5132 ι
882 5078 1149 5145 Βεϐαίως,
1184 5061 1372 5148 φησιν,
1400 5074 1616 5131 ὲλπίσιι
1641 5075 1722 5135 εἰς
1750 5071 1850 5145 τὴν

247 5176 356 5233 τοῦ
386 5171 628 5230 Χοιστοῦ
662 5172 755 5227 καὶ
790 5170 1049 5240 Σωτῆρος
1094 5167 1369 5239 βοήθειαν.
1409 5165 1521 5220 Καὶ
1554 5164 1717 5227 αὐτὸς
1743 5164 1852 5234 γάρ

250 5273 377 5324 ἐστι
406 5280 466 5321 το
495 5265 767 5336 σωτήριον
812 5260 907 5315 τοῦ
944 5259 1151 5331 Κυρίου
1196 5256 1339 5312 κατὰ
1381 5256 1474 5310 τὸν
1506 5252 1732 5325 Συμεὼν
1762 5253 1853 5307 λέ-

250 5374 457 5433 γοντα·
489 5357 626 5414 ὀτι
654 5352 822 5412 εἶδον
864 5357 920 5410 οι
961 5352 1258 5423 ὀφθαλμοί
1291 5366 1411 5421 μου
1458 5348 1523 5402 τὸ
1554 5347 1855 5415 σωτήριόν

250 5470 398 5511 σου.

336 5564 358 5597 ι
390 5542 708 5613 Καθήσεται
756 5538 898 5593 κατὰ
946 5536 1137 5609 μόνας.
1171 5554 1189 5588 ι
1234 5535 1308 5588 Τὸ
1351 5533 1461 5587 τῶν
1510 5530 1855 5603 νεωτερικῶν

252 5637 517 5711 πράξεων
551 5634 966 5703 παιδευτήριον.

335 5748 358 5783 σ
388 5727 778 5798 Καθήσεται.ι
827 5720 1090 5794 Ἐμμένει
1140 5722 1209 5791 τῇ
1260 5718 1514 5791 ἀληθείᾳο
1566 5718 1707 5793 αὕτη
1752 5719 1862 5790 γὰρ

340 5911 387 5942 ⁸τ
411 5908 604 5963 Matth.
644 5923 817 5970 xxvn,
842 5906 862 5965 ί
888 5906 932 5959 ί.
1010 5905 1054 5936 ⁸⁸
1088 5905 1220 5961 Luc.
1253 5923 1309 5973 ιι,
1342 5907 1430 5963 30.

515 6007 780 6067 [’ATROL.
814 6005 929 6065 Gn.
959 6004 1165 6067 XCIII.

1937 4071 2223 4128 immutata
2252 4075 2398 4130 enim
2421 4076 2620 4143 anima,
2652 4082 3124 4149 persecutionibus
3172 4086 3382 4156 peccati
3418 4095 3530 4141 tra—

1936 4161 2102 4217 ditur.

2015 4271 2033 4304 ι
2068 4255 2458 4319 Amaritudinis
2489 4273 2645 4314 meae.
2695 4278 2713 4311 ι
2769 4260 2903 4327 Qure
2951 4261 3085 4317 mihi
3120 4264 3442 4322 acciderunt
3475 4266 3531 4321 in

1941 4345 2163 4415 regione
2187 4348 2417 4416 peccati.
2745 4403 2748 4406 .
3519 4342 3525 4345 ¹

2013 4438 2078 4494 γ.
2118 4442 2207 4497 20.
2244 4461 2263 4495 ι
2296 4443 2364 4498 Ει
2386 4446 2731 4501 exercebitur
2768 4449 2823 4502 in
2858 4464 2945 4503 me
2974 4449 3155 4505 anima
3184 4466 3328 4507 mea.
3359 4470 3379 4503 ι
3412 4451 3539 4507 llaec

1944 4549 2129 4589 secum
2156 4535 2386 4606 agitans,
2426 4539 2777 4609 semetipsam
2811 4534 3218 4599 condemnabit.

2013 4622 2077 4678 γ.
2130 4624 2220 4679 2|.
2287 4643 2306 4677 ι
2345 4624 2497 4681 lianc
2532 4643 2752 4697 ponam.
2796 4647 2814 4681 ι
2861 4629 3201 4697 Memoriam,
3252 4634 3349 4701 ait,
3405 4648 3538 4689 con-

1949 4715 2313 4772 demnationis
2352 4717 2647 4772 recondam
2682 4718 2735 4772 in
2769 4734 2891 4774 meo
2915 4722 3099 4777 corde.

2030 4825 2048 4858 ι
2085 4806 2316 4878 Propter
2357 4809 2463 4864 hoc
2520 4810 2824 4866 sustinebo.
2867 4829 2885 4864 ι
2922 4810 3027 4879 Qui
3080 4814 3230 4868 enim
3284 4830 3343 4870 se
3390 4818 3545 4870 novit

1953 4898 2232 4954 voluntate
2282 4914 2572 4969 peccasse,
2637 4902 2733 4957 Dei
2783 4904 3185 4975 correptionem
3227 4907 3540 4973 sustinebit,

1954 4990 2183 5061 ejusque
2213 4991 2665 5048 misericordiam.

2030 5082 2097 5138 V.
2120 5083 2209 5139 26.
2243 5102 2261 5134 ι
2298 5083 2365 5138 Et
2383 5086 2697 5141 sustinebit.
2734 5104 2753 5139 ι
2800 5087 3074 5155 Firmiter,
3096 5090 3191 5156 ait,
3223 5091 3467 5160 sperabit
3490 5093 3546 5145 in

1958 5174 2162 5231 Christi
2198 5176 2495 5231 Salvatoris
2522 5192 2704 5247 opem.
2741 5177 2863 5248 Ipse
2887 5180 3035 5235 enim
3063 5182 3300 5238 salutare
3329 5184 3547 5239 Domini

1959 5267 2261 5321 secundum
2299 5267 2611 5323 Simeonem
2642 5268 2919 5325 dicentem
2951 5288 2965 5325 :
3007 5271 3272 5337 Quoniam
3303 5275 3547 5331 viderunt

1959 5359 2098 5414 oculi
2129 5361 2230 5414 mei
2257 5360 2497 5415 salutare
2525 5361 2750 5417 tuum“.
3109 5357 3117 5363 ’

2039 5535 2104 5590 γ.
2140 5534 2233 5590 ‘28.
2265 5554 2282 5585 ι
2316 5534 2540 5590 Sedebit
2568 5534 2866 5591 solitarius.
2918 5554 2938 5588 ›
2971 5535 3302 5594 Iuvenilium
3336 5548 3553 5596 actuum

1967 5627 2339 5684 docendorum
2366 5628 2539 5682 locus.

2047 5738 2066 5772 ι
2120 5720 2362 5776 Sedebit.
2412 5739 2430 5772 ι
2481 5720 2728 5778 Persistit
2783 5721 2836 5777 in
2898 5723 3165 5792 veritate;
3228 5708 3344 5795 ipsa
3410 5724 3557 5781 enim

3171 6005 3249 6067 24
