4218 6448
208 426 313 492 749

1248 410 1714 476 FRAGMENTA
1751 407 1833 469 IN
1872 407 2146 469 JEREM.
2185 407 2516 467 LAMENT.

3382 411 3486 477 750

259 553 304 588 -ι
326 534 384 589 Ὀ
409 529 691 602 ὀφθαλμός
723 546 825 601 μου
853 525 1154 597 κατεπόθη.
1190 543 1208 576 ι
1251 521 1582 592 Περιέλαϐεν
1611 519 1802 592 [Vide-

1977 515 2149 572 νιν.
2186 536 2204 571 ι
2259 517 2462 572 Oculus
2511 533 2668 571 meus
2706 518 3015 589 absorptus.
3059 539 3075 571 ι
3127 520 3488 601 Circumfusa:

211 608 302 682 tur
349 626 542 681 deesse
583 637 709 686 vox,
745 618 984 690 σκότος],
1019 618 1205 688 φησὶν,
1253 616 1316 668 τὸ
1359 613 1615 686 ὁρατικόν
1665 628 1789 682 μου.

212 717 324 773 Καὶ
357 716 634 787 ὀδύρομαι,
657 712 838 786 ζητῶν
869 710 1119 780 ἐκνηψιν.

283 830 301 862 ι
325 810 382 862 '0
406 805 687 877 ὀφθαλμός
711 822 833 877 μου.
862 822 880 858 ι
913 801 1303 872 Λεπτομερῶς,
1332 798 1519 869 φησιν.
1548 795 1683 863 ἕξει,
1701 796 1796 849 καὶ

208 901 554 973 διερευνᾶται
578 887 688 969 [τά.
722 894 910 968 βλέψει
944 893 1038 947 καὶ
1064 887 1500 963 διερευνήσεται]
1525 888 1586 941 τὸ
1612 889 1792 965 ὁρατιο

1897 619 2050 674 sunt,
2095 610 2190 676 ait,
2239 611 2478 670 tenebras
2523 611 2700 666 oculis
2744 614 2901 679 meis,
2944 624 3000 668 et
3038 615 3197 686 lugeo
3241 619 3484 688 requiem

1895 716 2166 772 quaerens.

1971 790 2035 845 ν.
2066 790 2156 845 51.
2194 810 2214 844 ι
2255 789 2457 847 Oculus
2501 807 2674 848 meus.
2703 812 2721 849 ι
2750 794 2976 860 Minute,
3012 797 3108 859 ait,
3147 798 3398 868 inspiciet
3432 813 3488 858 et

1897 883 2286 959 pervestigabit
2328 885 2524 941 delicta
2555 886 2638 941 vis
2672 886 2889 946 animae.
2923 888 3211 958 plusquam
3244 895 3486 949 curatio-

209 996 308 1049 κδν
333 993 434 1063 τῆς
457 991 639 1061 ψυχῆς
675 988 746 1042 τά
773 983 1204 1057 παραπτώματα
1252 983 1395 1053 ὑπὲρ
1442 982 1542 1045 τὰς
1571 979 1659 1033 διὰ
1687 977 1796 1032 τῶν

1914 989 2017 1037 tes,
2042 990 2162 1044 quas
2210 974 2521 1031 actionibus
2553 976 2713 1032 ﬁunt.
2754 978 2919 1035 Filias
2964 982 3110 1036 enim
3147 985 3331 1055 populi
3367 987 3488 1044 vitae

211 1087 463 1157 πράξεων
495 1079 813 1153 θεραπείας·
837 1077 1146 1150 θυγατέρας
1167 1075 1276 1146 γάρ
1296 1075 1525 1139 πόλεως,
1548 1073 1645 1136 τάς
1664 1072 1801 1143 πρά-

211 1179 325 1244 ξεις
355 1179 454 1248 τῆς
486 1174 768 1238 πολιτείας
791 1171 948 1243 φησί.

291 1289 310 1322 ι
336 1267 699 1341 Θηρεύοντες.
726 1283 746 1318 ι
776 1265 936 1320 Κατά
964 1259 1286 1334 τυραννίδα,
1314 1257 1467 1312 οὑδὲν
1499 1254 1798 1328 προαδικη-

211 1360 418 1423 θέντες.

290 1471 308 1502 ‹
331 1449 734 1504 Ἐθανάτωσαν.
765 1465 784 1499 t
823 1445 890 1498 Οί
923 1445 1020 1516 μὲν
1044 1439 1138 1498 οὖν
1171 1441 1420 1496 Ἰουδαῖοι
1439 1440 1531 1494 τὸν
1559 1436 1802 1509 ἀρχηγὸν

209 1541 496 1613 τῆς-ζωῆς
526 1538 1002 1602 ἀποτείναντες,οί
1038 1535 1095 1588 δὲ
1120 1533 1377 1604 δαίμονες
1408 1531 1508 1602 τὴν
1539 1529 1720 1603 ψυχὴν
1744 1530 1802 1580 ὲν

210 1639 281 1708 τῇ
314 1633 654 1704 καταχθονίῳ
683 1629 866 1684 αὐτῶν
905 1628 1092 1700 βουλῇ.

292 1745 310 1778 ι
343 1727 451 1778 Καὶ
478 1723 778 1792 ἐπέθηκαν.
811 1741 829 1775 t
863 1719 1104 1774 Ἰουδαῖοι
1153 1718 1254 1789 μὲν
1276 1759 1292 1784 ,
1318 1717 1406 1770 ἵνα
1437 1715 1500 1768 τδ
1540 1713 1804 1782 μνημεῖον

214 1819 588 1880 σκεπάσωσιν,
612 1818 661 1870 οἱ
687 1814 1030 1885 δὲ’δαίμονες
1071 1801 1214 1867 κατά
1239 1811 1338 1882 τῆς
1366 1808 1547 1881 ψυχῆς
1590 1807 1652 1860 τὺ
1697 1805 1806 1858 τῶν

210 1911 501 1983 ἁμαρτιῶν
521 1911 707 1982 βάρος,
727 1908 1092 1978 καταφρονεῖν
1104 1903 1490 1966 ἀναπείθοντες
1503 1901 1613 1955 τῶν
1629 1917 1662 1952 κ
1668 1916 1726 1970 ρε
1736 1915 1809 1951 ιτ-

211 2007 408 2060 τόνων.

291 2117 310 2149 ‹
333 2094 676 2167 ’Υπερεχύθη
700 2093 865 2162 ὕδωρ.
898 2110 916 2142 ι
948 2089 1105 2144 Κατά
1141 2089 1240 2158 μὲν
1261 2085 1358 2141 τοῦ
1386 2084 1592 2156 Κυρίου
1615 2085 1671 2137 αἱ
1693 2083 1808 2137 διά-

213 2205 374 2259 φοροι
405 2187 635 2258 θλίψεις,
673 2185 817 2241 κατά
845 2185 902 2239 δὲ
925 2186 1025 2254 τῆς
1057 2182 1239 2254 ψυχῆς
1260 2222 1275 2248 ,
1313 2182 1364 2235 οἱ
1399 2179 1670 2243 κλύδωνες
1708 2177 1808 2248 τῆς

291 2390 311 2426 ι
335 2367 480 2426 Εῐπα
505 2387 519 2402 ο
549 2370 866 2438 Ἀπῶσμιι.
898 2388 918 2422 ι
967 2369 1024 2421 '0
1062 2367 1160 2439 μὲν
1187 2365 1394 2438 Κύριος
1417 2363 1504 2418 διὰ
1536 2363 1597 2415 τὸ
1634 2360 1808 2425 πάθος

211 2463 314 2519 ἀνθ
323 2481 507 2536 ρωπος
534 2462 775 2532 γεγονὼς
792 2460 1153 2532 ἀνθρωπίνως
1175 2459 1472 2528 φθέγγεται
1498 2454 1642 2508 κατά
1667 2454 1729 2506 τὸ
1749 2455 1808 2506 ὲν

210 2555 450 2625 ψαλμοῖς
471 2571 486 2586 υ
509 2552 833 2624 Ἑτενήθην
865 2552 1010 2607 ὡσεὶ
1044 2551 1356 2619 ἄνθρωπος
1375 2548 1722 2615 ἀϐοήθητος.
1743 2545 1808 2599 'll

211 2646 271 2698 δὲ
311 2643 404 2698 τοῦ
435 2644 769 2717 ἀμαρτωλοῦ
791 2645 960 2717 ψυχὴ,
985 2644 1075 2699 διά
1103 2643 1202 2715 τὴν
1234 2641 1513 2713 ἁμαρτίαν
1541 2640 1700 2694 τοῦτι-
1728 2639 1810 2693 λέ-

209 2754 325 2805 γει.
362 2797 365 2800 _
737 2779 739 2781 .

295 2848 314 2880 ι
339 2830 820 2902 Ἐπεκαλεσάμην.
851 2829 1044 2883 »Ὅθεν
1077 2847 1145 2899 με
1175 2828 1427 2883 ἒκΰαλον.

296 2939 314 2972 ι
344 2921 435 2990 Μὴ
465 2921 682 2992 κρύψῃς
711 2922 781 2979 τά
799 2920 932 2976 ὦτα.
967 2923 1223 2995 »Ὅμοιον
1249 2921 1312 2975 τό
1329 2937 1343 2952 °
1363 2919 1589 2975 κλῖνον
1606 2918 1674 2974 τὸ
1697 2911 1811 2985 οὖς

212 3027 337 3067 σου
367 3016 458 3080 εις
487 3014 604 3082 τὴν
638 3013 855 3081 δέησίν
879 3030 1019 3082 μου.

1899 1064 2142 1118 actiones
2168 1074 2345 1120 vocat.

1970 1150 2034 1205 V.
2074 1151 2162 1207 52.
2202 1172 2220 1208 ι
2268 1154 2563 1212 Venantes.
2603 1174 2624 1208 ι
2663 1156 2971 1230 Tyrannico
3009 1177 3182 1230 more,
3222 1166 3426 1224 nullam
3456 1184 3486 1221 a

1901 1255 1989 1302 me
2017 1241 2268 1311 injuriam
2297 1253 2456 1303 antea
2499 1245 2665 1316 passi.

1973 1334 2038 1392 V.
2077 1337 2168 1393 55.
2206 1358 2224 1390 ι
2262 1337 2614 1394 Occiderunt.
2652 1359 2669 1397 ι
2710 1340 2886 1400 Judzei
2915 1343 3135 1410 quidem
3174 1347 3486 1404 occidentes

1903 1429 2025 1484 vitae
2051 1441 2363 1499 auctorem;
2393 1434 2670 1489 dremones
2694 1453 2823 1490 vero
2852 1438 3089 1493 animam
3117 1439 3172 1494 in
3200 1441 3485 1498 subterra-

1905 1537 2012 1577 neo
2047 1537 2238 1578 eorum
2271 1525 2520 1581 consilio.

1982 1736 2001 1770 ι
2041 1717 2104 1774 Et
2133 1719 2534 1791 imposuerunt.
2571 1743 2590 1775 ι
2615 1724 2788 1780 Judaei
2812 1726 3051 1796 quidem,
3087 1737 3146 1782 ut
3173 1730 3486 1800 sepulcrum

1909 1818 2177 1882 tegerent,
2219 1812 2497 1870 daemones
2523 1831 2653 1871 vero
2682 1833 2847 1888 super
2872 1821 3111 1875 animam
3140 1834 3486 1893 peccatorum

1909 1902 2146 1972 pondus,
2177 1905 2489 1972 suadentes,
2523 1917 2583 1963 ut
2610 1908 2748 1964 bona
2779 1910 3064 1981 despiciat.

1910 2081 1926 2122 ε
1979 2079 2046 2135 ν.
2077 2081 2165 2139 54.
2208 2100 2226 2134 ι
2266 2081 2618 2154 Supereﬂusa
2650 2097 2732 2142 est
2758 2103 2918 2157 aqua.
2952 2110 2970 2142 ι
3004 2089 3180 2161 Super
3202 2093 3489 2152 Dominum

1908 2173 2128 2244 quidem
2178 2177 2342 2231 variae
2371 2177 2708 2247 aﬂlictiones,
2751 2196 2916 2252 super
2953 2184 3190 2240 animam
3221 2203 3352 2244 vero
3385 2188 3454 2243 ιιι»
3475 2221 3489 2231 -

1909 2268 2400 2338 ctuationes-pecca
2409 2270 2465 2324 ti.

1985 2379 2004 2412 ι
2043 2359 2161 2415 Dixi
2189 2378 2202 2414 :
2231 2361 2502 2431 Repulsus
2519 2379 2658 2418 sum.
2689 2384 2706 2416 ι
2745 2365 3009 2422 Dominus
3031 2369 3251 2439 quidem
3268 2383 3494 2442 propter

1908 2451 2240 2522 passionem,
2280 2470 2402 2510 cum
2433 2455 2597 2512 homo
2625 2457 2801 2516 factus
2832 2470 3000 2525 esset,
3035 2463 3301 2520 humanas
3330 2483 3492 2523 voces

1909 2542 2132 2606 emittit,
2161 2546 2460 2600 secundum
2492 2548 2636 2617 quod
2679 2549 2732 2602 in
2763 2550 2990 2607 Psalmis
3028 2553 3229 2609 dicitur
3256 2576 3268 2612 :
3303 2557 3492 2614 Factus

1907 2651 2025 2689 sum
2054 2637 2190 2690 sicut
2233 2637 2386 2694 homo
2415 2639 2528 2693 sine
2566 2640 2770 2696 auxilio
2786 2643 2852 2698 ⁸ο.
2880 2647 2949 2699 At
2973 2646 3281 2715 peccatoris
3309 2651 3492 2706 anima

1909 2724 2014 2782 hoc
2041 2735 2265 2796 propter
2294 2739 2577 2797 peccatum
2608 2731 2836 2801 profert.

1980 2815 2047 2874 V.
2072 2819 2163 2874 55.
2203 2840 2221 2873 ι
2259 2820 2528 2877 lnvocavi.
2564 2843 2584 2875 ι
2619 2824 2774 2881 Unde
2803 2843 2891 2882 me
2922 2829 3082 2886 educ.

1982 2909 2048 2965 V.
2097 2910 2183 2965 56.
2233 2930 2252 2962 ι
2307 2911 2387 2968 Ne
2429 2913 2732 2972 abscondas
2769 2931 2931 2976 aures
2962 2928 3104 2976 tuas.
3162 2940 3181 2974 ι
3237 2921 3332 2979 His
3364 2925 3495 2982 illud

1909 3014 2018 3053 non
2094 2999 2403 3058 dissimile:
2448 3001 2659 3062 lnclina
2733 3023 2917 3062 aurem
2973 3019 3121 3064 tuam
3169 3013 3225 3065 in
3292 3031 3496 3084 precem

1910 3106 2083 3144 meam
2099 3092 2166 3143 εί.

298 3218 319 3252 ι
345 3198 441 3261 El;
463 3197 564 3268 τὴν
593 3194 846 3267 βοήθειάν
876 3211 1000 3265 μου.
1026 3211 1044 3246 t
1076 3194 1137 3246 '0
1175 3192 1275 3264 μὲν
1301 3191 1510 3263 Κύριος
1555 3190 1650 3245 καὶ
1670 3186 1803 3252 Θεὸς

1915 3267 1949 3279 ﬁ
1983 3181 2048 3238 V.
2094 3182 2184 3237 57.
2237 3201 2255 3235 ι
2314 3184 2372 3239 In
2411 3186 2671 3242 auxilium
2708 3189 2862 3244 mihi.
2915 3210 2933 3243 ι
2986 3193 3248 3251 Dominus
3276 3198 3497 3267 quidem

211 3291 379 3362 ὴμῶν
407 3289 614 3360 Ἰησοῦς
634 3287 867 3360 Χριστὸς
887 3285 988 3358 τὴν
1013 3285 1312 3340 ἀνάστασιν
1333 3283 1499 3339 αὑτοῦ
1523 3282 1802 3351 προλέγειο

212 3386 247 3438 ὁ
276 3383 336 3437 δὲ
374 3379 655 3452 μετανοίῖιν
678 3377 856 3432 ταῦτά
881 3393 1051 3447 φησιν
1077 3376 1166 3430 διὰ
1195 3375 1256 3429 τὺ
1287 3375 1429 3429 κατά
1460 3374 1626 3443 φύσιν
1668 3388 1808 3428 παν·

215 3473 390 3545 ταχοῦ
425 3474 688 3542 παρεῖναι
717 3471 808 3522 τὸν
836 3469 993 3523 Θεόν.
1367 3472 1371 3475 ’

299 3583 318 3616 ι
343 3562 653 3627 Ἑδίκασας,
683 3561 880 3630 Κύριε.
907 3577 925 3611 ι
969 3559 1066 3613 Ἐκ
1097 3557 1195 3628 μὲν
1223 3555 1521 3628 προσώπου
1546 3550 1807 3627 Χριστοῦ,

214 3659 306 3712 ὃτι
355 3655 512 3721 ἀξίας
555 3654 665 3707 τῶν
719 3655 799 3716 είς
847 3652 1012 3707 αὐτὸν
1057 3650 1561 3722 πλημμεληθέντων
1593 3649 1644 3701 οί
1678 3648 1812 3700 Ἰου-

215 3750 363 3802 δαῖοι
397 3747 498 3810 τὰς
529 3746 684 3810 δίκας
710 3745 920 3804 ἔτισαν,
958 3741 1358 3814 παραδοθέντες
1385 3738 1700 3809 Ῥωμαίοις.
1719 3738 1813 3790 Ἐκ

216 3841 282 3894 δὲ
333 3838 628 3910 προσώπου
681 3837 788 3892 τῶν
841 3835 1123 3889 σωθέντων
1174 3833 1264 3888 διὰ
1306 3831 1565 3904 Χριστοῦ,
1592 3830 1680 3884 διὰ
1713 3829 1814 3900 τὴν

218 3920 546 3989 ἀνάστασιν,
579 3925 662 3978 ὅτι
709 3924 799 3978 τὸν
841 3924 1082 3994 ἄρχοντα
1112 3921 1208 3976 τοῦ
1237 3921 1429 3986 αίῶνος
1459 3919 1652 3974 τούτου
1682 3935 1816 3972 κατ-

220 4019 465 4088 ἑκρινεν.

304 4131 321 4161 ι
346 4109 696 4182 Ἐλυτρώσω.
724 4129 742 4162 ι
778 4110 872 4162 Ἐκ
904 4109 1001 4179 μὲν
1030 4105 1323 4179 προσώπου
1352 4105 1587 4178 Χριστοῦ
1610 4104 1697 4158 διὰ
1718 4103 1816 4176 τὴν

220 4201 553 4255 ἀνάστασιν.
572 4201 630 4264 '0
664 4200 718 4253 δὲ
747 4198 1082 4267 σωζόμενος,
1116 4198 1307 4267 φησὶν,
1337 4196 1473 4268 πρὸς
1515 4195 1699 4258 αὑτὸν,
1734 4196 1817 4248 ὃτι

220 4292 557 4364 Ἐλυτρώσω
593 4309 683 4359 με,
717 4291 1062 4356 καταξιώσας
1091 4289 1162 4343 τὰ
1190 4289 1538 4361 ὀφειλήματά
1581 4307 1682 4360 μου
1728 4289 1819 4342 διὰ

225 4386 431 4439 σαυτοῦ
463 4385 742 4439 ἀποτίσαι.

311 4496 331 4529 ι
374 4479 534 4543 Ἴδας,
570 4477 766 4548 Κύριε,
797 4476 896 4538 τὰς
926 4477 1174 4548 ταραχάς
1214 4493 1339 4548 μου.
1372 4495 1390 4528 ι
1423 4479 1522 4538 Ἀς
1553 4475 1583 4528 ὁ
1615 4474 1820 4545 Κύριος

1911 3267 2163 3340 Deusque
2190 3281 2378 3328 noster
2394 3272 2556 3330 Iesus
2576 3274 2827 3334 Christus
2853 3285 3309 3340 resurrectionem
3343 3303 3497 3342 suam

1911 3363 2193 3433 praedicit:
2234 3373 2291 3420 at
2331 3367 2426 3436 qui
2451 3369 2830 3437 paenitentiam
2872 3373 2985 3443 agit
3030 3374 3146 3432 hate
3189 3377 3338 3443 dicit,
3373 3381 3497 3450 quia

1913 3453 2056 3508 Deus
2084 3463 2279 3510 natura
2315 3457 2516 3529 ubique
2537 3473 2619 3516 est
2647 3477 2906 3530 praesens.

1991 3543 2051 3599 V.
2083 3545 2169 3601 58.
2214 3565 2232 3598 ι
2267 3547 2551 3617 Judicasti,
2582 3552 2825 3608 Domine.
2867 3574 2885 3606 ι
2910 3555 2988 3611 Ex
3019 3573 3253 3628 persona
3280 3563 3499 3631 quidem

1913 3635 2138 3703 Christi,
2173 3641 2429 3709 quoniam
2456 3643 2527 3698 ob
2547 3645 2752 3699 scelera
2779 3646 2832 3701 in
2852 3662 2976 3703 eum
2999 3652 3292 3706 commissa
3311 3654 3501 3725 dignas

1911 3729 2084 3786 Judaei
2115 3748 2304 3801 pmnas
2334 3734 2578 3801 luerunt,
2617 3738 2878 3796 Romanis
2905 3742 3108 3797 traditi.
3140 3743 3220 3799 Ex
3261 3760 3499 3815 persona

1914 3839 2048 3880 vero
2073 3840 2267 3882 eorum
2305 3827 2400 3897 qui
2426 3829 2618 3886 salvati
2647 3841 2775 3886 sunt
2804 3849 2904 3902 per
2936 3833 3239 3902 Christum,
3278 3850 3504 3908 propter

1916 3920 2399 3989 resurrectionem,
2445 3924 2702 3993 quoniam
2741 3927 3044 3998 principem
3099 3930 3265 4000 hujus
3317 3933 3501 3988 saeculi

1916 4010 2216 4067 damnavit.

1995 4123 2013 4156 ι
2048 4103 2370 4161 Redemisti.
2406 4125 2426 4159 ι
2457 4108 2534 4164 Ex
2579 4125 2809 4179 persona
2833 4111 3036 4168 Christi
3074 4125 3298 4184 propter
3325 4133 3506 4172 resur-

1921 4199 2244 4255 rectionem.
2271 4199 2379 4266 Qui
2417 4217 2547 4257 vero
2576 4203 2816 4259 salvatur
2847 4206 2922 4258 ait
2951 4207 3018 4260 ad
3048 4222 3173 4261 eum
3202 4227 3215 4262 :
3244 4202 3505 4265 Redemi-

1921 4292 1990 4346 sti
2030 4309 2138 4358 me,
2178 4308 2315 4348 cum
2355 4309 2464 4348 non
2519 4296 2842 4367 dedignatus
2884 4300 3055 4355 fueris
3094 4316 3193 4370 per
3225 4312 3278 4357 te
3325 4303 3506 4373 ipsum

1922 4382 2102 4438 debita
2133 4398 2252 4437 mea
2277 4383 2508 4439 solvere.
3343 4393 3351 4399 '

1993 4474 2060 4529 V.
2109 4475 2198 4529 59.
2244 4495 2262 4526 ι
2307 4475 2521 4540 Vidisti,
2572 4477 2838 4544 Domine,
2896 4481 3236 4541 turbationes
3274 4499 3444 4539 meas.
3483 4504 3503 4537 ι

227 4568 528 4639 ὑπέμεινεν
556 4570 622 4623 ὲκ
646 4569 754 4624 τῶν
782 4567 1077 4634 Ἰουδαίων,
1104 4569 1138 4638 ἢ
1163 4569 1259 4623 καὶ
1286 4568 1352 4633 ἃς
1378 4570 1412 4640 ἡ
1438 4567 1586 4639 ψυχὴ
1612 4569 1678 4620 ἐκ
1708 4566 1811 4620 τῶν

1921 4562 2068 4630 Quas
2106 4565 2368 4621 Dominus
2395 4582 2426 4622 a
2453 4567 2656 4625 Judaais
2691 4569 2974 4636 sustinuit,
3017 4572 3107 4627 vel
3130 4573 3293 4629 etiam
3323 4574 3508 4631 anima

225 4661 482 4733 ἀοράτων
505 4660 739 4733 ἐχθρῶν.

309 4755 609 4807 ιἮκουσα.
648 4774 666 4807 ι
703 4753 1070 4826 Προφητικῶς
1111 4753 1454 4822 ἀναφέρεται
1484 4751 1554 4804 τά
1593 4751 1818 4822 προκεί-

226 4868 372 4923 μενα
417 4850 499 4910 είς
544 4847 839 4918 πρόσωπον
890 4847 1102 4918 Κυρίου
1147 4846 1278 4917 περὶ
1304 4838 1380 4898 ὧν
1416 4843 1684 4898 πέπονθεν
1714 4844 1820 4898 ὑπὸ

237 4943 511 4999 Ἰουδαίων
531 4959 544 4972 ·
589 4942 841 5011 λέγονται
873 4940 930 4994 δὲ
966 4942 1061 4996 καὶ
1086 4941 1152 4993 ὲκ
1182 4937 1476 5006 προσώπου
1509 4938 1610 5008 τῆς
1641 4937 1822 5009 ψυχῆς

223 5035 664 5107 ἐντυγχανούσης
697 5034 846 5105 αὐτῷ
897 5033 975 5105 τῷ
1022 5032 1198 5102 Πατρὶ
1227 5032 1371 5086 κατά
1409 5030 1520 5083 τῶν
1573 5029 1822 5101 ἀοράτων

225 5129 472 5207 ἐχθρῶν.

311 5240 330 5273 ι
365 5219 652 5290 Καθέδραν
680 5218 883 5273 αὐτῶν.
915 5238 934 5270 ι
973 5219 1100 5271 Ὅτι
1129 5216 1245 5295 μέν,
1269 5233 1401 5270 ποτε
1436 5215 1824 5287 ὑποκρίνονται

226 5314 542 5385 εἰρηνεύειν
572 5313 860 5382 φυσίωσιν,
895 5311 928 5382 ἢ
970 5311 1067 5363 καὶ
1093 5309 1359 5379 ἀμέλειαν
1404 5309 1470 5379 τῇ
1511 5306 1656 5378 ψυχῇ
1691 5307 1824 5359 ὑπο-

228 5407 541 5471 ϐάλλοντες,
584 5405 658 5468 ὼς
706 5406 788 5467 είς
831 5402 1100 5458 ἀπάθειαν
1148 5399 1402 5472 ἐλθούσῃ,
1451 5400 1716 5469 αἰφνίδιον
1767 5399 1823 5451 δὲ

226 5500 372 5569 αὐτῇ
407 5498 827 5551 ἐπανίστανται.

311 5607 330 5640 ι
354 5586 698 5656 Ἐπίὸλεψον.
733 5604 752 5638 ι
786 5585 932 5638 Ἀντὶ
961 5583 1078 5648 τοῦ,
1126 5583 1221 5636 ἐπὶ
1252 5583 1344 5636 τὸν
1372 5581 1574 5636 σκοπὸν
1605 5581 1783 5637 αὐτῶν
1803 5596 1820 5614 ο

227 5684 258 5737 ὂ
294 5681 403 5751 γὰρ
435 5681 533 5733 ἐὰν
564 5679 890 5748 ποιήσωσιν,
918 5678 998 5740 εἱς
1027 5675 1308 5730 ἀπώλειαν
1335 5675 1517 5747 ψυχῆς
1549 5673 1817 5730 ποιοῦσιν.

305 5862 351 5892 ⁶⁰
385 5859 526 5914 Psal.
561 5874 798 5923 Lxxxvu,
831 5856 883 5912 6.
965 5856 1003 5887 ⁸¹
1041 5854 1181 5909 Psal.
1213 5871 1455 5919 Lxxxvn,
1480 5855 1534 5910 3.

1924 4659 1992 4714 ab
2021 4659 2389 4716 invisibilibus
2428 4661 2682 4717 inimicis.

1997 4752 2059 4806 V.
2098 4753 2186 4807 Gl.
2222 4771 2240 4804 ι
2274 4753 2509 4809 Audisti.
2551 4773 2569 4808 ι
2599 4754 2924 4824 Prophetice
2957 4755 3274 4814 referuntur
3304 4760 3420 4815 haec
3445 4761 3512 4815 ad

1927 4859 2216 4913 personam
2250 4844 2463 4902 Domini
2493 4846 2561 4902 de
2594 4847 2680 4902 his
2709 4863 2830 4916 quae
2856 4863 2886 4902 a
2923 4847 3126 4904 Judais
3157 4866 3349 4920 passus
3388 4862 3509 4907 est:

1928 4937 2186 4993 dicuntur
2238 4941 2398 4995 etiam
2443 4957 2506 4996 ex
2556 4956 2784 5010 persona
2819 4943 3015 4997 animae
3066 4945 3245 5014 ipsum
3294 4945 3510 5000 Patrem

1930 5032 2258 5101 alloquentis
2284 5033 2547 5089 adversus
2571 5036 2759 5091 hostes
2789 5035 3116 5099 invisibiles.

1998 5210 2064 5264 ν.
2111 5211 2197 5267 65.
2236 5231 2254 5263 ι
2290 5212 2600 5266 Sessionem
2632 5227 2845 5267 eorum.
2892 5231 2910 5264 ι
2946 5214 3083 5279 Quia
3113 5230 3514 5285 nonnunquam

1925 5316 2115 5370 pacem
2147 5301 2426 5367 simulant,
2460 5309 2521 5354 ut
2563 5310 2835 5356 tumorem
2865 5302 2949 5357 vel
2982 5303 3370 5374 negligentiam
3405 5308 3524 5359 ani-

1926 5410 2028 5448 ma:
2054 5403 2367 5465 suggerant,
2397 5396 2547 5460 quasi
2570 5394 2680 5463 jam
2705 5394 3197 5464 impassibililatem
3220 5408 3515 5467 asseculae;

1926 5486 2132 5541 Deinde
2163 5486 2215 5539 in
2244 5486 2387 5540 illam
2417 5488 2638 5554 repente
2673 5487 2984 5557 insurgunt.

2001 5598 2020 5630 ι
2081 5578 2316 5648 Inspice.
2369 5596 2387 5630 ι
2452 5576 2565 5632 lloc
2608 5587 2692 5631 est
2754 5578 2808 5632 in
2863 5593 3053 5632 eorum
3136 5574 3514 5647 propositum:

1929 5671 2196 5744 quidquid
2236 5672 2385 5726 enim
2433 5679 2637 5742 agunt,
2671 5670 2726 5724 iu
2773 5669 3072 5740 perniciem
3106 5668 3302 5724 anima:
3327 5680 3523 5740 agunt.
