  <div class='ocr_page' id='page_1' title='image "/cluster/home/n/w/nwhite01/storage/ocr_20150623/93/nnc1.0046980059/378.png"; bbox 0 0 4218 6448; ppageno 0'>
   <div class='ocr_carea' id='block_1_1' title="bbox 245 413 354 478">
    <p class='ocr_par' dir='ltr' id='par_1_1' title="bbox 245 413 354 478">
     <span class='ocr_line' id='line_1_1' title="bbox 245 413 354 478; baseline 0.009 -1"><span class='ocrx_word' id='word_1_1' title='bbox 245 413 354 478; x_wconf 76' lang='grc'>757</span> 
     </span>
    </p>
   </div>
   <div class='ocr_carea' id='block_1_2' title="bbox 1235 408 2496 472">
    <p class='ocr_par' dir='ltr' id='par_1_2' title="bbox 1235 408 2496 472">
     <span class='ocr_line' id='line_1_2' title="bbox 1235 408 2496 472; baseline -0.001 0"><span class='ocrx_word' id='word_1_2' title='bbox 1235 412 1699 472; x_wconf 74' lang='lat' dir='ltr'><strong>FRAGMENTA</strong></span> <span class='ocrx_word' id='word_1_3' title='bbox 1737 408 1819 470; x_wconf 89' lang='lat' dir='ltr'><strong>IN</strong></span> <span class='ocrx_word' id='word_1_4' title='bbox 1854 409 2126 470; x_wconf 78' lang='lat' dir='ltr'><strong>JEREM.</strong></span> <span class='ocrx_word' id='word_1_5' title='bbox 2169 410 2496 472; x_wconf 84' lang='lat' dir='ltr'><strong>LAMENT.</strong></span> 
     </span>
    </p>
   </div>
   <div class='ocr_carea' id='block_1_3' title="bbox 3422 404 3530 467">
    <p class='ocr_par' dir='ltr' id='par_1_3' title="bbox 3422 404 3530 467">
     <span class='ocr_line' id='line_1_3' title="bbox 3422 404 3530 467; baseline 0 0"><span class='ocrx_word' id='word_1_6' title='bbox 3422 404 3530 467; x_wconf 85' lang='lat'><strong>758</strong></span> 
     </span>
    </p>
   </div>
   <div class='ocr_carea' id='block_1_4' title="bbox 329 512 1839 592">
    <p class='ocr_par' dir='ltr' id='par_1_4' title="bbox 329 520 1838 592">
     <span class='ocr_line' id='line_1_4' title="bbox 329 520 1838 592; baseline 0 -19"><span class='ocrx_word' id='word_1_7' title='bbox 329 541 346 573; x_wconf 83' lang='grc' dir='ltr'><strong>ι</strong></span> <span class='ocrx_word' id='word_1_8' title='bbox 399 521 526 574; x_wconf 67' lang='grc' dir='ltr'><strong>Ἐπὶ</strong></span> <span class='ocrx_word' id='word_1_9' title='bbox 548 520 658 574; x_wconf 85' lang='grc' dir='ltr'><strong>τῶν</strong></span> <span class='ocrx_word' id='word_1_10' title='bbox 686 520 879 592; x_wconf 80' lang='grc' dir='ltr'><strong>ὀρέων.</strong></span> <span class='ocrx_word' id='word_1_11' title='bbox 917 541 934 572; x_wconf 72' lang='grc' dir='ltr'><strong>ι</strong></span> <span class='ocrx_word' id='word_1_12' title='bbox 963 521 1101 591; x_wconf 76' lang='grc' dir='ltr'><strong>Πρὸς</strong></span> <span class='ocrx_word' id='word_1_13' title='bbox 1139 521 1239 591; x_wconf 84' lang='grc' dir='ltr'><strong>μὲν</strong></span> <span class='ocrx_word' id='word_1_14' title='bbox 1268 521 1451 591; x_wconf 79' lang='grc' dir='ltr'><strong>ῥητὸν,</strong></span> <span class='ocrx_word' id='word_1_15' title='bbox 1487 521 1567 573; x_wconf 81' lang='grc' dir='ltr'><strong>ὅτι</strong></span> <span class='ocrx_word' id='word_1_16' title='bbox 1597 521 1838 581; x_wconf 74' lang='grc' dir='ltr'><strong>καὶτοὺς</strong></span> 
     </span>
    </p>
   </div>
   <div class='ocr_carea' id='block_1_5' title="bbox 1940 512 3529 592">
    <p class='ocr_par' dir='ltr' id='par_1_5' title="bbox 2018 512 3529 584">
     <span class='ocr_line' id='line_1_5' title="bbox 2018 512 3529 584; baseline -0.002 -17"><span class='ocrx_word' id='word_1_17' title='bbox 2018 513 2236 584; x_wconf 72' lang='lat' dir='ltr'><strong>«Super</strong></span> <span class='ocrx_word' id='word_1_18' title='bbox 2297 526 2530 571; x_wconf 88' lang='lat' dir='ltr'><strong>montes.</strong></span> <span class='ocrx_word' id='word_1_19' title='bbox 2573 535 2591 569; x_wconf 75' lang='grc' dir='ltr'><strong>ι</strong></span> <span class='ocrx_word' id='word_1_20' title='bbox 2631 515 2714 571; x_wconf 80' lang='lat' dir='ltr'><strong>Ad</strong></span> <span class='ocrx_word' id='word_1_21' title='bbox 2762 517 3019 580; x_wconf 90' lang='lat' dir='ltr'><strong>litteram,</strong></span> <span class='ocrx_word' id='word_1_22' title='bbox 3070 515 3197 584; x_wconf 84' lang='lat' dir='ltr'><strong>quia</strong></span> <span class='ocrx_word' id='word_1_23' title='bbox 3258 512 3529 582; x_wconf 75' lang='lat' dir='ltr'><strong>fugientes</strong></span> 
     </span>
    </p>
   </div>
   <div class='ocr_carea' id='block_1_6' title="bbox 250 613 1843 687">
    <p class='ocr_par' dir='ltr' id='par_1_6' title="bbox 250 613 1843 687">
     <span class='ocr_line' id='line_1_6' title="bbox 250 613 1843 687; baseline -0.003 -18"><span class='ocrx_word' id='word_1_24' title='bbox 250 617 314 669; x_wconf 76' lang='grc' dir='ltr'><strong>ἐν</strong></span> <span class='ocrx_word' id='word_1_25' title='bbox 353 617 466 678; x_wconf 80' lang='grc' dir='ltr'><strong>τοῖς</strong></span> <span class='ocrx_word' id='word_1_26' title='bbox 512 615 662 687; x_wconf 81' lang='grc' dir='ltr'><strong>δρεσι</strong></span> <span class='ocrx_word' id='word_1_27' title='bbox 714 615 1010 683; x_wconf 83' lang='grc' dir='ltr'><strong>φεύγοντας</strong></span> <span class='ocrx_word' id='word_1_28' title='bbox 1056 613 1570 684; x_wconf 71' lang='grc' dir='ltr'><strong>καταλαμϐάνοντες</strong></span> <span class='ocrx_word' id='word_1_29' title='bbox 1632 614 1681 665; x_wconf 77' lang='lat' dir='ltr'><strong>oi</strong></span> <span class='ocrx_word' id='word_1_30' title='bbox 1745 629 1843 664; x_wconf 90' lang='grc' dir='ltr'><strong>πο-</strong></span> 
     </span>
    </p>
   </div>
   <div class='ocr_carea' id='block_1_7' title="bbox 253 702 1837 778">
    <p class='ocr_par' dir='ltr' id='par_1_7' title="bbox 253 702 1837 778">
     <span class='ocr_line' id='line_1_7' title="bbox 253 702 1837 778; baseline -0.003 -18"><span class='ocrx_word' id='word_1_31' title='bbox 253 706 431 778; x_wconf 78' lang='grc' dir='ltr'><strong>λέμιοι</strong></span> <span class='ocrx_word' id='word_1_32' title='bbox 487 706 769 778; x_wconf 82' lang='grc' dir='ltr'>ἔφθειρον·</span> <span class='ocrx_word' id='word_1_33' title='bbox 807 707 942 776; x_wconf 85' lang='grc' dir='ltr'><strong>πρὸς</strong></span> <span class='ocrx_word' id='word_1_34' title='bbox 972 706 1029 758; x_wconf 86' lang='grc' dir='ltr'><strong>δὲ</strong></span> <span class='ocrx_word' id='word_1_35' title='bbox 1081 705 1343 769; x_wconf 84' lang='grc' dir='ltr'><strong>διάνοιαν,</strong></span> <span class='ocrx_word' id='word_1_36' title='bbox 1371 705 1496 757; x_wconf 79' lang='grc' dir='ltr'><strong>Ἐπὶ</strong></span> <span class='ocrx_word' id='word_1_37' title='bbox 1525 702 1635 756; x_wconf 88' lang='grc' dir='ltr'><strong>τῶν</strong></span> <span class='ocrx_word' id='word_1_38' title='bbox 1667 704 1837 773; x_wconf 68' lang='grc' dir='ltr'><strong>ύπερυ</strong></span> 
     </span>
    </p>
   </div>
   <div class='ocr_carea' id='block_1_8' title="bbox 249 797 1346 872">
    <p class='ocr_par' dir='ltr' id='par_1_8' title="bbox 249 797 1346 872">
     <span class='ocr_line' id='line_1_8' title="bbox 249 797 1346 872; baseline -0.004 -18"><span class='ocrx_word' id='word_1_39' title='bbox 249 803 457 868; x_wconf 86' lang='grc' dir='ltr'><strong>όγκων,</strong></span> <span class='ocrx_word' id='word_1_40' title='bbox 487 799 643 869; x_wconf 75' lang='grc' dir='ltr'><strong>φησὶ,</strong></span> <span class='ocrx_word' id='word_1_41' title='bbox 674 799 925 872; x_wconf 79' lang='grc' dir='ltr'><strong>πράξεων</strong></span> <span class='ocrx_word' id='word_1_42' title='bbox 954 797 1346 869; x_wconf 88' lang='grc' dir='ltr'><strong>ἐξεκαύθησαν.</strong></span> 
     </span>
    </p>
   </div>
   <div class='ocr_carea' id='block_1_9' title="bbox 338 889 1676 961">
    <p class='ocr_par' dir='ltr' id='par_1_9' title="bbox 338 889 1676 961">
     <span class='ocr_line' id='line_1_9' title="bbox 338 889 1676 961; baseline 0.001 -19"><span class='ocrx_word' id='word_1_43' title='bbox 338 910 358 942; x_wconf 78' lang='grc' dir='ltr'><strong>ι</strong></span> <span class='ocrx_word' id='word_1_44' title='bbox 411 891 498 944; x_wconf 84' lang='grc' dir='ltr'><strong>Ἐν</strong></span> <span class='ocrx_word' id='word_1_45' title='bbox 527 893 742 961; x_wconf 80' lang='grc' dir='ltr'><strong>ἐρήμῳ.</strong></span> <span class='ocrx_word' id='word_1_46' title='bbox 795 910 814 943; x_wconf 74' lang='grc' dir='ltr'><strong>ι</strong></span> <span class='ocrx_word' id='word_1_47' title='bbox 863 891 952 944; x_wconf 83' lang='grc' dir='ltr'><strong>Ἐν</strong></span> <span class='ocrx_word' id='word_1_48' title='bbox 996 891 1391 961; x_wconf 84' lang='grc' dir='ltr'><strong>ἀπανθρώποις</strong></span> <span class='ocrx_word' id='word_1_49' title='bbox 1431 889 1676 959; x_wconf 81' lang='grc' dir='ltr'><strong>τρόποις.</strong></span> 
     </span>
    </p>
   </div>
   <div class='ocr_carea' id='block_1_10' title="bbox 336 979 1842 1053">
    <p class='ocr_par' dir='ltr' id='par_1_10' title="bbox 336 979 1842 1053">
     <span class='ocr_line' id='line_1_10' title="bbox 336 979 1842 1053; baseline 0.001 -20"><span class='ocrx_word' id='word_1_50' title='bbox 336 1002 354 1033; x_wconf 80' lang='grc' dir='ltr'><strong>ι</strong></span> <span class='ocrx_word' id='word_1_51' title='bbox 397 983 622 1052; x_wconf 75' lang='grc' dir='ltr'><strong>Πνεῦμα</strong></span> <span class='ocrx_word' id='word_1_52' title='bbox 670 982 1020 1053; x_wconf 70' lang='grc' dir='ltr'><strong>προσώπου.»</strong></span> <span class='ocrx_word' id='word_1_53' title='bbox 1078 984 1225 1035; x_wconf 76' lang='grc' dir='ltr'><strong>Ἀντὶ</strong></span> <span class='ocrx_word' id='word_1_54' title='bbox 1264 980 1380 1046; x_wconf 86' lang='grc' dir='ltr'><strong>τοῦ,</strong></span> <span class='ocrx_word' id='word_1_55' title='bbox 1428 981 1600 1045; x_wconf 75' lang='grc' dir='ltr'><strong>Αύτὸς</strong></span> <span class='ocrx_word' id='word_1_56' title='bbox 1643 982 1677 1051; x_wconf 85' lang='grc' dir='ltr'><strong>ή</strong></span> <span class='ocrx_word' id='word_1_57' title='bbox 1727 979 1842 1053; x_wconf 77' lang='grc' dir='ltr'><strong>ζωὴ</strong></span> 
     </span>
    </p>
   </div>
   <div class='ocr_carea' id='block_1_11' title="bbox 255 1075 1126 1148">
    <p class='ocr_par' dir='ltr' id='par_1_11' title="bbox 255 1075 1126 1148">
     <span class='ocr_line' id='line_1_11' title="bbox 255 1075 1126 1148; baseline 0 -21"><span class='ocrx_word' id='word_1_58' title='bbox 255 1076 435 1148; x_wconf 75' lang='grc' dir='ltr'><strong>ἡμῶν·</strong></span> <span class='ocrx_word' id='word_1_59' title='bbox 459 1075 622 1139; x_wconf 80' lang='grc' dir='ltr'><strong>αὐτὸς</strong></span> <span class='ocrx_word' id='word_1_60' title='bbox 657 1077 690 1146; x_wconf 82' lang='grc' dir='ltr'><strong>ἡ</strong></span> <span class='ocrx_word' id='word_1_61' title='bbox 723 1075 871 1146; x_wconf 75' lang='grc' dir='ltr'><strong>ψυχὴ</strong></span> <span class='ocrx_word' id='word_1_62' title='bbox 896 1075 1078 1146; x_wconf 83' lang='grc' dir='ltr'><strong>ἡμῶν.</strong></span> <span class='ocrx_word' id='word_1_63' title='bbox 1108 1094 1126 1127; x_wconf 80' lang='grc'><strong>»</strong></span> 
     </span>
    </p>
   </div>
   <div class='ocr_carea' id='block_1_12' title="bbox 339 1165 1842 1238">
    <p class='ocr_par' dir='ltr' id='par_1_12' title="bbox 339 1165 1842 1238">
     <span class='ocr_line' id='line_1_12' title="bbox 339 1165 1842 1238; baseline 0.003 -22"><span class='ocrx_word' id='word_1_64' title='bbox 339 1187 354 1216; x_wconf 82' lang='grc' dir='ltr'><strong>ι</strong></span> <span class='ocrx_word' id='word_1_65' title='bbox 399 1166 736 1237; x_wconf 71' lang='grc' dir='ltr'><strong>Συνελήερθη.</strong></span> <span class='ocrx_word' id='word_1_66' title='bbox 768 1186 787 1218; x_wconf 71' lang='grc' dir='ltr'><strong>ι</strong></span> <span class='ocrx_word' id='word_1_67' title='bbox 828 1167 926 1219; x_wconf 74' lang='grc' dir='ltr'><strong>Διὰ</strong></span> <span class='ocrx_word' id='word_1_68' title='bbox 957 1167 1067 1238; x_wconf 73' lang='grc' dir='ltr'><strong>γὰρ</strong></span> <span class='ocrx_word' id='word_1_69' title='bbox 1090 1165 1188 1230; x_wconf 81' lang='grc' dir='ltr'><strong>τὰς</strong></span> <span class='ocrx_word' id='word_1_70' title='bbox 1215 1166 1491 1238; x_wconf 82' lang='grc' dir='ltr'><strong>ἁμαρτίας</strong></span> <span class='ocrx_word' id='word_1_71' title='bbox 1522 1166 1679 1238; x_wconf 84' lang='grc' dir='ltr'><strong>ήμῶν</strong></span> <span class='ocrx_word' id='word_1_72' title='bbox 1699 1183 1842 1238; x_wconf 83' lang='grc' dir='ltr'><strong>παρ-</strong></span> 
     </span>
    </p>
   </div>
   <div class='ocr_carea' id='block_1_13' title="bbox 256 1261 436 1332">
    <p class='ocr_par' dir='ltr' id='par_1_13' title="bbox 256 1261 436 1332">
     <span class='ocr_line' id='line_1_13' title="bbox 256 1261 436 1332; baseline 0.011 -20"><span class='ocrx_word' id='word_1_73' title='bbox 256 1261 436 1332; x_wconf 80' lang='grc' dir='ltr'><strong>εδόθη.</strong></span> 
     </span>
    </p>
   </div>
   <div class='ocr_carea' id='block_1_14' title="bbox 335 1347 1839 1424">
    <p class='ocr_par' dir='ltr' id='par_1_14' title="bbox 335 1347 1839 1424">
     <span class='ocr_line' id='line_1_14' title="bbox 335 1347 1839 1424; baseline 0.002 -19"><span class='ocrx_word' id='word_1_74' title='bbox 335 1374 353 1405; x_wconf 80' lang='grc' dir='ltr'><strong>ι</strong></span> <span class='ocrx_word' id='word_1_75' title='bbox 390 1348 465 1408; x_wconf 62' lang='lat' dir='ltr'><strong>OB</strong></span> <span class='ocrx_word' id='word_1_76' title='bbox 485 1355 746 1423; x_wconf 81' lang='grc' dir='ltr'><strong>εἴπαμεν.</strong></span> <span class='ocrx_word' id='word_1_77' title='bbox 780 1373 797 1404; x_wconf 73' lang='grc' dir='ltr'><strong><em>ο</em></strong></span> <span class='ocrx_word' id='word_1_78' title='bbox 844 1347 914 1424; x_wconf 81' lang='grc' dir='ltr'>ᾯ</span> <span class='ocrx_word' id='word_1_79' title='bbox 951 1354 1408 1424; x_wconf 79' lang='grc' dir='ltr'><strong>ὡμολογήσαμεν,</strong></span> <span class='ocrx_word' id='word_1_80' title='bbox 1438 1353 1514 1417; x_wconf 85' lang='grc' dir='ltr'><strong>ῶς</strong></span> <span class='ocrx_word' id='word_1_81' title='bbox 1542 1355 1635 1408; x_wconf 78' lang='grc' dir='ltr'><strong>ὑπ’</strong></span> <span class='ocrx_word' id='word_1_82' title='bbox 1673 1352 1839 1408; x_wconf 82' lang='grc' dir='ltr'><strong>αὐτοῦ</strong></span> 
     </span>
    </p>
   </div>
   <div class='ocr_carea' id='block_1_15' title="bbox 256 1442 1660 1512">
    <p class='ocr_par' dir='ltr' id='par_1_15' title="bbox 256 1442 1660 1512">
     <span class='ocr_line' id='line_1_15' title="bbox 256 1442 1660 1512; baseline 0.001 -18"><span class='ocrx_word' id='word_1_83' title='bbox 256 1443 591 1510; x_wconf 82' lang='grc' dir='ltr'><strong>σκεπόμενοι</strong></span> <span class='ocrx_word' id='word_1_84' title='bbox 625 1442 1085 1512; x_wconf 64' lang='grc' dir='ltr'><strong>ςυλαχθησόμεθα</strong></span> <span class='ocrx_word' id='word_1_85' title='bbox 1123 1443 1231 1495; x_wconf 83' lang='grc' dir='ltr'><strong>ἀπὸ</strong></span> <span class='ocrx_word' id='word_1_86' title='bbox 1252 1442 1359 1494; x_wconf 90' lang='grc' dir='ltr'><strong>τῶν</strong></span> <span class='ocrx_word' id='word_1_87' title='bbox 1382 1442 1660 1496; x_wconf 81' lang='grc' dir='ltr'><strong>ἐναντίων.</strong></span> 
     </span>
    </p>
   </div>
   <div class='ocr_carea' id='block_1_16' title="bbox 336 1533 1839 1605">
    <p class='ocr_par' dir='ltr' id='par_1_16' title="bbox 336 1533 1839 1605">
     <span class='ocr_line' id='line_1_16' title="bbox 336 1533 1839 1605; baseline 0.003 -22"><span class='ocrx_word' id='word_1_88' title='bbox 336 1552 352 1583; x_wconf 81' lang='grc' dir='ltr'><strong>ι</strong></span> <span class='ocrx_word' id='word_1_89' title='bbox 394 1535 562 1603; x_wconf 83' lang='grc' dir='ltr'>Χαῖρε</span> <span class='ocrx_word' id='word_1_90' title='bbox 595 1535 686 1587; x_wconf 68' lang='grc' dir='ltr'><strong>καὶ</strong></span> <span class='ocrx_word' id='word_1_91' title='bbox 709 1534 1022 1604; x_wconf 76' lang='grc' dir='ltr'><strong>εὐφραίνου.</strong></span> <span class='ocrx_word' id='word_1_92' title='bbox 1064 1554 1082 1584; x_wconf 75' lang='grc' dir='ltr'><strong>ι</strong></span> <span class='ocrx_word' id='word_1_93' title='bbox 1117 1533 1183 1587; x_wconf 82' lang='grc' dir='ltr'>Ἦ</span> <span class='ocrx_word' id='word_1_94' title='bbox 1225 1535 1501 1604; x_wconf 74' lang='grc' dir='ltr'><strong>Ἰδουμαία</strong></span> <span class='ocrx_word' id='word_1_95' title='bbox 1529 1535 1619 1589; x_wconf 77' lang='grc' dir='ltr'><strong>ἀεὶ</strong></span> <span class='ocrx_word' id='word_1_96' title='bbox 1647 1536 1741 1588; x_wconf 78' lang='grc' dir='ltr'><strong>ἐπὶ</strong></span> <span class='ocrx_word' id='word_1_97' title='bbox 1771 1538 1839 1605; x_wconf 76' lang='grc' dir='ltr'><strong>τῇ</strong></span> 
     </span>
    </p>
   </div>
   <div class='ocr_carea' id='block_1_17' title="bbox 257 1626 1414 1698">
    <p class='ocr_par' dir='ltr' id='par_1_17' title="bbox 257 1626 1414 1698">
     <span class='ocr_line' id='line_1_17' title="bbox 257 1626 1414 1698; baseline 0.004 -22"><span class='ocrx_word' id='word_1_98' title='bbox 257 1627 582 1698; x_wconf 67' lang='grc' dir='ltr'><strong>παλαιότητι</strong></span> <span class='ocrx_word' id='word_1_99' title='bbox 618 1627 717 1694; x_wconf 75' lang='grc' dir='ltr'><strong>τῆς</strong></span> <span class='ocrx_word' id='word_1_100' title='bbox 747 1627 1022 1696; x_wconf 82' lang='grc' dir='ltr'><strong>ἁμαρτίας</strong></span> <span class='ocrx_word' id='word_1_101' title='bbox 1056 1626 1414 1697; x_wconf 58' lang='grc' dir='ltr'><strong>λαμβάνεται.</strong></span> 
     </span>
    </p>
   </div>
   <div class='ocr_carea' id='block_1_18' title="bbox 336 1719 1833 1792">
    <p class='ocr_par' dir='ltr' id='par_1_18' title="bbox 336 1719 1833 1792">
     <span class='ocr_line' id='line_1_18' title="bbox 336 1719 1833 1792; baseline 0.004 -24"><span class='ocrx_word' id='word_1_102' title='bbox 336 1738 352 1767; x_wconf 79' lang='grc' dir='ltr'><strong>ι</strong></span> <span class='ocrx_word' id='word_1_103' title='bbox 391 1719 564 1786; x_wconf 72' lang='grc' dir='ltr'><strong>Καίγε</strong></span> <span class='ocrx_word' id='word_1_104' title='bbox 597 1722 688 1771; x_wconf 77' lang='grc' dir='ltr'><strong>ἐπὶ</strong></span> <span class='ocrx_word' id='word_1_105' title='bbox 723 1721 782 1772; x_wconf 82' lang='grc' dir='ltr'><strong>σὲ</strong></span> <span class='ocrx_word' id='word_1_106' title='bbox 815 1719 1150 1772; x_wconf 77' lang='grc' dir='ltr'><strong>διελεύσεται</strong></span> <span class='ocrx_word' id='word_1_107' title='bbox 1175 1719 1236 1772; x_wconf 85' lang='grc' dir='ltr'><strong>τὸ</strong></span> <span class='ocrx_word' id='word_1_108' title='bbox 1274 1722 1531 1792; x_wconf 84' lang='grc' dir='ltr'><strong>ποτήριον</strong></span> <span class='ocrx_word' id='word_1_109' title='bbox 1559 1721 1787 1792; x_wconf 77' lang='grc' dir='ltr'><strong>Κυρίου.</strong></span> <span class='ocrx_word' id='word_1_110' title='bbox 1814 1741 1833 1774; x_wconf 74' lang='grc' dir='ltr'><strong>ι</strong></span> 
     </span>
    </p>
   </div>
   <div class='ocr_carea' id='block_1_19' title="bbox 253 1809 1841 1885">
    <p class='ocr_par' dir='ltr' id='par_1_19' title="bbox 253 1809 1841 1885">
     <span class='ocr_line' id='line_1_19' title="bbox 253 1809 1841 1885; baseline 0.004 -26"><span class='ocrx_word' id='word_1_111' title='bbox 253 1809 524 1877; x_wconf 83' lang='grc' dir='ltr'><strong>Σημαίνει</strong></span> <span class='ocrx_word' id='word_1_112' title='bbox 559 1813 627 1881; x_wconf 79' lang='grc' dir='ltr'><strong>τῇ</strong></span> <span class='ocrx_word' id='word_1_113' title='bbox 670 1810 993 1880; x_wconf 78' lang='grc' dir='ltr'><strong>παλαιότητι</strong></span> <span class='ocrx_word' id='word_1_114' title='bbox 1031 1810 1132 1878; x_wconf 84' lang='grc' dir='ltr'><strong>τῆς</strong></span> <span class='ocrx_word' id='word_1_115' title='bbox 1171 1810 1447 1882; x_wconf 79' lang='grc' dir='ltr'><strong>ἁμαρτίας</strong></span> <span class='ocrx_word' id='word_1_116' title='bbox 1474 1813 1503 1865; x_wconf 82' lang='grc' dir='ltr'><strong>δ</strong></span> <span class='ocrx_word' id='word_1_117' title='bbox 1555 1816 1841 1885; x_wconf 80' lang='grc' dir='ltr'><strong>προφήτης</strong></span> 
     </span>
    </p>
   </div>
   <div class='ocr_carea' id='block_1_20' title="bbox 252 1901 1839 1974">
    <p class='ocr_par' dir='ltr' id='par_1_20' title="bbox 252 1901 1839 1974">
     <span class='ocr_line' id='line_1_20' title="bbox 252 1901 1839 1974; baseline 0.004 -22"><span class='ocrx_word' id='word_1_118' title='bbox 252 1902 651 1974; x_wconf 75' lang='grc' dir='ltr'><strong>ποτήριον,τὴν</strong></span> <span class='ocrx_word' id='word_1_119' title='bbox 681 1903 768 1956; x_wconf 69' lang='grc' dir='ltr'><strong>διὰ</strong></span> <span class='ocrx_word' id='word_1_120' title='bbox 797 1901 891 1956; x_wconf 91' lang='grc' dir='ltr'><strong>τοῦ</strong></span> <span class='ocrx_word' id='word_1_121' title='bbox 925 1903 1160 1974; x_wconf 90' lang='grc' dir='ltr'><strong>σταυροῦ</strong></span> <span class='ocrx_word' id='word_1_122' title='bbox 1183 1904 1482 1973; x_wconf 91' lang='grc' dir='ltr'><strong>ἀναίρεσιν.</strong></span> <span class='ocrx_word' id='word_1_123' title='bbox 1512 1905 1676 1958; x_wconf 80' lang='grc' dir='ltr'><strong>Ὥστε</strong></span> <span class='ocrx_word' id='word_1_124' title='bbox 1701 1908 1839 1960; x_wconf 81' lang='grc' dir='ltr'><strong>κατά</strong></span> 
     </span>
    </p>
   </div>
   <div class='ocr_carea' id='block_1_21' title="bbox 251 1995 1839 2066">
    <p class='ocr_par' dir='ltr' id='par_1_21' title="bbox 251 1995 1839 2066">
     <span class='ocr_line' id='line_1_21' title="bbox 251 1995 1839 2066; baseline 0.005 -21"><span class='ocrx_word' id='word_1_125' title='bbox 251 1995 357 2064; x_wconf 85' lang='grc' dir='ltr'><strong>τὴν</strong></span> <span class='ocrx_word' id='word_1_126' title='bbox 386 1995 578 2065; x_wconf 81' lang='grc' dir='ltr'><strong>μέθην,</strong></span> <span class='ocrx_word' id='word_1_127' title='bbox 613 1996 709 2048; x_wconf 77' lang='grc' dir='ltr'><strong>καὶ</strong></span> <span class='ocrx_word' id='word_1_128' title='bbox 755 1996 986 2060; x_wconf 75' lang='grc' dir='ltr'><strong>πτῶσιν,</strong></span> <span class='ocrx_word' id='word_1_129' title='bbox 1043 1998 1138 2050; x_wconf 77' lang='grc' dir='ltr'><strong>καὶ</strong></span> <span class='ocrx_word' id='word_1_130' title='bbox 1183 1998 1463 2066; x_wconf 85' lang='grc' dir='ltr'><strong>περισσῶς</strong></span> <span class='ocrx_word' id='word_1_131' title='bbox 1503 1999 1839 2054; x_wconf 88' lang='grc' dir='ltr'><strong>ἐκτείνεσθαι</strong></span> 
     </span>
    </p>
   </div>
   <div class='ocr_carea' id='block_1_22' title="bbox 251 2083 1840 2159">
    <p class='ocr_par' dir='ltr' id='par_1_22' title="bbox 251 2083 1840 2159">
     <span class='ocr_line' id='line_1_22' title="bbox 251 2083 1840 2159; baseline 0.005 -23"><span class='ocrx_word' id='word_1_132' title='bbox 251 2084 429 2151; x_wconf 76' lang='grc' dir='ltr'><strong>αὐτῆς</strong></span> <span class='ocrx_word' id='word_1_133' title='bbox 463 2083 702 2149; x_wconf 78' lang='grc' dir='ltr'><strong>εἰσάπαξ</strong></span> <span class='ocrx_word' id='word_1_134' title='bbox 728 2085 830 2156; x_wconf 79' lang='grc' dir='ltr'><strong>τὴν</strong></span> <span class='ocrx_word' id='word_1_135' title='bbox 867 2086 1168 2142; x_wconf 84' lang='grc' dir='ltr'><strong>ἀπώλειαν.</strong></span> <span class='ocrx_word' id='word_1_136' title='bbox 1211 2089 1285 2141; x_wconf 84' lang='grc' dir='ltr'>Τὸ</span> <span class='ocrx_word' id='word_1_137' title='bbox 1309 2090 1419 2158; x_wconf 80' lang='grc' dir='ltr'><strong>γὰρ</strong></span> <span class='ocrx_word' id='word_1_138' title='bbox 1450 2090 1749 2159; x_wconf 73' lang='grc' dir='ltr'><strong>ἀποχεεῖς,</strong></span> <span class='ocrx_word' id='word_1_139' title='bbox 1779 2092 1840 2144; x_wconf 76' lang='grc' dir='ltr'><strong>τὸ</strong></span> 
     </span>
    </p>
   </div>
   <div class='ocr_carea' id='block_1_23' title="bbox 248 2176 1838 2253">
    <p class='ocr_par' dir='ltr' id='par_1_23' title="bbox 248 2176 1838 2253">
     <span class='ocr_line' id='line_1_23' title="bbox 248 2176 1838 2253; baseline 0.006 -26"><span class='ocrx_word' id='word_1_140' title='bbox 248 2176 336 2237; x_wconf 85' lang='grc' dir='ltr'><strong>είς</strong></span> <span class='ocrx_word' id='word_1_141' title='bbox 362 2176 536 2230; x_wconf 80' lang='grc' dir='ltr'><strong>αἰῶνα</strong></span> <span class='ocrx_word' id='word_1_142' title='bbox 567 2177 910 2232; x_wconf 80' lang='grc' dir='ltr'><strong>ἐκτείνεσθαι</strong></span> <span class='ocrx_word' id='word_1_143' title='bbox 936 2179 1106 2250; x_wconf 81' lang='grc' dir='ltr'><strong>αὐτῆς</strong></span> <span class='ocrx_word' id='word_1_144' title='bbox 1120 2181 1220 2253; x_wconf 73' lang='grc' dir='ltr'><strong>τὴν</strong></span> <span class='ocrx_word' id='word_1_145' title='bbox 1248 2181 1524 2235; x_wconf 85' lang='grc' dir='ltr'><strong>ἀπώλειαν</strong></span> <span class='ocrx_word' id='word_1_146' title='bbox 1559 2184 1838 2253; x_wconf 85' lang='grc' dir='ltr'><strong>σημαίνει,</strong></span> 
     </span>
    </p>
   </div>
   <div class='ocr_carea' id='block_1_24' title="bbox 250 2266 1839 2342">
    <p class='ocr_par' dir='ltr' id='par_1_24' title="bbox 250 2266 1839 2342">
     <span class='ocr_line' id='line_1_24' title="bbox 250 2266 1839 2342; baseline 0.008 -26"><span class='ocrx_word' id='word_1_147' title='bbox 250 2266 387 2319; x_wconf 79' lang='grc' dir='ltr'><strong>Ὅτε</strong></span> <span class='ocrx_word' id='word_1_148' title='bbox 443 2267 535 2320; x_wconf 72' lang='grc' dir='ltr'><strong>καὶ</strong></span> <span class='ocrx_word' id='word_1_149' title='bbox 595 2271 626 2322; x_wconf 84' lang='grc' dir='ltr'><strong>ό</strong></span> <span class='ocrx_word' id='word_1_150' title='bbox 679 2268 938 2337; x_wconf 80' lang='grc' dir='ltr'><strong>ἔσχατος</strong></span> <span class='ocrx_word' id='word_1_151' title='bbox 986 2270 1202 2340; x_wconf 77' lang='grc' dir='ltr'><strong>ἐχθρὸς</strong></span> <span class='ocrx_word' id='word_1_152' title='bbox 1259 2273 1629 2342; x_wconf 77' lang='grc' dir='ltr'><strong>καταργεῖται</strong></span> <span class='ocrx_word' id='word_1_153' title='bbox 1664 2277 1696 2328; x_wconf 88' lang='grc' dir='ltr'><em>ὀ</em></span> <span class='ocrx_word' id='word_1_154' title='bbox 1735 2274 1839 2328; x_wconf 73' lang='lat' dir='ltr'><strong>0d-</strong></span> 
     </span>
    </p>
   </div>
   <div class='ocr_carea' id='block_1_25' title="bbox 250 2377 456 2424">
    <p class='ocr_par' dir='ltr' id='par_1_25' title="bbox 250 2377 456 2424">
     <span class='ocr_line' id='line_1_25' title="bbox 250 2377 456 2424; baseline 0.015 -13"><span class='ocrx_word' id='word_1_155' title='bbox 250 2377 456 2424; x_wconf 71' lang='grc' dir='ltr'><strong>νιιτος.</strong></span> 
     </span>
    </p>
   </div>
   <div class='ocr_carea' id='block_1_26' title="bbox 331 2453 1838 2533">
    <p class='ocr_par' dir='ltr' id='par_1_26' title="bbox 331 2453 1838 2533">
     <span class='ocr_line' id='line_1_26' title="bbox 331 2453 1838 2533; baseline 0.009 -32"><span class='ocrx_word' id='word_1_156' title='bbox 331 2471 348 2501; x_wconf 72' lang='grc' dir='ltr'><strong>ι</strong></span> <span class='ocrx_word' id='word_1_157' title='bbox 399 2453 677 2518; x_wconf 74' lang='grc' dir='ltr'><strong>Ἐξέλιπεν</strong></span> <span class='ocrx_word' id='word_1_158' title='bbox 708 2455 742 2525; x_wconf 89' lang='grc' dir='ltr'><strong>ή</strong></span> <span class='ocrx_word' id='word_1_159' title='bbox 783 2455 982 2525; x_wconf 83' lang='grc' dir='ltr'><strong>ἀνομία</strong></span> <span class='ocrx_word' id='word_1_160' title='bbox 1017 2473 1130 2512; x_wconf 89' lang='grc' dir='ltr'><strong>σου.</strong></span> <span class='ocrx_word' id='word_1_161' title='bbox 1177 2476 1195 2508; x_wconf 76' lang='grc' dir='ltr'><strong>ι</strong></span> <span class='ocrx_word' id='word_1_162' title='bbox 1235 2457 1335 2513; x_wconf 87' lang='grc' dir='ltr'><strong>Διά</strong></span> <span class='ocrx_word' id='word_1_163' title='bbox 1365 2458 1458 2513; x_wconf 91' lang='grc' dir='ltr'><strong>τοῦ</strong></span> <span class='ocrx_word' id='word_1_164' title='bbox 1489 2460 1632 2515; x_wconf 81' lang='grc' dir='ltr'><strong>κατὰ</strong></span> <span class='ocrx_word' id='word_1_165' title='bbox 1659 2460 1838 2533; x_wconf 83' lang='grc' dir='ltr'><strong>σάρκα</strong></span> 
     </span>
    </p>
   </div>
   <div class='ocr_carea' id='block_1_27' title="bbox 247 2545 747 2618">
    <p class='ocr_par' dir='ltr' id='par_1_27' title="bbox 247 2545 747 2618">
     <span class='ocr_line' id='line_1_27' title="bbox 247 2545 747 2618; baseline 0.01 -21"><span class='ocrx_word' id='word_1_166' title='bbox 247 2545 484 2599; x_wconf 77' lang='grc' dir='ltr'><strong>θανάττυ</strong></span> <span class='ocrx_word' id='word_1_167' title='bbox 520 2550 747 2618; x_wconf 81' lang='grc' dir='ltr'>Κυρίου.</span> 
     </span>
    </p>
   </div>
   <div class='ocr_carea' id='block_1_28' title="bbox 333 2642 1834 2717">
    <p class='ocr_par' dir='ltr' id='par_1_28' title="bbox 333 2642 1834 2717">
     <span class='ocr_line' id='line_1_28' title="bbox 333 2642 1834 2717; baseline 0.009 -30"><span class='ocrx_word' id='word_1_168' title='bbox 333 2658 350 2687; x_wconf 75' lang='grc' dir='ltr'><strong>ι</strong></span> <span class='ocrx_word' id='word_1_169' title='bbox 393 2642 469 2693; x_wconf 64' lang='lat' dir='ltr'><strong>Ui»</strong></span> <span class='ocrx_word' id='word_1_170' title='bbox 502 2643 821 2710; x_wconf 82' lang='grc' dir='ltr'><strong>προσθήσει.</strong></span> <span class='ocrx_word' id='word_1_171' title='bbox 863 2663 881 2694; x_wconf 72' lang='grc' dir='ltr'><strong>ι</strong></span> <span class='ocrx_word' id='word_1_172' title='bbox 915 2643 1085 2696; x_wconf 87' lang='grc' dir='ltr'><strong>Τοῦτο</strong></span> <span class='ocrx_word' id='word_1_173' title='bbox 1114 2646 1181 2714; x_wconf 79' lang='grc' dir='ltr'><strong>τῇ</strong></span> <span class='ocrx_word' id='word_1_174' title='bbox 1216 2645 1427 2716; x_wconf 77' lang='grc' dir='ltr'><strong>ἱστορίᾳ</strong></span> <span class='ocrx_word' id='word_1_175' title='bbox 1451 2645 1550 2716; x_wconf 77' lang='grc' dir='ltr'><strong>οὐχ</strong></span> <span class='ocrx_word' id='word_1_176' title='bbox 1582 2647 1834 2717; x_wconf 79' lang='grc' dir='ltr'><strong>ἁρμόζει·</strong></span> 
     </span>
    </p>
   </div>
   <div class='ocr_carea' id='block_1_29' title="bbox 250 2731 1839 2806">
    <p class='ocr_par' dir='ltr' id='par_1_29' title="bbox 250 2731 1839 2806">
     <span class='ocr_line' id='line_1_29' title="bbox 250 2731 1839 2806; baseline 0.008 -25"><span class='ocrx_word' id='word_1_177' title='bbox 250 2731 395 2799; x_wconf 68' lang='grc' dir='ltr'><strong>μετὰ</strong></span> <span class='ocrx_word' id='word_1_178' title='bbox 413 2733 522 2801; x_wconf 79' lang='grc' dir='ltr'><strong>γὰρ</strong></span> <span class='ocrx_word' id='word_1_179' title='bbox 548 2733 925 2797; x_wconf 75' lang='grc' dir='ltr'><strong>Βαϐυλωνίους</strong></span> <span class='ocrx_word' id='word_1_180' title='bbox 952 2736 1113 2789; x_wconf 84' lang='grc' dir='ltr'><strong>πάλιν</strong></span> <span class='ocrx_word' id='word_1_181' title='bbox 1145 2735 1540 2806; x_wconf 81' lang='grc' dir='ltr'><strong>ἀπῳκίσθησαν</strong></span> <span class='ocrx_word' id='word_1_182' title='bbox 1565 2738 1670 2790; x_wconf 81' lang='grc' dir='ltr'><strong>ὑπὸ</strong></span> <span class='ocrx_word' id='word_1_183' title='bbox 1705 2739 1839 2793; x_wconf 84' lang='grc' dir='ltr'><strong>Ῥω-</strong></span> 
     </span>
    </p>
   </div>
   <div class='ocr_carea' id='block_1_30' title="bbox 252 2823 1834 2900">
    <p class='ocr_par' dir='ltr' id='par_1_30' title="bbox 252 2823 1834 2900">
     <span class='ocr_line' id='line_1_30' title="bbox 252 2823 1834 2900; baseline 0.007 -27"><span class='ocrx_word' id='word_1_184' title='bbox 252 2823 453 2890; x_wconf 83' lang='grc' dir='ltr'><strong>μαίων,</strong></span> <span class='ocrx_word' id='word_1_185' title='bbox 486 2825 580 2878; x_wconf 79' lang='grc' dir='ltr'><strong>καὶ</strong></span> <span class='ocrx_word' id='word_1_186' title='bbox 613 2826 775 2897; x_wconf 86' lang='grc' dir='ltr'><strong>μέχρι</strong></span> <span class='ocrx_word' id='word_1_187' title='bbox 822 2826 918 2880; x_wconf 92' lang='grc' dir='ltr'><strong>νῦν</strong></span> <span class='ocrx_word' id='word_1_188' title='bbox 960 2830 1016 2880; x_wconf 93' lang='grc' dir='ltr'><strong>ἐν</strong></span> <span class='ocrx_word' id='word_1_189' title='bbox 1041 2828 1271 2899; x_wconf 79' lang='grc' dir='ltr'><strong>ἀποικίᾳ</strong></span> <span class='ocrx_word' id='word_1_190' title='bbox 1300 2829 1422 2881; x_wconf 88' lang='grc' dir='ltr'><strong>είσί.</strong></span> <span class='ocrx_word' id='word_1_191' title='bbox 1461 2830 1692 2900; x_wconf 87' lang='grc' dir='ltr'><strong>Νοήσεις</strong></span> <span class='ocrx_word' id='word_1_192' title='bbox 1719 2828 1834 2898; x_wconf 83' lang='grc' dir='ltr'><strong>οῦν,</strong></span> 
     </span>
    </p>
   </div>
   <div class='ocr_carea' id='block_1_31' title="bbox 247 2915 1837 2992">
    <p class='ocr_par' dir='ltr' id='par_1_31' title="bbox 247 2915 1837 2992">
     <span class='ocr_line' id='line_1_31' title="bbox 247 2915 1837 2992; baseline 0.007 -26"><span class='ocrx_word' id='word_1_193' title='bbox 247 2915 333 2966; x_wconf 84' lang='grc' dir='ltr'><strong>ὅτι</strong></span> <span class='ocrx_word' id='word_1_194' title='bbox 368 2917 398 2966; x_wconf 84' lang='grc' dir='ltr'><strong>ό</strong></span> <span class='ocrx_word' id='word_1_195' title='bbox 441 2917 542 2985; x_wconf 85' lang='grc' dir='ltr'><strong>μὲν</strong></span> <span class='ocrx_word' id='word_1_196' title='bbox 590 2918 749 2987; x_wconf 90' lang='grc' dir='ltr'><strong>νόμος</strong></span> <span class='ocrx_word' id='word_1_197' title='bbox 796 2919 922 2990; x_wconf 74' lang='grc' dir='ltr'><strong>ἔσχε</strong></span> <span class='ocrx_word' id='word_1_198' title='bbox 953 2919 1226 2992; x_wconf 78' lang='grc' dir='ltr'><strong>διαδοχήν,</strong></span> <span class='ocrx_word' id='word_1_199' title='bbox 1270 2923 1302 2991; x_wconf 79' lang='grc' dir='ltr'><strong>ἡ</strong></span> <span class='ocrx_word' id='word_1_200' title='bbox 1343 2921 1398 2973; x_wconf 86' lang='grc' dir='ltr'><strong>δὲ</strong></span> <span class='ocrx_word' id='word_1_201' title='bbox 1427 2922 1587 2992; x_wconf 83' lang='grc' dir='ltr'><strong>χάρις</strong></span> <span class='ocrx_word' id='word_1_202' title='bbox 1616 2924 1837 2978; x_wconf 87' lang='grc' dir='ltr'><strong>ἀτελεύ-</strong></span> 
     </span>
    </p>
   </div>
   <div class='ocr_carea' id='block_1_32' title="bbox 249 3026 435 3077">
    <p class='ocr_par' dir='ltr' id='par_1_32' title="bbox 249 3026 435 3077">
     <span class='ocr_line' id='line_1_32' title="bbox 249 3026 435 3077; baseline 0.011 -17"><span class='ocrx_word' id='word_1_203' title='bbox 249 3026 435 3077; x_wconf 78' lang='grc' dir='ltr'><strong>τητος.</strong></span> 
     </span>
    </p>
   </div>
   <div class='ocr_carea' id='block_1_33' title="bbox 330 3102 1835 3181">
    <p class='ocr_par' dir='ltr' id='par_1_33' title="bbox 330 3102 1835 3181">
     <span class='ocr_line' id='line_1_33' title="bbox 330 3102 1835 3181; baseline 0.009 -31"><span class='ocrx_word' id='word_1_204' title='bbox 330 3119 347 3150; x_wconf 68' lang='grc' dir='ltr'><strong>ι</strong></span> <span class='ocrx_word' id='word_1_205' title='bbox 391 3102 768 3172; x_wconf 80' lang='grc' dir='ltr'><strong>Ἐπεσκέψατο</strong></span> <span class='ocrx_word' id='word_1_206' title='bbox 800 3105 1034 3172; x_wconf 83' lang='grc' dir='ltr'><strong>ἀνομίας</strong></span> <span class='ocrx_word' id='word_1_207' title='bbox 1057 3123 1206 3160; x_wconf 75' lang='grc' dir='ltr'><strong>σου.»</strong></span> <span class='ocrx_word' id='word_1_208' title='bbox 1229 3108 1291 3160; x_wconf 82' lang='grc' dir='ltr'>Ἠ</span> <span class='ocrx_word' id='word_1_209' title='bbox 1324 3109 1382 3160; x_wconf 81' lang='grc' dir='ltr'><strong>ἐν</strong></span> <span class='ocrx_word' id='word_1_210' title='bbox 1410 3112 1475 3180; x_wconf 76' lang='grc' dir='ltr'><strong>τῇ</strong></span> <span class='ocrx_word' id='word_1_211' title='bbox 1509 3110 1835 3181; x_wconf 76' lang='grc' dir='ltr'><strong>παλαιότητι</strong></span> 
     </span>
    </p>
   </div>
   <div class='ocr_carea' id='block_1_34' title="bbox 1940 607 3527 679">
    <p class='ocr_par' dir='ltr' id='par_1_34' title="bbox 1940 607 3527 679">
     <span class='ocr_line' id='line_1_34' title="bbox 1940 607 3527 679; baseline -0.004 -17"><span class='ocrx_word' id='word_1_212' title='bbox 1940 607 2106 662; x_wconf 89' lang='lat' dir='ltr'><strong>etiam</strong></span> <span class='ocrx_word' id='word_1_213' title='bbox 2132 609 2200 663; x_wconf 90' lang='lat' dir='ltr'><strong>ad</strong></span> <span class='ocrx_word' id='word_1_214' title='bbox 2229 618 2443 664; x_wconf 77' lang='lat' dir='ltr'><strong>montes</strong></span> <span class='ocrx_word' id='word_1_215' title='bbox 2487 610 3030 679; x_wconf 87' lang='lat' dir='ltr'><strong>comprehendebant</strong></span> <span class='ocrx_word' id='word_1_216' title='bbox 3069 607 3257 661; x_wconf 80' lang='lat' dir='ltr'><strong>hostes</strong></span> <span class='ocrx_word' id='word_1_217' title='bbox 3302 611 3361 658; x_wconf 86' lang='lat' dir='ltr'><strong>et</strong></span> <span class='ocrx_word' id='word_1_218' title='bbox 3411 612 3527 657; x_wconf 93' lang='lat' dir='ltr'><strong>tru-</strong></span> 
     </span>
    </p>
   </div>
   <div class='ocr_carea' id='block_1_35' title="bbox 1942 697 3521 767">
    <p class='ocr_par' dir='ltr' id='par_1_35' title="bbox 1942 697 3521 767">
     <span class='ocr_line' id='line_1_35' title="bbox 1942 697 3521 767; baseline 0 -11"><span class='ocrx_word' id='word_1_219' title='bbox 1942 703 2235 767; x_wconf 87' lang='lat' dir='ltr'><strong>cidabant;</strong></span> <span class='ocrx_word' id='word_1_220' title='bbox 2267 704 2334 758; x_wconf 90' lang='lat' dir='ltr'><strong>ad</strong></span> <span class='ocrx_word' id='word_1_221' title='bbox 2360 719 2581 759; x_wconf 86' lang='lat' dir='ltr'><strong>sensum</strong></span> <span class='ocrx_word' id='word_1_222' title='bbox 2612 720 2743 759; x_wconf 87' lang='lat' dir='ltr'><strong>vero</strong></span> <span class='ocrx_word' id='word_1_223' title='bbox 2770 705 3043 766; x_wconf 84' lang='lat' dir='ltr'><strong>altiorem,</strong></span> <span class='ocrx_word' id='word_1_224' title='bbox 3067 702 3151 758; x_wconf 80' lang='lat' dir='ltr'><strong>Ah</strong></span> <span class='ocrx_word' id='word_1_225' title='bbox 3178 698 3400 762; x_wconf 82' lang='lat' dir='ltr'><strong>inﬂatis,</strong></span> <span class='ocrx_word' id='word_1_226' title='bbox 3430 697 3521 756; x_wconf 83' lang='lat' dir='ltr'><strong>ait.</strong></span> 
     </span>
    </p>
   </div>
   <div class='ocr_carea' id='block_1_36' title="bbox 1942 795 2623 851">
    <p class='ocr_par' dir='ltr' id='par_1_36' title="bbox 1942 795 2623 851">
     <span class='ocr_line' id='line_1_36' title="bbox 1942 795 2623 851; baseline 0.007 -5"><span class='ocrx_word' id='word_1_227' title='bbox 1942 795 2252 849; x_wconf 84' lang='lat' dir='ltr'><strong>actionibus</strong></span> <span class='ocrx_word' id='word_1_228' title='bbox 2274 805 2623 851; x_wconf 77' lang='lat' dir='ltr'><strong>exarserunt.</strong></span> 
     </span>
    </p>
   </div>
   <div class='ocr_carea' id='block_1_37' title="bbox 2018 887 3030 944">
    <p class='ocr_par' dir='ltr' id='par_1_37' title="bbox 2018 887 3030 944">
     <span class='ocr_line' id='line_1_37' title="bbox 2018 887 3030 944; baseline 0.004 -6"><span class='ocrx_word' id='word_1_229' title='bbox 2018 905 2037 938; x_wconf 81' lang='grc' dir='ltr'><strong>ι</strong></span> <span class='ocrx_word' id='word_1_230' title='bbox 2086 888 2141 942; x_wconf 93' lang='lat' dir='ltr'><strong>ln</strong></span> <span class='ocrx_word' id='word_1_231' title='bbox 2168 889 2406 944; x_wconf 87' lang='lat' dir='ltr'><strong>deserto.</strong></span> <span class='ocrx_word' id='word_1_232' title='bbox 2441 907 2458 940; x_wconf 76' lang='grc' dir='ltr'><strong>ι</strong></span> <span class='ocrx_word' id='word_1_233' title='bbox 2494 887 2813 943; x_wconf 88' lang='lat' dir='ltr'><strong>lnhumanis</strong></span> <span class='ocrx_word' id='word_1_234' title='bbox 2837 887 3030 942; x_wconf 90' lang='lat' dir='ltr'><strong>modis.</strong></span> 
     </span>
    </p>
   </div>
   <div class='ocr_carea' id='block_1_38' title="bbox 2015 975 3525 1052">
    <p class='ocr_par' dir='ltr' id='par_1_38' title="bbox 2015 975 3525 1052">
     <span class='ocr_line' id='line_1_38' title="bbox 2015 975 3525 1052; baseline -0.005 -18"><span class='ocrx_word' id='word_1_235' title='bbox 2015 979 2076 1036; x_wconf 84' lang='lat' dir='ltr'><strong>V.</strong></span> <span class='ocrx_word' id='word_1_236' title='bbox 2102 981 2192 1035; x_wconf 75' lang='lat'><strong>20.</strong></span> <span class='ocrx_word' id='word_1_237' title='bbox 2230 999 2248 1033; x_wconf 83' lang='grc' dir='ltr'><strong>ι</strong></span> <span class='ocrx_word' id='word_1_238' title='bbox 2285 981 2524 1052; x_wconf 81' lang='lat' dir='ltr'><strong>Spiritus</strong></span> <span class='ocrx_word' id='word_1_239' title='bbox 2559 981 2672 1036; x_wconf 88' lang='lat' dir='ltr'><strong>oris</strong></span> <span class='ocrx_word' id='word_1_240' title='bbox 2703 979 2897 1035; x_wconf 90' lang='lat' dir='ltr'><strong>nostri.</strong></span> <span class='ocrx_word' id='word_1_241' title='bbox 2939 999 2956 1031; x_wconf 77' lang='grc' dir='ltr'><strong>ι</strong></span> <span class='ocrx_word' id='word_1_242' title='bbox 3010 978 3068 1032; x_wconf 91' lang='lat' dir='ltr'><strong>Id</strong></span> <span class='ocrx_word' id='word_1_243' title='bbox 3119 987 3224 1043; x_wconf 88' lang='lat' dir='ltr'><strong>est,</strong></span> <span class='ocrx_word' id='word_1_244' title='bbox 3257 976 3378 1046; x_wconf 91' lang='lat' dir='ltr'><strong>Ipse</strong></span> <span class='ocrx_word' id='word_1_245' title='bbox 3418 975 3525 1028; x_wconf 72' lang='lat' dir='ltr'><strong>vita</strong></span> 
     </span>
    </p>
   </div>
   <div class='ocr_carea' id='block_1_39' title="bbox 1944 1074 2752 1144">
    <p class='ocr_par' dir='ltr' id='par_1_39' title="bbox 1944 1074 2752 1144">
     <span class='ocr_line' id='line_1_39' title="bbox 1944 1074 2752 1144; baseline 0 -16"><span class='ocrx_word' id='word_1_246' title='bbox 1944 1085 2126 1130; x_wconf 88' lang='lat' dir='ltr'><strong>nostra</strong></span> <span class='ocrx_word' id='word_1_247' title='bbox 2153 1091 2168 1140; x_wconf 91' lang='lat'><strong>;</strong></span> <span class='ocrx_word' id='word_1_248' title='bbox 2202 1074 2314 1144; x_wconf 90' lang='lat' dir='ltr'><strong>ipse</strong></span> <span class='ocrx_word' id='word_1_249' title='bbox 2341 1076 2520 1129; x_wconf 89' lang='lat' dir='ltr'><strong>anima</strong></span> <span class='ocrx_word' id='word_1_250' title='bbox 2545 1083 2752 1130; x_wconf 90' lang='lat' dir='ltr'><strong>nostra.</strong></span> 
     </span>
    </p>
   </div>
   <div class='ocr_carea' id='block_1_40' title="bbox 2015 1164 3524 1238">
    <p class='ocr_par' dir='ltr' id='par_1_40' title="bbox 2015 1164 3524 1238">
     <span class='ocr_line' id='line_1_40' title="bbox 2015 1164 3524 1238; baseline -0.005 -18"><span class='ocrx_word' id='word_1_251' title='bbox 2015 1187 2034 1220; x_wconf 77' lang='grc' dir='ltr'><strong>ι</strong></span> <span class='ocrx_word' id='word_1_252' title='bbox 2071 1168 2275 1237; x_wconf 84' lang='lat' dir='ltr'><strong>Captus</strong></span> <span class='ocrx_word' id='word_1_253' title='bbox 2298 1176 2403 1222; x_wconf 92' lang='lat' dir='ltr'><strong>est.</strong></span> <span class='ocrx_word' id='word_1_254' title='bbox 2449 1186 2466 1218; x_wconf 76' lang='grc' dir='ltr'><strong>ι</strong></span> <span class='ocrx_word' id='word_1_255' title='bbox 2494 1167 2720 1238; x_wconf 80' lang='lat' dir='ltr'><strong>Propter</strong></span> <span class='ocrx_word' id='word_1_256' title='bbox 2746 1166 2894 1222; x_wconf 89' lang='lat' dir='ltr'><strong>enim</strong></span> <span class='ocrx_word' id='word_1_257' title='bbox 2942 1164 3258 1236; x_wconf 83' lang='lat' dir='ltr'><strong>iniquitates</strong></span> <span class='ocrx_word' id='word_1_258' title='bbox 3312 1169 3524 1215; x_wconf 83' lang='lat' dir='ltr'><strong>nostras</strong></span> 
     </span>
    </p>
   </div>
   <div class='ocr_carea' id='block_1_41' title="bbox 1945 1262 2307 1317">
    <p class='ocr_par' dir='ltr' id='par_1_41' title="bbox 1945 1262 2307 1317">
     <span class='ocr_line' id='line_1_41' title="bbox 1945 1262 2307 1317; baseline 0.003 -1"><span class='ocrx_word' id='word_1_259' title='bbox 1945 1262 2174 1317; x_wconf 88' lang='lat' dir='ltr'><strong>traditus</strong></span> <span class='ocrx_word' id='word_1_260' title='bbox 2204 1271 2307 1317; x_wconf 91' lang='lat' dir='ltr'><strong>est.</strong></span> 
     </span>
    </p>
   </div>
   <div class='ocr_carea' id='block_1_42' title="bbox 2017 1345 3526 1425">
    <p class='ocr_par' dir='ltr' id='par_1_42' title="bbox 2017 1345 3526 1425">
     <span class='ocr_line' id='line_1_42' title="bbox 2017 1345 3526 1425; baseline -0.005 -18"><span class='ocrx_word' id='word_1_261' title='bbox 2017 1374 2036 1407; x_wconf 76' lang='grc' dir='ltr'><strong>ι</strong></span> <span class='ocrx_word' id='word_1_262' title='bbox 2077 1354 2150 1409; x_wconf 92' lang='lat' dir='ltr'><strong>De</strong></span> <span class='ocrx_word' id='word_1_263' title='bbox 2181 1370 2291 1425; x_wconf 91' lang='lat' dir='ltr'><strong>quo</strong></span> <span class='ocrx_word' id='word_1_264' title='bbox 2313 1353 2563 1409; x_wconf 78' lang='lat' dir='ltr'><strong>diximus.</strong></span> <span class='ocrx_word' id='word_1_265' title='bbox 2599 1374 2618 1405; x_wconf 74' lang='grc' dir='ltr'><strong>ι</strong></span> <span class='ocrx_word' id='word_1_266' title='bbox 2643 1353 2742 1408; x_wconf 88' lang='lat' dir='ltr'><strong>Cui</strong></span> <span class='ocrx_word' id='word_1_267' title='bbox 2767 1354 3000 1423; x_wconf 79' lang='lat' dir='ltr'><strong>professi</strong></span> <span class='ocrx_word' id='word_1_268' title='bbox 3029 1367 3239 1414; x_wconf 87' lang='lat' dir='ltr'><strong>sumus,</strong></span> <span class='ocrx_word' id='word_1_269' title='bbox 3274 1345 3418 1419; x_wconf 90' lang='lat' dir='ltr'><strong>quod</strong></span> <span class='ocrx_word' id='word_1_270' title='bbox 3459 1346 3526 1400; x_wconf 85' lang='lat' dir='ltr'><strong>ab</strong></span> 
     </span>
    </p>
   </div>
   <div class='ocr_carea' id='block_1_43' title="bbox 1943 1443 3127 1515">
    <p class='ocr_par' dir='ltr' id='par_1_43' title="bbox 1943 1443 3127 1515">
     <span class='ocr_line' id='line_1_43' title="bbox 1943 1443 3127 1515; baseline -0.001 -18"><span class='ocrx_word' id='word_1_271' title='bbox 1943 1444 2062 1514; x_wconf 89' lang='lat' dir='ltr'><strong>ipso</strong></span> <span class='ocrx_word' id='word_1_272' title='bbox 2086 1445 2342 1515; x_wconf 87' lang='lat' dir='ltr'><strong>protecti,</strong></span> <span class='ocrx_word' id='word_1_273' title='bbox 2368 1445 2500 1499; x_wconf 84' lang='lat' dir='ltr'><strong>salvi</strong></span> <span class='ocrx_word' id='word_1_274' title='bbox 2529 1445 2598 1499; x_wconf 91' lang='lat' dir='ltr'><strong>ab</strong></span> <span class='ocrx_word' id='word_1_275' title='bbox 2628 1443 2879 1498; x_wconf 84' lang='lat' dir='ltr'><strong>hostibus</strong></span> <span class='ocrx_word' id='word_1_276' title='bbox 2903 1443 3127 1497; x_wconf 80' lang='lat' dir='ltr'><strong>erimus.</strong></span> 
     </span>
    </p>
   </div>
   <div class='ocr_carea' id='block_1_44' title="bbox 2012 1534 3523 1605">
    <p class='ocr_par' dir='ltr' id='par_1_44' title="bbox 2012 1534 3523 1605">
     <span class='ocr_line' id='line_1_44' title="bbox 2012 1534 3523 1605; baseline -0.002 -16"><span class='ocrx_word' id='word_1_277' title='bbox 2012 1535 2076 1590; x_wconf 84' lang='lat' dir='ltr'><strong>V.</strong></span> <span class='ocrx_word' id='word_1_278' title='bbox 2108 1535 2199 1589; x_wconf 73' lang='grc'><strong>21.</strong></span> <span class='ocrx_word' id='word_1_279' title='bbox 2234 1555 2253 1587; x_wconf 78' lang='grc' dir='ltr'><strong>ι</strong></span> <span class='ocrx_word' id='word_1_280' title='bbox 2285 1535 2474 1590; x_wconf 85' lang='lat' dir='ltr'><strong>Gaude</strong></span> <span class='ocrx_word' id='word_1_281' title='bbox 2493 1547 2547 1590; x_wconf 89' lang='lat' dir='ltr'><strong>et</strong></span> <span class='ocrx_word' id='word_1_282' title='bbox 2595 1537 2800 1590; x_wconf 67' lang='lat' dir='ltr'><strong>lzetarc.</strong></span> <span class='ocrx_word' id='word_1_283' title='bbox 2845 1555 2864 1587; x_wconf 74' lang='grc' dir='ltr'><strong>ο</strong></span> <span class='ocrx_word' id='word_1_284' title='bbox 2899 1534 3131 1589; x_wconf 66' lang='grc' dir='ltr'><strong>Ιιιιιιηαεα</strong></span> <span class='ocrx_word' id='word_1_285' title='bbox 3161 1550 3377 1605; x_wconf 86' lang='lat' dir='ltr'><strong>semper</strong></span> <span class='ocrx_word' id='word_1_286' title='bbox 3426 1551 3523 1601; x_wconf 87' lang='lat' dir='ltr'><strong>pro</strong></span> 
     </span>
    </p>
   </div>
   <div class='ocr_carea' id='block_1_45' title="bbox 1943 1630 2766 1700">
    <p class='ocr_par' dir='ltr' id='par_1_45' title="bbox 1943 1630 2766 1700">
     <span class='ocr_line' id='line_1_45' title="bbox 1943 1630 2766 1700; baseline -0.001 -16"><span class='ocrx_word' id='word_1_287' title='bbox 1943 1637 2218 1684; x_wconf 82' lang='lat' dir='ltr'><strong>vetustate</strong></span> <span class='ocrx_word' id='word_1_288' title='bbox 2246 1630 2455 1699; x_wconf 81' lang='lat' dir='ltr'><strong>peccati</strong></span> <span class='ocrx_word' id='word_1_289' title='bbox 2479 1631 2766 1700; x_wconf 83' lang='lat' dir='ltr'><strong>accipitur.</strong></span> 
     </span>
    </p>
   </div>
   <div class='ocr_carea' id='block_1_46' title="bbox 2018 1718 3525 1789">
    <p class='ocr_par' dir='ltr' id='par_1_46' title="bbox 2018 1718 3525 1789">
     <span class='ocr_line' id='line_1_46' title="bbox 2018 1718 3525 1789; baseline -0.001 -17"><span class='ocrx_word' id='word_1_290' title='bbox 2018 1739 2036 1772; x_wconf 83' lang='grc' dir='ltr'><strong>ι</strong></span> <span class='ocrx_word' id='word_1_291' title='bbox 2075 1718 2252 1774; x_wconf 83' lang='lat' dir='ltr'><strong>Etiam</strong></span> <span class='ocrx_word' id='word_1_292' title='bbox 2308 1735 2476 1789; x_wconf 88' lang='lat' dir='ltr'><strong>super</strong></span> <span class='ocrx_word' id='word_1_293' title='bbox 2537 1730 2588 1775; x_wconf 88' lang='lat' dir='ltr'><strong>te</strong></span> <span class='ocrx_word' id='word_1_294' title='bbox 2641 1721 2896 1775; x_wconf 85' lang='lat' dir='ltr'><strong>transibit</strong></span> <span class='ocrx_word' id='word_1_295' title='bbox 2921 1721 3058 1775; x_wconf 79' lang='lat' dir='ltr'><strong>calix</strong></span> <span class='ocrx_word' id='word_1_296' title='bbox 3096 1718 3331 1773; x_wconf 88' lang='lat' dir='ltr'><strong>Domini.</strong></span> <span class='ocrx_word' id='word_1_297' title='bbox 3369 1737 3386 1768; x_wconf 77' lang='grc' dir='ltr'><strong>ι</strong></span> <span class='ocrx_word' id='word_1_298' title='bbox 3423 1718 3525 1771; x_wconf 83' lang='lat' dir='ltr'><strong>Ve-</strong></span> 
     </span>
    </p>
   </div>
   <div class='ocr_carea' id='block_1_47' title="bbox 1941 1811 3525 1883">
    <p class='ocr_par' dir='ltr' id='par_1_47' title="bbox 1941 1811 3525 1883">
     <span class='ocr_line' id='line_1_47' title="bbox 1941 1811 3525 1883; baseline -0.003 -16"><span class='ocrx_word' id='word_1_299' title='bbox 1941 1812 2129 1868; x_wconf 86' lang='lat' dir='ltr'><strong>tustati</strong></span> <span class='ocrx_word' id='word_1_300' title='bbox 2162 1813 2370 1882; x_wconf 83' lang='lat' dir='ltr'><strong>peccati</strong></span> <span class='ocrx_word' id='word_1_301' title='bbox 2398 1813 2730 1883; x_wconf 73' lang='lat' dir='ltr'><strong>praenuntiat</strong></span> <span class='ocrx_word' id='word_1_302' title='bbox 2777 1814 3042 1883; x_wconf 86' lang='lat' dir='ltr'><strong>propheta</strong></span> <span class='ocrx_word' id='word_1_303' title='bbox 3073 1813 3320 1876; x_wconf 89' lang='lat' dir='ltr'><strong>calicem,</strong></span> <span class='ocrx_word' id='word_1_304' title='bbox 3360 1811 3414 1865; x_wconf 88' lang='lat' dir='ltr'><strong>id</strong></span> <span class='ocrx_word' id='word_1_305' title='bbox 3443 1819 3525 1864; x_wconf 89' lang='lat' dir='ltr'><strong>est</strong></span> 
     </span>
    </p>
   </div>
   <div class='ocr_carea' id='block_1_48' title="bbox 1941 1904 3522 1975">
    <p class='ocr_par' dir='ltr' id='par_1_48' title="bbox 1941 1904 3522 1975">
     <span class='ocr_line' id='line_1_48' title="bbox 1941 1904 3522 1975; baseline -0.004 -15"><span class='ocrx_word' id='word_1_306' title='bbox 1941 1906 2060 1975; x_wconf 85' lang='lat' dir='ltr'><strong>ejus</strong></span> <span class='ocrx_word' id='word_1_307' title='bbox 2083 1921 2178 1975; x_wconf 92' lang='lat' dir='ltr'><strong>per</strong></span> <span class='ocrx_word' id='word_1_308' title='bbox 2205 1921 2424 1962; x_wconf 88' lang='lat' dir='ltr'><strong>crucem</strong></span> <span class='ocrx_word' id='word_1_309' title='bbox 2470 1907 2787 1970; x_wconf 84' lang='lat' dir='ltr'><strong>interitum;</strong></span> <span class='ocrx_word' id='word_1_310' title='bbox 2833 1905 2908 1960; x_wconf 87' lang='lat' dir='ltr'><strong>ita</strong></span> <span class='ocrx_word' id='word_1_311' title='bbox 2946 1913 3004 1959; x_wconf 91' lang='lat' dir='ltr'><strong>ut</strong></span> <span class='ocrx_word' id='word_1_312' title='bbox 3053 1920 3151 1975; x_wconf 91' lang='lat' dir='ltr'><strong>per</strong></span> <span class='ocrx_word' id='word_1_313' title='bbox 3204 1904 3522 1960; x_wconf 87' lang='lat' dir='ltr'><strong>ebrietatem</strong></span> 
     </span>
    </p>
   </div>
   <div class='ocr_carea' id='block_1_49' title="bbox 1941 1992 3522 2066">
    <p class='ocr_par' dir='ltr' id='par_1_49' title="bbox 1941 1992 3522 2066">
     <span class='ocr_line' id='line_1_49' title="bbox 1941 1992 3522 2066; baseline -0.004 -16"><span class='ocrx_word' id='word_1_314' title='bbox 1941 2005 1998 2050; x_wconf 92' lang='lat' dir='ltr'><strong>et</strong></span> <span class='ocrx_word' id='word_1_315' title='bbox 2045 2011 2231 2051; x_wconf 88' lang='lat' dir='ltr'><strong>casum</strong></span> <span class='ocrx_word' id='word_1_316' title='bbox 2254 2037 2268 2062; x_wconf 89' lang='lat'><strong>,</strong></span> <span class='ocrx_word' id='word_1_317' title='bbox 2300 1996 2521 2066; x_wconf 90' lang='lat' dir='ltr'><strong>penitus</strong></span> <span class='ocrx_word' id='word_1_318' title='bbox 2554 1996 2719 2050; x_wconf 89' lang='lat' dir='ltr'><strong>etiam</strong></span> <span class='ocrx_word' id='word_1_319' title='bbox 2744 1994 2890 2049; x_wconf 88' lang='lat' dir='ltr'><strong>illius</strong></span> <span class='ocrx_word' id='word_1_320' title='bbox 2923 1994 3081 2048; x_wconf 90' lang='lat' dir='ltr'><strong>ruina</strong></span> <span class='ocrx_word' id='word_1_321' title='bbox 3105 2009 3270 2063; x_wconf 83' lang='lat' dir='ltr'><strong>supra</strong></span> <span class='ocrx_word' id='word_1_322' title='bbox 3305 1992 3522 2046; x_wconf 89' lang='lat' dir='ltr'><strong>modum</strong></span> 
     </span>
    </p>
   </div>
   <div class='ocr_carea' id='block_1_50' title="bbox 1942 2084 3525 2159">
    <p class='ocr_par' dir='ltr' id='par_1_50' title="bbox 1942 2084 3525 2159">
     <span class='ocr_line' id='line_1_50' title="bbox 1942 2084 3525 2159; baseline -0.004 -15"><span class='ocrx_word' id='word_1_323' title='bbox 1942 2090 2287 2145; x_wconf 81' lang='lat' dir='ltr'><strong>extendatur.</strong></span> <span class='ocrx_word' id='word_1_324' title='bbox 2321 2089 2436 2146; x_wconf 81' lang='lat' dir='ltr'><strong>Vox</strong></span> <span class='ocrx_word' id='word_1_325' title='bbox 2462 2089 2610 2145; x_wconf 89' lang='lat' dir='ltr'><strong>enim</strong></span> <span class='ocrx_word' id='word_1_326' title='bbox 2642 2089 2890 2159; x_wconf 75' lang='lat' dir='ltr'><strong>eﬂ&#39;undes,</strong></span> <span class='ocrx_word' id='word_1_327' title='bbox 2925 2098 3188 2144; x_wconf 63' lang='lat' dir='ltr'><strong>aeternam</strong></span> <span class='ocrx_word' id='word_1_328' title='bbox 3226 2085 3342 2141; x_wconf 78' lang='lat' dir='ltr'><strong>fore</strong></span> <span class='ocrx_word' id='word_1_329' title='bbox 3380 2084 3525 2138; x_wconf 90' lang='lat' dir='ltr'><strong>illius</strong></span> 
     </span>
    </p>
   </div>
   <div class='ocr_carea' id='block_1_51' title="bbox 1941 2179 3522 2253">
    <p class='ocr_par' dir='ltr' id='par_1_51' title="bbox 1941 2179 3522 2253">
     <span class='ocr_line' id='line_1_51' title="bbox 1941 2179 3522 2253; baseline -0.004 -15"><span class='ocrx_word' id='word_1_330' title='bbox 1941 2182 2284 2238; x_wconf 85' lang='lat' dir='ltr'><strong>eversionem</strong></span> <span class='ocrx_word' id='word_1_331' title='bbox 2318 2181 2618 2253; x_wconf 74' lang='lat' dir='ltr'><strong>signiﬁcat:</strong></span> <span class='ocrx_word' id='word_1_332' title='bbox 2651 2181 2783 2238; x_wconf 74' lang='lat' dir='ltr'><strong>Cum</strong></span> <span class='ocrx_word' id='word_1_333' title='bbox 2803 2191 2858 2237; x_wconf 77' lang='lat' dir='ltr'><strong>et</strong></span> <span class='ocrx_word' id='word_1_334' title='bbox 2889 2199 3030 2237; x_wconf 73' lang='lat' dir='ltr'><strong>mors</strong></span> <span class='ocrx_word' id='word_1_335' title='bbox 3066 2181 3258 2237; x_wconf 78' lang='lat' dir='ltr'><strong>ultima</strong></span> <span class='ocrx_word' id='word_1_336' title='bbox 3304 2179 3522 2233; x_wconf 76' lang='lat' dir='ltr'><strong>inimica</strong></span> 
     </span>
    </p>
   </div>
   <div class='ocr_carea' id='block_1_52' title="bbox 1939 2271 2332 2327">
    <p class='ocr_par' dir='ltr' id='par_1_52' title="bbox 1939 2271 2332 2327">
     <span class='ocr_line' id='line_1_52' title="bbox 1939 2271 2332 2327; baseline -0.003 0"><span class='ocrx_word' id='word_1_337' title='bbox 1939 2273 2238 2327; x_wconf 72' lang='lat' dir='ltr'><strong>destruetur</strong></span> <span class='ocrx_word' id='word_1_338' title='bbox 2263 2271 2332 2326; x_wconf 84' lang='grc'><strong>⁸⁸.</strong></span> 
     </span>
    </p>
   </div>
   <div class='ocr_carea' id='block_1_53' title="bbox 2013 2488 3523 2563">
    <p class='ocr_par' dir='ltr' id='par_1_53' title="bbox 2013 2488 3523 2563">
     <span class='ocr_line' id='line_1_53' title="bbox 2013 2488 3523 2563; baseline 0.001 -19"><span class='ocrx_word' id='word_1_339' title='bbox 2013 2488 2076 2546; x_wconf 80' lang='grc' dir='ltr'><strong>ν.</strong></span> <span class='ocrx_word' id='word_1_340' title='bbox 2103 2489 2193 2545; x_wconf 68' lang='grc' dir='ltr'><strong>εε.</strong></span> <span class='ocrx_word' id='word_1_341' title='bbox 2230 2513 2248 2543; x_wconf 76' lang='grc' dir='ltr'><strong>ι</strong></span> <span class='ocrx_word' id='word_1_342' title='bbox 2289 2489 2497 2547; x_wconf 77' lang='lat' dir='ltr'><strong>Deiecit</strong></span> <span class='ocrx_word' id='word_1_343' title='bbox 2529 2491 2794 2563; x_wconf 86' lang='lat' dir='ltr'><strong>iniquitas</strong></span> <span class='ocrx_word' id='word_1_344' title='bbox 2823 2503 2937 2551; x_wconf 92' lang='lat' dir='ltr'><strong>tua.</strong></span> <span class='ocrx_word' id='word_1_345' title='bbox 2974 2511 2994 2546; x_wconf 69' lang='grc' dir='ltr'><strong>ι</strong></span> <span class='ocrx_word' id='word_1_346' title='bbox 3015 2491 3121 2548; x_wconf 85' lang='lat' dir='ltr'><strong>Per</strong></span> <span class='ocrx_word' id='word_1_347' title='bbox 3153 2499 3386 2547; x_wconf 87' lang='lat' dir='ltr'><strong>mortem</strong></span> <span class='ocrx_word' id='word_1_348' title='bbox 3418 2490 3523 2546; x_wconf 87' lang='lat' dir='ltr'><strong>Do-</strong></span> 
     </span>
    </p>
   </div>
   <div class='ocr_carea' id='block_1_54' title="bbox 1940 2581 2689 2639">
    <p class='ocr_par' dir='ltr' id='par_1_54' title="bbox 1940 2581 2689 2639">
     <span class='ocr_line' id='line_1_54' title="bbox 1940 2581 2689 2639; baseline 0.001 -1"><span class='ocrx_word' id='word_1_349' title='bbox 1940 2581 2076 2638; x_wconf 90' lang='lat' dir='ltr'><strong>mini</strong></span> <span class='ocrx_word' id='word_1_350' title='bbox 2108 2582 2412 2637; x_wconf 89' lang='lat' dir='ltr'><strong>secundum</strong></span> <span class='ocrx_word' id='word_1_351' title='bbox 2446 2599 2689 2639; x_wconf 90' lang='lat' dir='ltr'><strong>carnem.</strong></span> 
     </span>
    </p>
   </div>
   <div class='ocr_carea' id='block_1_55' title="bbox 2020 2671 3519 2747">
    <p class='ocr_par' dir='ltr' id='par_1_55' title="bbox 2020 2671 3519 2747">
     <span class='ocr_line' id='line_1_55' title="bbox 2020 2671 3519 2747; baseline 0.003 -23"><span class='ocrx_word' id='word_1_352' title='bbox 2020 2692 2037 2724; x_wconf 90' lang='grc'><em>‹</em></span> <span class='ocrx_word' id='word_1_353' title='bbox 2065 2671 2182 2728; x_wconf 84' lang='grc' dir='ltr'><strong>Νοιι</strong></span> <span class='ocrx_word' id='word_1_354' title='bbox 2204 2674 2444 2744; x_wconf 86' lang='lat' dir='ltr'><strong>adjiciet.</strong></span> <span class='ocrx_word' id='word_1_355' title='bbox 2485 2693 2504 2726; x_wconf 83' lang='grc'><strong>›</strong></span> <span class='ocrx_word' id='word_1_356' title='bbox 2553 2675 2667 2730; x_wconf 91' lang='lat' dir='ltr'><strong>lloc</strong></span> <span class='ocrx_word' id='word_1_357' title='bbox 2698 2691 2824 2731; x_wconf 91' lang='lat' dir='ltr'><strong>cum</strong></span> <span class='ocrx_word' id='word_1_358' title='bbox 2847 2674 3075 2731; x_wconf 84' lang='lat' dir='ltr'><strong>historia</strong></span> <span class='ocrx_word' id='word_1_359' title='bbox 3108 2691 3222 2732; x_wconf 90' lang='lat' dir='ltr'><strong>non</strong></span> <span class='ocrx_word' id='word_1_360' title='bbox 3247 2677 3519 2747; x_wconf 79' lang='lat' dir='ltr'><strong>congruit,</strong></span> 
     </span>
    </p>
   </div>
   <div class='ocr_carea' id='block_1_56' title="bbox 1942 2765 3521 2839">
    <p class='ocr_par' dir='ltr' id='par_1_56' title="bbox 1942 2765 3521 2839">
     <span class='ocr_line' id='line_1_56' title="bbox 1942 2765 3521 2839; baseline 0.003 -20"><span class='ocrx_word' id='word_1_361' title='bbox 1942 2781 2175 2835; x_wconf 87' lang='lat' dir='ltr'><strong>namque</strong></span> <span class='ocrx_word' id='word_1_362' title='bbox 2210 2776 2332 2836; x_wconf 90' lang='lat' dir='ltr'><strong>post</strong></span> <span class='ocrx_word' id='word_1_363' title='bbox 2357 2765 2683 2838; x_wconf 82' lang='lat' dir='ltr'><strong>Babylonios</strong></span> <span class='ocrx_word' id='word_1_364' title='bbox 2713 2768 2911 2822; x_wconf 89' lang='lat' dir='ltr'><strong>iterum</strong></span> <span class='ocrx_word' id='word_1_365' title='bbox 2942 2784 2971 2822; x_wconf 89' lang='lat' dir='ltr'><strong>a</strong></span> <span class='ocrx_word' id='word_1_366' title='bbox 2997 2768 3262 2823; x_wconf 84' lang='lat' dir='ltr'><strong>Romanis</strong></span> <span class='ocrx_word' id='word_1_367' title='bbox 3283 2768 3521 2839; x_wconf 79' lang='lat' dir='ltr'><strong>dispersi</strong></span> 
     </span>
    </p>
   </div>
   <div class='ocr_carea' id='block_1_57' title="bbox 1940 2857 3522 2930">
    <p class='ocr_par' dir='ltr' id='par_1_57' title="bbox 1940 2857 3522 2930">
     <span class='ocr_line' id='line_1_57' title="bbox 1940 2857 3522 2930; baseline 0.001 -21"><span class='ocrx_word' id='word_1_368' title='bbox 1940 2867 2087 2920; x_wconf 83' lang='lat' dir='ltr'><strong>sunt,</strong></span> <span class='ocrx_word' id='word_1_369' title='bbox 2119 2868 2175 2910; x_wconf 90' lang='lat' dir='ltr'><strong>et</strong></span> <span class='ocrx_word' id='word_1_370' title='bbox 2218 2858 2286 2911; x_wconf 88' lang='lat' dir='ltr'><strong>ad</strong></span> <span class='ocrx_word' id='word_1_371' title='bbox 2340 2857 2456 2912; x_wconf 61' lang='lat' dir='ltr'><strong>haec</strong></span> <span class='ocrx_word' id='word_1_372' title='bbox 2505 2874 2676 2928; x_wconf 89' lang='lat' dir='ltr'><strong>usque</strong></span> <span class='ocrx_word' id='word_1_373' title='bbox 2716 2867 2958 2929; x_wconf 86' lang='lat' dir='ltr'><strong>tempora</strong></span> <span class='ocrx_word' id='word_1_374' title='bbox 3021 2868 3302 2930; x_wconf 79' lang='lat' dir='ltr'><strong>vagantur.</strong></span> <span class='ocrx_word' id='word_1_375' title='bbox 3355 2859 3522 2930; x_wconf 85' lang='lat' dir='ltr'><strong>Igitur</strong></span> 
     </span>
    </p>
   </div>
   <div class='ocr_carea' id='block_1_58' title="bbox 1940 2948 3522 3020">
    <p class='ocr_par' dir='ltr' id='par_1_58' title="bbox 1940 2948 3522 3020">
     <span class='ocr_line' id='line_1_58' title="bbox 1940 2948 3522 3020; baseline 0.002 -19"><span class='ocrx_word' id='word_1_376' title='bbox 1940 2949 2226 3020; x_wconf 76' lang='lat' dir='ltr'><strong>intelliges,</strong></span> <span class='ocrx_word' id='word_1_377' title='bbox 2262 2948 2361 3020; x_wconf 88' lang='lat' dir='ltr'><strong>legi</strong></span> <span class='ocrx_word' id='word_1_378' title='bbox 2399 2949 2617 3018; x_wconf 86' lang='lat' dir='ltr'><strong>quidem</strong></span> <span class='ocrx_word' id='word_1_379' title='bbox 2644 2950 3048 3006; x_wconf 88' lang='lat' dir='ltr'><strong>successionem</strong></span> <span class='ocrx_word' id='word_1_380' title='bbox 3082 2951 3288 3017; x_wconf 81' lang='lat' dir='ltr'><strong>datam,</strong></span> <span class='ocrx_word' id='word_1_381' title='bbox 3317 2959 3374 3004; x_wconf 89' lang='lat' dir='ltr'><strong>at</strong></span> <span class='ocrx_word' id='word_1_382' title='bbox 3397 2966 3522 3019; x_wconf 85' lang='lat' dir='ltr'><strong>gra-</strong></span> 
     </span>
    </p>
   </div>
   <div class='ocr_carea' id='block_1_59' title="bbox 1941 3041 2644 3097">
    <p class='ocr_par' dir='ltr' id='par_1_59' title="bbox 1941 3041 2644 3097">
     <span class='ocr_line' id='line_1_59' title="bbox 1941 3041 2644 3097; baseline 0 -1"><span class='ocrx_word' id='word_1_383' title='bbox 1941 3041 2028 3096; x_wconf 66' lang='lat' dir='ltr'><strong>tia:</strong></span> <span class='ocrx_word' id='word_1_384' title='bbox 2063 3042 2226 3096; x_wconf 86' lang='lat' dir='ltr'><strong>linem</strong></span> <span class='ocrx_word' id='word_1_385' title='bbox 2265 3041 2475 3097; x_wconf 91' lang='lat' dir='ltr'><strong>nullum</strong></span> <span class='ocrx_word' id='word_1_386' title='bbox 2508 3042 2644 3097; x_wconf 88' lang='lat' dir='ltr'><strong>l&#39;orc.</strong></span> 
     </span>
    </p>
   </div>
   <div class='ocr_carea' id='block_1_60' title="bbox 2019 3132 3521 3202">
    <p class='ocr_par' dir='ltr' id='par_1_60' title="bbox 2019 3132 3521 3202">
     <span class='ocr_line' id='line_1_60' title="bbox 2019 3132 3521 3202; baseline 0.001 -18"><span class='ocrx_word' id='word_1_387' title='bbox 2019 3152 2035 3184; x_wconf 73' lang='grc' dir='ltr'>ί</span> <span class='ocrx_word' id='word_1_388' title='bbox 2077 3132 2328 3186; x_wconf 83' lang='lat' dir='ltr'><strong>Visitavit</strong></span> <span class='ocrx_word' id='word_1_389' title='bbox 2379 3133 2694 3202; x_wconf 87' lang='lat' dir='ltr'><strong>iniquitates</strong></span> <span class='ocrx_word' id='word_1_390' title='bbox 2749 3142 2889 3187; x_wconf 89' lang='lat' dir='ltr'><strong>tuas.</strong></span> <span class='ocrx_word' id='word_1_391' title='bbox 2923 3152 2941 3184; x_wconf 72' lang='grc' dir='ltr'><strong>ι</strong></span> <span class='ocrx_word' id='word_1_392' title='bbox 2998 3133 3129 3198; x_wconf 66' lang='lat' dir='ltr'><strong>Quae</strong></span> <span class='ocrx_word' id='word_1_393' title='bbox 3161 3133 3215 3186; x_wconf 92' lang='lat' dir='ltr'><strong>in</strong></span> <span class='ocrx_word' id='word_1_394' title='bbox 3252 3141 3521 3186; x_wconf 85' lang='lat' dir='ltr'><strong>vetustate</strong></span> 
     </span>
    </p>
   </div>
   <div class='ocr_carea' id='block_1_61' title="bbox 249 3193 1839 3296">
    <p class='ocr_par' dir='ltr' id='par_1_61' title="bbox 249 3193 1828 3292">
     <span class='ocr_line' id='line_1_61' title="bbox 249 3193 1828 3292; baseline 0.009 -49"><span class='ocrx_word' id='word_1_395' title='bbox 249 3193 349 3292; x_wconf 70' lang='grc' dir='ltr'><strong>τής</strong></span> <span class='ocrx_word' id='word_1_396' title='bbox 386 3195 661 3265; x_wconf 85' lang='grc' dir='ltr'><strong>ἁμαρτίας</strong></span> <span class='ocrx_word' id='word_1_397' title='bbox 689 3195 857 3249; x_wconf 84' lang='grc' dir='ltr'><strong>πάλαι</strong></span> <span class='ocrx_word' id='word_1_398' title='bbox 880 3199 1224 3268; x_wconf 80' lang='grc' dir='ltr'><strong>πεφυρμένη,</strong></span> <span class='ocrx_word' id='word_1_399' title='bbox 1258 3200 1353 3253; x_wconf 78' lang='grc' dir='ltr'><strong>καὶ</strong></span> <span class='ocrx_word' id='word_1_400' title='bbox 1378 3201 1456 3271; x_wconf 80' lang='grc' dir='ltr'><strong>τῷ</strong></span> <span class='ocrx_word' id='word_1_401' title='bbox 1477 3203 1701 3274; x_wconf 84' lang='grc' dir='ltr'><strong>ὀνόματι</strong></span> <span class='ocrx_word' id='word_1_402' title='bbox 1733 3206 1828 3259; x_wconf 81' lang='grc' dir='ltr'><strong>αύ-</strong></span> 
     </span>
    </p>
   </div>
   <div class='ocr_carea' id='block_1_62' title="bbox 1940 3193 3516 3296">
    <p class='ocr_par' dir='ltr' id='par_1_62' title="bbox 1940 3224 3516 3296">
     <span class='ocr_line' id='line_1_62' title="bbox 1940 3224 3516 3296; baseline -0.001 -18"><span class='ocrx_word' id='word_1_403' title='bbox 1940 3227 2142 3294; x_wconf 87' lang='lat' dir='ltr'><strong>pcccati</strong></span> <span class='ocrx_word' id='word_1_404' title='bbox 2173 3224 2302 3280; x_wconf 91' lang='lat' dir='ltr'><strong>olim</strong></span> <span class='ocrx_word' id='word_1_405' title='bbox 2338 3225 2640 3294; x_wconf 86' lang='lat' dir='ltr'><strong>inquinata.</strong></span> <span class='ocrx_word' id='word_1_406' title='bbox 2675 3226 3007 3296; x_wconf 76' lang='lat' dir='ltr'><strong>nominaque</strong></span> <span class='ocrx_word' id='word_1_407' title='bbox 3041 3225 3186 3280; x_wconf 88' lang='lat' dir='ltr'><strong>illius</strong></span> <span class='ocrx_word' id='word_1_408' title='bbox 3215 3236 3403 3280; x_wconf 82' lang='lat' dir='ltr'><strong>vocata</strong></span> <span class='ocrx_word' id='word_1_409' title='bbox 3439 3238 3516 3278; x_wconf 80' lang='lat' dir='ltr'><strong>es.</strong></span> 
     </span>
    </p>
   </div>
   <div class='ocr_carea' id='block_1_63' title="bbox 249 3282 717 3356">
    <p class='ocr_par' dir='ltr' id='par_1_63' title="bbox 249 3282 717 3356">
     <span class='ocr_line' id='line_1_63' title="bbox 249 3282 717 3356; baseline 0.011 -23"><span class='ocrx_word' id='word_1_410' title='bbox 249 3282 351 3350; x_wconf 78' lang='grc' dir='ltr'><strong>τῆς</strong></span> <span class='ocrx_word' id='word_1_411' title='bbox 383 3285 717 3356; x_wconf 76' lang='grc' dir='ltr'><strong>κεκλημένη.</strong></span> 
     </span>
    </p>
   </div>
   <div class='ocr_carea' id='block_1_64' title="bbox 890 3380 1192 3435">
    <p class='ocr_par' dir='ltr' id='par_1_64' title="bbox 890 3380 1192 3435">
     <span class='ocr_line' id='line_1_64' title="bbox 890 3380 1192 3435; baseline 0.013 -4"><span class='ocrx_word' id='word_1_412' title='bbox 890 3380 1046 3434; x_wconf 77' lang='grc' dir='ltr'><strong>ΚΕΦ.</strong></span> <span class='ocrx_word' id='word_1_413' title='bbox 1117 3381 1192 3435; x_wconf 87' lang='grc' dir='ltr'><strong>Ε’.</strong></span> 
     </span>
    </p>
   </div>
   <div class='ocr_carea' id='block_1_65' title="bbox 329 3467 1836 3544">
    <p class='ocr_par' dir='ltr' id='par_1_65' title="bbox 329 3467 1836 3544">
     <span class='ocr_line' id='line_1_65' title="bbox 329 3467 1836 3544; baseline 0.009 -29"><span class='ocrx_word' id='word_1_414' title='bbox 329 3489 347 3515; x_wconf 70' lang='grc' dir='ltr'>ς</span> <span class='ocrx_word' id='word_1_415' title='bbox 385 3467 733 3537; x_wconf 74' lang='grc' dir='ltr'><strong>κληρονομία</strong></span> <span class='ocrx_word' id='word_1_416' title='bbox 765 3470 943 3538; x_wconf 86' lang='grc' dir='ltr'><strong>ήμῶν.</strong></span> <span class='ocrx_word' id='word_1_417' title='bbox 989 3490 1007 3522; x_wconf 74' lang='grc' dir='ltr'><strong>ι</strong></span> <span class='ocrx_word' id='word_1_418' title='bbox 1058 3470 1212 3524; x_wconf 84' lang='grc' dir='ltr'><strong>Μετά</strong></span> <span class='ocrx_word' id='word_1_419' title='bbox 1257 3473 1358 3543; x_wconf 85' lang='grc' dir='ltr'><strong>τὴν</strong></span> <span class='ocrx_word' id='word_1_420' title='bbox 1405 3474 1645 3544; x_wconf 78' lang='grc' dir='ltr'><strong>ἱστορίαν</strong></span> <span class='ocrx_word' id='word_1_421' title='bbox 1691 3473 1836 3528; x_wconf 78' lang='grc' dir='ltr'><strong>οὕτω</strong></span> 
     </span>
    </p>
   </div>
   <div class='ocr_carea' id='block_1_66' title="bbox 256 3557 1835 3639">
    <p class='ocr_par' dir='ltr' id='par_1_66' title="bbox 256 3557 1835 3639">
     <span class='ocr_line' id='line_1_66' title="bbox 256 3557 1835 3639; baseline 0.008 -30"><span class='ocrx_word' id='word_1_422' title='bbox 256 3559 393 3609; x_wconf 82' lang='grc' dir='ltr'><strong>νόει·</strong></span> <span class='ocrx_word' id='word_1_423' title='bbox 435 3557 496 3611; x_wconf 81' lang='grc' dir='ltr'><em>Ἢ</em></span> <span class='ocrx_word' id='word_1_424' title='bbox 528 3560 672 3612; x_wconf 86' lang='grc' dir='ltr'><strong>κατά</strong></span> <span class='ocrx_word' id='word_1_425' title='bbox 693 3559 856 3628; x_wconf 84' lang='grc' dir='ltr'><strong>φύσιν</strong></span> <span class='ocrx_word' id='word_1_426' title='bbox 886 3562 1171 3633; x_wconf 88' lang='grc' dir='ltr'><strong>ἐλευθερία</strong></span> <span class='ocrx_word' id='word_1_427' title='bbox 1215 3565 1530 3637; x_wconf 82' lang='grc' dir='ltr'><strong>ὑποχείριος</strong></span> <span class='ocrx_word' id='word_1_428' title='bbox 1554 3568 1745 3636; x_wconf 76' lang='grc' dir='ltr'><strong>γέγονε</strong></span> <span class='ocrx_word' id='word_1_429' title='bbox 1769 3571 1835 3639; x_wconf 74' lang='grc' dir='ltr'><strong>τῇ</strong></span> 
     </span>
    </p>
   </div>
   <div class='ocr_carea' id='block_1_67' title="bbox 249 3650 1703 3732">
    <p class='ocr_par' dir='ltr' id='par_1_67' title="bbox 249 3650 1703 3732">
     <span class='ocr_line' id='line_1_67' title="bbox 249 3650 1703 3732; baseline 0.005 -30"><span class='ocrx_word' id='word_1_430' title='bbox 249 3650 503 3719; x_wconf 79' lang='grc' dir='ltr'><strong>ἁμαρτίᾳ</strong></span> <span class='ocrx_word' id='word_1_431' title='bbox 535 3651 622 3704; x_wconf 84' lang='grc' dir='ltr'><strong>διὰ</strong></span> <span class='ocrx_word' id='word_1_432' title='bbox 653 3653 751 3722; x_wconf 81' lang='grc' dir='ltr'><strong>τὴν</strong></span> <span class='ocrx_word' id='word_1_433' title='bbox 770 3657 1052 3726; x_wconf 79' lang='grc' dir='ltr'><strong>παρακοήν</strong></span> <span class='ocrx_word' id='word_1_434' title='bbox 1086 3655 1187 3726; x_wconf 77' lang='grc' dir='ltr'><strong>τὴν</strong></span> <span class='ocrx_word' id='word_1_435' title='bbox 1225 3657 1289 3710; x_wconf 80' lang='grc' dir='ltr'><strong>ὲκ</strong></span> <span class='ocrx_word' id='word_1_436' title='bbox 1324 3662 1703 3732; x_wconf 82' lang='grc' dir='ltr'><strong>προαιρέσεως</strong></span> 
     </span>
    </p>
   </div>
   <div class='ocr_carea' id='block_1_68' title="bbox 331 3745 1833 3823">
    <p class='ocr_par' dir='ltr' id='par_1_68' title="bbox 331 3745 1833 3823">
     <span class='ocr_line' id='line_1_68' title="bbox 331 3745 1833 3823; baseline 0.011 -29"><span class='ocrx_word' id='word_1_437' title='bbox 331 3763 349 3794; x_wconf 80' lang='grc' dir='ltr'><strong>ι</strong></span> <span class='ocrx_word' id='word_1_438' title='bbox 397 3745 460 3796; x_wconf 80' lang='grc' dir='ltr'><strong>(η</strong></span> <span class='ocrx_word' id='word_1_439' title='bbox 517 3745 658 3798; x_wconf 85' lang='grc' dir='ltr'><strong>οίκοι</strong></span> <span class='ocrx_word' id='word_1_440' title='bbox 706 3747 882 3818; x_wconf 87' lang='grc' dir='ltr'><strong>ήμῶν.</strong></span> <span class='ocrx_word' id='word_1_441' title='bbox 934 3768 952 3799; x_wconf 71' lang='grc' dir='ltr'><strong>ι</strong></span> <span class='ocrx_word' id='word_1_442' title='bbox 1009 3750 1081 3803; x_wconf 77' lang='grc' dir='ltr'><em>Ἣ</em></span> <span class='ocrx_word' id='word_1_443' title='bbox 1140 3750 1251 3803; x_wconf 88' lang='grc' dir='ltr'><strong>τῶν</strong></span> <span class='ocrx_word' id='word_1_444' title='bbox 1301 3752 1686 3823; x_wconf 82' lang='grc' dir='ltr'><strong>δικαιωμάτων</strong></span> <span class='ocrx_word' id='word_1_445' title='bbox 1718 3755 1833 3810; x_wconf 85' lang='grc' dir='ltr'><strong>δια-</strong></span> 
     </span>
    </p>
   </div>
   <div class='ocr_carea' id='block_1_69' title="bbox 251 3835 1838 3918">
    <p class='ocr_par' dir='ltr' id='par_1_69' title="bbox 251 3835 1838 3918">
     <span class='ocr_line' id='line_1_69' title="bbox 251 3835 1838 3918; baseline 0.011 -34"><span class='ocrx_word' id='word_1_446' title='bbox 251 3837 414 3904; x_wconf 78' lang='grc' dir='ltr'><strong>νομή.</strong></span> <span class='ocrx_word' id='word_1_447' title='bbox 477 3835 708 3890; x_wconf 82' lang='grc' dir='ltr'><strong>Συλᾶται</strong></span> <span class='ocrx_word' id='word_1_448' title='bbox 771 3838 880 3910; x_wconf 77' lang='grc' dir='ltr'><strong>γὰρ</strong></span> <span class='ocrx_word' id='word_1_449' title='bbox 932 3839 1038 3894; x_wconf 81' lang='grc' dir='ltr'><strong>ὑπὸ</strong></span> <span class='ocrx_word' id='word_1_450' title='bbox 1092 3841 1186 3894; x_wconf 85' lang='grc' dir='ltr'><strong>τοῦ</strong></span> <span class='ocrx_word' id='word_1_451' title='bbox 1255 3843 1451 3913; x_wconf 78' lang='grc' dir='ltr'><strong>ἐχθροῦ</strong></span> <span class='ocrx_word' id='word_1_452' title='bbox 1509 3848 1538 3899; x_wconf 90' lang='grc' dir='ltr'><strong>ό</strong></span> <span class='ocrx_word' id='word_1_453' title='bbox 1598 3847 1838 3918; x_wconf 82' lang='grc' dir='ltr'><strong>ὑπήκοος</strong></span> 
     </span>
    </p>
   </div>
   <div class='ocr_carea' id='block_1_70' title="bbox 250 3945 425 3998">
    <p class='ocr_par' dir='ltr' id='par_1_70' title="bbox 250 3945 425 3998">
     <span class='ocr_line' id='line_1_70' title="bbox 250 3945 425 3998; baseline 0 -19"><span class='ocrx_word' id='word_1_454' title='bbox 250 3945 425 3998; x_wconf 77' lang='grc' dir='ltr'><strong>αυτῳ.</strong></span> 
     </span>
    </p>
   </div>
   <div class='ocr_carea' id='block_1_71' title="bbox 335 4020 1837 4099">
    <p class='ocr_par' dir='ltr' id='par_1_71' title="bbox 335 4020 1837 4099">
     <span class='ocr_line' id='line_1_71' title="bbox 335 4020 1837 4099; baseline 0.013 -30"><span class='ocrx_word' id='word_1_455' title='bbox 335 4040 351 4068; x_wconf 83' lang='grc'><em>‹</em></span> <span class='ocrx_word' id='word_1_456' title='bbox 433 4020 694 4091; x_wconf 75' lang='grc' dir='ltr'><strong>Ὀρφανυὶ</strong></span> <span class='ocrx_word' id='word_1_457' title='bbox 745 4023 1111 4096; x_wconf 79' lang='grc' dir='ltr'><strong>ἐγενήθημεν.</strong></span> <span class='ocrx_word' id='word_1_458' title='bbox 1153 4047 1172 4078; x_wconf 71' lang='grc' dir='ltr'><strong>ι</strong></span> <span class='ocrx_word' id='word_1_459' title='bbox 1235 4027 1293 4081; x_wconf 86' lang='lat'><strong>&#39;0</strong></span> <span class='ocrx_word' id='word_1_460' title='bbox 1339 4027 1496 4096; x_wconf 81' lang='grc' dir='ltr'><strong>λόγος</strong></span> <span class='ocrx_word' id='word_1_461' title='bbox 1540 4031 1637 4099; x_wconf 83' lang='grc' dir='ltr'><strong>τῆς</strong></span> <span class='ocrx_word' id='word_1_462' title='bbox 1691 4033 1837 4088; x_wconf 81' lang='grc' dir='ltr'><strong>διδαο</strong></span> 
     </span>
    </p>
   </div>
   <div class='ocr_carea' id='block_1_72' title="bbox 255 4111 510 4176">
    <p class='ocr_par' dir='ltr' id='par_1_72' title="bbox 255 4111 510 4176">
     <span class='ocr_line' id='line_1_72' title="bbox 255 4111 510 4176; baseline 0.02 -14"><span class='ocrx_word' id='word_1_463' title='bbox 255 4111 510 4176; x_wconf 78' lang='grc' dir='ltr'><strong>οκαλίας.</strong></span> 
     </span>
    </p>
   </div>
   <div class='ocr_carea' id='block_1_73' title="bbox 336 4207 1836 4291">
    <p class='ocr_par' dir='ltr' id='par_1_73' title="bbox 336 4207 1836 4291">
     <span class='ocr_line' id='line_1_73' title="bbox 336 4207 1836 4291; baseline 0.011 -34"><span class='ocrx_word' id='word_1_464' title='bbox 336 4226 355 4255; x_wconf 79' lang='grc' dir='ltr'><strong>ι</strong></span> <span class='ocrx_word' id='word_1_465' title='bbox 412 4207 666 4279; x_wconf 83' lang='grc' dir='ltr'><strong>Μητέρες</strong></span> <span class='ocrx_word' id='word_1_466' title='bbox 717 4209 899 4280; x_wconf 86' lang='grc' dir='ltr'><strong>ήμῶν.</strong></span> <span class='ocrx_word' id='word_1_467' title='bbox 964 4229 984 4261; x_wconf 75' lang='grc' dir='ltr'><strong>ι</strong></span> <span class='ocrx_word' id='word_1_468' title='bbox 1039 4212 1100 4264; x_wconf 80' lang='lat' dir='ltr'><strong>Ai</strong></span> <span class='ocrx_word' id='word_1_469' title='bbox 1168 4214 1456 4284; x_wconf 82' lang='grc' dir='ltr'><strong>ἐκκλησίαι</strong></span> <span class='ocrx_word' id='word_1_470' title='bbox 1512 4218 1573 4271; x_wconf 67' lang='lat' dir='ltr'><strong>ob</strong></span> <span class='ocrx_word' id='word_1_471' title='bbox 1639 4220 1836 4291; x_wconf 73' lang='grc' dir='ltr'><strong>χῆραι,</strong></span> 
     </span>
    </p>
   </div>
   <div class='ocr_carea' id='block_1_74' title="bbox 252 4297 1535 4380">
    <p class='ocr_par' dir='ltr' id='par_1_74' title="bbox 252 4297 1535 4380">
     <span class='ocr_line' id='line_1_74' title="bbox 252 4297 1535 4380; baseline 0.009 -28"><span class='ocrx_word' id='word_1_472' title='bbox 252 4297 373 4352; x_wconf 85' lang='grc' dir='ltr'><strong>ἀλλ’</strong></span> <span class='ocrx_word' id='word_1_473' title='bbox 403 4300 478 4363; x_wconf 84' lang='grc' dir='ltr'><strong>ὡς</strong></span> <span class='ocrx_word' id='word_1_474' title='bbox 508 4301 675 4372; x_wconf 84' lang='grc' dir='ltr'><strong>χῆραι</strong></span> <span class='ocrx_word' id='word_1_475' title='bbox 704 4302 796 4356; x_wconf 88' lang='grc' dir='ltr'><strong>διά</strong></span> <span class='ocrx_word' id='word_1_476' title='bbox 830 4303 930 4374; x_wconf 80' lang='grc' dir='ltr'><strong>τὴν</strong></span> <span class='ocrx_word' id='word_1_477' title='bbox 958 4305 1292 4377; x_wconf 87' lang='grc' dir='ltr'><strong>πρόσκαιρον</strong></span> <span class='ocrx_word' id='word_1_478' title='bbox 1331 4309 1535 4380; x_wconf 83' lang='grc' dir='ltr'><strong>θλίψιν.</strong></span> 
     </span>
    </p>
   </div>
   <div class='ocr_carea' id='block_1_75' title="bbox 334 4391 1840 4474">
    <p class='ocr_par' dir='ltr' id='par_1_75' title="bbox 334 4391 1840 4474">
     <span class='ocr_line' id='line_1_75' title="bbox 334 4391 1840 4474; baseline 0.011 -33"><span class='ocrx_word' id='word_1_479' title='bbox 334 4411 352 4440; x_wconf 77' lang='grc' dir='ltr'><strong>ι</strong></span> <span class='ocrx_word' id='word_1_480' title='bbox 387 4391 570 4462; x_wconf 84' lang='grc' dir='ltr'><strong>’Ὑδωρ</strong></span> <span class='ocrx_word' id='word_1_481' title='bbox 601 4392 776 4462; x_wconf 86' lang='grc' dir='ltr'><strong>ήμῶν.</strong></span> <span class='ocrx_word' id='word_1_482' title='bbox 807 4413 824 4444; x_wconf 72' lang='grc' dir='ltr'><strong>ι</strong></span> <span class='ocrx_word' id='word_1_483' title='bbox 860 4396 971 4465; x_wconf 77' lang='grc' dir='ltr'><strong>Τήν</strong></span> <span class='ocrx_word' id='word_1_484' title='bbox 996 4396 1103 4465; x_wconf 88' lang='grc' dir='ltr'><strong>γάρ</strong></span> <span class='ocrx_word' id='word_1_485' title='bbox 1142 4397 1350 4470; x_wconf 80' lang='grc' dir='ltr'><strong>δωρεὰν</strong></span> <span class='ocrx_word' id='word_1_486' title='bbox 1376 4403 1476 4471; x_wconf 86' lang='grc' dir='ltr'><strong>τὴν</strong></span> <span class='ocrx_word' id='word_1_487' title='bbox 1509 4407 1840 4474; x_wconf 77' lang='grc' dir='ltr'><strong>κεχαρισμέ-</strong></span> 
     </span>
    </p>
   </div>
   <div class='ocr_carea' id='block_1_76' title="bbox 2600 3399 2854 3456">
    <p class='ocr_par' dir='ltr' id='par_1_76' title="bbox 2600 3399 2854 3456">
     <span class='ocr_line' id='line_1_76' title="bbox 2600 3399 2854 3456; baseline -0.008 0"><span class='ocrx_word' id='word_1_488' title='bbox 2600 3400 2752 3456; x_wconf 79' lang='lat' dir='ltr'><strong>CAP.</strong></span> <span class='ocrx_word' id='word_1_489' title='bbox 2794 3399 2854 3454; x_wconf 83' lang='lat' dir='ltr'><strong>V.</strong></span> 
     </span>
    </p>
   </div>
   <div class='ocr_carea' id='block_1_77' title="bbox 2009 3491 3522 3558">
    <p class='ocr_par' dir='ltr' id='par_1_77' title="bbox 2009 3491 3522 3558">
     <span class='ocr_line' id='line_1_77' title="bbox 2009 3491 3522 3558; baseline 0.003 -14"><span class='ocrx_word' id='word_1_490' title='bbox 2009 3491 2070 3544; x_wconf 72' lang='grc' dir='ltr'><strong>γ.</strong></span> <span class='ocrx_word' id='word_1_491' title='bbox 2096 3492 2150 3545; x_wconf 80' lang='lat'><strong>2.</strong></span> <span class='ocrx_word' id='word_1_492' title='bbox 2195 3513 2212 3543; x_wconf 79' lang='grc' dir='ltr'><strong>ε</strong></span> <span class='ocrx_word' id='word_1_493' title='bbox 2254 3491 2552 3547; x_wconf 73' lang='lat' dir='ltr'><strong>llaereditas</strong></span> <span class='ocrx_word' id='word_1_494' title='bbox 2601 3502 2812 3548; x_wconf 91' lang='lat' dir='ltr'><strong>nostra.</strong></span> <span class='ocrx_word' id='word_1_495' title='bbox 2845 3513 2862 3543; x_wconf 75' lang='grc' dir='ltr'><strong>ι</strong></span> <span class='ocrx_word' id='word_1_496' title='bbox 2929 3492 3055 3549; x_wconf 82' lang='lat' dir='ltr'><strong>Post</strong></span> <span class='ocrx_word' id='word_1_497' title='bbox 3098 3493 3405 3558; x_wconf 90' lang='lat' dir='ltr'><strong>historiam,</strong></span> <span class='ocrx_word' id='word_1_498' title='bbox 3441 3494 3522 3548; x_wconf 86' lang='lat' dir='ltr'><strong>sic</strong></span> 
     </span>
    </p>
   </div>
   <div class='ocr_carea' id='block_1_78' title="bbox 1939 3581 3521 3655">
    <p class='ocr_par' dir='ltr' id='par_1_78' title="bbox 1939 3581 3521 3655">
     <span class='ocr_line' id='line_1_78' title="bbox 1939 3581 3521 3655; baseline 0.002 -19"><span class='ocrx_word' id='word_1_499' title='bbox 1939 3583 2206 3655; x_wconf 83' lang='lat' dir='ltr'><strong>intellige:</strong></span> <span class='ocrx_word' id='word_1_500' title='bbox 2231 3581 2506 3639; x_wconf 83' lang='lat' dir='ltr'><strong>Naturalis</strong></span> <span class='ocrx_word' id='word_1_501' title='bbox 2527 3585 2751 3639; x_wconf 87' lang='lat' dir='ltr'><strong>libertas</strong></span> <span class='ocrx_word' id='word_1_502' title='bbox 2776 3585 2915 3638; x_wconf 81' lang='lat' dir='ltr'><strong>facta</strong></span> <span class='ocrx_word' id='word_1_503' title='bbox 2939 3595 3021 3639; x_wconf 87' lang='lat' dir='ltr'><strong>est</strong></span> <span class='ocrx_word' id='word_1_504' title='bbox 3048 3585 3274 3640; x_wconf 80' lang='lat' dir='ltr'><strong>subacta</strong></span> <span class='ocrx_word' id='word_1_505' title='bbox 3297 3591 3521 3654; x_wconf 87' lang='lat' dir='ltr'><strong>peccato</strong></span> 
     </span>
    </p>
   </div>
   <div class='ocr_carea' id='block_1_79' title="bbox 1940 3676 3018 3745">
    <p class='ocr_par' dir='ltr' id='par_1_79' title="bbox 1940 3676 3018 3745">
     <span class='ocr_line' id='line_1_79' title="bbox 1940 3676 3018 3745; baseline 0 -16"><span class='ocrx_word' id='word_1_506' title='bbox 1940 3685 2161 3745; x_wconf 90' lang='lat' dir='ltr'><strong>propter</strong></span> <span class='ocrx_word' id='word_1_507' title='bbox 2183 3676 2542 3730; x_wconf 85' lang='lat' dir='ltr'><strong>voluntariam</strong></span> <span class='ocrx_word' id='word_1_508' title='bbox 2569 3676 3018 3731; x_wconf 86' lang='lat' dir='ltr'><strong>inobed&#39;tentiam.</strong></span> 
     </span>
    </p>
   </div>
   <div class='ocr_carea' id='block_1_80' title="bbox 2013 3766 3520 3841">
    <p class='ocr_par' dir='ltr' id='par_1_80' title="bbox 2013 3766 3520 3841">
     <span class='ocr_line' id='line_1_80' title="bbox 2013 3766 3520 3841; baseline 0.004 -22"><span class='ocrx_word' id='word_1_509' title='bbox 2013 3788 2033 3819; x_wconf 74' lang='grc' dir='ltr'><strong>ε</strong></span> <span class='ocrx_word' id='word_1_510' title='bbox 2071 3766 2276 3822; x_wconf 87' lang='lat' dir='ltr'><strong>Domus</strong></span> <span class='ocrx_word' id='word_1_511' title='bbox 2306 3777 2524 3822; x_wconf 59' lang='lat' dir='ltr'><strong>nostra}.</strong></span> <span class='ocrx_word' id='word_1_512' title='bbox 2556 3789 2572 3818; x_wconf 81' lang='grc' dir='ltr'><strong>ι</strong></span> <span class='ocrx_word' id='word_1_513' title='bbox 2601 3768 3061 3823; x_wconf 84' lang='lat' dir='ltr'><strong>Justilicationum</strong></span> <span class='ocrx_word' id='word_1_514' title='bbox 3088 3769 3312 3837; x_wconf 87' lang='lat' dir='ltr'><strong>divisio;</strong></span> <span class='ocrx_word' id='word_1_515' title='bbox 3341 3771 3520 3841; x_wconf 60' lang='lat' dir='ltr'><strong>prada</strong></span> 
     </span>
    </p>
   </div>
   <div class='ocr_carea' id='block_1_81' title="bbox 1940 3858 2752 3914">
    <p class='ocr_par' dir='ltr' id='par_1_81' title="bbox 1940 3858 2752 3914">
     <span class='ocr_line' id='line_1_81' title="bbox 1940 3858 2752 3914; baseline -0.001 -1"><span class='ocrx_word' id='word_1_516' title='bbox 1940 3859 2090 3913; x_wconf 88' lang='lat' dir='ltr'><strong>enim</strong></span> <span class='ocrx_word' id='word_1_517' title='bbox 2110 3859 2170 3913; x_wconf 81' lang='lat' dir='ltr'><strong>[it</strong></span> <span class='ocrx_word' id='word_1_518' title='bbox 2204 3858 2343 3913; x_wconf 90' lang='lat' dir='ltr'><strong>hosti</strong></span> <span class='ocrx_word' id='word_1_519' title='bbox 2376 3859 2627 3914; x_wconf 87' lang='lat' dir='ltr'><strong>subditus</strong></span> <span class='ocrx_word' id='word_1_520' title='bbox 2653 3859 2752 3914; x_wconf 88' lang='lat' dir='ltr'><strong>illi.</strong></span> 
     </span>
    </p>
   </div>
   <div class='ocr_carea' id='block_1_82' title="bbox 2019 4037 3293 4109">
    <p class='ocr_par' dir='ltr' id='par_1_82' title="bbox 2019 4037 3293 4109">
     <span class='ocr_line' id='line_1_82' title="bbox 2019 4037 3293 4109; baseline -0.002 -14"><span class='ocrx_word' id='word_1_521' title='bbox 2019 4040 2082 4095; x_wconf 66' lang='grc' dir='ltr'><strong>ν.</strong></span> <span class='ocrx_word' id='word_1_522' title='bbox 2114 4043 2168 4097; x_wconf 77' lang='grc'><strong>5.</strong></span> <span class='ocrx_word' id='word_1_523' title='bbox 2207 4059 2225 4093; x_wconf 74' lang='grc' dir='ltr'><strong>ι</strong></span> <span class='ocrx_word' id='word_1_524' title='bbox 2259 4040 2380 4096; x_wconf 75' lang='lat' dir='ltr'><strong>Non</strong></span> <span class='ocrx_word' id='word_1_525' title='bbox 2406 4049 2492 4096; x_wconf 90' lang='lat' dir='ltr'><strong>est</strong></span> <span class='ocrx_word' id='word_1_526' title='bbox 2521 4049 2694 4109; x_wconf 87' lang='lat' dir='ltr'><strong>pater.</strong></span> <span class='ocrx_word' id='word_1_527' title='bbox 2738 4057 2756 4092; x_wconf 74' lang='grc' dir='ltr'><strong>ι</strong></span> <span class='ocrx_word' id='word_1_528' title='bbox 2792 4040 2987 4094; x_wconf 88' lang='lat' dir='ltr'><strong>Sermo</strong></span> <span class='ocrx_word' id='word_1_529' title='bbox 3008 4037 3293 4093; x_wconf 72' lang='lat' dir='ltr'><strong>doctrinae.</strong></span> 
     </span>
    </p>
   </div>
   <div class='ocr_carea' id='block_1_83' title="bbox 2018 4220 3517 4301">
    <p class='ocr_par' dir='ltr' id='par_1_83' title="bbox 2018 4220 3517 4301">
     <span class='ocr_line' id='line_1_83' title="bbox 2018 4220 3517 4301; baseline 0.002 -28"><span class='ocrx_word' id='word_1_530' title='bbox 2018 4242 2036 4273; x_wconf 75' lang='grc' dir='ltr'><strong>ι</strong></span> <span class='ocrx_word' id='word_1_531' title='bbox 2082 4222 2284 4301; x_wconf 79' lang='lat' dir='ltr'><strong>Matres</strong></span> <span class='ocrx_word' id='word_1_532' title='bbox 2307 4231 2527 4279; x_wconf 67' lang='lat' dir='ltr'><strong>nostrae.</strong></span> <span class='ocrx_word' id='word_1_533' title='bbox 2549 4221 2835 4278; x_wconf 65' lang='lat' dir='ltr'><strong>iEcclesiaa</strong></span> <span class='ocrx_word' id='word_1_534' title='bbox 2867 4238 2975 4276; x_wconf 85' lang='lat' dir='ltr'><strong>non</strong></span> <span class='ocrx_word' id='word_1_535' title='bbox 3002 4221 3197 4287; x_wconf 71' lang='lat' dir='ltr'><strong>viduae,</strong></span> <span class='ocrx_word' id='word_1_536' title='bbox 3230 4220 3324 4276; x_wconf 88' lang='lat' dir='ltr'><strong>sed</strong></span> <span class='ocrx_word' id='word_1_537' title='bbox 3363 4222 3517 4290; x_wconf 86' lang='lat' dir='ltr'><strong>quasi</strong></span> 
     </span>
    </p>
   </div>
   <div class='ocr_carea' id='block_1_84' title="bbox 1944 4315 3220 4386">
    <p class='ocr_par' dir='ltr' id='par_1_84' title="bbox 1944 4315 3220 4386">
     <span class='ocr_line' id='line_1_84' title="bbox 1944 4315 3220 4386; baseline -0.001 -18"><span class='ocrx_word' id='word_1_538' title='bbox 1944 4316 2138 4381; x_wconf 73' lang='lat' dir='ltr'><strong>viduae,</strong></span> <span class='ocrx_word' id='word_1_539' title='bbox 2167 4324 2389 4386; x_wconf 87' lang='lat' dir='ltr'><strong>propter</strong></span> <span class='ocrx_word' id='word_1_540' title='bbox 2409 4315 2757 4370; x_wconf 79' lang='lat' dir='ltr'><strong>aiﬂictionem</strong></span> <span class='ocrx_word' id='word_1_541' title='bbox 2792 4323 3220 4383; x_wconf 86' lang='lat' dir='ltr'><strong>temporaneam.</strong></span> 
     </span>
    </p>
   </div>
   <div class='ocr_carea' id='block_1_85' title="bbox 2013 4408 3521 4480">
    <p class='ocr_par' dir='ltr' id='par_1_85' title="bbox 2013 4408 3521 4480">
     <span class='ocr_line' id='line_1_85' title="bbox 2013 4408 3521 4480; baseline 0.001 -18"><span class='ocrx_word' id='word_1_542' title='bbox 2013 4408 2079 4462; x_wconf 85' lang='lat' dir='ltr'><strong>V.</strong></span> <span class='ocrx_word' id='word_1_543' title='bbox 2107 4410 2161 4465; x_wconf 72' lang='grc'><strong>4.</strong></span> <span class='ocrx_word' id='word_1_544' title='bbox 2201 4430 2220 4463; x_wconf 81' lang='grc' dir='ltr'><strong>ι</strong></span> <span class='ocrx_word' id='word_1_545' title='bbox 2251 4411 2463 4480; x_wconf 86' lang='lat' dir='ltr'><strong>Aquam</strong></span> <span class='ocrx_word' id='word_1_546' title='bbox 2486 4420 2749 4465; x_wconf 86' lang='lat' dir='ltr'><strong>nostram.</strong></span> <span class='ocrx_word' id='word_1_547' title='bbox 2781 4429 2800 4460; x_wconf 84' lang='grc'>›</span> <span class='ocrx_word' id='word_1_548' title='bbox 2860 4408 3068 4464; x_wconf 88' lang='lat' dir='ltr'><strong>Donum</strong></span> <span class='ocrx_word' id='word_1_549' title='bbox 3125 4411 3272 4464; x_wconf 89' lang='lat' dir='ltr'><strong>enim</strong></span> <span class='ocrx_word' id='word_1_550' title='bbox 3333 4427 3364 4464; x_wconf 89' lang='lat' dir='ltr'><strong>a</strong></span> <span class='ocrx_word' id='word_1_551' title='bbox 3411 4409 3521 4465; x_wconf 89' lang='lat' dir='ltr'><strong>Deo</strong></span> 
     </span>
    </p>
   </div>
   <div class='ocr_carea' id='block_1_86' title="bbox 252 4485 1839 4578">
    <p class='ocr_par' dir='ltr' id='par_1_86' title="bbox 252 4485 1839 4569">
     <span class='ocr_line' id='line_1_86' title="bbox 252 4485 1839 4569; baseline 0.01 -33"><span class='ocrx_word' id='word_1_552' title='bbox 252 4497 357 4551; x_wconf 87' lang='grc' dir='ltr'><strong>νην</strong></span> <span class='ocrx_word' id='word_1_553' title='bbox 387 4485 536 4553; x_wconf 74' lang='grc' dir='ltr'><strong>παρὰ</strong></span> <span class='ocrx_word' id='word_1_554' title='bbox 568 4485 664 4540; x_wconf 87' lang='grc' dir='ltr'><strong>τοῦ</strong></span> <span class='ocrx_word' id='word_1_555' title='bbox 696 4486 832 4540; x_wconf 88' lang='grc' dir='ltr'><strong>Θεοῦ</strong></span> <span class='ocrx_word' id='word_1_556' title='bbox 854 4488 1055 4560; x_wconf 83' lang='grc' dir='ltr'><strong>πράσει</strong></span> <span class='ocrx_word' id='word_1_557' title='bbox 1077 4491 1348 4546; x_wconf 81' lang='grc' dir='ltr'><strong>ὑπέϐαλεν</strong></span> <span class='ocrx_word' id='word_1_558' title='bbox 1368 4496 1400 4564; x_wconf 84' lang='grc' dir='ltr'><strong>ή</strong></span> <span class='ocrx_word' id='word_1_559' title='bbox 1423 4495 1711 4567; x_wconf 78' lang='grc' dir='ltr'><strong>ἐφεύρεσις</strong></span> <span class='ocrx_word' id='word_1_560' title='bbox 1743 4498 1839 4569; x_wconf 87' lang='grc' dir='ltr'><strong>τῆς</strong></span> 
     </span>
    </p>
   </div>
   <div class='ocr_carea' id='block_1_87' title="bbox 1940 4485 3524 4578">
    <p class='ocr_par' dir='ltr' id='par_1_87' title="bbox 1943 4504 3524 4578">
     <span class='ocr_line' id='line_1_87' title="bbox 1943 4504 3524 4578; baseline 0 -19"><span class='ocrx_word' id='word_1_561' title='bbox 1943 4506 2111 4578; x_wconf 84' lang='lat' dir='ltr'><strong>gratis</strong></span> <span class='ocrx_word' id='word_1_562' title='bbox 2152 4505 2338 4562; x_wconf 91' lang='lat' dir='ltr'><strong>datum</strong></span> <span class='ocrx_word' id='word_1_563' title='bbox 2388 4507 2688 4562; x_wconf 89' lang='lat' dir='ltr'><strong>venditioni</strong></span> <span class='ocrx_word' id='word_1_564' title='bbox 2734 4505 2967 4576; x_wconf 86' lang='lat' dir='ltr'><strong>subjecit</strong></span> <span class='ocrx_word' id='word_1_565' title='bbox 3013 4504 3345 4560; x_wconf 88' lang='lat' dir='ltr'><strong>machinatio</strong></span> <span class='ocrx_word' id='word_1_566' title='bbox 3393 4521 3524 4576; x_wconf 82' lang='lat' dir='ltr'><strong>pec-</strong></span> 
     </span>
    </p>
   </div>
   <div class='ocr_carea' id='block_1_88' title="bbox 251 4575 555 4648">
    <p class='ocr_par' dir='ltr' id='par_1_88' title="bbox 251 4575 555 4648">
     <span class='ocr_line' id='line_1_88' title="bbox 251 4575 555 4648; baseline 0.013 -19"><span class='ocrx_word' id='word_1_567' title='bbox 251 4575 555 4648; x_wconf 76' lang='grc' dir='ltr'><strong>ἁμαρτίας.</strong></span> 
     </span>
    </p>
   </div>
   <div class='ocr_carea' id='block_1_89' title="bbox 333 4667 1839 4750">
    <p class='ocr_par' dir='ltr' id='par_1_89' title="bbox 333 4667 1839 4750">
     <span class='ocr_line' id='line_1_89' title="bbox 333 4667 1839 4750; baseline 0.013 -32"><span class='ocrx_word' id='word_1_568' title='bbox 333 4686 355 4718; x_wconf 83' lang='grc'><strong><em>‹</em></strong></span> <span class='ocrx_word' id='word_1_569' title='bbox 399 4667 546 4723; x_wconf 88' lang='grc' dir='ltr'><strong>Ξύλα</strong></span> <span class='ocrx_word' id='word_1_570' title='bbox 591 4671 769 4740; x_wconf 85' lang='grc' dir='ltr'><strong>ήμῶν.</strong></span> <span class='ocrx_word' id='word_1_571' title='bbox 819 4689 839 4723; x_wconf 72' lang='grc' dir='ltr'><strong>ι</strong></span> <span class='ocrx_word' id='word_1_572' title='bbox 893 4672 1027 4726; x_wconf 82' lang='grc' dir='ltr'><strong>Ὅτε</strong></span> <span class='ocrx_word' id='word_1_573' title='bbox 1059 4674 1159 4743; x_wconf 82' lang='grc' dir='ltr'><strong>τὴν</strong></span> <span class='ocrx_word' id='word_1_574' title='bbox 1203 4676 1307 4746; x_wconf 83' lang='grc' dir='ltr'><strong>γῆν</strong></span> <span class='ocrx_word' id='word_1_575' title='bbox 1346 4677 1447 4748; x_wconf 85' lang='grc' dir='ltr'><strong>τῆς</strong></span> <span class='ocrx_word' id='word_1_576' title='bbox 1499 4681 1839 4750; x_wconf 85' lang='grc' dir='ltr'><strong>ἐπαγγελίας</strong></span> 
     </span>
    </p>
   </div>
   <div class='ocr_carea' id='block_1_90' title="bbox 253 4759 1840 4841">
    <p class='ocr_par' dir='ltr' id='par_1_90' title="bbox 253 4759 1840 4841">
     <span class='ocr_line' id='line_1_90' title="bbox 253 4759 1840 4841; baseline 0.012 -30"><span class='ocrx_word' id='word_1_577' title='bbox 253 4759 709 4831; x_wconf 85' lang='grc' dir='ltr'><strong>ἐκληρονόμησαν</strong></span> <span class='ocrx_word' id='word_1_578' title='bbox 765 4764 874 4818; x_wconf 80' lang='grc' dir='ltr'><strong>υίοὶ</strong></span> <span class='ocrx_word' id='word_1_579' title='bbox 937 4767 1177 4839; x_wconf 83' lang='grc' dir='ltr'><strong>Ἰσραὴλ,</strong></span> <span class='ocrx_word' id='word_1_580' title='bbox 1226 4771 1340 4833; x_wconf 77' lang='grc' dir='ltr'><strong>τοῖς</strong></span> <span class='ocrx_word' id='word_1_581' title='bbox 1395 4770 1672 4841; x_wconf 84' lang='grc' dir='ltr'><strong>βασιλεῦσι</strong></span> <span class='ocrx_word' id='word_1_582' title='bbox 1732 4776 1840 4830; x_wconf 84' lang='grc' dir='ltr'><strong>τῶν</strong></span> 
     </span>
    </p>
   </div>
   <div class='ocr_carea' id='block_1_91' title="bbox 255 4849 1841 4932">
    <p class='ocr_par' dir='ltr' id='par_1_91' title="bbox 255 4849 1841 4932">
     <span class='ocr_line' id='line_1_91' title="bbox 255 4849 1841 4932; baseline 0.014 -32"><span class='ocrx_word' id='word_1_583' title='bbox 255 4849 430 4901; x_wconf 88' lang='grc' dir='ltr'><strong>ἐθνῶν</strong></span> <span class='ocrx_word' id='word_1_584' title='bbox 497 4850 631 4915; x_wconf 86' lang='grc' dir='ltr'><strong>ξύλα</strong></span> <span class='ocrx_word' id='word_1_585' title='bbox 691 4855 1027 4921; x_wconf 80' lang='grc' dir='ltr'><strong>ἐπιτιθέντες</strong></span> <span class='ocrx_word' id='word_1_586' title='bbox 1092 4862 1528 4932; x_wconf 81' lang='grc' dir='ltr'><strong>μεμηχανημένα</strong></span> <span class='ocrx_word' id='word_1_587' title='bbox 1598 4865 1692 4920; x_wconf 72' lang='grc' dir='ltr'><strong>ἐπὶ</strong></span> <span class='ocrx_word' id='word_1_588' title='bbox 1749 4868 1841 4922; x_wconf 83' lang='grc' dir='ltr'><strong>τὸν</strong></span> 
     </span>
    </p>
   </div>
   <div class='ocr_carea' id='block_1_92' title="bbox 252 4941 1836 5027">
    <p class='ocr_par' dir='ltr' id='par_1_92' title="bbox 252 4941 1836 5027">
     <span class='ocr_line' id='line_1_92' title="bbox 252 4941 1836 5027; baseline 0.015 -35"><span class='ocrx_word' id='word_1_589' title='bbox 252 4941 552 5012; x_wconf 78' lang='grc' dir='ltr'><strong>τράχηλον,</strong></span> <span class='ocrx_word' id='word_1_590' title='bbox 614 4946 701 4998; x_wconf 80' lang='grc' dir='ltr'><strong>ἐπ’</strong></span> <span class='ocrx_word' id='word_1_591' title='bbox 751 4947 930 5001; x_wconf 82' lang='grc' dir='ltr'><strong>αὐτῶν</strong></span> <span class='ocrx_word' id='word_1_592' title='bbox 982 4951 1283 5017; x_wconf 85' lang='grc' dir='ltr'><strong>πατοῦντες</strong></span> <span class='ocrx_word' id='word_1_593' title='bbox 1327 4954 1563 5027; x_wconf 77' lang='grc' dir='ltr'><strong>ἀνῄρουν</strong></span> <span class='ocrx_word' id='word_1_594' title='bbox 1617 4959 1836 5026; x_wconf 88' lang='grc' dir='ltr'><strong>αύτούς.</strong></span> 
     </span>
    </p>
   </div>
   <div class='ocr_carea' id='block_1_93' title="bbox 260 5032 1842 5122">
    <p class='ocr_par' dir='ltr' id='par_1_93' title="bbox 260 5032 1842 5122">
     <span class='ocr_line' id='line_1_93' title="bbox 260 5032 1842 5122; baseline 0.013 -35"><span class='ocrx_word' id='word_1_595' title='bbox 260 5038 327 5088; x_wconf 79' lang='grc' dir='ltr'><strong>Ἀ</strong></span> <span class='ocrx_word' id='word_1_596' title='bbox 379 5032 473 5090; x_wconf 84' lang='grc' dir='ltr'><strong>οῦν</strong></span> <span class='ocrx_word' id='word_1_597' title='bbox 519 5038 860 5111; x_wconf 82' lang='grc' dir='ltr'><strong>ἐποιήσαμεν</strong></span> <span class='ocrx_word' id='word_1_598' title='bbox 902 5045 1015 5106; x_wconf 82' lang='grc' dir='ltr'><strong>τοῖς</strong></span> <span class='ocrx_word' id='word_1_599' title='bbox 1061 5043 1276 5116; x_wconf 77' lang='grc' dir='ltr'><strong>ἐχθροῖς</strong></span> <span class='ocrx_word' id='word_1_600' title='bbox 1318 5047 1424 5101; x_wconf 80' lang='grc' dir='ltr'><strong>ὑπὸ</strong></span> <span class='ocrx_word' id='word_1_601' title='bbox 1470 5049 1564 5103; x_wconf 92' lang='grc' dir='ltr'><strong>σοῦ</strong></span> <span class='ocrx_word' id='word_1_602' title='bbox 1615 5049 1842 5122; x_wconf 84' lang='grc' dir='ltr'><strong>βοηθού-</strong></span> 
     </span>
    </p>
   </div>
   <div class='ocr_carea' id='block_1_94' title="bbox 258 5129 1841 5214">
    <p class='ocr_par' dir='ltr' id='par_1_94' title="bbox 258 5129 1841 5214">
     <span class='ocr_line' id='line_1_94' title="bbox 258 5129 1841 5214; baseline 0.012 -35"><span class='ocrx_word' id='word_1_603' title='bbox 258 5144 436 5198; x_wconf 89' lang='grc' dir='ltr'><strong>μενοι,</strong></span> <span class='ocrx_word' id='word_1_604' title='bbox 489 5129 664 5184; x_wconf 86' lang='grc' dir='ltr'><strong>ταῦτα</strong></span> <span class='ocrx_word' id='word_1_605' title='bbox 712 5133 1065 5204; x_wconf 84' lang='grc' dir='ltr'><strong>πεπόνθαμεν</strong></span> <span class='ocrx_word' id='word_1_606' title='bbox 1112 5138 1537 5208; x_wconf 86' lang='grc' dir='ltr'><strong>παροραθέντες.</strong></span> <span class='ocrx_word' id='word_1_607' title='bbox 1597 5142 1741 5214; x_wconf 83' lang='grc' dir='ltr'><strong>Πρὸς</strong></span> <span class='ocrx_word' id='word_1_608' title='bbox 1785 5144 1841 5198; x_wconf 79' lang='grc' dir='ltr'><strong>δέ</strong></span> 
     </span>
    </p>
   </div>
   <div class='ocr_carea' id='block_1_95' title="bbox 254 5220 1838 5306">
    <p class='ocr_par' dir='ltr' id='par_1_95' title="bbox 254 5220 1838 5306">
     <span class='ocr_line' id='line_1_95' title="bbox 254 5220 1838 5306; baseline 0.013 -35"><span class='ocrx_word' id='word_1_609' title='bbox 254 5220 501 5274; x_wconf 83' lang='grc' dir='ltr'><strong>διάνοιαν</strong></span> <span class='ocrx_word' id='word_1_610' title='bbox 542 5221 687 5276; x_wconf 78' lang='grc' dir='ltr'><strong>οὕτω</strong></span> <span class='ocrx_word' id='word_1_611' title='bbox 714 5227 948 5296; x_wconf 88' lang='grc' dir='ltr'><strong>νοήσεις·</strong></span> <span class='ocrx_word' id='word_1_612' title='bbox 994 5228 1052 5282; x_wconf 84' lang='lat'><strong>&#39;0</strong></span> <span class='ocrx_word' id='word_1_613' title='bbox 1078 5229 1342 5301; x_wconf 84' lang='grc' dir='ltr'><strong>ἄπρατος,</strong></span> <span class='ocrx_word' id='word_1_614' title='bbox 1371 5235 1526 5304; x_wconf 75' lang='grc' dir='ltr'><strong>φησὶ,</strong></span> <span class='ocrx_word' id='word_1_615' title='bbox 1557 5235 1718 5306; x_wconf 75' lang='grc' dir='ltr'><strong>ζυγὸς</strong></span> <span class='ocrx_word' id='word_1_616' title='bbox 1743 5238 1838 5293; x_wconf 86' lang='grc' dir='ltr'><strong>τοῦ</strong></span> 
     </span>
    </p>
   </div>
   <div class='ocr_carea' id='block_1_96' title="bbox 258 5311 1838 5395">
    <p class='ocr_par' dir='ltr' id='par_1_96' title="bbox 258 5311 1838 5395">
     <span class='ocr_line' id='line_1_96' title="bbox 258 5311 1838 5395; baseline 0.015 -33"><span class='ocrx_word' id='word_1_617' title='bbox 258 5311 395 5364; x_wconf 84' lang='grc' dir='ltr'><strong>Υίοῦ</strong></span> <span class='ocrx_word' id='word_1_618' title='bbox 431 5313 525 5365; x_wconf 88' lang='grc' dir='ltr'><strong>τοῦ</strong></span> <span class='ocrx_word' id='word_1_619' title='bbox 561 5313 720 5380; x_wconf 84' lang='grc' dir='ltr'><strong>Θεοῦ,</strong></span> <span class='ocrx_word' id='word_1_620' title='bbox 764 5318 904 5387; x_wconf 83' lang='grc' dir='ltr'><strong>μετὰ</strong></span> <span class='ocrx_word' id='word_1_621' title='bbox 935 5321 1287 5392; x_wconf 84' lang='grc' dir='ltr'><strong>καταλλαγῆς</strong></span> <span class='ocrx_word' id='word_1_622' title='bbox 1318 5326 1617 5395; x_wconf 87' lang='grc' dir='ltr'><strong>χρημάτων</strong></span> <span class='ocrx_word' id='word_1_623' title='bbox 1649 5329 1838 5384; x_wconf 81' lang='grc' dir='ltr'><strong>ἀποδί-</strong></span> 
     </span>
    </p>
   </div>
   <div class='ocr_carea' id='block_1_97' title="bbox 253 5419 430 5458">
    <p class='ocr_par' dir='ltr' id='par_1_97' title="bbox 253 5419 430 5458">
     <span class='ocr_line' id='line_1_97' title="bbox 253 5419 430 5458; baseline 0.006 -2"><span class='ocrx_word' id='word_1_624' title='bbox 253 5419 406 5458; x_wconf 85' lang='grc' dir='ltr'><strong>οοται</strong></span> <span class='ocrx_word' id='word_1_625' title='bbox 415 5443 430 5457; x_wconf 84' lang='grc'><strong>.</strong></span> 
     </span>
    </p>
   </div>
   <div class='ocr_carea' id='block_1_98' title="bbox 338 5495 1838 5584">
    <p class='ocr_par' dir='ltr' id='par_1_98' title="bbox 338 5495 1838 5584">
     <span class='ocr_line' id='line_1_98' title="bbox 338 5495 1838 5584; baseline 0.017 -40"><span class='ocrx_word' id='word_1_626' title='bbox 338 5514 355 5544; x_wconf 80' lang='grc' dir='ltr'><strong>ι</strong></span> <span class='ocrx_word' id='word_1_627' title='bbox 403 5495 797 5568; x_wconf 82' lang='grc' dir='ltr'><strong>Ἐὀιὼχθημεν.</strong></span> <span class='ocrx_word' id='word_1_628' title='bbox 844 5520 861 5551; x_wconf 75' lang='grc' dir='ltr'><strong>ι</strong></span> <span class='ocrx_word' id='word_1_629' title='bbox 907 5502 996 5555; x_wconf 82' lang='grc' dir='ltr'><strong>Ἐν</strong></span> <span class='ocrx_word' id='word_1_630' title='bbox 1020 5504 1130 5573; x_wconf 79' lang='grc' dir='ltr'><strong>γὰρ</strong></span> <span class='ocrx_word' id='word_1_631' title='bbox 1161 5505 1236 5576; x_wconf 80' lang='grc' dir='ltr'><strong>τῷ</strong></span> <span class='ocrx_word' id='word_1_632' title='bbox 1265 5508 1357 5561; x_wconf 81' lang='grc' dir='ltr'><strong>τὸν</strong></span> <span class='ocrx_word' id='word_1_633' title='bbox 1391 5509 1553 5579; x_wconf 75' lang='grc' dir='ltr'><strong>ζυγὸν</strong></span> <span class='ocrx_word' id='word_1_634' title='bbox 1582 5512 1838 5584; x_wconf 80' lang='grc' dir='ltr'><strong>ἀθέσμως</strong></span> 
     </span>
    </p>
   </div>
   <div class='ocr_carea' id='block_1_99' title="bbox 259 5589 1840 5671">
    <p class='ocr_par' dir='ltr' id='par_1_99' title="bbox 259 5589 1840 5671">
     <span class='ocr_line' id='line_1_99' title="bbox 259 5589 1840 5671; baseline 0.013 -30"><span class='ocrx_word' id='word_1_635' title='bbox 259 5589 766 5660; x_wconf 76' lang='grc' dir='ltr'><strong>καταφρονηθῆναι,</strong></span> <span class='ocrx_word' id='word_1_636' title='bbox 791 5595 887 5646; x_wconf 65' lang='grc' dir='ltr'><strong>καὶ</strong></span> <span class='ocrx_word' id='word_1_637' title='bbox 907 5596 942 5664; x_wconf 86' lang='grc' dir='ltr'><strong>ή</strong></span> <span class='ocrx_word' id='word_1_638' title='bbox 967 5596 1275 5662; x_wconf 84' lang='grc' dir='ltr'><strong>ἀνάπαυσις</strong></span> <span class='ocrx_word' id='word_1_639' title='bbox 1326 5600 1564 5671; x_wconf 82' lang='grc' dir='ltr'><strong>ἄπεισιν,</strong></span> <span class='ocrx_word' id='word_1_640' title='bbox 1600 5605 1693 5658; x_wconf 74' lang='grc' dir='ltr'><strong>καὶ</strong></span> <span class='ocrx_word' id='word_1_641' title='bbox 1733 5605 1840 5660; x_wconf 74' lang='grc' dir='ltr'><strong>λοιο</strong></span> 
     </span>
    </p>
   </div>
   <div class='ocr_carea' id='block_1_100' title="bbox 257 5676 1445 5760">
    <p class='ocr_par' dir='ltr' id='par_1_100' title="bbox 257 5676 1445 5760">
     <span class='ocr_line' id='line_1_100' title="bbox 257 5676 1445 5760; baseline 0.013 -32"><span class='ocrx_word' id='word_1_642' title='bbox 257 5676 364 5729; x_wconf 77' lang='grc' dir='ltr'><strong>πὸν</strong></span> <span class='ocrx_word' id='word_1_643' title='bbox 392 5677 680 5746; x_wconf 79' lang='grc' dir='ltr'><strong>ἐφίσταται</strong></span> <span class='ocrx_word' id='word_1_644' title='bbox 711 5682 740 5734; x_wconf 90' lang='grc' dir='ltr'><strong>ὁ</strong></span> <span class='ocrx_word' id='word_1_645' title='bbox 763 5681 1002 5754; x_wconf 86' lang='grc' dir='ltr'><strong>διωγμὸς</strong></span> <span class='ocrx_word' id='word_1_646' title='bbox 1025 5687 1122 5756; x_wconf 85' lang='grc' dir='ltr'><strong>τῆς</strong></span> <span class='ocrx_word' id='word_1_647' title='bbox 1155 5688 1445 5760; x_wconf 80' lang='grc' dir='ltr'><strong>ἁμαρτίας.</strong></span> 
     </span>
    </p>
   </div>
   <div class='ocr_carea' id='block_1_101' title="bbox 333 5881 824 5950">
    <p class='ocr_par' dir='ltr' id='par_1_101' title="bbox 333 5881 824 5950">
     <span class='ocr_line' id='line_1_101' title="bbox 333 5881 824 5950; baseline -0.002 -13"><span class='ocrx_word' id='word_1_648' title='bbox 333 5881 377 5913; x_wconf 82' lang='grc'><strong><em>⁸⁸</em></strong></span> <span class='ocrx_word' id='word_1_649' title='bbox 405 5881 424 5937; x_wconf 88' lang='grc'><strong>1</strong></span> <span class='ocrx_word' id='word_1_650' title='bbox 449 5881 579 5938; x_wconf 89' lang='lat' dir='ltr'><strong>Cor.</strong></span> <span class='ocrx_word' id='word_1_651' title='bbox 617 5898 704 5950; x_wconf 80' lang='lat' dir='ltr'><strong>xv,</strong></span> <span class='ocrx_word' id='word_1_652' title='bbox 736 5883 824 5936; x_wconf 67' lang='lat'><strong>26.</strong></span> 
     </span>
    </p>
   </div>
   <div class='ocr_carea' id='block_1_102' title="bbox 1872 4572 2072 4653">
    <p class='ocr_par' dir='ltr' id='par_1_102' title="bbox 1872 4572 2072 4653">
     <span class='ocr_line' id='line_1_102' title="bbox 1872 4572 2072 4653; baseline -0.01 0"><span class='ocrx_word' id='word_1_653' title='bbox 1872 4572 1916 4630; x_wconf 71' lang='grc' dir='ltr'><strong>θ</strong></span> <span class='ocrx_word' id='word_1_654' title='bbox 1944 4572 2072 4653; x_wconf 68' lang='lat' dir='ltr'><strong>cati.</strong></span> 
     </span>
    </p>
   </div>
   <div class='ocr_carea' id='block_1_103' title="bbox 2021 4685 3524 4757">
    <p class='ocr_par' dir='ltr' id='par_1_103' title="bbox 2021 4685 3524 4757">
     <span class='ocr_line' id='line_1_103' title="bbox 2021 4685 3524 4757; baseline 0.001 -18"><span class='ocrx_word' id='word_1_655' title='bbox 2021 4707 2041 4738; x_wconf 84' lang='grc'><strong>‹</strong></span> <span class='ocrx_word' id='word_1_656' title='bbox 2077 4685 2244 4757; x_wconf 85' lang='lat' dir='ltr'><strong>Ligna</strong></span> <span class='ocrx_word' id='word_1_657' title='bbox 2268 4695 2474 4743; x_wconf 88' lang='lat' dir='ltr'><strong>nostra.</strong></span> <span class='ocrx_word' id='word_1_658' title='bbox 2512 4706 2531 4739; x_wconf 72' lang='grc' dir='ltr'><strong>ι</strong></span> <span class='ocrx_word' id='word_1_659' title='bbox 2561 4686 2793 4753; x_wconf 84' lang='lat' dir='ltr'><strong>Quando</strong></span> <span class='ocrx_word' id='word_1_660' title='bbox 2838 4686 2931 4741; x_wconf 82' lang='lat' dir='ltr'><strong>lilii</strong></span> <span class='ocrx_word' id='word_1_661' title='bbox 2954 4686 3118 4741; x_wconf 86' lang='lat' dir='ltr'><strong>lsrael</strong></span> <span class='ocrx_word' id='word_1_662' title='bbox 3144 4685 3524 4757; x_wconf 88' lang='lat' dir='ltr'><strong>promissionis</strong></span> 
     </span>
    </p>
   </div>
   <div class='ocr_carea' id='block_1_104' title="bbox 1946 4778 3526 4849">
    <p class='ocr_par' dir='ltr' id='par_1_104' title="bbox 1946 4778 3526 4849">
     <span class='ocr_line' id='line_1_104' title="bbox 1946 4778 3526 4849; baseline -0.004 -13"><span class='ocrx_word' id='word_1_663' title='bbox 1946 4791 2107 4836; x_wconf 68' lang='lat' dir='ltr'><strong>terrae</strong></span> <span class='ocrx_word' id='word_1_664' title='bbox 2133 4779 2505 4834; x_wconf 82' lang='lat' dir='ltr'><strong>h:ereditatem</strong></span> <span class='ocrx_word' id='word_1_665' title='bbox 2551 4785 2838 4849; x_wconf 86' lang='lat' dir='ltr'><strong>ceperunt,</strong></span> <span class='ocrx_word' id='word_1_666' title='bbox 2885 4792 3074 4849; x_wconf 87' lang='lat' dir='ltr'><strong>regum</strong></span> <span class='ocrx_word' id='word_1_667' title='bbox 3119 4778 3361 4849; x_wconf 89' lang='lat' dir='ltr'><strong>gentium</strong></span> <span class='ocrx_word' id='word_1_668' title='bbox 3404 4793 3526 4832; x_wconf 88' lang='lat' dir='ltr'><strong>cer-</strong></span> 
     </span>
    </p>
   </div>
   <div class='ocr_carea' id='block_1_105' title="bbox 1945 4869 3523 4942">
    <p class='ocr_par' dir='ltr' id='par_1_105' title="bbox 1945 4869 3523 4942">
     <span class='ocr_line' id='line_1_105' title="bbox 1945 4869 3523 4942; baseline -0.004 -14"><span class='ocrx_word' id='word_1_669' title='bbox 1945 4872 2157 4928; x_wconf 86' lang='lat' dir='ltr'><strong>vicibus</strong></span> <span class='ocrx_word' id='word_1_670' title='bbox 2182 4871 2325 4942; x_wconf 86' lang='lat' dir='ltr'><strong>ligna</strong></span> <span class='ocrx_word' id='word_1_671' title='bbox 2355 4869 2649 4925; x_wconf 79' lang='lat' dir='ltr'><strong>fabrefacta</strong></span> <span class='ocrx_word' id='word_1_672' title='bbox 2684 4869 3049 4939; x_wconf 87' lang='lat' dir='ltr'><strong>imponentes,</strong></span> <span class='ocrx_word' id='word_1_673' title='bbox 3101 4877 3523 4939; x_wconf 88' lang='lat' dir='ltr'><strong>prementesque</strong></span> 
     </span>
    </p>
   </div>
   <div class='ocr_carea' id='block_1_106' title="bbox 1945 4957 3525 5033">
    <p class='ocr_par' dir='ltr' id='par_1_106' title="bbox 1945 4957 3525 5033">
     <span class='ocr_line' id='line_1_106' title="bbox 1945 4957 3525 5033; baseline -0.003 -16"><span class='ocrx_word' id='word_1_674' title='bbox 1945 4979 2008 5017; x_wconf 88' lang='lat' dir='ltr'><strong>ea</strong></span> <span class='ocrx_word' id='word_1_675' title='bbox 2042 4963 2289 5033; x_wconf 88' lang='lat' dir='ltr'><strong>pedibus,</strong></span> <span class='ocrx_word' id='word_1_676' title='bbox 2326 4961 2710 5015; x_wconf 86' lang='lat' dir='ltr'><strong>interimebant</strong></span> <span class='ocrx_word' id='word_1_677' title='bbox 2734 4975 2848 5014; x_wconf 88' lang='lat' dir='ltr'><strong>eos.</strong></span> <span class='ocrx_word' id='word_1_678' title='bbox 2879 4957 3012 5025; x_wconf 69' lang='lat' dir='ltr'><strong>Quae</strong></span> <span class='ocrx_word' id='word_1_679' title='bbox 3066 4959 3231 5028; x_wconf 91' lang='lat' dir='ltr'><strong>igitur</strong></span> <span class='ocrx_word' id='word_1_680' title='bbox 3276 4958 3525 5013; x_wconf 88' lang='lat' dir='ltr'><strong>hostibus</strong></span> 
     </span>
    </p>
   </div>
   <div class='ocr_carea' id='block_1_107' title="bbox 1948 5049 3523 5124">
    <p class='ocr_par' dir='ltr' id='par_1_107' title="bbox 1948 5049 3523 5124">
     <span class='ocr_line' id='line_1_107' title="bbox 1948 5049 3523 5124; baseline -0.003 -16"><span class='ocrx_word' id='word_1_681' title='bbox 1948 5064 2038 5108; x_wconf 84' lang='lat' dir='ltr'><strong>tua</strong></span> <span class='ocrx_word' id='word_1_682' title='bbox 2069 5070 2174 5123; x_wconf 87' lang='lat' dir='ltr'><strong>ope</strong></span> <span class='ocrx_word' id='word_1_683' title='bbox 2202 5052 2374 5124; x_wconf 73' lang='lat' dir='ltr'><strong>adiuti</strong></span> <span class='ocrx_word' id='word_1_684' title='bbox 2405 5051 2656 5115; x_wconf 79' lang='lat' dir='ltr'><strong>fecimus,</strong></span> <span class='ocrx_word' id='word_1_685' title='bbox 2689 5051 2881 5106; x_wconf 85' lang='lat' dir='ltr'><strong>eadem</strong></span> <span class='ocrx_word' id='word_1_686' title='bbox 2918 5050 3065 5121; x_wconf 88' lang='lat' dir='ltr'><strong>passi</strong></span> <span class='ocrx_word' id='word_1_687' title='bbox 3109 5064 3300 5104; x_wconf 88' lang='lat' dir='ltr'><strong>sumus</strong></span> <span class='ocrx_word' id='word_1_688' title='bbox 3327 5049 3523 5119; x_wconf 85' lang='lat' dir='ltr'><strong>despe-</strong></span> 
     </span>
    </p>
   </div>
   <div class='ocr_carea' id='block_1_108' title="bbox 1944 5141 3522 5214">
    <p class='ocr_par' dir='ltr' id='par_1_108' title="bbox 1944 5141 3522 5214">
     <span class='ocr_line' id='line_1_108' title="bbox 1944 5141 3522 5214; baseline -0.005 -12"><span class='ocrx_word' id='word_1_689' title='bbox 1944 5147 2048 5213; x_wconf 83' lang='lat' dir='ltr'><strong>Cti;</strong></span> <span class='ocrx_word' id='word_1_690' title='bbox 2089 5145 2408 5214; x_wconf 86' lang='lat' dir='ltr'><strong>spiritaliter</strong></span> <span class='ocrx_word' id='word_1_691' title='bbox 2432 5159 2563 5200; x_wconf 90' lang='lat' dir='ltr'><strong>vero</strong></span> <span class='ocrx_word' id='word_1_692' title='bbox 2598 5143 2678 5198; x_wconf 93' lang='lat' dir='ltr'><strong>sic</strong></span> <span class='ocrx_word' id='word_1_693' title='bbox 2709 5142 2981 5212; x_wconf 85' lang='lat' dir='ltr'><strong>intelliges</strong></span> <span class='ocrx_word' id='word_1_694' title='bbox 3018 5159 3032 5195; x_wconf 89' lang='lat'><strong>:</strong></span> <span class='ocrx_word' id='word_1_695' title='bbox 3069 5141 3204 5196; x_wconf 91' lang='lat' dir='ltr'><strong>Illud</strong></span> <span class='ocrx_word' id='word_1_696' title='bbox 3236 5141 3381 5213; x_wconf 90' lang='lat' dir='ltr'><strong>quod</strong></span> <span class='ocrx_word' id='word_1_697' title='bbox 3414 5156 3522 5194; x_wconf 89' lang='lat' dir='ltr'><strong>non</strong></span> 
     </span>
    </p>
   </div>
   <div class='ocr_carea' id='block_1_109' title="bbox 1943 5234 3521 5309">
    <p class='ocr_par' dir='ltr' id='par_1_109' title="bbox 1943 5234 3521 5309">
     <span class='ocr_line' id='line_1_109' title="bbox 1943 5234 3521 5309; baseline -0.003 -16"><span class='ocrx_word' id='word_1_698' title='bbox 1943 5248 2028 5293; x_wconf 86' lang='lat' dir='ltr'><strong>est</strong></span> <span class='ocrx_word' id='word_1_699' title='bbox 2059 5237 2246 5292; x_wconf 86' lang='lat' dir='ltr'><strong>venale</strong></span> <span class='ocrx_word' id='word_1_700' title='bbox 2267 5238 2458 5309; x_wconf 83' lang='lat' dir='ltr'><strong>jugum</strong></span> <span class='ocrx_word' id='word_1_701' title='bbox 2499 5235 2617 5290; x_wconf 85' lang='lat' dir='ltr'><strong>Filii</strong></span> <span class='ocrx_word' id='word_1_702' title='bbox 2645 5234 2740 5290; x_wconf 88' lang='lat' dir='ltr'><strong>Dei</strong></span> <span class='ocrx_word' id='word_1_703' title='bbox 2773 5235 2934 5290; x_wconf 88' lang='lat' dir='ltr'><strong>datur</strong></span> <span class='ocrx_word' id='word_1_704' title='bbox 2973 5235 3376 5304; x_wconf 87' lang='lat' dir='ltr'><strong>permutatione</strong></span> <span class='ocrx_word' id='word_1_705' title='bbox 3423 5248 3521 5304; x_wconf 83' lang='lat' dir='ltr'><strong>pe-</strong></span> 
     </span>
    </p>
   </div>
   <div class='ocr_carea' id='block_1_110' title="bbox 1945 5345 2141 5385">
    <p class='ocr_par' dir='ltr' id='par_1_110' title="bbox 1945 5345 2141 5385">
     <span class='ocr_line' id='line_1_110' title="bbox 1945 5345 2141 5385; baseline 0.01 -1"><span class='ocrx_word' id='word_1_706' title='bbox 1945 5345 2141 5385; x_wconf 71' lang='lat' dir='ltr'><strong>CllllliB.</strong></span> 
     </span>
    </p>
   </div>
   <div class='ocr_carea' id='block_1_111' title="bbox 2025 5497 3525 5574">
    <p class='ocr_par' dir='ltr' id='par_1_111' title="bbox 2025 5497 3525 5574">
     <span class='ocr_line' id='line_1_111' title="bbox 2025 5497 3525 5574; baseline -0.007 -13"><span class='ocrx_word' id='word_1_707' title='bbox 2025 5505 2086 5561; x_wconf 85' lang='lat' dir='ltr'><strong>V.</strong></span> <span class='ocrx_word' id='word_1_708' title='bbox 2126 5506 2179 5560; x_wconf 84' lang='lat'><strong>5.</strong></span> <span class='ocrx_word' id='word_1_709' title='bbox 2212 5525 2230 5557; x_wconf 79' lang='grc' dir='ltr'><strong>ι</strong></span> <span class='ocrx_word' id='word_1_710' title='bbox 2268 5504 2417 5559; x_wconf 80' lang='lat' dir='ltr'><strong>Passi</strong></span> <span class='ocrx_word' id='word_1_711' title='bbox 2446 5519 2636 5558; x_wconf 86' lang='lat' dir='ltr'><strong>sumus</strong></span> <span class='ocrx_word' id='word_1_712' title='bbox 2658 5502 3116 5574; x_wconf 68' lang='lat' dir='ltr'><strong>persecutionem.</strong></span> <span class='ocrx_word' id='word_1_713' title='bbox 3154 5519 3173 5552; x_wconf 76' lang='grc' dir='ltr'><strong>ι</strong></span> <span class='ocrx_word' id='word_1_714' title='bbox 3203 5499 3339 5553; x_wconf 92' lang='lat' dir='ltr'><strong>Dum</strong></span> <span class='ocrx_word' id='word_1_715' title='bbox 3377 5497 3525 5550; x_wconf 88' lang='lat' dir='ltr'><strong>enim</strong></span> 
     </span>
    </p>
   </div>
   <div class='ocr_carea' id='block_1_112' title="bbox 1945 5589 3524 5669">
    <p class='ocr_par' dir='ltr' id='par_1_112' title="bbox 1945 5589 3524 5669">
     <span class='ocr_line' id='line_1_112' title="bbox 1945 5589 3524 5669; baseline -0.006 -16"><span class='ocrx_word' id='word_1_716' title='bbox 1945 5600 2134 5669; x_wconf 76' lang='lat' dir='ltr'><strong>jugum</strong></span> <span class='ocrx_word' id='word_1_717' title='bbox 2169 5598 2334 5668; x_wconf 90' lang='lat' dir='ltr'><strong>impie</strong></span> <span class='ocrx_word' id='word_1_718' title='bbox 2364 5597 2754 5662; x_wconf 90' lang='lat' dir='ltr'><strong>contemnitur,</strong></span> <span class='ocrx_word' id='word_1_719' title='bbox 2785 5596 2899 5651; x_wconf 86' lang='lat' dir='ltr'><strong>abit</strong></span> <span class='ocrx_word' id='word_1_720' title='bbox 2925 5605 2981 5651; x_wconf 84' lang='lat' dir='ltr'><strong>et</strong></span> <span class='ocrx_word' id='word_1_721' title='bbox 3019 5593 3208 5664; x_wconf 90' lang='lat' dir='ltr'><strong>quies,</strong></span> <span class='ocrx_word' id='word_1_722' title='bbox 3248 5589 3524 5660; x_wconf 81' lang='lat' dir='ltr'><strong>sequitur-</strong></span> 
     </span>
    </p>
   </div>
   <div class='ocr_carea' id='block_1_113' title="bbox 1947 5689 2780 5762">
    <p class='ocr_par' dir='ltr' id='par_1_113' title="bbox 1947 5689 2780 5762">
     <span class='ocr_line' id='line_1_113' title="bbox 1947 5689 2780 5762; baseline -0.002 -17"><span class='ocrx_word' id='word_1_723' title='bbox 1947 5706 2051 5762; x_wconf 92' lang='lat' dir='ltr'><strong>que</strong></span> <span class='ocrx_word' id='word_1_724' title='bbox 2073 5691 2184 5761; x_wconf 85' lang='lat' dir='ltr'><strong>jam</strong></span> <span class='ocrx_word' id='word_1_725' title='bbox 2215 5691 2523 5762; x_wconf 86' lang='lat' dir='ltr'><strong>persecutio</strong></span> <span class='ocrx_word' id='word_1_726' title='bbox 2553 5689 2780 5757; x_wconf 89' lang='lat' dir='ltr'><strong>peccati.</strong></span> 
     </span>
    </p>
   </div>
  </div>
