4218 6448
747 397 852 457 763

1817 407 2338 470 OLYMPIODORI
2364 412 2890 475 ALEXANDRINI

3927 422 4039 485 764

747 513 956 580 optimo
985 527 1039 568 et
1074 517 1214 571 Deus
1249 520 1481 586 punivit,
1518 533 1573 575 ct
1621 540 1720 577 nos
1773 525 1828 578 in
1880 526 2202 582 confusione
2249 545 2328 582 su-

2441 529 2655 583 δικαίου
2685 533 2864 600 λόγον,
2907 535 3002 587 καὶ
3032 537 3165 598 Θεὸς
3205 539 3613 612 ἐτιμωρήσατο,
3647 543 3740 594 καὶ
3768 545 3944 612 ἡμεῖς
3979 547 4038 596 ἐν

749 622 872 658 mus
905 609 1085 672 hodie,
1113 612 1484 678 captivitatem
1512 615 1659 682 jnste
1691 619 2051 673 sustinentes.

824 784 884 839 Υ.
924 789 1007 840 l9.
1047 808 1064 840 ι
1107 790 1171 845 ΕΙ.
1205 795 1555 862 vagabantur.
1594 817 1611 848 ι
1649 800 2107 883 Ρηειοιοὺοιῐιμε,
2139 819 2335 862 causas

750 880 1146 950 contingentes.

1425 983 1576 1037 CAP.
1619 984 1682 1037 ll.

823 1061 886 1116 V.
924 1065 1010 1119 tt.
1047 1085 1067 1117 ε
1106 1066 1172 1122 Et
1224 1069 1401 1126 fecisti
1457 1075 1552 1129 tibi
1611 1093 1832 1136 nomen.
1872 1099 1888 1130 ι
1947 1083 2048 1136 Per
2098 1100 2160 1138 ea
2209 1102 2331 1154 quze

752 1157 1104 1214 continenter
1157 1167 1382 1231 patrasti
1439 1169 1738 1237 mirabilia;
1794 1173 1846 1226 in
1904 1177 2130 1246 gratiam
2182 1181 2328 1234 enim

755 1249 1058 1317 prophetae,
1089 1262 1146 1307 et
1175 1268 1485 1311 sanctorum
1527 1264 1769 1317 omnium
1804 1266 1943 1321 Deus
1979 1284 2086 1322 non
2129 1270 2333 1327 desinit

755 1341 892 1393 mira
941 1343 1179 1411 eflicere,
1219 1348 1314 1399 sed
1373 1363 1588 1420 semper
1629 1354 1680 1406 in
1735 1355 1866 1424 ipsis
1919 1359 2179 1415 mirabilis
2223 1375 2326 1418 cst.

755 1429 868 1486 Nisi
901 1438 1154 1491 ostendat
1181 1439 1356 1508 signa.
1388 1443 1736 1499 admirationi
1770 1463 1876 1502 non
1907 1461 2011 1504 est.

827 1525 888 1580 γ.
922 1528 1007 1580 18.
1045 1546 1065 1579 ι
1105 1530 1210 1584 Sed
1241 1534 1442 1588 anima.
1475 1554 1494 1586 ι
1537 1536 1723 1607 Magna
1760 1551 1978 1609 portant
2017 1560 2204 1608 onera,
2236 1550 2327 1618 qui

755 1631 863 1668 non
900 1619 1234 1677 sustinentes
1279 1639 1598 1681 curvantur.
1629 1631 1822 1687 Anima
1863 1634 2044 1704 igitur,
2080 1639 2178 1700 ait,
2208 1657 2328 1710 quae

754 1706 1133 1776 iniquitatibus
1188 1718 1471 1783 premitur,
1530 1737 1834 1794 magnoque
1887 1743 2124 1784 maerore
2168 1747 2328 1785 vexa-

759 1807 864 1864 tur,
890 1816 1057 1855 curva
1091 1815 1146 1858 et
1181 1807 1389 1862 infirma
1426 1813 1732 1870 confitetur.

836 1912 854 1942 ς
892 1894 958 1947 Et
983 1897 1124 1951 oculi
1158 1899 1496 1960 deficientes.
1534 1927 1552 1958 ι
1607 1910 1732 1965 Sive
1771 1914 2072 1969 secundum
2112 1932 2332 1972 sensum
2365 1889 2408 1946 Β

760 1995 983 2053 propter
1029 1989 1390 2060 calamitates,
1435 1998 1517 2052 vel
1562 2002 1722 2055 etiam
1755 2018 1821 2058 ex
1867 2006 2066 2062 mentis
2107 2009 2336 2064 medita-

761 2077 905 2131 tione
943 2081 1306 2141 oll’uscantnr.

833 2168 894 2223 ν.
924 2173 1013 2228 24.
1057 2193 1074 2224 ι
1110 2175 1180 2230 Ut
1220 2180 1650 2239 transferrentur
1698 2202 1822 2243 ossa
1875 2206 2062 2261 regum
2115 2203 2337 2250 nostro-

763 2276 901 2314 rum.
946 2283 964 2314 ι
1009 2264 1066 2319 In
1099 2266 1313 2338 signum
1349 2271 1516 2327 futuri
1561 2275 1743 2344 iudicii
1785 2291 1909 2352 post
1949 2295 2178 2341 mortem
2213 2302 2336 2344 ossa

756 2370 948 2412 eorum
981 2361 1166 2418 multa:
1195 2365 1649 2435 subjiciebantur.

1418 2479 1543 2536 ΞΑΡ.
1588 2482 1677 2538 lll.

1418 2481 1430 2496 ‘
1483 2481 1543 2536 Ρ.
1588 2482 1677 2538 lll.

830 2556 891 2612 V.
918 2560 973 2613 3.
1015 2581 1036 2614 ιι
1069 2561 1206 2628 Quia
1238 2575 1296 2622 tu
1322 2481 1482 2626 sedc;
1510 2573 1564 2628 in
1595 2577 2013 2647 sempiternum.
2046 2601 2064 2634 ι
2104 2584 2207 2649 Τυ,
2235 2586 2333 2652 ait,

758 2652 1127 2719 sempiternus
1155 2673 1236 2725 es,
1273 2671 1328 2716 et
1359 2663 1701 2734 dominator;
1736 2685 1838 2726 nos
1868 2683 2050 2728 autem
2079 2679 2336 2733 mortales

756 2749 814 2794 ct
852 2740 1002 2798 tinxi.

833 2831 892 2886 V.
932 2836 985 2889 4.
1028 2856 1047 2887 ι
1084 2837 1314 2898 Domine
1351 2846 1733 2916 omnipotens,
1768 2853 1894 2907 audi
1939 2871 2088 2910 nunc
2129 2859 2336 2913 oratio-

759 2940 882 2978 nem
930 2941 1292 2988 mortuorum.
1330 2955 1349 2986 ι
1383 2936 1746 3006 Mortuorum,
1773 2945 1868 3010 ait,
1896 2962 2084 3002 eorum
2117 2951 2170 3004 in
2198 2968 2335 3021 quos

756 3021 1025 3073 sententia
1061 3023 1166 3076 lata
1201 3033 1286 3079 est
1319 3039 1543 3098 propter
1573 3045 1877 3101 peccatum.
1909 3067 1979 3076 —
2009 3038 2184 3094 Verba
2221 3042 2336 3099 haec

757 3111 1042 3178 perspicue
1074 3115 1454 3176 demonstrant
1483 3122 1945 3183 immortalitatem
1975 3132 2190 3187 animte.

2444 624 2674 694 αἰσχύνῃ
2715 627 2884 695 ἐσμὲν
2929 629 3190 698 σήμερον,
3238 634 3296 684 ἐν
3350 636 3696 706 αἰχμαλωσίᾳ
3749 635 3905 696 ὄντες
3954 637 4036 686 δι-

2444 716 2632 777 καέως.

2517 825 2534 858 ι
2608 809 2718 860 Καὶ
2753 811 3162 884 ἐτχεδιάζομεν.
3225 833 3245 867 ι
3314 813 3802 888 Προὺφασιζόμεθα
3848 823 4035 880 αἰτίας

2441 897 2813 952 ἀναπλάττοντ
2822 917 2844 952 ε
2855 918 2902 963 ς.

3086 997 3245 1050 ΚΕΦ.
3290 997 3364 1051 B’.

2519 1103 2537 1135 ι
2575 1085 2687 1137 Καὶ
2725 1087 2992 1158 ἐποίησας
3022 1092 3236 1160 σεαυτῷ
3263 1092 3453 1160 ὄνομα.
3482 1111 3500 1142 ι
3526 1092 3682 1145 Κατὰ
3705 1092 3772 1144 τὰ
3796 1092 4036 1160 διηνεκῆ

2443 1193 2535 1228 σου
2596 1179 2920 1248 θαυμάσιαο
2969 1180 3047 1250 τῷ
3096 1181 3205 1251 γὰρ
3255 1186 3508 1253 προφήτῃ
3566 1185 3662 1236 καὶ
3719 1187 3860 1238 πᾶσι
3919 1186 4037 1244 τοῖς

2440 1269 2618 1336 ἁγίοις
2657 1271 2717 1323 οὺ
2763 1272 3114 1342 διαλιμπάνει
3157 1274 3598 1347 θαυματουργῶν
3649 1280 3676 1328 ὁ
3723 1277 3883 1340 Θεὸς,
3915 1277 4036 1330 ἀλλ’

2436 1364 2525 1415 ἀεὶ
2567 1363 2887 1433 θαυμαστὸς
2921 1368 3050 1438 παρ’
3078 1370 3285 1432 αὐτοῖς.
3334 1370 3394 1423 Ei
3435 1370 3509 1440 μὴ
3557 1373 3760 1439 ποιήσῃ
3794 1374 4034 1437 σημεῖα.

2437 1456 2497 1507 οὺ
2536 1458 2902 1525 θαυμάζεται.

2510 1565 2529 1597 ι
2563 1546 2725 1600 Ἀλλὰ
2755 1551 2787 1618 ἡ
2815 1549 2986 1620 ψυχή.
3020 1571 3036 1601 ι
3074 1552 3138 1605 Οί
3168 1552 3381 1620 μεγάλα
3412 1553 3609 1623 φορτία
3635 1553 4033 1623 βαστάζοντες,

2435 1635 2794 1701 ἀσθενοῦντες
2826 1641 3119 1695 κόπτουσι.
3160 1642 3324 1712 Ψυχὴ
3345 1641 3462 1707 οῦν,
3508 1644 3697 1711 φησὶν,
3731 1645 3764 1711 ή
3787 1641 3882 1694 διὰ
3935 1645 4035 1704 τὰς

2437 1726 2712 1799 ἁμαρτίας
2752 1731 3094 1801 κακουμένη,
3160 1732 3256 1784 καὶ
3301 1733 3536 1808 μέγεθος
3576 1733 3777 1802 ἔχουσα
3821 1733 4034 1804 λύπης,

2437 1820 2726 1874 κύπτουσα
2750 1825 2845 1875 καὶ
2871 1824 3178 1877 ἀσθενοῦσα
3205 1823 3574 1894 ὁμολογεῖται.

2514 1931 2532 1962 ι
2563 1912 2674 1965 Καὶ
2697 1913 2748 1964 oi
2777 1914 3051 1985 ὀφθαλμοὶ
3091 1917 3141 1967 οἱ
3185 1915 3554 1978 ἐκλείποντες.
3606 1939 3622 1968 ν
3669 1917 3792 1970 Εἴτε
3829 1918 4035 1987 αἰσθη-

2435 2002 2544 2066 τῶς
2571 2003 2659 2055 διὰ
2691 2004 2788 2067 τὰς
2821 2005 3129 2077 συμφορὰς,
3167 2007 3275 2059 εἴτε
3306 2008 3398 2060 καὶ
3427 2009 3490 2060 ἐκ
3534 2009 3629 2076 τῆς
3658 2013 3857 2078 νοητῆς
3892 2008 4036 2062 θεω-

2440 2095 2561 2165 ρίας
2590 2097 3025 2166 ἀμαυροῦμενοι.

2511 2208 2532 2239 ι
2575 2190 2682 2242 Τοῦ
2703 2189 3057 2260 ἐξενεχθῆναι
3088 2191 3156 2243 τὰ
3195 2192 3330 2244 ὀστᾶ
3355 2192 3622 2261 βασιλέων
3652 2193 3834 2264 ἡμῶν.
3880 2213 3900 2243 θ
3937 2194 4035 2256 Ek

2436 2280 2636 2348 δεῖγμα
2667 2279 2767 2350 τῆς
2810 2280 3116 2352 μελλούσης
3165 2281 3422 2352 κρίσεως,
3485 2283 3626 2352 μετὰ
3658 2283 3926 2355 τελευτὴν
3964 2283 4036 2337 τὰ

2436 2371 2572 2423 ὀστᾶ
2595 2370 2776 2422 αὐτῶν
2801 2370 3193 2442 ἐτιμωροῦντο.

3084 2484 3240 2537 ΚΕΦ.
3285 2482 3357 2539 Γ.

2513 2589 2531 2621 ι
2582 2573 2707 2624 Ὀτι
2765 2573 2830 2626 σὺ
2880 2571 3190 2642 καθήμενος
3239 2575 3327 2627 τὸν
3377 2575 3570 2630 αἰῶνα.
3615 2595 3633 2626 ι
3686 2578 3781 2640 Σὺ,
3837 2580 4030 2648 φησὶν,

2435 2662 2608 2721 ἀΐδιος
2637 2659 2687 2716 εἷ
2715 2666 2811 2717 καὶ
2857 2664 3240 2735 ἐξουσιαστὴς,
3264 2669 3428 2736 ἡμεῖς
3460 2666 3517 2719 δὲ
3549 2667 3733 2737 θνητοὶ
3768 2670 3867 2721 καὶ
3909 2671 4032 2722 ἐπί-

2438 2772 2649 2866 “WE.
3039 2850 3049 2866 ,
3234 2850 3255 2866 .
3497 2852 3541 2866 ..
3617 2853 3640 2864 -
3966 2856 3991 2866 -

2511 2867 2529 2898 ο
2572 2847 2744 2918 Κύριε
2769 2850 3195 2919 παντοκράτωρ,
3227 2850 3464 2903 ἄκουσον
3492 2852 3558 2922 δὴ
3582 2853 3678 2922 τῆς
3709 2856 4031 2924 προσευχῆς

2439 2941 2541 2993 τῶν
2567 2941 2930 3011 τεθνηκότων.
2973 2961 2991 2993 ι
3041 2942 3424 3012 Τεθνηκὸτων,
3455 2945 3613 3014 φησὶ,
3645 2945 3754 2998 τῶν
3790 2947 3901 2999 ὑπὸ
3930 2949 4029 3019 τὴν

2435 3033 2711 3102 ἀπόφασιν
2747 3034 3060 3104 γενομένων
3096 3035 3182 3087 διὰ
3229 3036 3326 3105 τὴν
3354 3037 3653 3107 ἁμαρτίαν.
3680 3067 3748 3078 --
3775 3038 4030 3104 Ἔδειξεν

2435 3128 2462 3177 ὁ
2488 3125 2645 3193 λόγος
2673 3127 2864 3194 σαφῶς
2893 3127 2995 3195 τῆς
3035 3127 3218 3196 ψυχῆς
3241 3127 3303 3179 τὺ
3335 3127 3626 3184 ἀθάνατον.

828 3201 889 3257 ν.
922 3205 976 3260 5.
1026 3228 1042 3258 ε
1086 3208 1193 3264 Sed
1248 3226 1545 3270 memento.
1591 3238 1610 3270 ι
1671 3220 1969 3287 Consueta,
2029 3227 2126 3291 ait,
2178 3240 2328 3284 utere

2509 3237 2526 3268 ι
2566 3216 2730 3270 Ἀλλὰ
2770 3217 3070 3288 μνήσθητι.
3112 3238 3129 3268 ι
3163 3220 3242 3289 Τῇ
3288 3219 3536 3289 συνήθει,
3590 3220 3777 3290 φησὶν,
3819 3221 4028 3291 χρῆσαι

754 3295 1138 3354 miraculorum
1195 3304 1416 3358 virtute.
1463 3306 1638 3378 thue
1687 3312 1923 3369 eduxiin
1964 3332 2030 3370 ex
2075 3317 2325 3390 Ᾱίεῃιιη,

755 3387 834 3442 sic
879 3406 908 3444 e
956 3390 1226 3464 Babylone
1283 3398 1470 3453 libera.
1504 3431 1573 3440 —
1600 3402 1867 3469 Quoniam
1924 3387 2330 3480 populus-tuus

753 3493 963 3531 SlllllllS.

828 3568 889 3621 V.
934 3571 986 3624 8.
1031 3590 1049 3621 ε
1091 3573 1226 3629 Ecce
1261 3593 1361 3632 nos
1410 3579 1572 3635 hodie
1619 3583 1672 3637 in
1717 3588 2030 3656 captivitate
2062 3604 2265 3648 nostra.
2306 3615 2322 3647 ι

754 3661 883 3727 Nos,
915 3664 1108 3735 inquit,
1147 3671 1293 3738 ipsos
1315 3675 1776 3739 examinavimus;
1810 3681 2004 3735 merito
2037 3686 2182 3739 enim
2227 3702 2328 3740 no-

749 3754 837 3808 bis
872 3770 1176 3814 cvcnerunt
1213 3774 1437 3832 propter
1464 3781 1628 3835 opera
1667 3777 1878 3838 patrum
1915 3783 2253 3830 nostrorum.

826 3846 887 3901 V.
922 3849 975 3904 9.
1015 3868 1032 3898 ι
1063 3850 1225 3917 Audi,
1255 3854 1443 3911 Israel.
1481 3875 1501 3908 ι
1544 3858 1684 3914 Hinc
1731 3863 2075 3930 prophetiam
2117 3865 2324 3922 Baruch

749 3941 1066 4009 exorditur;
1101 3960 1227 3999 nam
1268 3962 1389 4016 quae
1430 3962 1826 4018 pmcesserunt
1868 3957 2053 4022 verba,
2082 3960 2328 4028 captivo-

753 4047 872 4085 rum
918 4046 1048 4090 sunt
1095 4038 1299 4103 omnia,
1331 4040 1424 4110 qui
1454 4055 1485 4094 ο
1513 4040 1786 4114 Babylone
1831 4048 2168 4118 scripserant
2209 4053 2328 4124 epi-

746 4127 922 4192 stolae,
955 4129 1319 4187 confessionis
1351 4134 1513 4190 modo
1539 4137 1775 4206 prolata.

820 4302 882 4357 ν.
938 4304 1022 4361 tt.
1081 4326 1100 4360 ι
1141 4307 1487 4368 tnveterasti.
1533 4332 1553 4366 ι
1608 4313 1946 4387 Praceptum
1989 4320 2150 4385 vitae,
2195 4339 2328 4394 pru-

745 4397 946 4452 dentia.

824 4510 841 4539 ι
883 4488 1182 4560 Deputatus
1207 4510 1287 4550 es.
1328 4515 1348 4549 ιι
1381 4497 1521 4553 Cum
1549 4499 1617 4556 iis
1641 4502 1736 4572 qui
1762 4503 1858 4560 Dei
1892 4508 2201 4579 cognitione
2232 4527 2325 4567 ca-

749 4589 890 4632 rcnt.
918 4610 987 4620 —
1010 4583 1148 4638 Cum
1181 4586 1246 4640 iis
1271 4589 1362 4656 qui
1399 4591 1581 4647 adhuc
1611 4593 1931 4652 detinentur
1955 4614 1986 4654 a
2021 4612 2220 4658 morte.

819 4671 880 4725 ν.
917 4674 1001 4728 12.
1040 4693 1059 4726 ι
1096 4677 1467 4749 Dereliquisti.
1497 4702 1518 4736 ι
1554 4683 1846 4742 Dominum
1871 4701 2118 4747 nostrum
2140 4695 2327 4753 Iesum

746 4761 1047 4818 Christum.
1084 4766 1188 4828 Tu,
1227 4768 1424 4839 inquit,
1459 4771 1779 4845 tibimetipsi
1825 4777 2020 4834 horum
2061 4782 2327 4840 malorum

745 4862 939 4906 auctor
979 4853 1132 4909 fuisti
1170 4874 1184 4910 :
1224 4873 1348 4913 cum
1383 4861 1530 4916 enim
1573 4864 1770 4920 ducem
1819 4870 1975 4940 sequi
2019 4870 2192 4942 legem
2227 4875 2328 4931 de-

752 4941 926 5007 beres,
957 4962 1120 5015 quam
1152 4952 1434 5020 sapientia:
1464 4953 1586 5008 fons
1617 4956 1821 5020 intulit,
1853 4972 2038 5016 secuta
2069 4941 2130 5019 es
2159 4982 2326 5022 vanas

748 5038 1126 5107 I-ngitationes.

831 5130 890 5184 V.
946 5133 1031 5187 l3.
1085 5154 1103 5185 ι
1152 5135 1208 5189 In
1245 5137 1327 5191 via
1384 5137 1500 5196 Dei.
1543 5161 1560 5193 ι
1597 5140 1858 5200 Dominus
1899 5148 2017 5202 ait:
2058 5149 2172 5220 Ego
2209 5169 2326 5207 sum

745 5226 828 5278 riu
863 5225 930 5278 “.
979 5225 1082 5291 Qui
1133 5231 1312 5297 itaque
1360 5231 1428 5287 ad
1479 5234 1600 5304 eius
1648 5235 2008 5295 imitationem
2060 5245 2325 5311 ambulat,

747 5317 864 5386 ejus
892 5318 979 5371 via
1010 5319 1273 5374 ambulat.

817 5409 877 5463 V.
915 5411 1000 5464 14.
1043 5431 1062 5463 ι
1105 5411 1259 5469 Disce
1305 5416 1397 5471 ubi
1436 5417 1508 5472 sit
1556 5421 1867 5489 prudentia.
1910 5443 1930 5476 ι
1973 5424 2326 5498 Quandoqui-

743 5499 865 5552 dent
895 5500 1090 5556 litterae
1118 5504 1386 5573 adtiaercs,
1425 5509 1597 5578 disce,
1637 5512 1695 5569 in
1732 5513 1941 5586 Spiritu
1970 5527 2164 5574 sancto
2191 5536 2324 5590 pru-

741 5591 984 5646 dentiam
1018 5610 1159 5650 esse.

819 5705 836 5731 σι
878 5685 976 5740 L‘bi
1004 5689 1074 5742 sit
1103 5690 1292 5746 virtus.
1328 5713 1345 5744 ι
1377 5694 1533 5753 Nunc
1571 5699 1754 5770 itaque
1783 5716 1904 5757 cum
1945 5703 1998 5759 id
2030 5705 2181 5773 prius
2213 5723 2317 5761 non

811 5867 852 5895 "
883 5864 1047 5933 Joan,
1069 5883 1155 5920 xw
1183 5911 1195 5936 ,
1226 5870 1275 5921 6.

2442 3309 2882 3381 θαυματουργία,
2910 3312 3005 3365 καὶ
3029 3311 3105 3374 ὡς
3136 3312 3403 3382 ἐξήγαγες
3427 3313 3486 3376 ἐξ
3509 3314 3814 3381 Αἰγύπτου,
3850 3315 4031 3378 οὕτως

2440 3404 2806 3475 ἐλευθέρωσον
2840 3407 2903 3457 ἐκ
2959 3404 3298 3469 Βαϐυλῶνος.
3333 3435 3403 3446 -
3431 3406 3556 3459 Ὀτι
3601 3407 3690 3469 σὸς
3721 3407 3855 3470 λαὸς
3892 3425 4031 3479 χΡτΓ

2443 3495 2762 3566 ματίζομεν.

2517 3605 2534 3636 ι
2599 3589 2730 3640 Ἰδοὺ
2783 3589 2944 3657 ἡμεῖς
2985 3588 3225 3659 σήμερον
3265 3591 3324 3642 ἐν
3377 3594 3443 3661 τῇ
3498 3592 3724 3662 ἀποικία
3778 3593 3964 3661 ἡμῶν.
4007 3614 4026 3645 ν

2454 3682 2710 3744 Ἑαυτοὺς
2732 3724 2745 3744 ,
2782 3683 2967 3752 φησὶν,
3013 3683 3335 3751 ἐκρίναμεν,
3388 3688 3483 3736 καὶ
3513 3685 3915 3755 ἐμεμψάμεθα,
3948 3687 4030 3738 ὅτι

2439 3772 2606 3837 ἀξίως
2629 3775 2806 3842 ἐπὲὄη
2837 3776 2971 3843 ἡμῖν
2997 3774 3089 3826 διὰ
3113 3777 3181 3827 τὰ
3213 3776 3352 3846 ἔργα
3378 3777 3488 3827 τῶν
3511 3778 3766 3849 πατέρων
3791 3779 3979 3847 ἡμῶν.

2516 3883 2534 3915 ε
2574 3867 2795 3929 Ἀκουε,
2846 3866 3082 3936 Ἰσραήλ.
3125 3887 3142 3916 ι
3195 3867 3480 3921 Ἐντεῦθεν
3519 3871 3748 3939 ἄρχεται
3806 3887 4029 3940 προφη-

2437 3957 2618 4010 τεύειν
2665 3959 2693 4010 ὁ
2749 3958 2998 4029 Βαροῦχ·
3033 3960 3101 4012 τὰ
3155 3961 3264 4028 γὰρ
3316 3962 3754 4030 προηγησάμενα
3801 3965 4029 4033 ῥήματα

2439 4051 2618 4103 πάντα
2657 4050 2754 4120 τῆς
2805 4050 3098 4120 ἐπιστολῆς
3136 4052 3244 4104 τῶν
3289 4053 3654 4122 αἰχμαλώτων
3686 4054 3794 4105 τῶν
3823 4057 3891 4107 ἐκ
3922 4057 4029 4107 Βα-

2438 4142 2606 4206 λῶνος
2637 4143 3056 4195 ἐπεσταλκότων
3099 4146 3266 4207 ἐστὶν,
3307 4144 3383 4206 ὡς
3409 4145 3862 4215 ἐξομολογήσεως
3897 4152 4026 4218 τιή-

2441 4253 2574 4306 ματι
2599 4235 3008 4306 προφερόμενα.

2511 4328 2915 4398 Ἐπαλαιὼθης.
2957 4348 2975 4380 ι
3003 4329 3230 4401 Ἐντολὴ
3257 4329 3429 4400 ζωῆς,
3466 4333 3499 4402 ὴ
3535 4333 3822 4403 φρόνητις.

2514 4525 2534 4558 ‹
2568 4502 3029 4577 Προσελογίσθης.
3063 4520 3081 4553 ι
3137 4501 3263 4565 Τοῖς
3306 4504 3584 4571 ἀγνωσίαν
3610 4503 3752 4558 Θεοῦ
3779 4506 4025 4576 ἔχουσιν.

2360 4588 2407 4646 Ι)
2433 4631 2502 4641 -
2525 4597 2650 4652 Τῶν
2682 4595 3075 4667 κρατουμένων
3102 4595 3181 4648 ἔτι
3212 4597 3318 4649 ὑπὸ
3339 4597 3435 4650 τοῦ
3469 4596 3725 4653 θανάτου.

2510 4709 2530 4742 ι
2579 4687 2994 4755 Ἐγκατέλιπες.
3029 4705 3047 4738 ι
3077 4686 3182 4739 Τὸν
3209 4688 3414 4758 Κύριον
3445 4691 3603 4760 ἡμῶν
3641 4691 3862 4759 Ἰησοῦν
3897 4696 4030 4762 Χρι-

2435 4785 2581 4838 στόν.
2625 4780 2837 4850 Σαυτῷ,
2868 4779 3023 4850 φησὶ,
3059 4779 3318 4850 πρόξενος
3346 4781 3536 4848 ἐγένου
3567 4782 3678 4834 τῶν
3723 4788 4030 4855 παρόντων

2433 4875 2640 4930 κακῶν.
2671 4874 2804 4926 Δέον
2831 4873 2942 4940 γάρ
2983 4888 3043 4923 σε
3091 4871 3319 4942 ποδηγῷ
3361 4875 3671 4944 χρήσασθαι
3713 4878 3797 4947 τῷ
3847 4880 4026 4948 νόμῳ,

2431 4965 2490 5017 ὃν
2522 4966 2556 5036 ή
2583 4965 2684 5035 τῆς
2711 4964 2902 5032 σοφίας
2927 4961 3080 5032 πηγὴ
3128 4965 3549 5035 προσενήνοχεν,
3603 4967 3864 5036 ματαίοις
3898 4971 4030 5038 ἡκο-

2430 5058 2702 5128 λούθησας
2735 5057 3017 5126 λογισμοῖς
3028 5096 3041 5110 .

2507 5174 2525 5202 ε
2569 5149 2650 5220 Τῇ
2677 5149 2783 5219 ὀδῷ
2831 5148 2928 5202 τοῦ
2962 5149 3120 5203 Θεοῦ.
3162 5169 3180 5201 ι
3248 5152 3308 5204 '0
3361 5149 3568 5221 Κύριός
3600 5166 3811 5221 φησιν·
3877 5154 4029 5222 Ἐπὸ

2428 5248 2543 5314 ειμι
2576 5243 2612 5308 ἡ
2655 5243 2814 5307 ὁδός.
2852 5243 2912 5294 'U
2935 5240 3033 5295 οῦν
3065 5243 3202 5296 κατὰ
3247 5244 3484 5315 μίμησιν
3512 5244 3682 5298 αὐτοῦ
3708 5247 4026 5316 πορευόμε-

2430 5353 2540 5399 νος,
2571 5337 2636 5404 τῇ
2661 5332 2766 5402 ὁδῷ
2789 5331 2956 5385 αὐτοῦ
2981 5333 3301 5404 πορεύεται.

2510 5446 2530 5478 ι
2569 5426 2726 5480 Μάθε
2758 5424 2861 5478 ποῦ
2902 5426 3020 5478 ἐστι
3055 5426 3338 5495 φρόνησις.
3391 5445 3410 5479 ι
3460 5426 3680 5496 Ἐπειδὴ
3717 5427 3799 5498 τῷ
3831 5430 4021 5500 γράμ-

2434 5536 2567 5590 ματι
2608 5517 2958 5587 κεκόλλησαι,
3010 5517 3152 5587 μάθε
3182 5517 3266 5571 ὅτι
3290 5520 3348 5571 ἐν
3374 5518 3515 5590 ἁγίῳ
3551 5518 3842 5590 Πνεῦματι
3869 5524 4023 5575 ἐστὶν

2431 5615 2463 5684 ἡ
2495 5612 2780 5683 φρόνησιςο

2509 5725 2524 5756 ί
2566 5704 2674 5758 Ποῦ
2700 5705 2847 5756 ἐστιν
2874 5701 3047 5773 ἰσχύς.
3088 5721 3106 5753 ι
3135 5701 3248 5755 Νῦν
3276 5700 3430 5772 γοῦν,
3463 5702 3758 5775 ἐπειδήπερ
3787 5705 3852 5757 οὐ
3881 5711 4018 5776 πρό-
