4218 6448
174 387 284 449 ’165

1157 390 1625 453 FRAGMENTA
1666 395 1746 455 IN
1786 396 2086 458 LIBRUM
2125 400 2453 460 BARUCII.

3337 410 3447 472 766

168 514 352 572 τερον,
387 498 625 569 ζήτησον
656 497 752 553 καὶ
785 497 997 571 γνώσῃ,
1022 499 1107 563 τίς
1140 500 1351 555 τούτων
1389 502 1628 573 χορηγὸς
1656 506 1762 559 τῶν

1868 507 2084 574 feceris,
2109 527 2315 581 quarre,
2353 522 2408 566 et
2436 512 2616 567 disces
2650 512 2901 582 quisnam
2934 518 3004 570 sit
3046 517 3237 571 horum
3273 522 3444 573 hono-

168 592 415 648 ἀγαθῶν.

246 611 415 646 αυων.

210 611 271 739 γει
306 686 418 738 Ποῦ
455 686 573 739 ἐστι
603 683 843 749 σύνεσις.
881 703 903 737 ι
941 687 1007 739 Ἥ
1035 688 1180 741 κατὰ
1215 688 1317 757 τῆς
1346 689 1645 760 ἁμαρτίας.

252 898 269 926 i
318 877 427 931 Ποῦ
479 880 597 932 ἐστι
634 879 1012 951 μακροϐίωσις
1045 881 1141 935 καὶ
1174 882 1313 954 ζωή.
1346 902 1366 935 ι
1407 882 1515 937 Τοῦ
1542 885 1759 957 διακρί-

176 987 263 1021 ναι
286 971 346 1022 τὸ
372 971 574 1035 ἀγαθὸν
596 971 663 1024 ὲκ
690 970 787 1025 τοῦ
819 970 1049 1042 φαύλου.

252 1080 270 1110 ι
309 1060 417 1114 Ποῦ
449 1063 565 1114 ἐστι
619 1061 759 1131 φῶς.
808 1081 824 1114 ι
874 1063 966 1119 Ἑν
1010 1064 1089 1135 τῷ
1120 1065 1337 1138 Κυρίῳ,
1383 1068 1653 1141 δηλονότι.
1694 1070 1760 1125 ὀ

176 1152 286 1223 γὰρ
308 1154 611 1208 πιστεύων
637 1157 727 1221 εἰς
760 1156 887 1225 ἐμὲ,
924 1160 1113 1228 φησὶν,
1143 1161 1217 1213 οὐ
1245 1159 1332 1230 μὴ
1361 1160 1637 1232 ἀποθάνῃ
1671 1166 1760 1230 είς

178 1245 285 1295 τὸν
316 1243 521 1299 αἰῶνα.
583 1246 642 1298 Ὀ
706 1246 816 1317 γὰρ
851 1248 1059 1319 Κύριός
1096 1266 1261 1320 φησιν
1289 1266 1302 1281 °
1362 1251 1515 1321 Ἐγώ
1542 1254 1658 1322 ειμι
1691 1253 1760 1308 τὸ

178 1335 306 1404 φῶς
344 1338 451 1391 τοῦ
478 1341 731 1408 κόσμου,
762 1340 854 1394 καὶ
885 1343 914 1395 ὁ
948 1342 1276 1408 Ἀπόστολός
1319 1362 1487 1417 φησιν
1517 1362 1531 1376 ⁸
1564 1349 1761 1413 Αὐτός

178 1430 352 1483 ἐστιν
380 1431 418 1495 ὴ
438 1431 647 1499 εἰρήνη
680 1432 872 1502 ἡμῶν.

258 1540 275 1570 ι
309 1521 406 1584 Τίς
427 1517 553 1591 εὗρε
581 1523 671 1575 τδν
699 1524 868 1577 τόπον
892 1525 1099 1596 αύτῆςς
1135 1544 1155 1578 ι
1178 1527 1298 1581 Ὅτι
1319 1527 1762 1597 ἀνεξερεύνητα

178 1616 254 1665 τὰ
287 1615 539 1681 κρίματα
559 1614 665 1668 τοῦ
688 1616 859 1682 Θεοῦ,
892 1618 992 1672 καὶ
1032 1620 1483 1689 ἀνεξιχνίαστοι
1524 1626 1584 1677 αἱ
1633 1622 1762 1678 ὁδοὶ

178 1724 384 1761 αυτου.

260 1820 275 1849 ι
324 1801 432 1852 Καὶ
460 1800 542 1863 τίς
588 1802 840 1870 εἰσῆλθεν
893 1805 973 1867 είς
1008 1804 1321 1875 θησαυροὺς
1353 1805 1557 1875 αὐτῆς
1610 1825 1628 1859 ι
1665 1806 1762 1873 Τίς

182 1892 451 1944 κατέλαϐε
489 1894 555 1945 τὰ
588 1896 835 1965 κρίματα
874 1895 969 1948 τοῦ
998 1895 1172 1960 Θεοῦ;

256 2003 273 2033 ι
314 1983 421 2036 ιίοῦ
467 1986 609 2037 εἰσιν
643 1988 691 2038 οἱ
737 1986 999 2059 ἄρχοντες
1042 1988 1151 2041 τῶν
1186 1987 1394 2053 ὲθνῶνς
1438 2009 1456 2041 ι
1501 1990 1566 2046 Οἱ
1603 1992 1759 2059 σοφοὶ

178 2075 275 2128 τοῦ
311 2076 508 2141 αἰῶνος
539 2079 753 2144 τούτου,
788 2081 838 2134 οἱ
873 2082 967 2135 κα)⁵
995 2081 1322 2152 ἐκυρίευσαν
1342 2082 1452 2137 τῶν
1472 2082 1757 2156 θηριοτρόο

180 2183 299 2218 πων
331 2167 429 2220 ἀνθ
438 2167 655 2237 ρώπων.

258 2276 274 2306 ‹
323 2258 413 2311 Ἐν
457 2261 572 2321 τοῖς
615 2259 829 2327 ὀρνέοις
873 2260 970 2314 τοῦ
1018 2262 1254 2333 ούρανοῦ
1297 2261 1679 2333 ἐμπαίζοντες.
1735 2282 1754 2315 ι

180 2351 718 2415 Οἰωνοσκοποῦντες.
736 2354 846 2407 Καὶ
862 2354 1051 2426 ἐπειδὴ
1072 2358 1106 2427 ἡ
1132 2355 1296 2424 σοφία
1316 2355 1499 2410 αὐτῶν
1518 2355 1759 2425 rerum;

179 2446 350 2509 ἐστιν,
384 2444 629 2516 ψυχικῆς
651 2447 1034 2519 δαιμονιώδης.

258 2575 276 2607 ι
328 2558 430 2611 Καὶ
458 2558 519 2611 τὸ
566 2558 855 2632 ἀργύριον.
898 2582 917 2612 ι
962 2562 1114 2615 Πᾶσα
1143 2562 1253 2634 γὰρ
1283 2565 1318 2633 ἠ
1369 2560 1531 2631 σοφία
1577 2558 1761 2616 αὐτῶν

182 2650 241 2700 ιν
274 2650 582 2722 πλεονεξίᾳ.

258 2759 277 2792 ι
318 2742 438 2794 Ὀτι
467 2743 517 2794 οί
537 2742 602 2794 τδ
624 2743 891 2814 ἀργύριον
914 2745 1309 2807 τεκταίνοντες.
1346 2765 1365 2797 ι
1399 2743 1466 2798 Οἳ
1493 2741 1556 2798 τὸ
1590 2742 1763 2815 ἀργύ-

185 2849 302 2902 ριον
332 2836 418 2889 διὰ
448 2837 714 2891 ποικίλων
746 2838 1055 2910 προσώπων
1084 2838 1481 2910 καρπούμενοι.

260 2946 278 2975 ι
319 2927 429 2979 Καὶ
469 2928 571 2981 οὐκ
622 2928 771 2983 ἔστιν
810 2930 1093 3001 ἐξεύρεσις
1124 2932 1234 2983 τῶν
1266 2931 1448 3001 ἔργων
1500 2930 1704 2987 αὐτῶν.
1738 2948 1759 2982 ι

186 3017 330 3068 Διότι
359 3020 586 3082 σκότους
619 3022 962 3092 μετέχουσιν.

262 3128 281 3157 ι
329 3109 439 3161 Καὶ
465 3109 618 3163 ἄλλοι
648 3112 983 3182 ἀνέστησαν.
1026 3132 1043 3165 ι
1078 3107 1172 3178 Οἷς
1204 3114 1235 3167 δ
1254 3113 1418 3186 νόμος
1441 3112 1764 3188 ἐπιστεύθη,

1867 618 1985 656 rum
2027 603 2270 674 largitor.

1944 716 1961 746 ι
2018 695 2117 750 Ubi
2174 697 2245 751 sit
2303 696 2631 751 intellectus.
2683 717 2701 748 ι
2763 698 2864 764 Qui
2920 710 3106 754 contra
3160 713 3443 770 peccaturo

1865 795 1966 840 est.

1941 916 1960 949 ι
2006 897 2111 953 Uhi
2138 898 2212 954 sit
2245 898 2632 968 longiturnitas
2662 901 2805 954 vitm.
2849 920 2866 950 ι
2916 901 2994 955 Ad
3020 901 3440 958 discernendum

1865 1006 1895 1045 a
1933 991 2079 1045 malo
2107 991 2335 1046 bonum.

1942 1101 1961 1134 ι
1995 1081 2094 1137 Ubi
2132 1083 2204 1138 sit
2229 1082 2439 1138 lumen.
2472 1103 2491 1136 ι
2527 1082 2586 1138 In
2619 1084 2870 1151 Domino,
2898 1086 3127 1141 scilicet.
3157 1086 3260 1150 Qui
3284 1089 3441 1146 enim,

1866 1175 1962 1239 ait,
2004 1176 2172 1230 credit
2218 1176 2276 1230 in
2310 1192 2413 1238 me,
2446 1193 2551 1230 non
2594 1178 2850 1231 morietur
2895 1179 2953 1231 in
2998 1188 3251 1233 artenmm
3283 1181 3349 1233 ⁶².
3374 1209 3444 1217 ~—

1867 1267 2131 1323 Dominus
2176 1267 2383 1338 quippe
2436 1269 2512 1322 ait
2555 1285 2568 1321 ε
2607 1268 2717 1339 Ego
2766 1286 2882 1323 sum
2934 1270 3028 1323 lux
3080 1272 3263 1324 mundi
3292 1272 3359 1336 “,
3390 1278 3444 1325 et

1868 1361 2162 1431 Apostolus
2197 1378 2211 1414 :
2246 1360 2384 1430 Ipse,
2417 1359 2616 1430 inquit,
2653 1372 2728 1416 est
2761 1378 2871 1429 pax
2904 1371 3083 1416 nostra
3112 1362 3176 1414 “.

1938 1534 2004 1590 V.
2043 1535 2132 1590 15.
2171 1554 2191 1588 ι
2235 1534 2373 1602 Quis
2424 1535 2637 1591 invenit
2684 1535 2865 1591 locum
2918 1536 3074 1605 ejus?
3111 1554 3129 1587 ι
3181 1534 3442 1600 Quoniam

1867 1627 2230 1682 inscrutabilia
2271 1638 2393 1683 sunt
2433 1628 2643 1697 judicia
2694 1628 2808 1691 Dei,
2834 1637 2883 1682 et
2922 1628 3306 1698 investigabiles
3346 1631 3446 1683 via:

1869 1721 1983 1775 eius
2015 1721 2082 1773 ⁸³.

1892 1739 1896 1768 Ρ
1924 1738 1983 1774 us
2015 1738 2082 1773 ".

1892 1738 1919 1790 J
1945 1833 1965 1867 ι
2001 1812 2068 1867 Et
2093 1810 2217 1882 quis
2241 1808 2468 1864 intravit
2497 1808 2553 1864 in
2583 1808 2870 1864 thesauros
2897 1809 3052 1880 ejus?
3078 1828 3097 1861 ι
3139 1808 3274 1876 Quis
3297 1810 3445 1880 om-

1800 1877 1838 1935 Β
1864 1906 1947 1961 cia
1974 1904 2069 1959 Dei
2101 1901 2592 1972 comprehensione
2624 1909 2911 1955 assecutus
2940 1900 3058 1955 est?

1933 1998 1995 2053 V.
2030 1998 2117 2053 16.
2152 2016 2172 2048 ι
2204 1994 2306 2052 Ubi
2337 2003 2466 2050 sunt
2487 1993 2760 2065 principes
2788 1994 3074 2065 gentium?
3106 2012 3126 2046 ι
3160 1993 3446 2064 Sapientes

1863 2093 2028 2163 hujus
2069 2090 2253 2146 saeculi
2300 2088 2394 2159 qui
2437 2088 2603 2143 etiam
2662 2088 2913 2143 homines
2958 2088 3260 2144 belluarnm
3295 2104 3446 2144 more

1862 2183 2115 2238 viventes
2146 2180 2250 2236 sibi
2282 2180 2635 2249 subegerunt.

1936 2274 1999 2329 V.
2036 2274 2125 2327 l7.
2175 2292 2193 2325 ι
2230 2270 2335 2339 Qui
2386 2271 2439 2325 in
2491 2269 2683 2324 avibus
2724 2268 2845 2323 (εωΙί
2893 2268 3109 2324 ludunt.
3150 2288 3169 2321 ι
3207 2269 3442 2337 Auguria

1861 2364 2240 2419 observantes.
2278 2360 2369 2417 Vel
2404 2360 2532 2430 quia
2562 2359 2831 2430 sapientia
2865 2374 3057 2415 eorum
3091 2368 3307 2415 terrena
3336 2369 3442 2425 est.

1862 2455 2113 2512 animalis
2151 2464 2207 2510 et
2242 2453 2536 2509 diabolica.

1936 2568 1997 2623 V.
2037 2568 2125 2623 l8.
2165 2587 2185 2620 ι
2225 2568 2294 2622 Et
2328 2574 2637 2637 argentum.
2679 2584 2698 2618 ι
2745 2566 2937 2621 Omnis
2977 2578 3213 2634 namque
3255 2579 3445 2618 eorum

1864 2660 2135 2732 sapientia
2160 2668 2246 2714 est
2270 2661 2325 2713 in
2354 2659 2720 2714 fraudatione.

1940 2772 1959 2804 ι
1998 2751 2103 2819 Qui
2140 2751 2289 2806 enim
2320 2749 2592 2806 fabricant
2618 2762 2924 2821 argentum.
2963 2770 2983 2804 ι
3020 2750 3122 2817 Qui
3159 2760 3445 2821 argentum

1870 2861 1966 2918 per
1992 2844 2175 2901 varias
2212 2859 2480 2915 personas
2513 2844 2616 2899 sibi
2648 2844 2930 2915 colligunt.

1942 2957 1961 2989 ‹
1996 2936 2110 2991 Nec
2151 2944 2237 2990 est
2278 2935 2522 2989 inventio
2562 2949 2792 3004 operum
2835 2934 3071 2989 illorum.
3114 2952 3132 2983 ι
3176 2932 3444 2998 Quoniam

1864 3029 2217 3086 tenebrarum
2247 3027 2541 3098 participes
2570 3035 2719 3082 sunl.

1944 3120 2006 3177 V.
2050 3120 2136 3176 l9.
2170 3139 2191 3172 ι
2226 3120 2291 3175 Et
2321 3119 2411 3174 alii
2449 3120 2567 3175 loco
2598 3133 2789 3174 eorum
2835 3125 3205 3173 surrexerunt.
3245 3136 3265 3168 ι
3310 3115 3445 3180 Qui—

182 3200 281 3252 zal
314 3201 437 3254 οὐδὲ
465 3203 619 3255 αὐτοὶ
652 3204 951 3273 ἐφύλαξαν,
986 3202 1133 3260 οὗτοί
1180 3208 1322 3261 εἰσιν
1348 3209 1399 3263 0i
1429 3207 1762 3274 ἀναστάντες

1874 3216 1973 3271 bus
2006 3211 2214 3268 credita
2260 3211 2342 3265 lex
2384 3219 2489 3274 est,
2529 3220 2584 3265 et
2625 3225 2801 3279 neque
2831 3209 2936 3279 ipsi
2973 3209 3356 3267 observarunt,
3393 3207 3445 3259 lll

181 3293 309 3345 ἀντὶ
339 3293 445 3346 τῶν
476 3296 571 3350 ἐπὶ
591 3298 1012 3371 εἰδωλολατρείᾳ
1052 3300 1253 3369 σοφῶν.

263 3506 276 3532 ι
318 3485 590 3556 Νεώτεροι
625 3483 767 3541 εἶδον
805 3489 940 3558 φῶς.
983 3508 1000 3539 ›
1034 3492 1097 3542 Οἱ
1126 3494 1248 3553 ταῖς
1278 3493 1575 3560 σαρκικαῖς
1618 3494 1765 3565 πρά-

183 3579 300 3645 ξεσι
357 3580 431 3650 μὴ
480 3580 911 3653 καθελκόμενοι,
977 3577 1117 3637 εἶδον
1173 3581 1313 3650 φῶς,
1363 3585 1615 3639 τουτέστι
1670 3587 1766 3657 τὴν

182 3671 391 3740 γνῶσιν
426 3671 518 3724 τοῦ
553 3672 712 3727 Θεοῦ.

260 3782 278 3811 ‹
316 3764 425 3816 Καὶ
458 3762 791 3835 κατῴκησαν
822 3766 914 3820 ἐπὶ
939 3768 1042 3837 τῆς
1065 3769 1186 3839 γῆς.
1230 3786 1249 3820 ιι
1294 3767 1415 3820 Ἐπὶ
1439 3771 1555 3831 τοῖς
1589 3769 1767 3841 μαθή-

186 3874 322 3923 μασι
354 3857 454 3925 τῆς
488 3857 836 3926 νομοθεσίας.

266 3967 281 3995 ι
335 3948 488 4002 Ὀδδν
519 3950 835 4022 ἐπιστήμης
863 3952 963 4005 οὐκ
994 3951 1263 4020 ἔγνωσαν.
1303 3973 1322 4005 ι
1361 3953 1560 4019 Καθὼς
1587 3958 1615 4008 ὁ
1643 3953 1765 4008 Κύ-

186 4038 302 4108 ριός
334 4056 521 4108 φησιν,
559 4042 624 4093 Et
653 4041 1000 4096 ἐπιστεύετε
1032 4043 1289 4111 Μωῡσεῒ,
1314 4044 1665 4099 ἐπιστεύετε
1690 4044 1768 4100 ἂν

179 4132 336 4199 ἐμοί.

260 4242 279 4275 ι
322 4224 456 4277 Οὐδὲ
479 4224 741 4297 συνῆκαν.
788 4246 805 4276 ι
842 4228 956 4299 Τὴν
984 4229 1242 4299 ποικίλην
1275 4230 1652 4286 διδασκαλίαν.

261 4441 279 4470 ι
311 4420 447 4473 Οὐδὲ
481 4420 843 4475 ἀντελάϐοντο
886 4424 1081 4493 αὐτῆς.
1119 4444 1137 4476 ι
1184 4424 1385 4489 Καθὼς
1417 4426 1446 4478 ὁ
1480 4424 1765 4495 εὐαγγελι-

180 4510 317 4582 στὴς
350 4510 604 4582 Ἰωάννης
629 4514 823 4584 φησίν*
854 4514 953 4580 Εις
976 4516 1047 4568 τὰ
1074 4514 1196 4569 ἴδια
1225 4512 1395 4585 ἦλθε,
1424 4516 1523 4570 καὶ
1545 4497 1766 4572 οίιδιοι

1870 3309 2002 3358 sunt
2026 3300 2123 3371 qui
2150 3308 2512 3355 surrexerunt
2550 3300 2669 3354 loco
2711 3315 2920 3363 eorum,
2947 3299 3043 3368 qui
3082 3298 3136 3351 in
3180 3296 3448 3352 idolorqu

1869 3395 2020 3452 cultu
2048 3393 2327 3464 sapientes
2351 3401 2528 3447 erant.

1944 3510 2004 3565 \'.
2039 3507 2131 3563 20.
2168 3525 2188 3559 ι
2218 3505 2476 3561 Juniores
2508 3506 2765 3562 viderunt
2804 3508 3009 3561 lumen.
3044 3523 3062 3556 ι
3098 3504 3199 3569 Qui
3230 3504 3297 3557 ad
3330 3520 3447 3556 car-

1868 3602 1956 3656 nis
1998 3615 2165 3671 opera
2209 3613 2324 3654 non
2373 3599 2790 3668 pertrahuntur,
2828 3598 2882 3654 hi
2940 3597 3196 3653 viderunt
3241 3597 3446 3657 lumen,

1870 3694 1921 3749 id
1953 3702 2057 3755 est,
2084 3690 2450 3764 cognitionem
2483 3692 2598 3746 Dei.

1951 3804 1969 3837 ι
2009 3786 2078 3839 Et
2124 3783 2514 3838 habitaverunt
2556 3798 2721 3854 super
2761 3794 2979 3838 terram.
3024 3802 3039 3834 ι
3089 3783 3146 3835 In
3187 3782 3447 3852 legalibus

1870 3876 2154 3934 institutis.

1945 3991 1961 4022 ι
2024 3969 2182 4025 Viam
2232 3980 2414 4026 autem
2465 3967 2710 4022 scientiae
2756 3966 3162 4037 ignoravernnt.
3193 3983 3239 4027 ,ι
3298 3961 3448 4016 Sicut

1867 4068 1943 4122 ait
1981 4066 2285 4123 Dominus:
2315 4064 2373 4119 Si
2420 4061 2696 4116 crederetis
2732 4059 2923 4130 Moysi,
2966 4059 3143 4127 utique
3173 4054 3449 4110 crederetis

1869 4160 1998 4214 mihi
2030 4161 2098 4213 “.

1940 4251 2007 4309 Υ,
2054 4254 2145 4309 2|.
2194 4270 2211 4304 ι
2268 4250 2458 4320 Neque
2522 4246 2926 4302 intellexerunt.
2973 4264 2993 4296 ι
3061 4241 3448 4297 Mnltil‘ormcm

1865 4342 2192 4399 doctrinam.
2830 4380 2834 4385 .

1943 4452 1962 4486 ι
2008 4432 2197 4503 Neque
2245 4436 2609 4498 susceperunt
2655 4440 2799 4481 eam.
2842 4446 2860 4477 ι
2921 4422 3075 4478 Sicut
3114 4420 3444 4491 evangelista

1866 4512 2109 4583 Joannes
2145 4525 2220 4580 ait
2255 4541 2268 4578 :
2309 4522 2371 4575 In
2418 4520 2635 4591 propria
2679 4521 2839 4581 venit,
2883 4525 2933 4570 et
2962 4514 3163 4584 praprii
3198 4531 3316 4566 cum
3346 4529 3446 4564 non

179 4604 371 4657 αὐτὸν
397 4605 469 4658 οὐ
518 4604 875 4673 παρέλαϐον.
918 4606 981 4659 Οί
1028 4606 1137 4659 υίοὶ
1179 4606 1259 4670 δὲ,
1301 4606 1414 4660 τῶν
1458 4606 1762 4678 νομοθετῶν

1869 4627 2175 4689 receperunt
2195 4618 2261 4670 ⁸⁷.
2308 4613 2421 4668 Filii
2455 4628 2608 4675 vero,
2634 4610 3006 4681 legislatorum
3040 4606 3269 4663 scilicet.

178 4693 448 4764 δηλονότι.

258 4822 277 4853 ι
321 4803 457 4856 Ἀπὸ
485 4805 584 4875 τῆς
610 4804 735 4858 ὁδοῦ
762 4806 942 4859 αὐτῶν
972 4808 1164 4879 τιόρρω
1183 4808 1543 4882 ἐγενήθησαν.
1575 4830 1597 4863 ι
1628 4812 1764 4865 Διώ-

177 4912 370 4957 κοντες
407 4894 518 4964 γὰρ
549 4896 714 4965 νόμον
745 4896 1113 4969 δικαιοσύνης,
1146 4901 1226 4964 είς
1262 4901 1429 4970 νόμον
1458 4904 1560 4956 οὐκ
1590 4904 1761 4973 ἔφθα-

179 5004 306 5041 σαν.

255 5094 276 5127 ι
322 5074 459 5128 Οὐδὲ
487 5074 753 5148 ἠκούσθη.
795 5095 814 5128 ι
868 5078 1005 5131 Ἴσοι
1039 5078 1253 5143 τούτοις
1275 5079 1509 5145 ὲθνικοῖς
1538 5081 1762 5153 ἐκρίθη-

179 5185 284 5222 σαν
314 5171 428 5232 τοῑς
466 5168 542 5240 μὴ
568 5168 837 5225 ἀκούσασι
867 5169 963 5224 τοῦ
999 5172 1194 5243 νόμου,
1219 5175 1267 5225 oi
1299 5174 1446 5244 μόνῳ
1474 5174 1554 5245 τῷ
1575 5176 1760 5246 γράμ-

177 5276 320 5329 ματι
347 5260 444 5315 τοῦ
475 5262 641 5332 νόμου
693 5261 1179 5335 ἀκολουθήσαντες.
1230 5264 1529 5329 Βλέποντες
1556 5266 1670 5338 γὰρ
1699 5266 1760 5320 οὐ

179 5352 467 5422 βλέπουσι,
498 5354 597 5408 καὶ
625 5353 921 5420 ἀκούοντες
949 5356 1050 5410 οὐκ
1073 5356 1389 5412 ἀκούουσιν.

260 5465 280 5495 ‹
331 5444 469 5498 Οὔτε
513 5446 620 5499 υἱοὶ
648 5447 850 5518 Ἅγαρ.
890 5465 908 5496 ι
957 5448 1021 5502 Οἱ
1066 5448 1166 5520 τῆς
1211 5449 1446 5513 παλαιᾶς
1495 5449 1760 5522 διαθήκης

182 5536 422 5604 ιγγόνοι,
472 5537 601 5609 περὶ
629 5530 705 5589 ὧν
755 5538 1060 5609 συμφώνως
1109 5540 1277 5611 φησὶν
1323 5542 1352 5594 δ
1392 5542 1754 5606 ’Ᾱπὸστολος”

291 5768 334 5797 *³
363 5768 522 5823 loan.
554 5785 626 5833 xl.
658 5769 747 5825 25.

180 5855 193 5888 .
258 5775 334 5891 ιῗ
363 5775 522 5823 toan.
554 5785 626 5833 xl.
658 5775 747 5825 25.
866 5778 907 5805 ’~’
933 5775 1088 5829 Joan.
1122 5793 1233 5839 νιιι,
1266 5776 1345 5830 l2.

205 5875 219 5899 ,
324 5879 334 5890 .

1462 5780 1503 5808 θ’
1535 5778 1735 5849 Ephes.
1765 5793 1822 5841 ιι,
1868 5780 1947 5831 Η.

1943 4834 1963 4867 ι
2006 4816 2048 4867 Α
2088 4815 2177 4867 via
2236 4812 2476 4882 ipsorum
2532 4809 2690 4880 longe
2745 4808 2885 4863 facta
2946 4816 3049 4862 est.
3094 4826 3113 4859 ι
3163 4805 3446 4861 Seelantes

1868 4906 2017 4961 enim
2048 4906 2221 4976 legem
2248 4902 2495 4974 jusritiaa,
2524 4901 2592 4955 ad
2623 4901 2795 4971 legem
2825 4915 2933 4953 non
2967 4908 3358 4969 pervenerunt.

1935 5082 2001 5137 V.
2024 5082 2113 5137 2‘2.
2153 5101 2171 5134 ι
2208 5080 2399 5151 Neque
2437 5079 2621 5134 audita
2655 5088 2759 5134 est.
2795 5097 2813 5130 ι
2850 5078 3016 5132 Pares
3053 5078 3277 5149 judicati
3319 5089 3447 5134 sunt

1865 5174 1952 5230 his
2002 5173 2318 5247 gentilibus,
2359 5171 2452 5242 qui
2506 5172 2680 5242 legem
2730 5186 2840 5226 non
2877 5171 3188 5235 audierunt,
3240 5170 3313 5224 illi
3354 5172 3445 5239 qui

1865 5268 2036 5324 solam
2092 5268 2331 5322 litteram
2380 5265 2516 5335 legis
2565 5263 2739 5320 secuti
2795 5273 2945 5318 sunt.
2988 5262 3251 5318 Videntes
3298 5264 3445 5317 enim

1866 5376 1977 5416 non
2012 5359 2221 5422 vident,
2256 5366 2312 5415 et
2342 5357 2630 5412 audientes
2663 5373 2773 5410 non
2805 5356 3058 5409 audiunt.

1943 5448 2005 5504 V.
2042 5448 2135 5504 23.
2180 5467 2198 5499 ι
2233 5447 2420 5517 Neque
2462 5446 2556 5500 lilii
2594 5447 2751 5516 Agar.
2803 5464 2822 5498 ι
2867 5445 3081 5499 Veteris
3135 5446 3445 5498 testamenti

1866 5552 2123 5609 nepotes;
2163 5540 2230 5594 de
2272 5540 2471 5609 quibus
2515 5553 2755 5593 consona
2797 5537 2873 5592 ait
2911 5536 3200 5606 Apostolus
3240 5556 3253 5589 :
3286 5536 3446 5604 Igno-

2067 5781 2109 5810 ’δε
2148 5777 2304 5832 Rom.
2340 5790 2415 5830 χι.
2445 5776 2531 5829 53.
2655 5776 2697 5804 ’³⁸
2737 5774 2896 5827 Joan.
2936 5792 2988 5837 ι’,
3024 5775 3107 5825 46.
3222 5771 3441 5824 “Joan.
