4218 6448
194 394 300 459 769

1179 399 1644 466 FRAGMENTA
1685 401 1766 466 IN
1810 403 2107 470 LIBRUM
2149 407 2478 473 BARUCH.

3356 418 3465 484 770

177 504 274 556 τοῦ
297 505 820 578 ὲιανθρωπήσαιτος
841 509 1001 580 λόγου
1032 512 1098 566 τὰ
1125 514 1301 568 πάντα
1325 516 1761 584 κατεσκευάσθη.

1877 526 2057 570 natum
2119 516 2360 573 Verbum
2394 521 2579 575 omnia
2637 524 2857 579 condita
2911 534 3076 581 sunt:
3143 524 3462 597 spiritaliter

182 596 324 664 Πρὸς
353 597 408 650 δὲ
433 598 690 665 διάνοιαν,
721 602 822 672 γῆν
863 603 961 674 τὴν
990 605 1192 671 γνῶσιν
1217 608 1316 670 τῆς
1351 607 1655 671 εὐσεϐείας.

259 707 278 739 ‹
316 690 666 760 Ἑνέπλησεν.
709 714 726 745 ι
765 697 1032 764 ’Λγαθοὺς
1057 698 1114 750 δὲ
1148 700 1242 752 καὶ
1276 701 1552 772 πονηροὺς
1575 699 1766 753 ὲκάλε-

181 798 275 833 σεν
309 785 388 845 είς
437 786 563 848 τοὺς
618 789 832 857 γάμους
898 791 927 842 ὁ
979 790 1203 860 Κύριος.
1263 794 1450 863 κτήνη
1490 793 1547 846 δὲ
1597 784 1766 860 λέγει,

177 873 306 934 τοὺς
345 874 449 943 πρὸ
471 875 661 929 τούτου
693 881 952 950 κτήνεσιν
997 881 1249 953 ἀνοήτοις
1277 883 1710 954 συμϐληθέντας.

260 983 277 1014 ς
313 967 373 1018 Ui
402 965 457 1018 δὲ
490 969 740 1039 ἀστέρες.
790 990 806 1022 ι
843 972 982 1035 Τοὺς
1020 974 1356 1039 ἀποστόλους
1391 978 1525 1047 πρὸς
1569 976 1661 1040 οὓς
1687 972 1766 1029 εἷ-

181 1073 304 1120 πεν,
354 1057 542 1127 ’Υμεῖς
572 1063 693 1114 ἐστε
725 1063 786 1116 τὸ
818 1064 934 1133 φῶς
958 1065 1052 1118 τοῦ
1077 1066 1304 1137 κόσμου.

257 1169 274 1198 ι
308 1151 599 1206 Ἐκάλεσεν
646 1155 864 1220 αὐτούς.
907 1179 925 1208 ι
964 1157 1054 1211 Ἐν
1093 1161 1204 1222 τοῖς
1250 1160 1556 1231 δεδομένοις
1584 1162 1769 1225 αὐτοῖς

181 1242 485 1321 χαρίσματι
517 1244 925 1316 διαλάμψαντες
956 1250 1056 1319 ὲχά
1066 1268 1258 1321 ρησαν.

254 1318 422 1388 Οὗτος
457 1330 484 1379 ὁ
510 1329 662 1388 Θεός.
708 1347 726 1380 ι
781 1333 844 1382 Ui
886 1331 985 1402 τὴν
1017 1334 1381 1404 ἀποστολικὴν
1407 1335 1603 1405 κλῆσιν
1631 1354 1766 1407 προ-

183 1415 369 1481 ῦυμως
402 1417 832 1485 ὑπακούσαντες,
863 1423 960 1475 καὶ
998 1424 1299 1494 ἐπιθυμίαν
1316 1425 1532 1494 ἔχοντες
1572 1427 1771 1481 ἀναλῦι-

181 1524 292 1558 σαι.
319 1510 412 1559 καὶ
442 1511 539 1561 σὺν
591 1512 810 1583 Χριστῷ
854 1511 1016 1577 εἶναι,
1061 1517 1152 1569 καὶ
1182 1517 1347 1586 μηδὲν
1393 1518 1770 1588 προτιμῶντες

176 1599 271 1649 τοῦ
304 1601 524 1668 ποιῆσαι
547 1603 606 1654 τὸ
634 1606 1127 1675 προσταττόμενον.
1163 1636 1233 1645 -
1271 1606 1330 1658 ’0
1354 1607 1420 1660 δι’
1447 1609 1593 1678 ἡμᾶς
1616 1627 1771 1677 γεγο-

178 1691 285 1752 ιηὼς
341 1691 651 1762 ἄνθρωπος,
705 1694 799 1747 τοῦ
856 1696 1070 1763 [ἰατρὸς
1127 1696 1367 1764 γεγονὼς
1412 1700 1617 1766 Λόγος,
1675 1700 1769 1751 καὶ

180 1778 273 1830 ἐπὶ
322 1780 424 1848 γῆς
480 1781 685 1849 ὀψθεὶς,
745 1785 839 1836 καὶ
903 1788 1013 1847 τοῖς
1059 1785 1366 1856 ἀνθρώποις
1393 1804 1766 1862 συναναστρα-

181 1869 324 1934 φείς.

255 1980 273 2012 ι
318 1963 426 2016 Καὶ
481 1963 679 2016 ἔδωκεν
728 1967 919 2036 αὑτήν.
979 1992 996 2018 r
1038 1969 1162 2021 Ὅτι
1215 1971 1364 2023 πᾶσα
1423 1969 1767 2041 πνευματικὴ

182 2055 458 2126 ἐπιστήμη
477 2056 684 2123 ἄγουσα
713 2058 844 2128 πρὸς
868 2060 1097 2130 οὐρανὸν
1123 2061 1287 2116 αὑτοῦ
1309 2063 1419 2135 [ἵσ.
1445 2063 1537 2116 ὑπ’
1577 2062 1766 2134 αὑτοῦ]

183 2152 604 2219 κατεργάζεται.

259 2260 278 2292 ι
309 2243 462 2295 Μετὰ
495 2242 656 2297 τοῦτο
681 2245 774 2297 ἐπὶ
805 2245 904 2315 τῆς
932 2246 1035 2317 γῆς
1057 2246 1234 2318 ὤφθη.
1280 2269 1297 2298 ι
1335 2250 1444 2302 Καὶ
1491 2251 1599 2323 γὰρ
1623 2253 1765 2306 κατὰ

177 2335 333 2399 τάξιν
368 2336 427 2388 τὸ
452 2336 508 2388 ἓν
537 2339 632 2391 καὶ
662 2339 721 2390 τὸ
738 2340 869 2392 αὐτὸ
897 2343 1197 2413 μυστήριον
1237 2342 1474 2415 ἔλαμψε,
1499 2347 1761 2418 νομικῶς,

178 2431 557 2500 προφητικῶς,
594 2433 988 2504 εὐαγγελικῶς.

849 2549 891 2600 Κ
904 2550 1005 2601 ΕΦ.
1035 2553 1109 2605 Δ’.

261 2656 278 2686 ι
324 2637 472 2708 Αὕτη
502 2640 535 2710 i;
564 2638 766 2709 βίϐλος.
815 2660 833 2692 ι
905 2643 969 2695 'll
1001 2643 1091 2696 διὰ
1129 2644 1236 2697 τῶν
1282 2647 1631 2715 Εὐαγγελίων
1669 2647 1765 2702 τοῦ

183 2732 486 2800 μυστηρίου
511 2734 728 2802 ποικίλη
754 2734 978 2802 γνῶσις,
1012 2737 1045 2806 ὴ
1076 2738 1172 2790 καὶ
1197 2737 1603 2803 διαιωνίζουσα.

261 2841 278 2872 ι
315 2823 618 2876 Διόδευσον.
668 2844 687 2876 ι
746 2826 918 2888 Αὐτὸς
974 2829 1084 2898 γὰρ
1125 2830 1280 2881 καλεί
1318 2830 1493 2899 λέγων
1522 2847 1536 2860 ·
1583 2831 1764 2886 Δεῦτε

180 2911 334 2976 πρός
354 2927 431 2979 με
471 2912 695 2978 πάντες
717 2917 769 2967 οἱ
799 2912 1123 2981 κοπιῶντες
1151 2916 1252 2970 καὶ
1274 2919 1766 2989 πεφορτισμένοι,

177 3002 346 3072 κάγὼ
367 3004 702 3058 ἀναπαύσω
726 3003 903 3074 ὑμᾶς.

263 3115 278 3143 ι
338 3095 615 3163 Μακάριοί
654 3098 842 3165 ἐσμεν.
893 3117 912 3150 ι
957 3099 1230 3171 Παρορμᾷ
1273 3101 1400 3165 τοὺς
1438 3100 1496 3168 ἐξ
1548 3103 1767 3173 Ἰσραὴλ

182 3191 542 3256 προαρπάσαι
565 3190 664 3259 τὴν
696 3191 880 3259 χάριν.
907 3191 1127 3262 Ἐπειδὴ
1159 3195 1254 3246 καὶ
1280 3194 1462 3258 αὐτοῖς
1499 3191 1569 3265 ἦν
1590 3197 1765 3265 άναγ-

181 3281 335 3330 καῖον
375 3279 592 3348 πρῶτον
637 3280 960 3349 ἀναγγεῖλαι
993 3282 1268 3350 τὸνλόγον
1301 3283 1395 3336 τοῦ
1417 3283 1575 3339 Θεοῦ.
1605 3317 1671 3329 --
1709 3287 1767 3339 '0

182 3375 551 3440 πνευματικὸς
578 3374 794 3443 Ἰσραὴλ
820 3373 995 3428 ταῦτα
1028 3377 1194 3445 φησίν
1213 3393 1226 3408 ο
1264 3377 1402 3447 πρὸς
1429 3379 1522 3440 οὓς
1547 3396 1712 3449 φησιν
1740 3381 1769 3432 ὁ

185 3463 375 3533 Σωτήρ
399 3483 410 3493 ·
460 3467 528 3516 ’Υ
523 3463 652 3532 μῶν
677 3465 745 3518 δὲ
766 3465 1047 3535 μακάριοι
1078 3471 1132 3521 οἱ
1161 3470 1480 3538 ὀφθαλμοὶ,
1511 3471 1597 3523 ὅτι
1626 3470 1771 3536 ,βλέ-

187 3573 390 3621 πουσι,
424 3559 521 3612 καὶ
567 3559 636 3612 τὰ
665 3556 785 3614 ὦτα
808 3562 996 3628 ὑμῶν,
1027 3563 1117 3615 ὅτι
1147 3565 1502 3619 ἀκούουσιν.

261 3670 279 3700 ι
318 3651 603 3721 Θαρσεῖτε,
637 3652 767 3716 λαός
805 3672 928 3724 μου.
956 3674 974 3706 ι
1001 3653 1070 3708 Ὠ
1093 3659 1224 3728 παρ’
1254 3659 1390 3727 ἐμοῦ
1429 3659 1768 3729 μνημονευό-

182 3758 316 3809 μενε
345 3743 586 3814 Ἰσραήλ.

261 3853 280 3885 ι
320 3835 654 3905 Ἐπράθητε.
700 3857 720 3891 ι
749 3840 810 3891 Εἰ
841 3841 948 3910 γὰρ
978 3840 1065 3893 διά
1105 3843 1206 3911 τὴν
1238 3844 1518 3914 ἁμαρτίαν
1546 3845 1674 3913 ἔσχε
1710 3845 1771 3897 τδ

184 3926 309 3979 καθ’
361 3928 518 3998 ἡμῶν
550 3931 916 4002 χειρόγραφον
962 3934 990 3986 ὁ
1023 3935 1292 4002 διάϐολος,
1330 3937 1447 3990 ἀλλ’
1470 3940 1499 3990 ὁ
1537 3938 1773 4010 Χριστὸς

182 4021 333 4090 ἡμᾶς
359 4021 438 4092 τῷ
470 4023 586 4093 ἰδίῳ
609 4025 800 4094 αἵματι
823 4025 1214 4098 ἐξηγοράσατο.

265 4221 283 4255 ι
322 4204 684 4260 Ἐπελάθεσθε
717 4208 796 4261 δέ.
835 4227 854 4260 ι
893 4210 1017 4263 Ὀτι
1039 4209 1186 4281 λόγῳ
1208 4211 1339 4282 θείῳ
1362 4213 1663 4284 τραφέντες
1695 4214 1772 4277 ὡς

181 4295 416 4364 λογικοῖ,
448 4300 528 4358 εἰς
556 4299 777 4368 ἀλογίαν
807 4302 1349 4376 καταπεπώκαμεν.

262 4512 281 4544 ι
303 4494 623 4558 Ἀκούσατε,
642 4495 970 4567 αίπάροικοι
992 4497 1148 4550 Σιών.
1178 4517 1196 4549 ι
1227 4498 1338 4562 Τὰς
1362 4498 1659 4568 παροίκους
1676 4517 1777 4554 καο

181 4587 271 4638 λεῖ
298 4587 434 4657 πρὸς
455 4587 554 4658 τὴν
577 4587 706 4641 θέαν
733 4589 828 4642 τοῦ
853 4590 1106 4654 πένθους,
1132 4591 1211 4660 τῷ
1233 4591 1642 4663 παραδείγματι

187 4678 561 4748 φρονεστέρας
603 4678 773 4742 αὑτὰς
808 4681 1260 4753 άπεργασομένη.
1291 4711 1360 4721 -—
1396 4682 1483 4746 Ὠς
1513 4685 1651 4755 πρὸς
1675 4685 1776 4748 τὰς

188 4768 469 4838 ὑπηκόους
495 4769 680 4834 πόλεις
716 4772 746 4823 ό
771 4771 950 4841 λόγος.

264 4877 285 4926 ι
330 4859 535 4931 Μηδεὶς
559 4861 894 4933 δπιχαιρέτω
921 4881 1011 4933 μοι
1037 4865 1104 4935 τῇ
1139 4864 1306 4935 χήρᾳ.
1349 4882 1368 4916 ι
1406 4866 1579 4919 Καλεῐ
1596 4865 1654 4920 δὲ
1676 4868 1778 4921 αὐ-

183 4951 289 5022 τὴν
310 4952 507 5020 χήραν,
532 4950 609 5014 ὠς
628 4950 846 5023 ἔρημον
869 4954 966 5023 τῆς
992 4954 1143 5018 θείας
1163 4955 1496 5025 κηδεμονίας
1516 4998 1530 5023 ,
1546 4957 1650 5026 τὴν
1679 4957 1780 5027 μό-

187 5058 290 5111 νην
304 5039 622 5112 ἠρεμοῦσαν
650 5042 1104 5116 [ὲρημωθεῖσαν],
1130 5048 1232 5116 τὴν
1270 5046 1366 5100 νῦν
1399 5048 1567 5118 μόνην
1587 5049 1780 5120 δηλον-

186 5135 305 5185 ύτι·
346 5133 401 5204 ἢ,
436 5135 486 5186 εἰ
523 5133 598 5206 μὴ
629 5133 808 5197 τοῦτο,
841 5135 916 5198 ὡς
958 5137 1128 5206 μόνην
1181 5139 1483 5209 ἐσχηκυῖαν
1521 5139 1614 5193 τὸν
1641 5140 1784 5193 θεῖον

188 5222 367 5276 νεων·
418 5223 452 5293 ἢ
496 5224 572 5289 ὡς
617 5225 786 5296 μόνην
828 5227 933 5278 ὑπὸ
980 5227 1286 5298 Ἀσσυρίων
1340 5229 1786 5299 περιλειφθείσαν

186 5313 461 5367 ἀνάλωτον
487 5313 598 5386 [Ion
638 5315 819 5389 ἄτεκ.]
850 5347 919 5358 -
941 5318 1002 5369 Εἰ
1032 5317 1140 5388 γὰρ
1169 5319 1262 5372 καὶ
1290 5319 1596 5373 Παιδεύων
1625 5321 1788 5373 ἐπαι-

186 5403 374 5458 δευσέ
399 5422 477 5474 με
498 5409 531 5460 ό
561 5407 797 5475 Κύριος,
823 5408 985 5461 ἀλλὰ
1022 5406 1098 5472 τῷ
1130 5407 1365 5473 θανάτῳ
1387 5412 1459 5461 οὺ
1483 5408 1789 5477 παρέδωκέ

181 5511 283 5563 με.
303 5497 466 5567 Χήρα
485 5496 541 5551 δὲ
566 5499 772 5568 κυρίως
788 5497 996 5568 ἐκλήθη
1017 5501 1049 5566 ἡ
1081 5497 1381 5566 Συναγωγὴ
1407 5501 1553 5560 τότε,
1577 5499 1666 5552 ὅτε
1700 5501 1778 5559 εἰς

187 5595 286 5644 τὸν
337 5590 538 5662 ἑαυτῆς
601 5591 838 5661 νυμφίον
902 5593 1139 5664 Χριστὸν
1182 5593 1520 5663 ὲξυϐρίσασα
1581 5595 1785 5661 ἐγκατ-

187 5681 437 5750 ελείφθη.

264 5814 308 5843 ⁷¹
337 5812 528 5868 Matth.
549 5833 599 5881 v,
628 5817 709 5869 14.

188 5898 353 5946 cxvn,
392 5887 475 5936 ιδ.

791 5817 835 5849 ⁷³
868 5816 1104 5887 Philipp.
1147 5833 1185 5882 ι,
1212 5816 1301 5870 23.
1392 5817 1436 5849 ⁷⁸
1462 5816 1697 5872 Baruclt.
1723 5832 1807 5882 ιιι,
1827 5815 1919 5871 28.

1871 617 2028 660 vocat
2061 616 2282 676 terram,
2317 611 2535 679 pietatis
2567 616 2951 684 cognitionem.

1947 716 1964 748 ι
1999 697 2273 766 lteplevit.
2315 718 2333 751 ι
2373 699 2578 755 Ρτοὺοε
2605 719 2840 772 namque
2869 714 2924 756 et
2946 705 3225 775 improbos
3264 710 3329 759 ad
3363 724 3463 759 nn-

1872 789 2012 856 ptias
2047 788 2310 844 Dominus
2358 793 2678 847 convocavit
2709 811 2722 848 :
2752 795 2998 863 jttntcnta
3029 810 3160 850 vero
3206 813 3301 852 eos
3363 799 3464 861 ait,

1870 875 1959 945 qui
1982 886 2139 930 antea
2168 877 2430 947 jumetttis
2462 878 2842 948 insipientibus
2877 884 3175 951 comparati
3207 894 3354 938 sunt.

1943 967 2006 1022 V.
2044 969 2135 1033 54,
2167 987 2184 1021 ι
2212 968 2394 1026 Stella:
2416 981 2616 1026 autem.
2641 990 2660 1023 ι
2685 975 2929 1042 Apostoli
2958 975 3025 1028 ad
3052 990 3189 1044 quos
3212 975 3424 1031 dixerat
3447 996 3459 1032 :

1876 1059 1969 1113 Vos
1996 1063 2119 1116 estis
2153 1061 2245 1116 lux
2274 1065 2455 1116 mundi
2487 1065 2554 1117 ⁷³.

1938 1151 2002 1207 V.
2038 1153 2128 1207 35.
2163 1172 2182 1205 ι
2215 1153 2441 1210 Vocavit
2501 1171 2617 1210 eas.
2652 1175 2669 1209 ι
2717 1155 2776 1210 lu
2835 1157 2994 1213 donis
3029 1160 3130 1214 sibi
3191 1161 3331 1215 datis
3375 1175 3468 1214 co-

1872 1255 2156 1300 ruscantes
2184 1248 2355 1317 gavisi
2382 1257 2533 1302 sunt.

1944 1336 2005 1392 V.
2033 1339 2122 1394 56.
2163 1359 2180 1390 ι
2217 1339 2316 1395 llic
2341 1349 2428 1394 est
2457 1338 2602 1394 Deus
2649 1351 2856 1395 noster.
2894 1361 2912 1393 ι
2969 1341 3071 1408 Qui
3115 1344 3183 1398 ad
3221 1345 3466 1400 vocatio-

1870 1442 1994 1481 nem
2038 1430 2390 1500 apostolicam
2425 1440 2675 1501 prompte
2713 1433 3092 1497 obedivcrunt,
3127 1444 3180 1489 et
3237 1437 3467 1506 cupiunt

1868 1519 2114 1588 dissolvi,
2136 1533 2191 1575 et
2240 1539 2360 1577 esse
2383 1540 2508 1578 cum
2538 1523 2757 1578 Christo
2781 1527 2849 1587 ⁷³,
2879 1527 3122 1596 nihilque
3165 1530 3466 1598 puniet-unt

1869 1616 2234 1672 observantia:
2263 1619 2664 1672 mandatorum.
2704 1646 2772 1659 -
2803 1620 2958 1685 Quod
2986 1637 3084 1690 pro
3108 1623 3268 1676 nobis
3295 1623 3464 1678 homo

1871 1706 2045 1759 l'actus
2091 1719 2177 1762 est
2221 1706 2456 1761 Verbum
2506 1707 2701 1772 Patris,
2739 1720 2795 1763 et
2853 1710 2906 1764 in
2960 1720 3105 1765 terra
3154 1713 3351 1780 visum,
3409 1724 3464 1770 et

1871 1813 1998 1852 cum
2029 1797 2345 1854 hominibus
2373 1811 2757 1855 conversatunt
2791 1802 2856 1856 ".

1948 1998 1967 2029 ι
2001 1978 2238 2034 Etdedit
2269 1994 2412 2034 eam.
2457 1999 2475 2030 ι
2516 1979 2785 2046 Quoniam
2820 1983 3000 2037 omnis
3046 1985 3343 2054 spiritualis
3373 1987 3464 2044 di-

1870 2069 2123 2140 sciplina,
2158 2087 2280 2141 quae
2308 2071 2375 2125 ad
2402 2071 2599 2126 cwlum
2635 2073 2805 2139 ducit,
2833 2074 2901 2129 ab
2939 2075 3056 2145 ipso
3089 2077 3397 2134 conﬁcitur.

1945 2248 2006 2302 V.
2039 2247 2128 2302 58.
2172 2268 2189 2300 ι
2223 2248 2353 2302 Po.~t
2384 2248 2500 2305 hmc
2535 2251 2589 2303 in
2638 2260 2778 2305 terra
2830 2251 2980 2308 visus
3027 2265 3129 2310 est.
3167 2275 3186 2308 ι
3251 2256 3466 2314 Etenim

1872 2356 2038 2394 unum
2061 2351 2115 2395 ct
2139 2341 2280 2396 idem
2312 2342 2629 2411 mysterium
2662 2343 2854 2399 ordine
2900 2345 3259 2415 rcsplenduit,
3311 2349 3458 2422 lega-

1871 2433 2014 2500 liter,
2050 2435 2391 2506 prophetico,
2414 2436 2748 2508 evangelice.

2502 2550 2652 2604 CAP.
2685 2548 2772 2606 IV.

1945 2643 2007 2698 ιτ,
2042 2643 2090 2697 l.
2123 2661 2140 2694 ι
2173 2641 2272 2695 llic
2314 2641 2471 2696 liber.
2510 2659 2529 2692 ι
2567 2640 2911 2698 Multiformis
2960 2660 3057 2715 per
3109 2643 3466 2719 Evangelium

1871 2732 2111 2803 mysterii
2140 2731 2400 2803 cognitio,
2427 2747 2547 2800 qua:
2571 2732 2734 2786 etiam
2761 2733 2819 2787 in
2849 2745 3117 2789 aeternum
3141 2739 3268 2793 erit.

1941 2823 2006 2878 V.
2040 2825 2092 2878 9.
2136 2843 2154 2874 ι
2185 2824 2436 2882 Ambula.
2464 2843 2485 2876 ›
2521 2824 2639 2894 Ipse
2665 2826 2812 2879 enim
2851 2827 3253 2884 voeatdicens:
3291 2831 3468 2888 Venite

1869 2917 1940 2969 ad
1965 2932 2069 2978 me,
2100 2931 2278 2969 omnes
2302 2915 2392 2984 qui
2418 2913 2672 2969 laboratis
2704 2927 2750 2969 et
2775 2919 2980 2970 onerati
3012 2920 3157 2983 estis,
3189 2929 3239 2974 et
3268 2937 3362 2992 ego
3380 2939 3469 2978 re-

1868 3010 2048 3078 ﬁciam
2070 3025 2158 3062 vos
2191 3009 2259 3062 ".

1955 3099 2015 3154 V.
2054 3101 2106 3154 4.
2144 3118 2163 3152 ι
2192 3099 2339 3156 Beati
2377 3114 2587 3155 sumus.
2625 3119 2643 3152 ι
2697 3100 2908 3157 Excitat
2953 3103 3221 3159 lsraelitas
3261 3113 3317 3159 ut
3342 3123 3467 3177 gra-

1874 3193 2002 3248 tiam
2031 3193 2366 3262 praeripiant.
2398 3191 2532 3246 Nam
2560 3202 2614 3247 et
2642 3192 2744 3247 illis
2767 3209 2994 3248 net-esse
3017 3203 3134 3250 erat
3163 3196 3314 3265 prius
3357 3212 3463 3252 an-

1872 3285 2111 3340 nuntiari
2145 3285 2369 3339 verbum
2401 3285 2512 3338 Dei.
2539 3314 2608 3326 -—
2644 3285 2954 3354 Spiritualis
2986 3286 3147 3341 Israel
3175 3288 3290 3342 hac
3327 3287 3461 3342 eﬁ'a-

1875 3387 1981 3442 tur,
2015 3379 2083 3432 at!
2113 3391 2251 3446 quos
2294 3376 2433 3430 dixit
2467 3375 2753 3430 Salvator:
2793 3377 2956 3430 Vestri
3006 3395 3127 3432 vero
3154 3379 3291 3433 oculi
3322 3381 3466 3434 beati

1873 3476 1993 3521 sunt
2021 3466 2270 3536 quoniam
2298 3466 2494 3531 vident,
2526 3475 2574 3520 et
2629 3481 2783 3520 aures
2823 3477 3028 3531 vestrae,
3068 3469 3316 3534 quoniam
3365 3487 3467 3524 auo

1875 3561 2024 3612 diunt
2044 3559 2106 3611 ⁷⁵.

1956 3673 1974 3702 ί
2003 3650 2296 3714 Conﬁdite,
2330 3651 2566 3720 populus
2607 3665 2782 3714 meus,
2816 3651 3130 3706 memoriale
3152 3651 3334 3708 Israel.
3371 3672 3391 3707 ι
3424 3655 3472 3710 Ο

1880 3743 2062 3807 Israel,
2099 3744 2167 3797 de
2198 3758 2306 3811 quo
2336 3743 2525 3811 loquar
2551 3757 2671 3813 ego.

1951 3833 2017 3888 V.
2050 3835 2103 3888 6.
2144 3854 2162 3885 ι
2196 3835 2509 3889 Venundati
2539 3835 2697 3889 estis.
2732 3853 2749 3883 ι
2783 3835 2916 3888 Nam
2942 3835 3042 3890 esti
3070 3845 3293 3905 propter
3343 3851 3475 3906 pec-

1879 3935 2060 3980 catum
2118 3927 2384 3980 adversus
2437 3939 2538 3979 nos
2596 3925 2846 3980 diabolus
2905 3927 3326 3997 chirographum
3372 3930 3473 3984 ha-

1881 4015 2035 4076 buit,
2075 4014 2325 4070 Christus
2381 4025 2564 4070 tamen
2612 4029 2714 4069 nos
2755 4017 2978 4086 proprio
3030 4019 3298 4087 sanguine
3346 4020 3473 4074 red-

1881 4108 2035 4162 emit.

1955 4197 2019 4252 V.
2047 4198 2100 4252 8.
2132 4216 2151 4250 ι
2203 4195 2365 4252 Obliti
2414 4213 2545 4253 vero
2589 4198 2743 4253 estis.
2785 4218 2802 4249 ι
2840 4198 2994 4264 Quod
3033 4200 3222 4254 leinO
3283 4203 3472 4258 nutriti

1884 4292 2070 4354 verbo,
2113 4289 2191 4344 uti
2213 4290 2438 4344 rationis
2470 4299 2773 4360 compotes,
2806 4290 2875 4345 ab
2921 4303 3021 4345 usu
3076 4293 3309 4349 rationis
3338 4293 3479 4349 exei-

1886 4385 2092 4439 dimus.

1959 4475 2020 4530 ν.
2055 4476 2107 4530 9.
2157 4493 2173 4526 ι
2201 4475 2420 4540 Audite,
2449 4473 2695 4529 conﬁnes
2717 4471 2869 4528 Sion.
2903 4491 2922 4524 ι
2968 4474 3186 4530 Vicinas
3215 4483 3373 4530 vocat
3408 4477 3475 4531 ad

1674 4610 1776 4646 σω,
1809 4601 1854 4657 D
1885 4563 2179 4619 videndum
2247 4564 2477 4628 luctum,
2538 4561 2776 4657 reddens
2815 4577 2915 4657 Aeas
2959 4565 3214 4657 exemplo
3253 4563 3477 4657 “cautio-

1882 4670 1992 4710 res.
2018 4686 2084 4698 --
2110 4653 2339 4709 Videtur
2353 4654 2420 4709 ad
2448 4653 2696 4709 subditas
2723 4653 2976 4709 civitates
3007 4654 3166 4726 dirigi
3192 4652 3400 4712 adimo.

1957 4834 2020 4889 V;
2049 4835 2134 4888 12.
2170 4850 2188 4883 ι
2213 4832 2382 4886 Nemo
2412 4830 2648 4902 gaudeat
2672 4845 2838 4900 super
2871 4844 2958 4884 me
2992 4829 3173 4886 vidua.
3210 4848 3230 4881 ι
3275 4830 3472 4901 Appel-

1883 4926 1961 4980 lat
1987 4940 2117 4979 vero
2142 4939 2201 4978 se
2224 4922 2460 4988 viduam,
2486 4921 2561 4975 uti
2612 4920 2799 4976 divina
2842 4935 2974 4975 cura
3003 4920 3273 4985 orbatam,
3304 4919 3476 4975 solan.

1886 5017 2244 5080 derelictam;
2298 5030 2444 5070 nunc
2485 5014 2693 5070 scilicet
2737 5014 2928 5068 solam.
2973 5013 3068 5068 Vel
3117 5013 3163 5068 si
3219 5027 3328 5066 non
3376 5011 3474 5075 ita,

1887 5110 2034 5179 quod
2063 5111 2178 5178 ipsa
2207 5108 2320 5162 sola
2352 5122 2568 5161 sacrum
2606 5105 2862 5160 habuerit
2891 5105 3174 5174 templum.
3213 5104 3308 5158 Vel
3355 5114 3477 5158 tan-

1886 5216 2049 5272 quam
2092 5200 2260 5254 solam
2305 5199 2376 5252 ab
2433 5197 2665 5268 Assyriis
2697 5196 3013 5252 derelictam
3062 5196 3182 5250 sine
3219 5194 3364 5249 ﬁliis.
3407 5226 3480 5236 —

1887 5293 2025 5346 Nam
2076 5301 2130 5345 et
2172 5290 2216 5343 si
2277 5289 2563 5360 Castigans
2602 5289 2877 5358 castigavit
2923 5304 3005 5340 me
3047 5287 3343 5351 Dominus,
3388 5287 3480 5340 sed

1889 5383 2046 5437 morti
2076 5397 2178 5434 non
2216 5381 2432 5433 tradidit
2466 5397 2546 5433 me
2571 5381 2635 5434 ⁷⁷.
2669 5381 2840 5434 Vidua
2868 5395 2996 5434 vero
3059 5379 3279 5449 proprie
3337 5379 3478 5449 Syn-

1887 5488 2056 5544 agoga
2083 5481 2214 5525 tunc
2239 5479 2427 5525 vocata
2457 5469 2577 5534 fuit,
2605 5486 2730 5526 eum
2756 5470 2811 5525 in
2845 5485 3107 5541 sponsum
3136 5485 3294 5525 suum
3322 5470 3479 5525 Chri-

1895 5577 2038 5621 stum
2062 5564 2416 5628 debacchata,
2452 5563 2710 5618 derelicta
2733 5561 2856 5619 fuit.

2002 5815 2043 5844 ⁷³
2112 5807 2300 5863 Matth.
2328 5822 2399 5872 ιιι,
2430 5807 2521 5862 28.
2623 5810 2668 5842 ⁷⁸
2703 5808 2894 5865 Matth.
2926 5826 3043 5878 xm,
3068 5810 3153 5864 l6.
3261 5811 3304 5840 ⁷⁷
3334 5809 3476 5868 Psal.
