4218 6448
178 432 282 495 773

1169 413 1629 476 FRAGMENTA
1674 409 1752 469 IN
1785 408 2082 468 LIBRUM
2120 405 2454 467 BARUCH.

3338 405 3443 468 ΤΗ

257 556 272 586 ι
316 531 674 603 Περίϐλεψον.
715 548 730 578 ι
771 525 911 596 Πρὸς
944 524 1031 576 τὸν
1059 522 1158 591 τῆς
1186 519 1540 587 δικαιοσύνης
1569 517 1720 587 ἥλιον
1744 556 1758 582 ,
1795 519 1833 572 Α

1795 519 1833 572 Α
1936 513 1996 568 ν.
2018 513 2106 567 '56.
2143 531 2160 563 ι
2192 512 2579 581 Circumspice.
2625 530 2642 563 ι
2677 511 2755 565 Διί
2791 510 3017 580 iustitia:
3039 508 3438 578 Solem,l)otni-

180 628 271 678 τὸν
311 625 518 695 Κύριον
557 621 719 692 ἡμῶν
749 617 963 688 Ἰησοῦν
1001 613 1260 685 Χριστόν.

843 730 1000 784 ΚΕΦ.
1036 729 1111 784 E'.

261 850 278 882 ι
320 830 603 890 Ἐκδυσαι,
641 824 1016 897 Ἰερουσαλήμ.
1042 841 1059 872 ι
1095 822 1198 873 Τὸν
1226 816 1456 873 παλαιὸν
1478 816 1766 887 ἄνθρωπον

188 923 284 972 σὺν
321 922 439 981 ταῖς
473 916 792 987 ἐπιθυμίαις
828 912 1017 967 αὑτοῦ.

264 1031 282 1062 ι
320 1011 431 1064 Καὶ
459 1009 694 1062 ἔνδυσαι.
742 1027 759 1056 ι
787 1006 942 1056 Ὅσοι
974 1005 1053 1066 εἰς
1081 999 1317 1071 Χριστὸν
1338 997 1764 1067 ἐϐαπτίσθησαν,

189 1101 419 1172 Χριστὸν
449 1098 788 1153 ἐνεδύσαντο.

262 1213 280 1244 ι
321 1189 646 1260 Περιϐαλοῦ.
689 1208 706 1239 .-
759 1185 945 1240 Ταῦτα
987 1184 1088 1255 τῆς
1139 1183 1380 1246 παλαιᾶς
1438 1180 1532 1233 καὶ
1572 1176 1767 1247 καινῆς

189 1285 455 1355 διαθήκης
503 1282 830 1350 διδάγματα.
865 1278 1102 1340 Ἄλλως
1145 1278 1244 1349 τὴν
1291 1273 1635 1347 πρακτικὴν,
1672 1271 1769 1324 καὶ

191 1375 532 1445 θεωρητικὴν
566 1372 790 1443 ἀρετήν.

267 1487 284 1518 ι
322 1465 546 1517 Ἐπίθου
575 1465 672 1531 τὴν
694 1462 915 1531 μίτραν.
948 1476 966 1510 ι
995 1459 1099 1511 Τδν
1121 1455 1354 1527 σταυρὸν
1380 1452 1477 1506 τοῦ
1505 1447 1766 1523 Χριστοῦ,

189 1559 281 1612 τὸν
330 1560 387 1609 ὲν
439 1555 514 1625 τῷ
564 1555 805 1624 μετώπῳ
863 1552 972 1604 τῶν
1033 1549 1240 1603 πιστῶν
1291 1545 1654 1615 τυπούμενον.
1699 1542 1768 1594 Ἢ

191 1653 286 1704 καὶ
314 1649 475 1703 αὐτὸν
507 1648 596 1698 τὸν
629 1648 832 1708 Κύριον
861 1662 873 1676 ο
913 1643 1125 1712 κεφαλὴ
1155 1642 1263 1710 γὰρ
1298 1640 1396 1709 τῆς
1437 1636 1769 1706 Ἐκκλησίας

191 1748 218 1797 ὁ
247 1746 500 1814 Χριστός.

266 1857 284 1887 ι
327 1835 674 1905 κληθήσεται
714 1831 821 1900 γάρ
854 1847 948 1882 σου
973 1829 1162 1898 ὄνομα.
1207 1846 1223 1870 ι
1264 1825 1376 1895 Τῆς
1399 1825 1526 1886 νέας
1569 1823 1767 1894 Ὶερου-
1799 1866 1842 1921 Β

193 1929 374 1998 σαλὴμ
397 1928 465 1980 τὰ
489 1925 867 1997 γνωρίσματα.
897 1921 1299 1987 Δικαιοσύνης
1325 1919 1382 1971 δὲ
1407 1916 1768 1988 προσέθηκεν.

190 2019 410 2088 Ἐπειδὴ
441 2020 549 2089 γὰρ
577 2018 730 2070 ἔστιν
771 2014 1114 2087 ἁμαρτωλῶν
1148 2013 1342 2084 εἰρήνη
1372 2010 1513 2064 κατὰ
1542 2009 1633 2062 τὸν
1675 2010 1773 2060 Δα-

194 2112 295 2176 ϐὶδ,
331 2111 410 2164 διὸ
450 2111 544 2163 καὶ
586 2111 614 2162 ὁ
650 2110 839 2180 Σωτήρ
874 2124 887 2136 ’
922 2107 1211 2176 Εἰρήνην,
1247 2104 1419 2173 λέγει,
1459 2101 1573 2170 τὴν
1618 2099 1774 2170 ἐμὴν

191 2204 398 2272 δίδωμι
419 2203 658 2273 ὑμῖν.--
676 2203 758 2264 Ὠς
782 2201 982 2271 μηκέτι
1004 2199 1310 2267 δυναμένης
1329 2197 1429 2265 τῆς
1449 2195 1643 2263 ἐφόδου
1663 2192 1773 2245 τῶν

192 2296 400 2366 ἐχθρῶν
456 2297 553 2365 τὴν
604 2295 830 2366 εἰρήνην
857 2292 954 2364 τὴν
995 2292 1092 2362 τῆς
1149 2288 1497 2357 δικαιοσύνης
1550 2283 1781 2339 διασπᾶ-

193 2406 306 2452 σαι,
371 2388 505 2460 μηδὲ
557 2386 861 2441 καταλῦσαι
929 2385 1022 2453 τῆς
1085 2379 1395 2441 θεοσεϐείας
1440 2379 1539 2448 τὴν
1588 2374 1768 2440 δόξαν.

195 2481 406 2544 ΙἈλλως
437 2498 449 2510 ·
483 2479 710 2550 Ἐπειδὴ
741 2480 775 2548 ὴ
799 2478 990 2548 εἰρήνη
1022 2474 1178 2546 ἡμῶν
1212 2475 1240 2526 ὁ
1269 2471 1522 2542 Χριστὸς,
1553 2469 1648 2522 καὶ
1681 2467 1773 2520 αὑι

190 2573 282 2636 τός
329 2573 477 2624 ἐστιν
511 2572 543 2640 ἠ
574 2568 894 2637 δικαιοσύνη
925 2567 1080 2637 ἡμῶν
1104 2565 1196 2617 καὶ
1225 2566 1258 2633 ἠ
1286 2562 1413 2626 δόξα
1437 2601 1452 2624 ,
1483 2561 1578 2612 καὶ
1609 2558 1772 2620 αὑτός

190 2668 340 2719 ἐστιν
358 2668 385 2718 ό
400 2667 498 2733 τῆς
526 2663 667 2717 κατὰ
689 2659 999 2714 θεοσέϐειαν
1014 2654 1287 2716 πολιτείας
1307 2651 1464 2722 ἡμῶν
1491 2651 1775 2718 ὑπογραμ-

195 2759 313 2828 μὸς,
335 2755 394 2820 ἐξ
425 2755 591 2809 αὑτοῦ
628 2754 721 2806 καί
745 2753 906 2822 ἡμεῖς
943 2746 1278 2817 καλούμεθα.

269 2869 289 2901 ι
315 2846 628 2916 Ἀνάστηθι,
646 2845 713 2897 Ίε
721 2841 954 2914 ρουσαλή
964 2859 1023 2910 μ.
1047 2858 1063 2891 ι
1095 2840 1223 2892 Ἐπὶ
1243 2835 1452 2906 ὑψηλῆς
1471 2832 1771 2894 πολιτείας,

191 2943 286 2995 ἐπὶ
317 2940 413 2994 τοῦ
437 2935 802 3006 εύαγγελικοῦ
829 2934 1207 3004 κηρύγματος.

269 3138 287 3166 σι
332 3112 584 3183 Ἐξῆλθον
611 3117 740 3181 γαρ.
791 3126 809 3158 ι
845 3107 920 3159 Τὸ
951 3106 1138 3176 σχῆμα
1187 3101 1483 3172 πενθῆρες,
1520 3100 1594 3162 ὼς
1625 3097 1774 3168 ξηλοί

1867 621 1995 659 num
2023 614 2265 659 nostrum
2283 604 2468 659 Iesum
2497 602 2792 656 Christum.

2530 714 2682 769 CAP.
2723 715 2785 770 V.

1939 810 2002 867 V.
2036 811 2087 865 l.
2131 829 2148 861 ι
2186 809 2333 863 Exue
2367 821 2453 874 te,
2478 807 2834 864 Jerusalem.»
2867 806 3048 862 Veteri
3079 808 3301 862 homine
3317 825 3444 862 cum

1866 904 2151 960 desideriis
2180 904 2317 974 ejus.

1945 1014 1963 1048 ι
1999 995 2068 1049 Et
2125 995 2288 1047 induc
2345 1003 2416 1048 te.
2462 991 2785 1061 )Quotquot
2830 991 2884 1044 in
2928 990 3145 1046 Christo
3191 991 3446 1061 baptizati

1868 1095 2014 1149 sunt,
2050 1086 2327 1140 Christum
2353 1084 2652 1136 induerunt
2677 1086 2744 1138 ⁸ο.

1940 1176 2004 1230 ν.
2027 1177 2079 1230 2.
2104 1195 2122 1228 ι
2150 1177 2489 1229 ιιι-υυιιιιίιιδ
2529 1173 2622 1228 Παλ
2653 1184 2779 1228 sunt
2801 1174 2996 1228 veteris
3020 1176 3256 1243 novique
3281 1185 3438 1229 testa-

1869 1269 2039 1323 menti
2063 1268 2457 1321 institutiones.
2513 1264 2710 1331 Aliter,
2772 1265 3446 1335 practicam,theoricam-

1869 1379 1975 1434 que
2002 1364 2284 1417 virtutem.
3211 1341 3223 1352 ’

1946 1483 1963 1512 c
1993 1461 2215 1530 lmpone
2239 1459 2475 1512 mitram.
2508 1476 2526 1509 ι
2551 1457 2780 1512 Crucem
2806 1453 3032 1520 Christi,
3053 1472 3176 1526 quae
3193 1455 3245 1509 in
3266 1455 3444 1510 fronte

1869 1552 2207 1607 credentium
2225 1549 2573 1619 imprimitur.
2602 1548 2698 1602 Vel
2723 1558 2777 1602 et
2797 1549 2975 1618 ipsum
3001 1547 3320 1614 Dominum;
3348 1563 3445 1602 ea-

1872 1649 1970 1713 put
1999 1641 2200 1712 quippe
2225 1639 2480 1694 Eeciesia:
2508 1638 2784 1696 Christus.

1942 1799 2006 1854 V.
2040 1800 2094 1854 4.
2135 1819 2152 1848 ι
2186 1797 2481 1852 Vocabitur
2509 1796 2656 1850 enim
2676 1810 2876 1850 nomen
2938 1805 3112 1852 tuum.
3140 1815 3158 1848 ι
3193 1795 3287 1850 Hae
3319 1806 3449 1851 sunt

1876 1908 2029 1948 novae
2052 1890 2350 1944 Jerusalem
2369 1898 2530 1943 noue.
2561 1888 2799 1942 Iustitia:
2848 1905 2979 1942 vero
3009 1890 3282 1958 apposuit.
3311 1889 3449 1943 Nam

1873 1985 2000 2054 quia
2027 1994 2110 2038 est
2139 1993 2194 2036 et
2220 1991 2566 2052 peccatorum
2627 1997 2753 2052 pax,
2805 1981 3108 2035 secundum
3167 1979 3331 2034 David
3354 1981 3447 2044 ⁸⁸⁸,

1874 2078 1998 2133 ideo
2024 2086 2079 2132 et
2129 2077 2394 2141 Salvator,
2419 2073 2633 2141 Pacem,
2655 2075 2752 2140 ait,
2778 2091 2951 2128 meam
2981 2074 3047 2127 do
3077 2073 3215 2126 vobis
3248 2073 3316 2128 ".
3340 2071 3449 2128 H0-

1873 2172 2038 2225 stium
2069 2187 2266 2239 nempe
2294 2171 2499 2240 impetu
2535 2182 2645 2221 non
2677 2167 2910 2235 amplius
2938 2175 3160 2236 potente
3192 2166 3450 2220 divellere

1873 2281 2064 2336 pacem
2114 2279 2233 2332 qua:
2263 2278 2326 2316 ex
2373 2260 2584 2329 justitia
2647 2267 2752 2323 est,
2797 2274 2897 2313 nec
2942 2268 3186 2312 evertere
3233 2257 3451 2328 pietatis

1875 2361 2162 2414 honorem.
2191 2358 2360 2410 Aliter
2389 2373 2402 2409 :
2446 2354 2583 2420 Quia
2614 2352 2864 2407 Christus
2885 2361 3068 2406 nostra
3094 2367 3195 2421 pax
3225 2360 3337 2418 est,
3395 2358 3451 2404 et

1872 2452 1990 2522 ipse
2019 2460 2102 2505 est
2131 2450 2340 2518 justitia
2385 2458 2594 2509 nostra.
2636 2457 2690 2502 et
2726 2447 2915 2516 gloria,
2949 2459 3004 2500 et
3051 2447 3166 2515 ipse
3189 2455 3272 2499 est
3329 2444 3448 2498 vita

1875 2544 1961 2614 pie
1988 2543 2336 2597 instituenda:
2358 2540 2756 2610 prtescriptum.
2785 2549 2838 2593 et
2880 2539 3088 2609 regula,
3136 2553 3202 2593 ex
3257 2537 3349 2591 illo
3393 2544 3450 2590 et

1872 2652 1973 2691 nos
1993 2635 2432 2690 denominamur.

1944 2813 2009 2869 V.
2044 2813 2096 2868 5.
2137 2833 2156 2865 ι
2201 2812 2464 2882 Exsurge,
2492 2806 2794 2863 Jerusalem
2815 2847 2828 2868 ,
2859 2816 2914 2860 et
2955 2815 3037 2861 sta
3070 2807 3124 2860 in
3156 2806 3352 2861 excelsi
3375 2846 3390 2861 .
3424 2827 3447 2860 ι

1873 2905 1934 2961 ιιι
1984 2903 2202 2959 sublimi
2250 2902 2376 2958 vitae
2404 2901 2674 2963 instituto,
2727 2900 2782 2954 in
2833 2900 3142 2971 evangeliea
3193 2901 3451 2970 praedica-

1876 3002 2042 3055 ﬁone.

1951 3091 2011 3146 ι’.
2050 3091 2103 3146 6.
2147 3111 2164 3141 ι
2203 3090 2468 3144 Exierunt
2491 3089 2657 3142 enim.
2695 3106 2712 3136 ι
2748 3086 2987 3141 Pedibus
3021 3085 3122 3148 ire,
3153 3085 3219 3139 ad
3248 3086 3452 3139 luctum

198 3207 381 3271 Δαϐὶδ,
407 3177 654 3276 ⁷ιρεύγων
689 3177 792 3258 ’τὸν
844 3199 1188 3268 Ἀϐεσαλώμ.
1244 3195 1485 3258 Πάνθους
1535 3193 1594 3247 δὲ
1647 3192 1776 3256 ἄξια
1803 3202 1844 3258 c

1803 3202 1844 3258 ο
1879 3185 2132 3256 pertinet,
2166 3183 2482 3237 utostendit
2537 3180 2708 3234 David
2765 3179 3101 3232 Absalnnem
3158 3177 3450 3247 fugiens".

194 3308 464 3372 επραττον
498 3300 547 3351 οἰ
579 3297 879 3367 δαιμονίοις
911 3292 1282 3356 δουλεύοντες,
1321 3288 1421 3341 καὶ
1447 3289 1566 3350 ταῖς
1599 3286 1777 3340 ποικί-

197 3394 316 3456 λαις
346 3391 526 3446 αὐτῶν
548 3390 806 3459 ἀγόμενοι
827 3385 1173 3455 ἐπιθυμίαις.

278 3509 293 3537 ι
344 3487 430 3548 Ὠς
482 3485 629 3545 υἱοὺς
681 3479 979 3551 βασιλείας.
1018 3496 1038 3530 ι
1111 3474 1447 3544 Αἰρομένους
1506 3471 1606 3542 μὲν
1671 3468 1778 3522 ὑπὸ

195 3575 372 3642 ἁγίων
399 3571 665 3639 ἀγγέλων,
719 3566 1265 3640 παραπεμπομένους
1295 3563 1351 3616 δὲ
1404 3561 1492 3614 διὰ
1538 3561 1639 3629 τῆς
1698 3561 1778 3624 εἰς

197 3662 435 3733 Χριστὸν
464 3661 702 3722 πίστεως
726 3661 807 3719 εἰς
835 3657 934 3729 τὴν
965 3656 1074 3710 τῶν
1107 3652 1358 3726 οὐρανῶν
1388 3651 1686 3724 βασιλείαν.

277 3769 297 3799 ε
336 3748 601 3814 Συνέταξε
624 3787 637 3801 .
662 3788 677 3802 .
705 3785 719 3800 .
751 3744 1147 3800 ταπεινοῦσθαι
1183 3743 1292 3795 πᾶν
1329 3742 1453 3812 ὅρος
1497 3739 1717 3809 ὑψηλόν.
1755 3757 1772 3789 ι

197 3845 314 3895 Πᾶν
365 3841 566 3911 ’ύψωμα
619 3840 982 3910 ἐπαιρόμενον
1048 3835 1190 3890 κατὰ
1229 3835 1329 3905 τῆς
1378 3831 1633 3902 γνώσεως
1681 3829 1777 3884 τοῦ

197 3932 361 3987 Θεοῦ.

277 4042 296 4072 ι
336 4021 445 4075 Καὶ
470 4021 618 4083 θῖνας
645 4020 924 4083 ἀεννάους.
962 4037 980 4069 ι
1011 4018 1150 4080 Τοὺς
1173 4016 1233 4082 ἐξ
1261 4015 1435 4088 ἀρχῆς
1461 4013 1556 4068 ἀπ’
1586 4012 1777 4076 αἰῶνος

197 4112 574 4184 πολεμοῦντας
603 4114 751 4182 ἡμᾶς
779 4111 1063 4180 δαίμονας.

277 4224 296 4253 ι
343 4203 450 4256 Καὶ
497 4203 790 4273 φάραγγας
834 4200 1193 4272 πληροῦσθαι,
1254 4217 1272 4249 ι
1317 4198 1427 4261 Τάς
1461 4195 1778 4264 κατατομὰς

194 4294 309 4347 τῶν
336 4293 743 4364 ψευδοχρίστων
790 4296 869 4356 εἰς
912 4294 1169 4363 ὁμόνοιαν
1199 4289 1482 4360 φέρεσθαι.
1514 4287 1724 4348 Ἀλλως
1759 4301 1774 4315 ·

195 4384 300 4446 τὰς
323 4383 491 4437 πάλαι
518 4383 706 4447 κοίλας
733 4386 827 4436 καὶ
852 4383 1077 4452 γεώδεις
1103 4382 1305 4452 ψυχὰς,
1334 4381 1404 4432 δι’
1432 4381 1612 4450 ἔργων
1640 4380 1776 4446 ἀγα⁹

199 4473 314 4526 θῶν
339 4475 700 4546 πληροῦσθαι,
733 4476 844 4529 τῶν
880 4475 1192 4529 σκανδάλων
1218 4471 1702 4543 περιαιρεθέντων.

1883 3278 1950 3332 Et
1977 3292 2108 3330 sane
2137 3275 2387 3344 lacrymis
2440 3273 2602 3342 digna
2641 3270 2929 3341 gerebant,
2963 3268 3055 3338 qui
3115 3268 3455 3322 daemonibus

1882 3367 2271 3428 inserviebam,
2298 3373 2352 3418 et
2376 3364 2538 3417 variis
2559 3380 2747 3417 eorum
2773 3359 3060 3415 desideriis
3090 3359 3451 3415 ducebantur.

1957 3457 2018 3511 V.
2047 3458 2098 3510 6.
2143 3475 2160 3508 ι
2190 3457 2342 3510 Sicut
2368 3454 2507 3508 ﬁlios
2546 3454 2722 3522 regni.
2755 3473 2774 3504 ι
2827 3452 3008 3505 Elatos
3036 3452 3257 3520 quidem
3285 3468 3456 3505 asan--

1879 3551 1982 3604 etis
2006 3549 2211 3618 angelis
2245 3566 2256 3601 :
2291 3547 2640 3601 transmissos
2672 3563 2802 3599 vero
2835 3560 2931 3614 per
2982 3544 3167 3607 ﬁdem,
3213 3560 3335 3613 qua:
3399 3546 3454 3599 in

1876 3642 2153 3698 Christum
2182 3649 2284 3700 est.
2319 3641 2373 3693 in
2399 3656 2624 3710 regnum
2661 3639 2947 3692 ccelorum.

1950 3734 2014 3787 ν.
2051 3733 2103 3785 7.
2147 3753 2163 3784 ι
2198 3731 2528 3786 Constituit.
2551 3771 2565 3784 .
2590 3770 2603 3783 .
2641 3730 2932 3784 humiliare
2960 3745 3179 3787 omnem
3214 3742 3455 3788 montem

1877 3825 2172 3881 excelsum.
2226 3843 2244 3874 ι
2296 3821 2530 3877 Omnem
2585 3820 2928 3874 altitudinem
2995 3821 3345 3876 extollentem
3397 3837 3457 3875 se

1878 3927 2068 3973 contra
2105 3915 2201 3969 Dei
2224 3914 2611 3985 cognitionem.

1952 4029 1972 4060 ι
2013 4009 2076 4062 Et
2099 4023 2260 4076 rupes
2284 4020 2572 4075 perennes.
2612 4023 2630 4056 ι
2689 4004 2993 4068 Dmmones,
3025 4005 3119 4074 qui
3180 4004 3342 4059 nobis
3386 4003 3457 4058 ab

1876 4099 2031 4154 initio
2069 4097 2249 4152 saeculi
2279 4096 2478 4150 bellum
2497 4093 2758 4147 inferunt.

1955 4209 1973 4242 ι
2016 4191 2084 4244 Ει
2109 4188 2276 4243 valles
2311 4187 2560 4256 implere.
2605 4205 2623 4237 ι
2652 4185 2880 4255 thuos
2918 4183 3315 4253 pseudochristi
3346 4183 3454 4237 dis-

1877 4282 2154 4342 ciderunt,
2188 4279 2242 4332 in
2281 4279 2542 4332 unionem
2589 4284 2809 4331 coeant.
2841 4275 3013 4330 Aliter
3047 4292 3061 4329 :
3099 4274 3272 4330 Cavas
3321 4274 3454 4328 olim

1880 4384 2230 4443 terrenasque
2259 4373 2471 4425 animas
2491 4369 2650 4424 bonis
2679 4369 2941 4440 operibus
2969 4367 3192 4438 repleri,
3226 4367 3458 4423 sublatis

1880 4465 2171 4522 scandalis.

273 4629 321 4660 ⁸⁸
350 4627 525 4684 Galat.
561 4648 642 4695 ιιι,
673 4629 764 4684 27.
842 4632 910 4662 ⁸⁸·
949 4629 1092 4686 Psal.
1119 4644 1288 4690 xxvu,
1318 4629 1372 4681 5.
1444 4627 1489 4656 θ’
1523 4623 1682 4679 Joan.
1721 4641 1829 4690 xiv,
1859 4622 1939 4676 27.

873 4632 910 4662 "
949 4629 1092 4686 Psal.
1119 4644 1288 4690 xxvu,
1318 4629 1372 4681 5.
1444 4627 1489 4656 θ’
1523 4623 1682 4679 Joan.
1721 4641 1829 4690 xtv,
1859 4622 1950 4676 27.
2017 4620 2066 4651 θ’
2096 4619 2139 4674 ll
2174 4619 2308 4689 Reg.
2339 4635 2426 4681 xv,
2453 4617 2539 4672 l7.

219 4805 3438 4842 ___________________________________————————————-

617 5002 1325 5096 FRAGMENTA
1431 5001 1558 5087 lN
1675 4996 2349 5086 EPISTOLAM

2456 4992 3064 5080 JEREMIIE.

288 5403 306 5434 ιι
350 5379 707 5449 Ἀντίγραφον
726 5376 1038 5448 ἐπιστολῆς.
1076 5395 1094 5427 ο
1129 5374 1785 5446 Πνεύματιπληροφορη-
1816 5376 1861 5431 D

1816 5376 1861 5431 D
1966 5394 1985 5425 ι
2029 5371 2352 5442 Exemplum
2409 5369 2729 5443 epistola.)
2785 5367 2993 5438 Spiritu
3056 5366 3283 5419 edoctus
3336 5381 3467 5434 pro-

206 5476 325 5535 Θείς
350 5474 378 5524 δ
406 5471 709 5542 προφήτης,
735 5467 810 5530 ὡς
836 5467 1125 5536 μέλλουσιν
1150 5466 1490 5536 αἰχμάλωτοι
1513 5465 1782 5533 γίνεσθαι,

1893 5465 2076 5535 pheta,
2102 5464 2217 5517 fore
2242 5473 2300 5516 ut
2321 5460 2493 5516 Judaei
2519 5460 2718 5530 captivi
2767 5459 2980 5520 ﬁerent.
3004 5467 3130 5515 ante
3160 5457 3330 5527 ipsam
3370 5473 3466 5511 ca-

207 5564 493 5622 κελεύεται
537 5560 641 5614 ὑπὸ
689 5559 783 5612 τοῦ
820 5559 954 5611 Θεοῦ
997 5559 1092 5612 καὶ
1139 5557 1246 5628 πρὸ
1274 5561 1372 5628 τῆς
1410 5556 1788 5627 αἰχμαλωσίας

1894 5557 2198 5626 ptivitatem
2234 5554 2462 5623 jubetur
2489 5568 2519 5606 a
2574 5553 2686 5605 Deo
2736 5550 3022 5618 epistolam
3063 5549 3337 5611 scribere;
3409 5558 3469 5603 ut

206 5654 426 5726 γράψαι
445 5654 544 5723 τὴν
563 5651 853 5721 ἐπιστολὴν
877 5651 984 5713 ἵνα,
1003 5652 1131 5703 ὅταν
1148 5651 1410 5718 γένωνται
1427 5648 1787 5718 αἰχμάλωτοι,

1894 5649 2112 5716 quando
2137 5648 2248 5717 jam
2270 5654 2457 5700 essent
2490 5642 2710 5712 captivi,
2759 5642 3027 5696 haberent
3056 5640 3199 5694 illam
3235 5641 3310 5693 uti
3344 5639 3470 5694 sub-

208 5747 412 5815 ιχωσιν
459 5742 631 5813 αὐτὴν
668 5740 879 5811 ἐφόδιον
922 5741 1003 5804 εἰς
1046 5741 1106 5793 τὸ
1161 5741 1235 5810 μὴ
1280 5739 1651 5810 ἀπατηθῆναι,
1695 5741 1789 5793 καὶ

1897 5737 2115 5801 sidinm,
2159 5752 2227 5791 ne
2259 5736 2474 5804 decepti
2526 5732 2946 5800 Babyloniorum
2984 5730 3124 5783 idola
3153 5731 3464 5782 adorarent.

212 5837 594 5904 προσκυνῆσαι
625 5835 741 5895 τοῖς
761 5832 870 5887 τῶν
905 5830 1261 5886 Βαϐυλωνίων
1290 5830 1551 5894 εἰδώλοις.
