4218 6448
197 363 302 427 ’177

1110 367 1567 428 FRAGMENTA
1607 367 1688 427 IN
1734 367 2090 430 IEREMI/E
2123 369 2566 432 EPISTOLAM.

3353 376 3461 444 778

199 480 310 533 ⁶τῶν
339 477 530 548 ίερέων
567 475 748 546 ψυχὰς
785 475 886 528 οὐκ
914 476 1173 542 ἐκλύτους
1213 474 1353 532 εἶναι
1395 480 1493 545 δεῖ,
1523 479 1638 532 ἀλλ’
1685 481 1782 533 ἀν·
1814 485 1856 540 Α

1814 485 1856 540 Α
1887 481 2169 534 cerdotum
2212 483 2422 535 animas
2463 481 2758 538 dissolutas
2795 498 2913 538 esse
2949 500 3055 539 non
3088 487 3302 556 decere,
3364 490 3461 552 sed

202 569 386 636 δρείας
419 569 516 622 καὶ
552 569 797 637 γενικὰς.

275 680 293 712 ι
340 656 442 711 Ὧν
473 661 529 714 αί
555 660 790 729 κεφαλαὶ
818 660 1122 715 ἀκάλυπτοί
1152 664 1313 716 εἰσιν.
1362 682 1380 714 ι
1420 663 1535 716 Οὐκ
1565 663 1786 732 ἔχουσαι

197 771 294 825 τοῦ
328 772 599 843 σωτηρίου
629 771 728 844 τὴν
758 776 1216 844 περικεφαλαίαν.

279 885 482 937 Ἐνεόν
529 901 662 955 φησι
710 885 772 938 τὸ
819 886 1034 939 εἴδωλον
1082 887 1144 940 τὸ
1199 886 1431 956 ἄφωνον.
1458 887 1660 955 Βῆλον
1685 890 1782 942 Δία

195 974 290 1026 καὶ
311 974 572 1044 Ἕλληνες
601 975 999 1046 ἐσεϐάσθησαν.

275 1105 294 1138 ι
331 1090 394 1141 Δί
437 1090 495 1143 δὲ
523 1092 784 1158 γυναῖκες
837 1091 1196 1161 περιθέμεναι
1228 1094 1460 1162 σχοινία.
1503 1111 1522 1143 ι
1560 1095 1777 1163 Σχοινία

1894 571 2096 636 viriles,
2133 583 2188 626 et
2217 588 2535 643 generosas.

1965 681 2024 733 V.
2051 683 2140 736 50.
2173 701 2192 732 ι
2229 683 2470 749 Quorum
2493 687 2670 756 capita
2693 688 2837 744 nuda
2877 699 3022 746 sunt.
3064 711 3084 742 ι
3111 690 3227 746 Non
3256 694 3463 749 baben-

1885 773 1956 828 tia
1987 775 2239 830 salutaris
2267 778 2496 847 galeam.

1954 888 2017 942 V.
2071 891 2160 945 40.
2220 892 2423 946 Mutum
2468 899 2624 948 vocat
2667 896 2867 949 idolum
2930 896 3048 952 sine
3068 911 3217 954 voce.
3247 897 3456 967 Belum,

1877 980 2066 1036 Jovem
2091 982 2264 1039 Cra-ci
2293 1001 2509 1055 quoque
2551 987 2858 1052 coluerunt.

1950 1092 2015 1149 V.
2050 1095 2141 1150 42.
2179 1114 2197 1146 ι
2235 1096 2488 1153 Mulieres
2533 1111 2714 1153 autem
2752 1096 3103 1158 circumdatae
3149 1095 3391 1159 funibus.
3431 1125 3450 1157 ι

193 1179 361 1247 φησὶν
383 1180 450 1233 τὰ
477 1179 839 1250 περιζώματα
864 1198 878 1212 °
911 1181 1284 1236 καλύπτουσαι
1301 1183 1410 1254 γὰρ
1440 1185 1576 1255 μόνα
1595 1186 1662 1238 τὰ
1681 1187 1774 1239 τοῦ

1878 1185 2059 1240 Fuues
2075 1198 2232 1244 vocat
2259 1192 2588 1262 subligacula
2612 1212 2626 1248 :
2656 1193 2798 1247 solas
2817 1195 2964 1248 enim
2991 1205 3234 1266 tegentes
3259 1197 3453 1252 obsce-

193 1271 448 1342 σώματος
470 1275 781 1344 ἀσχήμονα,
809 1275 877 1328 τὰ
897 1275 1061 1328 λοιπὰ
1090 1277 1495 1349 παρεγύμνουν,
1529 1297 1773 1350 προσκα-

189 1362 286 1414 λού
296 1380 453 1431 μεναι
485 1365 612 1427 τοὺς
643 1367 901 1435 ἐραστάς.
1311 1386 1328 1394 “

264 1469 285 1503 ι
321 1453 608 1522 θυμιῶσαι
631 1456 702 1508 τὰ
729 1456 955 1528 πίτυρα.
996 1479 1016 1512 ι
1055 1460 1341 1532 Ἀφροδίτῃ
1374 1462 1555 1532 τυχὸν,
1589 1465 1622 1534 ἦ
1663 1481 1768 1517 τινι

184 1542 695 1611 προαγωγῷ.¹Ίσως
722 1545 778 1599 δὲ
809 1549 905 1602 καὶ
937 1550 1018 1610 είς
1044 1550 1327 1622 καθαρμὸν
1357 1552 1516 1606 τοῦτο
1546 1554 1767 1609 ἐποίουν

182 1635 234 1684 οἱ
267 1633 568 1704 δυστυχεῖς.

265 1743 283 1774 ι
325 1725 445 1778 Ὀτι
467 1726 567 1778 οὐκ
589 1726 836 1796 ἠξίωται.
878 1748 897 1781 ι
937 1731 1059 1783 Ὅτι
1107 1725 1207 1785 οὐκ
1237 1730 1442 1803 ἠξιώθη
1473 1728 1608 1788 Θεοῦ
1634 1736 1758 1788 ἐπι-

1874 1267 1972 1331 nas
1997 1281 2244 1348 corporis
2278 1293 2478 1352 partes,
2498 1296 2693 1343 can-tera
2724 1285 3022 1350 nudabant,
3050 1287 3116 1341 ad
3135 1287 3455 1343 alliciendos

1872 1382 2163 1429 εωειιοιοθε.

1949 1482 1968 1514 ι
2015 1466 2316 1522 Adolentes
2394 1467 2645 1536 furfura.‘
2685 1490 2704 1522 ι
2794 1459 2990 1528 Veneri
3059 1474 3308 1536 fortasse.
3366 1474 3453 1529 vel

1871 1548 2029 1611 alteri
2060 1559 2298 1622 numini,
2328 1564 2472 1630 quod
2497 1558 2784 1619 lenociniis
2835 1568 3042 1635 praesit.
3069 1555 3231 1621 Forte
3284 1566 3451 1620 etiam

1867 1649 1934 1704 ad
1968 1665 2027 1705 se
2053 1651 2366 1708 lustrandos
2395 1656 2578 1710 miseri
2609 1658 2712 1712 hoc
2729 1659 2980 1729 agebant.

1941 1742 1998 1795 V.
2014 1745 2103 1798 45.
2123 1763 2141 1795 ι
2170 1743 2321 1811 Quod
2341 1760 2451 1802 non
2477 1742 2549 1802 sit
2566 1749 2727 1820 digna
2750 1752 2979 1808 habita»
3003 1750 3269 1817 Quoniam
3289 1751 3452 1820 digna

184 1817 456 1886 σκέψεως.
490 1849 562 1858 --
593 1819 717 1912 Ιὲὦς
747 1837 810 1889 γε
842 1821 905 1891 δὴ
935 1823 1120 1893 μέλλοι
1153 1826 1222 1878 τὰ
1251 1827 1344 1879 ὑπ’
1380 1829 1562 1881 αὐτῶν
1587 1847 1760 1883 κατα-ι
1796 1833 1837 1891 Β

1796 1833 1837 1891 ll
1866 1849 1976 1887 non
2007 1833 2126 1896 fuit.
2171 1853 2291 1906 qua:
2323 1855 2354 1893 a
2400 1841 2512 1894 Deo
2539 1817 2958 1895 inviseretur.—
2983 1841 3266 1906 Quomodo
3286 1817 3450 1912 igitur

183 1910 553 1963 σκευασθέντα
580 1899 715 1965 εἶναι
739 1913 871 1980 θεοὶ,
903 1917 984 1968 ὅτι
1007 1909 1067 1969 τὸ
1091 1917 1196 1970 ὑπὸ
1219 1917 1380 1972 ἄλλου
1402 1911 1684 1991 γινόμενον
1703 1913 1765 1975 οὗ

180 1998 339 2062 Θεός.

261 2110 279 2142 ι
315 2091 692 2163 Γνωσθήσεται
723 2097 863 2166 μετὰ
892 2097 1064 2152 ταῦτα
1088 2100 1171 2153 ὅτι
1197 2097 1315 2154 ἐστὶ
1338 2095 1528 2172 ψευδῆ.
1570 2122 1589 2156 ι
1617 2095 1681 2160 i'0
1700 2104 1764 2176 δὴ

180 2184 279 2235 καὶ
308 2183 532 2250 γέγονεν
563 2185 650 2238 διὰ
674 2187 773 2257 τῆς
796 2186 890 2239 τοῦ
914 2189 1168 2259 Σωτῆρος
1203 2192 1548 2260 ἐπιφανείας.

259 2290 278 2321 ι
313 2272 525 2343 Ὥσπερ
556 2275 664 2344 γὰρ
686 2275 944 2346 κορῶναι.
981 2295 1000 2328 ι
1046 2279 1110 2332 Ἠ
1145 2280 1358 2350 κορώνη
1389 2282 1591 2352 πτηνὸν
1621 2283 1762 2338 dxi-

179 2365 405 2436 θαρτον.
450 2367 776 2438 Ἀκάθαρτοι
801 2366 894 2424 οὖν
915 2372 1055 2425 είσιν
1076 2375 1125 2426 oi
1147 2373 1416 2445 δαίμονες,
1445 2376 1570 2430 οὔτε
1599 2381 1762 2433 ἐπου-

182 2457 361 2524 ράνιοι
393 2458 545 2522 ὄντες
561 2460 649 2512 διὰ
675 2461 737 2513 τὸ
774 2461 1047 2532 ἄτιμοι,οῦ
1069 2481 1128 2517 τε
1162 2466 1419 2536 ἐπίγειοι,
1451 2469 1586 2523 διότι
1607 2471 1762 2540 ψευδο

179 2547 392 2617 ώνυμοι
420 2566 434 2581 ο
491 2551 585 2602 καὶ
642 2551 813 2614 ἄλλως
843 2552 899 2605 δὲ
925 2592 939 2616 ,
991 2555 1100 2607 ἀπὸ
1137 2558 1236 2624 μὲν
1259 2558 1526 2628 οὐρανίων
1555 2560 1760 2629 ἀψίδων

181 2642 290 2693 ὑπὸ
320 2639 877 2715 Θεοῦρέξεὸλήθησαν,
904 2647 1012 2700 ἀπὸ
1045 2648 1104 2701 δὲ
1134 2649 1234 2720 τῆς
1253 2651 1356 2721 γῆς
1385 2652 1762 2723 περιελαύνον-

179 2752 274 2786 ται
316 2737 421 2788 ὑπὸ
459 2737 629 2806 ἁγίων
665 2739 968 2809 ἀνθρώπων
1001 2739 1088 2794 διὰ
1117 2742 1216 2812 τῆς
1242 2742 1335 2797 τοῦ
1365 2745 1602 2814 Χριστοῦ
1633 2747 1759 2816 βοη-

182 2827 357 2890 θείας.
395 2829 553 2881 Κατὰ
582 2829 640 2882 δὲ
677 2830 832 2897 λόγον
870 2835 1130 2900 μυστικὸν
1163 2836 1258 2888 καὶ
1283 2837 1312 2888 ὁ
1341 2837 1532 2909 Σωτὴρ
1562 2841 1639 2904 είς
1665 2841 1759 2894 τὸν

182 2921 420 2987 σταυρὸν
461 2921 714 2991 ἀνῆλθεν,
757 2925 850 2976 τὸν
880 2925 1019 2996 ἀέρα
1042 2926 1323 2998 καθαίρων
1353 2929 1418 2982 ὲκ
1443 2932 1541 3001 τῆς
1575 2931 1757 2985 αὐτῶν

180 3009 530 3080 ἀκαθαρσίας
551 3022 565 3042 ⁸
623 3015 718 3067 καὶ
749 3017 830 3078 είς
863 3018 928 3070 τὰ
980 3019 1314 3089 καταχθόνια
1352 3023 1752 3092 παραγέγονεν,

179 3103 473 3156 καταλύων
500 3104 679 3158 αὐτῶν
717 3101 834 3160 ἐκεῖ
856 3107 956 3180 τὴν
981 3110 1288 3179 τυραννίδα.

1873 1925 2167 1981 fabrefacta
2201 1928 2271 1982 ab
2307 1929 2410 1983 illis
2470 1931 2674 1986 fuerint
2703 1933 2797 2000 dii,
2830 1949 2954 1988 cum
2996 1934 3048 1990 id
3074 1934 3218 2006 quod
3244 1934 3313 1988 ab
3342 1932 3450 1988 alio

1871 2016 1951 2079 ﬁt,
1991 2017 2135 2074 Deus
2151 2034 2260 2074 non
2283 2016 2396 2075 sit?

1941 2103 2006 2160 V.
2046 2098 2135 2162 50.
2171 2126 2190 2160 ι
2226 2107 2443 2166 Scietur
2462 2123 2649 2182 postea
2674 2115 2800 2185 quia
2825 2114 2959 2170 falsa
2994 2124 3140 2172 sunt.
3167 2114 3358 2183 ιρι]οά
3389 2124 3448 2171 et

1869 2199 2071 2254 factum
2095 2211 2179 2257 est
2202 2218 2298 2272 per
2317 2204 2613 2261 Salvatoris
2635 2209 2950 2264 adventum.

1943 2293 2004 2347 V.
2039 2295 2127 2349 55.
2157 2313 2176 2345 ι
2224 2293 2380 2351 Sicut
2410 2298 2558 2352 enim
2590 2300 2901 2355 corniculae.
2941 2319 2961 2352 ι
3018 2300 3310 2356 Cornicula
3338 2303 3444 2356 im-

1867 2386 2073 2440 munda
2113 2388 2351 2443 volucris
2376 2400 2481 2444 est.
2508 2391 2778 2447 lmmundi
2807 2410 2936 2463 ergo
2971 2405 3102 2450 sunt
3138 2395 3439 2458 daemones.

1866 2493 2045 2548 neque
2075 2481 2348 2548 caelestes,
2377 2484 2502 2552 quia
2532 2484 2677 2554 pleni
2708 2486 3024 2556 ignominia,
3086 2503 3265 2558 neque
3326 2497 3441 2543 ter-

1867 2569 2004 2633 reni,
2030 2570 2285 2639 quoniam
2308 2571 2426 2625 falsi
2446 2575 2684 2629 nominis
2699 2585 2846 2640 Sunt,
2871 2586 2925 2630 et
2949 2589 3207 2646 praeterea
3231 2579 3299 2633 de
3325 2594 3440 2632 co:-

1867 2659 2090 2716 lestibus
2144 2662 2445 2719 fornicibus
2481 2666 2640 2736 ejecti
2666 2683 2695 2721 a
2748 2668 2858 2723 Deo
2888 2679 3043 2735 sunt;
3069 2685 3099 2725 e
3126 2680 3268 2724 terra
3310 2686 3442 2725 vero

1863 2765 1964 2818 per
1987 2763 2205 2806 sanctos
2240 2752 2491 2809 homines
2520 2756 2722 2810 Christi
2771 2773 2874 2827 ope
2933 2758 3208 2829 fugantur.
3245 2762 3315 2814 At
3347 2776 3438 2815 ra-

1867 2843 2014 2896 tione
2038 2844 2262 2913 mystica
2284 2843 2532 2901 Salvator
2552 2857 2768 2925 quoque
2813 2850 2869 2903 in
2900 2861 3118 2906 crucem
3167 2854 3432 2914 ascendit.

1863 2940 2171 3006 expurgans
2200 2947 2382 2992 aerem
2421 2930 2488 2993 ab
2518 2957 2705 2994 eorum
2755 2941 3127 3012 immunditia;
3158 2947 3213 3000 et
3255 2957 3438 3016 partes

1861 3027 2048 3079 mundi
2082 3028 2468 3084 subterraneas
2499 3029 2652 3098 adiit,
2702 3045 2892 3087 eorum
2948 3031 3020 3088 ibi
3091 3037 3434 3106 tyrannidem

1859 3121 2179 3177 demoliens.

258 3235 277 3266 ι
315 3215 500 3270 Ταῦτα
539 3214 597 3270 δὲ
623 3217 745 3271 οὔτε
784 3222 904 3282 ταῖς
928 3220 1113 3284 ἰδέαις.
1152 3240 1170 3274 ι
1209 3221 1290 3276 Τὰ
1324 3223 1535 3290 εἴδωλα,
1571 3226 1754 3295 φησὶν,
1782 3190 1826 3247 c

1782 3190 1826 3247 ϐ
1931 3232 1995 3289 ν.
2028 3233 2118 3290 62.
2159 3254 2179 3288 ι
2222 3235 2349 3292 Haec
2391 3245 2575 3294 autem
2625 3254 2803 3311 neque
2845 3235 3150 3312 speciebus.
3189 3259 3209 3298 ι
3261 3244 3429 3312 ldola,

179 3308 306 3361 οὔτε
336 3309 566 3380 λαμπρά
604 3313 763 3374 εἰσιν,
794 3311 870 3375 ὡς
895 3313 1046 3383 ἥλιος
1076 3313 1173 3367 καὶ
1207 3313 1402 3385 σελήνη
1429 3333 1444 3346 ·
1475 3315 1598 3369 οὔτε
1627 3318 1757 3387 δραι

181 3398 366 3464 στικὰ,
393 3397 469 3460 ὡς
501 3397 609 3469 πῦρ
648 3400 741 3451 καὶ
779 3399 998 3470 ἄνεμος.
1033 3402 1096 3454 Εἰ
1127 3402 1186 3456 δὲ
1211 3395 1328 3467 ταῖς
1361 3404 1529 3468 ίδέαις
1567 3407 1660 3459 καὶ
1688 3408 1754 3478 τῇ

175 3487 406 3557 δυνάμει
468 3489 814 3560 ἀσυγκρίτως
868 3491 1048 3544 αὐτῶν
1102 3493 1427 3564 διαφέροντα
1471 3496 1572 3550 οὐκ
1618 3497 1756 3550 εἰσὶν

177 3581 314 3640 θεοὶ,
352 3579 469 3642 πῶς
502 3580 644 3633 αὐτὰ
672 3582 951 3649 νομιστέον
981 3579 1119 3637 εἶναι
1152 3584 1342 3651 θεούςς

257 3691 274 3720 ι
311 3671 519 3742 Σημεῖά
542 3689 603 3725 τε
644 3674 701 3725 έν
735 3673 932 3727 ἔθνεσι.
967 3692 986 3725 ι
1024 3676 1124 3728 Διά
1146 3661 1317 3729 ’τοῦτο
1350 3677 1480 3740 ἴσως
1520 3679 1616 3732 καὶ
1650 3681 1755 3733 Φα-

178 3765 382 3833 ρισαῖοι
425 3764 652 3834 ἠρώτων
682 3763 772 3817 τὸν
815 3766 1064 3837 Σωτῆρα,
1087 3766 1336 3836 λέγοντες
1360 3785 1375 3801 ·
1411 3770 1472 3823 Τι
1500 3771 1754 3840 σημεῖον

174 3854 475 3919 δεικνύεις
511 3855 656 3924 ἡμῖν
708 3856 810 3910 ἀπ’
852 3859 1112 3925 οὐρανοῦ
1132 3875 1153 3923 ;
1186 3861 1383 3933 Ἤρκει
1419 3861 1475 3916 δὲ
1523 3862 1682 3933 μόνος
1723 3865 1753 3917 ὁ

175 3948 356 4017 ἀστὴρ
388 3948 556 4012 δεῖξαι
591 3949 681 4002 τὸν
728 3949 989 4020 τεχθέντα
1035 3953 1120 4006 ὅτι
1153 3953 1272 4006 ἐστὶ
1317 3953 1453 4018 Θεός
1481 3971 1494 3985 ·
1542 3955 1638 4009 καὶ
1682 3957 1751 4008 τὰ

175 4041 271 4092 ἐπὶ
301 4039 394 4092 τοῦ
432 4040 667 4112 σταυροῦ
695 4045 1062 4113 γεγενημένα,
1086 4043 1288 4110 ἔδειξεν
1316 4044 1482 4099 αὑτοῦ
1511 4047 1610 4117 τὴν
1638 4046 1752 4100 0:6-

173 4151 340 4203 τητα,
381 4133 469 4185 ὅτε
513 4135 541 4186 ὁ
582 4134 732 4202 ἥλιος
776 4135 874 4197 τὰς
910 4134 1048 4198 ίδίας
1087 4135 1425 4190 συνέστειλεν
1467 4138 1691 4201 ἀκτῖνας
1731 4153 1744 4168 °

174 4223 280 4276 καὶ
306 4224 345 4291 ἡ
370 4225 698 4291 οὐρανόθεν
720 4225 1033 4294 ἐνεχθεῖσα
1063 4226 1255 4295 φωνὴ,
1295 4224 1484 4292 Οὗτός
1509 4230 1680 4283 ἐστιν
1714 4233 1748 4284 ὀ

183 4317 319 4378 Υἱός
343 4332 463 4382 μου
507 4315 540 4367 ό
576 4315 900 4383 ἀγαπητός.
963 4316 1095 4369 Ἰδοὺ
1127 4319 1416 4390 τοιγαροῦν
1466 4322 1557 4373 καὶ
1590 4320 1661 4374 τὰ
1688 4320 1747 4385 ἐξ

171 4405 407 4475 οὐρανοῦ
435 4407 652 4475 σημεῖα.

1860 3325 2056 3395 inquit,
2105 3341 2283 3397 neque
2332 3331 2622 3399 splendent
2683 3341 2744 3386 ut
2793 3333 2873 3388 sol
2925 3344 2981 3389 et
3039 3335 3206 3402 luna;
3253 3353 3433 3407 neque

1856 3416 2033 3469 activa
2065 3425 2269 3472 suntut
2296 3417 2434 3488 ignis
2485 3427 2540 3474 et
2563 3429 2776 3476 ventus.
2831 3421 2987 3488 Quod
3021 3424 3066 3479 si
3108 3426 3223 3480 haec
3248 3426 3431 3496 specio

1855 3515 1912 3559 et
1938 3505 2138 3561 virtute
2171 3507 2671 3579 incomparabiliter
2706 3512 2808 3567 illis
2848 3516 3158 3582 praestantia
3188 3517 3264 3570 dii
3318 3533 3426 3572 non

1854 3608 2003 3664 sunt,
2033 3601 2309 3669 quomodo
2332 3602 2447 3671 ipsa
2478 3617 2578 3672 pro
2607 3604 2715 3658 diis
2749 3604 2997 3661 habenda
3017 3608 3183 3662 sunt?

1928 3689 1990 3743 V.
2021 3691 2109 3745 66.
2154 3709 2174 3742 ι
2213 3691 2378 3762 Signa
2408 3693 2572 3748 etiam
2627 3693 2682 3749 in
2733 3697 3003 3765 gentibus.
3040 3717 3059 3751 ι
3123 3701 3425 3769 Propterea

1853 3780 2083 3838 fortasse
2102 3791 2157 3838 et
2185 3783 2445 3840 Pharisaei
2489 3785 2822 3842 Salvatorem
2876 3789 3284 3859 interrogabant
3336 3793 3424 3846 di-

1853 3884 2042 3930 centes
2068 3875 2248 3942 :Quod
2274 3880 2482 3950 signum
2524 3881 2750 3935 ostendis
2777 3883 2924 3936 nobis
2946 3884 3010 3936 de.
3043 3883 3167 3938 coelo
3185 3881 3269 3937 "‘1
3326 3886 3423 3940 Sat

1851 3977 2036 4022 autem
2068 3971 2291 4026 eratvel
2326 3972 2438 4026 sola
2470 3973 2650 4038 stella,
2683 3973 2751 4028 ad
2799 3976 3201 4032 ostendendum
3249 3978 3420 4034 Deum

1850 4074 1971 4114 esse
1995 4061 2087 4130 qui
2118 4069 2281 4115 natus
2310 4069 2428 4115 erat
2457 4079 2471 4115 :
2500 4071 2691 4133 etquae
2737 4065 2792 4118 in
2842 4081 3006 4120 cruce
3049 4069 3418 4139 contigerunt,

1848 4147 2149 4217 probarunt
2187 4149 2308 4218 ejus
2338 4149 2703 4214 divinitatem,
2731 4152 2953 4221 quando
2997 4153 3080 4207 sol
3137 4168 3266 4208 suos
3286 4169 3422 4207 con-

1848 4239 2014 4293 traxit
2039 4240 2239 4304 radios,
2267 4251 2315 4295 et
2334 4257 2432 4295 vox
2457 4243 2521 4295 de
2552 4241 2677 4296 cmlo
2710 4242 2862 4312 lapsa
2891 4259 2912 4299 :
2979 4243 3081 4297 Hic
3135 4253 3211 4298 est
3250 4245 3418 4299 Filius

1847 4345 1991 4384 meus
2019 4330 2237 4385 dilectus
2257 4332 2326 4387 ".
2350 4331 2429 4386 En
2463 4331 2629 4404 igitur
2656 4348 2688 4389 e
2707 4334 2846 4390 coelo
2861 4335 3025 4389 etiam
3055 4335 3230 4406 signa.

251 4517 268 4548 ι
304 4499 731 4568 Προόασκάνιον.
762 4519 782 4551 ι
804 4500 1069 4570 Ἐλλήνων
1093 4504 1142 4554 oi.
1171 4502 1316 4571 λόγοι
1343 4503 1741 4573 προδασκάνια,
1783 4518 1825 4577 ο

1783 4518 1825 4577 υ
1922 4505 1986 4561 Υ.
2006 4505 2094 4561 69.
2130 4525 2149 4557 ι
2197 4481 2655 4563 Ῥι-οιηδοοηίιιω.
2696 4529 2715 4561 ι
2760 4507 2949 4564 Graeco
3004 4524 3254 4563 sermone
3289 4525 3416 4579 pro—-

169 4591 267 4643 xxi
306 4591 629 4661 κεράμϐηλα
675 4592 950 4659 καλοῦσιν,
992 4597 1148 4648 ἅτινα
1177 4595 1397 4648 ἱστῶσιν
1427 4597 1474 4649 οι
1500 4595 1744 4668 ἀγροφύ-

1840 4597 2096 4652 bascania
2119 4607 2175 4652 et
2198 4599 2499 4654 cerambela
2531 4599 2640 4653 dici
2701 4599 2899 4665 solent,
2953 4615 3075 4670 qum
3126 4598 3415 4670 praeﬁgunt

168 4682 338 4742 λακες
374 4682 509 4752 πρὸς
549 4683 714 4750 φόϐον
744 4686 945 4753 ὀρνέων
989 4685 1022 4755 ἢ
1060 4685 1154 4738 καὶ
1189 4687 1495 4758 ἀνθρώπων
1520 4705 1533 4718 ⁸
1570 4683 1742 4741 ταῦτα

1839 4703 2091 4757 agrorum
2123 4696 2380 4744 custodes
2402 4689 2468 4743 ad
2503 4690 2860 4745 deterrendas
2897 4707 3046 4757 aves,
3077 4692 3192 4745 sive
3229 4691 3410 4746 liomi-

165 4775 226 4825 δὲ
264 4775 356 4826 καὶ
389 4774 758 4844 μορμολύκεια
792 4776 1104 4831 καλοῦνται.

247 4885 264 4915 σ
313 4869 460 4919 Αὑτά
491 4884 566 4933 ,τε
600 4867 660 4932 ἐξ
691 4869 920 4939 ὑστέρου
963 4868 1357 4940 βρωθήσονται.
1396 4889 1415 4921 ι
1470 4870 1607 4925 ’Υπδ
1643 4877 1744 4927 τοῦ

1841 4794 1963 4844 nes,
1995 4795 2119 4848 quae
2145 4781 2311 4834 etiam
2345 4781 2599 4835 terricula
2627 4775 2914 4836 vocant'ur.

1908 4869 1972 4926 V.
1999 4871 2088 4928 7i.
2115 4890 2141 4943 ,ι
2173 4871 2240 4926 Ει
2272 4873 2384 4941 ipsa
2408 4882 2680 4941 postremo
2737 4875 3111 4931 corncdentur.
3154 4894 3172 4926 ι
3209 4875 3412 4948 Nempe

166 4958 656 5028 χρόνουδηλονότι.
693 4960 798 5013 Τοῦ
833 4960 978 5014 θείου
1006 4962 1430 5033 προστάγματος
1467 4962 1741 5034 τηροῦντα

1606 4962 1741 5018 ὖντα
1837 4977 1867 5017 a
1896 4972 2163 5032 tempore.
2192 4963 2368 5048 Divini
2396 4965 2651 5035 praecepti
2685 4965 2950 5020 terminos
2975 4967 3268 5020 servantia.

164 5067 197 5101 τ
210 5068 293 5110 ως
325 5067 502 5112 ορσυς.

246 5068 293 5110 »ς
325 5067 352 5102 ο
487 5082 502 5105 ι

246 5155 264 5191 ι
299 5067 566 5208 Κξζζιξσον
596 5137 691 5195 οὖν
710 5141 1002 5210 ἄνθρωπος
1020 5140 1246 5204 δίκαιος.
1279 5160 1299 5194 ι
1325 5142 1398 5195 Τὸ
1427 5144 1736 5211 κρεῖσσον,

1909 5139 1974 5194 ν.
2004 5141 2093 5194 72.
2126 5160 2146 5192 ι
2181 5140 2366 5195 Melior
2393 5141 2556 5211 igitur
2605 5143 2769 5196 homo
2799 5143 2998 5211 juetus.
3045 5161 3064 5193 ι
3096 5141 3279 5196 Melior
3323 5143 3414 5197 hic

165 5225 228 5284 οὗ
268 5234 408 5285 κατὰ
453 5233 775 5303 σύγκρισιν,
820 5225 935 5289 ἀλλ’
964 5239 1083 5290 ἀντὶ
1121 5237 1236 5301 τοῦ,
1274 5238 1558 5302 ιπαινετδς
1591 5238 1741 5308 παρὰ

1838 5251 1949 5288 non
1983 5235 2351 5304 comparative
2382 5235 2588 5290 dictum
2615 5243 2718 5302 est,
2773 5237 2869 5289 sed
2903 5252 3001 5306 pro
3025 5250 3091 5289 eo
3117 5235 3262 5305 quod
3305 5245 3407 5300 est,

165 5322 306 5392 Θεῷ,
363 5324 463 5376 οὐκ
518 5324 655 5395 ἔχων
683 5321 738 5379 δὲ
783 5327 999 5392 εἴδωλα,
1029 5317 1090 5381 οῦ
1124 5319 1284 5397 μόνον
1325 5329 1580 5400 αίσθητά,
1618 5328 1736 5383 ἀλλ’

163 5413 286 5468 οὐδὲ
327 5416 470 5468 κατὰ
505 5415 683 5498 ψυχὴν
716 5418 785 5470 τὰ
820 5421 917 5487 τῆς
949 5420 1227 5490 ἁμαρτίας
1273 5420 1467 5473 εἴδωλα
1502 5421 1732 5491 περιφέο

254 5525 280 5560 ‘I
287 5547 301 5562 ο

166 5525 495 5653 ρωιθ.¹’1·1σ·ιἀι
531 5600 641 5672 γὰρ
689 5600 908 5671 μακρὰν
944 5597 1049 5654 ἀπὸ
1089 5602 1414 5676 ὀνειδισμοῦ.
1456 5621 1473 5655 ν
1523 5606 1582 5658 '0
1624 5604 1732 5675 γὰρ

236 5776 284 5812 ⁸³
304 5775 463 5832 Joan.
485 5792 544 5837 ιι.
570 5777 655 5832 18.
729 5779 774 5810 ⁸⁸
803 5779 988 5833 Matth.
1023 5796 1152 5839 xvu,
1178 5780 1228 5833 5.

531 5874 801 5935 ΡΑτιιοῐ..
845 5874 960 5934 Gn.
1011 5876 1234 5936 XCIII.

1841 5325 1981 5393 apud
2015 5324 2181 5380 Deum
2210 5327 2493 5395 probatus,
2524 5344 2632 5382 non
2665 5329 2870 5382 habens
2899 5344 3064 5398 porro
3103 5328 3268 5392 idola,
3301 5344 3410 5382 non

1845 5424 2052 5470 tantum
2077 5419 2377 5484 scnsibilia,
2409 5419 2503 5473 sed
2535 5435 2635 5474 nec
2688 5421 2742 5474 in
2773 5420 2956 5474 animo
2988 5421 3170 5473 ferens
3203 5421 3410 5488 peccati

1899 5511 2002 5564 ola.

1899 5511 2002 5564 ola.

1843 5510 1975 5659 MV.
2013 5604 2100 5658 79..
2137 5624 2153 5657 ι
2205 5603 2336 5658 Nam
2384 5604 2489 5661 erit
2531 5605 2689 5675 longe
2747 5605 2814 5659 ab
2864 5604 3177 5675 opprobrio.
3223 5623 3239 5655 ι
3305 5600 3408 5668 Qui

2967 5877 3046 5941 25
