4218 6448
202 393 310 456 789

1377 400 1458 462 ΙΝ
1489 405 1923 467 LEVITICUM.
1961 434 2029 443 --
2061 411 2205 469 LIB.
2243 410 2290 468 Ι.

3363 411 3468 473 790

203 505 436 574 Spiritus
468 516 514 560 et
533 510 759 573 virtutis,
793 520 846 563 ut
874 512 1002 580 ﬁdes
1033 522 1200 567 vestra
1223 529 1324 568 non
1353 516 1420 568 sit
1442 517 1499 568 in
1521 517 1785 588 sapientia
1819 525 1861 580 Α
1891 523 1985 576 sed
2015 531 2304 591 propterea
2351 520 2616 574 modicam
2650 519 2941 588 quamdam
2999 519 3227 590 gratiam
3270 537 3470 578 conse-

206 599 494 663 hominum,
532 601 622 653 sed
663 602 720 653 in
748 603 935 656 virtute
964 603 1061 656 Dei
1088 607 1129 658 '.
1165 604 1468 671 Quomodo,
1535 616 1629 662 aut
1693 609 1786 662 ubi

207 691 296 754 sit,
355 702 410 747 et
441 693 582 761 apud
636 708 772 761 quos
824 694 1052 759 habitet,
1092 697 1263 766 ipsius
1316 700 1659 755 demonstrat
1691 701 1786 755 Dei

208 783 442 845 bonitas,
484 785 702 852 quando
729 784 896 840 Paulo
919 787 1119 841 auferri
1151 790 1430 843 stimulum
1450 793 1632 846 carnis
1653 807 1783 855 suae,

206 883 262 926 et
291 875 720 943 colaphizantem
760 879 975 932 Satanae
1025 881 1278 950 angelum
1307 882 1592 936 discedere
1638 900 1667 937 a
1726 898 1785 938 se

210 965 440 1032 roganti,
459 967 702 1021 dicebat:
731 967 926 1037 Suﬁicit
951 971 1045 1022 tibi
1074 973 1250 1041 gratia
1275 989 1389 1026 mea
1420 990 1436 1027 :
1471 990 1594 1026 nam
1622 975 1787 1028 virtus

209 1057 263 1107 in
281 1057 584 1124 inﬁrmitate
597 1059 864 1127 perﬁcitur
879 1063 938 1116 ".
966 1061 1076 1116 lloc
1094 1078 1222 1133 ergo
1241 1065 1472 1119 credens
1487 1067 1686 1120 debere
1699 1083 1787 1121 me

210 1148 387 1202 facere
416 1165 537 1217 qua:
565 1152 656 1205 alii
679 1168 785 1205 non
820 1152 1089 1217 fecerunt,
1117 1158 1423 1225 praecepisti
1470 1166 1528 1212 ut
1559 1159 1782 1213 Levitici

209 1240 328 1292 libri
357 1241 655 1308 spiritalem
687 1245 1044 1299 intentionem
1085 1263 1182 1316 per
1215 1250 1460 1304 ordinem
1514 1251 1787 1321 interpre-

211 1341 373 1396 tarer,
401 1333 858 1404 defendere-mque
885 1338 1118 1392 litteram
1145 1342 1326 1395 multis
1348 1343 1784 1400 adversariorum

210 1423 654 1477 accusationibus
689 1426 1084 1495 subjacentcm,
1117 1433 1185 1484 ad
1229 1431 1480 1486 altiorem
1521 1449 1642 1488 eam
1699 1438 1787 1488 in-

212 1511 483 1566 tellectum
541 1515 878 1572 deducendo.
945 1519 1200 1575 Facerem
1255 1534 1436 1578 autem
1500 1527 1624 1590 hoc,
1676 1543 1785 1583 non

207 1606 667 1669 quemadmodum
719 1611 846 1663 olim
864 1612 1106 1679 quidam,
1140 1631 1259 1669 rara
1281 1619 1526 1686 quaedam
1549 1622 1785 1689 capitula

208 1707 583 1764 cxcerpcntes,
617 1703 711 1753 sed
738 1703 918 1756 omnia
947 1719 1043 1772 per
1062 1706 1307 1761 ordinem
1335 1724 1505 1778 usque
1535 1711 1600 1764 ad
1625 1712 1784 1766 ﬁnem

208 1787 524 1843 discutiens.
576 1791 732 1856 Quod
780 1810 942 1862 quam
989 1797 1058 1848 sit
1101 1797 1336 1862 difficile,
1380 1816 1445 1854 ex
1506 1803 1610 1857 hoc
1675 1821 1786 1860 uno

208 1895 498 1949 perparvo,
527 1894 793 1952 quantum
831 1888 896 1938 ad
927 1897 1184 1942 cunctum
1215 1891 1458 1958 praedicti
1499 1893 1619 1948 libri
1650 1911 1783 1950 con-

210 1980 417 2026 textum
450 1983 598 2029 tanta
635 1977 894 2031 varietate
935 1979 1177 2047 plenum,
1217 1997 1483 2052 cognosce
1527 1988 1783 2056 capitulo.

209 2062 348 2116 Eum
373 2066 463 2134 qui
497 2067 821 2123 sacriﬁcium
847 2071 1216 2140 paciﬁcorum,
1250 2089 1347 2129 seu
1381 2077 1621 2134 salutare
1650 2081 1788 2136 oﬁ‘e-

210 2163 314 2218 ret,
347 2157 390 2208 si
411 2158 631 2225 quidem
663 2176 762 2230 pro
795 2163 1089 2232 gratiarum
1120 2167 1333 2221 actione
1363 2169 1577 2234 oil'eret,
1621 2172 1676 2226 in
1699 2175 1788 2229 die

207 2261 316 2312 qua
350 2248 630 2315 obtulerit,
662 2253 757 2318 ait,
775 2255 1094 2309 comedetur
1118 2274 1131 2310 :
1158 2273 1264 2312 non
1286 2262 1670 2318 remanebitex
1707 2264 1787 2318 eis

211 2353 382 2406 usque
405 2356 582 2396 mane.
608 2342 764 2408 Quod
794 2346 838 2398 si
877 2356 1003 2401 voto
1042 2349 1121 2402 vel
1151 2359 1344 2418 sponte
1369 2355 1655 2424 quisquam
1684 2356 1786 2410 ob-

210 2431 395 2484 tulerit
424 2432 678 2497 hostiam,
711 2439 901 2491 eadem
929 2440 1016 2493 die
1068 2457 1174 2509 qua
1206 2442 1487 2508 obtulerit,
1535 2447 1787 2502 similiter

209 2522 424 2589 edetur,
458 2540 672 2580 necnon
690 2531 936 2599 sequenti
962 2532 1069 2586 die.
1100 2532 1239 2588 Cum
1261 2535 1389 2607 ergo
1417 2538 1662 2606 ejusdem
1694 2555 1786 2609 ge-

211 2613 379 2675 neris,
406 2615 546 2670 sicut
579 2630 823 2687 apparet,
854 2623 1116 2678 sacriﬁcia
1160 2627 1288 2692 sint,
1322 2636 1612 2699 utrumque
1641 2633 1786 2687 enim

211 2706 576 2773 paciﬁcorum,
611 2725 708 2765 seu
739 2712 996 2781 salutare,
1023 2716 1137 2769 ait:
1171 2732 1235 2771 ex
1281 2734 1346 2772 eo
1389 2721 1608 2790 quidem
1642 2726 1785 2792 quod

211 2803 297 2847 cst
331 2800 623 2865 gratiarum
662 2805 911 2866 actionis,
961 2822 1058 2860 seu
1109 2807 1459 2879 laudationis,
1521 2816 1574 2869 in
1626 2831 1787 2871 mane

213 2902 323 2940 non
356 2890 587 2960 relinqui
619 2897 877 2964 prmcepit
916 2918 928 2950 :
963 2898 1095 2952 illud
1127 2910 1308 2955 autem
1332 2905 1477 2973 quod
1505 2917 1589 2960 est
1623 2923 1788 2976 spon-

214 2993 455 3049 laneum,
489 2987 634 3040 vesci
683 2990 929 3059 praecipit
965 3000 1020 3044 et
1054 2993 1108 3045 in
1159 2996 1480 3050 crastinum.
1520 2999 1787 3068 Equidem

211 3073 261 3124 si
289 3074 491 3128 malum
519 3087 637 3131 erat
670 3082 876 3134 servari
927 3083 995 3137 de
1043 3085 1309 3140 sacriﬁcio
1359 3088 1415 3141 in
1467 3092 1783 3158 crastinum,

1825 1857 1866 1911 Β

1890 620 2097 674 cutum,
2157 622 2216 666 ut
2237 627 2298 665 ea
2327 627 2448 680 qua:
2473 611 2617 680 apud
2656 612 2902 665 homines
2932 603 3286 681 impossibilia
3318 625 3467 676 sunt,

1889 702 2168 772 possibilia
2187 704 2330 772 apud
2353 703 2522 756 Deum
2553 711 2870 772 appareant,
2895 717 3016 755 cum
3043 704 3162 773 ejus
3188 703 3471 773 sapientia:

1891 794 2142 848 homines
2170 793 2488 848 deserviunt
2507 792 2764 862 imperiti.
2793 792 2949 858 Quod
2978 805 3157 848 autem
3177 792 3470 864 a‘rgumen-

1889 891 2002 936 tum
2023 883 2187 952 hujus
2217 882 2360 945 libri,
2382 882 2451 936 de
2465 897 2574 950 quo
2591 883 2696 935 hoc
2718 883 2838 935 loco
2858 882 3153 951 loquimur,
3177 884 3266 948 sit,
3292 885 3467 954 ipsum

1890 973 2164 1043 inquirere
2189 973 2515 1041 scriptorem
2551 979 2770 1039 oportet
2816 988 2828 1023 :
2875 986 2939 1025 ea
2976 972 3122 1026 enim
3165 972 3234 1028 de
3273 973 3472 1042 quibus

1888 1065 2103 1119 sancire
2129 1063 2419 1133 disposuit,
2443 1063 2683 1117 breviter
2703 1064 2975 1117 instruere
2993 1064 3236 1133 legentes
3257 1065 3466 1128 volens,

1891 1155 2192 1209 Levitieum
2220 1157 2390 1220 hunc,
2419 1156 2565 1210 sicut
2595 1155 2894 1219 cernimus,
2929 1155 3218 1224 appellavit
3247 1172 3260 1208 :
3286 1156 3469 1225 appel-

1889 1248 2144 1302 lationem
2171 1247 2526 1303 adinveniens
2552 1263 2673 1317 quae
2709 1262 2819 1301 uno
2870 1247 3174 1316 eodemque
3227 1255 3471 1316 tempore

1888 1356 2050 1394 omne
2096 1341 2257 1408 hujus
2281 1340 2406 1394 libri
2439 1339 2810 1393 manifestaret
2846 1349 3227 1408 argumentum
3274 1357 3287 1391 :
3341 1339 3470 1408 quia

1889 1432 2018 1486 Levi
2042 1433 2214 1488 tribus
2232 1431 2370 1486 sacri
2397 1430 2728 1485 tabernaculi
2747 1429 3112 1484 ministerium
3141 1430 3331 1484 sortita
3360 1438 3469 1493 est,

1889 1525 1943 1578 in
1989 1538 2098 1593 quo
2157 1523 2446 1592 oportebat
2502 1521 2789 1585 sacriﬁcia,
2829 1519 3214 1589 fructuumque
3273 1521 3468 1590 primi-

1889 1617 2012 1678 tias,
2042 1625 2097 1670 et
2125 1615 2608 1686 primogenitorum
2624 1613 2948 1677 oblationes,
2968 1614 3267 1668 secundum
3295 1613 3467 1683 legem

1888 1707 2095 1769 offerri,
2152 1708 2441 1772 celebrari,
2498 1708 2664 1761 etiam
2702 1721 3060 1776 quascunque
3116 1705 3203 1758 lex
3258 1705 3313 1758 in
3363 1705 3469 1757 im-

1892 1798 2108 1852 mundis
2149 1813 2213 1851 ex
2247 1799 2489 1868 qualibet
2513 1813 2677 1852 causa
2733 1797 3153 1852 emundationes
3201 1795 3466 1866 praecipit.

1893 1889 2135 1942 exhiberi
2169 1908 2180 1941 :
2221 1890 2335 1943 haec
2359 1904 2598 1958 praesens
2625 1890 2762 1944 liber
2798 1889 3064 1953 continet,
3105 1888 3318 1956 aliaque
3346 1901 3468 1955 quae

1892 1981 2266 2050 hujuscemodi
2305 1989 2432 2037 sunt
2455 1980 2750 2034 eruditioni
2794 1981 3107 2049 conjuncta.
3152 1980 3278 2032 Sive
3319 1977 3466 2032 enim

1891 2073 2211 2127 festivitates
2236 2073 2460 2136 dixeris,
2496 2072 2611 2126 sive
2640 2072 2887 2126 ciborum
2926 2070 3282 2132 diﬁerentias,
3347 2085 3468 2138 qua:

1890 2168 2110 2237 quidem
2149 2182 2338 2221 eorum
2399 2166 2623 2230 munda,
2658 2181 2780 2235 qua:
2845 2173 3028 2218 autem
3068 2170 3321 2232 oporteat
3361 2161 3465 2216 diei

1891 2259 2190 2319 immunda.
2218 2257 2335 2312 sive
2357 2258 2675 2328 nuptiarum
2721 2256 3055 2317 illicitarum,
3094 2255 3209 2310 sive
3261 2252 3465 2307 sacriﬁ-

1889 2351 2096 2406 ciorum
2129 2351 2398 2405 maculam
2437 2349 2754 2404 habentium
2781 2347 3232 2419 prohihitio,tum
3274 2346 3463 2400 altaris

1862 2443 2263 2507 ~sanctiﬁcatio,
2291 2443 2360 2497 ad
2390 2441 2608 2496 Levitas
2647 2441 2924 2511 pertinent
2962 2451 3018 2494 ct
3051 2439 3188 2502 haec.
3221 2448 3275 2493 et
3311 2454 3464 2508 quae-

1889 2550 2105 2604 cunque
2133 2534 2239 2587 alia
2281 2534 2535 2603 praesenti
2573 2534 2692 2602 lege
2731 2533 3040 2603 conscripta
3087 2541 3235 2586 sunt.
3268 2531 3377 2585 Sed
3407 2543 3466 2585 ut

1887 2637 2000 2676 non
2055 2620 2393 2691 superﬂuum
2446 2621 2864 2677 dinumeremus
2907 2620 3152 2689 singula,
3206 2618 3469 2673 faciemus

1890 2715 2196 2770 exordium.
2241 2713 2376 2768 lllud
2418 2729 2531 2783 prae
2571 2714 2827 2768 omnibus
2872 2728 3052 2768 sermo
3101 2727 3196 2768 eos
3224 2713 3316 2782 qui
3353 2712 3471 2766 haec

1890 2806 2081 2860 lecturi
2099 2815 2228 2860 sunt
2255 2813 2620 2870 contestatur,
2660 2805 2806 2874 quod
2834 2802 3062 2860 necesse
3091 2804 3164 2858 sit
3186 2805 3470 2875 interpre-

1890 2898 2152 2952 tationem
2178 2897 2245 2951 ad
2274 2912 2554 2967 anagogen
2588 2897 2752 2960 trahi,
2781 2906 2835 2952 et
2857 2897 3102 2950 auditum
3129 2897 3198 2950 ab
3243 2896 3468 2950 humili-

1886 2988 1992 3043 bus
2016 2988 2085 3042 ad
2113 2989 2427 3042 sublimiora
2470 2988 2776 3055 transferri,
2825 2990 3233 3058 spiritalemque
3265 2988 3470 3042 intelli-

1891 3078 2126 3148 gentiam
2171 3080 2223 3132 in
2271 3079 2452 3132 littera
2517 3079 2873 3148 perscrutari.
2933 3079 3121 3149 Neque
3168 3078 3315 3132 enim
3369 3078 3471 3133 hoc

210 3179 316 3218 uec
345 3167 411 3219 de
433 3167 613 3237 aliquo
637 3186 826 3225 eorum
857 3173 958 3227 hoc
986 3175 1249 3231 debuerat
1277 3180 1496 3249 praecipi
1533 3200 1545 3234 ε
1583 3183 1628 3236 εί
1660 3201 1788 3239 γει-ο
1816 3189 1858 3246 c
1890 3170 2213 3224 contradicit
2243 3170 2368 3240 legi,
2395 3171 2489 3225 sed
2511 3170 2623 3225 imo
2645 3171 2817 3240 magis
2840 3163 3087 3226 defendit
3109 3180 3164 3226 et
3183 3171 3502 3233 conﬁrmat,

211 3255 439 3320 bonum,
469 3259 700 3316 debebat
732 3264 782 3317 in
818 3273 1048 3336 utroque
1073 3270 1292 3324 sanciri.
1345 3272 1551 3327 Similia
1605 3285 1786 3331 autem

213 3344 320 3409 his,
357 3356 411 3400 et
448 3364 543 3417 per
582 3367 798 3404 omnem
844 3356 1247 3422 quodammodo
1273 3370 1603 3415 contextum
1655 3364 1788 3435 legis

214 3435 379 3504 hujus
409 3441 650 3496 invenies
665 3444 839 3512 egisse
852 3459 950 3512 per
962 3447 1212 3515 spiritum
1234 3449 1618 3519 legislatorem,
1633 3454 1686 3508 id
1706 3465 1790 3510 est

213 3529 618 3598 praecipientem
653 3548 775 3602 quae
799 3546 1064 3601 vetuerat,
1092 3555 1390 3610 rursusque.
1409 3546 1787 3610 prohibentem

209 3634 334 3689 quae
353 3619 557 3688 pridem
569 3634 919 3693 praeceperat.
945 3627 1100 3692 Quod
1123 3639 1178 3683 et
1199 3631 1362 3685 nimis
1381 3634 1786 3691 observantiam

214 3711 567 3778 reprehendit
609 3713 802 3770 litterae.
830 3758 844 3782 ,
896 3719 1242 3789 ostenditque
1291 3725 1786 3783 considerationem

213 3803 581 3856 necessariam
620 3821 739 3860 esse
771 3809 1029 3877 spiritalis
1089 3811 1462 3883 intelligentiae
1507 3835 1520 3870 :
1571 3834 1787 3874 necnon

212 3894 581 3962 evangelicam
629 3896 873 3952 defendit
921 3903 1363 3970 praedicationem
1400 3909 1788 3976 prohibentem

213 3981 456 4049 quaedam
475 3983 542 4037 de
567 3985 652 4039 his
671 4003 791 4056 quae
803 3989 1056 4045 videntur
1078 3995 1200 4063 legi,
1229 3999 1529 4053 secundum
1553 4001 1788 4057 litteram

215 4071 436 4142 intelligi
461 4075 579 4129 sive
605 4076 714 4146 agi,
736 4088 788 4132 et
815 4096 982 4134 unum
1012 4085 1374 4154 eamdemque
1412 4103 1533 4143 esse
1575 4091 1788 4160 legisla-

217 4171 386 4216 torezn
417 4164 755 4221 demonstrat
778 4171 902 4223 novi
936 4171 1097 4226 simul
1118 4190 1182 4228 ac
1207 4177 1406 4230 veteris
1455 4184 1787 4246 testamenti,

213 4253 344 4308 dum
366 4270 430 4308 es
465 4259 789 4314 auctoritate
815 4262 928 4316 sive
960 4272 1251 4332 potestate,
1294 4283 1415 4336 quae
1459 4271 1592 4335 vult,
1643 4287 1792 4327 nunc

213 4344 491 4414 praecipit,
518 4363 662 4403 nunc
703 4359 885 4404 autem
956 4354 1230 4422 prohibet.
1275 4357 1421 4412 Nihil
1464 4370 1646 4415 autem
1688 4363 1790 4417 sibi

212 4435 545 4490 contrarium
600 4439 775 4507 jubet,
806 4442 932 4496 licet
960 4446 1238 4514 praecipiat
1283 4463 1345 4502 ea
1401 4465 1522 4519 qua:
1579 4453 1789 4520 pridem

1891 3259 2062 3329 legem
2102 3277 2115 3313 :
2146 3260 2271 3329 quia
2305 3275 2409 3315 nee
2439 3270 2631 3315 contra
2655 3275 2796 3324 eam,
2833 3261 2927 3316 sed
2949 3260 3133 3332 potius
3165 3261 3470 3314 resistenti-

1889 3351 1991 3406 bus
2022 3366 2121 3421 pro
2165 3368 2228 3406 ea
2271 3368 2514 3422 pugnare
2562 3353 2928 3422 suscepimus.
2992 3352 3338 3407 Manifestum
3389 3363 3473 3408 est

1891 3455 2070 3498 autem
2101 3446 2224 3509 hoc,
2256 3461 2318 3498 ex
2347 3460 2414 3499 eo
2431 3445 2577 3514 quod
2601 3445 2806 3498 inimici
2839 3445 2972 3514 legis
2993 3445 3227 3499 maxime
3255 3460 3374 3498 eam
3415 3445 3472 3497 in

1890 3536 2074 3588 multis
2101 3535 2238 3588 nihil
2258 3535 2538 3603 juvantem
2562 3543 2616 3590 et
2643 3535 2890 3589 inutilem
2925 3543 3186 3589 accusant
3210 3551 3222 3587 :
3253 3534 3348 3588 sed
3372 3549 3472 3589 nes

1892 3621 2055 3690 hujus
2100 3622 2390 3675 maximam
2433 3623 2722 3676 utilitatem
2749 3639 2849 3692 per
2879 3623 3301 3693 intelligibilium
3335 3641 3469 3678 ana-

1890 3726 2060 3781 gogen
2087 3711 2441 3767 ostendimus.
2467 3712 2578 3766 Nec
2597 3712 2741 3766 enim
2770 3713 3172 3781 reprehendere
3197 3713 3320 3782 quis
3338 3729 3472 3767 ana-

1891 3819 2040 3872 gogre
2065 3803 2566 3872 interpretationes,
2607 3818 2709 3857 nec
2747 3804 3124 3857 intellecluum
3154 3803 3472 3858 considera-

1894 3895 2117 3958 tionem,
2149 3909 2253 3949 nec
2279 3895 2475 3949 littera:
2490 3905 2784 3964 praesumat
2803 3895 3265 3964 explanationem,
3293 3910 3469 3966 neque,

1891 3995 2077 4040 noster
2099 3987 2387 4056 quispiam,
2405 4002 2584 4057 neque
2613 3987 2843 4041 alienus.
2874 3986 3006 4040 Nam
3032 3997 3221 4041 noster
3245 3989 3467 4058 quidem

1895 4076 2201 4129 testimonia
2251 4084 2439 4146 aperta
2503 4077 2810 4130 istiusmodi
2876 4078 3236 4146 expositionis
3301 4079 3470 4132 inuita

1893 4167 2257 4236 habet.atque
2281 4167 2640 4222 differentia:
2687 4169 2852 4242 veluti
2910 4169 3114 4223 Christi
3164 4170 3469 4238 parabolas,

1893 4256 1945 4308 in
1978 4257 2175 4324 quibus
2202 4272 2388 4326 agrum
2435 4257 2721 4321 mundum,
2785 4257 3078 4328 agricolam
3147 4273 3226 4319 se.
3283 4274 3473 4313 semen

1893 4345 2094 4399 bonum
2117 4346 2316 4415 justos,
2347 4346 2557 4401 zizania
2595 4348 2883 4418 malignos,
2911 4362 3184 4401 messores
3228 4348 3469 4419 angelos,

1894 4438 2172 4491 inimicum
2205 4433 2735 4506 superseminantem
2755 4441 2934 4494 tritico
2960 4441 3170 4494 zizania
3200 4439 3474 4493 diabolum

214 4524 509 4590 prohibuit,
545 4537 599 4582 et
631 4531 917 4598 prohibeat
957 4549 1078 4601 quae
1127 4536 1256 4589 olim
1308 4514 1595 4608 praecepta
1634 4552 1782 4597 sunt.
1826 4514 1865 4566 θ
1896 4542 2195 4594 exponens:
2247 4529 2676 4598 unumquodque
2719 4529 3108 4598 praedictorum
3158 4529 3471 4598 θρρειιενὶι-

214 4613 322 4667 Sed
362 4625 416 4667 et
440 4616 603 4671 nimis
638 4622 814 4674 sancit
861 4626 1261 4690 convenientia,
1304 4629 1407 4682 scit
1445 4646 1475 4683 a
1521 4646 1630 4699 quo
1670 4634 1791 4702 ejus

213 4707 437 4776 intelligi
493 4711 664 4777 possit
722 4712 976 4776 intentio,
1023 4725 1079 4770 et
1109 4719 1174 4772 ad
1202 4735 1363 4788 quem
1399 4721 1562 4776 ﬁnem
1612 4725 1791 4793 respi-

209 4797 361 4851 ciant
389 4801 508 4867 ejus
541 4810 741 4856 statuta
761 4805 970 4859 sentiri.
1003 4806 1108 4862 Sed
1137 4811 1263 4878 quia
1302 4812 1434 4865 mihi
1462 4814 1531 4867 de
1565 4815 1650 4869 his
1667 4831 1792 4870 ver-

211 4887 341 4939 bum
373 4887 486 4940 dari
516 4890 569 4942 in
598 4893 934 4959 apertionem
963 4895 1094 4958 oris,
1125 4898 1182 4950 in
1208 4901 1380 4953 omni
1422 4902 1685 4969 patientia
1738 4913 1793 4957 et

210 4975 590 5032 obsecratione
649 4979 872 5035 fecisti:
911 4986 1368 5050 quemadmodum
1425 4990 1788 5054 Ephesiorum

212 5061 508 5117 Ecelesiam
535 5065 730 5121 Paulus
758 5084 943 5134 orans,
977 5072 1271 5140 deprecare
1302 5074 1322 5104 ⁸
1359 5082 1419 5126 ιιι
1461 5075 1555 5129 ﬁat
1589 5078 1792 5132 oblatio

212 5154 363 5206 verbi
395 5157 501 5209 mei
527 5161 891 5228 acceptabilis,
920 5179 1028 5218 non
1058 5167 1233 5220 solum
1260 5167 1312 5220 in
1340 5167 1666 5232 Jerusalem,
1696 5173 1792 5225 sed

211 5248 267 5293 et
305 5242 358 5294 in
387 5247 533 5298 omni
569 5256 713 5303 terra
752 5251 806 5304 in
845 5269 950 5321 qua
993 5254 1104 5308 Deo
1129 5267 1406 5312 annuente
1438 5259 1704 5323 defertur,
1731 5271 1794 5315 ut

210 5333 543 5402 gloriﬁcetur
564 5339 833 5406 Christus,
882 5345 974 5414 qui
1031 5349 1197 5402 stulta
1229 5350 1437 5416 mundi,
1467 5361 1520 5404 et
1549 5352 1784 5418 inﬁrma,

211 5433 268 5478 et
294 5425 568 5494 ignobilia.
604 5441 660 5485 et
696 5449 759 5487 ea
785 5451 908 5503 quae
937 5453 1046 5492 non
1081 5450 1228 5503 sunt,
1266 5442 1432 5510 elegit
1468 5462 1480 5496 :
1519 5444 1678 5496 sicuti
1733 5455 1790 5497 et

211 5531 300 5570 me
322 5522 389 5571 ab
413 5523 562 5574 omni
595 5524 807 5591 justitia
835 5529 1177 5596 destitutum,
1206 5541 1262 5586 et
1291 5548 1320 5585 a
1356 5522 1622 5602 sapientia
1654 5534 1789 5588 alie-

212 5623 369 5674 num,
394 5627 502 5666 non
533 5614 808 5683 idoneum,
848 5637 950 5675 nec
973 5639 1188 5678 servum
1222 5624 1464 5680 inutilem
1493 5626 1787 5687 nominari,

287 5803 348 5856 ἰ
380 5806 504 5861 Cor.
547 5827 605 5877 ιι,
633 5814 685 5876 4,
713 5815 762 5867 5.
845 5821 886 5845 "
921 5819 957 5870 ll
983 5821 1105 5872 tior.
1151 5837 1243 5886 ιιι,
1285 5822 1336 5874 9.

1895 4617 2034 4683 Quid
2064 4633 2194 4687 ergo
2217 4619 2598 4689 incongruum,
2637 4620 2682 4673 si
2705 4619 2829 4688 quis
2854 4620 3021 4673 etiam
3051 4634 3198 4673 nunc
3229 4634 3473 4688 praesens

1896 4709 2028 4780 legis
2066 4711 2344 4779 negotium
2373 4726 2679 4780 exponens,
2727 4712 2922 4765 bovem
2949 4712 3095 4766 dicat
3140 4727 3263 4767 esse
3304 4713 3477 4767 homi-

1896 4817 2021 4854 nem
2070 4802 2162 4870 qui
2212 4812 2470 4870 operatur
2515 4803 2818 4872 justitiam;
2861 4819 3022 4859 ovem
3067 4803 3372 4874 simplicem
3418 4813 3476 4859 et

1898 4895 2268 4958 innocentem,
2290 4894 2598 4949 columbam
2636 4903 2730 4949 aut
2755 4903 3026 4950 turturem
3051 4935 3066 4959 ,
3092 4896 3342 4949 viventes
3379 4911 3476 4949 su-

1897 4985 2137 5046 blimius,
2166 4986 2724 5056 contemplationique
2749 4995 3023 5042 vacantes.
3046 4986 3152 5040 Sed
3167 5001 3235 5039 ne
3254 4987 3477 5041 Judaeus

1896 5079 2116 5145 quidem
2138 5080 2512 5133 contradicere
2535 5080 2848 5148 hujusmodi
2873 5080 3007 5148 legis
3037 5078 3475 5146 interpretationi

1897 5169 2129 5237 poterit:
2161 5169 2409 5237 nunquid
2456 5183 2565 5223 non
2607 5169 2908 5223 Jerusalem
2955 5168 3180 5221 lemnam
3222 5167 3478 5221 Ezechiel

1897 5260 2162 5329 propheta
2174 5261 2195 5292 ⁸
2211 5261 2536 5328 appellavit?
2551 5262 2792 5314 catulum
2817 5270 2999 5314 autem
3013 5261 3132 5330 ejus
3152 5259 3472 5317 Heliachim.

1896 5352 1988 5419 qui
2015 5352 2212 5404 ductus
2238 5361 2323 5405 est
2352 5352 2408 5404 in
2439 5351 2774 5422 Egyptum?
2806 5353 2986 5405 Alium
3013 5365 3204 5404 rursus
3233 5351 3475 5404 catulum

1896 5441 2163 5508 Joachim,
2186 5457 2346 5510 quem
2378 5444 2434 5496 in
2467 5443 2715 5507 vinculis,
2744 5443 2878 5506 sive,
2904 5451 2965 5497 ut
2993 5441 3136 5496 LXX
3168 5442 3472 5500 ediderunt.

1904 5534 1959 5587 in
1989 5548 2152 5587 cavea
2191 5534 2698 5588 Nabuchodonosor
2721 5535 2993 5604 Babylona
3021 5535 3296 5604 perduxit.
3337 5532 3476 5597 Quia

1901 5636 2085 5680 autem
2113 5625 2432 5696 intelligitur
2461 5626 2642 5694 aquila
2670 5629 2880 5696 magnis
2905 5624 3026 5690 alis,
3067 5626 3203 5693 quid
3256 5627 3476 5680 inaures

1439 5824 1456 5850 ³
1489 5823 1688 5892 Ephcs.
1729 5802 1804 5883 v1,
1843 5824 1924 5877 18.
2008 5835 2025 5857 ³
2058 5824 2253 5881 Ezech.
2283 5844 2393 5892 xix,
2432 5828 2452 5882 l
2488 5842 2636 5896 seqq.
