4218 6448
747 383 850 454 ³191

1933 390 2294 455 HESYCHII
2345 387 2819 451 PRESBYTERI

3926 383 4039 452 793

746 505 804 553 et
827 493 1240 561 discriminalia,
1272 494 1600 568 hyacinthus
1619 507 1675 554 et
1693 497 1904 572 byssus.
1923 508 1980 556 et
1999 501 2104 561 alia
2128 499 2328 571 quibus
2357 504 2400 557 Α
2432 493 2574 552 Deus
2603 493 2920 566 appellavit.
2947 493 3139 550 dicens
3168 511 3183 550 :
3216 492 3370 566 Ejeei
3399 510 3486 551 eos
3507 496 3573 551 de
3602 504 3746 550 terra
3779 491 4035 566 ὅπῃεί.

741 584 1045 644 Jerusalem
1086 585 1252 654 Deus,
1275 590 1578 645 secundum
1606 591 1750 660 quod
1795 592 1872 648 ait
1903 591 1992 648 hic
2022 593 2138 662 ipse
2194 606 2323 662 pro-

744 679 933 751 pheta,
965 679 1227 736 vestivit?
1256 679 1398 747 Quid
1427 690 1613 738 autem
1649 693 1705 738 et
1763 685 1922 748 later,
1968 684 2025 739 in
2049 700 2159 754 quo
2184 684 2324 740 civi-

743 778 912 823 tatem
964 770 1256 840 depinxit?
1299 772 1432 840 quid
1471 772 1650 828 ferrea
1680 775 1947 845 sartago?
1985 776 2116 846 quid
2166 776 2324 846 panis

739 875 904 928 quem
926 859 995 914 de
1035 861 1234 927 tritico,
1262 871 1319 916 et
1347 862 1574 925 hordeo,
1603 875 1660 918 et
1697 864 1838 928 laba,
1871 867 2036 933 lente,
2063 867 2234 932 milio,
2267 876 2324 921 et

741 953 904 1015 vicia,
935 953 1048 1006 Deo
1066 952 1298 1021 jubente
1332 955 1651 1009 comedebat
1677 955 1700 1007 1
1722 955 1860 1020 Quia
1897 973 2006 1011 non
2031 959 2208 1013 solum
2257 975 2321 1013 ea

741 1058 866 1112 quin
896 1044 948 1096 in
973 1044 1247 1112 parabolis
1273 1045 1416 1100 dicta
1443 1055 1592 1109 sunt,
1629 1049 1725 1102 sed
1754 1059 1810 1102 et
1848 1064 1912 1104 ea
1966 1065 2089 1118 qua
2118 1065 2322 1104 secun-

743 1135 874 1188 dum
917 1135 1197 1190 hietoriam
1245 1147 1395 1201 sunt,
1440 1140 1508 1192 ad
1543 1141 1917 1196 sublimiorem
1983 1143 2320 1198 intellectum

744 1241 841 1295 per
872 1226 1186 1296 allegoriam
1217 1227 1342 1284 duci
1371 1240 1670 1300 oporteret,
1691 1242 1877 1302 aperte
1901 1234 2099 1289 Paulus
2119 1245 2175 1290 et
2202 1236 2320 1290 sine

743 1316 924 1385 aliqua
943 1317 1206 1372 dilatione
1234 1318 1438 1375 Calatis
1493 1322 1740 1376 scribens
1790 1323 1866 1377 ait
1910 1341 1923 1378 :
1973 1323 2144 1378 Dicite
2190 1326 2318 1378 mihi

743 1410 834 1478 qui
861 1411 954 1463 sub
975 1409 1088 1478 lege
1110 1410 1266 1465 uultis
1295 1428 1423 1475 esse,
1455 1413 1618 1481 legem
1656 1431 1758 1467 non
1787 1414 1986 1484 legistis
2005 1417 2029 1468 .’
2051 1415 2318 1483 Scriptum

741 1509 815 1552 est
851 1500 1012 1560 enim,
1042 1501 1168 1568 quia
1198 1501 1466 1555 Abraham
1499 1506 1627 1556 duos
1657 1503 1795 1571 ﬁlios
1819 1503 2023 1568 habuit,
2065 1521 2231 1558 unum
2255 1523 2319 1559 ea:

742 1588 962 1653 ancilla,
993 1589 1221 1644 alterum
1253 1607 1318 1646 ex
1340 1591 1524 1646 libera.
1555 1592 1659 1647 Sed
1684 1595 1854 1663 quisa:
1878 1595 2099 1658 ancilla,
2128 1613 2318 1650 secun-

741 1681 867 1734 dum
904 1697 1120 1738 carnem
1154 1693 1312 1737 natus
1339 1693 1436 1748 est,
1467 1685 1556 1754 qui
1585 1697 1764 1740 autem
1802 1687 2070 1752 exlibera,
2107 1704 2201 1754 per
2231 1706 2318 1742 re-

741 1773 1168 1841 promissiouem;
1201 1789 1318 1845 qua
1339 1784 1460 1830 sunt
1489 1792 1581 1844 per
1603 1776 1912 1847 allegoriam
1948 1779 2090 1832 dicta
2115 1779 2315 1845 ’.01ιί-

740 1878 849 1931 que
866 1864 970 1919 hoc
995 1864 1207 1930 dicens,
1241 1867 1387 1920 illico
1407 1867 1720 1937 allegoriam
1740 1869 2010 1934 exhibuit,
2033 1871 2108 1924 ait
2127 1871 2274 1926 enim
2296 1890 2312 1929 :

743 1954 875 2010 Hec
893 1965 1014 2010 sunt
1043 1957 1148 2010 duo
1179 1967 1511 2023 testamenta,
1567 1977 1729 2014 unum
1781 1963 1990 2031 quidem
2037 1964 2102 2017 de
2143 1974 2318 2020 monte

740 2043 894 2108 Sina,
914 2045 972 2097 in
994 2047 1294 2101 seruitutem
1317 2064 1596 2119 generata,
1625 2065 1743 2118 quc
1769 2059 1843 2105 est
1884 2051 2028 2124 Agar
2047 2053 2090 2118 ⁸,
2134 2063 2190 2108 et
2226 2069 2317 2109 re-

741 2137 889 2207 liqua
908 2153 1030 2208 qua:
1053 2147 1383 2209 sequuntur.
1417 2140 1700 2218 Sed.nun'c
1724 2152 1781 2198 et
1813 2143 1930 2199 hrec
1952 2159 2019 2198 eo
2059 2146 2222 2201 modo
2247 2145 2317 2200 ad

741 2230 1081 2302 allegoriam,
1115 2246 1227 2302 quo
1255 2233 1836 2304 reliquasScripturas,
1863 2235 2008 2290 trahi
2049 2246 2268 2306 oportet
2298 2254 2312 2291 :

740 2336 845 2376 nec
873 2322 1330 2391 quemadmodum
1345 2324 1468 2389 illze,
1492 2341 1615 2380 cum
1655 2341 1906 2396 magnam
1925 2341 1992 2381 ex
2009 2327 2316 2397 semetipsis

741 2410 981 2465 habeant
1009 2412 1140 2475 vim,
1174 2413 1437 2484 majorem
1480 2425 1661 2468 tamen
1695 2431 1792 2485 per
1826 2416 2196 2471 contentionis
2225 2416 2315 2470 in-

740 2501 1187 2569 terpretationem
1209 2503 1514 2574 suscipiunt
1558 2505 1867 2569 utilitatem,
1901 2505 1973 2559 ita
2003 2515 2059 2560 et
2074 2520 2316 2575 praesens

741 2591 971 2655 Sanctio,
999 2607 1164 2662 parva
1191 2593 1324 2647 mihi
1355 2604 1410 2648 et
1430 2593 1678 2658 minima,
1712 2605 1770 2649 et
1796 2605 1856 2650 ut
1871 2595 2205 2651 credendum
2233 2603 2318 2650 est

741 2692 844 2733 nec
873 2680 1255 2745 reticendum,
1280 2682 1490 2737 inutilis
1540 2684 1624 2738 vel
1666 2684 1914 2740 fortassis
1947 2687 2114 2740 etiam
2156 2686 2316 2741 noxia

741 2778 828 2821 est
856 2767 946 2824 hic
1005 2770 1207 2837 littera,
1262 2772 1309 2827 si
1352 2774 1616 2844 spolietur
1636 2775 1906 2846 spirituali
1957 2775 2315 2848 intelligentia

743 2859 931 2913 multis
960 2864 1362 2932 emergentibus
1397 2866 1568 2937 ipsius
1598 2868 1808 2932 litterae,
1837 2877 1894 2923 et
1925 2870 2090 2923 variis
2126 2883 2316 2939 repre-

744 2950 1122 3019 hensionibus,
1175 2955 1316 3011 sicut
1374 2957 1431 3010 in
1457 2958 1917 3028 subsequentibus
1955 2960 2314 3029 reperiemus,

744 3042 848 3096 nisi
883 3044 1007 3112 quis
1039 3045 1107 3100 ad
1157 3047 1527 3104 sublimiorem
1565 3049 2076 3119 interpretationem
2127 3051 2319 3107 conlu-

2425 596 2475 642 et
2495 586 2651 641 eduxi
2678 585 2734 639 in
2753 586 2978 650 deserto,
3000 593 3050 640 et
3069 586 3189 640 dedi
3213 587 3290 640 eis
3315 595 3579 657 prceepta
3606 603 3747 650 mea,
3785 595 3838 640 et
3874 585 4034 656 judi-

2424 676 2507 730 cia
2532 692 2649 729 mea
2672 676 2873 730 ostendi
2901 676 2995 740 eis,
3021 692 3139 746 qua
3159 677 3326 747 faciat
3351 678 3508 731 homo
3535 687 3586 731 et
3609 679 3755 732 uiuat
3797 678 3858 730 in
3889 677 3970 730 eis
3988 676 4031 729 ’.

2424 767 2563 822 Ecce
2591 767 2734 820 bona
2765 775 2820 822 et
2847 767 3004 821 valde
3033 767 3178 822 bona
3208 768 3263 822 in
3299 777 3514 828 tantum
3538 777 3600 822 ut
3647 769 3828 824 vitam
3885 782 4033 837 pra:-

2423 868 2570 913 stent
2587 874 3041 924 commemorans,
3074 859 3198 916 vide
3223 860 3404 930 qualia
3435 876 3627 914 rursus
3643 860 3716 918 de
3742 861 3837 914 his
3869 875 4031 914 man-

2421 953 2563 1008 datis
2595 953 2835 1008 subdidit
2891 970 2904 1008 :
2946 952 3014 1007 Et
3042 968 3135 1022 ego
3181 954 3254 1006 eis
3305 955 3446 1015 dedi,
3507 954 3706 1023 inquit,
3756 954 4027 1007 mandata

2423 1062 2522 1098 non
2557 1046 2714 1109 bona,
2735 1055 2784 1098 et
2806 1045 3015 1114 judicia
3041 1045 3096 1096 in
3129 1045 3314 1114 quibus
3345 1061 3450 1098 non
3475 1045 3646 1099 riunt
3671 1047 3718 1098 ⁸.
3767 1046 3845 1101 At
3883 1061 4026 1114 quo-

2421 1137 2585 1190 modo
2615 1115 2844 1206 possunt
2867 1137 3008 1189 bona
3039 1135 3158 1190 haec
3209 1152 3354 1203 esse,
3394 1146 3447 1192 et
3497 1153 3608 1192 non
3664 1136 3854 1192 bona?
3915 1139 4025 1193 Aut

2420 1230 2693 1300 quomodo
2723 1245 2870 1282 nunc
2895 1229 3160 1298 prmbent,
3211 1245 3361 1284 nunc
3411 1241 3595 1284 autem
3627 1245 3740 1284 non
3777 1231 4028 1299 prebeat

2421 1321 2752 1378 vitam?Aut
2779 1330 2930 1375 certe
2957 1321 3083 1390 quis
3109 1321 3182 1374 ita
3235 1323 3537 1376 secundum
3587 1339 3719 1377 eum
3753 1322 4023 1382 custodit,

2420 1411 2722 1466 secundum
2739 1426 2902 1480 quem
2925 1426 2955 1462 a
2975 1410 3282 1480 Iegislatore
3296 1413 3567 1482 descripta
3593 1422 3749 1476 sunt,
3769 1413 4026 1467 videlicet

2420 1501 2708 1570 spiritum?
2735 1501 2965 1569 Spiritus
3013 1501 3154 1554 enim
3194 1509 3267 1554 est
3305 1501 3465 1563 Deus,
3498 1512 3546 1556 et
3596 1518 3684 1563 eos
3743 1503 3840 1574 qui
3894 1503 4024 1556 ado-

2419 1602 2540 1646 rant
2574 1608 2714 1654 eum,
2741 1593 2798 1645 in
2816 1592 3006 1661 spiritu
3039 1601 3088 1645 et
3116 1593 3335 1646 veritate
3355 1603 3554 1662 oportet
3575 1595 3813 1648 adorare
3834 1595 3856 1627 '
3879 1613 3893 1656 ;
3913 1595 4024 1664 ipse

2420 1684 2474 1738 in
2498 1683 2580 1739 eis
2611 1683 2763 1738 vivit.
2797 1682 2904 1749 Qui
2958 1699 3090 1748 vero
3117 1683 3411 1738 carnaliter
3459 1684 3682 1755 accipit.
3730 1697 3885 1741 recte
3913 1703 4020 1753 non

2418 1776 2562 1834 bona
2579 1775 2750 1831 sentit
2783 1775 2964 1830 divina
2980 1775 3220 1844 judicia:
3247 1777 3452 1846 quippe
3481 1792 3583 1831 nec
3605 1776 3889 1848 intelligit,
3922 1793 4021 1832 nec

2421 1869 2504 1925 eis
2519 1868 2690 1922 utitur
2710 1867 3051 1928 bene.‘Unde
3078 1882 3144 1922 ea
3171 1883 3293 1938 quae
3315 1869 3460 1930 bona
3484 1878 3636 1932 sunt,
3659 1878 3815 1923 recte
3838 1870 3891 1922 ei
3911 1884 4019 1922 non

2422 1960 2567 2018 bona
2612 1958 2750 2014 ﬁunt
2773 2001 2790 2026 ,
2840 1973 2944 2017 nec
2981 1959 3116 2013 vivit
3135 1959 3191 2026 in
3221 1960 3333 2014 eis:
3361 1975 3488 2025 nam
3517 1961 3759 2031 primum
3796 1961 4018 2028 quidem

2423 2052 2676 2124 ignorant
2718 2051 2884 2105 vitam
2940 2066 3063 2120 qua:
3113 2050 3170 2104 in
3200 2050 3282 2104 eis
3312 2050 3495 2113 abdita
3531 2060 3636 2115 est,
3674 2051 3884 2106 deinde
3909 2067 4018 2105 non

2421 2158 2662 2213 semper,
2686 2141 2780 2197 sed
2793 2151 2945 2202 certo
2958 2150 3202 2212 tempore
3218 2141 3494 2212 legislator
3519 2141 3692 2196 voluit
3726 2143 4020 2212 superﬁcie

2422 2240 2582 2288 tenus
2629 2231 2938 2295 custodiri,
2971 2240 3032 2298 ut
3075 2231 3404 2304 astringeret
3447 2231 3764 2289 Judaorum
3822 2233 4018 2286 duram

2420 2323 2711 2387 cervicem,
2744 2321 3090 2394 graviorique
3116 2331 3370 2391 egentem
3389 2323 3545 2393 jugo.
3574 2321 3882 2393 Propterea
3917 2338 4017 2392 po-

2420 2413 2608 2484 pulum
2637 2427 2762 2466 eum
2785 2412 2936 2466 durae
2971 2411 3204 2466 cervicis
3229 2412 3512 2482 prophetae
3569 2413 3784 2467 dicunt.
3847 2413 4018 2467 Isaias

2419 2510 2604 2556 autem
2639 2517 2751 2556 non
2790 2511 2999 2556 tantum
3028 2500 3178 2555 dura:
3202 2502 3458 2565 cervicis,
3485 2502 3580 2556 sed
3612 2502 3845 2556 vitulam
3893 2517 4014 2556 con-

2421 2599 2758 2648 sternantem
2801 2590 3115 2648 Judasorum
3162 2593 3424 2663 populum
3452 2593 3749 2664 appellavit
3775 2593 3842 2646 ⁸⁸.
3881 2592 4016 2659 Qua

2420 2693 2602 2739 autem
2622 2693 2980 2740 eonsternans
2993 2693 3100 2747 est,
3125 2684 3171 2739 si
3202 2685 3275 2739 ita
3298 2686 3602 2756 susceperit
3617 2687 3835 2756 jugum,
3864 2686 4017 2739 nullo

2421 2777 2582 2831 modo
2597 2777 2872 2836 domatur.
2889 2774 2957 2830 Et
2984 2790 3206 2830 rursus:
3224 2776 3482 2846 Ephraim
3504 2777 3671 2831 vitula
3695 2779 3854 2830 docta
3883 2776 4014 2830 diti-

2419 2885 2541 2937 gere
2559 2869 2830 2933 trituram,
2859 2868 3106 2924 transibit
3161 2885 3321 2938 super
3375 2869 3825 2938 pulchritudinem
3889 2869 4013 2922 colli

2421 2959 2535 3028 ejus
2567 2961 2632 3024 ¹ι,
2672 2973 2770 3027 per
2799 2958 2998 3012 collum
3019 2960 3390 3014 obedientiam
3440 2959 3778 3030 signiﬁcans,
3814 2961 3871 3012 in
3908 2975 4012 3028 que

2417 3053 2607 3124 jugum
2642 3051 2775 3121 legis
2803 3052 3252 3120 superimposuit,
3302 3060 3364 3106 ut
3409 3051 3730 3106 humiliatus
3778 3051 4016 3120 populus

743 3134 916 3204 giens,
943 3152 1008 3190 ex
1042 3153 1105 3191 ea
1138 3141 1597 3212 quemadmodum
1629 3158 1728 3213 pro
1788 3144 1966 3198 littera
2005 3143 2316 3199 satisfacere
2345 3184 2388 3213 ρ
2422 3143 2657 3196 libenter
2701 3141 3076 3211 evangelicum
3101 3143 3320 3212 jugum,
3350 3151 3538 3212 utpote
3565 3143 3686 3196 leve
3728 3155 4018 3210 suaveque

745 3226 938 3294 possit,
971 3230 1238 3298 exquirat.
1272 3230 1498 3302 Propter
1519 3235 1664 3304 quod
1685 3243 1742 3290 et
1771 3235 1969 3290 bonam
1997 3236 2192 3306 legem,
2222 3250 2321 3290 seu
2347 3226 2389 3241 “’”
2426 3232 2748 3301 susciperet.
2788 3230 2893 3286 Sed
2914 3232 3025 3302 iam
3050 3241 3266 3303 tempus
3290 3242 3383 3288 est
3415 3241 3476 3288 ut
3523 3231 3699 3302 ipsam
3723 3231 3864 3301 legis
3891 3247 4010 3302 pro-

746 3316 1022 3384 tnanduta,
1047 3327 1104 3374 et
1139 3336 1250 3376 non
1279 3322 1479 3398 bonam
1530 3339 1630 3397 per
1693 3325 2014 3398 prophetam
2068 3325 2318 3385 Ezechiel

2426 3338 2694 3394 ponamus
2726 3322 2982 3377 litteram.

819 3469 842 3501 '
878 3469 1053 3531 Galat.
1079 3493 1154 3542 iv,
1193 3476 1395 3542 Sidi.
1476 3479 1649 3535 ‘ibid.
1723 3481 1744 3512 ⁷
1779 3479 2092 3546 Ezech.u,
2117 3479 2204 3546 lo,
2236 3481 2321 3536 ll.
2398 3479 2420 3514 ³
2447 3475 2579 3532 ibid.
2633 3475 2719 3531 l3.
2784 3477 2981 3533 'Joan.
3007 3493 3083 3534 tv.
3121 3479 3409 3546 “lsa.xv,
3434 3480 3490 3535 5.
3565 3480 3610 3513 ¹¹
3635 3477 3780 3536 Osce
3827 3493 3886 3546 ι,
3924 3479 4010 3538 ll.

761 3691 3953 3726 *Μ

1843 3855 2258 3964 LIBER
2329 3859 2891 3962 PRIMUS.

1259 4253 1490 4315 CAPUT
1525 4255 1818 4316 PRIIUI.

2430 4258 2509 4313 uls
2530 4298 2544 4323 ,
2575 4259 2761 4314 domus
2791 4255 3249 4329 Israet“l'Atqul
3279 4256 3594 4330 ("quater
3618 4256 3939 4315 obtulerant
3994 4275 4008 4314 :

821 4342 985 4402 νω.
1022 4348 1075 4411 t,
1096 4346 1152 4404 8.
1189 4363 1210 4400 ι
1254 4344 1486 4404 Vocavit
1517 4358 1700 4406 autem
1722 4348 1964 4422 loysen,
2014 4360 2072 4406 et
2105 4342 2320 4406 locutus
2354 4368 2398 4426 ῃ
2428 4347 2524 4406 sed
2553 4348 2625 4404 oh
2647 4349 2752 4405 hoc
2773 4347 2918 4420 quod
2941 4347 3106 4404 nimis
3135 4348 3496 4420 displicebant
3523 4347 3855 4420 ei,eaquasi
3897 4363 4007 4404 non

749 4443 834 4493 est
861 4437 910 4493 ei
941 4437 1204 4494 Domina
1231 4438 1301 4494 de
1333 4439 1685 4496 tabernaculo
1719 4441 2034 4504 testimonii,
2080 4441 2270 4498 dicens
2303 4460 2316 4497 :

749 4527 998 4598 Loquere
1029 4529 1152 4585 llliis
1197 4528 1379 4597 Israel,
1409 4540 1466 4588 et
1492 4531 1643 4588 dices
1698 4533 1767 4589 ad
1809 4545 1947 4589 eos:
1997 4532 2172 4589 Homo
2227 4533 2320 4604 qui

749 4617 1011 4676 obtulerit
1038 4634 1104 4676 ex
1128 4620 1283 4676 vobis
1316 4621 1552 4679 hostiam
1578 4623 1812 4678 Domino
1839 4623 1908 4678 de
1939 4624 2248 4694 pecoribus,
2264 4623 2320 4680 id

751 4719 853 4775 est,
887 4711 957 4766 de
981 4711 1156 4768 bobus
1200 4722 1258 4768 et
1283 4712 1477 4768 ovibus
1499 4713 1740 4770 oderens
1762 4715 2030 4770 victimas.
2061 4735 2079 4766 ι

819 4799 977 4865 Quod
1042 4816 1151 4856 non
1210 4801 1444 4872 diligens
1509 4803 1651 4861 Deus
1712 4806 1998 4872 sacriﬁcia,
2069 4823 2132 4863 ea
2198 4824 2320 4879 quin

750 4893 819 4948 de
847 4890 1130 4947 sacriﬁciis
1156 4892 1355 4948 Judais
1392 4897 1731 4965 praceperit,
1763 4897 2102 4953 demonstrat
2154 4899 2321 4954 Isaias

751 4984 939 5036 dicens
972 5000 986 5035 ε
1018 4981 1132 5046 Quo
1161 4983 1290 5036 mihi
1319 4985 1708 5038 multitudinem
1735 4988 2070 5041 victimarum
2120 4997 2321 5041 uestra-

753 5087 867 5124 rum
887 5073 913 5126 2
933 5073 1060 5126 dicit
1086 5071 1375 5137 Dominus;
1405 5073 1588 5140 plenus
1606 5089 1722 5128 sum
1747 5075 2048 5128 holocausta
2071 5076 2320 5139 arietum,

751 5173 800 5217 et
828 5163 987 5229 adipe
1007 5163 1302 5232 pinguium;
1322 5165 1630 5231 sanguinem
1651 5165 1952 5228 uitulorum,
1985 5175 2036 5219 et
2060 5183 2317 5236 agnorum

754 5263 802 5305 et
842 5253 1108 5305 hircorum
1153 5253 1316 5305 nolui.
1361 5250 1492 5306 Cum
1534 5254 1777 5307 ueneritis
1821 5263 1946 5306 aute
1995 5265 2324 5321 conspectum

755 5358 946 5406 meum,
977 5344 1093 5411 quis
1110 5345 1346 5412 quasicit
1377 5346 1486 5398 lucc
1509 5347 1574 5399 de
1601 5347 1842 5400 manibus
1864 5350 2049 5402 uestris
2072 5349 2156 5402 ⁸⁸2
2185 5349 2326 5420 Ergo

753 5431 1154 5499 quodammodo
1180 5435 1284 5488 hoc
1320 5436 1462 5504 quod
1521 5437 1589 5491 de
1635 5438 1918 5494 sacrilieiis
1966 5453 2320 5509 praeceperat,

755 5525 964 5581 abnuit.
1001 5524 1096 5582 llis
1116 5525 1311 5581 similia
1339 5535 1395 5581 et
1424 5528 1591 5584 Amos
1615 5529 1748 5584 dicit
1776 5548 1788 5583 :
1813 5529 2068 5600 Nunquid
2083 5532 2324 5586 victimas

753 5626 803 5680 σι
831 5615 1092 5683 sacriﬁcia
1125 5616 1383 5671 obtulistis
1407 5618 1532 5671 milli
1565 5620 1622 5672 in
1634 5620 1837 5674 deserto
1856 5621 2213 5692 quadraginta
2234 5639 2326 5675 an-

860 5792 1002 5858 "ise
1061 5809 1100 5862 ιε
1139 5795 1216 5858 ll,
1251 5796 1329 5851 l2.
1436 5800 1660 5856 "Amos
1695 5820 1740 5855 \'.
1781 5798 1868 5854 i5.

2426 4441 2604 4498 oblata
2635 4440 2944 4512 reputabat.
2981 4440 3183 4497 Eadem
3216 4448 3274 4496 et
3293 4440 3560 4497 leremiaa
3585 4441 3855 4511 propheta
3879 4443 3959 4497 ait
3993 4459 4006 4496 :

2425 4533 2553 4588 Hac
2591 4533 2719 4588 dicit
2754 4532 3004 4588 Dominus
3051 4533 3394 4598 esercituum,
3434 4531 3576 4587 Deus
3600 4531 3811 4587 Israel:
3839 4532 4006 4585 Holo-

2427 4632 2734 4686 cautomata
2772 4634 2946 4680 uestra
2974 4625 3151 4678 addite
3172 4624 3397 4679 victimis
3431 4624 3638 4687 uestris,
3665 4631 3717 4677 et
3747 4625 4005 4677 eamedite

2428 4729 2650 4771 carnes:
2681 4715 2804 4786 quia
2836 4731 2940 4769 aeu
2987 4730 3104 4768 sum
3162 4714 3365 4769 loeutus
3405 4714 3644 4784 patribus
3693 4717 3905 4778 uestris,
3959 4726 4005 4767 et

2427 4819 2528 4857 non
2551 4803 2772 4872 pracepi
2794 4803 2941 4859 eisin
2969 4803 3054 4858 die
3099 4820 3201 4874 qua
3228 4804 3386 4858 educi
3401 4819 3490 4858 eos
3519 4805 3584 4859 de
3599 4814 3739 4858 terra
3760 4803 4004 4874 £gypti,

2426 4896 2490 4949 de
2521 4895 2675 4949 verba
2710 4894 3192 4962 holpcautomatum
3229 4904 3277 4948 et
3306 4896 3637 4949 uictimarum
3684 4894 3749 4948 “.
3780 4894 3894 4950 Sed
3925 4897 4005 4950 in-

2427 4985 2584 5054 quies
2616 5002 2630 5037 :
2661 4984 2788 5038 Hec
2811 4983 2879 5038 de
2913 4984 3110 5053 quibus
3147 4984 3422 5054 loquimur
3458 4985 3577 5055 ipse
3603 4985 3890 5039 mandavit
3913 4988 4004 5056 qui

2429 5085 2485 5130 et
2515 5084 2696 5146 negat,
2729 5085 2785 5130 et
2812 5090 2911 5129 cur
2943 5085 3104 5145 negat
3125 5089 3248 5146 qua:
3290 5075 3678 5131 mandaverat?
3698 5075 3814 5131 Cur
3833 5079 3860 5130 ?
3880 5080 4004 5148 quis

2428 5167 2788 5222 intentionem
2820 5167 3028 5221 datoris
3080 5167 3137 5221 hi
3166 5167 3262 5236 qui
3303 5177 3634 5237 acceperunt
3672 5171 4003 5237 transgressi

2425 5269 2572 5315 sunt.
2607 5260 2744 5312 Cum
2787 5259 2935 5313 enim
2969 5258 3186 5312 subtilis
3217 5267 3384 5324 esset,
3431 5269 3489 5314 et
3538 5258 3695 5314 valde
3749 5260 4002 5314 sublimis

2423 5351 2531 5413 lex.
2554 5361 2610 5405 et
2635 5365 2759 5404 eum
2799 5358 3082 5419 propterea
3123 5349 3389 5406 absconsa
3426 5358 3572 5404 esset
3607 5349 3662 5410 in
3709 5351 4001 5420 superﬁcie

2423 5442 2637 5508 littere,
2665 5449 2936 5511 quatenus
2958 5448 3363 5510 perscrutantes
3394 5455 3513 5494 eam
3555 5440 3835 5497 discerent
3874 5455 4002 5495 eum

2422 5533 2576 5602 prius
2613 5546 2743 5587 suos
2779 5531 3168 5587 emendassent
3198 5544 3428 5584 sensus:
3463 5540 3621 5592 erant
3645 5530 3794 5598 enim
3847 5546 4001 5586 cras-

2420 5623 2582 5679 sioris
2607 5631 2769 5692 atque
2801 5621 2922 5676 duri
2953 5620 3152 5685 cordis,
3183 5627 3240 5674 et
3269 5621 3500 5676 necdum
3530 5621 3703 5693 legem
3755 5619 3859 5689 Dei
3915 5620 4003 5690 ia—

1973 5801 2012 5830 "
2040 5800 2238 5858 Jerem.
2281 5817 2372 5857 \‘ll.
2396 5802 2484 5869 2i,
2506 5799 2595 5856 ‘32.
