4218 6448
223 394 329 460 ’193

1397 395 1482 459 1N
1515 396 1957 460 LEVITICUM.
2000 424 2061 439 -
2105 401 2250 464 LIB.
2291 403 2340 464 Ι.

3375 399 3491 468 795

224 500 466 575 teliigere
488 499 751 569 valentes.
782 501 836 558 in
863 500 1168 576 ignorantia
1234 513 1636 561 remanserunt.
1660 503 1801 561 Cum
1834 515 1874 567 Α
1905 505 2162 566 videlicet
2197 511 2395 578 lsrael.-
2418 509 2486 569 de
2505 510 2706 583 quibus
2735 526 2860 568 eum
2891 511 2985 584 qui
3016 511 3322 570 voluntaria
3351 513 3495 570 dona

222 601 405 647 autem
449 591 684 648 maxime
750 593 1096 650 districtione
1154 594 1444 650 verborum
1530 594 1806 666 legislator

225 693 430 750 utatur,
461 699 608 738 nunc
634 685 798 740 etiam
820 687 890 740 ab
919 686 1037 750 ipsa
1074 694 1173 742 est.
1208 699 1386 741 orsus.
1422 684 1717 741 Exordium
1748 686 1802 740 in

222 772 462 827 editione
487 771 627 826 LXX
674 773 868 844 incipit
896 774 966 829 ab
986 789 1051 829 ea
1084 783 1237 844 parte
1268 775 1533 829 orationis
1558 791 1679 844 qua:
1721 787 1807 830 est

225 864 540 932 conjunctio
583 880 747 935 quam
802 867 1194 919 consuevimus
1252 866 1308 919 in
1359 865 1543 920 medio
1596 865 1805 920 ordinis

223 971 427 1025 ponere
454 956 763 1015 verborum.
801 964 858 1009 ut
886 956 1322 1024 praecedentibus
1370 955 1670 1026 coniungat
1713 972 1804 1010 se-

222 1046 444 1114 quentia
489 1063 502 1099 :
535 1045 708 1118 ipsum
736 1046 937 1116 quippe
961 1046 1082 1100 libri
1117 1046 1281 1116 hujus
1311 1046 1532 1100 initium
1565 1046 1805 1100 termino

225 1138 582 1205 praecedentis
614 1139 917 1207 conjunxit,
947 1138 1039 1208 qui
1095 1139 1399 1208 appellatur
1448 1139 1689 1202 Euodus,
1745 1138 1802 1192 in

224 1245 332 1298 quo
362 1229 568 1300 Moyses
605 1230 1012 1312 tabernaculum
1058 1231 1256 1294 erexit,
1308 1230 1398 1285 cui
1457 1241 1607 1287 recte
1661 1246 1803 1300 pras-

224 1323 398 1377 scntia
428 1325 857 1393 coniunguntur,
885 1339 1010 1382 cum
1038 1325 1204 1381 unius
1226 1324 1585 1394 ejusdemque
1605 1323 1698 1378 Dei
1748 1323 1803 1377 in

227 1424 460 1483 utroque
489 1418 838 1469 contineatur
893 1431 1050 1485 Opus.
1108 1417 1216 1471 Sed
1271 1427 1328 1472 et
1369 1417 1512 1470 liber
1555 1415 1802 1481 Numeri,

225 1507 348 1576 quia
391 1507 525 1561 nihil
574 1506 813 1560 medium
873 1508 1015 1562 inter
1067 1523 1191 1564 eum
1234 1518 1291 1564 et
1341 1508 1644 1563 Leviticum
1703 1523 1804 1577 ap-

227 1596 478 1664 pellatur,
522 1597 698 1652 simile
751 1598 916 1652 habet
960 1607 1013 1653 et
1094 1600 1212 1668 ipse
1295 1599 1675 1669 precantium;
1726 1598 1806 1653 ait

223 1688 415 1741 ottitn:
457 1688 846 1758 tLocutusque
892 1698 978 1744 est
1034 1688 1300 1745 Dominus
1346 1689 1416 1745 ad
1474 1689 1693 1761 Moysen
1747 1689 1804 1743 in

223 1781 441 1834 deserto
482 1780 655 1844 Sinai,
703 1781 757 1835 in
793 1783 1147 1838 tabernaculo
1197 1781 1442 1849 foederis,
1486 1783 1662 1853 prima
1715 1783 1804 1838 die

1907 602 2189 664 ollerebat.
2217 605 2286 660 de
2320 605 2496 661 bobus
2546 604 2634 660 vel
2665 605 2734 660 de
2752 605 2948 661 ovibus
2969 603 3170 660 otl‘errc
3195 605 3491 674 praecepit:

1905 709 1969 748 ex
2001 708 2234 764 utroque
2267 695 2488 750 animali
2517 695 2600 751 vcl
2617 694 2871 763 jumento
2918 695 3152 749 similem
3197 694 3498 761 designans

1907 786 2205 844 hominem.
2242 785 2333 854 qui
2368 785 2503 838 nihil
2556 784 2852 844 acuminis.
2883 800 3061 852 neque
3103 786 3169 839 ad
3208 785 3492 846 virtutem.

1904 892 2082 944 neque
2129 876 2194 930 ad
2244 875 2507 929 malitiam
2575 876 2757 940 habet,
2802 876 2896 929 sed
2939 873 3176 928 trahitur
3224 875 3290 927 ab
3327 873 3438 926 alio
3475 892 3488 929 .'

1906 968 2042 1020 tales
2074 975 2205 1020 sunt
2249 967 2416 1020 boves
2451 975 2506 1019 et
2540 981 2701 1029 oves;
2741 965 2904 1018 nimis
2952 964 3100 1018 enim
3154 963 3220 1016 ad
3271 979 3493 1016 manum

1905 1066 2034 1111 sunt
2062 1065 2324 1111 consueta
2358 1055 2635 1116 animalia.
2666 1064 2721 1108 et
2749 1069 2844 1108 eos
2886 1055 2975 1122 qui
3017 1054 3092 1108 ita
3147 1054 3372 1107 trahunt
3421 1053 3496 1106 ia-

1904 1149 2008 1204 cile
2034 1147 2343 1217 sequentia.
2375 1148 2442 1201 Et
2470 1155 2759 1216 pr0pterea
2789 1160 2898 1199 non
2927 1146 3172 1199 omnium
3213 1147 3328 1199 ltmc
3371 1161 3494 1197 mu-

1905 1257 2060 1306 nera,
2097 1242 2191 1294 sed
2222 1240 2534 1300 ludaeorum
2565 1238 2908 1292 solummodo
2926 1252 3048 1291 esse
3106 1247 3334 1305 possunt
3365 1255 3377 1289 :
3415 1235 3492 1290 illi

1905 1334 2052 1389 enim
2088 1334 2301 1389 etiamsi
2335 1332 2552 1387 virtutis
2575 1331 2779 1399 aliquid
2813 1347 2920 1384 non
2948 1343 3268 1399 operantur,
3294 1331 3496 1384 suiiicit

1904 1423 1987 1478 eis
2018 1423 2242 1477 minime
2279 1423 2465 1490 inique
2499 1420 2735 1490 operari.
2782 1420 2857 1473 De
2887 1420 3087 1488 quibus
3118 1418 3284 1472 David
3343 1419 3491 1472 dico-

1905 1516 1997 1572 bat
2033 1532 2048 1569 :
2080 1515 2327 1569 Homines
2355 1523 2402 1568 et
2440 1514 2683 1583 jumeuta
2722 1513 2896 1567 salvos
2950 1513 3132 1583 facitis,
3169 1510 3388 1564 Douiinc
3413 1511 3489 1574 ";

1906 1608 2145 1678 primum
2201 1605 2449 1660 ordinem
2525 1604 2840 1660 hominibus
2891 1604 3232 1666 custodiens.
3291 1602 3491 1656 deinde

1906 1696 2214 1752 concedens
2246 1696 2412 1750 etiam
2451 1696 2676 1764 reliquis
2699 1695 2955 1750 salutem.
2987 1693 3145 1759 Quod
3173 1700 3358 1748 autem
3391 1692 3491 1746 ho-

1907 1791 2110 1846 minem
2148 1791 2333 1852 istmn.
2364 1790 2433 1845 de
2456 1803 2567 1858 quo
2609 1803 2756 1842 nunc
2811 1802 2994 1842 sermo
3041 1796 3146 1850 est.
3215 1785 3492 1853 legislator

223 1872 428 1926 mensis
455 1873 702 1938 secundi,
727 1889 873 1928 anno
901 1874 1097 1927 altero.
1125 1892 1143 1924 ι
1168 1871 1470 1943 Νἱιιὶικετεο
1487 1881 1611 1943 post
1628 1873 1801 1928 histo-

1908 1883 2223 1953 appellavit,
2252 1881 2494 1935 aitenim
2532 1898 2544 1933 :
2578 1878 2752 1934 Homo
2785 1895 2851 1933 ex
2879 1879 3054 1941 vobis,
3090 1893 3200 1932 non
3233 1877 3338 1930 hoc
3387 1877 3488 1930 ad-

221 1963 359 2016 riam
387 1962 614 2019 Levitici
635 1965 758 2019 libri
785 2008 801 2030 ,
829 1973 957 2019 ante
985 1965 1271 2019 historiam
1301 1961 1430 2020 vero
1456 1964 1677 2019 Numeri
1702 1979 1803 2034 po-

221 2056 386 2125 pulus
406 2056 720 2113 ludteorum
742 2058 882 2128 egit:
907 2073 1084 2128 neque
1107 2058 1260 2125 enim
1265 2043 1453 2116 locum
1473 2053 1800 2132 mutaverat.

219 2150 348 2219 quia
380 2150 613 2203 necdum
651 2150 1062 2207 tabernaculum
1087 2137 1803 2220 dedicarantmecrvtempus

219 2243 450 2296 multum
491 2242 845 2311 praeterierat.
887 2240 945 2294 in
1001 2241 1179 2310 primo
1226 2241 1430 2311 quippe
1471 2231 1659 2310 metme
1713 2254 1803 2302 sti“-

219 2332 388 2385 condi
421 2332 572 2396 anni,
597 2331 844 2402 ejusdem
878 2330 1078 2384 mensis
1103 2329 1254 2385 initio
1282 2331 1365 2400 agi
1404 2340 1709 2399 creperum.
1739 2327 1799 2381 ln

221 2425 405 2478 lixodo
429 2433 611 2478 autem
647 2434 702 2477 et
731 2421 952 2484 Genesi.
993 2421 1118 2492 quia
1170 2430 1387 2492 tempus
1421 2421 1650 2476 multum
1674 2435 1803 2474 .me-

219 2517 394 2581 dimn,
429 2515 630 2586 loscpb
663 2515 872 2578 mortis,
903 2524 959 2569 et
991 2514 1322 2585 egressionis
1357 2513 1590 2567 iiliorum
1639 2511 1804 2567 Israel

221 2617 642 2671 transcurrerat,
678 2623 786 2660 non
823 2606 1073 2660 similiter
1103 2604 1158 2660 in
1190 2606 1402 2660 eisdem
1428 2604 1584 2659 libris
1611 2604 1796 2673 cmpit.

219 2699 338 2755 Non
368 2699 514 2752 enim
534 2708 589 2753 et
616 2698 1041 2766 conjunctionis,
1065 2697 1159 2752 sed
1183 2707 1552 2766 opportunum
1580 2694 1804 2764 dispen-

202 2792 417 2846 'sationi
444 2806 635 2844 eorum
664 2806 786 2859 quae
817 2790 891 2844 ibi
921 2790 1119 2859 scripta
1148 2798 1297 2849 sunt.
1323 2787 1797 2859 ponitexordium.

218 2882 312 2936 Ait
338 2881 488 2934 enim
519 2882 599 2934 sic
629 2899 641 2933 :
671 2880 796 2934 llazc
811 2890 930 2932 sunt
955 2880 1096 2933 enim
1121 2879 1333 2932 nomina
1353 2878 1585 2946 ﬁliorum
1609 2876 1801 2942 Israel,

218 2974 310 3041 qui
343 2971 565 3041 ingressi
595 2981 714 3023 sunt
734 2971 792 3023 in
820 2969 1050 3040 Egypto
1081 2986 1200 3023 cum
1237 2969 1419 3033 Jacob,
1460 2969 1655 3039 singuli
1684 2973 1803 3020 cum

217 3064 456 3116 domibus
487 3064 596 3116 suis
621 3063 684 3115 ¹⁵.
719 3061 827 3115 Sed
884 3061 1004 3114 sine
1059 3061 1229 3116 dubio
1253 3061 1476 3130 objiciet
1507 3060 1798 3131 quispiam,

218 3157 576 3225 quamobrem
603 3155 725 3209 libri
753 3155 886 3224 Ιυέίε
915 3155 1074 3210 divisi
1107 3163 1256 3218 sunt,
1313 3170 1440 3210 cum
1497 3168 1620 3230 non.
1657 3154 1801 3212 divi-

219 3249 500 3312 derentur,
561 3246 700 3301 sicut
759 3247 1076 3317 praedictum
1141 3254 1260 3310 est,
1311 3255 1554 3314 tempore
1593 3243 1650 3300 ‘?v
1695 3244 1800 3300 Sed

221 3341 329 3396 hoc
379 3340 579 3394 ideout
613 3353 722 3392 non
751 3338 1028 3392 fastidium
1074 3337 1380 3408 legentibus
1419 3338 1541 3391 libri
1596 3336 1803 3392 iaceret

218 3431 525 3502 atnplitudo
572 3450 586 3485 :
641 3431 876 3486 libenter
945 3429 1093 3486 enim
1134 3430 1503 3501 negotiatores
1577 3431 1801 3499 pelagus

220 3526 446 3594 viasque
470 3524 747 3586 dividunt.
777 3525 954 3594 ipsum
1001 3522 1407 3592 quodammodo
1465 3522 1797 3576 arbitrantes

217 3616 464 3671 dividere
485 3630 544 3670 se
567 3616 829 3670 laborem.
871 3614 1142 3669 Praeterea
1180 3613 1484 3668 secundum
1510 3612 1652 3668 LXX
1685 3629 1796 3667 non

219 3708 424 3770 vorari.
476 3707 572 3762 sed
606 3709 848 3761 revocari
897 3705 1117 3776 Moysen
1172 3705 1438 3774 scriptum
1500 3714 1605 3767 est.
1656 3707 1801 3761 sicut

217 3800 437 3870 quando
508 3799 691 3863 idem,
757 3799 1059 3854 secundum
1141 3797 1305 3862 LXX.
1387 3796 1628 3854 Beselerl
1715 3808 1796 3854 ta-

219 3891 574 3949 bernaculum
630 3891 930 3949 secundum
997 3890 1224 3962 ligurem
1275 3905 1397 3962 quae
1440 3898 1660 3947 ostensa
1717 3901 1801 3949 est

218 3981 276 4038 in
323 3991 533 4046 monte.
586 3981 765 4054 facere
819 3979 1096 4053 praecepit.
1157 3978 1247 4037 Ait
1292 3979 1495 4037 enim:
1549 3978 1799 4054 Dixitque

223 4073 420 4146 Moysie
443 4073 570 4146 ﬁliis
598 4071 767 4130 lerael
791 4088 811 4131 .'
850 4072 984 4130 Ecce
1011 4072 1268 4129 revocarit
1301 4070 1439 4130 Deus
1467 4087 1532 4130 ea
1590 4073 1798 4128 nomine

215 4165 447 4236 Beseleel
475 4165 648 4238 [illum
671 4165 782 4223 Hor
803 4164 1028 4227 detritus
1063 4163 1229 4232 Juda.
1265 4172 1314 4220 et
1347 4164 1478 4234 imp!
1497 4163 1583 4216 'rit
1601 4164 1798 4234 spiritu

215 4257 576 4328 sapientia“.
607 4255 748 4330 Ergo
782 4265 838 4313 et
873 4271 1020 4312 nunc
1058 4255 1314 4311 'allorum
1367 4253 1794 4328 lntemglbllium

215 4348 598 4419 quorumdam.
660 4358 717 4404 et
751 4345 1152 4404 rstionahilium
1179 4344 1575 4402 sacriﬁciorum
1611 4344 1800 4418 imagi-

215 4453 364 4496 nem.
389 4438 699 4494 describere
733 4436 993 4493 Dominus
1016 4433 1232 4507 Moysen
1259 4435 1537 4507 praecepit.
1564 4443 1621 4490 et
1641 4450 1798 4506 sper-

1904 1976 2153 2036 mireris;
2188 1972 2445 2042 possibile
2469 1982 2554 2028 est
2582 1973 2728 2027 enim
2783 1973 3037 2028 eumdem
3101 1982 3158 2026 et
3214 1972 3489 2025 hominem

1902 2063 2187 2134 appellari,
2218 2071 2274 2117 et
2304 2063 2825 2133 qum'jumenturum
2849 2071 2980 2116 sunt
3000 2076 3183 2132 agerc.
3245 2060 3488 2115 Demon-

1903 2167 2234 2212 stratantem
2266 2157 2371 2210 hoc
2402 2155 2546 2210 idem
2602 2155 2769 2209 David
2804 2154 3070 2224 propheta
3124 2154 3316 2208 dicens
3351 2171 3363 2206 :
3421 2152 3490 2206 Et

1876 2250 2054 2304 “homo
2082 2267 2201 2303 cum
2247 2249 2303 2302 in
2334 2249 2528 2302 honore
2552 2257 2702 2311 esset,
2741 2258 3082 2319 comparatus
3120 2258 3194 2302 est
3235 2248 3490 2318 jumcntis

1902 2342 2288 2409 insipientibus.
2337 2351 2385 2396 et
2414 2339 2604 2394 similis
2637 2341 2810 2408 factus
2855 2349 2929 2394 est
2993 2340 3099 2394 illis
3147 2340 3212 2395 ".
3285 2340 3488 2399 Verum

1900 2437 2028 2508 quia
2063 2435 2455 2505 intelligibilem
2473 2433 2766 2504 quemdam
2795 2434 2956 2487 Israel
2978 2435 3293 2499 didicimus,
3329 2451 3487 2488 eum-

1900 2544 2007 2599 que
2056 2527 2453 2596 intelligibilem
2546 2525 3023 2580 circumcisioncm
3110 2515 3486 2590 venerantem.

1898 2620 2358 2692 quemadmodum
2379 2618 2581 2673 Paulus
2600 2617 2678 2672 ait
2696 2636 2708 2672 :
2731 2618 2847 2672 Non
2865 2620 3003 2672 enim
3019 2620 3111 2689 qui
3137 2621 3192 2672 in
3208 2619 3490 2694 titanifesto

1899 2715 2136 2780 Juda'us,
2160 2731 2253 2768 nec
2281 2730 2341 2767 ea
2373 2728 2490 2783 qua:
2527 2712 2808 2782 propalam
2841 2714 2898 2765 in
2928 2728 3088 2765 carne
3145 2720 3224 2765 est
3262 2713 3491 2765 circum-

1901 2809 2047 2869 cisio.
2086 2809 2177 2862 sed
2201 2823 2317 2878 qua:
2356 2809 2412 2860 in
2464 2804 2686 2869 occulto,
2729 2814 2777 2858 et
2807 2821 2924 2873 quo:
2967 2804 3298 2858 circumcisio
3319 2803 3491 2857 catulis

1900 2902 1954 2955 in
1987 2901 2199 2968 spiritu,
2233 2914 2335 2951 neu
2365 2897 2564 2959 littera,
2592 2896 2745 2965 cujus
2771 2894 2890 2948 lous
2927 2910 3029 2946 non
3067 2909 3131 2946 ex
3165 2893 3484 2967 hominibus.

1898 2993 1989 3045 sed
2021 3006 2087 3043 ea:
2130 2991 2239 3043 Deo
2284 2997 2358 3041 est
2392 2988 2457 3050 ¹⁹,
2501 2985 2552 3040 ei
2610 2984 2934 3055 spiritaliter
2979 2984 3296 3053 praedictam
3355 2981 3492 3051 legis

1902 3081 2244 3137 sanctionem
2271 3086 2619 3148 coaptemus.

1978 3172 2216 3228 “35.3.
2279 3189 2296 3223 ι
2334 3169 2390 3225 Si
2451 3171 2574 3239 ejus
2633 3166 3011 3221 holocaustum
3064 3165 3230 3220 omn
3290 3163 3493 3219 oblatio

1907 3282 1972 3322 ac
1999 3267 2067 3321 de
2092 3275 2360 3327 armento,
2392 3261 2694 3317 masculum
2736 3259 3168 3319 immaculatum.
3193 3258 3391 3310 olIeret
3422 3257 3489 3309 ad

1907 3356 2107 3410 ostium
2141 3350 2478 3427 tabernaculi
2505 3349 2829 3410 testimonii.
2869 3348 2938 3403 ad
2992 3348 3321 3419 placandum
3384 3345 3488 3400 sibi

1910 3449 2224 3503 Dominum.
2263 3467 2282 3498 s

1966 3541 2114 3606 'Quia
2165 3538 2432 3594 sacriﬁcia
2483 3539 2623 3593 Deus
2679 3553 2709 3591 a
2762 3535 2923 3590 nobis
2969 3549 3069 3606 pro
3093 3541 3280 3588 nostra
3312 3531 3492 3585 salute

1905 3637 2040 3697 vult,
2082 3649 2193 3686 non
2229 3633 2346 3702 ipse
2390 3632 2472 3686 eis
2500 3645 2641 3701 opus
2685 3630 2916 3692 habens,
2966 3626 3101 3681 satis
3139 3639 3241 3680 nos
3285 3623 3494 3678 Paulus

1907 3725 2325 3782 commonefacit
2353 3740 2369 3788 ;
2393 3725 2467 3778 ait
2489 3724 2636 3778 enim
2664 3741 2676 3777 :
2699 3722 2920 3778 Obsecro
2941 3721 3122 3790 itaque
3138 3734 3249 3780 vos.
3273 3718 3489 3789 fratres.

1907 3838 1999 3894 per
2027 3819 2440 3876 misericordiam
2474 3816 2591 3879 Dei.
2637 3826 2694 3871 ut
2734 3814 3019 3871 exitibeatis
3053 3827 3273 3882 corpora
3317 3818 3490 3865 uestra

1905 3910 2129 3965 haetiam
2175 3909 2372 3970 vivam.
2407 3915 2670 3973 sanctam,
2714 3904 2819 3962 Deo
2876 3903 3212 3975 placentem;
3246 3901 3491 3957 rationa-

1905 4001 2007 4060 bile
2035 4001 2335 4074 obsequium
2363 3998 2674 4058 uestrum".
2727 3999 2867 4069 Ergo
2902 3997 3123 4068 placens
3160 3992 3491 4052 secriilclum

1906 4094 2038 4160 Deo.
2070 4107 2360 4165 corporum
2391 4098 2704 4148 nostrorum
2743 4087 3093 4147 mortificatio
3123 4095 3210 4144 est
3264 4101 3278 4142 :
3328 4082 3490 4142 slnml

1904 4188 2052 4245 enim
2080 4186 2132 4242 ln
2166 4199 2234 4243 eo
2281 4186 2580 4248 lucremur.
2635 4180 2867 4254 etquod
2901 4195 2932 4238 s
2965 4189 3193 4253 peccato
3242 4176 3491 4235 abstine-

1906 4294 2050 4344 mus,
2072 4285 2130 4335 et
2155 4275 2301 4350 quod
2328 4276 2561 4333 virtutes
2604 4272 2962 4345 arqulrimus.
3022 4271 3131 4329 Sed
3185 4271 3317 4344 quia
3371 4270 3490 4343 ipsa

1906 4387 2132 4444 corpora
2163 4370 2383 4438 quidam
2413 4367 2752 4442 plenissime.
2786 4365 2954 4437 aliqul
3004 4375 3187 4421 autem
3222 4377 3288 4420 ex
3335 4372 3491 4434 parte

1905 4463 2269 4528 mortiﬂcsnt.
2303 4466 2604 4517 secundum
2645 4458 3016 4515 conditionem
3055 4455 3493 4514 conversationis

216 4530 427 4636 tissime
454 4529 569 4585 haec
590 4544 710 4636 qulte
739 4529 941 4585 dicitur
984 4515 1277 4636 revocatio.
1319 4527 1789 4636 dispensationem
1833 4578 1877 4636 υ
2475 4551 2839 4623 quacum“.
2879 4565 3004 4606 cum
3060 4549 3114 4606 hi
3162 4549 3383 4620 quidem
3430 4557 3493 4604 ιη

214 4622 505 4692 quamdam
557 4621 866 4684 verborum.
920 4619 1004 4673 vel
1045 4633 1225 4675 rerum
1279 4618 1346 4674 ad
1397 4617 1680 4690 superiora
1713 4634 1797 4675 re-

198 4703 591 4784 spicientium.
632 4712 830 4768 innuit.
870 4711 976 4768 Sed
1028 4711 1170 4766 unde
1223 4712 1290 4766 ad
1335 4725 1460 4767 eum
1526 4710 1794 4766 Dominus

215 4805 492 4876 loquitur?
521 4807 596 4860 De
613 4804 962 4860 tabernaculo
982 4803 1186 4859 scilicet
1210 4803 1527 4862 testimonii.
1552 4803 1794 4859 Primum

216 4895 440 4966 quidem
474 4895 542 4950 de
574 4895 732 4958 emlo.
761 4895 883 4966 quia
916 4895 969 4949 in
1005 4895 1124 4965 ipso
1145 4894 1390 4948 habitare
1451 4893 1595 4949 Deus
1647 4894 1796 4950 επιτ-

215 4994 417 5042 matur.
452 4985 661 5040 Deinde
692 4986 1099 5041 tabernaculum
1134 4987 1431 5042 testimonii
1463 4995 1791 5059 praesentem

217 5078 544 5147 scripturam
570 5076 919 5148 intelligimus
947 5094 960 5130 :
990 5077 1246 5147 quoniam
1289 5078 1445 5148 quasi
1474 5078 1800 5134 tabernacu-

220 5170 334 5223 lum
367 5169 639 5237 quoddam
701 5178 844 5233 erat,
879 5183 1002 5228 cum
1038 5185 1099 5223 ea
1129 5185 1249 5239 qua:
1283 5169 1630 5234 dicebantur,
1660 5172 1800 5227 ima-

220 5261 377 5332 gines
429 5261 545 5316 sive
576 5259 758 5331 ligare
782 5261 1126 5332 sequentium
1180 5265 1559 5334 mysteriorum
1588 5275 1796 5329 essent,

220 5359 447 5418 propter
479 5351 624 5419 quod
660 5351 1067 5406 tabernaculum
1121 5352 1416 5407 testimonii
1477 5355 1784 5409 dicebatur.

138 5448 140 5450 '
219 5439 427 5496 Horum
452 5452 634 5500 autem
658 5458 968 5504 sermonum
993 5444 1796 5503 tabernaculumtestimonium

221 5532 529 5588 futurarum
561 5550 739 5589 rermn
766 5543 870 5602 est,
909 5535 1321 5592 indubitabilem
1353 5537 1434 5592 eis
1480 5537 1639 5593 iidem
1667 5555 1798 5610 prae-

221 5633 393 5678 stans.
426 5621 568 5690 Quid
598 5633 778 5682 autem
800 5626 1063 5692 dicit.aut
1088 5629 1153 5682 ad
1185 5644 1323 5699 quos
1341 5629 1545 5700 jussit?
1570 5631 1638 5686 ad
1659 5631 1798 5688 illius

327 5779 369 5810 "
406 5777 570 5836 Exod.
599 5800 631 5836 ι.
677 5785 718 5838 1.

227 5866 319 5918 su,
357 5849 405 5905 i.

831 5785 869 5816 ¹⁶
911 5784 1076 5840 Exod.
1110 5800 1249 5848 uxr,
1288 5784 1330 5839 i.

1411 5786 1452 5817 "
1483 5784 1624 5841 l‘s.tl.
1654 5803 1809 5853 δην,
1848 5788 1898 5841 7.

1907 4648 2129 4721 perfecti
2150 4648 2390 4719 sapiunt.
2423 4646 2512 4702 alii
2566 4653 2629 4701 ut
2659 4645 2892 4717 parvuli.
2920 4659 2984 4702 ea
3020 4659 3142 4714 qua
3172 4642 3488 4698 omnimoda

1903 4751 1988 4798 est
2027 4739 2360 4797 renuntiatio
2397 4739 2604 4802 seaculi.
2657 4747 2715 4794 et
2781 4738 3123 4808 voluptatum
3171 4735 3489 4808 plenissima

1904 4831 2209 4902 abnegatio,
2232 4831 2613 4886 holocaustum
2636 4828 2838 4884 dicitur
2865 4845 2879 4882 :
2903 4835 3075 4882 totum
3099 4841 3158 4882 se
3183 4826 3333 4881 enim
3367 4825 3492 4897 quis
3523 4875 3525 4878 .

1908 4923 2017 4979 Deo
2054 4938 2150 4994 per
2180 4921 2597 4994 intelligibilem.
2634 4920 2813 4989 ignem
2866 4917 3093 4987 spiritus
3151 4917 3336 4982 oll‘crt.
3379 4932 3489 4972 non

1902 5016 2014 5086 jam
2047 5025 2317 5073 terrenus.
2344 5013 2438 5066 sed
2474 5012 2758 5082 spiritalis.
2801 5019 2858 5065 et
2919 5009 3327 5080 quodammodo
3378 5023 3491 5064 rte-

1901 5106 2056 5161 lestis
2089 5104 2336 5159 eiiectus.
2372 5102 2428 5155 Si
2451 5117 2580 5172 ergo
2607 5102 2695 5156 hic
2736 5107 2993 5169 operator
3047 5097 3207 5153 fuerit
3266 5097 3490 5164 iustitiae
3550 5151 3555 5158 _

1901 5197 2054 5268 legis.
2083 5211 2204 5266 qua:
2228 5193 2528 5249 secundum
2551 5193 2788 5246 litteram
2823 5200 2924 5250 est.
2955 5190 3052 5244 bos
3076 5205 3205 5242 vero
3233 5186 3489 5240 similiter

1902 5286 2244 5349 nominatur,
2273 5284 2400 5354 quia
2437 5283 2616 5352 ipsum
2674 5279 2878 5336 animal
2915 5280 3104 5349 jugum
3142 5285 3322 5346 portat
3383 5285 3488 5331 ter-

1904 5390 2159 5430 renormn
2187 5389 2436 5444 operum.
2463 5374 2653 5444 jugum
2672 5381 2850 5426 autem
2887 5379 2971 5424 est
2999 5378 3055 5424 et
3085 5368 3194 5422 les.
3227 5366 3318 5421 Sic
3344 5367 3489 5420 enim

1907 5466 2116 5531 Petrus,
2149 5481 2273 5520 cum
2299 5464 2352 5518 in
2375 5463 2675 5519 Jerusalem
2707 5460 3148 5524 concionaretur,
3177 5455 3488 5527 appellavit.

1903 5557 2142 5613 dicens:
2193 5552 2330 5620 Quid
2384 5553 2596 5608 teutmis
2641 5552 2947 5615 Dominum.
2988 5551 3253 5618 imponere
3297 5547 3489 5618 jugum

1905 5665 2062 5718 super
2081 5648 2302 5702 cervices
2333 5645 2729 5716 discipulorum,
2752 5644 2890 5715 quod
2913 5660 3004 5698 nec
3036 5659 3149 5704 nus.
3196 5657 3288 5697 nec
3317 5649 3498 5711 patres

1980 5784 2021 5816 ¹⁸
2059 5781 2200 5838 l'sal.
2238 5797 2418 5847 sunt
2455 5779 2536 5836 l5.
2619 5781 2659 5812 ‘9
2692 5780 2847 5835 liom.
2872 5795 2931 5846 tt,
2957 5779 3047 5843 ξε,
3080 5778 3169 5837 '29.
3251 5778 3296 5812 ”
3329 5774 3491 5833 Rom.
