4218 6448
259 387 364 451 791

1436 383 1516 446 1N
1558 381 1995 446 LEVITICUI.
2033 404 2100 418 ·-
2133 381 2281 442 LIB.
2320 379 2365 439 ἰ.

3413 376 3516 448 ’ΖΕΒ

262 505 329 562 Et
350 517 541 560 rursus
562 500 674 572 ipse
702 497 885 567 τουσι
915 503 960 556 si
985 499 1156 556 altare
1186 498 1452 568 lapideum
1473 497 1654 569 {oreris
1687 493 1832 558 mihi,
1865 499 1908 551 Α
1940 506 2077 555 rum,
2110 490 2247 562 quod
2274 489 2501 561 fructum
2524 503 2678 544 suum
2707 487 2850 546 dabit
2869 487 2923 542 iu
2948 497 3179 558 tempore
3202 501 3299 545 suo
3328 486 3390 542 ⁸⁸.
3411 487 3519 546 Sed

260 609 363 649 non
390 591 671 662 trdiﬁcabis
701 592 832 646 illud
864 591 926 646 de
953 591 1104 646 sectis
1127 588 1427 658 lapidibus:
1459 588 1504 640 si
1529 587 1663 639 enim
1691 585 1833 639 leva-

257 687 392 740 scris
440 685 665 739 cultrum
727 695 876 742 luunt
919 699 1075 748 super
1127 699 1207 742 co.
1247 679 1512 749 polluetur
1541 678 1607 732 ”.
1651 676 1836 745 Neque

258 775 404 828 enim
448 783 629 838 secta,
675 788 850 843 neque
896 772 1074 828 dolata
1133 771 1202 824 ab
1253 768 1492 822 hominis
1530 782 1694 821 manu
1753 775 1837 819 est

259 864 460 918 Christi
493 881 640 926 caro.
677 868 744 919 de
770 880 874 933 qua
925 863 1108 918 Daniel
1153 862 1399 917 dicebat:
1435 859 1701 913 Abscissns
1759 867 1834 910 est

261 958 396 1025 lupis
423 959 485 1010 de
517 966 688 1009 monte
704 957 817 1009 sine
849 956 1088 1008 manibus
1115 955 1183 1016 δ’,
1223 953 1348 1022 quia
1381 952 1500 1005 sine
1550 950 1835 1020 complexu

262 1051 359 1102 viri
385 1059 438 1107 et
471 1049 714 1102 mulieris
735 1057 1031 1116 conceptus
1059 1047 1178 1116 ejus
1210 1045 1474 1114 processit
1522 1054 1576 1096 et
1624 1052 1832 1111 partus.

263 1141 406 1194 Bene
426 1152 606 1195 autem
631 1140 876 1194 addidit:
913 1139 978 1193 Et
1001 1139 1139 1208 quod
1175 1146 1251 1190 est
1272 1146 1396 1190 ante
1440 1136 1626 1188 ostium
1659 1134 1835 1187 taber-

264 1233 436 1286 nacnli
466 1233 762 1288 testimonii
789 1219 846 1287 in
877 1231 1129 1295 circuitu,
1156 1238 1216 1284 ut
1247 1228 1303 1282 in
1332 1227 1588 1282 omnibus
1615 1227 1832 1296 quidem

261 1341 385 1379 cum
408 1325 700 1378 imitemur.
719 1318 870 1378 "Ante
905 1323 1105 1377 ostium
1151 1328 1334 1374 autem
1375 1309 1730 1388 tabernaculi,
1777 1325 1837 1369 ut

262 1414 483 1476 ostium.
515 1414 818 1468 doctrinam
867 1412 1242 1481 apostolorum
1302 1410 1684 1479 intelligamus.
1736 1407 1838 1461 Per

265 1504 435 1572 ipsum
460 1505 602 1558 enim
630 1505 790 1558 nobis
829 1503 887 1557 lit
910 1504 1164 1557 introitus
1203 1502 1257 1555 in
1305 1502 1523 1556 ccelcste
1581 1500 1836 1552 taberna-

261 1595 461 1654 culum.
494 1594 545 1648 in
585 1611 692 1660 quo
738 1594 981 1649 habitare
1011 1593 1178 1647 Deum
1235 1592 1514 1660 Scriptura
1565 1599 1834 1644 testatur:

261 1685 402 1756 quod
429 1685 736 1738 manifestat
767 1683 950 1746 Isaias.
983 1683 1169 1738 dicens
1201 1700 1214 1734 :
1248 1681 1459 1750 Respice
1512 1682 1575 1734 de
1602 1680 1748 1743 ctelo,
1787 1689 1837 1732 et

263 1777 377 1828 vide
431 1778 495 1830 de
541 1787 693 1830 domo
733 1786 918 1831 sancta
977 1776 1158 1846 gloriae
1201 1784 1302 1828 tute
1334 1775 1398 1828 ".
1447 1773 1602 1838 Quod
1654 1781 1834 1828 autem

261 1866 458 1918 ostium
486 1868 854 1934 apostolorum
895 1865 1145 1919 doctrina
1173 1873 1275 1928 est,
1307 1864 1648 1934 apertissime
1695 1863 1833 1917 Pau-

263 1958 348 2011 lus
376 1959 632 2019 ostendit.
663 1983 671 2001 σ
699 1959 884 2012 iocus:
921 1955 1126 2012 Ostium
1167 1957 1305 2009 enim
1334 1972 1571 2021 apertum
1604 1966 1678 2009 est
1727 1972 1836 2008 nta-

262 2066 422 2119 gnum
465 2057 511 2102 et
552 2049 781 2111 euidens,
805 2057 852 2101 et
885 2047 1180 2101 adversarii
1219 2047 1373 2100 multi
1403 2050 1468 2111 ⁸⁸,
1504 2048 1700 2102 ostium
1737 2048 1835 2102 do-

262 2140 490 2192 ctrinam
539 2154 660 2208 quae
709 2138 859 2192 ducit
908 2138 976 2192 ad
1030 2137 1311 2192 scientiam
1351 2137 1465 2198 Dei.
1492 2139 1700 2202 dicens,
1749 2140 1834 2193 cui

261 2229 575 2283 omnimodo
604 2229 693 2297 qui
720 2228 931 2296 diversa
957 2228 1154 2281 docent
1184 2227 1424 2282 obviant.
1471 2226 1615 2280 Nihil
1655 2238 1834 2280 autem

261 2319 458 2372 mirum
485 2327 567 2372 est
592 2321 658 2380 si,
691 2335 812 2372 cum
869 2318 1127 2371 Dominus
1157 2318 1358 2372 ostium
1398 2317 1467 2370 sit
1511 2317 1834 2386 appellatus,

261 2410 517 2465 similiter
549 2411 870 2480 appelletur,
905 2425 1067 2480 q'tam
1106 2411 1226 2478 ipse
1253 2409 1583 2478 impertitur,
1616 2420 1834 2479 aposto-

260 2502 436 2556 lorum
464 2502 728 2557 doctrina.
759 2501 849 2556 Sic
879 2502 1192 2556 sacerdotes
1245 2501 1557 2568 ministrare
1598 2512 1829 2570 oportet.

263 2592 614 2660 Detracthue
650 2591 784 2661 pelle
811 2592 1014 2654 hostias,
1047 2601 1194 2644 artus
1229 2591 1283 2643 in
1321 2591 1489 2660 frusta
1543 2592 1831 2654 concidere,

257 2696 310 2736 et
329 2685 520 2753 pellem
538 2683 754 2754 quidem
775 2683 1077 2745 detrahere,
1101 2691 1160 2735 ut
1176 2682 1397 2743 divitiis,
1416 2680 1643 2749 aliisque
1656 2682 1801 2736 omni
1825 2712 1835 2721 -

257 2773 360 2830 bas
406 2775 755 2828 st-cularibus
797 2774 994 2843 quibus
1047 2773 1512 2842 circumtegimur,
1564 2773 1850 2840 cxspolie»

258 2882 401 2920 mur.
434 2865 657 2936 Propter
676 2867 819 2936 quod
849 2869 916 2919 de
944 2865 1046 2918 Job
1076 2864 1324 2917 diabolus
1344 2863 1555 2918 dicebat
1590 2883 1604 2918 :
1634 2864 1832 2918 Pellem

257 2974 354 3027 pro
384 2957 534 3021 pelle,
563 2967 610 3010 et
637 2958 812 3009 omnia
837 2973 1157 3026 qutecunque
1181 2956 1334 3008 liabet
1365 2959 1536 3016 homo.
1565 2955 1706 3008 dabit
1738 2971 1834 3023 pro

257 3051 438 3102 anima
457 3065 550 3101 sua
586 3049 650 3101 ³³.
679 3048 977 3102 Concidere
1006 3057 1207 3111 autem,
1242 3057 1299 3101 ut
1347 3062 1444 3116 per
1485 3057 1665 3115 partes
1709 3064 1834 3116 par-

1936 590 1986 635 et
2011 581 2369 642 exsultabant.
2439 578 2637 649 inquit.
2705 579 2887 634 omnia
2911 579 3056 651 ligna
3088 579 3341 640 silvarum
3370 596 3402 634 a
3429 581 3516 654 (a-

1937 677 2014 730 cie
2047 676 2274 737 Domini,
2320 675 2568 745 quoniam
2587 675 2722 730 venit
2751 675 2815 729 ⁸⁸.
2856 676 3112 731 Gaudent
3140 676 3287 732 enim
3317 677 3368 732 bl
3421 676 3515 748 qui

1935 765 2147 819 divinas
2174 764 2486 834 Scripturas
2515 765 2870 827 meditantur,
2889 766 3108 833 quando
3133 780 3259 821 eum
3278 766 3515 831 venisse,

1936 857 2024 925 qui
2051 857 2103 910 in
2133 856 2213 909 eis
2236 865 2290 909 et
2317 872 2414 924 per
2439 872 2533 910 eos
2565 858 2920 926 prophetatus
2976 864 3080 920 est,
3121 863 3512 924 cognoverunt.

1938 947 2034 1000 llis
2056 947 2215 1016 jussit
2241 947 2449 1016 imponi
2492 947 2838 1002 concisioues
2856 947 3248 1006 membrorum,
3279 954 3442 1014 caput
3460 952 3516 998 et

1937 1047 2131 1092 etincta
2154 1052 2275 1106 qua:
2305 1037 2796 1106 adhasrentjecori.
2837 1035 2952 1097 Vel.
2991 1039 3133 1090 sicut
3155 1035 3317 1095 LXX.
3350 1045 3516 1104 caput

1937 1139 1994 1182 ct
2016 1129 2229 1197 adipes.
2263 1127 2375 1184 Nos
2448 1143 2577 1181 vero
2624 1143 2719 1198 per
2769 1127 3111 1182 concisiones
3162 1127 3398 1180 animam
3462 1136 3517 1179 et

1936 1230 2134 1285 corpus
2157 1215 2507 1285 intelligimus
2531 1234 2546 1282 ;
2573 1232 2696 1270 cum
2729 1216 2874 1270 enim
2908 1216 3068 1269 unius
3103 1216 3214 1270 sint
3239 1216 3512 1280 animalis,

1936 1307 2234 1361 secundum
2254 1307 2601 1377 operationes
2634 1308 2947 1376 passionum
3001 1307 3235 1360 invicem
3288 1307 3390 1372 sibi
3417 1303 3516 1362 ad-

1938 1406 2227 1452 versantur
2260 1412 2274 1460 ;
2303 1395 2438 1448 dicit
2477 1395 2623 1448 enim
2666 1396 2962 1465 Apostolus
2993 1413 3004 1447 :
3035 1394 3172 1449 Caro
3203 1395 3516 1463 concupiscit

1937 1489 2185 1541 adversus
2222 1487 2488 1556 spiritum,
2551 1488 2769 1556 spiritus
2821 1487 3072 1542 adversus
3118 1500 3350 1540 carnem.
3393 1487 3520 1537 Ila'c

1937 1580 2070 1632 enim
2096 1580 2312 1631 invicem
2332 1577 2429 1630 sibi
2458 1577 2807 1631 adversantur
2831 1578 2896 1630 δ’.
2927 1577 3219 1646 Propterea
3245 1576 3516 1647 Abraham

1938 1687 2060 1725 cum
2096 1670 2316 1725 olferret
2349 1670 2678 1725 Sacriﬁcium
2740 1670 2870 1733 Deo,
2905 1670 3157 1724 dividens
3187 1685 3429 1731 vaccam,
3464 1679 3519 1722 et

1941 1778 2178 1832 capram,
2210 1770 2264 1816 et
2292 1762 2542 1827 arietem,
2571 1761 2870 1815 divisiones
2933 1771 3126 1815 contra
3159 1778 3217 1815 se
3265 1761 3517 1815 altrinse-

1939 1871 2038 1910 cus
2070 1853 2266 1920 posuit.
2304 1854 2484 1923 Caput
2521 1861 2704 1908 autem
2738 1854 2919 1908 omnis
2949 1854 3231 1908 rationalis
3259 1853 3521 1908 animalis

1939 1962 2095 2001 mens
2131 1946 2352 2011 dicitur,
2375 1954 2596 2014 propter
2618 1945 2762 2014 quod
2820 1945 2985 2000 Isaias
3011 1947 3147 2000 dixit
3175 1964 3188 2000 :
3230 1948 3394 1998 Omne
3425 1961 3516 1997 ca-

1938 2048 2031 2109 put
2055 2038 2395 2108 languidum.
2423 2047 2472 2091 et
2506 2053 2659 2090 omne
2691 2053 2780 2089 cor
2831 2053 3069 2100 "uerens,
3098 2054 3129 2090 a
3162 2036 3347 2105 planta
3372 2036 3522 2106 pedis

1939 2145 2099 2199 usque
2131 2130 2202 2182 ad
2232 2129 2474 2182 verticem
2499 2144 2599 2181 non
2627 2138 2700 2182 est
2741 2130 2795 2181 in
2848 2145 2907 2182 eo
2936 2129 3141 2182 sanitas
3171 2129 3236 2181 δ’.
3267 2127 3516 2196 Computt

1938 2224 2083 2273 enim
2112 2219 2213 2275 'sibi
2246 2220 2408 2272 nimis
2440 2220 2556 2274 haec
2601 2220 2834 2272 invicem
2869 2220 3151 2285 dicuntur,
3175 2230 3231 2275 et
3255 2221 3519 2279 rationale

1937 2321 2205 2379 nostrum,
2240 2322 2429 2381 utpote
2457 2311 2510 2365 in
2543 2321 2773 2381 utroque
2806 2313 3077 2375 habitans,
3117 2314 3400 2383 utriusque
3434 2313 3518 2368 lo-

1938 2419 2096 2464 vctnr
2134 2411 2327 2465 salute.
2352 2409 2410 2464 In
2437 2421 2664 2478 utroque
2689 2418 2867 2461 autem
2892 2406 3119 2469 habitat,
3147 2406 3202 2458 in
3222 2406 3384 2459 corde
3411 2405 3519 2459 sci-

1938 2501 2064 2556 licet
2084 2513 2134 2554 et
2161 2504 2213 2554 in
2237 2503 2483 2563 cert-beo,
2511 2501 2633 2570 quia
2654 2517 2760 2554 non
2782 2509 2995 2569 Oportet
3013 2507 3253 2552 mentem
3279 2497 3517 2552 sobriam

1935 2594 2099 2647 dividi
2124 2634 2139 2656 ,
2169 2595 2262 2648 sed
2297 2595 2466 2662 ipsam
2493 2613 2521 2645 ει
2556 2609 2685 2661 pace
2720 2593 2812 2646 Dei
2855 2590 3185 2646 custoditam
3214 2630 3229 2654 ,
3262 2588 3407 2643 sicut
3445 2593 3521 2643 ait

1935 2685 2260 2753 Apostolus:
2287 2683 2348 2735 Et
2364 2700 2472 2752 pax
2488 2683 2604 2746 Dei,
2627 2697 2742 2751 qua:
2762 2687 3044 2750 exsuperat
3061 2695 3265 2731 onmem
3287 2694 3516 2740 sensum,

1935 2776 2194 2829 custodiat
2211 2776 2367 2828 corda
2390 2784 2580 2836 restra,
2601 2783 2649 2826 et
2671 2770 3044 2840 intelligentias
3067 2778 3264 2822 uestras
3281 2767 3349 2831 ",
3373 2768 3524 2822 tolli-

1933 2881 2061 2936 gere
2073 2865 2353 2932 oportetin
2373 2880 2540 2917 unum
2560 2865 2804 2932 corporis
2821 2873 2874 2915 et
2889 2857 3082 2914 animm
3105 2860 3522 2926 tttotum.Adeps

1933 2965 2113 3010 autem
2136 2974 2165 3008 a
2189 2955 2550 3009 divisionibus
2573 2970 2683 3007 non
2715 2955 2834 3007 sine
2858 2967 3024 3006 causa
3052 2959 3361 3027 separatur,
3391 2963 3518 3002 cum

1943 3047 2211 3104 aestimari
2231 3033 2472 3118 oportet,
2498 3048 2648 3117 quia,
2673 3054 2861 3114 utpote
2896 3043 2987 3113 qui
3020 3044 3072 3096 in
3107 3042 3239 3111 ipsis
3266 3049 3370 3104 est,
3398 3056 3519 3092 cum

260 3151 448 3210 tesque
475 3148 658 3193 nostra
687 3142 1026 3196 conversatio
1063 3140 1412 3209 approbetur.
1443 3141 1570 3210 quia
1591 3149 1645 3194 et
1680 3141 1829 3193 Chri-
1860 3166 1902 3222 ε
1940 3141 2070 3210 ipsis
2097 3140 2320 3194 deberet
2349 3139 2572 3203 oll‘erti;
2605 3138 2697 3192 sed
2731 3137 2857 3205 quia
2893 3132 3250 3219 pinguissima
3283 3147 3409 3201 purs
3463 3138 3522 3184 et

257 3244 398 3296 stus,
427 3233 568 3286 sicut
591 3233 665 3286 ait
695 3232 910 3295 Paulus,
936 3233 1217 3284 secundum
1239 3233 1592 3298 operationem
1620 3233 1672 3285 in
1693 3247 1832 3285 men-

257 3342 440 3378 suram
490 3325 899 3393 uniuscujusque
938 3325 1154 3376 membri
1219 3334 1560 3393 augmentum
1598 3324 1834 3390 corporis

259 3417 385 3485 facit
416 3416 472 3467 in
493 3417 890 3483 aediﬁcationem
933 3416 1015 3468 sui
1044 3416 1096 3467 in
1141 3415 1477 3468 cltaritate“.
1519 3415 1672 3468 Tunc
1709 3430 1837 3484 ergo

259 3506 358 3558 ﬁlii
388 3507 565 3558 Aaron
586 3506 885 3560 sacerdotis
919 3504 1028 3575 (qui
1058 3513 1240 3558 autem
1276 3502 1332 3557 hi
1361 3507 1472 3558 sint
1503 3519 1666 3574 supra
1698 3505 1837 3558 dixi-

258 3599 412 3665 mus)
435 3597 709 3662 subiit-ient
745 3597 907 3650 altari
929 3599 1118 3665 ignem.
1158 3596 1352 3665 Utpote
1378 3597 1834 3652 ministrationem

258 3688 486 3755 Spiritus
510 3687 828 3756 plenissime
855 3688 1099 3741 valentes
1115 3687 1436 3741 accendere.
1475 3689 1541 3740 lit
1562 3691 1836 3756 quomodo

260 3779 582 3833 liabeltimus
604 3779 778 3848 ignem
804 3777 896 3847 qui
919 3779 1140 3832 minime
1167 3779 1578 3846 exstinguatur?
1620 3778 1833 3832 Struem

258 3867 367 3940 lign
392 3883 526 3921 trum
551 3878 959 3937 componentes,
991 3868 1199 3922 scilicet
1246 3880 1555 3924 sant-tarum
1588 3869 1833 3940 Scriptu-

259 3974 445 4016 rarum
467 3961 846 4015 meditationes
877 3971 1060 4032 atque
1111 3961 1424 4018 doctrinas:
1449 3978 1544 4032 per
1564 3963 1660 4017 has
1689 3965 1834 4018 enim

259 4054 748 4124 nutriturspiritus
806 4053 917 4117 Dei,
972 4062 1028 4108 et
1075 4055 1334 4109 continue
1387 4057 1722 4120 accenditur,
1779 4067 1833 4110 ut

261 4146 574 4203 turbinibus
606 4146 956 4200 adversarum
1013 4153 1343 4214 potestatum
1412 4147 1679 4217 exstingui
1723 4163 1835 4202 ιιιιιι

259 4237 463 4308 possit;
495 4245 714 4306 propter
745 4236 888 4306 quod
921 4243 976 4289 et
1007 4233 1204 4290 Paulus
1255 4235 1472 4292 dicebat
1575 4235 1835 4307 Spiritum

261 4335 422 4389 nolite
445 4332 1118 4403 exstinguereﬁpropltetias
1162 4332 1321 4384 nolite
1353 4348 1597 4400 spernere
1622 4333 1687 4386 ³⁸.
1727 4333 1834 4387 Nec

259 4427 569 4480 mirandum
620 4435 721 4485 est,
775 4423 820 4477 si
873 4423 1013 4492 ligna
1057 4432 1371 4475 sanctarum
1425 4423 1830 4492 Scripturarum

1941 3233 2103 3285 nimis
2127 3232 2362 3286 crassior
2392 3232 2571 3284 omnis
2604 3228 2858 3282 antnialis
2889 3225 3229 3296 adeps'esse
3291 3221 3516 3283 dicitur,

1938 3340 2004 3377 ex
2033 3324 2151 3393 ipso
2181 3332 2365 3378 autem
2412 3320 2568 3375 nobis
2596 3318 2991 3374 desideriorum
3025 3322 3327 3383 exsurgunt
3355 3320 3520 3380 stque

1936 3426 2350 3469 commoventur
2381 3421 2695 3481 appetitus,
2771 3410 2916 3478 quod
2961 3407 3312 3461 inanitestum
3347 3419 3426 3457 est
3453 3419 3518 3456 ex

1937 3525 2004 3562 eo
2055 3507 2198 3578 quod
2229 3507 2538 3575 superjacet
2567 3504 2790 3557 renibus
2848 3512 2903 3556 et
2927 3499 3262 3571 inguinibus.
3293 3512 3412 3566 quis
3432 3513 3517 3552 or-~

1937 3614 2074 3669 gana
2121 3614 2220 3650 seu
2265 3599 2628 3649 instruntenia
2687 3608 2811 3646 esse
2864 3594 3134 3645 seminum
3183 3587 3521 3643 commistio-

1938 3702 2176 3756 numque
2200 3683 2697 3754 putan:ur.auferri
2725 3684 2871 3736 hunc
2895 3698 2924 3734 a
2948 3681 3057 3734 divi
3081 3680 3312 3733 .ionihus
3333 3678 3519 3746 jussit,

1939 3795 2040 3834 nec
2064 3780 2208 3833 enim
2237 3779 2398 3832 aliter
2428 3786 2644 3847 poterat
2697 3777 2872 3829 solum
2929 3771 3134 3825 oﬂ'erri.
3182 3769 3398 3824 Aul'erri
3427 3786 3524 3823 au-

1941 3883 2072 3936 tem,
2110 3881 2169 3925 ut
2200 3872 2476 3926 dist-anius
2499 3867 2788 3924 desideriis
2815 3881 2925 3920 non
2964 3863 3320 3934 corporaliter
3346 3875 3525 3931 neque

1935 3963 2240 4018 anitnaliter
2268 3961 2368 4024 uti,
2399 3964 2495 4016 sed
2531 3960 2870 4030 spiritaliter,
2901 3967 2960 4012 ut
2985 3961 3097 4010 sola
3130 3954 3398 4026 spiritalia
3423 3955 3523 4008 de-

1937 4053 2263 4113 sideremus.
2290 4062 2345 4107 et
2370 4069 2589 4108 omnem
2614 4052 2918 4122 appetitum
2952 4051 3007 4106 in
3036 4049 3117 4104 eis
3149 4057 3392 4117 ctusque
3457 4048 3522 4102 ad

1936 4165 2001 4205 ea
2049 4150 2427 4209 extendamus.
2479 4157 2698 4219 quaet
2733 4145 2987 4201 animalis
3033 4150 3186 4200 homo
3249 4160 3352 4197 non
3398 4158 3524 4213 per-

1940 4243 2074 4313 cipit
2124 4258 2186 4296 ca
2233 4258 2350 4314 qua:
2386 4251 2506 4296 sunt
2526 4241 2764 4310 spiritus.
2811 4238 3037 4294 stultitia
3072 4245 3146 4290 est
3177 4235 3315 4289 cuius
3344 4232 3422 4288 illi
3455 4234 3522 4288 ⁸³.

1936 4335 2076 4404 Ergo
2098 4335 2388 4388 animalem
2417 4334 2598 4387 dicere
2633 4332 2832 4386 l’aulus
2857 4330 3076 4385 videtur
3118 4343 3244 4383 cum
3272 4326 3392 4405 _qul
3413 4341 3518 4381 non

1937 4427 2166 4481 multum
2197 4427 2264 4480 de
2287 4425 2602 4480 carnalibus
2626 4425 2830 4493 rogitat
2878 4423 2958 4491 (et
2988 4422 3109 4475 ideo
3139 4419 3373 4473 carnalis
3413 4433 3522 4472 non

257 4513 536 4570 doctrinas
566 4512 872 4574 docuimus,
910 4527 1032 4564 cum
1063 4511 1353 4586 legerimus
1405 4512 1458 4564 in
1480 4512 1716 4580 Epistola
1766 4513 1832 4568 ad
1870 4513 1910 4564 Ο
1938 4518 2390 4587 estappellztlus),
2415 4516 2510 4571 sed
2543 4517 2786 4569 animum
2817 4530 2944 4583 erga
2989 4527 3130 4565 vana
3162 4510 3430 4564 desideria
3467 4517 3524 4563 et

258 4604 574 4659 Corinthios
609 4622 620 4656 :
654 4601 842 4672 Liqna,
875 4603 1073 4672 fenum,
1120 4601 1344 4670 stipulas
1371 4603 1432 4662 “,
1465 4603 1633 4656 malas
1663 4605 1836 4658 aetio-

260 4713 360 4752 nes
407 4698 491 4752 vel
542 4698 818 4751 doctrinas
851 4694 1200 4764 signiﬁcatas.
1265 4695 1370 4749 Sed
1408 4696 1674 4766 lignorum
1733 4697 1838 4750 al;a

259 4790 479 4859 quidem
513 4778 964 4852 suntlructnosa,
1021 4804 1146 4841 nam
1194 4786 1463 4843 leremias
1515 4786 1583 4838 de
1615 4801 1682 4840 eo
1744 4788 1835 4855 qui

259 4878 486 4932 conlidit
521 4878 576 4931 in
609 4877 718 4931 Deo
749 4877 919 4933 dixit:
952 4878 1017 4930 Et
1081 4879 1180 4930 erit
1229 4877 1382 4946 quasi
1433 4876 1632 4944 lignum
1699 4881 1838 4948 quod

220 4970 226 4976 ’
261 4971 684 5039 transplantatur
712 4987 868 5038 super
892 4987 1080 5041 aquas,
1113 4975 1250 5041 quod
1290 4971 1361 5022 ad
1384 4970 1653 5023 humorem
1676 4973 1838 5023 mittit

260 5064 467 5116 radices
497 5079 622 5116 suas
647 5064 710 5115 ⁸⁷.
748 5063 902 5127 Quod
941 5073 1123 5116 autem
1188 5078 1286 5132 per
1343 5063 1486 5134 ligna
1533 5063 1837 5126 fructifera,

261 5165 410 5210 recte
434 5155 712 5212 meditatio
737 5170 1012 5209 sacrarum
1044 5155 1446 5224 Scripturarum
1481 5155 1838 5226 intelligatur,

259 5255 448 5315 aperte
483 5244 639 5299 nobis
661 5245 826 5300 David
849 5245 1185 5298 demonstrat
1229 5247 1328 5298 :de
1359 5262 1425 5299 eo
1452 5262 1618 5305 emm,
1655 5248 1744 5313 qui
1783 5249 1836 5300 in

260 5337 373 5402 lege
402 5336 611 5389 Domini
643 5332 928 5389 meditatur
961 5337 1046 5389 die
1077 5353 1139 5389 ac
1166 5347 1312 5389 nocte
1342 5338 1407 5400 ⁸⁸,
1437 5337 1576 5400 Erit,
1604 5339 1700 5396 ait.
1733 5341 1841 5392 sic-

262 5439 320 5482 ut
347 5428 544 5499 lignum
581 5427 716 5498 quod
745 5426 1046 5495 plantatum
1081 5438 1154 5480 est
1194 5443 1340 5481 secus
1393 5430 1640 5481 decursus
1670 5447 1844 5501 aqua-

359 5660 401 5688 ”
432 5659 588 5722 lbid.,
623 5658 712 5710 i5.

262 5732 310 5763 ³⁵
340 5731 353 5781 Ι
380 5728 568 5783 Thess.
605 5747 654 5790 ν,
690 5729 782 5783 19.

265 5801 423 5867 v,1'l.
499 5799 540 5829 δι
572 5799 671 5857 lsa.
701 5815 738 5864 l,
767 5801 854 5853 ε..

791 5658 834 5689 ³⁸
869 5656 1001 5712 Dan.
1063 5676 1125 5722 ll,
1167 5661 1256 5714 δι.

862 5730 907 5760 ⁸⁸
944 5731 960 5783 ι
988 5731 1114 5783 (lor.
1159 5747 1238 5791 Ill.
1263 5732 1346 5784 12.
1429 5733 1470 5762 ³⁷
1500 5732 1525 5786 J
1553 5748 1701 5784 rem.
1745 5748 1874 5796 xm,

941 5804 981 5837 δ’
1020 5799 1132 5858 Phi
1160 5817 1248 5874 pp.
1278 5817 1349 5868 tv,
1405 5803 1454 5856 τ.

1352 5661 1393 5691 ³¹
1433 5661 1536 5719 lsa.
1591 5676 1744 5725 ant,
1804 5663 1890 5716 15.

1938 4611 2269 4680 quaestiones
2299 4617 2548 4677 occupat.
2584 4607 2736 4660 verbi
2773 4609 2966 4677 gratia,
3006 4605 3059 4657 in
3089 4601 3360 4657 mensuris
3375 4601 3523 4662 caeli,

1942 4714 1998 4757 et
2038 4712 2309 4755 astrorum
2358 4700 2631 4762 numeris,
2688 4705 2745 4751 et
2795 4697 2996 4750 similia
3055 4693 3522 4765 philosophantes,

1939 4795 2032 4864 qui
2064 4793 2366 4848 forinsecus
2393 4808 2648 4863 magnum
2699 4790 2956 4843 videntur
2991 4803 3116 4857 erga
3140 4785 3377 4838 animam
3410 4781 3526 4836 stu-

1940 4885 2438 4954 diumimpendere.
2473 4885 2696 4953 Propter
2723 4880 2872 4950 quod
2899 4887 2954 4933 et
2983 4893 3170 4932 eorum
3199 4873 3524 4944 sapientiam

1941 4977 2253 5040 animalem,
2295 4976 2640 5037 diabolicam,
2699 4981 2994 5032 tet-renum,
3049 4984 3161 5022 non
3229 4975 3412 5019 autem
3457 4964 3528 5017 de

1942 5066 2319 5135 superioribus
2347 5064 2791 5123 descendentem,
2850 5075 2920 5114 ex
2958 5060 3161 5128 quibus
3222 5054 3518 5111 descendit

1943 5160 2188 5229 spiritus.
2218 5158 2454 5212 lacubus
2483 5154 2794 5224 appellavit,
2839 5153 3040 5222 quibus
3077 5149 3306 5204 stultitia
3333 5156 3418 5201 est
3461 5162 3526 5199 ea

1944 5265 2063 5318 qua:
2084 5258 2212 5302 sunt
2232 5249 2488 5316 spiritus;
2523 5260 2631 5297 non
2661 5244 2810 5297 enim
2842 5259 2906 5297 ea
2945 5248 3175 5311 possunt
3199 5238 3526 5308 intelligere,

1947 5340 2072 5411 quia
2101 5340 2418 5408 Spirituliter
2445 5354 2553 5391 non
2585 5337 2921 5390 exatninant.
2951 5334 3092 5403 Ergo
3123 5330 3524 5402 intelligibilent

1953 5431 2197 5500 adipem.
2233 5431 2284 5484 id
2307 5441 2413 5495 est,
2455 5445 2622 5484 omne
2651 5438 2901 5482 nostrum
2923 5425 3201 5480 desideriu
3226 5444 3278 5487 ιι,
3308 5437 3402 5476 seu
3426 5437 3527 5488 ap-

3054 5650 3097 5689 ”
3123 5644 3330 5720 Ephcs.
3358 5663 3436 5720 iv,
3469 5649 3520 5720 7,

1986 5661 2030 5692 ³⁸
2063 5658 2233 5715 lCor.
2287 5678 2400 5723 xvr,
2452 5660 2505 5714 9.
2611 5658 2655 5689 ³⁸
2698 5658 2801 5719 Job
2830 5658 2964 5718 ΝΑ.
3054 5658 3097 5689 δ’
3123 5658 3330 5720 Ephes.
3367 5663 3436 5706 tv,
3469 5658 3520 5709 7.

1986 5771 1992 5776 _
2085 5732 2128 5762 ιι
2159 5728 2306 5776 om-
2345 5750 2381 5776 ι-
2415 5733 2468 5776 2-
2497 5731 2550 5776 ε,
2647 5725 2864 5776 ³³Ρςιὶ.
2922 5737 3038 5776 xcv.
3085 5720 3181 5776 12.
3283 5716 3522 5776 ωεξηελ

1942 5733 1992 5786 8.
2085 5732 2128 5762 δ’
2159 5728 2306 5790 Psal.
2345 5750 2384 5797 ι,
2415 5733 2468 5792 2,
2497 5731 2550 5784 5.

2611 5657 2890 5781 “’35:?
3054 5656 3181 5774 "1:1

1550 5800 1647 5856 "l
1708 5800 1834 5856 Cor.
1901 5820 1960 5865 ll,
1998 5801 2086 5859 44.
