4218 6448
706 400 816 467 799

1896 399 2091 460 HESY
2092 400 2259 461 CIIII
2308 398 2785 459 PRESBYTER!

710 512 941 583 petitum
962 526 1159 569 vacare
1178 511 1323 569 circa
1348 508 1601 581 spiritum
1651 508 1829 579 iubet.
1880 518 1941 563 et
1996 520 2284 580 propterea
2316 512 2361 569 Α
2392 506 2955 567 Verennianus.
3002 504 3187 557 otium
3243 499 3563 554 memoria-
3606 496 3853 557 l‘ecissd.
3914 500 3991 548 aes

711 621 823 660 non
850 620 977 658 cum
1008 604 1397 665 ditisionibus,
1426 602 1520 656 sed
1578 616 1677 671 per
1708 615 1769 655 se
1799 601 2013 655 oIerri.
2054 602 2291 655 Verum-

712 702 895 749 tamen
918 693 1307 755 etdivisioaes,
1341 700 1399 747 et
1412 700 1595 761 caput,
1614 700 1670 745 et
1693 690 1935 759 adipem.
1958 706 2125 759 super
2144 690 2291 759 ligna

711 785 913 839 auibus
942 784 1082 851 ignis
1110 784 1393 852 subiectos
1419 792 1527 846 est,
1584 796 1815 851 quantae
1860 791 1991 835 sunt
2022 796 2191 851 super
2217 782 2295 833 ai-

716 884 853 933 tare.
878 877 1161 945 imponere
1182 876 1360 943 jubet,
1392 882 1452 928 ut
1478 888 1699 928 omnem
1736 882 1985 927 nostrast
2012 872 2295 926 hominem

714 968 1007 1036 scripturis
1064 966 1422 1036 spiritalibus.
1487 981 1610 1035 que
1666 966 1736 1019 de
1808 965 2137 1035 intelligibiii
2209 965 2295 1019 ai-

716 1060 818 1111 tari
886 1060 1132 1126 corporis
1198 1056 1411 1111 Dornini
1476 1056 1639 1110 dict:
1710 1064 1873 1119 sunt,
1956 1065 2296 1124 coaptemus,

715 1149 1017 1203 modum
1072 1149 1195 1218 ejus
1242 1149 1491 1203 viventes
1552 1162 1651 1202 seu
1718 1156 2115 1202 conversantes
2171 1147 2299 1200 imi-

718 1251 771 1295 ta
798 1240 998 1293 ioue-tn.

792 1332 1063 1387 lntestim’s
1095 1338 1272 1385 autern
1306 1338 1355 1383 et
1386 1329 1602 1397 pedibus
1638 1330 1758 1384 lotis
1773 1347 1940 1401 aqua,
1978 1330 2122 1400 quod
2159 1329 2299 1384 LXX

719 1424 893 1477 edunt
918 1440 930 1475 :
962 1421 1169 1492 liaqua:
1187 1432 1311 1477 sunt
1331 1422 1385 1476 in
1412 1434 1623 1487 ventre,
1655 1432 1711 1476 ct
1734 1423 1903 1492 pedes
1925 1438 2064 1493 aqua
2094 1424 2299 1487 lavent,

725 1526 823 1582 per
849 1528 911 1565 ca
945 1526 1067 1581 qu:e
1098 1511 1153 1565 in
1192 1520 1383 1566 ventre
1432 1518 1582 1575 sunt,
1630 1512 1845 1565 abditas
1866 1519 1923 1564 et
1958 1511 2191 1565 latentes
2210 1527 2305 1565 co-

724 1604 1016 1673 gitationu
1059 1603 1435 1675 signiﬁcantes
1495 1603 1548 1657 in
1622 1612 1818 1658 ventre
1880 1605 2121 1669 aninnc,
2177 1605 2303 1673 quia

724 1707 916 1749 venter
938 1696 1133 1749 animae
1157 1710 1253 1748 cor
1284 1706 1387 1750 est.
1420 1694 1577 1751 Unde
1624 1706 1680 1751 et
1736 1696 2002 1750 Jeremias
2049 1697 2301 1750 diccbat:

732 1784 970 1839 Ventrem
1006 1800 1201 1849 meum,
1225 1795 1455 1838 murem
1480 1801 1652 1837 nteant
1681 1785 1830 1838 doleo
1848 1785 1914 1849 ⁸⁷⁵,
1946 1802 2110 1855 quem
2168 1784 2303 1838 ven;

728 1884 867 1931 trem
890 1875 1005 1943 ipse
1036 1874 1346 1929 subinlert:
1379 1874 1445 1927 Et
1466 1890 1648 1928 sensus
1665 1877 1839 1929 cordis
1870 1853 1977 1929 mei
2007 1877 2304 1930 conturbuti
2338 1853 2377 1908 ῃ

726 1972 869 2017 sunt.
895 1961 1068 2015 l’edes
1095 1969 1278 2015 autem
1314 1960 1580 2025 actiones,
1609 1962 1735 2030 quia
1770 1964 2307 2033 prophetepmsens

731 2053 994 2107 szculum
1028 2053 1192 2107 vitam
1214 2052 1488 2121 appellare
1515 2064 1939 2112 consueverunt.
1969 2054 2039 2107 ita
2059 2063 2117 2106 ut
2142 2055 2308 2107 liavid

730 2144 941 2199 diceret
972 2162 985 2199 :
1022 2143 1173 2198 Beati
1213 2141 1545 2197 immaculati
1596 2145 1649 2196 in
1677 2144 1787 2208 nia,
1817 2146 1907 2215 qui
1934 2145 2211 2197 authulant
2254 2145 2312 2197 in

734 2236 846 2307 lege
877 2234 1089 2290 Domini
1118 2236 1186 2297 “,
1210 2235 1263 2289 id
1291 2245 1395 2300 est,
1428 2237 1522 2306 qui
1566 2236 1621 2289 in
1657 2237 1773 2306 lege
1838 2237 2052 2291 Domini
2076 2252 2312 2306 operan-

738 2338 846 2382 tur.
878 2325 1003 2379 Vult
1031 2342 1161 2393 ergo
1189 2342 1289 2381 nos
1313 2328 1474 2382 simul
1516 2343 1641 2381 cum
1694 2328 2003 2383 actionibus
2060 2338 2118 2382 ct
2170 2329 2317 2400 cogi-

740 2418 1195 2501 tationcsdiluere
1224 2435 1383 2489 aqua,
1413 2421 1527 2475 sive
1559 2420 1837 2490 baptismi,
1861 2422 1977 2474 sive.
1998 2421 2315 2491 lletus.qui:t

740 2517 797 2563 ct
828 2497 1336 2579 decogimtionilms
1362 2512 1439 2566 rei
1469 2513 1521 2565 itt
1557 2513 1767 2581 judicio
1791 2523 2061 2567 tenentur.
2087 2514 2140 2566 Si
2171 2497 2319 2568 euitit

743 2601 832 2670 qui
854 2605 1105 2654 irascitur
1126 2602 1284 2671 fratri
1301 2618 1394 2655 suo
1415 2603 1533 2657 sine
1559 2619 1721 2657 causa
1749 2621 1867 2657 reus
1886 2614 1959 2657 est
1990 2605 2236 2674 geheume
2253 2607 2319 2670 “,

745 2693 823 2749 ira
846 2702 1027 2748 autem
1048 2694 1244 2749 auimre
1265 2704 1347 2749 est
1374 2705 1577 2756 motus,
1608 2712 1717 2749 non
1750 2698 1915 2750 debet
1942 2698 2030 2750 hic
2059 2714 2121 2751 ex
2149 2699 2323 2752 actio-

744 2801 813 2838 ne
861 2783 1281 2853 iudiciutn?Scd
1342 2803 1465 2842 cum
1516 2796 1662 2841 tanta
1714 2788 1963 2850 dixisset,
2026 2775 2365 2859 tegis-lano-”

747 2890 871 2927 nent
900 2891 1050 2927 suam
1088 2874 1152 2929 ad
1194 2891 1359 2930 unum
1397 2879 1668 2946 breveque
1691 2878 1959 2931 conclusit
1986 2894 2001 2941 ;
2032 2879 2107 2931 ait
2134 2879 2322 2934 enim:

822 2965 1157 3035 titlolcbitque
1186 2984 1246 3020 ea
1286 2970 1526 3022 sacerdos
1549 2985 1706 3037 super
1737 2970 1912 3022 altare
1959 2970 2017 3021 in
2070 2970 2327 3023 holocau-

747 3067 907 3121 stum,
939 3067 986 3109 et
1008 3074 1225 3112 suavem
1255 3058 1465 3112 odorem
1526 3059 1766 3112 Domino.
1820 3060 1962 3129 Ergo
1992 3060 2212 3129 quando
2238 3076 2328 3115 sa-

2394 603 2542 657 enim
2584 619 2601 654 :
2628 600 2689 654 Si
2716 609 2895 652 autem
2925 606 2991 651 de
3018 599 3201 650 oribus
3246 604 3323 647 ess
3377 594 3575 646 ablatis
3598 634 3617 654 ,
3682 591 3993 644 subintaitt

2394 694 2536 747 aliud
2566 690 2787 754 animal,
2818 691 2873 743 id
2906 700 2993 744 est
3020 703 3353 757 caprarum;
3388 686 3521 739 dicit
3552 684 3699 738 enim
3728 685 3809 735 sic
3854 700 3873 733 :
3916 682 3991 733 De

2394 786 2573 839 oribus
2598 794 2649 837 et
2682 785 2747 836 de
2774 784 2971 851 capris.
3024 780 3241 847 Quanta
3266 789 3451 833 ante.
3506 778 3652 829 inter
3678 790 3883 841 capras
3932 786 3991 825 et

2395 890 2528 929 oves
2562 873 2871 927 didereutia
2902 874 2995 933 sit,
3014 870 3363 941 apertissime
3394 882 3495 920 nos
3529 864 3797 917 Dominus
3822 862 3993 915 Iesus

2399 970 2605 1030 docuit,
2647 969 2777 1022 dum
2810 967 2881 1021 de
2936 966 3416 1021 etis-summatim":
3461 961 3647 1016 seculi
3684 968 3987 1012 narrant:

2400 1060 2492 1130 qui
2519 1060 2651 1113 dum
2684 1074 2818 1112 oves
2863 1074 2894 1111 a
2939 1058 3153 1112 dextris
3193 1056 3505 1117 statuisset,
3538 1052 3991 1106 bcualictio-eas

2400 1154 2483 1209 eis
2502 1154 2774 1223 iustorum
2800 1151 3062 1211 subdidit,
3084 1150 3270 1204 italos
3298 1158 3481 1201 autem
3510 1162 3541 1197 a
3570 1144 3833 1199 sinistris.
3852 1157 3993 1194 cos:-

2403 1255 2644 1313 traquos
2672 1244 3005 1298 sententiam
3058 1240 3207 1294 illam
3264 1237 3569 1293 terribilem
3624 1244 3989 1302 poculoru-

2404 1336 2628 1407 protulit
2650 1336 2717 1387 ⁸³.
2744 1334 2899 1389 Sicut
2919 1349 3052 1403 ergo
3076 1332 3329 1386 licetnon
3356 1329 3535 1383 solum
3562 1325 3874 1383 deovibus,
3896 1322 3991 1373 sed

2403 1440 2459 1485 et
2497 1430 2566 1483 de
2594 1428 2778 1496 capris
2792 1425 2998 1489 oderri,
3027 1434 3085 1478 et
3110 1422 3319 1477 oblatio
3341 1420 3412 1474 de
3428 1419 3723 1489 pecoribus
3750 1416 3993 1475 dicitur,

2405 1526 2485 1578 sic
2514 1532 2567 1576 et
2594 1537 2720 1575 eum
2750 1520 2843 1589 qui
2870 1534 2939 1573 ex
2981 1516 3368 1587 peccatoribus
3424 1522 3531 1574 est,
3591 1509 3863 1580 possibile
3911 1520 3993 1560 t-st

2408 1614 2741 1684 simplicitati
2777 1627 2998 1681 operam
3053 1610 3206 1671 dare,
3237 1617 3293 1661 et
3330 1606 3488 1675 quasi
3536 1618 3696 1658 orem
3760 1602 3994 1663 lactant,

2406 1707 2880 1761 conversationem
2901 1718 3058 1756 suam
3090 1701 3145 1754 in
3200 1701 3583 1753 holocaustum
3603 1695 3809 1748 oderre
3851 1693 3996 1746 Deo:

2407 1801 2535 1868 quia
2567 1798 2713 1851 enim
2742 1795 2878 1848 ttibil
2904 1793 3130 1863 impedit
3150 1791 3218 1845 ad
3270 1787 3687 1857 adipiscendam
3718 1784 3999 1852 insitiva-

2410 1891 2611 1942 tionem
2640 1895 2988 1955 pectatoretn
3018 1881 3339 1951 quempiam
3384 1878 3577 1938 fuisse,
3603 1874 3866 1944 quamvis
3896 1873 3999 1924 hoc

2408 1980 2578 2033 Judaei
2608 1992 2717 2030 non
2741 1983 2995 2041 putarent
3019 2015 3033 2036 ,
3065 1973 3191 2026 audi
3212 1970 3392 2040 qualia
3422 1985 3523 2039 per
3554 1964 4005 2031 Ezechielispro-

2413 2072 2650 2141 plteliam
2686 2066 2838 2122 dixit.
2869 2064 3008 2119 Cum
3036 2066 3183 2119 enim
3210 2065 3265 2117 in
3286 2061 3471 2116 multis
3500 2062 3753 2113 invertus
3795 2056 4002 2111 fuisset

2411 2172 2601 2220 eontra
2630 2162 2914 2230 iniustum,
2944 2169 3000 2212 ct
3029 2158 3281 2219 dixisset,
3311 2154 3482 2209 Morte
3534 2152 3823 2211 moriatur,
3875 2163 4005 2201 m-

2414 2257 2529 2328 guis
2573 2254 2685 2322 ejus
2709 2268 2866 2319 super
2892 2252 3065 2320 ipsum
3091 2249 3188 2301 erit
3222 2288 3238 2310 ,
3296 2247 3413 2300 [nec
3466 2244 3633 2299 etiam
3696 2240 3950 2295 subdidit
3990 2251 4005 2287 :

2416 2348 2567 2413 Quod
2600 2348 2645 2399 si
2671 2344 2907 2415 genuerit
2932 2342 3103 2410 ﬁlium
3145 2342 3235 2410 qui
3259 2380 3274 2402 ,
3298 2340 3478 2393 videns
3533 2338 3713 2390 omnia
3781 2342 4008 2403 peccata

2418 2438 2585 2507 patris
2624 2436 2706 2489 sui
2733 2450 2849 2505 qua:
2896 2433 3039 2503 fecit,
3095 2448 3199 2484 non
3241 2430 3419 2501 fecerit
3470 2427 3645 2481 simile
3690 2426 3785 2484 eis,
3836 2437 4006 2491 super

2422 2540 2619 2586 montes
2642 2546 2744 2581 non
2771 2526 3071 2591 comederit,
3095 2535 3143 2577 et
3173 2524 3348 2577 oculos
3372 2538 3493 2575 suos
3532 2536 3636 2573 non
3656 2516 3919 2571 leuarerit
3942 2516 4015 2565 ad

2423 2624 2563 2677 idola
2590 2629 2774 2676 domus
2805 2619 2995 2681 Israel,
3029 2629 3076 2671 et
3107 2633 3322 2671 uxorem
3351 2614 3580 2685 proximi
3600 2612 3681 2665 sui
3710 2626 3816 2663 non
3845 2607 4017 2661 ciale-

2424 2719 2572 2780 ocrit,
2598 2725 2653 2770 et
2674 2715 2776 2768 alia
2804 2713 2890 2767 his
2916 2712 3133 2775 similia,
3167 2709 3445 2779 inquibus
3476 2707 3639 2760 ﬁnem
3675 2704 3829 2757 hunc
3856 2700 4010 2755 addi.

2426 2812 2524 2876 dit,
2553 2811 2637 2863 hic
2658 2824 2760 2861 non
2781 2808 3031 2859 morietur
3062 2805 3116 2857 in
3137 2804 3418 2873 iniquitate
3442 2801 3615 2870 patris
3640 2799 3745 2860 sui,
3785 2796 3881 2848 sed
3907 2796 4017 2847 vita

2426 2904 2580 2957 vicet.
2612 2900 2679 2953 Et
2706 2900 2879 2953 dicitis
2902 2913 2923 2952 :
2943 2895 3120 2961 Quare
3145 2912 3248 2949 non
3304 2894 3538 2962 portabit
3582 2892 3725 2961 ﬁlius
3750 2889 4020 2957 iniquita-

2432 3004 2534 3047 tem
2564 2993 2733 3061 patris
2758 2989 2840 3043 "i
2900 2988 2991 3042 Sic
3005 2987 3177 3042 Judaei
3204 2999 3431 3040 necesse
3451 2997 3573 3038 esse
3612 2981 3783 3035 ﬁlium
3808 3019 3826 3043 ,
3860 2976 4023 3047 quasi

2435 3081 2917 3149 ltaareditariojure
2937 3120 2952 3144 ,
2989 3081 3043 3132 iu
3073 3077 3243 3147 patris
3272 3074 3574 3130 succedere
3603 3080 3839 3143 peccato
3871 3067 4023 3121 arbi-

748 3148 1011 3245 ‘zrmcium
1042 3159 1287 3245 ¹Ῐ⁰⁸Ἒ¹ἿΪ¹¹¹
1334 3150 1713 3245 ¹¹ίῖ¹9⁰³¹³⁸¹¹³¹¹¹
1779 3152 1855 3211 m'
1916 3159 2047 3205 "'"c
2100 3150 2330 3206 υ⁰¹¹¹ί¹¹⁰
2357 3189 2397 3245 c
2432 3177 2733 3231 trahantur.
2764 3148 2869 3229 Sed
2889 3187 3049 3242 quam
3073 3171 3142 3225 ob
3168 3185 3283 3223 rem
3310 3182 3439 3222 oves
3478 3176 3536 3221 et
3563 3179 3759 3234 capras
3776 3162 3847 3216 ad
3880 3162 4027 3215 latus

750 3241 886 3293 odor
915 3241 1531 3297 suavitatisinccndilur
1560 3259 1572 3295 :
1598 3256 1651 3297 et
1679 3243 1899 3312 quando
1919 3243 2101 3297 omnia
2161 3258 2330 3312 super

754 3329 1090 3399 intelligibiie
1114 3330 1283 3384 altare
1325 3330 1706 3393 obtulerimus,
1768 3332 2068 3385 imitatores
2125 3330 2331 3385 Christi

753 3422 1051 3476 sreuudum
1089 3421 1499 3492 possibilitatem
1530 3422 1734 3485 edocti,
1758 3432 1815 3477 et
1842 3423 1909 3476 ad
1942 3422 2113 3492 ipsius
2144 3422 2330 3476 imita-

756 3513 959 3565 tionem
1016 3521 1256 3566 nostram
1301 3513 1487 3577 vitam,
1547 3525 1645 3565 seu
1716 3510 2192 3566 conversationem
2236 3523 2332 3563 co-

754 3614 1025 3675 aptantes.
1058 3603 1170 3659 lloc
1227 3606 1371 3659 enim
1410 3620 1532 3660 esse
1605 3604 1774 3659 altare
1831 3602 2087 3673 superius
2141 3611 2334 3657 osten-

757 3697 959 3751 tlEtnus.

830 3786 1192 3842 \'t:ns.l0-l3.
1228 3808 1245 3836 ι
1276 3788 1430 3853 Quod
1459 3787 1502 3841 si
1532 3787 1599 3842 de
1632 3788 1921 3857 pecoribus
1971 3787 2179 3843 oblatio
2222 3795 2330 3851 est,

759 3878 827 3929 de
853 3877 1047 3930 ovibus
1082 3877 1194 3930 sive
1224 3877 1291 3931 de
1322 3878 1500 3946 capris
1530 3877 1909 3931 holocaustum
1932 3892 2132 3947 agnum
2171 3875 2335 3930 anni-

760 3968 943 4022 t'ttlllttl
979 3978 1028 4023 ιιι
1060 3970 1265 4038 alt-que
1292 3970 1500 4023 macula
1537 3968 1750 4032 oneret,
1792 3969 2206 4038 immolabitque
2263 3967 2331 4021 ad

765 4060 906 4113 latus
936 4060 1141 4120 altaris,
1169 4062 1311 4130 quod
1339 4060 1653 4130 t'cspicit'nd
1681 4059 1990 4129 aquilonem
2014 4074 2201 4113 coram
2231 4058 2335 4111 Do-

765 4152 932 4205 mino.
961 4151 1289 4221 Sanguinem
1325 4167 1453 4205 vero
1482 4152 1627 4205 illius
1669 4151 1898 4206 fundent
1950 4166 2118 4220 super
2167 4150 2341 4204 altare

766 4242 860 4296 lilii
885 4242 1061 4295 Aaron
1086 4257 1181 4312 per
1201 4241 1512 4306 circuitum,
1543 4241 1900 4312 dividentque
1945 4242 2210 4304 membra,
2249 4256 2344 4295 ca-

767 4340 954 4403 put,et
987 4334 1170 4387 omnia
1205 4349 1325 4404 quae
1380 4334 1664 4389 adiutarent
1724 4332 1997 4403 jecori,et
2058 4334 2341 4401 imponent

768 4438 933 4493 super
956 4422 1114 4493 lignis
1142 4424 1341 4493 quibus
1365 4423 1741 4492 subjiciendus
1774 4431 1859 4477 est
1908 4422 2081 4493 ignis;
2115 4421 2336 4475 intesti-

2438 3268 2622 3322 altaris
2672 3266 2815 3336 quod
2841 3264 3063 3334 respicit
3098 3262 3166 3317 ad
3196 3261 3531 3330 aquilonem,
3562 3272 3746 3311 coram
3784 3254 4029 3308 Domino

2440 3361 2700 3431 praecepit
2724 3358 2922 3421 occidi,
2944 3373 3068 3410 cum
3099 3369 3208 3407 non
3235 3354 3309 3407 ita
3338 3353 3406 3406 de
3434 3351 3612 3404 bobus
3640 3347 4028 3417 praecepisset,

2440 3453 2535 3508 sed
2568 3466 2751 3506 coram
2785 3449 3014 3502 Domino
3075 3446 3345 3500 sanxisset
3390 3440 3695 3501 immolari?
3755 3437 4033 3491 Videntur

2440 3545 2587 3602 enim
2614 3543 2776 3597 verba
2834 3541 2950 3610 ipsa
2987 3537 3431 3593 contrarietatem
3487 3531 3782 3602 quamdam
3823 3529 4033 3582 habere

2442 3645 2603 3705 atque
2632 3630 2996 3687 ditiorentiam
3038 3645 3051 3681 :
3080 3627 3207 3697 quia
3251 3640 3378 3683 cum
3414 3623 3485 3678 sit
3517 3620 3847 3676 sacriﬁcium
3873 3618 4037 3671 holo-

2444 3728 2770 3782 cautomatis
2788 3714 3102 3789 utrumque,
3133 3716 3443 3773 tlilierentia
3472 3715 3559 3769 his
3590 3710 4035 3768 distribuitloca.

2444 3817 2564 3871 Non
2590 3824 2826 3883 estergo
2877 3809 3235 3881 ignorandutn
3260 3806 3411 3875 quia,
3442 3810 3710 3873 quantum
3742 3801 3813 3857 ad
3832 3814 4036 3868 super-

2446 3906 2623 3961 ﬁciem
2652 3906 2868 3980 liuene,
2904 3901 3158 3956 eumdem
3207 3897 3261 3951 in
3317 3896 3567 3963 utrisque
3587 3893 3771 3947 locum
3809 3890 4039 3961 legisla—

2448 4009 2534 4054 tor
2574 3995 2912 4067 signiﬁcavit.
2972 3992 3485 4046 llolocautomatum
3514 3986 3662 4041 enim
3683 3984 3885 4045 altare,
3910 3992 4041 4036 ante

2449 4088 2860 4145 tabernaculum
2884 4084 3241 4139 constitutum
3299 4094 3363 4134 ex
3398 4080 3567 4133 latere
3606 4086 3725 4131 erat
3745 4076 3962 4143 ianum.
3986 4084 4045 4127 ut

2450 4196 2562 4236 non
2591 4187 2901 4233 sanctorum
2944 4173 3381 4230 ministrantibus
3416 4170 3801 4225 obstrueretur
3860 4166 4043 4219 intro-

2453 4272 2584 4337 itus,
2617 4269 2763 4323 sicut
2791 4268 2847 4321 in
2871 4266 3059 4322 Exodo
3082 4265 3151 4320 de
3185 4264 3379 4319 eodem
3402 4261 3603 4316 dicitur
3633 4258 3734 4313 :Et
3784 4258 4043 4325 imposuit

2453 4361 2825 4430 uelumjauuw
2856 4355 3185 4411 tabernaculi
3220 4351 3527 4411 testimonii,
3581 4359 3630 4403 et
3676 4364 3838 4401 arant
3898 4348 4047 4399 lioto-

2456 4461 2818 4510 cautomatum
2867 4448 3040 4518 posuit
3066 4447 3209 4500 circa
3256 4444 3451 4497 ostium
3492 4438 3831 4495 tabernaculi
3901 4440 4047 4491 testi—

771 4532 838 4607 “‘l
870 4531 997 4607 in.”
1030 4525 1084 4569 cl
1117 4515 1282 4607 ped.“
1313 4514 1641 4607 lavabumi'r
1664 4531 1824 4583 a'lua’
1860 4524 1918 4569 et
1946 4514 2127 4568 "Nam
2158 4512 2343 4567 omnia
2380 4543 2423 4598 D
2452 4541 2699 4599 monii".
2721 4512 3073 4607 Quincunque
3101 4549 3230 4603 ergo
3259 4533 3328 4588 ad
3358 4531 3687 4587 sacriﬁcium
3727 4530 4049 4583 oll‘erehan—

770 4603 1285 4659 lldttlt‘billilltt'l'tlos
1330 4618 1495 4673 super
1542 4603 1711 4658 altare
1753 4603 1808 4657 itt
1864 4603 2245 4657 holocaustum
2293 4608 2351 4655 et

771 4699 994 4754 odorem
1022 4698 1404 4753 suavissimum
1432 4698 1675 4753 llomino.
1718 4716 1737 4749 ι

850 4790 1048 4843 l-Izulctn
1071 4788 1400 4844 etiamnunc
1429 4789 1616 4859 paucis
1676 4787 1977 4843 immutatis
2008 4786 2160 4841 dicit.
2214 4784 2355 4839 Illud

777 4892 962 4937 autem
988 4882 1285 4953 intelligere
1313 4892 1527 4952 oportet
1567 4898 1694 4936 eum
1725 4881 1819 4951 qui
1847 4878 2132 4935 subtiliter
2187 4876 2356 4931 verba

781 4972 916 5042 legis
946 4970 1252 5041 investigat,
1285 4972 1413 5041 quia
1453 4986 1563 5025 non
1588 4970 1850 5025 solumde
1881 4969 2079 5033 bobus,
2099 4968 2196 5021 sed
2213 4966 2357 5022 etde

782 5064 976 5119 ovibus
1007 5064 1262 5133 prmccpit
1288 5064 1583 5117 lsraclitam
1606 5063 1804 5117 oderre
1841 5061 2185 5115 holocausta.
2216 5060 2359 5129 Ergo

785 5169 893 5210 non
936 5156 1108 5209 solum
1143 5156 1234 5225 qui
1270 5154 1399 5225 legis
1430 5154 1683 5209 mandata
1719 5163 2004 5224 cperatur,
2038 5152 2186 5205 hunc
2212 5149 2363 5204 enim

783 5260 908 5301 esse
932 5246 1024 5298 itm
1037 5261 1146 5309 ent,
1186 5254 1245 5299 ut
1270 5256 1397 5315 pcte
1416 5254 1758 5315 operatorem
1780 5242 2040 5308 diximus,
2059 5242 2154 5297 sed
2172 5249 2229 5295 et
2241 5240 2367 5310 qui-

790 5338 921 5391 libet
943 5336 1175 5405 simplex
1230 5348 1286 5391 et
1319 5337 1438 5391 sine
1464 5336 1694 5401 malitia,
1731 5334 1820 5390 cui
1851 5343 2207 5403 comparatur
2226 5330 2365 5395 ovis,

792 5430 1006 5483 dicente
1036 5426 1268 5483 lercmin
1302 5447 1314 5483 :
1354 5428 1464 5498 Ego
1497 5430 1649 5500 quasi
1709 5444 1877 5499 agnus
1910 5435 2237 5489 mansuetus,
2278 5424 2369 5495 qui

793 5529 1034 5583 portatur
1060 5520 1130 5571 ad
1157 5519 1441 5580 t'ittimam.
1500 5529 1550 5573 et
1588 5535 1689 5573 non
1742 5518 2045 5588 cognoui".
2110 5515 2252 5585 Ergo
2315 5521 2371 5569 et

797 5618 911 5685 ἱνμιι
938 5617 1293 5687 smnetipsum
1313 5618 1693 5673 holocaustum
1748 5616 1862 5671 Deo
1915 5614 2115 5670 oderre
2144 5612 2367 5684 poterit.

899 5757 941 5785 “
965 5760 1163 5815 iorem.
1217 5779 1287 5821 tv.
1324 5764 1402 5817 l9.

1509 5764 1551 5797 “
1584 5763 1723 5818 l‘sal.
1770 5780 1957 5828 cxvtn,
2000 5766 2046 5818 1η.

828 5829 1085 5891 δνιεέιοςὶι.
1124 5848 1231 5898 ius,
1277 5835 1459 5891 lii-l9.

1552 5836 1599 5867 "
1634 5835 1801 5890 Exod.
1829 5851 2053 5901 suum,
2081 5834 2173 5890 26.

2151 5764 2197 5795 “
2242 5761 2431 5819 Matth.

2452 4645 2565 4699 tur,
2592 4648 2657 4688 ex
2684 4633 2856 4686 latere
2879 4629 3065 4684 altaris
3095 4628 3164 4682 ab
3190 4625 3458 4696 aquilone
3484 4625 3725 4687 stabant,
3756 4631 3817 4676 et
3853 4622 3939 4677 sic
3968 4638 4053 4676 co-

2455 4742 2569 4781 ram
2605 4723 2837 4778 Domino
2867 4720 3198 4776 sacriﬁcium
3219 4719 3623 4778 celebrabatur,
3663 4715 3719 4769 id
3739 4725 3829 4768 est
3853 4715 3910 4767 in
3928 4730 4056 4768 eon-

2458 4821 2650 4887 spcctu
2677 4821 2992 4868 sanctorum
3029 4828 3043 4865 :
3091 4809 3298 4864 faciem
3335 4810 3485 4863 enim
3533 4806 3748 4859 Domini
3812 4806 4057 4875 appellat

2460 4905 2659 4961 Sancta
2681 4912 3015 4969 sanctorum,
3041 4903 3168 4971 quia
3190 4901 3245 4955 in
3268 4900 3403 4971 ipsis
3425 4898 3520 4953 Dei
3557 4896 3844 4952 habitabat
3860 4896 4060 4967 gloria.

2461 4997 2617 5053 Unde
2642 5011 2745 5051 nec
2770 4995 3088 5064 frequenter
3115 4993 3173 5048 in
3225 4993 3348 5062 ipsa
3406 4991 3616 5045 intrare
3672 4990 4053 5049 sacerdotem,

2461 5087 2568 5143 nisi
2597 5085 2766 5141 semel
2796 5085 2851 5139 in
2882 5100 3029 5139 anno
3050 5083 3303 5155 iubebat.
3326 5081 3420 5136 llis
3467 5096 3599 5151 ergo
3628 5079 3707 5133 ita
3738 5094 3801 5133 se
3840 5080 4058 5134 baben-

2465 5179 2632 5242 tibus,
2663 5176 3031 5231 diderentiam
3075 5175 3184 5230 dici
3212 5175 3529 5239 verborum,
3570 5172 3716 5226 sicut
3738 5172 4059 5227 necessaria

2467 5269 2913 5340 contemplationi
2941 5276 3081 5331 erat,
3109 5267 3371 5336 oportuit.
3394 5264 3532 5331 Quia
3548 5265 3695 5319 enim
3722 5264 3904 5318 altare
3919 5264 4061 5318 dixi-

2470 5377 2594 5417 mus
2616 5376 2737 5415 esse
2756 5360 3059 5423 Christum,
3088 5359 3274 5414 ovium
3296 5368 3478 5413 autem
3500 5355 3832 5412 sacriﬁcium
3853 5356 4063 5425 simpli-

2476 5452 2695 5507 citatem
2724 5451 3081 5513 studentium,
3106 5465 3217 5505 non
3239 5449 3487 5505 absolute
3502 5456 3684 5502 autem
3706 5446 3880 5500 etiam
3899 5446 4063 5515 justi-

2478 5546 2607 5599 tiam
2623 5545 2987 5615 operantium,
3001 5559 3112 5597 non
3126 5543 3179 5597 in
3193 5544 3460 5598 directum
3482 5538 3840 5611 intelligibilis
3857 5538 4065 5599 altaris,

2478 5637 2574 5692 sed
2601 5652 2667 5691 ex
2700 5636 2871 5691 latere
2898 5635 3148 5690 oﬁ‘ertur.
3179 5635 3238 5688 In
3285 5635 3555 5689 directum
3595 5640 3682 5685 est
3710 5628 3891 5695 enim,
3940 5632 4067 5697 quia

2468 5778 2519 5826 γ,
2553 5761 2643 5815 ‘22.

2742 5760 2783 5792 "
2807 5758 3008 5813 Jerem.
3042 5770 3117 5820 XI,
3153 5752 3237 5809 l9.
3318 5751 3362 5784 ⁸⁸
3394 5748 3582 5806 Matth.
3614 5763 3744 5812 nr,
3780 5746 3856 5801 35
3910 5760 4064 5813 seq}.
