4218 6448
228 413 324 483 801

1380 417 1460 477 IN
1499 417 1936 477 LEVITiCUM.
1979 442 2042 453 -
2077 419 2222 478 ΗΒ.
2267 419 2312 478 Ι.

3379 429 3486 494 illi!

227 528 481 582 mandata
533 525 759 594 perlicit.
801 525 873 578 Ex
933 525 1100 579 latere
1144 535 1347 590 autem,
1383 527 1509 596 quia
1566 543 1593 579 a
1655 525 1808 580 malis
1839 530 1878 583 Α
1911 525 2093 579 antde
2124 527 2392 582 columbis
2450 529 2641 585 offerat
2692 547 2894 587 munus
2951 549 3131 601 suum,
3181 536 3234 591 id
3289 549 3394 605 est,
3424 544 3482 596 in

227 621 485 674 abstinet.
513 617 730 683 Quare?
765 619 892 686 quia
920 619 1060 673 sicttt
1096 621 1147 672 in
1181 621 1382 683 aulam,
1404 620 1552 673 verbi
1609 621 1801 689 gratia,

228 710 431 780 regiam
470 710 666 762 melius
697 709 1028 778 estquidem
1088 726 1184 777 per
1212 711 1412 763 ostium
1461 719 1667 764 rectum
1719 710 1804 763 in-

225 802 399 871 gredi,
429 817 552 854 cum
585 809 767 853 autent
792 803 894 854 huc
937 817 1044 853 non
1099 809 1182 854 cst
1245 800 1422 862 facile,
1476 801 1680 854 bonum
1735 800 1806 854 sit

226 893 388 946 etiam
422 908 518 960 per
549 892 680 945 illud
706 893 850 960 quod
883 907 949 946 ex
981 892 1150 947 latere
1180 903 1264 947 est
1295 893 1521 946 introire
1550 911 1562 946 :
1596 894 1804 947 sieme-

227 985 333 1038 lius
356 995 438 1038 est
470 985 581 1038 Deo
609 985 826 1053 quidem
859 1001 956 1054 per
1008 985 1382 1039 mandatorum
1412 986 1594 1040 oﬂ‘erri
1625 987 1804 1056 perfe.

226 1076 710 1137 ctionem,honum
730 1085 815 1129 est
847 1085 1029 1130 tamen
1077 1086 1132 1130 et
1166 1077 1211 1130 si
1273 1094 1370 1146 per
1421 1078 1688 1132 malorum
1746 1093 1804 1132 se

228 1169 350 1238 quis
379 1169 574 1223 ollerat
599 1170 1008 1233 abstinentiam,
1055 1171 1162 1224 Deo
1221 1172 1424 1239 quippe
1469 1172 1631 1224 modo
1665 1187 1801 1240 quo-

231 1260 363 1312 libet
394 1260 578 1313 olIerri
611 1260 817 1313 bonum
840 1270 946 1314 est.
977 1260 1057 1314 Ad
1097 1261 1241 1314 latus
1272 1272 1455 1316 autem
1496 1264 1682 1316 altaris
1737 1261 1802 1315 ad

230 1352 538 1419 aquilonem
571 1353 886 1407 necessario
917 1353 1155 1417 addidit;
1208 1357 1469 1410 nebulosa
1487 1357 1632 1410 enim
1668 1371 1806 1423 pene

231 1458 446 1510 semper
473 1445 588 1496 haec
610 1459 734 1512 pars
764 1454 848 1498 est
879 1463 892 1498 :
920 1445 1239 1499 obtinentur
1282 1447 1550 1515 siquidem
1585 1447 1801 1511 nebula,

182 1570 184 1572 τ
234 1533 286 1587 id
311 1543 393 1586 est
428 1533 762 1602 ignorantia,
798 1535 853 1588 lii
885 1537 976 1603 qui
1008 1552 1073 1589 ex
1104 1545 1215 1590 toto
1249 1552 1310 1590 se
1349 1538 1671 1592 innocentne
1697 1548 1806 1590 tra-

230 1623 389 1684 dunt,
411 1627 702 1692 propterea
731 1632 786 1677 et
805 1624 1180 1679 holocaustum
1240 1626 1460 1692 dicitur,
1488 1627 1652 1681 etiam
1686 1628 1806 1682 sine

226 1714 545 1781 operatione
569 1713 814 1782 justitiae.

302 1805 464 1860 Vens.
505 1807 692 1860 14-17.
728 1825 746 1857 ι
808 1805 866 1860 Si
895 1816 1077 1860 autem
1133 1806 1201 1862 de
1250 1809 1458 1864 .avibus
1501 1810 1799 1865 holocausti

225 1899 429 1952 oblatio
452 1899 617 1952 fuerit
653 1899 904 1962 Domino,
946 1900 1013 1952 de
1047 1901 1354 1954 turturibus
1410 1910 1465 1955 et
1499 1902 1660 1971 pullis
1716 1919 1800 1957 co-
1833 1879 1874 1933 Β

224 1990 446 2056 lumbaa,
464 1990 659 2045 offeret
679 2005 798 2044 eam
827 1991 1083 2045 sacerdos
1113 1993 1179 2045 ad
1216 1993 1405 2058 altare,
1427 2003 1480 2048 et
1510 2005 1713 2049 retorto
1732 1995 1799 2049 ad

223 2081 426 2135 collum
449 2082 648 2151 capite,
683 2097 748 2136 ac
779 2093 941 2150 rupto
963 2083 1205 2136 vulneris
1241 2084 1384 2140 loco.
1408 2086 1699 2140 decurrere
1723 2086 1802 2140 fa-

223 2175 335 2228 ciet
355 2174 674 2244 sanguinem
699 2189 866 2243 super
895 2174 1230 2243 crepidinem
1249 2177 1455 2231 altaris.
1493 2176 1798 2233 Vesiculam

222 2279 356 2318 vero
377 2264 612 2334 gutturis
639 2273 697 2316 et
726 2264 939 2332 plumas
976 2266 1228 2334 projiciet
1256 2278 1477 2337 propter
1509 2269 1680 2323 altare
1729 2269 1798 2324 ad

220 2357 542 2411 orientalem
579 2357 789 2426 plagam
813 2397 830 2421 ,
870 2357 923 2410 in
982 2358 1101 2411 loco
1133 2358 1186 2410 in
1209 2374 1318 2427 quo
1350 2359 1564 2414 cineres
1594 2359 1796 2414 ell'undi

219 2449 424 2512 solent,
453 2448 867 2518 confringetque
894 2449 1122 2503 ascellas
1170 2451 1312 2519 ejus,
1342 2459 1398 2505 et
1427 2467 1537 2504 non
1566 2452 1793 2516 secabit,

219 2555 327 2594 nec
350 2539 493 2594 ferro
521 2540 896 2598 divideteam;
929 2549 984 2594 et
1010 2541 1424 2613 adolebitsuper
1452 2544 1621 2598 altare
1639 2545 1798 2614 lignis

221 2631 346 2699 igne
373 2630 668 2699 suppositis
703 2648 718 2687 :
752 2631 1128 2687 holocaustum
1149 2643 1234 2688 est
1266 2643 1321 2688 et
1350 2634 1555 2689 oblatio
1577 2636 1792 2690 suavis-

219 2718 346 2772 simi
371 2717 554 2772 odoris
588 2717 838 2772 Domino.
878 2738 896 2771 ι

292 2809 642 2863 Admiraliilis
676 2821 758 2864 est
780 2811 1029 2881 legalium
1066 2811 1356 2866 verborum
1373 2813 1665 2880 subtilitas,
1683 2828 1794 2868 non

219 2901 399 2954 solum
425 2900 550 2970 quia
588 2901 930 2956 dilferentias
982 2904 1454 2959 conversationum
1517 2906 1791 2970 describit,

219 2992 318 3045 sed
342 2992 503 3045 etiam
535 2993 992 3060 quemadmodum
1047 2995 1308 3062 quasdam
1348 2997 1794 3052 conversationes

219 3084 520 3137 secundum
556 3084 751 3153 legem,
774 3084 1036 3151 quasdam
1065 3101 1192 3138 vero
1205 3101 1368 3155 super
1397 3087 1591 3157 legem,
1622 3088 1793 3158 signi-

220 3173 366 3229 licet.
404 3175 712 3228 Secundum
741 3176 909 3244 legem
944 3168 1089 3229 enim
1131 3185 1258 3230 sunt
1294 3178 1457 3231 boum
1498 3187 1554 3231 et
1585 3179 1791 3240 ovium,

221 3267 348 3320 licet
374 3275 688 3336 spontancm
712 3267 986 3320 dicuntur.
1033 3265 1347 3322 Secundum
1375 3269 1548 3339 legem
1585 3269 1796 3337 quare?

218 3357 358 3422 Quia
389 3357 491 3411 etsi
524 3357 724 3410 oﬂerre
786 3372 988 3410 munus
1022 3358 1075 3409 in
1123 3366 1446 3426 potestatem
1508 3357 1794 3412 oﬂ‘erentis

218 3447 392 3512 dedit,
422 3448 585 3501 nimis
606 3455 772 3506 recte,
797 3446 951 3500 liberi
979 3447 1180 3517 quippe
1208 3447 1416 3501 arbitrii
1449 3448 1590 3502 Deus
1614 3448 1794 3501 homi-

220 3553 348 3590 nem
380 3538 684 3600 constituit,
707 3545 887 3590 tanien
927 3537 1086 3604 quale
1111 3536 1394 3600 oﬂeratur,
1420 3553 1528 3591 non
1565 3538 1678 3606 jam
1700 3552 1796 3591 vo-

219 3630 450 3683 luntatis
480 3637 583 3693 cst,
605 3644 675 3682 ne
704 3630 842 3682 forte
870 3629 1010 3681 mala
1062 3629 1398 3683 oderantur:
1427 3645 1656 3684 necesse
1709 3641 1796 3685 est

217 3736 350 3790 ergo
372 3730 465 3772 aut
486 3721 677 3773 bovem
700 3720 885 3774 oll‘erri
917 3728 1010 3773 aut
1037 3735 1220 3787 ovem,
1247 3720 1296 3774 id
1321 3731 1428 3784 est,
1459 3731 1553 3776 aut
1577 3723 1792 3791 operari

213 3813 506 3881 justitiam,
525 3821 619 3866 aut
659 3829 687 3866 a
719 3813 876 3867 malis
904 3813 1200 3868 abstinere.
1225 3813 1368 3867 Dixit
1394 3815 1538 3868 enim
1565 3814 1618 3867 in
1637 3814 1794 3869 initio

218 3903 342 3958 libri
368 3920 381 3955 :
433 3903 600 3958 Homo
633 3905 723 3974 qui
752 3904 996 3959 obtulerit
1025 3920 1090 3957 ea:
1116 3905 1256 3957 vobis
1278 3905 1506 3958 hostiam
1544 3905 1792 3971 Domino,

217 3996 284 4049 de
309 3995 598 4061 pecoribus,
632 3995 684 4046 id
710 4005 783 4047 est
814 3995 877 4048 de
894 3996 1049 4048 bobus
1071 4003 1120 4047 et
1143 3996 1319 4048 ovibus
1344 3996 1789 4064 oﬂ'eretuictimas.

218 4085 278 4138 In
306 4085 408 4138 hac
436 4093 618 4137 autent
637 4084 912 4138 oblatione
947 4101 1056 4138 non
1090 4085 1184 4148 ita,
1222 4085 1493 4153 praedicta:
1526 4086 1793 4155 siquidem

217 4175 480 4230 oblationi
508 4174 817 4230 diﬂerentia
839 4177 1141 4231 volatilium
1175 4191 1285 4232 non
1321 4188 1406 4233 est
1431 4193 1795 4236 connumera-

217 4277 295 4331 ta,
334 4276 392 4321 ut
415 4267 670 4321 videlicet
695 4269 985 4338 perfectior
1049 4279 1107 4326 et
1158 4273 1352 4340 major,
1384 4288 1792 4344 multorumque

220 4356 634 4426 transgrediens
652 4358 1092 4425 possibilitatem.
1147 4359 1395 4416 Volatilia
1417 4365 1587 4427 enim,
1612 4366 1794 4420 homi-

215 4465 317 4504 nes
336 4459 464 4503 sunt
499 4451 947 4519 contemplationi
1003 4464 1280 4515 vacantes,
1311 4458 1544 4511 terrenis
1567 4460 1792 4513 omnino

214 4556 276 4594 se
309 4557 418 4592 non
447 4541 742 4596 miscentes
763 4543 997 4611 negotiis
1027 4561 1039 4596 :
1071 4547 1214 4612 quod
1232 4555 1285 4600 et
1311 4547 1356 4600 si
1386 4547 1526 4602 forte
1551 4565 1792 4605 necesst-
1826 4575 1870 4631 ο

217 4640 301 4684 tas
327 4632 588 4702 exegerit,
610 4648 733 4685 mox
761 4634 1005 4688 revolant
1025 4636 1092 4688 ad
1120 4637 1393 4694 sublimia.
1439 4649 1495 4694 et
1521 4641 1612 4695 illo
1633 4659 1802 4700 evan-

214 4721 389 4789 gelico
442 4721 702 4790 juvantur
765 4725 1096 4789 testimonio,
1161 4729 1305 4798 quod
1368 4728 1630 4785 Dominus
1672 4736 1796 4789 ait'

214 4810 558 4865 Considerate
586 4813 825 4866 volatilia
865 4815 998 4878 caeli,
1027 4817 1152 4885 quia
1203 4835 1305 4870 non
1330 4821 1591 4875 seminant
1636 4841 1800 4896 neque

216 4911 440 4966 metunt,
484 4911 531 4954 et
555 4901 716 4954 Pater
748 4914 916 4956 vester
939 4905 1158 4959 caelestis
1181 4919 1355 4974 pascet
1389 4911 1481 4962 illa
1520 4913 1658 4968 δίου,
1724 4915 1797 4970 De

213 4995 423 5049 eisdem
458 4993 722 5048 Dominus
744 4996 998 5050 dicebat:
1046 4997 1230 5053 Simile
1259 5011 1334 5053 est
1385 5019 1602 5072 regnum
1640 5007 1795 5061 calo-

215 5102 337 5138 rum
359 5103 526 5154 grano
558 5086 782 5155 sinapis,
807 5090 947 5155 quod
999 5105 1117 5142 cum
1163 5092 1456 5145 seminatur
1522 5096 1694 5150 minus
1724 5109 1795 5151 est

214 5175 455 5229 omnibus
507 5178 776 5242 oleribus;
839 5195 957 5231 cum
998 5193 1178 5233 autem
1205 5184 1440 5247 creuerit,
1503 5185 1591 5252 ﬁet
1641 5189 1798 5241 arbor

213 5270 502 5338 n:ajor,ita
533 5281 587 5322 ut
617 5271 848 5324 rolncres
878 5273 994 5325 cali
1018 5273 1277 5325 venientes
1295 5275 1528 5328 habitent
1551 5278 1604 5328 in
1633 5281 1798 5331 ramis

213 5361 334 5428 ejus
362 5361 426 5413 ⁸³.
451 5361 906 5430 Contemplationi
932 5377 1060 5431 ergo
1113 5378 1332 5427 vacans,
1363 5373 1417 5417 ct
1456 5364 1511 5417 in
1548 5368 1798 5436 superio-

213 5467 339 5503 rum
367 5451 866 5504 considerationem
939 5451 1217 5521 perfectus
1252 5453 1412 5506 homo
1444 5471 1458 5505 :
1489 5455 1592 5519 hoc
1645 5459 1792 5512 enim

210 5554 340 5609 qua:
362 5539 620 5608 pra-dicta
647 5520 1121 5604 suntdocuerunt,
1181 5541 1227 5594 si
1291 5547 1791 5611 conversationem,

209 5628 335 5684 sive
373 5628 537 5680 vitam
554 5643 706 5681 suam
740 5628 1071 5682 oblationem
1102 5629 1316 5696 oﬂ‘eret,
1353 5631 1419 5686 de
1470 5635 1790 5698 turturibus,

288 5761 408 5791 ⁶¹·⁵²
454 5759 640 5814 Matth.
675 5777 749 5822 vt,
783 5760 872 5814 9.6.
949 5762 994 5794 ’³
1024 5761 1214 5815 Matth.
1261 5778 1380 5825 χιιι,
1414 5766 1502 5826 51,
1547 5767 1635 5820 5‘2.

210 5831 261 5864 ⁸⁸⁸
283 5831 490 5886 Coloss.
521 5848 599 5895 ill,
637 5833 678 5886 Ι.
783 5832 827 5862 ⁸⁸
860 5832 992 5898 huo,
1022 5833 1226 5888 Jerem.
1258 5849 1310 5898 γ,
1341 5835 1388 5886 1.

1746 5767 1792 5798 ⁸⁸
1817 5768 2018 5825 Jercm.
2055 5785 2171 5833 \‘lll,
2202 5771 2253 5823 7.

1493 5837 1537 5868 ⁶⁰
1569 5837 1587 5890 1
1615 5839 1746 5909 iieg.
1786 5855 1862 5903 ix,
1891 5840 1981 5892 24.

1907 616 2134 670 scientia
2167 624 2659 677 ctmansuctudine
2704 626 2958 694 spiritali,
3000 626 3100 680 hac
3147 627 3294 682 cnim
3345 646 3485 699 opus

1907 706 2096 772 habet,
2129 718 2316 764 utnon
2345 713 2572 766 excedat
2625 713 2759 784 legis
2815 717 3180 770 consideratio
3234 718 3284 770 in
3334 721 3486 773 vanis

1905 813 2192 871 occupata.
2220 804 2338 857 Non
2365 805 2561 860 frustra
2618 817 2799 862 autem
2855 819 3119 864 turturem
3177 821 3233 866 ct
3274 813 3478 866 culum.

1906 890 2053 957 bam,
2079 894 2173 946 sed
2200 895 2266 948 ad
2291 896 2744 965 significationem
2793 899 3171 968 prtedictorum
3207 902 3484 971 legisiator

1905 986 2242 1054 assumpsit;
2278 997 2456 1042 turtur
2493 990 2795 1058 siquidem,
2831 991 2957 1060 quia
2986 989 3350 1060 cognitionem
3381 993 3482 1046 ha-

1904 1075 2019 1142 bet,
2051 1077 2124 1130 ita
2159 1087 2216 1130 ut
2244 1078 2363 1146 ejus
2396 1080 2666 1148 exemplo,
2699 1080 3010 1136 Iudaeorum
3059 1083 3484 1153 exprobraretur

1905 1173 2159 1239 populus,
2212 1171 2480 1227 Jeremias
2550 1175 2787 1243 prohat;
2838 1178 2912 1230 ait
2961 1193 3105 1231 enim
3141 1196 3155 1233 :
3197 1177 3390 1231 Turtur
3433 1185 3482 1228 et

1903 1260 2132 1314 hirundo
2156 1270 2204 1314 et
2232 1263 2432 1315 ciconia
2464 1267 2821 1318 custodierunt
2855 1278 3056 1335 tempus
3089 1269 3340 1320 adventus
3367 1267 3484 1327 sui;

1905 1359 2128 1426 populus
2156 1367 2333 1411 autem
2353 1374 2496 1412 meus
2520 1373 2620 1409 non
2652 1359 2885 1426 cognovit
2905 1359 3168 1426 judicium
3192 1359 3401 1411 Domini
3415 1360 3480 1410 ".

1905 1447 2167 1501 Columba
2198 1457 2382 1501 autem
2413 1451 2614 1502 munda
2633 1457 2690 1502 et
2721 1450 2971 1522 simplex,
3002 1449 3482 1517 annuntiatrixque

1905 1539 2210 1607 praesentia:
2239 1539 2412 1592 sancti
2441 1539 2677 1608 Spiritus
2693 1546 2798 1605 est,
2854 1540 3042 1607 quales
3097 1548 3316 1608 oportet
3353 1553 3480 1594 esse

1904 1644 2000 1684 eos
2013 1633 2107 1699 qui
2142 1630 2284 1684 circa
2318 1631 2768 1699 contemplandas
2790 1629 3102 1699 Scripturas
3135 1631 3338 1684 habent
3365 1640 3483 1683 stu-

1903 1718 2076 1773 dium.
2113 1719 2342 1789 Propter
2374 1721 2517 1790 quod
2539 1730 2593 1774 et
2621 1721 2894 1790 apostolos
2929 1721 3206 1790 simplices
3235 1720 3481 1776 vultesse

1907 1809 2190 1874 Dominus,
2221 1821 2278 1866 ιιι
2320 1812 2663 1877 columbam;
2703 1811 2778 1864 ait
2829 1812 2974 1866 enim
3013 1829 3026 1866 :
3069 1811 3223 1865 Beati
3284 1813 3481 1866 mundo

1907 1901 2081 1965 corde,
2115 1902 2239 1971 quia
2285 1902 2387 1971 ipsi
2453 1902 2736 1955 Dominum
2792 1902 3036 1955 uidebunt
3064 1904 3130 1955 ⁸⁸.
3191 1901 3296 1956 Sed
3326 1912 3381 1956 et
3411 1903 3481 1957 ad

1907 1990 2275 2044 meditandum
2304 2006 2496 2045 vacare
2519 1991 2740 2056 debent,
2763 1992 2907 2045 unde
2930 1991 3189 2046 Ezechias
3219 1990 3296 2046 ait
3328 1989 3479 2044 επε-

1905 2081 2115 2135 ditabor
2142 2091 2197 2136 ut
2230 2083 2466 2137 columba
2494 2086 2558 2137 ⁸⁷.
2599 2083 2749 2138 lianc
2769 2084 3100 2139 oblationem
3135 2099 3274 2138 unus
3300 2098 3479 2138 sacer-

1905 2172 2004 2226 dos
2030 2173 2245 2236 oﬂ‘eret,
2272 2191 2382 2229 non
2411 2175 2566 2229 multi
2587 2192 2603 2241 ;
2622 2191 2731 2229 non
2747 2176 3046 2245 estquippe
3060 2174 3478 2244 contemplativa

1905 2264 2016 2319 vita
2055 2264 2437 2334 plurimorum,
2472 2266 2524 2320 id
2544 2275 2648 2332 est,
2681 2275 2739 2321 ut
2772 2282 2840 2321 ex
2863 2277 2972 2322 tota
3011 2281 3087 2321 se"
3125 2276 3310 2322 mente
3339 2266 3476 2322 olle-

1904 2365 2029 2408 rant
2054 2354 2190 2420 Deo,
2225 2355 2472 2425 nihilque
2504 2357 2802 2411 humanum
2827 2357 3065 2411 ulterius
3083 2357 3344 2428 cogitent,
3378 2358 3475 2412 sed

1904 2447 2164 2502 continue
2185 2449 2624 2518 contemplentur
2651 2450 2913 2516 coelestia,
2944 2461 3000 2504 et
3028 2464 3092 2504 ea
3116 2465 3238 2518 quae
3257 2465 3474 2504 sursum

1904 2545 2052 2601 sunt,
2085 2538 2319 2607 sapiant,
2353 2540 2441 2592 ubi
2476 2538 2715 2594 Christus
2764 2549 2863 2604 est,
2899 2539 3036 2593 sicut
3054 2539 3130 2592 ait
3159 2537 3473 2609 Apostolus.

1902 2623 1958 2675 in
1976 2631 2190 2677 dextera
2219 2625 2317 2679 Dei
2347 2628 2528 2680 sedens
2552 2626 2618 2692 ⁵⁸,
2644 2627 2896 2682 videlicet
2915 2628 3127 2693 Patris;
3152 2626 3278 2697 quia
3290 2637 3473 2681 autem

1903 2716 2008 2770 hoc
2045 2717 2210 2772 nimis
2233 2733 2417 2771 rarum
2441 2727 2544 2783 est,
2581 2718 2699 2787 ipse
2729 2718 2994 2773 Dominus
3028 2719 3097 2773 de
3127 2719 3326 2774 talibus
3346 2734 3474 2789 prn-

1903 2807 2082 2876 phelae
2113 2808 2382 2863 Ezechieli
2407 2809 2633 2879 loquens
2671 2810 2923 2865 edocuit:
2974 2809 3230 2866 Scrutare
3252 2809 3474 2866 Jerusa-

1901 2899 2024 2962 lem,
2054 2909 2101 2952 et
2133 2900 2245 2952 vide
2274 2901 2356 2953 :si
2384 2901 2640 2954 inveneris
2667 2903 2836 2954 virum
2854 2902 2909 2954 in
2941 2917 3002 2954 ea
3026 2901 3236 2954 omnino
3249 2909 3476 2954 stantem

1900 3001 2023 3046 ante
2053 2993 2238 3062 [aciem
2261 3008 2452 3058 meam,
2475 2994 2770 3060 propitiam
2800 2992 3120 3060 propitiabor
3143 2993 3190 3044 ei
3213 2990 3279 3044 ".'
3310 2989 3473 3059 Atqui

1900 3089 2059 3135 erant
2089 3081 2181 3134 lilii
2210 3079 2455 3134 Jonadab
2507 3094 2608 3133 nec
2632 3078 2818 3132 vinum
2849 3079 3118 3141 bibentes,
3149 3091 3254 3132 nec
3279 3075 3475 3130 domus

1904 3173 2189 3235 habentes,
2222 3186 2326 3226 nec
2353 3185 2514 3239 agros
2549 3170 2878 3238 plantantes.
2919 3168 3030 3223 Sed
3072 3168 3320 3224 absolute
3369 3166 3475 3222 ali-

1901 3265 2033 3335 quid
2055 3264 2340 3318 sublimius
2364 3262 2578 3332 quarit,
2613 3261 2758 3315 unde
2807 3260 2900 3314 alii
2942 3260 3011 3315 ad
3062 3260 3473 3315 tabernaculum

1905 3355 2201 3410 testimonii
2217 3354 2546 3408 oblationem
2577 3349 2845 3415 offerunt;
2867 3351 2984 3404 haec
3005 3359 3187 3404 autem
3217 3349 3286 3404 ad
3305 3350 3476 3404 altare

1902 3446 2150 3510 offertur,
2184 3445 2341 3514 cujus
2372 3444 2481 3498 vim
2512 3442 2567 3496 in
2616 3441 3056 3512 praecedentibus
3108 3439 3368 3504 didicisti,
3421 3440 3476 3496 id

1901 3547 1985 3593 est
2017 3538 2142 3608 quia
2177 3537 2519 3592 Dominicum
2568 3533 2832 3604 signiﬁcet
2878 3547 3098 3603 corpus.
3149 3533 3261 3587 Sed
3288 3532 3479 3587 videa-

1904 3647 2024 3689 mus
2049 3646 2169 3700 qua:
2199 3630 2288 3684 his
2318 3629 2700 3698 subjiciantur.

1973 3722 2044 3776 Et
2062 3731 2255 3775 retorto
2285 3722 2356 3774 ad
2381 3721 2571 3774 collum
2598 3721 2790 3789 capite,
2837 3735 2902 3772 ac
2926 3726 3079 3788 rupto
3095 3718 3472 3775 vulnerisloco.

1907 3812 2246 3880 Abrumpens
2274 3810 2525 3864 videlicet
2552 3825 2582 3863 a
2615 3809 2754 3878 pelle
2809 3823 2929 3877 quae
2969 3808 3275 3878 superjacet
3311 3807 3475 3872 collo,

1901 3917 2010 3955 non
2045 3901 2200 3955 valde
2223 3901 2366 3954 illam
2388 3915 2651 3970 separans
2681 3914 2712 3953 a
2751 3914 3000 3969 corpore,
3036 3908 3096 3954 ut
3115 3914 3218 3953 nec
3236 3898 3474 3969 dissipa-

1904 4000 1987 4045 ret
2007 3989 2159 4055 illud,
2185 4005 2286 4044 nec
2308 4005 2376 4044 eo
2416 4004 2604 4044 rursus
2645 3989 2994 4059 astringatur,
3022 3988 3167 4058 quod
3201 3987 3474 4063 significa-

1901 4092 1990 4137 tur
2007 4083 2242 4152 abrupto
2267 4081 2508 4136 vulneris
2533 4082 2674 4146 loco,
2699 4081 2805 4146 vel,
2836 4081 2979 4135 sicut
3005 4080 3147 4134 LXX
3171 4079 3362 4144 edunt,
3385 4095 3475 4135 re-

1902 4172 2165 4227 fractione
2191 4173 2405 4244 capitis.
2433 4173 2636 4228 Eodem
2669 4173 2871 4243 quippe
2885 4188 3140 4227 sermone
3174 4181 3228 4226 et
3252 4171 3476 4226 Samuel

1899 4259 1966 4315 ad
1992 4262 2209 4316 Saulem
2234 4277 2366 4316 usus
2388 4271 2491 4324 est,
2542 4263 2765 4331 quando
2819 4265 2870 4317 ei
2898 4278 3109 4317 armum
3139 4261 3295 4325 dans,
3323 4262 3470 4316 idem

1898 4354 2197 4409 secundum
2229 4353 2369 4406 LXX
2391 4353 2526 4407 dixit
2555 4369 2569 4406 :
2595 4352 2836 4420 Comede,
2882 4355 3006 4423 quia
3036 4353 3091 4406 in
3119 4354 3471 4407 testimonium

1898 4465 1932 4501 a
1958 4446 2149 4516 populo
2176 4447 2401 4514 positum
2431 4454 2507 4498 est
2529 4446 2621 4498 tibi
2645 4445 2711 4499 ⁸⁸.
2747 4445 3014 4516 Refringe,
3043 4445 3096 4498 id
3123 4451 3208 4498 est
3227 4459 3324 4513 per
3341 4460 3469 4514 par-

1900 4551 1981 4594 tes
2010 4539 2322 4593 comminue
2353 4547 2409 4592 et
2429 4553 2711 4593 consume.
2741 4539 2809 4593 Et
2835 4538 2957 4592 ideo
2985 4538 3147 4591 etiam
3182 4551 3329 4590 nunc
3355 4551 3467 4591 non

1900 4640 1960 4686 ut
1987 4631 2269 4686 occidatur
2290 4632 2428 4692 avis,
2461 4630 2556 4685 sed
2583 4643 2641 4684 ut
2702 4631 3062 4700 abrumpatur
3088 4629 3172 4685 vel
3202 4627 3466 4701 refringa-

1899 4731 1987 4776 tur
2012 4721 2283 4789 legislator
2302 4720 2483 4790 jussit,
2509 4719 2806 4773 ostendens
2867 4719 3140 4788 quomodo
3169 4733 3264 4788 per
3286 4729 3466 4786 partes

1896 4822 1951 4868 et
1981 4814 2176 4868 leniter
2208 4828 2393 4866 verum
2428 4821 2610 4881 caput,
2659 4812 2710 4865 id
2757 4821 2842 4865 est
2894 4820 3132 4865 mentem
3184 4810 3386 4864 dividat
3433 4826 3465 4865 a

1897 4907 2056 4975 pelle,
2080 4905 2132 4960 id
2165 4913 2266 4965 est.
2291 4921 2320 4958 a
2346 4920 2542 4970 carne;
2564 4904 2708 4958 unde
2735 4919 2835 4958 nec
2868 4903 3101 4958 ellundit
3124 4902 3464 4973 sanguinem,

1895 4997 1990 5052 sed
2015 4997 2308 5052 decurrere
2330 4997 2513 5061 faciet,
2538 4996 2622 5051 vel
2651 4997 2949 5051 secundum
2973 4996 3135 5060 LXX,
3163 4995 3391 5060 esculat,
3408 5003 3469 5049 ut

1896 5107 1992 5160 per
2023 5100 2206 5160 partes
2229 5101 2284 5145 et
2319 5091 2556 5159 perfecte
2584 5088 2847 5159 despiciat
2868 5089 3216 5158 praesentium
3238 5086 3466 5141 medita-

1897 5184 2100 5236 tionem
2131 5181 2216 5236 vel
2245 5182 2434 5244 vitam,
2465 5189 2654 5251 utpote
2681 5182 2773 5250 qui
2807 5191 2971 5235 totam
3033 5195 3184 5234 suam
3229 5178 3465 5232 animam

1895 5274 2091 5327 obtulit
2123 5273 2254 5326 Deo.
2299 5274 2410 5327 lloc
2444 5276 2589 5326 enim
2626 5274 2898 5343 significat
2935 5291 2949 5326 :
2991 5273 3054 5326 Et
3085 5271 3299 5340 sanguis
3323 5285 3469 5322 escu-

1897 5364 2036 5416 latus
2066 5365 2204 5416 circa
2239 5364 2409 5416 basim
2439 5364 2650 5426 altaris,
2681 5365 2824 5433 quod
2848 5372 2931 5418 est
2966 5363 3216 5417 Christus
3242 5359 3470 5414 :Cbristi

1903 5463 2085 5508 autem
2124 5454 2269 5508 basis
2298 5465 2382 5511 est
2405 5453 2783 5526 Evangelium,
2813 5455 2866 5508 in
2905 5469 3013 5523 quo
3043 5452 3273 5506 maxime
3305 5465 3470 5518 opor-

1905 5553 2019 5598 tere
2043 5560 2139 5598 nos
2170 5554 2494 5614 praesentem
2523 5547 2687 5599 vitam
2733 5547 3037 5615 despicere,
3065 5551 3254 5612 utpote
3303 5549 3470 5594 totant

1902 5638 2140 5690 animam
2170 5648 2416 5691 nostram
2457 5636 2567 5691 Deo
2598 5638 2914 5699 offerentes,
2949 5635 3255 5691 didicimus.
3315 5631 3472 5686 Vesi-

2351 5770 2395 5800 ⁸⁶
2431 5765 2700 5832 Matth.v,
2733 5768 2786 5823 8.
2878 5771 2920 5802 ⁸τ
2967 5770 3064 5823 lsa.
3112 5782 3340 5825 xxxviii.
3386 5766 3469 5824 li.
