4218 6448
726 457 835 522 803

736 666 839 717 est,
865 666 1116 722 utroque,
1151 661 1207 703 et
1249 647 1546 703 inﬂatione.
1575 653 1735 708 atque
1764 637 2163 707 superﬂuorum
2230 633 2315 684 in-

735 746 1029 815 quisitione
1061 758 1186 796 eum
1206 755 1411 800 carere,
1441 735 1802 800 mundarique
1824 730 2010 782 volens
2040 746 2052 778 :
2084 726 2317 779 maxime

738 839 883 890 enim
915 838 999 888 his
1034 832 1398 904 passionibus,
1433 829 1484 881 bi
1517 829 1606 894 qui
1641 823 1877 875 nberiori
1903 821 2110 888 pollent
2140 819 2318 869 scien-

742 931 836 990 tia,
856 925 1240 980 succumbunt.
1274 929 1563 975 attestante
1589 915 1750 967 l’aulo
1777 932 1788 962 :
1822 912 2053 964 Seientiu
2079 910 2229 974 inflat
2249 908 2312 958 ".

743 1021 810 1072 Et
835 1032 1067 1070 rursus:
1120 1013 1177 1067 Si
1217 1014 1332 1081 quis
1388 1011 1592 1062 videtur
1640 1007 1773 1058 seire
1825 1003 2053 1066 aliquid,
2102 1000 2317 1051 necdum

744 1107 979 1178 cognovit
1003 1102 1440 1173 quemadmodum
1495 1108 1728 1167 oporteat
1763 1112 1877 1147 eum
1914 1094 2044 1144 scire
2069 1091 2133 1142 ".
2180 1089 2318 1140 Rur-

745 1216 837 1252 sus
868 1199 981 1266 ἱρῇ(
1004 1198 1080 1248 ait
1115 1213 1127 1245 :
1155 1193 1353 1258 Corpus
1398 1200 1574 1240 autem
1612 1186 1802 1241 Christi
1833 1201 1850 1236 :
1901 1198 2052 1234 nemo
2074 1198 2160 1233 vos
2190 1179 2322 1231 deri-

747 1292 879 1357 piat,
925 1287 1097 1339 uolens
1123 1287 1176 1336 in
1211 1283 1509 1335 humilitate
1545 1291 1591 1330 et
1617 1279 1865 1345 religione
1889 1275 2192 1342 angelorum
2207 1289 2323 1340 quae

749 1399 850 1432 non
883 1381 1032 1438 cidit,
1095 1377 1375 1429 ambulans
1425 1374 1624 1441 frustra
1670 1357 1887 1435 inﬂatus
1945 1383 2096 1418 sensu
2150 1365 2323 1417 contis

747 1488 855 1523 sua:
880 1470 945 1522 ⁸⁸,
983 1471 1117 1521 Nam
1152 1465 1490 1518 Tlieodotion
1555 1460 1808 1513 similiter
1855 1459 2080 1509 vesicam
2110 1456 2278 1508 edidit
2308 1472 2320 1504 :

749 1561 936 1629 Aquila
964 1559 1154 1621 σιτίον,
1181 1557 1236 1609 id
1281 1563 1365 1607 est
1392 1552 1678 1611 cibarium,
1710 1550 1834 1629 quia
1863 1548 1914 1598 in
1943 1547 2136 1598 avibus
2168 1544 2321 1596 inﬂa-

753 1621 1083 1718 tioniaptum
1115 1662 1209 1700 vas
1234 1644 1648 1712 suscipiensque
1682 1621 1980 1707 superﬂua,
2007 1636 2184 1689 vesica
2219 1643 2322 1688 est.

752 1742 870 1794 bon
901 1755 1031 1810 ergo
1061 1739 1318 1806 permittit
1345 1733 1543 1795 inﬂari,
1577 1742 1631 1785 et
1679 1732 1798 1784 ideo
1827 1729 2028 1781 auferri
2074 1727 2330 1796 prtecrpit

756 1833 1016 1886 vesicam.
1048 1831 1154 1883 Sed
1190 1843 1291 1881 nec
1320 1827 1522 1895 majora
1563 1824 1718 1877 nobis
1746 1836 1989 1890 qu:erere
2020 1820 2324 1872 velaltiora.

1914 437 2202 498 HESYCH
2217 437 2266 493 ll
2313 435 2404 493 PR
2417 431 2759 491 ESBYTEPI

739 569 910 620 «clam
937 574 1116 619 autem
1138 559 1372 633 gutturis
1420 564 1474 608 et
1524 555 1737 624 plumas
1784 548 1973 617 projici
2019 546 2200 615 jussit,
2260 544 2310 595 id
2346 555 2385 602 Α

3891 414 4000 476 8οι

3033 595 3262 650 CAPUT
3309 596 3374 648 ll.

2490 715 2653 766 Vnus.
2689 713 2805 764 1-5.
2863 731 2880 762 ι
2943 710 3133 764 Anima
3184 724 3309 762 cum
3341 704 3597 758 obtulerit

2416 805 2663 860 sacriﬁcii
2699 803 2945 860 Domino,
2975 801 3151 853 simila
3168 800 3270 852 erit
3299 800 3417 864 ejus
3441 795 3660 852 oblatio.
3698 793 3896 844 funde-1
3921 809 4006 855 ire

2417 911 2582 963 super
2606 909 2724 947 eam
2752 892 2954 950 oleum,
2985 902 3039 942 et
3063 898 3227 957 ponet
3261 888 3406 947 llius,
3438 901 3500 937 ac
3529 885 3738 937 deferet
3767 883 3835 934 ad
3867 882 4008 932 tilias

2417 990 2596 1040 Aaron
2650 985 2972 1039 saeerdotis.
3033 984 3277 1045 Quorum
3325 993 3468 1030 unus
3516 976 3666 1027 tollet
3733 974 4004 1042 pugillmn

2419 1079 2638 1146 plenum
2673 1075 2860 1127 similae
2885 1082 2940 1125 et
2969 1073 3070 1123 ola-i
3101 1086 3165 1123 ac
3202 1079 3373 1121 totum
3408 1069 3557 1127 thus,
3590 1076 3645 1117 et
3678 1081 3765 1133 po.
3794 1075 3848 1114 et
3889 1077 4008 1114 rne-

2421 1169 2646 1223 moriale
2669 1182 2835 1234 super
2864 1165 3034 1216 altare
3084 1163 3136 1213 in
3198 1164 3422 1212 adorent
3464 1158 3853 1210 suavissimum
3903 1153 4009 1202 Do—

2418 1257 2591 1310 mino.
2623 1254 2777 1318 Quod
2800 1262 2981 1304 autem
3016 1250 3283 1316 reliquum
3315 1247 3478 1299 fuerit
3504 1247 3570 1296 de
3595 1243 3890 1300 sat-riliiio,
3908 1251 4014 1290 ειμι

2421 1346 2599 1399 Aaron
2619 1353 2673 1397 et
2693 1343 2925 1396 ﬁliorum
2955 1341 3075 1408 ejus
3122 1342 3379 1392 Sani-tum
3420 1346 3731 1390 sauciorum
3759 1336 3827 1384 de
3854 1333 4011 1382 obla-

2425 1436 2663 1490 tionibus
2686 1434 2923 1487 Domini.
2956 1451 2973 1483 ι

2493 1527 2635 1592 Quia
2659 1527 2897 1579 animam
2927 1534 3100 1577 totum
3135 1522 3411 1575 hominem
3452 1518 3717 1585 appellat;
3776 1531 3904 1567 man
3935 1514 4011 1565 fe-

2425 1628 2567 1672 stum
2597 1626 2682 1671 est
2712 1632 2777 1670 ex
2805 1618 2909 1669 hoc
2925 1614 3069 1683 quod
3110 1613 3184 1666 ait
3216 1631 3228 1664 :
3267 1610 3457 1664 Simila
3487 1611 3586 1662 erit
3623 1609 3738 1675 ejus
3774 1607 4013 1657 oblatio:

2428 1710 2482 1762 in
2507 1719 2678 1764 totum
2703 1711 2941 1762 animam
2985 1709 3184 1760 iterare
3207 1705 3397 1757 volens
3430 1704 3531 1755 hoc
3561 1701 3706 1770 quod
3764 1698 4012 1751 ﬂendum

2428 1812 2566 1864 erat,
2600 1802 2798 1854 deinde
2824 1809 2879 1854 et
2906 1799 3140 1852 similam
3174 1796 3358 1850 oﬂerri
3392 1793 3654 1863 pracipit.
3685 1792 3882 1842 Anima
3912 1806 4014 1840 au-

3666 702 3892 754 OLiitllO'
3919 717 4002 749 (‘3‘.

757 1924 954 1978 Altiora
981 1922 1122 1974 enitn
1153 1931 1221 1980 te,
1257 1920 1347 1977 ait,
1390 1933 1452 1968 ne
1511 1915 1799 1984 quarsieris,
1835 1920 1884 1964 et
1915 1910 2223 1964 sublimiora
2278 1919 2326 1960 te

2437 1901 2537 1945 tem
2569 1892 2682 1959 ipsa
2713 1906 2809 1958 per
2835 1905 2895 1944 se
2921 1891 3195 1958 quomodo
3221 1889 3457 1941 deferret
3471 1885 3828 1944 oblationem,
3848 1895 4014 1948 quam

759 2033 822 2067 nc
849 2022 1113 2067 scrutatus
1147 2010 1306 2081 {ueris
1327 2010 1392 2061 “.
1420 2005 1571 2059 Unde
1600 2015 1653 2058 et
1693 2006 1904 2074 plumas
1934 2003 2000 2054 ab
2034 2000 2206 2053 hostia
2241 2014 2328 2051 se-

760 2107 986 2174 paravit,
1049 2110 1103 2155 et
1172 2100 1402 2168 projecit
1472 2105 1692 2167 propter
1757 2095 1924 2146 altare
1973 2092 2038 2143 ad
2116 2092 2326 2161 plagam

759 2195 1098 2254 orientalem,
1168 2193 1224 2244 in
1271 2190 1389 2244 loco
1429 2189 1483 2241 in
1530 2203 1639 2256 quo
1681 2185 1891 2239 cineres
1957 2182 2162 2236 eﬂundi
2196 2219 2207 2230 .
2237 2195 2328 2234 so-

763 2291 891 2341 li-nt.
919 2286 996 2339 Ad
1027 2284 1292 2337 orientem
1313 2280 1556 2349 quidem,
1581 2278 1704 2346 quia
1723 2276 1998 2344 inquisitio
2018 2273 2328 2328 sublimium

761 2394 943 2432 rerum
966 2377 1181 2429 videtur
1206 2387 1347 2425 esse.
1385 2369 1734 2423 Extraaltare
1785 2376 1987 2429 autem,
2037 2365 2167 2433 quia
2219 2380 2328 2417 non

765 2469 1152 2527 necessariam,
1183 2465 1278 2518 sed
1303 2461 1628 2531 superﬂuam
1661 2468 1822 2527 atque
1873 2457 2087 2509 noxiam
2120 2463 2333 2507 scruta-

766 2563 970 2614 tionem
1000 2557 1262 2628 possidet.
1313 2555 1373 2608 Iu
1433 2554 1611 2606 locum
1639 2561 1820 2603 autem
1861 2549 2017 2617 jubet
2059 2548 2332 2607 cinerum,

768 2661 990 2723 propter
1011 2659 1282 2708 naturam,
1315 2646 1381 2699 de
1406 2659 1510 2712 qua
1542 2643 1813 2694 Abraham
1859 2639 1992 2692 dicit
2018 2657 2030 2689 :
2061 2635 2173 2705 Ego
2218 2650 2335 2686 sum

768 2745 935 2810 puluis
947 2753 992 2795 et
1007 2742 1135 2794 cinis
1145 2741 1210 2790 ".
1227 2738 1365 2806 Ergo
1378 2751 1469 2805 per
1485 2735 1664 2787 locum
1680 2733 1924 2786 cinerqu
1939 2731 2247 2798 prtedictam
2262 2728 2333 2780 in-

769 2834 1041 2888 ﬂationem
1059 2830 1333 2892 redarguit
1349 2825 1640 2895 Iegislator,
1662 2831 1849 2891 utpote
1865 2835 1985 2888 quae
2001 2820 2161 2888 digna
2176 2822 2248 2871 sit
2261 2818 2339 2869 ei-

772 2941 920 2990 nere;
941 2925 1082 2992 quod
1099 2930 1278 2975 autem
1294 2919 1477 2972 cinere
1493 2917 1711 2984 dignum
1733 2922 1837 2977 est,
1851 2912 2104 2965 deorsum
2126 2911 2178 2962 in
2195 2920 2336 2962 terra

773 3021 1053 3071 manet.-et
1067 3012 1118 3062 in
1138 3010 1332 3062 cmlum
1349 3006 1638 3059 ascendere
1653 3018 1757 3055 non
1775 3009 1968 3070 potest.
1995 3000 2196 3053 Deinde
2219 2999 2296 3052 ait
2320 3016 2334 3051 :

845 3102 1246 3171 Confringetque
1295 3095 1516 3149 ascellas
1565 3094 1698 3161 ejus,
1755 3103 1803 3145 et
1858 3109 1960 3143 non
2003 3091 2340 3152 s‘cabit,nee

773 3197 911 3264 ferro
927 3192 1136 3244 dividet.
1173 3187 1488 3241 Necessarie
1511 3184 1832 3254 praecipiens
1862 3193 2154 3249 utrumque
2174 3201 2183 3227 ;
2203 3196 2338 3232 eon-

772 3280 1020 3349 l'ringens
1054 3277 1344 3345 siquidem,
1379 3274 1503 3342 quia
1527 3279 1739 3340 oportet
1771 3271 2009 3322 membra
2056 3277 2338 3324 conterere

774 3376 934 3436 atque
959 3365 1190 3434 aﬂligere
1207 3377 1332 3416 eum
1386 3362 1476 3429 qui
1529 3361 1636 3412 Deo
1659 3357 1980 3412 sacriﬁciqu
2007 3357 2120 3409 ﬁeri
2169 3358 2336 3424 cupit.

776 3457 894 3510 Non
925 3455 1130 3508 sceabit
1161 3462 1366 3514 autem,
1412 3465 1514 3504 nec
1568 3451 1715 3502 ferro
1779 3448 2003 3511 dividet,
2029 3462 2130 3500 nec
2181 3447 2343 3500 faciet

775 3561 930 3598 avem
975 3546 1114 3597 sicut
1177 3544 1366 3595 bovem
1422 3549 1688 3592 autovem
1732 3554 1829 3606 per
1884 3537 2197 3590 divisiones.
2230 3535 2342 3588 lloc

775 3636 975 3704 quippe
998 3643 1050 3686 ct
1102 3633 1370 3685 Abraham
1442 3631 1494 3683 in
1557 3645 1657 3682 suo
1717 3627 1982 3701 sacriﬁcio
2025 3627 2339 3691 custodivit,

777 3725 992 3795 quando
1028 3726 1133 3777 Deo
1160 3725 1379 3788 iubente
1436 3737 1655 3775 vaccam
1684 3720 1917 3780 trimam.
1982 3720 2235 3772 similiter
2289 3730 2344 3772 et

777 3832 1012 3886 capram,
1035 3824 1089 3867 et
1114 3815 1335 3867 arietem
1361 3813 1650 3874 triennem,
1675 3821 1730 3864 et
1757 3821 2022 3864 turturem
2053 3819 2106 3864 et
2133 3810 2342 3863 colum-

781 3912 901 3960 bam
925 3905 1156 3968 obtulit;
1185 3904 1260 3974 ait
1291 3903 1434 3955 enim
1469 3919 1484 3952 :
1517 3901 1723 3967 Accepit
1744 3901 1840 3953 sibi
1882 3904 1992 3952 lure
2041 3901 2240 3962 omnia,
2295 3908 2344 3951 et

779 3997 951 4049 divisit
981 4011 1039 4046 ea
1067 4009 1156 4060 per
1176 3994 1403 4045 medium
1449 3991 1777 4052 altrinsecus,
1802 3998 1849 4042 et
1899 3999 2076 4040 contra
2105 4005 2158 4041 se
2187 4005 2345 4056 expo-

779 4089 903 4150 suit,
936 4103 1054 4139 aves
1081 4096 1252 4139 autem
1283 4101 1383 4136 non
1398 4085 1568 4137 diuisit
1595 4084 1660 4134 “.
1708 4081 2008 4136 Prudenter
2030 4091 2209 4135 autem
2243 4085 2346 4134 hec

780 4179 1092 4238 custodivit.
1147 4186 1306 4244 atque
1354 4176 1654 4230 secundum
1709 4174 2040 4227 intellectum
2093 4176 2342 4242 praecepti

783 4282 930 4321 nunc
955 4268 1009 4319 in
1042 4267 1208 4335 legem
1234 4267 1345 4320 dat.
1393 4265 1876 4334 Contemplationi'
1904 4265 2049 4317 enim
2075 4264 2347 4317 inluerens

784 4359 970 4418 homo.
1004 4358 1245 4426 nihilque
1282 4358 1490 4411 habens
1554 4367 1856 4413 terrenum.
1891 4356 1985 4408 sed
2047 4356 2138 4423 qui
2203 4364 2346 4407 totus

779 4447 1094 4517 jamdudum
1110 4446 1344 4500 cmlestis
1374 4445 1788 4502 est.adversans
1816 4442 2009 4495 anima:
2041 4457 2148 4493 non
2185 4441 2348 4494 habet

2428 1997 2651 2036 necesse
2679 1982 2912 2035 habebat
2936 1982 3260 2049 deprecans,
3312 1986 3367 2031 et
3406 1977 3472 2028 ad
3533 1977 3636 2028 hoc
3668 1976 3862 2040 utique
3916 1988 4010 2023 ne-

2429 2072 2724 2127 cessarium
2757 2071 2983 2124 haberet
3015 2069 3380 2122 ministerium
3416 2065 3702 2134 corporis?
3763 2065 3875 2116 Sed
3912 2079 4008 2113 au-

2431 2165 2715 2230 ribusqua:
2744 2161 2944 2214 divinis
2975 2171 3102 2213 sunt
3146 2158 3460 2212 assuefact-tr
3517 2157 3840 2224 Scripturis,
3880 2155 4017 2206 nihil

2431 2254 2687 2306 novitatis
2719 2254 2805 2306 hic
2835 2253 3030 2305 asserit
3052 2267 3252 2304 sermo.
3308 2251 3440 2303 Nam
3481 2257 3538 2302 et
3592 2250 3744 2311 ahbi,
3769 2249 4014 2300 animam

2432 2361 2529 2415 per
2555 2360 2632 2409 se,
2667 2358 2845 2398 tutores
2877 2361 3004 2397 vero
3023 2355 3195 2398 totum
3228 2345 3506 2396 hominem
3530 2342 3867 2411 appellavit;
3898 2342 4016 2392 vel-

2435 2439 2510 2490 uti
2547 2453 2669 2490 cum
2695 2453 2885 2491 eorum
2928 2437 3018 2504 qui
3051 2439 3105 2489 iu
3174 2436 3403 2506 [Egypto
3455 2437 3862 2489 descendezuut
3911 2449 4019 2485 nu—

2435 2545 2643 2582 merum
2671 2531 2944 2598 digerens,
2973 2530 3048 2581 ait
3073 2546 3084 2580 :
3110 2526 3322 2581 Cuncta:
3367 2529 3562 2580 animm
3601 2543 3720 2595 qui?
3763 2527 4022 2594 ingressa

2434 2631 2553 2672 sunt
2577 2637 2694 2672 cum
2715 2620 2880 2673 Jacob
2912 2622 2964 2672 in
2991 2619 3300 2688 ﬁgyptum,
3335 2629 3381 2670 et
3412 2620 3603 2687 egressi
3627 2620 3690 2669 de
3726 2619 4018 2687 femoribus

2437 2713 2572 2781 ejus.
2601 2712 2796 2781 absque
2823 2713 3071 2764 uxoribus
3087 2713 3341 2771 ﬁliorum,
3373 2713 3707 2779 septuaginta
3736 2712 3800 2762 ⁸⁸.
3827 2712 3937 2761 Sed
3967 2719 4022 2760 et

2439 2805 2633 2864 Lucas,
2664 2819 2788 2857 cum
2817 2804 2964 2857 l’auli
3000 2803 3269 2872 navigium
3297 2801 3521 2855 Romam
3573 2803 3760 2854 euntis
3800 2803 4022 2855 descri-

2439 2894 2616 2953 beret,
2643 2893 2717 2946 ait
2750 2911 2763 2946 :
2802 2892 3032 2947 Eramus
3054 2903 3230 2946 autem
3259 2910 3436 2946 omnes
3472 2893 3667 2945 anime
3687 2895 3744 2944 in
3777 2894 4022 2944 nat-idu-

2439 2982 2572 3034 centi
2598 2981 2931 3049 septuaginta
2959 2993 3008 3033 et
3035 2971 3144 3033 sex.
3172 2982 3241 3032 ".
3281 2979 3606 3033 Intuendum
3685 2991 3772 3032 est
3829 2990 4022 3032 autem

2440 3088 2510 3125 ne
2542 3072 2763 3125 forsitan
2783 3073 3019 3125 animam
3069 3073 3125 3125 in
3185 3073 3287 3126 hoc
3325 3072 3448 3125 loco
3502 3072 3757 3141 gentilem
3789 3073 4025 3124 dixis-set

2445 3164 2722 3216 hominem
2749 3182 2761 3216 :
2790 3169 2915 3232 quia
2951 3165 3094 3216 enim
3142 3165 3394 3230 superius
3452 3164 3574 3216 [iliis
3608 3163 3770 3216 Israel
3802 3180 3870 3216 ea
3901 3181 4027 3232 qua:

2444 3263 2573 3306 sunt
2623 3253 2674 3304 in
2715 3254 2979 3321 sanguine
3031 3254 3294 3306 sacriﬁcia
3346 3254 3485 3306 dixit
3529 3270 3542 3305 :
3598 3254 3859 3322 Loquere,
3927 3256 4024 3314 ait,

2439 3343 2565 3409 [iliis
2609 3343 2778 3396 Israel
2807 3359 2824 3394 :
2889 3347 3060 3397 Homo
3109 3346 3200 3413 qui
3229 3344 3471 3396 obtulerit
3507 3362 3571 3397 ex
3598 3346 3738 3397 vobis
3791 3345 4026 3398 hostium

2442 3435 2686 3499 Domino,
2716 3438 2780 3489 de
2808 3438 3102 3504 pecoribus,
3132 3438 3186 3490 id
3215 3447 3290 3490 est
3324 3438 3388 3489 de
3408 3438 3567 3490 bobus
3599 3448 3647 3489 et
3675 3439 3856 3490 ovibus
3889 3441 4027 3504 olfe-

2442 3539 2516 3580 ret
2536 3529 2925 3592 victimas;hic
2950 3529 3078 3581 illud
3121 3529 3264 3597 quod
3330 3539 3482 3581 extra
3531 3531 3854 3596 sanguinem
3919 3540 4024 3595 est,

2441 3619 2768 3670 sacriﬁcium
2794 3619 2987 3670 simila:
3019 3618 3339 3685 pnecipicns
3377 3617 3705 3678 necessarie.
3733 3632 3844 3670 non
3863 3620 4024 3680 divit'.

2445 3709 2618 3762 Homo
2640 3710 2898 3775 cx_vobis,
2914 3709 3032 3772 sed,
3052 3709 3245 3760 Anima
3269 3724 3385 3759 cum
3407 3707 3649 3760 obtulerit
3674 3709 4024 3768 oblationem,

2443 3800 2676 3851 animam
2709 3800 2963 3868 gentilem
2990 3799 3301 3860 nominans,
3351 3799 3474 3865 quia
3541 3798 3808 3851 anima'es
3866 3812 4030 3853 erant

2445 3891 2618 3959 prius,
2651 3891 2815 3959 etqui
2841 3906 2948 3942 non
2975 3891 3281 3958 potuissent
3322 3889 3622 3957 intelligere
3653 3906 3714 3942 ea
3746 3907 3872 3959 qua!
3898 3902 4032 3946 sunt

2445 3983 2690 4050 spiritus;
2710 3989 3083 4034 verumtamen
3097 3990 3358 4035 vocantur
3377 3981 3443 4032 ad
3468 3981 3822 4046 oblationem,
3845 3987 3990 4038 mise
4004 4014 4032 4025 -

2447 4082 2601 4126 rante
2655 4088 2753 4125 eos
2774 4073 2920 4140 justo
2961 4073 3090 4131 Deo.
3146 4082 3308 4141 atque
3355 4089 3452 4141 per
3495 4075 4029 4129 condescensionetn

2447 4165 2714 4218 salvante.
2744 4163 2816 4217 De
2839 4179 2949 4230 quo
2975 4174 3031 4216 et
3067 4163 3322 4216 Salomon
3366 4164 3498 4216 dicit
3555 4164 3610 4216 in
3661 4163 3985 4217 Proverbiis
4014 4185 4027 4218 :

2444 4250 2626 4303 Justus
2663 4253 2937 4303 miseretur
2963 4251 3538 4318 animasjumentorum
3566 4269 3784 4315 suorum
3813 4256 3884 4306 ".
3915 4255 4031 4308 llu-

2443 4341 2534 4410 jus
2565 4357 2694 4411 ergo
2721 4344 2810 4408 qui
2838 4353 2959 4411 eget
2991 4343 3198 4394 divitiis
3247 4359 3369 4411 qua:
3419 4356 3550 4397 sunt
3595 4349 3891 4407 virtutum,
3928 4349 4033 4402 erit

2447 4433 2650 4485 oblatio
2681 4433 2878 4485 simila.
2907 4434 3071 4486 l’aulo
3085 4435 3388 4501 postenim,
3413 4451 3537 4488 eum
3558 4451 3652 4503 pro
3673 4440 3923 4504 peccatis
3945 4455 4034 4493 sa-

784 4552 982 4607 corpus
1019 4555 1032 4589 :
1063 4538 1326 4606 integrum
1362 4536 1560 4604 quippe
1583 4535 1703 4602 ejus
1731 4547 1929 4600 corpus
1954 4540 2009 4585 et
2029 4533 2206 4585 anima
2238 4540 2339 4589 est.
2378 4535 2418 4589 ο
2447 4524 2650 4579 ct'il‘tcia
2671 4527 2932 4594 disponit,
2961 4541 3085 4578 eum
3122 4527 3213 4595 qui
3263 4542 3365 4580 nec
3392 4543 3550 4581 ovem
3599 4528 3762 4583 habet
3787 4547 3896 4584 nec
3943 4548 4030 4586 ea-

785 4629 878 4683 scd
910 4635 966 4680 et
993 4627 1236 4692 spiritus,
1268 4629 1565 4681 secundum
1591 4626 1732 4694 quod
1767 4626 1900 4678 dixit
1955 4623 2152 4676 Paulus
2181 4641 2192 4675 :
2225 4621 2350 4675 Sine

786 4718 994 4789 querela
1012 4717 1065 4769 in
1081 4718 1357 4770 adventum
1387 4717 1593 4770 Domini
1614 4716 1902 4769 custoditur
1917 4712 1982 4766 ".
2009 4713 2073 4767 Et
2103 4722 2350 4781 propter-

787 4826 850 4864 ea
884 4807 1153 4877 superﬂua
1203 4810 1258 4861 in
1297 4809 1378 4862 eis
1435 4809 1804 4862 membrorum
1847 4806 2046 4860 divisio
2074 4814 2178 4861 est.
2211 4805 2351 4858 inte-

788 4914 940 4969 grum
969 4899 1112 4951 enim
1139 4913 1304 4968 super
1335 4898 1669 4967 intelligibilc
1709 4897 1900 4958 altare,
1925 4903 1979 4950 et
2007 4910 2172 4964 super
2204 4895 2350 4964 ligna

750 5017 754 5021 -
788 4982 1306 5059 quibus‘subjicitur
1335 4987 1496 5057 ignis,
1529 4987 1790 5040 oﬂ'ertur:
1817 5000 1993 5053 neque
2017 4986 2161 5038 enim
2190 4985 2348 5038 aliter

789 5078 1114 5135 sacriﬁcium
1161 5077 1492 5147 acceptabile
1542 5075 1790 5135 cﬂicitur.
1843 5074 1945 5127 nisi
2002 5073 2347 5127 meditatione

788 5168 1043 5239 spiritalis
1066 5169 1220 5237 legis.
1251 5177 1305 5222 et
1340 5177 1469 5222 tunc
1513 5166 1887 5220 holocaustum
1917 5173 1972 5217 et
1995 5164 2198 5217 oblatio
2221 5179 2350 5217 sua-

790 5259 991 5314 vissimi
1013 5257 1192 5312 odoris
1221 5256 1449 5310 Domino
1493 5257 1759 5326 reperitur
1799 5255 1890 5322 qui
1919 5269 2132 5322 semper
2155 5254 2351 5307 odora-

791 5358 878 5401 tur
898 5347 1217 5402 sacriﬁcium
1241 5356 1507 5406 nostrum,
1529 5353 1582 5399 et
1635 5344 2063 5411 uniuscujusque
2103 5352 2348 5396 nostrum

788 5438 954 5490 vitam
986 5436 1100 5489 sive
1148 5436 1611 5489 conversationem
1645 5475 1659 5496 ,
1714 5450 1782 5487 an
1833 5433 2132 5487 secundum
2177 5435 2348 5504 legem

789 5543 904 5594 qu.e
937 5525 1006 5580 ab
1030 5541 1096 5581 eo
1123 5527 1242 5580 data
1260 5536 1362 5590 est,
1388 5529 1665 5582 oﬂeratur.

880 5749 920 5778 “
948 5748 963 5798 1
991 5748 1117 5802 Cor.
1152 5766 1268 5807 vin.
1306 5749 1354 5803 l.
1461 5752 1502 5780 ε’
1539 5750 1672 5802 ibid.
1717 5749 1774 5801 ἓ.
1851 5749 1895 5780 ⁶³
1927 5747 2138 5802 Coloss.
2175 5762 2231 5800 ιι.
2261 5747 2313 5797 4.

2417 5745 2462 5776 ⁸⁵
2495 5743 2660 5800 Eccli.
2693 5761 2776 5806 ιιι.
2799 5743 2896 5800 ἳῖ.

2449 4635 2621 4689 praui,
2644 4628 2886 4673 turtures
2915 4630 2970 4673 et
3018 4621 3192 4689 pullos
3241 4623 3617 4677 columbarum
3663 4624 3868 4678 oﬂerre
3893 4644 4035 4695 pra:-

2447 4711 2592 4779 (epit
2619 4728 2638 4766 ι
2667 4712 2759 4779 qui
2794 4721 2977 4765 autem
3010 4727 3110 4765 nec
3143 4714 3244 4765 hoc
3278 4714 3461 4770 habet.
3497 4715 3730 4768 similam
3757 4733 3891 4772 eum
3912 4734 4034 4771 san-

2447 4805 2522 4855 cit
2545 4802 2763 4856 oﬂ'erre.
2797 4801 2914 4856 Non
2944 4804 3089 4856 enim
3109 4805 3219 4872 jam
3247 4819 3309 4857 ex
3345 4805 3626 4872 operibus.
3660 4817 3856 4875 utpote
3893 4825 4034 4878 pau-

2449 4907 2546 4959 per
2573 4892 2881 4955 virtutibus,
2911 4892 3004 4944 sed
3060 4892 3172 4946 sola
3227 4891 3318 4944 Dei
3378 4894 3688 4960 cognitione
3730 4896 3979 4948 salvatur
4017 4912 4029 4945 :

2449 4997 2570 5050 qua:
2593 4981 2646 5033 in
2693 4981 2810 5050 lege
2839 4982 3011 5035 simila
3035 5028 3051 5046 ,
3084 4983 3138 5036 in
3197 4981 3488 5053 Evangelio
3517 4993 3695 5036 autem
3725 4985 3904 5037 farina
3934 5001 4034 5039 no-

2445 5075 2722 5137 minatur;
2755 5073 2824 5126 ait
2849 5074 2995 5126 enim
3027 5074 3290 5128 Duzminus
3325 5092 3336 5126 :
3369 5075 3554 5128 Simile
3582 5084 3655 5127 est
3683 5091 3910 5143 regnum
3929 5093 4034 5130 az-

2449 5160 2616 5214 lorum
2649 5163 2918 5232 (craticula,
2952 5166 3088 5227 quod
3113 5163 3304 5231 accipit
3359 5163 3568 5225 mulier,
3602 5173 3652 5215 et
3673 5162 3950 5216 abscondit
3981 5165 4034 5214 in

2449 5254 2768 5322 farimesata
2801 5255 2925 5311 tria.
2959 5269 3120 5322 usque
3151 5254 3279 5324 dunt
3325 5254 3731 5321 {erutentaretnr
3761 5264 3934 5306 totum
3964 5256 4032 5317 ",

2451 5341 2746 5395 Ecclesiam
2779 5342 3108 5410 signiﬁcans,
3160 5358 3281 5410 que
3311 5345 3362 5395 in
3430 5342 3714 5396 Trinitatis
3737 5345 3912 5397 verbo
3934 5344 4036 5397 fer-

2454 5441 2658 5486 mentat
2683 5432 2964 5500 theologia:
2988 5433 3324 5498 mysterium.
3363 5432 3484 5485 llu-c
3531 5434 3702 5486 simila
3720 5435 4034 5486 secundum

2455 5525 2626 5595 legem
2657 5524 2874 5581 dicitur.
2913 5525 3054 5577 unde
3087 5531 3140 5577 el.
3179 5533 3289 5578 tres
3335 5525 3575 5578 decimas
3597 5525 3787 5578 simila:
3832 5526 4038 5578 oﬂ'erro

2974 5746 3018 5776 ⁸³
3041 5743 3175 5799 Gen.
3212 5759 3367 5805 xvut,
3398 5743 3489 5795 ‘27.
3566 5744 3609 5774 “
3642 5741 3780 5799 Gen.
3820 5761 3913 5810 xv,
3941 5745 4038 5802 10.

769 5816 870 5899 ."l
903 5816 1162 5882 Thcss.v,
1194 5820 1285 5873 Ξῖ).
1362 5819 1407 5851 ⁸⁸
1426 5818 1594 5872 Exod.
1626 5819 1728 5882 t,5.
1807 5820 1848 5849 “
1885 5823 2005 5870 Act.
2043 5833 2209 5879 xxvn,
2241 5817 2328 5871 57.
2405 5816 2450 5846 ὀ
2478 5815 2643 5869 Prov.
2679 5831 2773 5876 xu,
2806 5817 2899 5869 4ο.
2969 5811 3008 5842 ’¹
3035 5813 3222 5870 Matth.
3249 5830 3368 5872 xm.
3396 5815 3484 5867 53.
