4218 6448
227 375 330 442 805

1386 375 1461 433 IN
1501 375 1938 436 LEVITICUM.
1985 401 2053 411 -'
2095 375 2239 436 LIB.
2279 378 2325 439 1.

3371 385 3479 452 806

227 486 291 539 ad
313 483 676 553 expiationem
709 483 893 552 lepra,
921 483 972 536 id
994 491 1078 537 est
1120 483 1186 536 ad
1240 484 1618 540 remissionem
1667 501 1797 556 pec-
1830 495 1868 545 Α
1905 485 2062 546 LXX.
2092 504 2198 541 non
2233 489 2432 544 dicitur
2471 497 2529 543 ιιι
2573 489 2820 548 absolute
2851 489 3170 547 oﬁerentem
3200 494 3478 564 signiﬁes-

223 574 350 637 cati,
379 573 519 628 Deus
554 572 719 644 Moysi
753 573 1028 642 pra-cepit.
1082 573 1153 628 Ut
1185 589 1315 644 ergo
1335 575 1512 630 adhuc
1537 579 1792 642 crassior,

223 675 413 734 etqiue
465 664 700 718 necdum
725 664 882 734 plena
914 665 966 716 in
1015 665 1131 736 lege
1185 666 1369 721 divina
1421 667 1657 738 cognitio
1700 683 1798 722 ne-

222 755 647 810 cessariesimila
676 757 998 825 appellatur,
1026 758 1079 810 in
1135 758 1445 828 Evangeliis
1486 769 1668 814 autem
1719 761 1797 814 fa-

203 846 361 907 -rina,
387 854 446 899 ut
472 846 785 900 subtiliores
829 847 1081 902 videlicet
1130 848 1553 902 etsubliniiores
1601 865 1632 904 a
1677 850 1796 920 lege

223 937 528 991 intellectus
557 937 801 999 habens,
842 939 944 992 hoc
988 940 1194 1009 Moyses
1233 939 1467 994 innuens
1497 942 1643 1012 (quia
1685 950 1793 995 tam

222 1029 395 1082 farina
435 1044 597 1096 quam
628 1029 827 1088 simila.
862 1040 1086 1098 pr0pter
1116 1031 1401 1099 praedictas
1468 1048 1660 1086 causas
1710 1034 1792 1088 di-

222 1117 345 1167 vina
403 1117 629 1169 scientia
688 1128 901 1186 poterat
959 1117 1111 1189 dici.)
1145 1136 1268 1173 cum
1335 1131 1631 1191 apparente
1684 1123 1794 1177 Deo

220 1208 446 1261 Abrahae
475 1210 541 1262 ad
576 1210 755 1264 ilicem
783 1210 1062 1274 Mambrae,
1119 1211 1407 1268 Trinitatis
1472 1215 1791 1293 mysterium

219 1299 566 1369 signiﬁcaret,
594 1302 994 1356 describiteum
1050 1303 1196 1359 Sarae
1224 1305 1496 1362 dicentem
1532 1325 1544 1359 :
1578 1307 1791 1362 Festina

221 1399 266 1440 et
287 1392 560 1443 commisce
583 1394 686 1444 tria
716 1403 833 1445 sala
859 1395 1046 1448 simila:
1082 1397 1148 1449 τ’.
1177 1396 1326 1451 Licet
1354 1407 1535 1452 autem
1565 1397 1656 1452 Dei
1695 1414 1791 1452 co-

218 1479 390 1548 gnitio
421 1481 611 1534 salutis
641 1484 883 1551 gentium
913 1487 1241 1556 principium
1267 1488 1356 1550 sit,
1395 1488 1790 1558 superfundere

218 1589 396 1633 tamen
429 1581 616 1635 similae
641 1583 821 1637 oleum
847 1627 861 1650 ,
897 1593 952 1638 et
987 1586 1108 1640 thus
1136 1603 1503 1656 superponere
1529 1604 1666 1658 opus
1689 1591 1788 1644 ha-

217 1670 427 1728 bemus.
472 1682 530 1724 ut
589 1674 814 1740 gratiam
879 1675 970 1728 Dei
1042 1677 1401 1748 eleemosynis
1450 1681 1788 1749 orationique

212 1762 665 1817 conuuisceamus
696 1783 710 1816 ι
747 1765 862 1819 bzec
887 1767 1033 1819 enim
1075 1768 1235 1822 nobis
1261 1782 1494 1838 possunt
1541 1772 1609 1825 de
1648 1775 1786 1827 cmlo

212 1847 306 1902 Dei
340 1852 619 1905 scientiam
651 1852 955 1923 proﬂigare.
1028 1854 1121 1908 His
1154 1868 1332 1912 autem
1367 1861 1522 1914 testis
1541 1869 1625 1914 est
1653 1859 1785 1916 Cor-

211 1941 410 2000 nclius,
436 1943 499 1994 ad
530 1958 690 2010 quem
723 1944 1065 1999 descendens
1103 1947 1172 2001 de
1198 1949 1336 2003 cmlo
1360 1950 1584 2020 angelus
1605 1951 1738 2004 dixit
1765 1968 1778 2002 :

209 2029 441 2092 Corneli,
475 2034 735 2086 orationes
765 2044 867 2088 tute
893 2044 943 2088 et
982 2035 1320 2107 eleemosyna'
1336 2042 1678 2095 ascenderunt
1715 2043 1785 2096 ad

213 2120 511 2186 Dominum,
545 2137 594 2176 et
616 2142 752 2178 nunc
779 2128 925 2179 mitte
946 2128 1082 2182 uiros
1113 2130 1167 2181 in
1185 2129 1371 2198 Joppe,
1405 2136 1602 2188 accersi
1633 2135 1703 2188 ad
1737 2143 1785 2188 te

205 2210 488 2274 Simonem,
519 2215 608 2280 qui
637 2217 1037 2284 cognominatur
1059 2217 1330 2273 Petrus".
1362 2221 1479 2291 Ipse
1511 2224 1656 2277 enim
1688 2240 1784 2278 ve-

208 2318 320 2354 ram
343 2304 625 2359 scientiam
680 2308 933 2362 Cornelio
981 2311 1281 2366 traditurus
1304 2324 1442 2367 eiat.
1501 2315 1785 2380 Quomodo

203 2406 386 2447 autem
409 2395 461 2447 iu
497 2397 653 2450 thure
671 2399 963 2466 accipiatur
994 2402 1189 2466 oratio,
1219 2420 1471 2473 qurerans
1505 2407 1623 2475 ejus
1674 2411 1780 2462 vim

205 2496 682 2556 perscrutansque,
713 2492 1015 2560 cognoscis.
1053 2492 1136 2548 llti
1171 2495 1372 2564 quippe
1399 2512 1462 2550 eo
1488 2508 1676 2552 contra
1708 2501 1786 2553 in-

204 2577 433 2630 teriores
453 2580 732 2647 passiones
765 2583 960 2637 medici
983 2585 1185 2650 solent,
1213 2588 1604 2657 oculorumque
1623 2593 1780 2661 aegri-

203 2669 408 2723 tudinis
434 2687 625 2726 curare
665 2675 910 2738 vulnera,
946 2685 1002 2731 et
1040 2678 1219 2746 siquis
1247 2681 1545 2736 incendens
1576 2684 1782 2738 fumum

202 2761 324 2829 ejus
357 2765 636 2832 suscipiat,
676 2768 952 2837 restringit
1006 2771 1408 2826 accedenteses
1466 2774 1783 2830 inﬁrmitate

203 2851 473 2923 lacrymas
507 2872 521 2907 :
565 2857 668 2910 hoc
702 2859 892 2909 eodem
927 2860 1088 2911 modo
1118 2861 1291 2914 oratio
1314 2878 1530 2930 quoque
1555 2863 1782 2932 plurima

201 2953 462 3004 operatur
498 2962 510 2997 :
549 2946 661 2998 lucc
694 2949 896 3014 quippe
931 2950 1162 3002 maxime
1193 2951 1386 3006 anima!
1407 2953 1683 3020 passiones
1699 2971 1784 3009 sa-

200 3047 316 3101 nat,
410 3040 525 3092 haec
577 3041 739 3092 etiam
789 3041 1208 3106 iutelligihilium
1279 3045 1558 3098 oculorum
1627 3058 1782 3102 curat

204 3131 452 3197 vulnera,
479 3134 769 3188 absolvens
806 3135 872 3188 ab
926 3134 1230 3204 ignorantia
1263 3144 1425 3205 atque
1441 3153 1504 3190 ex
1534 3153 1597 3192 ea
1657 3155 1775 3208 quae
1805 3153 1846 3209 c

201 3235 334 3273 vere
358 3229 440 3274 est
466 3222 748 3290 argritudo,
784 3225 836 3277 id
866 3232 948 3276 est
981 3238 1046 3276 ex
1069 3236 1290 3292 peccato
1319 3226 1582 3296 lacrymas
1605 3244 1770 3284 acce-

198 3312 394 3363 dentes
419 3313 609 3365 salvat.
634 3313 944 3380 Inﬁrnmtur
1002 3316 1146 3368 enim
1205 3316 1320 3384 quis
1373 3318 1429 3369 in
1492 3319 1653 3383 vobis,
1697 3323 1771 3375 ait

197 3400 454 3464 Jacohus,
489 3415 721 3456 convocet
760 3405 1104 3473 presbyteros,
1157 3415 1205 3457 et
1232 3417 1378 3460 orent
1429 3425 1587 3478 super
1629 3428 1767 3474 eum,

199 3502 446 3560 augentes
477 3511 592 3545 eam
636 3494 746 3546 oleo
775 3496 828 3546 in
859 3497 1067 3548 nomine
1105 3496 1350 3562 Domini;
1381 3509 1428 3551 et
1456 3502 1625 3553 oratio
1648 3502 1770 3568 fidei

197 3584 420 3635 salvabit
447 3585 736 3651 inﬁrmum,
762 3595 809 3638 et
838 3586 1086 3639 alleuabit
1111 3605 1227 3641 eum
1280 3589 1554 3654 Dominus,
1577 3603 1624 3644 et
1644 3593 1691 3644 si
1716 3595 1770 3646 in

198 3681 426 3744 peccatis
451 3681 539 3742 sil,
562 3683 892 3734 remittentnr
917 3683 966 3734 ei
998 3682 1060 3734 ⁷⁸.
1115 3681 1244 3737 Post
1273 3684 1408 3748 hac,
1435 3687 1635 3755 pugillo
1666 3688 1770 3741 tol-

198 3769 313 3822 lere
345 3770 498 3838 jubet
533 3771 783 3833 similam,
824 3771 872 3824 id
905 3783 987 3826 est
1050 3773 1154 3826 ﬁde
1191 3776 1474 3830 scientiam
1513 3779 1602 3830 liei
1629 3795 1772 3833 com-

200 3861 567 3927 prehendere;
619 3877 714 3930 per
737 3863 992 3931 pugillum
1042 3865 1187 3918 enim
1211 3866 1311 3920 hic
1371 3867 1529 3921 ﬁdem
1563 3869 1768 3938 signiﬁ-

198 3961 303 4009 cat.
326 3960 617 4020 aperteque
640 3953 875 4005 ostendit
908 3954 1051 4006 illam
1101 3956 1382 4009 scientiam
1413 3998 1428 4021 ,
1457 3959 1569 4012 sive
1585 3961 1767 4030 cogni-

199 4040 403 4093 tionem
433 4041 523 4094 Dei
563 4041 790 4096 Domiuo
828 4054 1130 4113 acceptam,
1175 4063 1335 4114 quam
1361 4047 1493 4103 ﬁdes
1519 4066 1769 4121 compre-

201 4128 442 4182 hendere
473 4138 650 4198 potest
677 4147 691 4195 ;
727 4141 783 4185 et
810 4135 1271 4200 quemadmodum
1306 4138 1397 4206 qui
1430 4141 1631 4210 pugillo
1648 4142 1768 4210 plus

199 4220 315 4272 vult
360 4221 844 4289 comprehendere,
895 4223 1026 4277 nihil
1081 4226 1315 4294 proiicit,
1362 4238 1535 4283 totum
1565 4233 1766 4304 quippe

197 4310 439 4362 decurrit
465 4323 515 4362 et
548 4311 711 4374 cadit,
748 4321 908 4379 atque
962 4312 1227 4368 inutiliter
1252 4316 1479 4381 laborat,
1503 4319 1580 4374 sic
1611 4338 1764 4374 men-

199 4414 325 4451 sura
360 4398 448 4452 Dei
472 4401 712 4453 scientiae
753 4402 884 4455 ﬁdes
935 4413 1039 4456 est.
1089 4403 1310 4459 Credere
1355 4410 1494 4461 enim
1539 4421 1758 4478 oportet,

1902 585 2000 625 ret.
2034 573 2089 625 Si
2114 577 2260 627 enim
2291 575 2358 628 de
2383 576 2666 629 sacerdote
2695 578 2940 641 dixisset,
2971 580 3130 650 plane
3155 582 3257 637 hoc
3287 587 3477 654 utique

1899 666 2039 721 sicut
2068 665 2122 718 in
2151 666 2438 727 sacriﬁcio,
2461 667 2528 720 de
2551 676 2771 734 peccato
2833 671 3100 725 sancitum
3127 683 3291 738 esset,
3329 677 3475 745 quod

1898 764 1951 806 ct
1976 756 2152 822 ipsum
2185 756 2252 810 de
2294 757 2470 810 simila
2495 756 2674 819 ﬁebat,
2701 761 2944 814 adderet.
2979 763 3052 816 Ibi
3086 765 3233 818 enim
3264 781 3476 819 memo-

1897 843 2028 898 riale
2060 862 2179 901 esse
2201 849 2313 901 vult
2352 847 2454 903 hoc
2475 853 2618 918 quod
2658 852 2711 904 in
2772 853 2972 921 pugillo
3001 857 3295 910 sacerdotis
3317 857 3478 911 oﬂ'cr-

1900 945 1987 989 tur
2015 937 2123 989 Deo
2162 938 2346 992 :aliud
2386 941 2667 1010 quidpiam
2693 943 2947 997 sanciens
2993 955 3145 999 extra
3171 947 3274 1001 hoc
3326 949 3474 1017 quod

1896 1044 2042 1083 nunc
2073 1030 2297 1093 dicitur,
2332 1033 2471 1086 sicut
2504 1034 2670 1102 paulo
2697 1037 2968 1104 posterius
2989 1040 3359 1095 ostendemus.
3378 1042 3473 1096 llic

1898 1135 2027 1175 vero
2057 1137 2165 1175 non
2198 1123 2267 1176 ita
2294 1165 2308 1188 ,
2342 1125 2435 1178 sed
2487 1134 2725 1194 sumpto,
2761 1131 3059 1184 secundum
3090 1133 3234 1201 quod
3268 1133 3471 1188 dictitm

1897 1223 1996 1277 est,
2034 1229 2100 1267 eo
2170 1216 2315 1282 quod
2367 1216 2559 1271 oﬁeret
2612 1219 2865 1272 sacerdos
2894 1220 3032 1290 (esse
3083 1233 3264 1279 autem
3329 1225 3472 1280 hunc

1891 1300 2075 1356 Jcsum
2111 1304 2392 1374 didicisti),
2427 1307 2678 1361 sacrificii
2702 1310 3013 1364 memoriale
3041 1313 3095 1365 in
3111 1315 3318 1369 caelesti
3344 1317 3474 1370 oﬁ‘c-

1893 1402 1974 1446 ret
1999 1393 2178 1446 altari.
2210 1393 2522 1449 Mcmoriale
2575 1407 2758 1452 autem
2790 1401 3122 1468 cognitionis
3156 1403 3247 1456 Dei
3292 1408 3468 1474 perfe-

1891 1493 1973 1538 cta
2030 1485 2262 1539 scientia
2322 1495 2425 1551 est,
2458 1488 2617 1556 cujus
2667 1505 2885 1560 semper
2925 1508 3194 1548 memores
3243 1497 3463 1560 erimus,

1889 1575 2104 1643 quando
2132 1577 2250 1646 ejus
2272 1591 2498 1646 capaces
2519 1577 2804 1645 fuerimus,
2861 1599 2983 1652 qum
3043 1600 3319 1653 nunquam
3376 1589 3468 1641 de-

1889 1667 2138 1731 struitur,
2162 1683 2283 1736 qua:
2307 1683 2425 1722 eam
2469 1685 2590 1739 qua:
2604 1687 2750 1726 nunc
2765 1682 2868 1738 est,
2917 1691 3027 1728 non
3059 1685 3116 1730 ut
3136 1679 3463 1732 contrariam

1887 1755 2140 1818 destruit,
2166 1758 2265 1812 sed
2297 1767 2505 1828 partem
2532 1776 2652 1816 eam
2703 1763 2980 1818 minimam
3023 1782 3142 1821 esse
3192 1784 3287 1837 per
3311 1783 3464 1824 suam

1887 1846 2276 1914 plenitudinem
2303 1858 2590 1913 monstrat,
2611 1852 2912 1906 secundum
2942 1856 3086 1923 quod
3113 1856 3322 1910 dietum
3342 1867 3458 1912 est:

1887 1936 1972 1989 Ex
2003 1949 2154 2008 parte
2176 1941 2550 2009 cognoscimus,
2585 1951 2633 1996 et
2663 1961 2725 1997 ex
2753 1957 2905 2010 parte
2927 1948 3313 2016 prophetarum.
3331 1950 3464 2003 Cum

1885 2039 2062 2083 autem
2087 2033 2283 2084 venerit
2313 2033 2450 2102 quod
2473 2035 2759 2103 perfectum
2803 2048 2900 2101 est,
2952 2040 3292 2094 evacua’bitur
3321 2047 3460 2110 quod

1884 2137 1949 2174 ex
1971 2133 2123 2190 parte
2143 2132 2216 2176 est
2235 2124 2299 2179 ".
2334 2125 2397 2178 Et
2431 2127 2706 2204 quomodo
2761 2130 3140 2193 evacuabitur,
3173 2135 3316 2185 clare
3339 2147 3458 2209 ma-

1885 2215 2106 2267 niiestat
2132 2216 2414 2270 subdens:
2452 2202 2693 2271 Videmus
2731 2235 2869 2273 nunc
2931 2237 3024 2289 per
3078 2223 3349 2293 speculum
3398 2202 3460 2278 in

1887 2305 2188 2374 a-nigmate.
2218 2316 2341 2358 tunc
2371 2317 2547 2360 autem
2581 2310 2717 2379 facie
2749 2311 2818 2362 ad
2847 2313 3058 2380 faciem.
3100 2312 3459 2386 Nnnccogno-

1883 2412 1968 2449 sco
1998 2414 2060 2450 ex
2077 2407 2248 2465 parte,
2281 2408 2402 2451 tunc
2432 2416 2736 2469 cognoscam
2765 2403 2899 2455 sicut
2931 2413 2978 2457 et
2997 2405 3232 2474 cognitus
3261 2408 3456 2463 sum”.

1885 2486 1998 2542 Iloc
2030 2491 2356 2544 sacriﬁcium
2407 2492 2633 2546 odorem
2701 2494 3086 2548 suavissimum
3150 2499 3458 2554 necessarie

1882 2579 2112 2634 Βοιιοίηο
2139 2582 2153 2634 1
2177 2583 2411 2651 gislator
2443 2583 2752 2651 appellavit.
2779 2583 3010 2638 Odorem
3049 2587 3103 2639 in
3123 2587 3350 2643 Domino
3375 2599 3460 2644 est

1883 2671 2142 2741 cognitio,
2167 2672 2281 2724 sive
2313 2673 2538 2726 scientia
2564 2673 2714 2741 ejus;
2742 2681 2794 2727 et
2825 2690 2893 2728 ne
2911 2674 3014 2730 hoc
3034 2677 3267 2743 dubites,
3292 2680 3461 2734 habes

1882 2761 1948 2813 ad
1974 2760 2077 2813 hoc
2109 2775 2324 2830 quoque
2350 2761 2576 2815 Paulum
2622 2764 3032 2818 veracissimum
3068 2775 3259 2821 testem
3297 2786 3311 2822 :
3350 2769 3459 2824 Deo

1883 2852 2022 2903 enim
2058 2853 2282 2920 gratias,
2316 2853 2508 2921 inquit,
2540 2856 2630 2923 qui
2675 2871 2879 2920 semper
2900 2858 3187 2925 triumphat
3225 2877 3317 2927 per
3367 2878 3460 2917 nos

1882 2941 1938 2992 in
1965 2940 2172 2993 Christo
2196 2941 2338 3006 Jesn,
2361 2953 2410 2994 et
2441 2944 2649 2996 odorem
2675 2946 2874 2998 notitia:
2899 2963 3009 2999 suc
3032 2950 3334 3019 manifestat
3367 2966 3462 3018 per

1883 3046 1973 3082 nos
2008 3030 2060 3081 in
2082 3033 2223 3083 omni
2265 3031 2374 3084 loco
2399 3034 2465 3085 ".
2491 3034 2626 3087 Ecce
2659 3034 2875 3088 interim
2907 3039 3203 3107 cognovisti
3232 3040 3456 3094 odorem

1881 3123 2109 3177 notitiae.
2133 3121 2314 3177 Sedet
2350 3128 2548 3178 bonum
2605 3129 2827 3181 odorem
2884 3128 2938 3182 in
3001 3131 3460 3199 subsequentibus

1880 3214 2004 3266 audi
2049 3212 2224 3277 :Qaia
2253 3213 2444 3268 Christi
2509 3216 2671 3269 bonus
2700 3219 2829 3269 odor
2891 3234 3093 3283 sumus,
3124 3220 3180 3272 in
3231 3220 3312 3272 Itis
3369 3223 3461 3290 qui

1876 3306 2010 3357 salvi
2029 3315 2169 3369 sunt,
2195 3315 2243 3357 et
2272 3307 2326 3358 iis
2349 3307 2430 3359 his
2463 3308 2553 3376 qni
2589 3320 2805 3375 pereunt
2835 3311 2900 3362 ⁸³.
2968 3309 3176 3364 Deinde
3214 3312 3345 3366 dicit
3377 3314 3455 3367 Ie-

1877 3400 2096 3470 gislator
2130 3416 2144 3452 ι

1947 3489 2096 3552 Quod
2130 3499 2305 3542 autem
2337 3490 2594 3560 reliquum
2620 3492 2777 3560 fuerit
2800 3493 2864 3545 de
2889 3493 3148 3560 sacriﬁcio
3166 3496 3455 3555 eritAarcn

1877 3590 1925 3633 et
1959 3581 2186 3648 filiorum
2211 3582 2342 3648 ejus,
2393 3591 2631 3635 sanctum
2677 3593 2980 3636 sanctorum
3021 3585 3456 3642 deoblationibus

1878 3673 2110 3726 Domini.
2157 3674 2440 3741 Reliquum
2463 3669 2542 3728 ait
2565 3675 2634 3728 de
2683 3675 2770 3726 illa
2829 3675 3088 3744 perfecta,
3116 3678 3251 3731 etin
3301 3680 3456 3734 caelis

1876 3765 2197 3818 abscondita
2220 3773 2381 3833 atque
2423 3765 2656 3834 reposita
2708 3766 2762 3817 in
2795 3765 3013 3821 Christo
3075 3768 3302 3824 seientia
3338 3773 3455 3825 sive

1877 3855 2086 3908 notitia.
2106 3856 2168 3909 In
2199 3857 2310 3924 ipso
2342 3857 2478 3908 enim
2497 3867 2618 3909 sunt
2652 3857 2886 3910 thesauri
2902 3861 3176 3927 sapientia:
3205 3869 3254 3913 et
3281 3865 3454 3914 sciem

1874 3949 1962 4000 tiae
1985 3949 2271 4001 absconditi
2299 3947 2365 4002 ³⁸.
2402 3947 2662 4002 Sanctum
2692 3960 3003 4003 sanctorum
3025 3959 3109 4004 est
3133 3951 3201 4004 de.
3220 3952 3450 4006 oblatic-

1873 4039 2037 4093 nibus
2069 4037 2304 4100 Domini,
2331 4039 2542 4108 partilis
2561 4039 2708 4093 enim
2729 4047 2813 4093 est
2847 4041 3074 4094 scientia
3099 4057 3220 4111 quae
3244 4043 3448 4113 reliqua

1871 4137 1979 4193 est,
2002 4143 2195 4183 omnes
2230 4138 2409 4183 tamen
2436 4130 2568 4184 alias
2621 4145 2906 4200 superans,
2947 4140 3002 4186 et
3028 4133 3335 4201 perducens
3380 4139 3446 4190 a-l

1872 4221 2285 4292 perfectionem.
2309 4221 2488 4275 Aaron
2545 4237 2675 4293 ergo
2715 4231 2770 4276 et
2843 4222 3078 4277 ﬁliorum
3136 4224 3256 4293 ejus
3320 4225 3446 4278 erit-

1871 4314 2050 4368 Δια-οη
2079 4323 2258 4366 autem
2292 4328 2421 4366 arca
2480 4313 2566 4366 vel
2609 4322 2890 4367 montanus
2941 4315 3352 4383 interpretatur,
3393 4315 3444 4370 id

1827 4410 1829 4412 ’
1877 4414 1981 4469 est,
2001 4405 2108 4456 alta
2141 4403 2209 4457 de
2235 4402 2344 4457 Deo
2379 4403 2712 4472 intelligens.
2739 4405 2864 4473 quia
2886 4416 2942 4460 et
2967 4421 3115 4469 arca,
3140 4416 3324 4475 utpote
3348 4411 3438 4460 ba-

134 4485 144 4497 ’
196 4489 342 4542 sicut
365 4490 566 4543 Paulus
591 4489 684 4550 ait,
716 4492 806 4560 qni
835 4495 1036 4546 accedit
1079 4502 1149 4547 ad
1199 4496 1387 4561 Deum,
1442 4501 1566 4569 quia
1595 4511 1668 4553 est
1700 4503 1763 4555 ⁷⁸.
1801 4549 1803 4555 .

1873 4498 2012 4552 hens
2038 4497 2094 4551 in
2125 4510 2185 4550 se
2213 4495 2386 4566 legem
2419 4493 2513 4549 Dei
2531 4503 2586 4548 et
2633 4496 2867 4564 eloquia,
2903 4496 3100 4551 oﬁ'erre
3128 4498 3442 4566 pradictum

200 4582 267 4635 Et
293 4599 482 4636 rursus
507 4601 520 4635 :
543 4582 668 4637 Sine
696 4585 798 4654 ﬁde
831 4587 1150 4656 impossibile
1189 4601 1264 4644 est
1303 4591 1510 4661 placere
1565 4594 1670 4651 Deo
1699 4598 1768 4652 ⁷⁸.

199 4673 263 4727 Et
290 4683 346 4727 ut
374 4675 617 4729 dicamus
648 4677 912 4742 breviter,
932 4695 1089 4733 omne
1118 4683 1256 4750 quod
1304 4699 1406 4736 non
1463 4695 1540 4738 est
1576 4701 1641 4739 ea:
1669 4687 1774 4754 ﬁde

194 4772 471 4831 peccatum
509 4772 623 4828 est,
657 4764 796 4819 sicut
828 4765 969 4820 idem
1018 4769 1084 4822 ad
1143 4769 1417 4825 Romanos
1456 4773 1674 4841 scripsit
1701 4776 1766 4830 ".

197 4850 340 4919 Ergo
363 4866 472 4903 non
508 4861 688 4920 potest
709 4867 830 4906 esse
880 4855 1196 4924 gloriﬁcatio
1237 4857 1293 4910 in
1325 4859 1658 4915 inﬁdelitate.
1683 4862 1772 4916 ln-

198 4938 362 4990 tende
393 4947 575 4991 autem
595 4939 719 5006 quia
748 4955 873 4993 cum
911 4943 1034 4995 oleo
1084 4944 1244 5011 jubet
1290 4945 1524 5002 similam
1575 4948 1768 5018 accipi,

195 5027 540 5096 apertissime
571 5029 972 5100 eleemosynam
1021 5047 1121 5086 nos
1169 5032 1349 5106 facere
1387 5037 1592 5092 volens.
1643 5038 1774 5093 Date

193 5119 344 5171 enim
376 5119 777 5190 eleemosynam,
817 5121 993 5191 inquit
1022 5123 1377 5187 Dominus,“
1434 5145 1548 5182 ecce
1594 5131 1770 5185 omnia
1802 5163 1810 5173 -

195 5211 396 5262 munda
423 5201 819 5266 eru'ntuobis".
877 5212 1039 5267 Jubet
1085 5224 1266 5272 autem
1319 5233 1479 5272 omne
1529 5221 1656 5275 thus
1714 5221 1768 5274 in

193 5300 402 5368 pugillo
418 5302 558 5355 sumi
578 5319 590 5354 :
617 5317 797 5366 omne,
817 5305 1017 5372 quare?
1043 5308 1166 5374 quia
1189 5324 1404 5377 semper
1418 5320 1628 5378 oportet
1650 5327 1766 5369 ora-

195 5403 256 5441 re
280 5429 295 5450 ,
329 5400 381 5442 et
417 5392 540 5444 sine
562 5392 964 5450 intermissione
993 5398 1191 5466 gratias
1213 5402 1547 5467 agere,sicut
1569 5401 1765 5457 Paulus

191 5480 486 5535 ait".Sed
512 5485 634 5552 quis
663 5489 859 5555 estqui
896 5487 949 5540 in
999 5489 1199 5558 pugillo
1240 5491 1416 5543 tollit?
1465 5495 1762 5549 secundum

815 5705 869 5752 3-"
901 5712 1016 5760 Act.
1057 5722 1107 5756 ι.
1141 5697 1199 5761 ,1,
1222 5709 1272 5763 5.

468 5771 514 5802 "
555 5769 571 5823 I
611 5769 808 5828 Thess.
836 5793 885 5836 v,
911 5777 997 5832 17.

268 5699 313 5728 τ’
343 5698 474 5752 Gen.
509 5714 660 5761 xvtu,
694 5705 744 5757 6.

195 5769 392 5830 31,41.

1357 5710 1401 5739 ⁷⁸
1429 5709 1544 5766 Jac.
1581 5712 1739 5773 v.14,
1775 5713 1859 5766 15.
1928 5714 1973 5744 ⁷⁵
1994 5711 2154 5772 Hebr.
2193 5730 2286 5768 rt.
2311 5715 2363 5774 6,

1076 5776 1170 5829 ⁸⁰1
1200 5776 1322 5831 Cor.
1360 5778 1491 5840 XIII,
1519 5781 1568 5834 9.
1649 5781 1689 5811 ³⁸
1725 5779 1856 5838 ibid.
1898 5783 1976 5836 l2.

1869 4588 2194 4644 sacriﬁcium
2221 4597 2421 4658 potest.

1938 4681 2103 4735 Vens.
2145 4679 2200 4732 4.
2233 4698 2252 4729 ι
2289 4679 2424 4733 Cum
2480 4686 2663 4732 autem
2694 4677 2960 4732 obtuleris
2997 4676 3320 4732 sacriﬁcium
3350 4695 3443 4734 co-

1871 4781 2020 4826 ctum
2049 4770 2104 4824 in
2136 4770 2352 4824 clibano
2395 4769 2464 4823 de
2509 4769 2708 4832 simila,
2762 4783 2931 4838 panes
2981 4767 3187 4822 scilicet
3241 4769 3444 4838 absque

1869 4865 2176 4931 fermento,
2237 4877 2562 4932 conspersos
2597 4862 2750 4927 oleo,
2801 4871 2856 4915 et
2891 4862 3080 4932 lagana
3117 4875 3302 4932 azyma
3324 4862 3445 4916 oleo

1869 4957 1983 5011 lita.
2016 4975 2036 5009 ι

1939 5046 2294 5103 Admirabilis
2328 5055 2414 5102 est
2444 5045 2770 5117 legisiatoris
2814 5046 3069 5105 intentio.
3111 5054 3210 5115 per
3261 5046 3440 5100 omnia

1873 5133 2148 5187 subtiliter
2175 5133 2438 5188 incedens
2469 5149 2484 5186 :
2516 5133 2642 5201 quia
2671 5133 2819 5186 enim
2866 5132 3111 5187 scientiae
3157 5133 3275 5199 Dei,
3329 5133 3442 5187 sive

1869 5225 2080 5279 nutitiaa
2111 5225 2368 5293 superius
2401 5225 2731 5279 mentionem
2767 5224 2916 5288 fecit,
2935 5241 3006 5278 ne
3033 5225 3176 5279 forte
3235 5225 3441 5295 putaris

1871 5323 2024 5368 extra
2052 5331 2171 5368 eam
2203 5329 2326 5370 esse
2355 5316 2776 5385 dispensationis
2797 5316 3084 5370 Dominica:
3103 5317 3440 5387 mysterium,

1872 5406 1999 5459 vide
2029 5405 2305 5474 quomodo
2351 5421 2451 5475 per
2507 5406 2790 5476 aenigmata
2853 5406 3098 5474 exponit,
3149 5406 3447 5460 nativitatis

1874 5499 2012 5566 ejus,
2080 5499 2260 5552 crucis
2307 5507 2363 5550 et
2412 5497 2828 5552 resurrectionis
2869 5497 3057 5551 volens
3101 5497 3446 5551 introducere

2441 5717 2634 5771 "ibid.
2685 5719 2726 5748 ⁷⁷
2753 5717 2910 5769 Rom.
2942 5733 3050 5771 xw.
3073 5714 3162 5769 Β.
3241 5714 3283 5745 τ’
3315 5713 3444 5768 ch.

2055 5785 2099 5816 ⁸¹
2132 5785 2172 5837 Η
2201 5780 2324 5840 Cur.
2350 5801 2406 5851 ιι,
2436 5786 2526 5840 14.
2607 5787 2652 5818 ⁸³
2678 5787 2802 5841 ibid.
2829 5788 2912 5841 15.
2992 5783 3408 5850 “Cale-55.11,?»
3437 5781 3456 5847 )
