4218 6448
751 400 857 464 sm

1936 393 2292 454 llESYCHlI
2353 389 2818 450 PRESBYTEBI

3894 390 4002 450 808

756 511 1139 566 narrationem.
1166 507 1498 562 Sacriﬁcium
1559 516 1795 569 coctum,
1833 505 2032 559 Christi
2084 503 2320 571 appellat
2350 509 2391 561 Α
2423 497 2581 550 offert
2612 517 2623 551 :
2653 497 2882 566 Eﬁ'undit
2911 513 3066 564 super
3104 513 3218 548 eam
3254 495 3465 553 oieum,’
3506 493 3589 547 hic
3623 505 3824 553 autem.
3871 498 4000 563 quia

754 600 1203 661 incarnationem,
1234 601 1300 652 ad
1335 601 1436 650 hoc
1483 599 1627 649 enim
1661 599 1975 650 incarnatus
2019 605 2102 648 est
2137 603 2196 645 ut
2220 594 2321 644 im-

755 693 1069 744 molaretur.
1099 693 1321 758 Propter
1341 690 1486 757 quod
1515 705 1662 750 enin,
1697 689 1908 757 Agnum
1939 688 2030 739 Dei
2066 688 2156 754 qui
2186 684 2322 737 tollit

752 793 970 848 peccata
996 781 1259 841 mundi",
1288 780 1529 834 Joannes
1560 780 1797 847 Baptista
1824 777 2136 845 appellavit.
2158 776 2322 828 Recte

754 889 882 942 ergo
911 872 1233 926 sacriﬁcium
1263 873 1314 923 in
1365 873 1467 924 hoc
1502 872 1638 931 loco,
1675 879 1732 922 ut
1755 867 2102 921 denuntiaret
2125 865 2321 918 nativi-

756 971 921 1015 tatem
949 962 1086 1030 ejus,
1115 961 1312 1014 dicitur
1333 971 1547 1013 coctum
1580 959 1632 1011 in
1651 959 1885 1015 clibano,
1920 955 2322 1009 DeiGenitricis

757 1051 1007 1103 videlicet
1034 1059 1210 1102 utero.
1251 1049 1341 1100 Illa
1373 1049 1518 1100 enim
1581 1047 1830 1099 clibanus
1881 1046 2186 1099 necessarie
2226 1059 2322 1098 no—

756 1141 1010 1203 minatur,
1047 1143 1170 1208 quia
1202 1147 1256 1192 et
1294 1154 1459 1207 panes
1511 1139 1795 1208 ignemque
1817 1138 2049 1204 desuper
2077 1135 2322 1188 clibanus

755 1233 1002 1300 suscipit,
1025 1232 1166 1285 sicut
1187 1240 1240 1284 et
1268 1231 1357 1284 Dei
1393 1229 1666 1291 Genitrix,
1700 1231 1935 1297 desuper
1955 1229 2076 1281 vita:
2103 1243 2318 1296 panem,

757 1323 851 1376 Dei
885 1323 1132 1376 videlicet
1157 1322 1389 1375 Verbum
1421 1322 1474 1374 in
1497 1337 1596 1373 suo
1616 1330 1788 1382 utero,
1820 1321 2107 1388 ignemque
2135 1334 2321 1372 susce-

758 1414 835 1480 pit
865 1412 1164 1479 praesentiae
1189 1409 1443 1478 Spiritus.
1498 1408 1725 1476 Spiritus
1756 1410 1921 1472 enim,
1956 1409 2150 1477 inquit,
2203 1425 2322 1460 san-

756 1513 868 1554 ctus
900 1502 1221 1568 superveniet
1244 1502 1294 1552 in
1320 1508 1389 1563 te,
1425 1511 1473 1552 et
1499 1501 1661 1551 virtus
1716 1499 1971 1551 Altissimi
1993 1498 2320 1549 obumbrabit

757 1595 850 1646 tibi
880 1595 946 1647 “.
973 1593 1129 1647 llunc
1161 1591 1389 1662 Moyses,
1413 1591 1630 1660 quando
1647 1592 1787 1644 Deus
1816 1592 1883 1644 ad
1911 1591 2180 1642 Abraham
2211 1589 2320 1641 dis-

756 1685 937 1752 posuit
982 1684 1206 1738 seminis
1237 1691 1638 1744 testamentum,
1666 1681 1936 1734 clibanum
1968 1679 2318 1733 commenda-

760 1775 863 1838 vit;
881 1775 956 1827 ait
975 1774 1146 1834 enim,
1167 1772 1293 1839 quia
1323 1771 1578 1824 veniente
1600 1771 1713 1824 sole
1735 1771 1801 1824 ad
1829 1785 2101 1833 occasum,
2129 1770 2318 1838 (signia

2426 591 2688 642 Incamati
2749 590 3005 656 pietatem
3064 587 3351 656 signiﬁcat,
3427 601 3532 638 non
3593 590 3687 649 ait,
3760 589 3997 639 cﬁnndit

2421 679 2620 740 oleum,
2659 677 2776 741 sed,
2812 678 2986 729 Panes
3011 678 3064 728 in
3104 678 3215 728 oleo
3278 693 3575 744 conspersos
3617 680 3848 744 exponit.
3906 679 3998 730 llis

2421 768 2564 819 enim
2598 769 2778 821 verbis
2807 767 3126 836 signiﬁcavit
3178 767 3392 819 Domini
3452 768 3810 821 nativitatem.
3857 771 3995 822 Sub-

2421 859 2776 925 sequentibus
2796 867 2977 910 autem
3013 867 3066 910 et
3098 859 3405 926 passionem
3426 857 3711 926 signiﬁcat.

2491 951 2654 1005 Vsus.
2695 953 2747 1013 5,
2779 952 2830 1004 6.
2879 970 2896 1000 ε
2937 949 2992 1003 Si
3034 951 3236 1004 oblatio
3278 960 3367 1003 tua
3412 951 3575 1004 fuerit
3617 953 3683 1004 de
3722 952 3998 1021 δεηθείη(-

2422 1044 2612 1097 similae
2653 1058 2959 1112 conspersa:
3003 1043 3141 1106 oleo,
3179 1052 3235 1096 et
3278 1044 3483 1111 absque
3535 1043 3824 1106 fermento,
3859 1045 4000 1096 divi-

2419 1133 2516 1186 des
2543 1150 2660 1187 eam
2694 1135 3022 1195 minutatim,
3056 1135 3417 1202 eﬂundesque
3450 1151 3614 1204 supra
3645 1137 3845 1190 oletnn.
3888 1157 3908 1186 ι

2494 1227 2828 1278 Sacriﬁcium
2846 1226 2912 1279 de
2943 1227 3216 1294 sartagine
3233 1226 3692 1294 dispensationem
3727 1228 4003 1294 passionis

2421 1316 2655 1384 appellat
2684 1316 2983 1385 Unigeniti:
3015 1332 3231 1369 crucem
3266 1317 3547 1370 assimilari
3582 1320 3838 1386 sartagini
3874 1335 4002 1385 pro-

2423 1419 2603 1477 pterea
2625 1408 3030 1476 jndicans,quia
3058 1420 3272 1476 sartago
3294 1409 3350 1460 in
3389 1418 3597 1460 tantum
3629 1418 3711 1461 est
3733 1409 3918 1471 fortis,
3949 1420 4002 1463 ut

2422 1499 2759 1568 superposita
2794 1498 3056 1568 igni,ipsa
3093 1498 3310 1566 quidem
3343 1513 3450 1550 non
3495 1510 3870 1561 consumatur,
3899 1516 4004 1552 nce

2421 1591 2652 1659 aliquam
2672 1591 3076 1660 corruptionem
3103 1590 3372 1643 sustineat
3395 1598 3486 1642 aut
3506 1589 3953 1643 imminutionem
3986 1632 4001 1653 ,

2420 1681 2790 1750 superpositos
2804 1691 2984 1736 autem
3000 1681 3151 1735 cibos
3170 1696 3290 1734 mox
3309 1692 3367 1734 ut
3388 1682 3564 1751 ignem
3585 1683 3884 1750 tetigerint,
3917 1685 4002 1735 vel

2421 1761 2467 1827 si
2493 1774 2741 1827 duriores
2764 1771 2985 1836 fuerint,
3010 1788 3118 1825 non
3136 1771 3298 1841 longo
3337 1772 3624 1824 intervallo
3671 1783 3831 1840 aptos
3877 1774 4002 1827 esui

696 1907 703 1913 .
759 1864 882 1917 ﬁcat
908 1863 994 1916 hic
1013 1863 1173 1915 ﬁnem
1209 1861 1422 1931 mundi)
1450 1860 1660 1913 ﬂamma
1681 1861 1818 1913 facta
1851 1870 1952 1922 εει.
1986 1867 2042 1912 el
2074 1875 2200 1912 cccc
2226 1875 2322 1928 ap-
2352 1841 2395 1898 B
2425 1865 2619 1918 reddit.
2670 1864 2762 1918 Sic
2807 1873 2863 1918 et
2893 1863 3096 1916 Christi
3131 1879 3283 1926 crux,
3325 1860 3479 1915 fortis
3511 1863 3729 1930 quidem
3782 1874 4000 1917 tantum

759 1954 936 2023 paruit
957 1954 1202 2006 clibanus
1227 1940 1424 2004 ardens
1444 1951 1511 2005 ".
1560 1951 1628 2004 Et
1669 1950 1798 2019 quid
1840 1958 1925 2004 est
1959 1949 2092 2003 hoc?
2117 1949 2324 2003 addidit

757 2057 813 2098 et
835 2045 1123 2114 fumigans,
1143 2053 1198 2097 et
1220 2043 1470 2097 transivit
1497 2059 1595 2111 per
1617 2044 1852 2097 medium
1871 2043 2226 2096 divisionum.
2259 2042 2319 2096 In

757 2137 845 2188 die
904 2135 988 2189 illa
1050 2133 1258 2204 pepigit
1299 2134 1557 2188 Dominus
1621 2134 1794 2188 [trdus
1844 2148 1967 2186 cum
2025 2133 2318 2186 Abraham.

758 2225 986 2291 Quando
1009 2226 1154 2280 enim
1199 2225 1433 2279 celestis
1461 2224 1620 2294 ignis,
1687 2222 1920 2293 Spiritus
1957 2223 2230 2288 videlicet,
2265 2223 2320 2276 in

754 2318 971 2371 clibano
993 2316 1130 2369 uteri
1161 2315 1452 2371 Genitricis
1480 2315 1574 2369 Dei
1602 2317 1770 2380 venit,
1803 2328 1864 2369 ut
1889 2325 2030 2370 totas
2051 2316 2318 2371 accende-

758 2415 843 2460 ret
874 2405 1059 2459 mundi
1089 2415 1291 2475 partes,
1327 2413 1456 2458 tunc
1505 2413 1889 2458 testamentum
1954 2406 2096 2459 Deus
2147 2408 2320 2461 Abra-

759 2497 906 2559 ham,
926 2495 978 2548 id
1004 2504 1086 2549 est
1118 2495 1366 2564 gentibus
1386 2495 1652 2563 disposuit
1690 2513 1702 2548 :
1737 2496 2007 2549 Abraham
2035 2496 2179 2549 enim
2221 2514 2320 2565 pa-

756 2597 838 2639 ter
865 2588 1095 2657 gentium
1146 2587 1483 2640 nominatur.
1511 2587 1566 2640 Si
1622 2602 1749 2657 ergo
1778 2603 1979 2642 munus
2009 2588 2206 2643 oﬂ'eres
2235 2589 2321 2643 in-

756 2678 1092 2731 carnationis
1109 2676 1403 2747 Unigeniti,
1445 2693 1567 2746 qua
1596 2678 1651 2731 in
1695 2688 1885 2733 ventre
1920 2679 2156 2750 Virginis
2182 2680 2320 2735 facta

757 2779 862 2832 est,
897 2783 1004 2821 non
1033 2769 1188 2821 aliter
1210 2774 1494 2835 acceptum
1523 2776 1607 2822 est
1638 2766 1767 2830 Deo,
1810 2769 1912 2823 nisi
1975 2779 2190 2824 coctum
2254 2770 2322 2824 de

754 2859 952 2924 simila,
981 2859 1032 2911 id
1059 2874 1125 2911 ex
1163 2856 1254 2911 Dei
1278 2859 1503 2912 scientia
1534 2859 1620 2912 vel
1651 2861 1843 2914 notitia
1871 2861 1981 2915 ﬁat.
2005 2861 2157 2916 Unde
2175 2863 2319 2915 enim

758 2949 975 3002 aliunde
1005 2949 1072 3002 de
1093 2949 1196 3002 hac
1231 2965 1290 3004 re
1319 2949 1670 3014 locutionem,
1733 2951 1833 3004 nisi
1861 2951 1929 3004 ab
1958 2952 2218 3020 apostolis
2267 2962 2322 3006 et

757 3039 1036 3108 prOphetis
1100 3041 1467 3110 sumpsimus?
1517 3043 1691 3096 Verba
1748 3057 1878 3112 ergo
1950 3043 2317 3112 apostolorum

756 3148 926 3202 panes
960 3132 1165 3201 accipe,
1189 3134 1579 3202 prophetarum
1629 3151 1761 3188 vero
1791 3135 1978 3205 lagana
2009 3152 2022 3188 :
2055 3143 2318 3203 quantum
2346 3170 2389 3226 ο

756 3223 901 3276 enim
933 3238 1100 3292 panes
1129 3238 1158 3276 a
1189 3223 1396 3294 laganis
1455 3225 1522 3278 ad
1555 3225 1900 3278 nutriendum
1959 3234 2087 3279 sunt
2141 3226 2318 3295 aptio-

757 3329 866 3378 res,
904 3324 1112 3368 tantum
1130 3316 1291 3369 verba
1321 3317 1685 3384 apostolorum
1704 3317 1884 3371 verbis
1908 3317 2317 3386 prophetarum;

756 3405 971 3473 utrique
987 3415 1166 3458 autem
1191 3405 1395 3476 azymi,
1424 3407 1548 3475 quia
1583 3423 1646 3461 ex
1681 3406 1782 3460 alia
1812 3407 2054 3460 doctrina
2080 3407 2322 3460 fermen-

759 3503 871 3548 tum
907 3511 1015 3547 non
1051 3495 1274 3560 habent,
1300 3497 1450 3550 verbi
1499 3496 1668 3567 gratia
1728 3497 2004 3565 sapientiae
2027 3497 2321 3560 saecularis,

755 3583 900 3650 quod
942 3585 1480 3639 haereticisconvenit
1516 3587 1797 3640 accedere.
1835 3586 1902 3640 Hi
1946 3587 2148 3656 quippe
2195 3602 2320 3640 cum

756 3672 1022 3726 exteriora
1052 3674 1403 3729 interioribus
1434 3678 1774 3746 conjungere
1801 3677 2072 3740 nituntur,
2101 3687 2154 3730 et
2208 3678 2323 3731 haec

757 3764 926 3832 magis
948 3764 1052 3818 illis
1085 3765 1354 3834 subjicere
1381 3774 1438 3820 et
1496 3764 1848 3829 fermentare,
1903 3783 2024 3836 quae
2097 3767 2327 3821 fermen-

758 3853 858 3904 tari
881 3853 1187 3907 nullatenus
1203 3864 1450 3923 possunt,
1479 3855 1548 3909 ab
1567 3856 1770 3925 azymis
1801 3858 2145 3911 sermonibus
2174 3858 2324 3913 exei-

754 3942 1120 4009 derunt;sed
1179 3960 1309 3999 ecce
1358 3946 1726 4016 apostolorum
1780 3962 1948 4016 panes
1983 3948 2036 4000 in
2061 3949 2203 4013 oleo,
2271 3957 2325 4003 et

755 4033 1148 4102 prophetarum
1179 4034 1368 4104 lagana
1401 4037 1456 4090 in
1482 4037 1603 4091 oleo
1628 4037 1765 4092 ﬁunt
1793 4039 2161 4093 :concorditer
2176 4039 2322 4094 enim

753 4133 809 4178 et
842 4126 910 4178 ab
942 4126 1067 4190 illis,
1095 4136 1149 4180 et
1173 4127 1242 4180 ab
1298 4128 1418 4182 istis
1444 4130 1707 4198 scriptum
1741 4139 1844 4194 est,
1875 4133 2002 4200 quia
2030 4147 2130 4185 nos
2159 4132 2323 4185 mise-

755 4231 882 4269 rans
909 4214 1160 4271 Christus
1201 4217 1425 4272 advenit
1457 4236 1472 4285 ;
1534 4221 1629 4274 sed
1662 4221 1890 4290 apostoli
1957 4222 2170 4292 planius
2201 4241 2216 4289 ;
2249 4223 2326 4276 ait

753 4306 900 4359 enim
929 4305 1126 4360 Paulus
1160 4305 1647 4371 :Quemadmodum
1677 4312 1818 4364 enim
1872 4329 1959 4365 vos
2020 4314 2165 4381 prius
2225 4331 2326 4367 non

753 4396 1048 4448 credidistis
1070 4396 1196 4459 Deo,
1232 4413 1369 4449 nunc
1396 4407 1574 4450 autem
1610 4401 2020 4453 misericordiam
2065 4403 2324 4454 consecuti

2426 1957 2546 2022 fuit,
2584 1966 2638 2009 ut
2687 1971 2906 2010 omnem
2959 1963 3261 2009 creaturam
3319 1953 3614 2023 subjiceret
3660 1954 3940 2009 Cruciﬁvo
3985 1975 4000 2010 :

2424 2062 2641 2100 carnem
2687 2057 2866 2101 autem
2915 2048 3052 2116 ejus,
3094 2063 3214 2117 quae
3257 2047 3322 2100 ad
3365 2048 3760 2100 comedendum
3813 2048 4000 2116 inepta

2420 2146 2536 2191 erat
2566 2147 2691 2192 ante
2735 2139 3064 2206 passionem,
3107 2139 3251 2208 (quis
3291 2138 3437 2192 enim
3465 2138 3752 2191 comedere
3803 2138 4000 2206 cupie-

2423 2229 2517 2282 bat
2545 2235 2763 2282 carnem
2794 2229 2952 2298 Dei?)
2987 2240 3168 2298 aptam
3201 2229 3325 2283 cibo
3344 2240 3464 2298 post
3480 2229 3787 2298 passionem
3823 2229 3954 2282 fecit
3982 2248 3995 2281 :

2420 2314 2462 2368 si
2498 2315 2642 2366 enim
2690 2331 2800 2368 non
2848 2316 3039 2370 fuisset
3077 2317 3391 2380 crucifixus,
3428 2318 3754 2371 sacriﬁcium
3792 2334 3998 2386 corpo-

2421 2405 2497 2458 ris
2527 2407 2647 2475 ejus
2677 2407 2898 2462 minime
2936 2408 3370 2462 comederemus.
3415 2408 3766 2463 Comedimus
3808 2419 3997 2462 autem

2421 2513 2568 2552 nunc
2609 2499 2814 2564 cibum,
2847 2507 3126 2554 sumentes
3171 2501 3290 2568 ejus
3338 2501 3656 2555 memoriam
3700 2501 3997 2567 passionis.

2423 2586 2571 2641 llanc
2603 2590 2934 2657 sartaginem
2971 2590 3112 2658 apud
3152 2589 3492 2644 Ezechielem
3525 2590 3788 2645 Dominus
3821 2592 4000 2660 signi-

2421 2677 2589 2731 ﬁcans
2618 2679 2690 2732 ait
2726 2696 2738 2731 :
2770 2679 2836 2732 Et
2871 2690 2948 2740 tu,
2985 2697 3131 2733 sume
3174 2681 3610 2749 tibisartagincm
3654 2683 3908 2750 ferream,
3949 2691 3999 2733 et

2421 2784 2578 2836 pones
2605 2785 2722 2821 eam
2754 2787 2963 2822 murum
2994 2774 3221 2840 ferreum
3267 2773 3403 2824 inter
3444 2783 3493 2824 te
3536 2783 3583 2824 et
3619 2774 3890 2825 civitatem
3928 2775 4000 2824 ".

2423 2858 2676 2912 Ferream
2719 2861 2938 2927 quidem
2981 2877 3098 2914 eam
3139 2872 3360 2930 propter
3397 2863 3709 2931 praedictam
3752 2864 4002 2932 appella-

2421 2950 2499 3004 vit
2538 2949 2930 3004 fortitudinem.
2978 2952 3126 3005 lnter
3158 2961 3211 3005 te
3244 2963 3423 3006 autem
3468 2963 3523 3006 et
3565 2954 3865 3016 civitatem,
3903 2956 4001 3016 ait,

2422 3037 2475 3091 id
2520 3048 2606 3092 est
2645 3036 2945 3093 Jerusalem
2979 3043 3143 3110 :quia
3179 3044 3415 3096 maxime
3456 3045 3557 3113 ipsi
3600 3045 3652 3097 in
3694 3061 3861 3098 cruce
3896 3045 4004 3098 Do-

2423 3129 2579 3192 mini,
2610 3129 3036 3184 offendentes'et
3067 3131 3231 3184 illatis
3249 3133 3595 3200 passionihus
3622 3134 3692 3187 ab
3721 3134 3844 3201 ejus
3871 3144 4007 3187 sunt

2423 3221 2650 3274 scicntia
2703 3221 2959 3289 separati.
3015 3220 3327 3286 Mysterium
3385 3238 3514 3292 ergo
3571 3224 3892 3292 passionum
3948 3225 4004 3277 in

2421 3312 2542 3364 oleo
2591 3313 2987 3381 conspergitur,
3034 3312 3160 3379 quia
3208 3313 3475 3367 miserans
3520 3329 3642 3375 nos,
3690 3329 3793 3382 pro
3841 3315 4007 3367 nobis

2421 3402 2684 3454 sustinuit
2723 3411 2975 3455 mortem.
3013 3400 3168 3466 Quod
3202 3411 3257 3455 et
3289 3403 3408 3456 sine
3452 3402 3722 3458 fermento
3762 3419 3913 3469 esse,
3955 3406 4004 3457 id

2422 3503 2506 3546 est
2544 3493 2806 3547 mundum
2855 3493 2924 3547 ab
2972 3493 3230 3546 exteriori
3275 3493 3390 3546 vult
3431 3509 3551 3548 esse
3591 3496 3868 3550 doctrina.
3916 3498 4008 3549 Ait

2421 3593 2600 3637 autem
2639 3600 2652 3636 ε

2495 3675 2700 3728 Divides
2737 3693 2800 3728 ea
2844 3675 3167 3729 minutatim.
3199 3672 3270 3729 Ut
3297 3675 3351 3728 in
3382 3676 3663 3744 passiones
3702 3679 3849 3747 ejus,
3881 3696 4007 3747 qu;e

2423 3779 2519 3834 per
2572 3775 2753 3834 partes
2801 3775 3228 3836 processerunt,
3281 3781 3588 3819 sermonem
3648 3767 4007 3835 dividamus,

2421 3855 2589 3909 veluti
2641 3856 2846 3926 alapis,
2895 3855 3159 3926 colaphis,
3193 3857 3404 3925 sputis,
3454 3857 3880 3928 conﬁsioneque
3931 3861 4010 3914 la-

2423 3946 2576 4000 teris.

2493 4037 2740 4106 Effundes
2789 4053 2949 4104 supra
3000 4036 3190 4089 oleum.
3242 4035 3347 4090 Sed
3399 4036 3868 4105 quemadmodum
3919 4041 4009 4093 ille

2421 4128 2850 4184 misericordiam
2899 4129 2951 4180 in
2994 4127 3154 4180 nobis
3200 4127 3427 4191 habens,
3464 4143 3561 4196 pro
3596 4129 3754 4183 nobis
3796 4141 4008 4185 semet-

2424 4219 2599 4289 ipsum
2638 4217 2858 4272 tradidit
2903 4217 3162 4287 passioni,
3209 4217 3288 4271 sic
3329 4226 3544 4286 oportet
3583 4226 3639 4270 et
3675 4235 3782 4273 nos
3816 4223 4010 4290 proxi-

2426 4311 2530 4365 mis
2572 4309 2843 4372 misereri,
2879 4308 3186 4378 passionem
3227 4308 3559 4361 Dominicam
3598 4309 3662 4361 ad
3699 4310 3872 4378 hujus
3914 4327 4008 4364 ac-

2427 4401 2695 4470 cipientes
2711 4400 2926 4469 pietatis
2937 4398 3266 4467 exemplum,
3285 4399 3428 4450 unde
3449 4399 3554 4450 ait:
3577 4397 3827 4466 Eﬂ'undes
3840 4419 4008 4470 supra

752 4486 873 4537 estis
906 4501 999 4552 per
1027 4485 1245 4537 istorum
1275 4486 1698 4551 inobedientiam,
1721 4491 1797 4540 sic
1823 4500 1869 4541 et
1897 4491 1985 4542 isti
2023 4507 2123 4542 non
2151 4494 2318 4544 credi-
2352 4489 2396 4544 D
2424 4495 2616 4558 oleum,
2646 4503 2705 4547 ut
2722 4502 2778 4546 et
2794 4492 3105 4546 nosviscera
3127 4490 3508 4542 misericordim
3538 4490 4010 4546 Dominiaemnlc—

751 4577 935 4628 derunt
961 4575 1016 4626 in
1042 4586 1210 4628 vestra
1233 4576 1612 4643 misericordia,
1642 4589 1756 4631 utet
1775 4581 1873 4647 ipsi
1904 4582 2320 4635 misericordiam

751 4676 1151 4736 consequantur.
1207 4667 1474 4721 Conclusit
1529 4672 1667 4722 enim
1727 4670 1866 4724 Deus
1900 4674 2076 4724 omnia
2102 4675 2196 4725 sub
2213 4690 2322 4741 pec-

749 4764 886 4820 cato,
911 4764 967 4808 ut
997 4757 1234 4810 omnibus
1259 4759 1574 4811 misereatur
1617 4761 1683 4812 “.
1737 4759 2164 4816 Misericordiam
2197 4765 2322 4817 ubi-

748 4861 854 4912 que
875 4846 1110 4914 appellat
1159 4847 1426 4902 adventus
1474 4848 1675 4903 Christi
1708 4854 2044 4916 mysterium,
2101 4863 2324 4923 propter

713 4933 893 5001 quod
925 4948 1094 5002 panes
1147 4936 1368 5004 quidem
1424 4935 1478 4990 in
1544 4933 1665 4992 oleo
1704 4942 1984 5008 conspersi
2043 4942 2319 4996 dicuntur.

747 5024 1032 5094 Propheta:
1057 5035 1239 5081 autem
1262 5043 1369 5082 non
1393 5028 1490 5092 sic,
1515 5031 1610 5083 sed
1640 5031 1789 5085 velut
1809 5030 1864 5085 in
1892 5033 2176 5103 aanigmate
2201 5050 2214 5097 ;
2238 5033 2322 5086 di-

745 5115 821 5167 cit
849 5117 996 5170 enim
1023 5117 1194 5172 David
1229 5134 1244 5173 :
1273 5118 1634 5173 Misericordia
1663 5121 1712 5174 et
1763 5123 1958 5175 veritas
1986 5124 2322 5176 obuiaverunt

743 5205 842 5259 sibi
856 5207 921 5261 ”.
948 5205 1009 5261 Et
1039 5223 1228 5262 rursus
1260 5225 1272 5260 :
1298 5208 1521 5264 Ostende
1554 5211 1720 5274 nobis,
1750 5210 1995 5277 Domine,
2020 5213 2320 5266 misericor-

743 5296 890 5349 diam
916 5305 1063 5350 tuam
1093 5308 1142 5350 et
1162 5298 1405 5352 salutare
1433 5309 1582 5353 tuum
1613 5301 1680 5354 da
1733 5301 1877 5355 nobis
1907 5303 1972 5356 ”.
2024 5304 2316 5373 Propterea

739 5396 852 5438 non
875 5399 1191 5456 conspersa,
1221 5389 1316 5443 sed
1333 5387 1426 5442 lita
1448 5389 1569 5445 oleo
1597 5391 1786 5460 lagona
1818 5394 2175 5462 appellantur.
2209 5395 2314 5448 Sed

741 5474 962 5529 etillam
989 5478 1199 5532 custodi
1240 5480 1530 5534 verborum
1603 5483 1979 5546 subtilitatem,
2018 5486 2311 5555 quomodo,

740 5567 960 5633 quando
993 5568 1108 5622 vlt
1139 5577 1198 5623 ut
1225 5585 1326 5624 nos
1351 5571 1725 5638 misereamur,
1789 5574 1919 5629 dicit
1973 5577 2042 5630 de
2102 5591 2169 5630 eo
2221 5575 2313 5642 qui

803 5699 854 5734 ⁶¹
892 5700 1048 5758 Joan.
1093 5721 1129 5767 ι,
1165 5705 1254 5760 29.
1351 5707 1398 5738 “
1445 5707 1573 5761 Luc.
1614 5725 1653 5765 t.
1700 5711 1789 5766 55.

747 5773 789 5806 “
816 5771 1014 5827 Ezech.
1052 5788 1123 5839 tv,
1147 5776 1198 5829 5.
1274 5777 1318 5808 "
1348 5777 1478 5830 Luc.
1506 5795 1578 5846 γι,
1609 5779 1695 5832 36.

2421 4601 2540 4639 mur
2565 4602 2580 4647 ;
2614 4584 2688 4637 ait
2715 4583 2914 4651 quippe
2953 4600 2966 4635 :
2998 4581 3176 4634 Estote
3225 4580 3582 4631 misericordes
3609 4579 3746 4630 sicut
3765 4592 3816 4632 et
3843 4582 4012 4634 Patcr

2419 4684 2584 4728 vester
2613 4674 2908 4726 misericors
2938 4680 3009 4723 cst
3036 4671 3102 4722 θ’.
3136 4668 3270 4734 Quia
3302 4669 3445 4720 cnim
3486 4669 3586 4721 hoc
3616 4669 3680 4721 de
3715 4667 4008 4725 Dominica

2420 4764 2764 4835 praposuerit
2823 4762 3076 4831 passione
3132 4759 3468 4828 capitulum,
3530 4758 3845 4826 designatio
3911 4762 4009 4813 de-

2422 4864 2689 4907 monstrat
2740 4853 2852 4921 ipsa
2907 4866 3240 4904 sermonum.
3298 4849 3450 4914 Quod
3494 4849 3638 4900 enim
3690 4849 4008 4902 secundum

2424 4943 2562 4998 LXX
2590 4943 2816 5004 addidit,
2848 4941 3177 5009 Sacriﬁcium
3223 4952 3297 4994 est
3341 4941 3578 5002 Domino,
3611 4941 3718 4993 hoc
3767 4940 3862 4993 hic
3917 4942 4013 4994 ad—

2419 5033 2556 5086 dens
2591 5033 2945 5101 praacipnum,
2989 5032 3133 5099 quod
3165 5047 3428 5100 nusquam
3464 5032 3517 5084 in
3580 5031 4010 5085 holucautoma-

2420 5123 2490 5176 tis
2533 5122 2830 5190 inscripsit.
2868 5130 2960 5174 aut
2993 5121 3049 5173 in
3089 5122 3210 5174 aliis
3241 5137 3360 5190 qua!
3395 5121 3653 5191 praecepit
3685 5126 3960 5190 superius
3995 5142 4006 5175 :

2421 5212 2510 5266 hic
2551 5220 2731 5265 autem
2779 5211 3032 5265 addidit:
3069 5212 3198 5279 quia
3235 5211 3506 5282 Unigeniti
3553 5212 3736 5280 passio
3788 5216 4009 5268 sacriﬁ-

2422 5302 2565 5354 cium
2618 5301 2730 5354 Deo
2776 5300 2919 5354 Patri
2971 5301 3146 5355 oblata
3199 5308 3317 5364 est,
3369 5301 3720 5369 semetipsum
3755 5301 4010 5365 Christo,

2423 5392 2878 5460 quemadmodum
2930 5393 3005 5447 alt
3059 5391 3290 5456 Paulus,
3337 5391 3641 5446 oﬂ'erente:
3675 5392 3754 5445 ait
3802 5395 4009 5446 enim:

2423 5481 2481 5535 Si
2508 5483 2646 5535 enim
2673 5484 2888 5551 sanguis
2934 5491 3208 5535 taurorum
3261 5491 3308 5535 et
3339 5484 3621 5543 hircorum,
3652 5491 3702 5533 et
3748 5483 3888 5535 cinis
3931 5500 4012 5536 ιιι-

2425 5574 2549 5627 ιιιιω
2572 5587 2814 5642 aspersus
2842 5575 3202 5643 coinquinatos
3233 5573 3525 5640 sanctiﬁcat
3556 5572 3627 5624 ad
3651 5577 4009 5626 emundatto-

1864 5711 2067 5767 "Gen.
2098 5728 2191 5777 xv,
2235 5712 2321 5766 l7.
2374 5711 2420 5743 ⁸⁸
2459 5710 2617 5766 Rom.
2650 5727 2728 5776 ιι,
2759 5711 2945 5767 50-32.
3023 5713 3068 5744 "
3094 5711 3236 5766 Psal.
3298 5725 3517 5778 untv,
3573 5710 3627 5766 8.
3707 5710 3758 5741 ”
3784 5709 3926 5765 ibid.
3955 5711 4010 5766 8.
