4218 6448
771 416 863 482 811
1968 415 2329 475 HESYCllll
2372 415 2846 479 PRESBYTERI
3967 415 4072 479 812

767 541 880 585 non
927 526 1042 580 vult
1092 525 1358 597 integram
1405 522 1518 581 Deo
1580 525 1884 580 doctrinam
1947 525 2134 581 olferri
2173 546 2185 581 :
2226 525 2354 580 inde.
2389 537 2428 588 Λ
2461 530 2728 587 rationale
2772 543 2876 588 est.
2934 534 3074 605 Ergo
3147 535 3459 588 testamenti
3493 535 3792 604 evangelici
3838 546 3895 587 et
3945 536 4070 587 δειλέ

766 616 899 673 dicit
937 653 951 669 .
2469 625 2750 693 apostolici
2784 644 3123 697 prtemoncre
3154 645 3254 683 nos
3283 629 3558 700 legislator
3588 629 3726 684 vult.

836 707 958 763 Non
993 706 1294 761 udolebr'tur
1321 707 1379 760 in
1421 708 1743 777 sacriﬁcium
1799 710 1939 774 quod
1986 718 2061 764 est
2111 709 2168 762 in
2215 709 2361 761 holo-

763 809 1028 861 onustum,
1058 798 1326 868 primitias
1357 807 1566 852 tantum
1598 817 1784 854 eorum
1815 802 2059 872 oﬁ'cretis.
2096 801 2364 870 Praecepit

763 893 915 947 enim
935 907 1002 947 ex
1036 901 1191 961 parte
1219 890 1365 946 illius
1392 891 1677 962 sapientia
1708 893 1979 963 primitias
2005 893 2212 957 ofi'crri,
2251 909 2361 946 non

769 993 954 1040 autem
992 983 1160 1054 plene
1189 999 1254 1038 ea
1287 984 1388 1046 uti,
1417 983 1514 1039 sed
1555 985 2018 1055 quemadmodum
2061 1002 2185 1042 cum
2221 987 2355 1039 Pauo

769 1077 850 1132 lus
869 1078 1015 1146 apud
1036 1076 1405 1130 Athenienses
1430 1078 1873 1141 conciam-retur,
1902 1079 2090 1133 dicens
2114 1081 2134 1109 '
2175 1098 2186 1131 :
2215 1077 2362 1132 Sicut

761 1169 984 1238 quidam
1012 1177 1180 1223 tester
1233 1177 1386 1238 poeta
1414 1169 1544 1222 dixit
1586 1184 1607 1222 .·
1657 1169 1827 1239 Hujus
1870 1179 1920 1223 et
1964 1187 2124 1242 genus
2159 1187 2360 1233 sumus,

763 1260 856 1329 qui
888 1260 1179 1314 inveniens
1223 1259 1447 1314 verbum
1502 1260 1748 1314 exterius
1788 1261 1854 1314 ad
1890 1261 2233 1316 occasionem
2267 1254 2363 1314 Dei

763 1351 1008 1408 scientia:
1053 1359 1262 1420 aptum,
1310 1365 1420 1404 non
1473 1351 1694 1421 quidem
1749 1351 1978 1421 respuit.
2029 1367 2130 1405 nec
2179 1362 2363 1404 tamen

765 1445 994 1509 addidit,
1029 1459 1212 1515 neque
1260 1444 1408 1498 enim
1465 1443 1590 1498 inde
1637 1445 1776 1497 ultra
1823 1428 2132 1498 testimonia
2183 1443 2366 1498 multi-

765 1532 1010 1603 plicavit.
1061 1531 1285 1599 Quare“!
1333 1534 1461 1602 quia
1515 1531 1728 1586 Placuit
1786 1532 1891 1586 Deo
1942 1548 2035 1601 per
2079 1532 2361 1586 stultitiam

765 1625 1186 1695 prcdieationis,
1235 1625 1377 1679 sicut
1423 1624 1538 1693 ipse
1587 1623 1784 1678 Paulus
1832 1625 1930 1689 ait,
1978 1624 2148 1678 salvos
2190 1626 2364 1695 facere

765 1719 1053 1782 credentes,
1088 1728 1145 1771 ut
1173 1718 1302 1787 ﬁdes
1330 1727 1502 1772 vestra
1536 1734 1638 1771 non
1684 1719 1752 1772 sit
1792 1719 1849 1771 in
1890 1719 2155 1788 sapientia
2194 1717 2364 1771 Itami-

764 1826 926 1875 num,
980 1811 1073 1865 sed
1122 1812 1179 1863 in
1231 1811 1422 1864 uirtute
1467 1810 1568 1864 Dei
1607 1812 1648 1864 ⁸.
1692 1811 1922 1882 l‘r0pter
1971 1811 2114 1882 quod
2159 1810 2238 1865 ait
2281 1811 2360 1866 le-

764 1902 992 1973 gislator
1024 1924 1036 1958 :

833 1993 1006 2064 Super
1038 1994 1217 2048 altare
1243 2011 1366 2050 sero
1393 2011 1496 2049 non
1527 1996 1865 2066 imponentur
1892 1997 1945 2050 in
1980 2000 2192 2050 adorent
2227 2011 2355 2049 sua-

762 2088 962 2143 uitatis.
1007 2086 1072 2142 Et
1112 2102 1235 2142 cum
1274 2087 1467 2142 liceret
1506 2086 1610 2142 dici
1648 2103 1758 2141 non
1792 2095 2094 2157 ponuntur,
2120 2101 2230 2139 non
2259 2094 2357 2154 po-

760 2188 966 2236 nentur
1000 2180 1158 2244 dixit,
1210 2178 1508 2234 ostendens
1554 2180 1703 2250 quia,
1757 2179 1864 2235 etsi
1915 2195 2015 2234 nos
2057 2177 2358 2234 tentaveri-

761 2291 887 2330 mus
924 2275 994 2331 de.
1037 2273 1410 2329 exterioribus
1455 2272 1759 2328 divinitatis
1801 2271 2029 2342 adipisci
2076 2269 2353 2334 notitiam,

758 2368 827 2423 ad
869 2367 1040 2422 altare
1085 2366 1178 2420 Dei
1230 2365 1337 2420 tale
1388 2365 1492 2419 hoc
1538 2363 1866 2419 sacrificium
1924 2379 2035 2418 non
2087 2362 2352 2426 ascendit,

760 2476 864 2517 nec
913 2461 1052 2517 odor
1103 2460 1163 2516 fit
1217 2458 1507 2514 suavitatis
1559 2457 1810 2523 Domino,
1861 2458 1956 2512 sed
2002 2450 2357 2517 inferioribus

757 2555 1054 2626 deputatur
1082 2553 1189 2609 tale
1217 2551 1567 2614 sacrificium,
1599 2562 1681 2617 et,
1710 2557 1900 2621 utpote
1930 2551 2074 2621 quod
2098 2549 2166 2604 de
2209 2555 2354 2602 terra

759 2646 926 2703 habet
957 2645 1391 2709 subsistentiam,
1419 2645 1486 2699 ad
1519 2653 1719 2700 terram
1750 2643 2098 2713 deprimitur.

831 2737 998 2794 Vsus.
1045 2738 1133 2792 1'5.
1189 2754 1208 2788 ι
1247 2736 1528 2809 Quidquid
1580 2736 1846 2791 obtuleris
1899 2735 2190 2800 sacriﬁcii,
2243 2735 2356 2788 sale
2409 2789 2414 2795 ,

759 2832 1006 2895 condies,
1037 2846 1143 2886 nec
1186 2830 1405 2885 auferes
1437 2831 1516 2884 sal
1551 2829 1774 2884 fmdcris
1806 2828 1898 2883 Dei
1942 2829 2019 2880 tui
2071 2827 2139 2882 de
2181 2827 2356 2886 sacri-

759 2924 887 2980 ficio
931 2931 1049 2979 tuo.
1086 2923 1144 2978 In
1172 2923 1323 2978 omni
1355 2922 1632 2978 oblatio:.e
1660 2922 1862 2977 oll'eres
1891 2921 1990 2977 sal.
2027 2941 2047 2974 ι

827 3016 1023 3074 Cernis
1074 3015 1201 3087 quia
1252 3015 1322 3071 de
1374 3015 1484 3070 Deo
1539 3015 1827 3084 loquentes
1874 3029 1984 3066 non
2033 3012 2149 3066 vult
2190 3012 2355 3065 nimis

755 3110 1010 3167 exteriori
1037 3110 1116 3166 uti
1144 3109 1437 3180 sapientia,
1475 3109 1570 3164 sed
1624 3107 1943 3180 apostolica,
1973 3106 2040 3160 de
2071 3121 2177 3176 qua
2210 3104 2353 3158 Pau-

755 3203 844 3262 lus
879 3205 1047 3260 dicit:
1075 3202 1410 3274 Sapientiam
1461 3201 1731 3274 loquimur
1767 3202 1908 3255 inter
1951 3200 2227 3270 perfectos,
2258 3215 2352 3252 sa—

754 3298 1010 3368 pientiam
1045 3307 1224 3351 autem
1260 3312 1365 3349 non
1397 3295 1583 3349 mundi
1627 3293 1811 3364 Imjus,
1841 3309 2008 3360 neque
2053 3291 2354 3362 principum

757 3390 941 3444 mundi
970 3389 1150 3460 hujus,
1181 3388 1274 3462 qui
1305 3388 1676 3451 destruantur,
1721 3386 1812 3440 sed
1843 3385 2110 3453 loquimur
2143 3383 2236 3438 Dei
2267 3401 2356 3436 sa-

757 3484 1037 3553 pientiam,
1071 3485 1126 3536 in
1149 3470 1410 3552 'mysteiio
1433 3478 1830 3541 'absconditam,
1877 3494 2038 3550 quam
2077 3476 2355 3546 pra'desti-

757 3576 902 3631 nouit
953 3573 1096 3628 Deus
1146 3580 1271 3627 ante
1315 3569 1512 3626 tacula
1553 3571 1625 3624 ad
1664 3569 1893 3642 gloriam
1941 3579 2175 3623 nostram
2207 3568 2246 3620 ".
2289 3567 2356 3620 Et

757 3671 904 3726 unde
931 3676 1017 3724 est
1057 3675 1294 3728 certum,
1326 3663 1489 3724 dicis.
1519 3664 1648 3734 quia
1676 3663 1754 3717 sal
1784 3678 1883 3733 pro
1921 3661 2219 3734 apostolica
2262 3676 2352 3715 sa-

755 3763 961 3835 pientia
1007 3759 1179 3816 dixit?
1227 3759 1396 3814 Plane
1439 3758 1543 3813 hoc
1585 3757 1746 3812 nohis
1784 3757 2047 3812 Dominus
2086 3755 2350 3818 ostendit,

754 3855 947 3911 dicens
990 3851 1254 3925 apostolis
1285 3869 1299 3906 :
1335 3849 1435 3904 Vos
1477 3850 1602 3904 estis
1634 3847 1720 3903 sal
1758 3857 1947 3913 terra';
1975 3848 2021 3901 si
2061 3855 2237 3901 autem
2268 3844 2356 3899 sol

753 3946 1050 4013 cecinerit,
1075 3947 1148 4000 ad
1182 3943 1408 3999 nihilum
1449 3942 1643 3998 ualebit
1673 3941 1838 4004 ultra,
1875 3941 1978 3997 nisi
2007 3951 2064 3996 ut
2106 3941 2354 3996 mittatur

755 4044 921 4116 feras,
942 4049 993 4096 et
1016 4037 1354 4094 conculcetur
1371 4036 1437 4091 ab
1457 4035 1756 4090 nominibus
1776 4033 1817 4087 ⁸.
1848 4027 2142 4106 Propterea
2166 4041 2350 4088 autem

753 4135 835 4191 sal
882 4131 1240 4205 apostolicam
1291 4129 1624 4203 sapientiam
1670 4126 1988 4199 appellavit.
2036 4127 2165 4202 quia
2210 4127 2353 4182 sicut

752 4222 936 4280 omnis
972 4212 1130 4278 cibus
1171 4219 1238 4276 ad
1273 4219 1631 4275 nutriendum
1664 4225 1830 4290 aptus
1881 4216 2199 4274 omnimodo
2238 4217 2351 4274 sale

751 4316 1013 4374 conditur
1042 4358 1059 4382 ,
1093 4315 1168 4371 ita
1200 4324 1256 4369 et
1287 4313 1470 4369 omnis
1514 4327 1697 4368 sermo
1727 4311 1879 4366 utilis
1914 4311 1983 4366 ad
2022 4310 2348 4382 iuvandum,

751 4408 1069 4482 apostolicae
1099 4404 1421 4464 omnimodo
1447 4404 1823 4461 necessarium
1863 4402 2031 4459 habet
2069 4403 2353 4474 sapientia:

750 4502 1191 4559 condimentum.
1231 4499 1531 4570 Propterea
1568 4511 1682 4552 non
1728 4495 1923 4553 abesse
1975 4497 2056 4553 sal
2101 4513 2133 4552 a
2180 4497 2352 4554 sacri-

2540 715 2829 800 stsJG.
2867 739 2884 770 ι
2923 720 3020 774 Sin
3069 731 3254 774 autem
3305 720 3571 776 obtuleris
3618 735 3826 774 munus
3878 720 4071 788 primia

2469 808 2668 862 tiarum
2721 811 2935 882 frugum
2976 821 3190 866 tuarum
3249 811 3501 875 Domino,
3556 812 3622 866 de
3671 812 3846 883 spicis
3893 812 4072 864 adhuc

2469 901 2770 957 virentibus
2814 904 3049 958 torrebis
3087 917 3179 958 eas
3224 905 3332 974 igni
3366 922 3378 957 :
3409 914 3466 958 et
3508 904 3829 974 eonfringes
3870 918 3968 956 eas
4025 907 4072 953 ιιι

2465 981 2678 1047 morem
2729 995 2910 1056 farris.
2937 1007 2989 1050 et
3019 995 3099 1050 sic
3127 990 3328 1051 oﬂ'eres
3353 995 3624 1065 primitias
3652 1005 3775 1050 tuas
3807 994 4069 1050 Domino.

2468 1083 2703 1140 fundens
2739 1102 2905 1155 super
2948 1102 3010 1141 ea
3056 1088 3262 1148 oleum,
3293 1096 3347 1141 et
3389 1088 3517 1141 thus
3565 1087 3895 1156 imponens,
3950 1085 4069 1153 quia

2465 1176 2670 1233 oblatio
2701 1171 2915 1233 Domini
2944 1189 3047 1244 est,
3075 1181 3139 1234 de
3165 1195 3270 1251 qua
3303 1178 3543 1234 adolebit
3571 1178 3839 1244 sacerdos
3870 1177 3928 1228 in
3959 1193 4067 1230 me-

2467 1270 2696 1324 moriam
2749 1270 3018 1334 muneris,
3056 1280 3263 1339 partem
3307 1269 3470 1326 farris
3519 1270 3678 1325 fracti
3713 1281 3775 1325 et
3822 1271 3966 1335 olei,
4014 1286 4070 1322 ac

2468 1368 2640 1413 totum
2673 1362 2820 1414 thus.
2857 1380 2873 1411 ι

2541 1450 2658 1505 Non
2687 1453 2862 1506 solum
2909 1454 3157 1523 prmcipit
3202 1452 3293 1508 Dei
3345 1454 3596 1508 notitiam
3636 1453 3755 1507 sive
3779 1453 4069 1507 scientiam

2466 1558 2561 1598 eos
2587 1543 2787 1598 offerre
2827 1544 2919 1614 qui
2973 1544 3026 1597 in
3069 1544 3259 1598 eadem
3298 1544 3526 1598 scientia
3565 1544 3802 1597 multum
3854 1554 4072 1611 tempus

2465 1646 2907 1706 permanserunt,
2958 1636 3054 1692 sed
3098 1645 3153 1691 et
3199 1637 3525 1692 inchoantes
3569 1637 3714 1689 illam
3748 1636 3939 1705 qualis
3974 1635 4072 1687 fuit

2466 1717 2667 1779 Paulus
2713 1742 2726 1778 :
2774 1741 2898 1779 mox
2957 1725 3104 1779 enim
3155 1732 3214 1779 ut
3270 1735 3497 1778 vocatus
3553 1733 3671 1789 est,
3723 1723 4069 1793 praedicam.

2465 1811 2696 1888 Propter
2716 1818 2862 1888 quod
2903 1819 3001 1882 sic,
3028 1835 3147 1888 qua:
3180 1833 3329 1873 nunc
3359 1818 3637 1876 dicuntur.
3667 1817 4066 1888 intelligamus.

2392 1883 2434 1940 Β
2465 1905 2783 1960 Primitivus
2831 1898 2944 1959 Deo
2987 1913 3072 1959 est
3127 1906 3171 1960 is
3213 1905 3306 1974 qui
3353 1905 3570 1959 noviter
3603 1906 3777 1973 coepit
3821 1883 4062 1958 credere.

2461 2007 2514 2054 et
2550 1999 2643 2068 qui
2689 1993 2741 2052 ei
2793 1999 3006 2053 nullum
3060 1998 3272 2069 pridem
3325 1997 3524 2052 divinae
3569 1997 3822 2051 scientiae
3871 1997 4068 2050 obtulit

2461 2089 2723 2145 fructum.
2769 2088 2823 2144 Si
2871 2105 3004 2162 ergo
3053 2089 3102 2144 ei
3157 2089 3488 2145 sacrificium
3531 2088 3680 2145 verbi
3731 2088 3831 2142 Dei
3881 2089 4065 2142 oﬂ’eri-

2459 2199 2604 2249 mus,
2637 2183 2926 2239 seientiam
2981 2184 3101 2253 ejus
3148 2182 3366 2238 noviter
3405 2180 3754 2245 inchoantes,
3795 2190 3853 2236 et
3883 2182 4066 2235 viren-

2460 2277 2531 2330 tia
2580 2271 2826 2347 qnidem,
2860 2286 2921 2331 ut
2971 2277 3189 2332 noviter
3237 2276 3367 2346 quid
3415 2269 3696 2330 discentes
3743 2283 3804 2329 et
3852 2275 4064 2327 naviter

2460 2372 2831 2442 percipientcs
2863 2371 3230 2427 obtulerimus
3263 2388 3275 2422 :
3309 2369 3570 2440 quoniam
3603 2369 3850 2422 necdum
3891 2370 4062 2423 subti-

2458 2466 2582 2520 liter
2615 2466 2736 2536 ejus
2788 2466 3039 2536 proferre
3085 2464 3343 2535 mysteria
3384 2463 3676 2533 Cmpimus,
3721 2472 3783 2516 ut
3829 2462 4062 2516 farinam

2459 2555 2775 2618 offeramus,
2813 2563 2909 2611 aut
2941 2557 3200 2622 similam,
3233 2555 3610 2611 necessarium
3649 2565 3735 2610 est
3788 2566 3851 2609 ut
3882 2556 4063 2609 viren-

2458 2648 2531 2704 tia
2552 2657 2607 2703 et
2631 2648 2833 2703 torrida
2862 2657 3025 2718 atque
3052 2645 3352 2708 confracta,
3379 2645 3484 2711 vel,
3513 2647 3656 2700 sicut
3677 2643 3824 2698 LXX
3849 2645 4064 2705 dicunt,

2460 2751 2519 2816 ut
2547 2741 2792 2796 recentia
2849 2739 3029 2801 fricta,
3063 2751 3275 2793 matura
3309 2738 3477 2793 fracta
3507 2737 3833 2793 oﬂeramus.
3859 2736 4062 2803 Quem-

2456 2834 2751 2890 admodum
2798 2833 2946 2889 enim
2997 2833 3286 2887 bumectos
3332 2831 3563 2893 fructus,
3605 2839 3660 2885 et
3694 2830 3787 2900 qui
3829 2834 4063 2885 arcium

2457 2936 2694 3000 possunt
2742 2927 2897 2992 moli,
2937 2935 3000 2981 ut
3037 2929 3168 2980 ﬁant
3227 2924 3399 2979 farina
3451 2932 3548 2977 aut
3593 2923 3799 2987 simila,
3841 2923 4062 2992 quando

2457 3020 2797 3075 voluerimus
2832 3026 2999 3088 aptos
3031 3016 3147 3071 esui
3199 3016 3452 3079 reddere,
3500 3013 3628 3085 igne
3672 3029 3771 3068 eos
3807 3013 4060 3070 contnu-

2456 3120 2671 3186 geutes,
2713 3110 2897 3180 paleas
2932 3123 3148 3170 eorum,
3200 3108 3253 3162 in
3305 3123 3373 3162 eo
3418 3107 3563 3177 quod
3609 3121 3705 3160 eos
3756 3106 4064 3177 frangimus

2458 3219 2784 3276 separamus
2819 3221 2832 3257 :
2864 3202 2945 3258 sic
2980 3202 3298 3279 quicunque
3333 3201 3567 3256 necdum
3598 3199 3895 3254 scientiam
3933 3199 4062 3252 sol;-

2457 3298 2582 3352 dam
2631 3297 2921 3360 habemus,
2960 3310 3063 3350 nec
3113 3293 3369 3349 subtilem
3413 3292 3801 3362 excelsamque
3851 3291 4062 3345 theolo-

2457 3388 2627 3460 giam,
2647 3389 2886 3442 necdum
2915 3385 3066 3441 enim
3099 3385 3246 3440 illam
3275 3385 3592 3440 discernere
3627 3383 3811 3438 idonei
3847 3399 4064 3440 sum-.5.

2455 3479 2787 3550 spiritalium
2813 3478 3224 3549 Scripturarum
3265 3477 3565 3547 perfectam
3607 3477 3908 3531 scientiam
3958 3492 4063 3530 nou

2456 3574 2748 3634 habentes,
2774 3584 2914 3642 opus
2945 3571 3214 3626 habemus
3243 3582 3363 3624 eam
3405 3570 3460 3622 in
3493 3570 3615 3640 igne
3652 3569 3886 3638 spiritus
3928 3569 4053 3622 [litt-

2456 3679 2608 3736 gere,
2635 3663 2689 3719 id
2720 3673 2805 3719 est
2829 3663 2976 3718 illius
3002 3662 3380 3733 Operationem
3404 3669 3460 3716 et
3483 3661 4062 3718 subministrationem

2454 3757 2618 3813 nobis
2662 3756 3039 3817 commodare,
3071 3764 3132 3809 ut
3173 3755 3242 3809 ab
3275 3769 3338 3809 ca
3383 3754 3579 3809 litterae
3611 3753 3800 3824 paleas
3835 3770 4060 3824 separe-

2453 3867 2599 3907 mus.
2636 3850 2718 3906 Ex
2771 3851 2866 3906 illo
2901 3849 3050 3905 enim
3097 3849 3464 3904 sufﬁcientem
3505 3857 3670 3918 atque
3709 3846 4065 3903 celeri-imam

2453 3945 2548 4001 Dei
2584 3944 2877 4000 scientiam
2925 3943 3358 4015 possidebimus,
3393 3951 3616 4013 propter
3645 3940 3794 4011 quod
3836 3951 3900 3995 et
3945 3957 4062 3994 eam

2454 4037 2817 4108 intelligibilis
2853 4035 3112 4098 sacerdos
3154 4034 3406 4106 suscipit.
3448 4033 3679 4106 Oportet
3719 4043 3915 4088 autem
3968 4049 4060 4087 nos

2454 4131 2859 4204 superfundere
2915 4131 3118 4196 oleum,
3153 4139 3210 4185 et
3251 4129 3704 4201 superimponere
3755 4127 3892 4182 thus
3936 4143 4062 4198 τρες

2455 4226 2863 4298 elecmosynam
2891 4224 3096 4297 quippe
3128 4232 3182 4278 et
3206 4223 3515 4278 orationem
3542 4221 3773 4287 scientia
3809 4221 3864 4276 in
3901 4222 4065 4277 nobis

2455 4317 2642 4373 divina
2692 4315 2997 4388 perficitur.
3029 4315 3107 4370 De
3136 4315 3336 4386 quibus
3381 4313 3719 4380 hominibus,
3752 4329 3979 4368 necnon
4011 4324 4059 4367 et

2455 4409 2524 4466 de
2546 4408 2853 4465 memoriali
2881 4408 3027 4480 quod
3053 4423 3220 4479 super
3241 4409 3414 4463 altare
3438 4407 3726 4463 sacerdote
3748 4409 4059 4477 accipiente

2457 4492 2703 4574 ponitur,
2726 4502 2782 4557 in
2804 4500 3186 4573 superioribus
3228 4500 3486 4556 subtilius
3524 4500 3912 4569 exposuimus.
3943 4500 4055 4554 Non

751 4593 914 4662 ficiis,
944 4592 1041 4650 sed
1067 4591 1126 4647 in
1154 4589 1307 4648 omni
1351 4605 1582 4646 munere
1609 4589 1872 4662 praecepit
1900 4587 1980 4645 sal
2007 4587 2196 4645 offerri
2233 4607 2247 4644 :
2289 4597 2349 4644 ut
2381 4607 2428 4666 ι)
2454 4607 2587 4666 ει·αο
2633 4606 2864 4648 necesse
2912 4601 3016 4663 est
3047 4606 3197 4647 nunc
3245 4590 3644 4662 expositionem
3689 4589 4057 4645 confundere.

748 4684 1124 4757 quodcunque
1173 4681 1453 4749 docueris,
1500 4679 1871 4753 quidcunque
1921 4680 2252 4744 correxeris,
2293 4680 2350 4734 in

747 4785 1082 4850 quacunque
1112 4774 1319 4829 virtute
1349 4781 1712 4827 conversatus
1750 4766 1946 4840 fueris,
1974 4772 2045 4828 ad
2083 4758 2352 4845 apostoli-

748 4887 872 4928 cam
906 4867 1317 4927 mulationem
1344 4874 1509 4937 atque
1530 4864 1891 4921 imitationem
1914 4850 2164 4937 opereris
2194 4906 2210 4932 ,
2242 4878 2354 4919 me-

747 4977 984 5037 morque
1031 4961 1112 5019 sis
1150 4958 1308 5018 Pauli
1359 4958 1641 5015 dicentis:
1672 4957 1977 5012 Imitatores
2022 4955 2128 5011 mei
2168 4966 2353 5024 estote,

743 5059 883 5114 sicut
923 5063 975 5110 et
1016 5068 1114 5125 ego
1162 5049 1364 5108 Christi
1395 5051 1437 5106 ⁸.
1486 5049 1556 5108 Et
1606 5064 1799 5106 rursus
1836 5067 1854 5104 :
1888 5048 2029 5121 Ergo
2070 5048 2191 5119 jam
2244 5065 2350 5104 non

742 5151 871 5208 estis
916 5147 1139 5204 advena
1183 5149 1236 5200 et
1272 5144 1522 5216 hospites.
1559 5143 1656 5198 sed
1703 5142 1829 5197 estis
1864 5143 2001 5196 ciocs
2040 5151 2347 5197 sanctorum

744 5253 797 5299 et
827 5241 1109 5298 domestici
1150 5237 1270 5305 Dei,
1300 5235 1718 5309 stipe'rutdiﬁcati
1745 5251 1904 5305 super
1937 5235 2346 5309 fundamentum

743 5335 1113 5410 apostolorum.
1152 5343 1202 5389 et
1252 5332 1656 5404 prophetarum,
1687 5315 1811 5405 ipso
1835 5345 2046 5386 sumus
2093 5329 2346 5402 augulari

744 5431 926 5504 lapide
956 5427 1168 5487 Christo
1207 5425 1332 5482 Iesu
1364 5425 1432 5480 ".
1460 5424 1600 5493 Quia
1644 5433 1829 5479 autem
1868 5438 1981 5478 non
2025 5422 2349 5495 simpliciter

742 5527 823 5584 sal
844 5527 1006 5592 dixit,
1037 5524 1135 5580 sed
1170 5523 1302 5580 illud
1336 5519 1703 5593 intelligibile,
1735 5517 2012 5591 legislator
2041 5517 2260 5576 innuit:

813 5617 937 5674 Non
983 5617 1198 5691 auferes
1235 5612 1343 5679 sal,
1373 5612 1573 5685 inquit,
1606 5610 1816 5684 fwderis
1849 5608 1946 5664 Dei
1975 5610 2076 5665 tui.
2107 5606 2264 5678 Quod
2302 5612 2346 5666 si

739 5712 924 5772 fmdus
948 5713 1066 5769 sive
1100 5716 1491 5768 testamentum
1523 5704 1790 5762 rationale
1816 5715 1924 5770 est,
1962 5704 2150 5776 utique
2179 5715 2235 5762 et
2269 5707 2349 5763 sal

846 5850 1014 5908 Ἀρι.
1060 5850 1310 5920 rvinis.
1409 5846 1631 5906 'lCor.
1669 5865 1710 5914 I,
1747 5847 1835 5904 2|.

742 5925 909 5994 ".19.

1933 5846 2156 5906 ’lCor.
2210 5868 2268 5921 tt,
2325 5858 2379 5920 tt,
2435 5856 2491 5911 τ,

2451 4686 2592 4754 Quia
2627 4686 2778 4743 enim
2830 4685 2988 4760 {ricta
3039 4693 3280 4747 natura,
3322 4683 3629 4740 secundum
3675 4682 3850 4740 LXX.
3884 4684 4056 4754 fracta

2450 4786 2574 4850 sunt
2603 4818 2621 4843 ,
2653 4791 2719 4833 ea
2744 4790 2868 4848 qua:
2901 4775 3028 4849 ipe
3067 4774 3229 4831 fricta
3270 4781 3422 4839 sunt,
3463 4773 3658 4844 reliqui
3724 4773 4056 4842 interpretes-

2453 4869 2817 4932 Hebrteorunt
2853 4868 3154 4941 eaphnsnt
3190 4883 3290 4940 pro
3332 4883 3422 4936 eo,
3451 4867 3588 4925 friaa
3622 4876 3841 4922 matura
3878 4868 4053 4926 faeta.

2455 4962 2599 5035 [riuo
2632 4961 2691 5018 in
2719 4962 2841 5035 igne
2874 4960 3060 5018 mollia
3093 4961 3411 5017 ediderunt.

3061 5117 3292 5177 CAPUT
3332 5117 3421 5175 Ill.

2532 5237 2694 5294 Vsus.
2731 5237 2851 5293 l-5.
2899 5255 2918 5291 ι
2957 5235 3116 5306 Quod
3167 5238 3216 5293 si
3264 5237 3443 5292 hostia
3482 5236 3841 5308 paeiflcorum
3899 5237 4055 5294 fuerit

2457 5331 2582 5402 ejus
2619 5330 2852 5396 oblatio,
2887 5340 2941 5386 et
2990 5329 3059 5386 de
3106 5329 3284 5386 bobus
3321 5329 3558 5385 voluerit
3585 5327 3808 5395 υσθυε,
3851 5344 4054 5384 marem

2457 5428 2574 5482 sive
2618 5423 2884 5482 feminam
2908 5423 3324 5482 immaculatum
3350 5423 3547 5480 offeret
3575 5439 3762 5479 coram
3785 5421 4044 5484 Domino.

2456 5527 2735 5591 ponetque
2784 5531 3012 5573 manum
3059 5530 3228 5586 super
3267 5524 3435 5588 caput
3483 5514 3720 5571 victima
3760 5530 3902 5579 sua,
3940 5528 4054 5585 qua:

2457 5609 2837 5668 immolabitur
2889 5606 2945 5661 in
2999 5605 3228 5664 introitu
3281 5605 3622 5663 tabernaculi
3664 5623 3677 5659 :
3717 5603 4054 5675 laudentque

2457 5705 2569 5764 filii
2607 5705 2794 5761 Aaron
2850 5699 3156 5757 sacerdotis
3221 5700 3547 5773 sanguinem
3606 5714 3704 5772 per
3762 5699 4053 5755 circuitum

2589 5849 2609 5882 ³
2643 5846 2834 5902 Matth.
2885 5863 2934 5911 v,
2982 5844 3066 5908 l3,
3171 5842 3406 5900 'I'Cor.
3463 5861 3539 5910 tv,
3581 5841 3669 5897 {6.
3771 5842 3813 5874 "
3854 5840 4052 5912 Epiros.
