4218 6448
217 420 319 486 813

1360 414 1441 483 "ix
1484 421 1916 482 LEVt'l‘ltIUM.
1960 448 2025 458 -
2071 423 2215 486 1.113.
2262 427 2304 488 ι.

3351 435 3454 506 814

215 543 416 603 ,μευ-ξε,
453 556 504 599 ει
544 546 775 597 ompan
822 546 887 597 de
938 545 1109 595 hostia
1156 544 1501 610 paeilieerum
1545 541 1599 593 in
1627 539 1776 590 obla-
1812 545 1851 594 Λ
1883 537 2017 593 liciis
2092 542 2582 599 lioloemitomatazn
2665 552 2998 608 suthcurntcr
3079 558 3451 619 discttssimus.

216 635 413 690 tionem
473 637 701 690 Domino

212 726 470 794 quidquid
508 728 853 797 pinguediuis
886 727 1216 780 intrinsecus
1248 734 1329 779 c~t
1362 743 1374 778 :
1417 725 1554 777 duos
1604 738 1783 787 renes,

213 828 333 866 cum
374 816 530 884 adipe
569 832 678 886 quo
729 824 985 886 teguntur
1016 817 1147 878 ilia,"
1168 826 1224 869 et
1263 816 1543 870 reticulum
1583 813 1785 882 jeeoris

216 919 335 958 cum
379 909 692 964 renuncnlis
729 927 742 961 :
784 910 1185 994 adolebuqtque
1225 924 1285 962 ea
1324 921 1489 975 super
1526 907 1693 958 altare
1727 904 1780 956 in

214 998 607 1057 holocaustum.
653 1003 810 1072 lignis
851 1002 972 1072 igne
1008 1001 1313 1069 supposito,
1360 1002 1412 1051 in
1452 998 1781 1051 oblationem

212 1093 519 1145 suavissimi
559 1093 745 1145 odoris
777 1094 1028 1145 Domino.
1069 1111 1089 1141 ι
1638 1092 1646 1100 ”

281 1184 448 1238 Recte
488 1170 651 1238 Ilavid
690 1185 952 1253 propheta
986 1170 1249 1251 psallede
1284 1200 1298 1233 :
1341 1181 1457 1233 Viris
1499 1192 1638 1261 tuos,
1678 1181 1782 1261 Do-

211 1274 363 1329 mine.
401 1275 698 1326 demonstra
747 1276 894 1336 milii,
926 1285 973 1326 et
1000 1275 1232 1326 semitas
1280 1283 1398 1326 tuas
1427 1258 1580 1327 edoce.
1608 1290 1686 1325 me
1717 1276 1778 1326 “.

209 1366 472 1426 Quoniam
518 1368 968 1419 conversatioues
999 1366 1139 1417 Dens
1177 1365 1487 1418 hominibus
1520 1366 1780 1419 differen-

210 1464 286 1503 aes
339 1470 431 1520 per
484 1456 654 1524 legero
700 1459 896 1515 satixit,
930 1467 985 1510 et
1023 1458 1073 1508 in
1125 1456 1345 1510 modum
1386 1459 1648 1510 scalarum
1683 1458 1782 1510 vir-

208 1556 349 1598 tutes
380 1549 672 1609 ordinavit,
719 1562 773 1599 nt
805 1550 891 1601 alii
934 1550 1156 1617 quidem
1207 1550 1392 1603 liceret
1422 1565 1612 1602 omnes
1642 1566 1781 1604 asse»

212 1640 320 1698 sini.
350 1640 437 1690 alii
473 1649 654 1691 autem
696 1641 979 1709 quasdam,
1010 1650 1066 1691 ut
1095 1655 1307 1693 sursum
1343 1652 1519 1693 tamen
1551 1643 1778 1710 quisque

204 1729 578 1784 sublevaretur
608 1747 636 1784 a
671 1741 813 1785 terra
840 1772 849 1782 .
873 1733 972 1784 boe
995 1734 1195 1801 quippe
1214 1733 1581 1787 eldiil‘erentia
1610 1734 1778 1787 sacri-

207 1822 452 1875 ficiorum
512 1823 871 1891 significabat.
925 1824 1055 1877 Nam
1106 1826 1195 1879 hic
1239 1826 1456 1893 quidem
1506 1828 1573 1880 de
1619 1827 1777 1880 nobis

208 1918 585 1968 holocaustum
614 1915 828 1975 oﬂerrt.
862 1927 1030 1970 totum
1062 1919 1412 1987 semetipsiim
1444 1920 1553 1973 lleo
1576 1919 1775 1974 offerre

204 2006 413 2069 voletis,
467 2016 522 2059 et
571 2009 710 2061 sicut
756 2008 954 2061 Paulus
1003 2010 1219 2064 diccbat
1252 2028 1263 2063 :
1299 2012 1504 2067 Christo
1546 2014 1777 2081 conﬁnis

200 2113 317 2149 sum
374 2100 515 2150 (τιιεὶ
553 2101 615 2153 ’³.
677 2101 826 2151 Alter
883 2100 1207 2155 sacrificium
1260 2103 1605 2173 pacificorum
1664 2106 1777 2160 sive

200 2189 474 2252 salutare,
523 2189 617 2258 qui
674 2189 948 2243 desiderat
1004 2191 1256 2253 salutem,
1307 2196 1410 2249 etsi
1464 2210 1569 2248 non
1602 2205 1777 2265 potest

198 2282 365 2336 nimis
410 2283 717 2336 sublimiter
754 2285 1068 2337 conversari
1113 2303 1123 2335 :
1159 2301 1285 2339 nam
1324 2297 1377 2340 et
1407 2288 1448 2340 si
1487 2303 1596 2342 non
1634 2290 1777 2344 valet

199 2376 563 2446 virginitatem
617 2379 887 2447 quiSpiain
948 2382 1230 2448 consequi.
1276 2381 1329 2434 in
1388 2392 1535 2435 casto
1592 2392 1772 2438 autem

196 2471 452 2539 eonjugio
493 2481 872 2533 conversetur,
924 2474 1133 2526 veniam
1177 2475 1401 2543 percipit
1449 2494 1475 2529 a
1526 2477 1771 2541 Domino,

196 2561 291 2629 qui
317 2562 449 2614 dixit
472 2579 487 2617 ;
523 2562 642 2615 Non
677 2580 851 2615 omnes
879 2566 1093 2630 capiunt
1127 2567 1333 2618 vei-(mm
1359 2568 1403 2597 ’³
1423 2607 1438 2625 ,
1463 2569 1678 2635 quando
1708 2570 1774 2623 de

202 2654 509 2721 virginitate
562 2655 822 2722 apostolis
872 2658 1196 2723 exponebat.
1254 2658 1355 2710 Sed
1404 2668 1583 2714 tamen
1634 2663 1773 2715 inter

195 2760 291 2796 eos
316 2746 408 2812 qui
436 2746 716 2798 salvantur
741 2748 1051 2799 necessarie
1078 2749 1417 2803 ordinantur.
1453 2750 1564 2805 Hoc
1597 2754 1770 2821 ipsum

194 2846 380 2889 autem
422 2848 470 2889 et
504 2838 572 2891 de
610 2848 924 2907 contemptu
957 2855 1157 2904 rerum,
1189 2851 1241 2893 et
1266 2842 1582 2911 dejustltia,
1620 2856 1673 2897 et
1704 2847 1769 2897 de

190 2928 318 2979 cibo
360 2946 483 2983 cum
528 2932 824 2999 gratiarum
873 2934 1105 2989 actione.
1142 2935 1267 3001 quia
1310 2951 1534 3006 magnus
1564 2938 1766 3006 estqui

193 3032 408 3083 magna,
443 3027 497 3069 et
525 3034 745 3087 parvus.
780 3037 884 3073 non
927 3030 1105 3075 tamen
1134 3024 1415 3083 minimus.
1452 3028 1543 3094 qui
1575 3030 1766 3081 saltem

194 3110 490 3162 mediocria
518 3114 775 3180 consequi
807 3124 1002 3180 pozeSI.
1038 3112 1105 3165 Ut
1137 3113 1458 3183 probaretur
1483 3133 1612 3185 ergo
1641 3122 1763 3186 quia

753 636 1019 704 :adipem
1085 636 1178 704 qui
1240 636 1417 703 operit
1470 633 1671 690 vitalia,
1733 641 1787 684 et

1886 630 2024 694 Quid
2073 644 2255 686 autem
2309 634 2417 689 Deo
2458 641 2653 695 otierre
2699 643 2767 698 de
2801 662 2901 699 suo
2938 650 3201 705 sacrificio
3237 670 3454 710 DCCOSSn

1888 726 2118 780 habeant
2167 729 2257 795 qui
2304 730 2497 785 salvari
2559 736 2763 800 volunt,
2798 741 2903 795 hoc
2932 744 3098 811 quwri
3131 754 3186 800 et
3210 752 3453 804 conside--

1884 817 1990 867 rari
2026 821 2393 875 necessarium
2430 834 2532 878 est.
2577 824 2824 884 Olferunt
2870 837 3015 889 enim
3046 837 3112 891 de
3158 839 3330 893 hostia
3362 861 3422 911 pa

1885 898 2159 995 eilieorum
2194 912 2246 963 in
2279 913 2605 971 oblationem
2648 920 2881 985 Domini,
2915 928 3129 997 adipem
3159 934 3248 1000 qui
3280 938 3459 1003 operit

1887 997 2082 1061 vitalia,
2133 1011 2188 1053 et
2249 1005 2502 1074 quidquid
2570 1010 2913 1080 pinguedinis
2986 1018 3311 1078 intrinsecus
3350 1039 3449 1080 est.

1888 1080 2004 1149 γοτι,
2051 1094 2193 1144 sicut
2241 1096 2613 1166 Septuaginta.
2636 1105 2845 1172 adipem
2874 1095 2964 1177 qui
2991 1113 3158 1177 operit
3202 1128 3451 1176 ventrem.

1884 1189 1930 1231 et
1979 1197 2181 1236 omnem
2230 1188 2435 1252 adipem
2486 1192 2576 1256 qui
2617 1194 2670 1245 in
2706 1208 2880 1251 ventre
2922 1211 2995 1252 est
3028 1241 3043 1261 ,
3086 1219 3182 1270 per
3210 1218 3451 1261 ventrem

1883 1286 1978 1323 eor
2007 1274 2354 1342 significans:
2395 1280 2515 1333 ideo
2549 1292 2730 1337 autem
2764 1292 3004 1343 secundo
3031 1294 3151 1361 ejus
3180 1297 3231 1347 in
3268 1312 3452 1367 supr:-

1885 1361 2022 1415 dicta
2085 1366 2321 1421 editione
2376 1374 2692 1427 memoriam
2739 1376 2892 1441 fecit,
2943 1383 3067 1448 quia
3094 1383 3244 1438 duas
3290 1361 3447 1440 habet

1884 1459 2240 1523 operationes.
2273 1464 2412 1517 sicut
2442 1465 2631 1520 dicunt
2657 1470 2869 1523 medici.
2910 1466 3125 1527 Etenim
3160 1493 3254 1545 per
3289 1498 3447 1535 unam

1883 1557 2090 1614 partem
2126 1551 2289 1604 trahit
2320 1554 2594 1619 alimenta,
2632 1566 2773 1626 quod
2814 1575 3058 1619 ventrem
3086 1574 3445 1639 Superiorem,

1882 1651 1978 1703 per
2006 1639 2162 1692 aliam
2198 1644 2544 1709 purgatiOnes
2575 1648 2850 1712 discernit,
2886 1657 3029 1722 quod
3080 1672 3319 1716 ventrem
3366 1667 3449 1717 in-

1882 1729 2134 1784 feriorem
2197 1745 2410 1790 vocant.
2452 1736 2629 1794 Renes
2674 1753 2802 1796 vero
2849 1749 3121 1804 coitalinm
3181 1759 3446 1812 seminum

1882 1832 2009 1874 sunt
2043 1823 2365 1888 ministeria.
2416 1828 2617 1884 habent
2646 1844 2825 1889 autem
2856 1845 3296 1899 communionem
3326 1865 3445 1903 cum

1808 1896 1849 1951 Β
1881 1920 2066 1966 ventre
2090 1922 2143 1967 et
2173 1914 2505 1974 femoribus:
2542 1930 2703 1990 atque
2730 1925 2889 1993 hujus
2927 1931 3000 1982 rei
3038 1935 3207 2001 gratia
3233 1939 3446 2006 adipem

1878 2004 2131 2072 primunt,
2167 2008 2258 2076 qui
2290 2024 2451 2079 supra
2500 2024 2742 2069 ventrem
2775 2028 2879 2083 est,
2930 2024 2983 2074 et
3008 2024 3144 2079 duos
3178 2044 3356 2089 renes.
3395 2044 3449 2086 et.

1878 2110 2069 2149 rursus
2105 2098 2316 2167 adipem
2354 2104 2446 2170 qui
2500 2120 2664 2174 super
2702 2121 2796 2162 eos
2818 2120 2922 2173 est,
2956 2113 3006 2167 id
3037 2126 3139 2182 est,
3178 2135 3342 2190 super
3373 2123 3448 2175 le-

1878 2198 2048 2248 niora,
2076 2197 2261 2256 utpote
2287 2206 2407 2259 qua:
2439 2193 2613 2248 vicina
2639 2208 2768 2264 sunt
2792 2203 3030 2268 renibus,
3062 2208 3216 2275 jubet
3241 2212 3446 2272 olierri.

1876 2278 2001 2345 quia
2054 2279 2194 2334 inter
2240 2284 2475 2338 medium
2533 2287 2755 2343 femoris
2794 2301 2852 2345 et
2903 2299 3107 2353 ventris
3148 2316 3311 2357 renes
3359 2307 3446 2359 siti

1876 2378 2022 2423 sunt.
2056 2370 2111 2422 In
2140 2371 2324 2439 jecore
2367 2386 2572 2442 autem,
2609 2380 2659 2433 id
2691 2391 2774 2436 est
2814 2386 2865 2437 in
2902 2388 3094 2455 hepate
3127 2393 3447 2451 delcctatio-
3478 2440 3513 2452 ,ν

1877 2475 2023 2521 nem,
2056 2463 2169 2517 sive
2199 2468 2697 2536 concupiscentiam
2750 2479 3099 2534 constitutam
3137 2498 3256 2537 eSSe
3292 2487 3445 2543 dixit.

1877 2550 2026 2604 Unde
2065 2557 2365 2610 secundum
2414 2558 2765 2632 Septuaginta
2819 2568 3031 2635 hepatis
3071 2576 3290 2642 pinnam
3324 2596 3445 2634 eum

1875 2647 2096 2700 renibus
2116 2649 2301 2702 otl'erri
2333 2651 2536 2707 dictum
2566 2666 2669 2715 est.
2702 2670 2886 2729 utpote
2924 2662 3118 2733 hepate
3149 2685 3201 2722 tn
3229 2674 3446 2729 renibus-

1876 2738 1979 2789 vim
2012 2742 2343 2808 operationis
2365 2762 2476 2800 sure
2504 2748 2866 2808 ministrante.
2900 2756 3005 2811 Sed
3039 2761 3167 2828 quid
3203 2779 3301 2831 per
3332 2767 3445 2821 hzee

1872 2829 2155 2897 significat,
2192 2836 2273 2887 vel
2306 2838 2433 2905 quid
2468 2842 2719 2907 saneivit,
2754 2848 2844 2913 qui
2883 2850 3074 2903 salvari
3114 2856 3443 2915 volentibus.

1869 2922 2031 2975 etiam
2078 2941 2218 2979 nunc
2254 2927 2305 2981 in
2345 2931 2613 2997 parabolis
2651 2949 2713 2989 os
2753 2942 3012 3006 aperuit?
3057 2944 3191 3009 Quia
3231 2961 3442 3016 Oportet

1872 3014 2122 3077 hostiam,
2157 3018 2206 3070 id
2237 3028 2320 3073 est
2349 3023 2616 3091 primitias
2640 3037 2693 3080 et
2747 3031 3205 3102 bolocautomata,
3239 3038 3348 3094 Deo
3378 3047 3446 3096 ab

1872 3107 1955 3159 his
2002 3110 2091 3177 qui
2129 3112 2323 3167 salvari
2354 3116 2563 3178 volunt.
2595 3120 2987 3192 iutelligihilem
3018 3130 3254 3199 adipem,
3302 3135 3448 3188 vide—

190 3199 315 3251 ilu:e
356 3203 834 3255 conversationum
877 3204 1087 3271 species
1136 3213 1263 3258 sunt
1305 3206 1370 3257 ad
1419 3206 1762 3273 justilicatio-
1791 3244 1832 3299 ο
1870 3197 1993 3299 “fl
2045 3202 2413 3299 ξῖθδίάςτίωξ),
2469 3210 2610 3276 quod
2670 3229 2841 3280 [tr-1‘00
2891 3197 3189 3287 ἐπιθυμίαν
3237 3227 3442 3285 dictu".

189 3306 319 3343 nem
376 3292 681 3353 hominum,
724 3294 858 3346 duas
914 3294 1300 3349 saeriliciorum
1342 3307 1763 3365 spontaneornm

189 3381 543 3435 definitiones
576 3384 761 3451 posuit
788 3402 801 3447 ς
836 3384 911 3436 ait
940 3387 1085 3439 enim
1109 3388 1163 3440 in
1194 3388 1330 3441 libro
1352 3388 1517 3441 Exodi
1551 3407 1564 3443 ;
1595 3389 1770 3442 Μίαν-ε

190 3476 255 3524 ,νιε
296 3484 436 3525 terra
475 3477 680 3543 facietis
721 3478 867 3538 mihi,
900 3487 946 3529 et
988 3479 1328 3532 immolabilis
1356 3496 1511 3547 super
1545 3498 1603 3532 eo
1634 3481 1770 3533 holo-

187 3577 499 3618 v‘auiomata
570 3577 619 3620 et
648 3569 870 3636 paciﬁca
914 3581 1105 3633 vestra,
1139 3587 1253 3623 oves
1298 3581 1492 3624 vestras
1523 3582 1568 3624 et
1601 3571 1765 3625 boves.

192 3659 255 3708 In
278 3661 420 3710 omni
444 3660 554 3711 loco
585 3661 636 3710 in
672 3676 772 3729 quo
802 3664 1131 3715 nominatum
1167 3663 1323 3732 fuerit
1364 3680 1548 3716 nomen
1577 3681 1765 3725 meum,

188 3750 397 3801 ueniam
418 3751 488 3801 ad
511 3761 578 3812 te,
599 3761 646 3803 et
666 3752 965 3804 benedicam
988 3755 1080 3805 tibi
1107 3754 1167 3805 “.
1197 3754 1256 3804 lit
1276 3756 1766 3825 pnecepitquidem

186 3840 541 3906 pacillcorum
572 3844 968 3901 holoeaustmn.
995 3844 1265 3898 subinfert
1289 3854 1469 3899 autem
1504 3866 1509 3893 :
1544 3846 1607 3899 Et
1630 3850 1770 3913 paci-

182 3929 313 3996 ﬁca.
342 3931 486 3983 velut
505 3932 728 3985 secundi
746 3933 951 3985 ordinis
967 3943 1021 3985 et
1037 3935 1270 3987 virtutis.
1306 3934 1626 4005 Quicunque
1641 3954 1770 4008 ergo

181 4021 365 4074 solum
398 4021 500 4075 sibi
533 4022 637 4076 hoc
668 4031 824 4091 putat
840 4022 1085 4077 sufﬁcere
1114 4025 1155 4076 si
1184 4025 1441 4086 salvetur,
1475 4028 1520 4080 is
1548 4029 1765 4096 quidem

183 4115 258 4167 de
305 4114 479 4167 bobus
508 4113 701 4168 ol'l‘cret
749 4116 889 4171 (esse
920 4125 1098 4168 autem
1156 4118 1344 4170 bovem
1393 4119 1621 4173 diximus
1674 4135 1768 4173 eos

177 4203 279 4270 qui
332 4204 475 4256 cii-ra
523 4205 728 4272 agenda
764 4218 825 4256 ea
858 4220 977 4271 quae
1019 4206 1150 4274 legis
1200 4216 1329 4259 sunt
1374 4210 1607 4281 vacant).
1653 4211 1767 4263 sive

182 4293 513 4355 masculum,
545 4294 658 4347 sive
687 4295 966 4359 feminam,
994 4296 1398 4353 immaculatum
1442 4309 1617 4354 tamen
1646 4319 1767 4355 mu-

179 4397 294 4435 nus
318 4383 530 4437 offerat.
562 4385 825 4453 Equidem
863 4402 987 4439 eum
1017 4387 1107 4454 qui
1142 4389 1521 4443 holocaustum
1550 4392 1762 4453 oﬂ'eret.

176 4490 299 4527 non
338 4475 596 4544 prmcepit
642 4477 839 4530 olierre
903 4478 1179 4541 feminam,
1235 4496 1568 4550 nequaquam
1606 4483 1763 4537 femi-

1820 3288 1832 3367 έ
1875 3288 2080 3353 offerri,
2128 3292 2217 3361 qui
2265 3295 2415 3363 prius
2464 3299 2682 3367 quidem
2731 3306 2903 3373 operit
2945 3314 3281 3379 superiorem
3314 3335 3411 3369 ven

1876 3386 2033 3442 trem,
2062 3381 2256 3436 deinde
2302 3384 2609 3442 inferiorem
2652 3408 2665 3445 :
2702 3402 2756 3445 ut
2786 3404 2837 3447 et
2871 3396 2920 3447 in
2955 3400 3262 3467 c03itanilo,
3304 3417 3358 3459 et
3394 3426 3441 3457 In

1876 3469 2168 3538 implendo,
2201 3475 2529 3532 desiderium
2560 3479 2668 3534 Deo
2693 3484 2990 3541 offeramus
3018 3509 3027 3539 :
3060 3503 3273 3560 oportet
3299 3499 3441 3550 enim

1875 3564 2102 3629 proponi
2157 3565 2327 3631 prius,
2376 3578 2431 3621 et
2478 3582 2662 3638 postea
2712 3576 2993 3645 compleri.
3036 3582 3262 3653 Propter
3300 3594 3441 3657 quod

1872 3659 1926 3702 et
1977 3651 2178 3706 l'aulus
2214 3657 2463 3711 dicebat:
2515 3660 2615 3723 Qui
2656 3666 3011 3735 episcopatum
3044 3651 3330 3733 desiderat.
3357 3681 3416 3731 bo

1871 3757 1995 3794 num
2040 3760 2168 3813 opus
2213 3748 2535 3803 desiderat”
2608 3754 2679 3807 lle
2709 3756 2800 3808 illa
2839 3761 3041 3829 quippe
3076 3780 3219 3819 nunc
3259 3781 3442 3823 ventre

1873 3831 2141 3901 legislator
2197 3838 2453 3906 loquitur,
2502 3843 2568 3894 de
2614 3861 2720 3909 quo
2762 3848 3027 3904 .leremias
3062 3855 3267 3924 inquit:
3313 3859 3442 3911 Ven--

1873 3931 2000 3975 trem
2024 3940 2195 3979 meum
2215 3928 2383 3990 doleo.
2403 3946 2629 3987 ventrem
2667 3953 2835 3991 meum
2857 3941 3005 3994 doleo
3025 3944 3087 3996 ’τι
3108 3960 3214 3999 non
3247 3947 3439 4006 frustra

1869 4025 1924 4069 et
1954 4018 2066 4085 ipse
2113 4022 2402 4091 dupliciter
2431 4030 2739 4092 nominans,
2776 4035 2867 4087 sed
2906 4045 2963 4089 ut
3009 4038 3281 4109 duplicem
3313 4062 3442 4112 ope

1872 4114 2095 4166 rationis
2142 4117 2261 4184 ejus
2294 4118 2398 4171 vim
2435 4121 2783 4191 significaret.
2814 4126 2891 4181 Ne
2936 4129 3069 4184 forte
3110 4144 3287 4187 autem
3320 4154 3439 4187 eoin

1871 4205 2106 4268 poralem
2202 4212 2574 4265 necessitatem
2662 4220 3018 4274 accusandam
3091 4233 3436 4291 putaremus.

1870 4298 2192 4353 subiutulit:
2241 4301 2307 4354 Et
2353 4321 2529 4358 sensus
2566 4310 2736 4360 tardis
2784 4313 2883 4362 mei
2917 4317 3213 4367 rontnrtmti
3234 4329 3352 4370 sunt
3379 4323 3435 4371 ".

1872 4388 2009 4460 Ergo
2057 4402 2245 4446 tenter
2291 4398 2487 4449 anima:
2511 4414 2606 4451 eor
2636 4413 2737 4459 est.
2785 4403 2837 4455 in
2870 4421 2977 4470 quo
3007 4408 3156 4474 prius
3188 4414 3435 4479 proponi-

1868 4496 1987 4536 mus
2032 4484 2289 4557 quasdam
2348 4488 2620 4551 actiones,
2684 4504 2867 4559 postea
2933 4506 3111 4551 autem
3180 4517 3441 4556 conamur

172 4582 310 4619 nam
386 4568 607 4635 privans
665 4570 733 4622 ab
789 4571 1099 4638 hujus-modi
1159 4576 1600 4634 conversatione.
1665 4578 1759 4632 sed
1794 4599 1838 4654 ι)
1870 4573 2110 4643 implere.
2171 4574 2484 4646 Proponcre
2531 4595 2661 4649 ergo
2722 4597 2979 4654 appetere
3044 4592 3441 4657 quadamutodo

169 4657 476 4709 ostendens
519 4658 642 4725 quia
687 4661 924 4728 perfecta
970 4677 1182 4730 sapere.
1233 4667 1450 4735 proprie
1512 4669 1755 4723 virorum

167 4754 287 4799 est.
322 4744 473 4810 Quod
512 4749 614 4800 etsi
660 4751 853 4817 mulier
903 4752 1017 4805 haec
1044 4754 1248 4822 sapiat,
1282 4756 1366 4809 vir
1395 4756 1531 4817 haec.
1570 4768 1758 4829 utpote

168 4840 357 4902 fortis,
392 4843 769 4910 appellabitur,
815 4845 882 4898 de'
926 4861 1029 4915 qua
1076 4846 1331 4903 Solomon
1359 4850 1532 4905 dixit:
1566 4852 1747 4906 .llntie-

166 4948 292 4985 rem
322 4934 507 5002 fortem
544 4936 661 5005 quis
692 4937 1013 4990 inveniet“?
1064 4939 1445 4997 demonstrans
1482 4945 1608 5013 quia
1647 4944 1754 4999 fore

165 5026 376 5084 titudo.
437 5027 488 5080 id
538 5037 621 5081 est
660 5028 942 5098 perfectio.
995 5032 1209 5088 ditiieile
1236 5035 1288 5088 in
1331 5037 1651 5092 mulieribus
1683 5041 1758 5091 in-

1867 4674 1968 4730 est,
1994 4666 2259 4721 festinare
2285 4681 2464 4724 autem
2499 4674 2780 4741 perﬁcere.
2814 4678 3045 4747 digestio
3080 4681 3258 4736 forsan
3290 4702 3440 4749 quat-

1865 4757 1989 4811 dam
2032 4761 2252 4829 proprie
2293 4760 2523 4815 dicatur.
2554 4765 2796 4829 Quorum
2832 4778 3188 4839 utrorumque
3219 4774 3431 4828 deside

1867 4848 2003 4901 rium
2043 4851 2186 4917 quod
2217 4851 2431 4920 adipem
2469 4853 2741 4917 clamavit,
2776 4872 3003 4914 necesse.
3034 4861 3297 4917 habemus
3330 4864 3437 4918 Deo

1864 4942 2080 5006 oﬂ'erre,
2120 4954 2180 4997 ut
2224 4943 2360 4999 nihil
2414 4963 2640 5016 pravum
2694 4965 3080 5019 proponamus,
3124 4972 3299 5024 neque
3344 4974 3436 5010 ex-

1858 5035 2120 5101 pleamus.
2164 5036 2308 5090 Bene
2351 5048 2737 5106 autem’super
2772 5053 3016 5097 ventrem
3070 5048 3431 5113 superiorem.

1856 5126 1946 5194 qui
1979 5136 2063 5179 est
2098 5120 2391 5196 appetitus.
2434 5131 2648 5198 adipem
2705 5133 2796 5201 qui
2837 5135 3015 5203 operit
3046 5147 3294 5191 ventrem
3338 5139 3430 5197 ait.

1855 5216 1980 5281 quia
2059 5218 2292 5269 maxima
2347 5233 2471 5284 pars
2517 5218 2771 5273 desiderii
2831 5222 2971 5275 eirea
3015 5226 3336 5293 appetitum,
3382 5230 3435 5279 et

1855 5309 1999 5362 circa
2043 5310 2379 5379 propositum
2419 5324 2519 5364 est.
2572 5313 2816 5367 Inferiori
2866 5327 3044 5368 autem
3083 5318 3256 5370 ventri
3294 5318 3430 5373 duos

1860 5420 2016 5459 renes
2070 5405 2370 5471 conjunxit.
2424 5405 2660 5459 diximus
2708 5411 2854 5459 enim
2897 5410 3020 5474 quia
3089 5411 3426 5462 communio-

1859 5516 1983 5554 nem
2026 5516 2185 5553 renes
2240 5501 2302 5551 ad
2350 5516 2439 5552 eor
2492 5500 2729 5552 habent:
2785 5502 2925 5553 unde,
2967 5502 3130 5555 David
3184 5504 3293 5555 aiti
3334 5504 3430 5557 Ure

1860 5606 2005 5644 renes
2054 5608 2192 5644 meo:
2236 5602 2283 5643 et
2326 5606 2412 5642 cor
2443 5592 2674 5643 meum"
2746 5592 2874 5643 Audi
2918 5591 3118 5644 ctenim
3142 5592 3430 5646 Dominum

162 5115 417 5168 venitur.
470 5116 824 5173 Pacificorum
872 5128 1053 5175 autem
1112 5122 1458 5185 sacrificium.
1512 5126 1758 5180 similiter

162 5232 182 5259 κ
207 5209 423 5260 irorum
479 5218 535 5259 et
568 5210 855 5264 mulierum
884 5221 989 5272 est,
1012 5223 1226 5282 oportet
1252 5216 1398 5269 enim
1431 5225 1484 5270 et
1503 5218 1757 5271 mulieres

154 5310 248 5353 ita
303 5300 509 5363 vivere,
539 5302 681 5355 sicut
702 5313 889 5372 aptum
915 5315 999 5359 est
1033 5306 1099 5358 ad
1136 5306 1383 5361 salutem.
1449 5307 1555 5363 Sed
1588 5327 1752 5378 quam

148 5394 244 5445 ub
317 5407 430 5446 rem
514 5410 708 5449 manus
750 5397 1030 5466 imponere
1084 5414 1251 5467 super
1303 5410 1465 5471 caput
1521 5404 1753 5458 victimae

153 5485 593 5554 praecipiuntur,
628 5495 685 5540 et
718 5488 998 5543 immolare
1044 5490 1098 5543 in
1131 5492 1355 5546 introitu
1394 5495 1749 5552 tabernaculi.

149 5596 230 5632 sa
258 5576 608 5645 igninemque
641 5577 869 5635 fundere
904 5582 957 5635 in
999 5581 1227 5637 circuitu
1258 5584 1461 5647 altaris,
1497 5587 1547 5639 in
1583 5590 1746 5639 sacri.

826 5782 868 5812 "
902 5782 1156 5843 Galat.u.
1194 5787 1277 5839 lfl.
1382 5789 1425 5817 ’³
1452 5788 1642 5843 Matth.
1690 5807 1759 5843 XI!

1853 5793 1934 5843 ll.
2020 5791 2230 5843 l‘Eitotl
2290 5809 2369 5843 xx.
2402 5790 2489 5843 “lt.
2575 5790 2791 5842 "l‘rov.
2825 5806 2973 5843 xxxi.
3011 5791 3078 5843 10
3180 5791 3253 5843 “l
3287 5791 3428 5839 Tim.

451 5851 493 5875 ”
521 5849 713 5903 Jerc-u
749 5868 818 5913 tv,
861 5854 919 5905 Η)
1016 5856 1054 5883 ’⁸
1089 5857 1218 5909 ibid.

248 5776 467 5849 “APsal.
493 5795 639 5841 xxiv.
669 5781 720 5833 4.
826 5782 868 5812 ’³
902 5782 1156 5843 Galat.u.
1194 5787 1277 5839 lii.
1382 5789 1425 5817 ’³
1452 5788 1642 5843 Matth.
1690 5807 1759 5843 XI!

1853 5793 1934 5844 ll.
2020 5791 2230 5845 l‘Eitotl
2290 5809 2369 5843 xx.
2402 5790 2489 5843 “lt.
2575 5790 2791 5842 "l‘rov.
2825 5806 2973 5849 xxxi,
3011 5791 3078 5843 10

152 5846 313 5902 tet.‘

1382 5789 1425 5817 ’³
1452 5788 1642 5843 Matth.
1690 5807 1801 5852 xIx,
1853 5793 1934 5844 ll.

1320 5859 1359 5887 "'
1392 5855 1531 5910 Psal.
1576 5876 1703 5923 xxv,
1727 5862 1780 5912 9..
