  <div class='ocr_page' id='page_1' title='image "/cluster/home/n/w/nwhite01/storage/ocr_20150623/93/nnc1.0046980059/407.png"; bbox 0 0 4218 6448; ppageno 0'>
   <div class='ocr_carea' id='block_1_1' title="bbox 730 382 833 444">
    <p class='ocr_par' dir='ltr' id='par_1_1' title="bbox 730 382 833 444">
     <span class='ocr_line' id='line_1_1' title="bbox 730 382 833 444; baseline -0.058 0"><span class='ocrx_word' id='word_1_1' title='bbox 730 382 833 444; x_wconf 69' lang='grc'><strong>315</strong></span> 
     </span>
    </p>
   </div>
   <div class='ocr_carea' id='block_1_2' title="bbox 1928 372 2809 434">
    <p class='ocr_par' dir='ltr' id='par_1_2' title="bbox 1928 372 2809 434">
     <span class='ocr_line' id='line_1_2' title="bbox 1928 372 2809 434; baseline -0.003 0"><span class='ocrx_word' id='word_1_2' title='bbox 1928 375 2289 434; x_wconf 71' lang='grc' dir='ltr'><strong>ΙΙΕδὶἘΗΠ</strong></span> <span class='ocrx_word' id='word_1_3' title='bbox 2345 372 2809 433; x_wconf 60' lang='lat' dir='ltr'><strong>PRESBYTEHI</strong></span> 
     </span>
    </p>
   </div>
   <div class='ocr_carea' id='block_1_3' title="bbox 3902 380 4012 441">
    <p class='ocr_par' dir='ltr' id='par_1_3' title="bbox 3902 380 4012 441">
     <span class='ocr_line' id='line_1_3' title="bbox 3902 380 4012 441; baseline 0 -1"><span class='ocrx_word' id='word_1_4' title='bbox 3902 380 4012 441; x_wconf 60' lang='grc' dir='ltr'>διδ</span> 
     </span>
    </p>
   </div>
   <div class='ocr_carea' id='block_1_4' title="bbox 737 486 4017 565">
    <p class='ocr_par' dir='ltr' id='par_1_4' title="bbox 737 486 4017 565">
     <span class='ocr_line' id='line_1_4' title="bbox 737 486 4017 565; baseline -0.002 -12"><span class='ocrx_word' id='word_1_5' title='bbox 737 513 827 553; x_wconf 65' lang='lat' dir='ltr'><strong>aer</strong></span> <span class='ocrx_word' id='word_1_6' title='bbox 858 494 1152 550; x_wconf 78' lang='lat' dir='ltr'><strong>sercmiaui</strong></span> <span class='ocrx_word' id='word_1_7' title='bbox 1180 494 1507 565; x_wconf 88' lang='lat' dir='ltr'><strong>prophetam</strong></span> <span class='ocrx_word' id='word_1_8' title='bbox 1538 494 1814 546; x_wconf 82' lang='lat' dir='ltr'><strong>dicentem</strong></span> <span class='ocrx_word' id='word_1_9' title='bbox 1842 512 1854 546; x_wconf 92' lang='lat'>:</span> <span class='ocrx_word' id='word_1_10' title='bbox 1897 491 2007 563; x_wconf 77' lang='lat' dir='ltr'><strong>Ego</strong></span> <span class='ocrx_word' id='word_1_11' title='bbox 2043 491 2315 555; x_wconf 85' lang='lat' dir='ltr'><strong>Dominus,</strong></span> <span class='ocrx_word' id='word_1_12' title='bbox 2350 500 2389 555; x_wconf 70' lang='grc' dir='ltr'><strong>Α</strong></span> <span class='ocrx_word' id='word_1_13' title='bbox 2422 486 2533 544; x_wconf 81' lang='lat' dir='ltr'><strong>Deo</strong></span> <span class='ocrx_word' id='word_1_14' title='bbox 2562 488 2774 550; x_wconf 85' lang='lat' dir='ltr'><strong>offerat,</strong></span> <span class='ocrx_word' id='word_1_15' title='bbox 2806 489 2898 543; x_wconf 82' lang='lat' dir='ltr'><strong>sed</strong></span> <span class='ocrx_word' id='word_1_16' title='bbox 2934 502 2987 541; x_wconf 66' lang='lat' dir='ltr'><strong>et</strong></span> <span class='ocrx_word' id='word_1_17' title='bbox 3018 507 3044 540; x_wconf 74' lang='lat' dir='ltr'><strong>ii</strong></span> <span class='ocrx_word' id='word_1_18' title='bbox 3073 489 3207 541; x_wconf 79' lang='lat' dir='ltr'><strong>mala</strong></span> <span class='ocrx_word' id='word_1_19' title='bbox 3243 490 3338 549; x_wconf 81' lang='lat' dir='ltr'><strong>ira.</strong></span> <span class='ocrx_word' id='word_1_20' title='bbox 3370 502 3421 541; x_wconf 89' lang='lat' dir='ltr'><strong>ei</strong></span> <span class='ocrx_word' id='word_1_21' title='bbox 3464 510 3489 541; x_wconf 81' lang='lat' dir='ltr'><strong>a</strong></span> <span class='ocrx_word' id='word_1_22' title='bbox 3528 492 3615 544; x_wconf 73' lang='lat' dir='ltr'><strong>tali</strong></span> <span class='ocrx_word' id='word_1_23' title='bbox 3642 492 3778 546; x_wconf 68' lang='lat' dir='ltr'><strong>delet</strong></span> <span class='ocrx_word' id='word_1_24' title='bbox 3801 498 4017 549; x_wconf 77' lang='lat' dir='ltr'><strong>latione</strong></span> 
     </span>
    </p>
   </div>
   <div class='ocr_carea' id='block_1_5' title="bbox 727 584 2318 655">
    <p class='ocr_par' dir='ltr' id='par_1_5' title="bbox 727 584 2318 655">
     <span class='ocr_line' id='line_1_5' title="bbox 727 584 2318 655; baseline -0.004 -14"><span class='ocrx_word' id='word_1_25' title='bbox 727 599 972 644; x_wconf 72' lang='lat' dir='ltr'><strong>scrutatis</strong></span> <span class='ocrx_word' id='word_1_26' title='bbox 1031 591 1192 641; x_wconf 81' lang='lat' dir='ltr'><strong>corda</strong></span> <span class='ocrx_word' id='word_1_27' title='bbox 1256 597 1305 641; x_wconf 85' lang='lat' dir='ltr'><strong>et</strong></span> <span class='ocrx_word' id='word_1_28' title='bbox 1360 588 1587 655; x_wconf 85' lang='lat' dir='ltr'><strong>probans</strong></span> <span class='ocrx_word' id='word_1_29' title='bbox 1639 601 1785 638; x_wconf 79' lang='lat' dir='ltr'><strong>renes</strong></span> <span class='ocrx_word' id='word_1_30' title='bbox 1803 586 1869 638; x_wconf 74' lang='lat'><strong>&#39;°.</strong></span> <span class='ocrx_word' id='word_1_31' title='bbox 1942 585 2102 638; x_wconf 77' lang='lat' dir='ltr'><strong>Nullo</strong></span> <span class='ocrx_word' id='word_1_32' title='bbox 2159 584 2318 637; x_wconf 88' lang='lat' dir='ltr'><strong>modo</strong></span> 
     </span>
    </p>
   </div>
   <div class='ocr_carea' id='block_1_6' title="bbox 729 673 2316 747">
    <p class='ocr_par' dir='ltr' id='par_1_6' title="bbox 729 673 2316 747">
     <span class='ocr_line' id='line_1_6' title="bbox 729 673 2316 747; baseline -0.005 -14"><span class='ocrx_word' id='word_1_33' title='bbox 729 688 913 733; x_wconf 83' lang='lat' dir='ltr'><strong>autem</strong></span> <span class='ocrx_word' id='word_1_34' title='bbox 961 682 1203 733; x_wconf 88' lang='lat' dir='ltr'><strong>membra</strong></span> <span class='ocrx_word' id='word_1_35' title='bbox 1249 678 1366 731; x_wconf 67' lang='lat' dir='ltr'><strong>haec</strong></span> <span class='ocrx_word' id='word_1_36' title='bbox 1422 678 1704 747; x_wconf 82' lang='lat' dir='ltr'><strong>prophetia</strong></span> <span class='ocrx_word' id='word_1_37' title='bbox 1753 674 2168 744; x_wconf 63' lang='lat' dir='ltr'><strong>eonjnnsisset,</strong></span> <span class='ocrx_word' id='word_1_38' title='bbox 2212 673 2316 727; x_wconf 85' lang='lat' dir='ltr'><strong>nisi</strong></span> 
     </span>
    </p>
   </div>
   <div class='ocr_carea' id='block_1_7' title="bbox 730 769 2318 838">
    <p class='ocr_par' dir='ltr' id='par_1_7' title="bbox 730 769 2318 838">
     <span class='ocr_line' id='line_1_7' title="bbox 730 769 2318 838; baseline -0.004 -14"><span class='ocrx_word' id='word_1_39' title='bbox 730 774 878 825; x_wconf 88' lang='lat' dir='ltr'><strong>uniui</strong></span> <span class='ocrx_word' id='word_1_40' title='bbox 922 772 1082 825; x_wconf 88' lang='lat' dir='ltr'><strong>modo</strong></span> <span class='ocrx_word' id='word_1_41' title='bbox 1127 770 1412 838; x_wconf 81' lang='lat' dir='ltr'><strong>quidpiam</strong></span> <span class='ocrx_word' id='word_1_42' title='bbox 1446 770 1527 823; x_wconf 90' lang='lat' dir='ltr'><strong>eis</strong></span> <span class='ocrx_word' id='word_1_43' title='bbox 1564 785 1858 823; x_wconf 84' lang='lat' dir='ltr'><strong>commune</strong></span> <span class='ocrx_word' id='word_1_44' title='bbox 1890 769 2100 830; x_wconf 83' lang='lat' dir='ltr'><strong>fuisset,</strong></span> <span class='ocrx_word' id='word_1_45' title='bbox 2138 774 2318 819; x_wconf 87' lang='lat' dir='ltr'><strong>motus</strong></span> 
     </span>
    </p>
   </div>
   <div class='ocr_carea' id='block_1_8' title="bbox 730 862 2319 925">
    <p class='ocr_par' dir='ltr' id='par_1_8' title="bbox 730 862 2319 925">
     <span class='ocr_line' id='line_1_8' title="bbox 730 862 2319 925; baseline -0.006 -7"><span class='ocrx_word' id='word_1_46' title='bbox 730 866 876 919; x_wconf 89' lang='lat' dir='ltr'><strong>enim</strong></span> <span class='ocrx_word' id='word_1_47' title='bbox 919 864 1185 918; x_wconf 68' lang='lat' dir='ltr'><strong>irascendi</strong></span> <span class='ocrx_word' id='word_1_48' title='bbox 1240 865 1293 916; x_wconf 91' lang='lat' dir='ltr'><strong>in</strong></span> <span class='ocrx_word' id='word_1_49' title='bbox 1339 864 1524 925; x_wconf 84' lang='lat' dir='ltr'><strong>corde,</strong></span> <span class='ocrx_word' id='word_1_50' title='bbox 1555 863 1607 914; x_wconf 89' lang='lat' dir='ltr'><strong>in</strong></span> <span class='ocrx_word' id='word_1_51' title='bbox 1646 862 1870 915; x_wconf 91' lang='lat' dir='ltr'><strong>renibus</strong></span> <span class='ocrx_word' id='word_1_52' title='bbox 1895 869 2075 913; x_wconf 86' lang='lat' dir='ltr'><strong>autem</strong></span> <span class='ocrx_word' id='word_1_53' title='bbox 2112 874 2319 911; x_wconf 83' lang='lat' dir='ltr'><strong>memo-</strong></span> 
     </span>
    </p>
   </div>
   <div class='ocr_carea' id='block_1_9' title="bbox 733 952 2317 1026">
    <p class='ocr_par' dir='ltr' id='par_1_9' title="bbox 733 952 2317 1026">
     <span class='ocr_line' id='line_1_9' title="bbox 733 952 2317 1026; baseline -0.007 -14"><span class='ocrx_word' id='word_1_54' title='bbox 733 961 865 1012; x_wconf 87' lang='lat' dir='ltr'><strong>riam</strong></span> <span class='ocrx_word' id='word_1_55' title='bbox 911 958 1031 1025; x_wconf 85' lang='lat' dir='ltr'><strong>ejus</strong></span> <span class='ocrx_word' id='word_1_56' title='bbox 1075 972 1255 1026; x_wconf 80' lang='lat' dir='ltr'><strong>jacere</strong></span> <span class='ocrx_word' id='word_1_57' title='bbox 1300 956 1492 1009; x_wconf 85' lang='lat' dir='ltr'><strong>medici</strong></span> <span class='ocrx_word' id='word_1_58' title='bbox 1542 956 1751 1008; x_wconf 79' lang='lat' dir='ltr'><strong>dicunt.</strong></span> <span class='ocrx_word' id='word_1_59' title='bbox 1806 952 1955 1006; x_wconf 71' lang='lat' dir='ltr'><strong>Uidi-</strong></span> <span class='ocrx_word' id='word_1_60' title='bbox 1996 952 2317 1003; x_wconf 62' lang='lat' dir='ltr'><strong>innocentia:</strong></span> 
     </span>
    </p>
   </div>
   <div class='ocr_carea' id='block_1_10' title="bbox 736 1041 2319 1114">
    <p class='ocr_par' dir='ltr' id='par_1_10' title="bbox 736 1041 2319 1114">
     <span class='ocr_line' id='line_1_10' title="bbox 736 1041 2319 1114; baseline -0.008 -13"><span class='ocrx_word' id='word_1_61' title='bbox 736 1048 838 1101; x_wconf 84' lang='lat' dir='ltr'><strong>sibi</strong></span> <span class='ocrx_word' id='word_1_62' title='bbox 884 1047 1256 1102; x_wconf 84' lang='lat' dir='ltr'><strong>testiinonium</strong></span> <span class='ocrx_word' id='word_1_63' title='bbox 1304 1046 1600 1114; x_wconf 74' lang='lat' dir='ltr'><strong>perhibi-ns</strong></span> <span class='ocrx_word' id='word_1_64' title='bbox 1628 1044 1791 1096; x_wconf 71' lang='lat' dir='ltr'><strong>David</strong></span> <span class='ocrx_word' id='word_1_65' title='bbox 1823 1064 1832 1094; x_wconf 89' lang='lat'>:</span> <span class='ocrx_word' id='word_1_66' title='bbox 1872 1042 2061 1093; x_wconf 58' lang='lat' dir='ltr'><strong>luditur</strong></span> <span class='ocrx_word' id='word_1_67' title='bbox 2092 1056 2189 1101; x_wconf 85' lang='lat' dir='ltr'><strong>mc,</strong></span> <span class='ocrx_word' id='word_1_68' title='bbox 2219 1041 2319 1090; x_wconf 78' lang='lat' dir='ltr'><strong>Dc-</strong></span> 
     </span>
    </p>
   </div>
   <div class='ocr_carea' id='block_1_11' title="bbox 737 1131 2317 1210">
    <p class='ocr_par' dir='ltr' id='par_1_11' title="bbox 737 1131 2317 1210">
     <span class='ocr_line' id='line_1_11' title="bbox 737 1131 2317 1210; baseline -0.005 -20"><span class='ocrx_word' id='word_1_69' title='bbox 737 1140 893 1203; x_wconf 85' lang='lat' dir='ltr'><strong>uiiue,</strong></span> <span class='ocrx_word' id='word_1_70' title='bbox 916 1139 1166 1210; x_wconf 84' lang='lat' dir='ltr'><strong>quoniam</strong></span> <span class='ocrx_word' id='word_1_71' title='bbox 1190 1153 1283 1207; x_wconf 85' lang='lat' dir='ltr'><strong>ego</strong></span> <span class='ocrx_word' id='word_1_72' title='bbox 1304 1139 1355 1189; x_wconf 81' lang='lat' dir='ltr'><strong>in</strong></span> <span class='ocrx_word' id='word_1_73' title='bbox 1380 1140 1677 1189; x_wconf 68' lang='grc' dir='ltr'>ιιιηυειτηιὸιι</span> <span class='ocrx_word' id='word_1_74' title='bbox 1701 1152 1811 1187; x_wconf 76' lang='lat' dir='ltr'><strong>mea</strong></span> <span class='ocrx_word' id='word_1_75' title='bbox 1844 1148 2108 1201; x_wconf 70' lang='lat' dir='ltr'><strong>ingressus</strong></span> <span class='ocrx_word' id='word_1_76' title='bbox 2122 1131 2317 1191; x_wconf 67' lang='lat' dir='ltr'><strong>sum&quot;,</strong></span> 
     </span>
    </p>
   </div>
   <div class='ocr_carea' id='block_1_12' title="bbox 735 1223 2319 1297">
    <p class='ocr_par' dir='ltr' id='par_1_12' title="bbox 735 1223 2319 1297">
     <span class='ocr_line' id='line_1_12' title="bbox 735 1223 2319 1297; baseline -0.004 -15"><span class='ocrx_word' id='word_1_77' title='bbox 735 1240 831 1294; x_wconf 77' lang='lat' dir='ltr'><strong>ait,</strong></span> <span class='ocrx_word' id='word_1_78' title='bbox 863 1238 918 1282; x_wconf 90' lang='lat' dir='ltr'><strong>et</strong></span> <span class='ocrx_word' id='word_1_79' title='bbox 958 1243 1116 1282; x_wconf 87' lang='lat' dir='ltr'><strong>renes</strong></span> <span class='ocrx_word' id='word_1_80' title='bbox 1154 1229 1263 1292; x_wconf 91' lang='lat' dir='ltr'><strong>uri,</strong></span> <span class='ocrx_word' id='word_1_81' title='bbox 1318 1237 1480 1296; x_wconf 72' lang='lat' dir='ltr'><strong>atque</strong></span> <span class='ocrx_word' id='word_1_82' title='bbox 1528 1243 1623 1281; x_wconf 90' lang='lat' dir='ltr'><strong>cor</strong></span> <span class='ocrx_word' id='word_1_83' title='bbox 1663 1228 1974 1297; x_wconf 85' lang='lat' dir='ltr'><strong>postulavit,</strong></span> <span class='ocrx_word' id='word_1_84' title='bbox 2029 1234 2210 1292; x_wconf 86' lang='lat' dir='ltr'><strong>utpote</strong></span> <span class='ocrx_word' id='word_1_85' title='bbox 2235 1223 2319 1275; x_wconf 87' lang='lat' dir='ltr'><strong>cui</strong></span> 
     </span>
    </p>
   </div>
   <div class='ocr_carea' id='block_1_13' title="bbox 739 1316 2323 1390">
    <p class='ocr_par' dir='ltr' id='par_1_13' title="bbox 739 1316 2323 1390">
     <span class='ocr_line' id='line_1_13' title="bbox 739 1316 2323 1390; baseline -0.003 -18"><span class='ocrx_word' id='word_1_86' title='bbox 739 1331 964 1390; x_wconf 86' lang='lat' dir='ltr'><strong>utraque</strong></span> <span class='ocrx_word' id='word_1_87' title='bbox 986 1330 1237 1390; x_wconf 86' lang='lat' dir='ltr'><strong>poterant</strong></span> <span class='ocrx_word' id='word_1_88' title='bbox 1262 1321 1631 1372; x_wconf 82' lang='lat' dir='ltr'><strong>testiinonium</strong></span> <span class='ocrx_word' id='word_1_89' title='bbox 1670 1318 1978 1387; x_wconf 77' lang='lat' dir='ltr'><strong>perhibere.</strong></span> <span class='ocrx_word' id='word_1_90' title='bbox 2015 1316 2071 1368; x_wconf 91' lang='lat' dir='ltr'><strong>In</strong></span> <span class='ocrx_word' id='word_1_91' title='bbox 2102 1317 2323 1368; x_wconf 76' lang='lat' dir='ltr'><strong>renibus</strong></span> 
     </span>
    </p>
   </div>
   <div class='ocr_carea' id='block_1_14' title="bbox 738 1408 2321 1471">
    <p class='ocr_par' dir='ltr' id='par_1_14' title="bbox 738 1408 2321 1471">
     <span class='ocr_line' id='line_1_14' title="bbox 738 1408 2321 1471; baseline -0.003 -8"><span class='ocrx_word' id='word_1_92' title='bbox 738 1412 855 1466; x_wconf 84' lang='lat' dir='ltr'><strong>istis</strong></span> <span class='ocrx_word' id='word_1_93' title='bbox 893 1414 1057 1467; x_wconf 89' lang='lat' dir='ltr'><strong>etiam</strong></span> <span class='ocrx_word' id='word_1_94' title='bbox 1104 1412 1328 1466; x_wconf 85' lang='lat' dir='ltr'><strong>seminis</strong></span> <span class='ocrx_word' id='word_1_95' title='bbox 1380 1424 1543 1462; x_wconf 88' lang='lat' dir='ltr'><strong>causa</strong></span> <span class='ocrx_word' id='word_1_96' title='bbox 1589 1410 1865 1471; x_wconf 89' lang='lat' dir='ltr'><strong>est,imde</strong></span> <span class='ocrx_word' id='word_1_97' title='bbox 1899 1419 1954 1461; x_wconf 89' lang='lat' dir='ltr'><strong>et</strong></span> <span class='ocrx_word' id='word_1_98' title='bbox 1984 1408 2321 1461; x_wconf 86' lang='lat' dir='ltr'><strong>communio-</strong></span> 
     </span>
    </p>
   </div>
   <div class='ocr_carea' id='block_1_15' title="bbox 737 1496 2323 1567">
    <p class='ocr_par' dir='ltr' id='par_1_15' title="bbox 737 1496 2323 1567">
     <span class='ocr_line' id='line_1_15' title="bbox 737 1496 2323 1567; baseline -0.004 -13"><span class='ocrx_word' id='word_1_99' title='bbox 737 1516 864 1554; x_wconf 88' lang='lat' dir='ltr'><strong>nem</strong></span> <span class='ocrx_word' id='word_1_100' title='bbox 911 1515 1033 1555; x_wconf 91' lang='lat' dir='ltr'><strong>cum</strong></span> <span class='ocrx_word' id='word_1_101' title='bbox 1084 1498 1384 1553; x_wconf 75' lang='lat' dir='ltr'><strong>femoribus</strong></span> <span class='ocrx_word' id='word_1_102' title='bbox 1446 1498 1669 1562; x_wconf 89' lang='lat' dir='ltr'><strong>habere,</strong></span> <span class='ocrx_word' id='word_1_103' title='bbox 1717 1500 1846 1567; x_wconf 91' lang='lat' dir='ltr'><strong>quia</strong></span> <span class='ocrx_word' id='word_1_104' title='bbox 1894 1498 1994 1566; x_wconf 85' lang='lat' dir='ltr'><strong>ipsi</strong></span> <span class='ocrx_word' id='word_1_105' title='bbox 2040 1496 2323 1551; x_wconf 69' lang='lat' dir='ltr'><strong>coitalihus</strong></span> 
     </span>
    </p>
   </div>
   <div class='ocr_carea' id='block_1_16' title="bbox 739 1585 2324 1658">
    <p class='ocr_par' dir='ltr' id='par_1_16' title="bbox 739 1585 2324 1658">
     <span class='ocr_line' id='line_1_16' title="bbox 739 1585 2324 1658; baseline -0.004 -15"><span class='ocrx_word' id='word_1_106' title='bbox 739 1591 1044 1645; x_wconf 80' lang='lat' dir='ltr'><strong>actionibus</strong></span> <span class='ocrx_word' id='word_1_107' title='bbox 1085 1590 1191 1644; x_wconf 85' lang='lat' dir='ltr'><strong>vim</strong></span> <span class='ocrx_word' id='word_1_108' title='bbox 1234 1588 1478 1657; x_wconf 68' lang='lat' dir='ltr'><strong>praebere</strong></span> <span class='ocrx_word' id='word_1_109' title='bbox 1508 1598 1793 1658; x_wconf 86' lang='lat' dir='ltr'><strong>putantur.</strong></span> <span class='ocrx_word' id='word_1_110' title='bbox 1843 1587 2003 1640; x_wconf 86' lang='lat' dir='ltr'><strong>Unde</strong></span> <span class='ocrx_word' id='word_1_111' title='bbox 2025 1585 2191 1638; x_wconf 74' lang='lat' dir='ltr'><strong>Jacoh</strong></span> <span class='ocrx_word' id='word_1_112' title='bbox 2232 1602 2324 1653; x_wconf 86' lang='lat' dir='ltr'><strong>pa—</strong></span> 
     </span>
    </p>
   </div>
   <div class='ocr_carea' id='block_1_17' title="bbox 742 1677 2324 1747">
    <p class='ocr_par' dir='ltr' id='par_1_17' title="bbox 742 1677 2324 1747">
     <span class='ocr_line' id='line_1_17' title="bbox 742 1677 2324 1747; baseline -0.004 -12"><span class='ocrx_word' id='word_1_113' title='bbox 742 1684 973 1737; x_wconf 88' lang='lat' dir='ltr'><strong>triarcha</strong></span> <span class='ocrx_word' id='word_1_114' title='bbox 1017 1682 1234 1735; x_wconf 86' lang='lat' dir='ltr'><strong>dicebat</strong></span> <span class='ocrx_word' id='word_1_115' title='bbox 1299 1701 1312 1733; x_wconf 86' lang='lat'><strong>:</strong></span> <span class='ocrx_word' id='word_1_116' title='bbox 1372 1680 1492 1733; x_wconf 80' lang='grc' dir='ltr'><strong>Λόη</strong></span> <span class='ocrx_word' id='word_1_117' title='bbox 1540 1682 1705 1733; x_wconf 83' lang='lat' dir='ltr'><strong>deerit</strong></span> <span class='ocrx_word' id='word_1_118' title='bbox 1748 1689 2008 1747; x_wconf 81' lang='lat' dir='ltr'><strong>sceptrum</strong></span> <span class='ocrx_word' id='word_1_119' title='bbox 2046 1680 2109 1731; x_wconf 84' lang='lat' dir='ltr'><strong>de</strong></span> <span class='ocrx_word' id='word_1_120' title='bbox 2161 1677 2324 1741; x_wconf 83' lang='lat' dir='ltr'><strong>Juda,</strong></span> 
     </span>
    </p>
   </div>
   <div class='ocr_carea' id='block_1_18' title="bbox 741 1770 2327 1842">
    <p class='ocr_par' dir='ltr' id='par_1_18' title="bbox 741 1770 2327 1842">
     <span class='ocr_line' id='line_1_18' title="bbox 741 1770 2327 1842; baseline -0.003 -15"><span class='ocrx_word' id='word_1_121' title='bbox 741 1791 831 1828; x_wconf 85' lang='lat' dir='ltr'><strong>uec</strong></span> <span class='ocrx_word' id='word_1_122' title='bbox 861 1775 967 1827; x_wconf 73' lang='lat' dir='ltr'><strong>dux</strong></span> <span class='ocrx_word' id='word_1_123' title='bbox 993 1775 1055 1826; x_wconf 86' lang='lat' dir='ltr'><strong>de</strong></span> <span class='ocrx_word' id='word_1_124' title='bbox 1082 1772 1363 1842; x_wconf 74' lang='lat' dir='ltr'><strong>femoribus</strong></span> <span class='ocrx_word' id='word_1_125' title='bbox 1388 1772 1561 1839; x_wconf 80' lang='lat' dir='ltr'><strong>ejus&quot;</strong></span> <span class='ocrx_word' id='word_1_126' title='bbox 1581 1814 1595 1837; x_wconf 93' lang='lat'><strong>,</strong></span> <span class='ocrx_word' id='word_1_127' title='bbox 1624 1786 1721 1840; x_wconf 90' lang='lat' dir='ltr'><strong>per</strong></span> <span class='ocrx_word' id='word_1_128' title='bbox 1744 1771 1950 1825; x_wconf 79' lang='lat' dir='ltr'><strong>femora</strong></span> <span class='ocrx_word' id='word_1_129' title='bbox 1980 1770 2203 1824; x_wconf 78' lang='lat' dir='ltr'><strong>seminis</strong></span> <span class='ocrx_word' id='word_1_130' title='bbox 2230 1770 2327 1823; x_wconf 83' lang='lat' dir='ltr'><strong>de-</strong></span> 
     </span>
    </p>
   </div>
   <div class='ocr_carea' id='block_1_19' title="bbox 742 1862 2327 1933">
    <p class='ocr_par' dir='ltr' id='par_1_19' title="bbox 742 1862 2327 1933">
     <span class='ocr_line' id='line_1_19' title="bbox 742 1862 2327 1933; baseline -0.003 -14"><span class='ocrx_word' id='word_1_131' title='bbox 742 1866 1065 1919; x_wconf 81' lang='lat' dir='ltr'><strong>rivationem</strong></span> <span class='ocrx_word' id='word_1_132' title='bbox 1147 1880 1244 1917; x_wconf 86' lang='lat' dir='ltr'><strong>seu</strong></span> <span class='ocrx_word' id='word_1_133' title='bbox 1304 1864 1727 1918; x_wconf 73' lang='lat' dir='ltr'><strong>descensionem</strong></span> <span class='ocrx_word' id='word_1_134' title='bbox 1799 1864 2135 1933; x_wconf 80' lang='lat' dir='ltr'><strong>significans.</strong></span> <span class='ocrx_word' id='word_1_135' title='bbox 2200 1862 2327 1915; x_wconf 78' lang='lat' dir='ltr'><strong>Vult</strong></span> 
     </span>
    </p>
   </div>
   <div class='ocr_carea' id='block_1_20' title="bbox 740 1953 2328 2026">
    <p class='ocr_par' dir='ltr' id='par_1_20' title="bbox 740 1953 2328 2026">
     <span class='ocr_line' id='line_1_20' title="bbox 740 1953 2328 2026; baseline -0.001 -18"><span class='ocrx_word' id='word_1_136' title='bbox 740 1970 870 2026; x_wconf 72' lang='lat' dir='ltr'><strong>ergo</strong></span> <span class='ocrx_word' id='word_1_137' title='bbox 902 1965 957 2009; x_wconf 84' lang='lat' dir='ltr'><strong>et</strong></span> <span class='ocrx_word' id='word_1_138' title='bbox 988 1956 1298 2025; x_wconf 80' lang='lat' dir='ltr'><strong>nuptiarum</strong></span> <span class='ocrx_word' id='word_1_139' title='bbox 1326 1955 1656 2009; x_wconf 74' lang='lat' dir='ltr'><strong>desiderium</strong></span> <span class='ocrx_word' id='word_1_140' title='bbox 1679 1953 1863 2007; x_wconf 69' lang='lat' dir='ltr'><strong>offerri</strong></span> <span class='ocrx_word' id='word_1_141' title='bbox 1903 1956 2034 2018; x_wconf 92' lang='lat' dir='ltr'><strong>Deo,</strong></span> <span class='ocrx_word' id='word_1_142' title='bbox 2072 1964 2130 2007; x_wconf 94' lang='lat' dir='ltr'><strong>ut</strong></span> <span class='ocrx_word' id='word_1_143' title='bbox 2160 1956 2328 2023; x_wconf 84' lang='lat' dir='ltr'><strong>prolis</strong></span> 
     </span>
    </p>
   </div>
   <div class='ocr_carea' id='block_1_21' title="bbox 741 2047 2327 2115">
    <p class='ocr_par' dir='ltr' id='par_1_21' title="bbox 741 2047 2327 2115">
     <span class='ocr_line' id='line_1_21' title="bbox 741 2047 2327 2115; baseline 0.001 -16"><span class='ocrx_word' id='word_1_144' title='bbox 741 2062 927 2111; x_wconf 88' lang='lat' dir='ltr'><strong>causa,</strong></span> <span class='ocrx_word' id='word_1_145' title='bbox 984 2064 1090 2100; x_wconf 91' lang='lat' dir='ltr'><strong>non</strong></span> <span class='ocrx_word' id='word_1_146' title='bbox 1143 2047 1517 2099; x_wconf 75' lang='lat' dir='ltr'><strong>fornicationis</strong></span> <span class='ocrx_word' id='word_1_147' title='bbox 1566 2048 1867 2115; x_wconf 76' lang='lat' dir='ltr'><strong>proveniat,</strong></span> <span class='ocrx_word' id='word_1_148' title='bbox 1919 2056 1975 2101; x_wconf 88' lang='lat' dir='ltr'><strong>et</strong></span> <span class='ocrx_word' id='word_1_149' title='bbox 2011 2047 2327 2101; x_wconf 86' lang='lat' dir='ltr'><strong>honorabile</strong></span> 
     </span>
    </p>
   </div>
   <div class='ocr_carea' id='block_1_22' title="bbox 742 2138 2327 2207">
    <p class='ocr_par' dir='ltr' id='par_1_22' title="bbox 742 2138 2327 2207">
     <span class='ocr_line' id='line_1_22' title="bbox 742 2138 2327 2207; baseline -0.001 -15"><span class='ocrx_word' id='word_1_150' title='bbox 742 2142 813 2192; x_wconf 85' lang='lat' dir='ltr'><strong>sit</strong></span> <span class='ocrx_word' id='word_1_151' title='bbox 864 2139 1198 2207; x_wconf 83' lang='lat' dir='ltr'><strong>coujugiuin,</strong></span> <span class='ocrx_word' id='word_1_152' title='bbox 1227 2146 1281 2190; x_wconf 88' lang='lat' dir='ltr'><strong>ct</strong></span> <span class='ocrx_word' id='word_1_153' title='bbox 1323 2146 1475 2191; x_wconf 89' lang='lat' dir='ltr'><strong>torus</strong></span> <span class='ocrx_word' id='word_1_154' title='bbox 1518 2139 1920 2192; x_wconf 90' lang='lat' dir='ltr'><strong>immaculatus.</strong></span> <span class='ocrx_word' id='word_1_155' title='bbox 1979 2139 2086 2192; x_wconf 87' lang='lat' dir='ltr'><strong>Sed</strong></span> <span class='ocrx_word' id='word_1_156' title='bbox 2126 2150 2183 2192; x_wconf 89' lang='lat' dir='ltr'><strong>et</strong></span> <span class='ocrx_word' id='word_1_157' title='bbox 2223 2138 2327 2192; x_wconf 86' lang='lat' dir='ltr'><strong>hoc</strong></span> 
     </span>
    </p>
   </div>
   <div class='ocr_carea' id='block_1_23' title="bbox 740 2232 2327 2301">
    <p class='ocr_par' dir='ltr' id='par_1_23' title="bbox 740 2232 2327 2301">
     <span class='ocr_line' id='line_1_23' title="bbox 740 2232 2327 2301; baseline 0.001 -18"><span class='ocrx_word' id='word_1_158' title='bbox 740 2233 884 2301; x_wconf 91' lang='lat' dir='ltr'><strong>quod</strong></span> <span class='ocrx_word' id='word_1_159' title='bbox 916 2232 973 2284; x_wconf 84' lang='lat' dir='ltr'><strong>in</strong></span> <span class='ocrx_word' id='word_1_160' title='bbox 1011 2232 1172 2286; x_wconf 87' lang='lat' dir='ltr'><strong>nobis</strong></span> <span class='ocrx_word' id='word_1_161' title='bbox 1199 2241 1284 2286; x_wconf 90' lang='lat' dir='ltr'><strong>est</strong></span> <span class='ocrx_word' id='word_1_162' title='bbox 1316 2232 1609 2293; x_wconf 85' lang='lat' dir='ltr'><strong>irascibile,</strong></span> <span class='ocrx_word' id='word_1_163' title='bbox 1652 2235 1760 2285; x_wconf 86' lang='lat' dir='ltr'><strong>Deo</strong></span> <span class='ocrx_word' id='word_1_164' title='bbox 1806 2233 1970 2286; x_wconf 84' lang='lat' dir='ltr'><strong>debet</strong></span> <span class='ocrx_word' id='word_1_165' title='bbox 1998 2232 2178 2285; x_wconf 81' lang='lat' dir='ltr'><strong>offerri</strong></span> <span class='ocrx_word' id='word_1_166' title='bbox 2206 2249 2219 2295; x_wconf 91' lang='lat'><strong>;</strong></span> <span class='ocrx_word' id='word_1_167' title='bbox 2249 2232 2327 2285; x_wconf 90' lang='lat' dir='ltr'><strong>sic</strong></span> 
     </span>
    </p>
   </div>
   <div class='ocr_carea' id='block_1_24' title="bbox 741 2321 2327 2390">
    <p class='ocr_par' dir='ltr' id='par_1_24' title="bbox 741 2321 2327 2390">
     <span class='ocr_line' id='line_1_24' title="bbox 741 2321 2327 2390; baseline 0.001 -17"><span class='ocrx_word' id='word_1_168' title='bbox 741 2321 887 2373; x_wconf 84' lang='lat' dir='ltr'><strong>enim</strong></span> <span class='ocrx_word' id='word_1_169' title='bbox 924 2336 1035 2373; x_wconf 86' lang='lat' dir='ltr'><strong>non</strong></span> <span class='ocrx_word' id='word_1_170' title='bbox 1079 2321 1146 2374; x_wconf 87' lang='lat' dir='ltr'><strong>ad</strong></span> <span class='ocrx_word' id='word_1_171' title='bbox 1214 2322 1575 2390; x_wconf 83' lang='lat' dir='ltr'><strong>)perationeui</strong></span> <span class='ocrx_word' id='word_1_172' title='bbox 1611 2322 1839 2390; x_wconf 81' lang='lat' dir='ltr'><strong>peccati,</strong></span> <span class='ocrx_word' id='word_1_173' title='bbox 1884 2323 1978 2375; x_wconf 87' lang='lat' dir='ltr'><strong>sed</strong></span> <span class='ocrx_word' id='word_1_174' title='bbox 2010 2324 2074 2374; x_wconf 86' lang='lat' dir='ltr'><strong>ad</strong></span> <span class='ocrx_word' id='word_1_175' title='bbox 2111 2323 2327 2375; x_wconf 83' lang='lat' dir='ltr'><strong>destru-</strong></span> 
     </span>
    </p>
   </div>
   <div class='ocr_carea' id='block_1_25' title="bbox 742 2414 2326 2482">
    <p class='ocr_par' dir='ltr' id='par_1_25' title="bbox 742 2414 2326 2482">
     <span class='ocr_line' id='line_1_25' title="bbox 742 2414 2326 2482; baseline 0.001 -17"><span class='ocrx_word' id='word_1_176' title='bbox 742 2414 981 2465; x_wconf 86' lang='lat' dir='ltr'><strong>ctionem</strong></span> <span class='ocrx_word' id='word_1_177' title='bbox 1005 2414 1207 2482; x_wconf 84' lang='lat' dir='ltr'><strong>peccati</strong></span> <span class='ocrx_word' id='word_1_178' title='bbox 1240 2414 1395 2465; x_wconf 88' lang='lat' dir='ltr'><strong>irasci</strong></span> <span class='ocrx_word' id='word_1_179' title='bbox 1441 2424 1762 2481; x_wconf 85' lang='lat' dir='ltr'><strong>poterimus,</strong></span> <span class='ocrx_word' id='word_1_180' title='bbox 1792 2423 1849 2466; x_wconf 85' lang='lat' dir='ltr'><strong>et</strong></span> <span class='ocrx_word' id='word_1_181' title='bbox 1883 2414 2047 2467; x_wconf 81' lang='lat' dir='ltr'><strong>David</strong></span> <span class='ocrx_word' id='word_1_182' title='bbox 2083 2415 2135 2466; x_wconf 89' lang='lat' dir='ltr'><strong>in</strong></span> <span class='ocrx_word' id='word_1_183' title='bbox 2165 2416 2326 2467; x_wconf 64' lang='lat' dir='ltr'><strong>nobis</strong></span> 
     </span>
    </p>
   </div>
   <div class='ocr_carea' id='block_1_26' title="bbox 743 2504 2323 2575">
    <p class='ocr_par' dir='ltr' id='par_1_26' title="bbox 743 2504 2323 2575">
     <span class='ocr_line' id='line_1_26' title="bbox 743 2504 2323 2575; baseline -0.001 -17"><span class='ocrx_word' id='word_1_184' title='bbox 743 2504 1055 2575; x_wconf 86' lang='lat' dir='ltr'><strong>intplehitnr</strong></span> <span class='ocrx_word' id='word_1_185' title='bbox 1126 2505 1458 2574; x_wconf 81' lang='lat' dir='ltr'><strong>Scriptura:</strong></span> <span class='ocrx_word' id='word_1_186' title='bbox 1511 2506 1835 2567; x_wconf 82' lang='lat' dir='ltr'><strong>lrascimini,</strong></span> <span class='ocrx_word' id='word_1_187' title='bbox 1886 2516 1931 2558; x_wconf 85' lang='lat' dir='ltr'><strong>et</strong></span> <span class='ocrx_word' id='word_1_188' title='bbox 1988 2506 2146 2559; x_wconf 77' lang='lat' dir='ltr'><strong>nolite</strong></span> <span class='ocrx_word' id='word_1_189' title='bbox 2205 2522 2323 2572; x_wconf 61' lang='lat' dir='ltr'><strong>psc-</strong></span> 
     </span>
    </p>
   </div>
   <div class='ocr_carea' id='block_1_27' title="bbox 741 2597 2326 2666">
    <p class='ocr_par' dir='ltr' id='par_1_27' title="bbox 741 2597 2326 2666">
     <span class='ocr_line' id='line_1_27' title="bbox 741 2597 2326 2666; baseline 0.002 -18"><span class='ocrx_word' id='word_1_190' title='bbox 741 2614 865 2649; x_wconf 72' lang='lat' dir='ltr'><strong>(are</strong></span> <span class='ocrx_word' id='word_1_191' title='bbox 886 2597 950 2649; x_wconf 81' lang='grc'><strong>³³.</strong></span> <span class='ocrx_word' id='word_1_192' title='bbox 987 2597 1122 2662; x_wconf 86' lang='lat' dir='ltr'><strong>Quia</strong></span> <span class='ocrx_word' id='word_1_193' title='bbox 1151 2598 1299 2651; x_wconf 90' lang='lat' dir='ltr'><strong>enim</strong></span> <span class='ocrx_word' id='word_1_194' title='bbox 1323 2608 1405 2651; x_wconf 75' lang='lat' dir='ltr'><strong>est</strong></span> <span class='ocrx_word' id='word_1_195' title='bbox 1435 2598 1511 2650; x_wconf 90' lang='lat' dir='ltr'><strong>ira</strong></span> <span class='ocrx_word' id='word_1_196' title='bbox 1540 2599 1761 2665; x_wconf 75' lang='lat' dir='ltr'><strong>placens</strong></span> <span class='ocrx_word' id='word_1_197' title='bbox 1798 2599 1931 2657; x_wconf 87' lang='lat' dir='ltr'><strong>Deo.</strong></span> <span class='ocrx_word' id='word_1_198' title='bbox 1966 2600 2181 2666; x_wconf 88' lang='lat' dir='ltr'><strong>quando</strong></span> <span class='ocrx_word' id='word_1_199' title='bbox 2218 2614 2326 2651; x_wconf 91' lang='lat' dir='ltr'><strong>non</strong></span> 
     </span>
    </p>
   </div>
   <div class='ocr_carea' id='block_1_28' title="bbox 744 2688 2330 2758">
    <p class='ocr_par' dir='ltr' id='par_1_28' title="bbox 744 2688 2330 2758">
     <span class='ocr_line' id='line_1_28' title="bbox 744 2688 2330 2758; baseline 0.003 -19"><span class='ocrx_word' id='word_1_200' title='bbox 744 2688 811 2740; x_wconf 88' lang='lat' dir='ltr'><strong>ad</strong></span> <span class='ocrx_word' id='word_1_201' title='bbox 845 2688 1175 2750; x_wconf 86' lang='lat' dir='ltr'><strong>nocendum,</strong></span> <span class='ocrx_word' id='word_1_202' title='bbox 1206 2688 1298 2741; x_wconf 85' lang='lat' dir='ltr'><strong>sed</strong></span> <span class='ocrx_word' id='word_1_203' title='bbox 1338 2691 1403 2741; x_wconf 84' lang='lat' dir='ltr'><strong>ad</strong></span> <span class='ocrx_word' id='word_1_204' title='bbox 1438 2690 1821 2757; x_wconf 77' lang='lat' dir='ltr'><strong>corrigendum</strong></span> <span class='ocrx_word' id='word_1_205' title='bbox 1866 2691 2100 2757; x_wconf 79' lang='lat' dir='ltr'><strong>proficit.</strong></span> <span class='ocrx_word' id='word_1_206' title='bbox 2137 2692 2330 2758; x_wconf 77' lang='lat' dir='ltr'><strong>prohat</strong></span> 
     </span>
    </p>
   </div>
   <div class='ocr_carea' id='block_1_29' title="bbox 745 2779 2324 2849">
    <p class='ocr_par' dir='ltr' id='par_1_29' title="bbox 745 2779 2324 2849">
     <span class='ocr_line' id='line_1_29' title="bbox 745 2779 2324 2849; baseline 0.003 -20"><span class='ocrx_word' id='word_1_207' title='bbox 745 2789 953 2846; x_wconf 79' lang='lat' dir='ltr'><strong>aperte,</strong></span> <span class='ocrx_word' id='word_1_208' title='bbox 992 2780 1133 2847; x_wconf 89' lang='lat' dir='ltr'><strong>quod</strong></span> <span class='ocrx_word' id='word_1_209' title='bbox 1165 2780 1399 2849; x_wconf 89' lang='lat' dir='ltr'><strong>primum</strong></span> <span class='ocrx_word' id='word_1_210' title='bbox 1426 2781 1492 2834; x_wconf 90' lang='lat' dir='ltr'><strong>de</strong></span> <span class='ocrx_word' id='word_1_211' title='bbox 1526 2779 1704 2849; x_wconf 71' lang='lat' dir='ltr'><strong>Moyse</strong></span> <span class='ocrx_word' id='word_1_212' title='bbox 1740 2781 1793 2833; x_wconf 91' lang='lat' dir='ltr'><strong>in</strong></span> <span class='ocrx_word' id='word_1_213' title='bbox 1830 2780 2015 2833; x_wconf 74' lang='lat' dir='ltr'><strong>Exodo</strong></span> <span class='ocrx_word' id='word_1_214' title='bbox 2050 2784 2324 2845; x_wconf 81' lang='lat' dir='ltr'><strong>scribitur,</strong></span> 
     </span>
    </p>
   </div>
   <div class='ocr_carea' id='block_1_30' title="bbox 746 2870 2327 2941">
    <p class='ocr_par' dir='ltr' id='par_1_30' title="bbox 746 2870 2327 2941">
     <span class='ocr_line' id='line_1_30' title="bbox 746 2870 2327 2941; baseline 0.002 -18"><span class='ocrx_word' id='word_1_215' title='bbox 746 2876 821 2923; x_wconf 86' lang='lat' dir='ltr'><strong>ait</strong></span> <span class='ocrx_word' id='word_1_216' title='bbox 855 2871 1041 2923; x_wconf 83' lang='lat' dir='ltr'><strong>enim:</strong></span> <span class='ocrx_word' id='word_1_217' title='bbox 1077 2870 1311 2941; x_wconf 81' lang='lat' dir='ltr'><strong>Cumun</strong></span> <span class='ocrx_word' id='word_1_218' title='bbox 1352 2873 1823 2941; x_wconf 78' lang='lat' dir='ltr'><strong>appropinquasset</strong></span> <span class='ocrx_word' id='word_1_219' title='bbox 1863 2874 1931 2925; x_wconf 85' lang='lat' dir='ltr'><strong>ad</strong></span> <span class='ocrx_word' id='word_1_220' title='bbox 1974 2884 2170 2937; x_wconf 85' lang='lat' dir='ltr'><strong>castra,</strong></span> <span class='ocrx_word' id='word_1_221' title='bbox 2198 2876 2327 2927; x_wconf 77' lang='lat' dir='ltr'><strong>uidit</strong></span> 
     </span>
    </p>
   </div>
   <div class='ocr_carea' id='block_1_31' title="bbox 746 2962 2327 3033">
    <p class='ocr_par' dir='ltr' id='par_1_31' title="bbox 746 2962 2327 3033">
     <span class='ocr_line' id='line_1_31' title="bbox 746 2962 2327 3033; baseline 0.004 -21"><span class='ocrx_word' id='word_1_222' title='bbox 746 2962 988 3024; x_wconf 70' lang='lat' dir='ltr'><strong>vitulum,</strong></span> <span class='ocrx_word' id='word_1_223' title='bbox 1025 2970 1072 3014; x_wconf 86' lang='lat' dir='ltr'><strong>et</strong></span> <span class='ocrx_word' id='word_1_224' title='bbox 1096 2963 1298 3027; x_wconf 81' lang='lat' dir='ltr'><strong>choros,</strong></span> <span class='ocrx_word' id='word_1_225' title='bbox 1330 2966 1600 3030; x_wconf 72' lang='lat' dir='ltr'><strong>iratusque</strong></span> <span class='ocrx_word' id='word_1_226' title='bbox 1642 2964 1794 3017; x_wconf 84' lang='lat' dir='ltr'><strong>valde</strong></span> <span class='ocrx_word' id='word_1_227' title='bbox 1825 2964 2045 3033; x_wconf 83' lang='lat' dir='ltr'><strong>projecit</strong></span> <span class='ocrx_word' id='word_1_228' title='bbox 2078 2972 2141 3018; x_wconf 87' lang='lat' dir='ltr'><strong>de</strong></span> <span class='ocrx_word' id='word_1_229' title='bbox 2169 2984 2327 3018; x_wconf 87' lang='lat' dir='ltr'><strong>manu</strong></span> 
     </span>
    </p>
   </div>
   <div class='ocr_carea' id='block_1_32' title="bbox 748 3054 2325 3121">
    <p class='ocr_par' dir='ltr' id='par_1_32' title="bbox 748 3054 2325 3121">
     <span class='ocr_line' id='line_1_32' title="bbox 748 3054 2325 3121; baseline 0.001 -16"><span class='ocrx_word' id='word_1_230' title='bbox 748 3054 976 3116; x_wconf 67' lang='lat' dir='ltr'><strong>(cibatus,</strong></span> <span class='ocrx_word' id='word_1_231' title='bbox 1029 3063 1077 3105; x_wconf 83' lang='lat' dir='ltr'><strong>et</strong></span> <span class='ocrx_word' id='word_1_232' title='bbox 1135 3055 1385 3121; x_wconf 72' lang='lat' dir='ltr'><strong>confregit</strong></span> <span class='ocrx_word' id='word_1_233' title='bbox 1433 3071 1522 3107; x_wconf 88' lang='lat' dir='ltr'><strong>eas</strong></span> <span class='ocrx_word' id='word_1_234' title='bbox 1576 3055 1645 3107; x_wconf 84' lang='lat' dir='ltr'><strong>ad</strong></span> <span class='ocrx_word' id='word_1_235' title='bbox 1696 3056 1898 3107; x_wconf 78' lang='lat' dir='ltr'><strong>radices</strong></span> <span class='ocrx_word' id='word_1_236' title='bbox 1940 3059 2149 3112; x_wconf 84' lang='lat' dir='ltr'><strong>montis.</strong></span> <span class='ocrx_word' id='word_1_237' title='bbox 2185 3058 2325 3107; x_wconf 82' lang='lat' dir='ltr'><strong>arri-</strong></span> 
     </span>
    </p>
   </div>
   <div class='ocr_carea' id='block_1_33' title="bbox 2419 580 4013 648">
    <p class='ocr_par' dir='ltr' id='par_1_33' title="bbox 2419 580 4013 648">
     <span class='ocr_line' id='line_1_33' title="bbox 2419 580 4013 648; baseline 0.003 -13"><span class='ocrx_word' id='word_1_238' title='bbox 2419 582 2674 635; x_wconf 86' lang='lat' dir='ltr'><strong>mundari</strong></span> <span class='ocrx_word' id='word_1_239' title='bbox 2700 584 2879 635; x_wconf 85' lang='lat' dir='ltr'><strong>debet.</strong></span> <span class='ocrx_word' id='word_1_240' title='bbox 2913 580 3205 648; x_wconf 71' lang='lat' dir='ltr'><strong>Propterea</strong></span> <span class='ocrx_word' id='word_1_241' title='bbox 3241 597 3387 633; x_wconf 89' lang='lat' dir='ltr'><strong>enim</strong></span> <span class='ocrx_word' id='word_1_242' title='bbox 3425 594 3632 637; x_wconf 88' lang='lat' dir='ltr'><strong>motum</strong></span> <span class='ocrx_word' id='word_1_243' title='bbox 3668 601 3784 645; x_wconf 65' lang='grc' dir='ltr'><strong>ιη.</strong></span> <span class='ocrx_word' id='word_1_244' title='bbox 3816 593 3877 638; x_wconf 84' lang='lat' dir='ltr'><strong>et</strong></span> <span class='ocrx_word' id='word_1_245' title='bbox 3908 586 4013 640; x_wconf 86' lang='lat' dir='ltr'><strong>de-</strong></span> 
     </span>
    </p>
   </div>
   <div class='ocr_carea' id='block_1_34' title="bbox 2419 672 4014 746">
    <p class='ocr_par' dir='ltr' id='par_1_34' title="bbox 2419 672 4014 746">
     <span class='ocr_line' id='line_1_34' title="bbox 2419 672 4014 746; baseline 0.002 -21"><span class='ocrx_word' id='word_1_246' title='bbox 2419 672 2771 726; x_wconf 85' lang='lat' dir='ltr'><strong>lectationum</strong></span> <span class='ocrx_word' id='word_1_247' title='bbox 2819 672 3099 739; x_wconf 82' lang='lat' dir='ltr'><strong>primitias.</strong></span> <span class='ocrx_word' id='word_1_248' title='bbox 3138 689 3423 741; x_wconf 80' lang='lat' dir='ltr'><strong>ipsumque</strong></span> <span class='ocrx_word' id='word_1_249' title='bbox 3472 684 3643 727; x_wconf 88' lang='lat' dir='ltr'><strong>totum</strong></span> <span class='ocrx_word' id='word_1_250' title='bbox 3686 678 4014 746; x_wconf 82' lang='lat' dir='ltr'><strong>conjugium</strong></span> 
     </span>
    </p>
   </div>
   <div class='ocr_carea' id='block_1_35' title="bbox 2421 750 4017 837">
    <p class='ocr_par' dir='ltr' id='par_1_35' title="bbox 2421 750 4017 837">
     <span class='ocr_line' id='line_1_35' title="bbox 2421 750 4017 837; baseline 0.003 -21"><span class='ocrx_word' id='word_1_251' title='bbox 2421 750 2519 833; x_wconf 85' lang='lat' dir='ltr'><strong>per</strong></span> <span class='ocrx_word' id='word_1_252' title='bbox 2541 766 2761 833; x_wconf 84' lang='lat' dir='ltr'><strong>pinnam</strong></span> <span class='ocrx_word' id='word_1_253' title='bbox 2787 765 3000 832; x_wconf 88' lang='lat' dir='ltr'><strong>hepatis</strong></span> <span class='ocrx_word' id='word_1_254' title='bbox 3027 774 3081 816; x_wconf 82' lang='lat' dir='ltr'><strong>ct</strong></span> <span class='ocrx_word' id='word_1_255' title='bbox 3118 780 3309 817; x_wconf 81' lang='lat' dir='ltr'><strong>renum</strong></span> <span class='ocrx_word' id='word_1_256' title='bbox 3341 766 3499 819; x_wconf 67' lang='lat' dir='ltr'><strong>ofl‘crt</strong></span> <span class='ocrx_word' id='word_1_257' title='bbox 3549 780 3802 837; x_wconf 65' lang='lat' dir='ltr'><strong>recteque</strong></span> <span class='ocrx_word' id='word_1_258' title='bbox 3824 779 4017 837; x_wconf 80' lang='lat' dir='ltr'><strong>potest</strong></span> 
     </span>
    </p>
   </div>
   <div class='ocr_carea' id='block_1_36' title="bbox 2420 857 4015 926">
    <p class='ocr_par' dir='ltr' id='par_1_36' title="bbox 2420 857 4015 926">
     <span class='ocr_line' id='line_1_36' title="bbox 2420 857 4015 926; baseline 0.001 -18"><span class='ocrx_word' id='word_1_259' title='bbox 2420 871 2574 909; x_wconf 88' lang='lat' dir='ltr'><strong>suam</strong></span> <span class='ocrx_word' id='word_1_260' title='bbox 2615 857 3083 909; x_wconf 68' lang='lat' dir='ltr'><strong>conversationem</strong></span> <span class='ocrx_word' id='word_1_261' title='bbox 3129 860 3193 910; x_wconf 86' lang='lat' dir='ltr'><strong>ad</strong></span> <span class='ocrx_word' id='word_1_262' title='bbox 3245 874 3541 926; x_wconf 88' lang='lat' dir='ltr'><strong>supernum</strong></span> <span class='ocrx_word' id='word_1_263' title='bbox 3575 861 3744 913; x_wconf 86' lang='lat' dir='ltr'><strong>altare</strong></span> <span class='ocrx_word' id='word_1_264' title='bbox 3786 862 4015 920; x_wconf 72' lang='lat' dir='ltr'><strong>otl&#39;erre,</strong></span> 
     </span>
    </p>
   </div>
   <div class='ocr_carea' id='block_1_37' title="bbox 2421 950 4018 1021">
    <p class='ocr_par' dir='ltr' id='par_1_37' title="bbox 2421 950 4018 1021">
     <span class='ocr_line' id='line_1_37' title="bbox 2421 950 4018 1021; baseline 0.004 -22"><span class='ocrx_word' id='word_1_265' title='bbox 2421 961 2474 1000; x_wconf 85' lang='lat' dir='ltr'><strong>et</strong></span> <span class='ocrx_word' id='word_1_266' title='bbox 2501 965 2663 1017; x_wconf 52' lang='lat' dir='ltr'><strong>super</strong></span> <span class='ocrx_word' id='word_1_267' title='bbox 2696 950 3007 1001; x_wconf 75' lang='lat' dir='ltr'><strong>iiolocausta</strong></span> <span class='ocrx_word' id='word_1_268' title='bbox 3039 990 3050 999; x_wconf 92' lang='lat'><strong>.</strong></span> <span class='ocrx_word' id='word_1_269' title='bbox 3075 967 3126 1001; x_wconf 80' lang='grc' dir='ltr'>ρι</span> <span class='ocrx_word' id='word_1_270' title='bbox 3155 967 3317 1016; x_wconf 80' lang='lat' dir='ltr'><strong>super</strong></span> <span class='ocrx_word' id='word_1_271' title='bbox 3351 952 3486 1019; x_wconf 80' lang='lat' dir='ltr'><strong>ligno</strong></span> <span class='ocrx_word' id='word_1_272' title='bbox 3522 968 3638 1019; x_wconf 63' lang='lat' dir='ltr'><strong>quae</strong></span> <span class='ocrx_word' id='word_1_273' title='bbox 3675 964 3806 1004; x_wconf 88' lang='lat' dir='ltr'><strong>sunt</strong></span> <span class='ocrx_word' id='word_1_274' title='bbox 3840 971 4018 1021; x_wconf 51' lang='lat' dir='ltr'><strong>super</strong></span> 
     </span>
    </p>
   </div>
   <div class='ocr_carea' id='block_1_38' title="bbox 2425 1042 4015 1111">
    <p class='ocr_par' dir='ltr' id='par_1_38' title="bbox 2425 1042 4015 1111">
     <span class='ocr_line' id='line_1_38' title="bbox 2425 1042 4015 1111; baseline 0.004 -20"><span class='ocrx_word' id='word_1_275' title='bbox 2425 1058 2563 1110; x_wconf 67' lang='lat' dir='ltr'><strong>igne.</strong></span> <span class='ocrx_word' id='word_1_276' title='bbox 2612 1042 2921 1093; x_wconf 63' lang='lat' dir='ltr'><strong>Sen-nudum</strong></span> <span class='ocrx_word' id='word_1_277' title='bbox 2970 1059 3111 1093; x_wconf 72' lang='lat' dir='ltr'><strong>t‘llttll</strong></span> <span class='ocrx_word' id='word_1_278' title='bbox 3150 1047 3400 1094; x_wconf 81' lang='lat' dir='ltr'><strong>mandata</strong></span> <span class='ocrx_word' id='word_1_279' title='bbox 3456 1045 3680 1111; x_wconf 74' lang='lat' dir='ltr'><strong>spiritus</strong></span> <span class='ocrx_word' id='word_1_280' title='bbox 3706 1061 4015 1097; x_wconf 79' lang='lat' dir='ltr'><strong>conversa-</strong></span> 
     </span>
    </p>
   </div>
   <div class='ocr_carea' id='block_1_39' title="bbox 2423 1135 4015 1195">
    <p class='ocr_par' dir='ltr' id='par_1_39' title="bbox 2423 1135 4015 1195">
     <span class='ocr_line' id='line_1_39' title="bbox 2423 1135 4015 1195; baseline 0.002 -9"><span class='ocrx_word' id='word_1_281' title='bbox 2423 1146 2531 1195; x_wconf 89' lang='lat' dir='ltr'><strong>tur,</strong></span> <span class='ocrx_word' id='word_1_282' title='bbox 2564 1146 2617 1186; x_wconf 91' lang='lat' dir='ltr'><strong>et</strong></span> <span class='ocrx_word' id='word_1_283' title='bbox 2665 1135 2837 1186; x_wconf 84' lang='lat' dir='ltr'><strong>hostia</strong></span> <span class='ocrx_word' id='word_1_284' title='bbox 2892 1138 3119 1185; x_wconf 81' lang='lat' dir='ltr'><strong>Domino</strong></span> <span class='ocrx_word' id='word_1_285' title='bbox 3168 1136 3474 1187; x_wconf 81' lang='lat' dir='ltr'><strong>suavissimi</strong></span> <span class='ocrx_word' id='word_1_286' title='bbox 3517 1138 3697 1187; x_wconf 79' lang='lat' dir='ltr'><strong>odoris</strong></span> <span class='ocrx_word' id='word_1_287' title='bbox 3750 1138 4015 1191; x_wconf 51' lang='lat' dir='ltr'><strong>obicitur.</strong></span> 
     </span>
    </p>
   </div>
   <div class='ocr_carea' id='block_1_40' title="bbox 2423 1222 3986 1293">
    <p class='ocr_par' dir='ltr' id='par_1_40' title="bbox 2423 1222 3986 1293">
     <span class='ocr_line' id='line_1_40' title="bbox 2423 1222 3986 1293; baseline 0.003 -18"><span class='ocrx_word' id='word_1_288' title='bbox 2423 1222 2603 1277; x_wconf 85' lang='lat' dir='ltr'><strong>Placet</strong></span> <span class='ocrx_word' id='word_1_289' title='bbox 2650 1224 2851 1293; x_wconf 86' lang='lat' dir='ltr'><strong>quippe</strong></span> <span class='ocrx_word' id='word_1_290' title='bbox 2883 1228 2929 1277; x_wconf 91' lang='lat' dir='ltr'><strong>ci</strong></span> <span class='ocrx_word' id='word_1_291' title='bbox 2976 1226 3235 1284; x_wconf 72' lang='lat' dir='ltr'><strong>perficere</strong></span> <span class='ocrx_word' id='word_1_292' title='bbox 3264 1224 3498 1278; x_wconf 87' lang='lat' dir='ltr'><strong>fructum</strong></span> <span class='ocrx_word' id='word_1_293' title='bbox 3532 1242 3637 1278; x_wconf 73' lang='lat' dir='ltr'><strong>uo&quot;.</strong></span> <span class='ocrx_word' id='word_1_294' title='bbox 3672 1231 3847 1279; x_wconf 79' lang='lat' dir='ltr'><strong>solum</strong></span> <span class='ocrx_word' id='word_1_295' title='bbox 3876 1243 3986 1280; x_wconf 83' lang='lat' dir='ltr'><strong>ceu</strong></span> 
     </span>
    </p>
   </div>
   <div class='ocr_carea' id='block_1_41' title="bbox 2424 1316 3826 1382">
    <p class='ocr_par' dir='ltr' id='par_1_41' title="bbox 2424 1316 3826 1382">
     <span class='ocr_line' id='line_1_41' title="bbox 2424 1316 3826 1382; baseline 0.003 -16"><span class='ocrx_word' id='word_1_296' title='bbox 2424 1316 2699 1377; x_wconf 88' lang='lat' dir='ltr'><strong>tesimttm,</strong></span> <span class='ocrx_word' id='word_1_297' title='bbox 2729 1317 2824 1369; x_wconf 86' lang='lat' dir='ltr'><strong>sed</strong></span> <span class='ocrx_word' id='word_1_298' title='bbox 2855 1328 2909 1368; x_wconf 88' lang='lat' dir='ltr'><strong>et</strong></span> <span class='ocrx_word' id='word_1_299' title='bbox 2939 1318 3357 1382; x_wconf 58' lang='lat' dir='ltr'><strong>sexagesimum.</strong></span> <span class='ocrx_word' id='word_1_300' title='bbox 3394 1328 3443 1369; x_wconf 74' lang='lat' dir='ltr'><strong>et</strong></span> <span class='ocrx_word' id='word_1_301' title='bbox 3469 1319 3826 1370; x_wconf 72' lang='lat' dir='ltr'><strong>tricesimum.</strong></span> 
     </span>
    </p>
   </div>
   <div class='ocr_carea' id='block_1_42' title="bbox 2496 1408 3990 1476">
    <p class='ocr_par' dir='ltr' id='par_1_42' title="bbox 2496 1408 3990 1476">
     <span class='ocr_line' id='line_1_42' title="bbox 2496 1408 3990 1476; baseline 0.001 -17"><span class='ocrx_word' id='word_1_302' title='bbox 2496 1408 2651 1459; x_wconf 70' lang='lat' dir='ltr'><strong>Vens.</strong></span> <span class='ocrx_word' id='word_1_303' title='bbox 2680 1409 2832 1459; x_wconf 77' lang='grc'><strong>(5-17.</strong></span> <span class='ocrx_word' id='word_1_304' title='bbox 2868 1428 2884 1456; x_wconf 82' lang='lat' dir='ltr'><strong>i</strong></span> <span class='ocrx_word' id='word_1_305' title='bbox 2921 1408 2975 1457; x_wconf 73' lang='lat' dir='ltr'><strong>Si</strong></span> <span class='ocrx_word' id='word_1_306' title='bbox 3021 1426 3145 1457; x_wconf 71' lang='lat' dir='ltr'><strong>uno</strong></span> <span class='ocrx_word' id='word_1_307' title='bbox 3175 1410 3242 1459; x_wconf 84' lang='lat' dir='ltr'><strong>de</strong></span> <span class='ocrx_word' id='word_1_308' title='bbox 3279 1413 3470 1460; x_wconf 61' lang='lat' dir='ltr'><strong>mribus</strong></span> <span class='ocrx_word' id='word_1_309' title='bbox 3508 1411 3672 1460; x_wconf 76' lang='lat' dir='ltr'><strong>fuerit</strong></span> <span class='ocrx_word' id='word_1_310' title='bbox 3709 1414 3831 1476; x_wconf 78' lang='lat' dir='ltr'><strong>ejus</strong></span> <span class='ocrx_word' id='word_1_311' title='bbox 3861 1411 3990 1461; x_wconf 79' lang='lat' dir='ltr'><strong>obla</strong></span> 
     </span>
    </p>
   </div>
   <div class='ocr_carea' id='block_1_43' title="bbox 2423 1500 4017 1566">
    <p class='ocr_par' dir='ltr' id='par_1_43' title="bbox 2423 1500 4017 1566">
     <span class='ocr_line' id='line_1_43' title="bbox 2423 1500 4017 1566; baseline 0.001 -16"><span class='ocrx_word' id='word_1_312' title='bbox 2423 1506 2517 1560; x_wconf 82' lang='lat' dir='ltr'><strong>tio,</strong></span> <span class='ocrx_word' id='word_1_313' title='bbox 2570 1508 2624 1551; x_wconf 87' lang='lat' dir='ltr'><strong>et</strong></span> <span class='ocrx_word' id='word_1_314' title='bbox 2672 1500 3019 1566; x_wconf 82' lang='lat' dir='ltr'><strong>pacificorutn</strong></span> <span class='ocrx_word' id='word_1_315' title='bbox 3074 1501 3279 1555; x_wconf 79' lang='lat' dir='ltr'><strong>hostia,</strong></span> <span class='ocrx_word' id='word_1_316' title='bbox 3344 1515 3458 1551; x_wconf 86' lang='lat' dir='ltr'><strong>sive</strong></span> <span class='ocrx_word' id='word_1_317' title='bbox 3518 1502 3846 1558; x_wconf 84' lang='lat' dir='ltr'><strong>masculum.</strong></span> <span class='ocrx_word' id='word_1_318' title='bbox 3895 1517 4017 1553; x_wconf 74' lang='lat' dir='ltr'><strong>sive</strong></span> 
     </span>
    </p>
   </div>
   <div class='ocr_carea' id='block_1_44' title="bbox 2426 1590 4013 1660">
    <p class='ocr_par' dir='ltr' id='par_1_44' title="bbox 2426 1590 4013 1660">
     <span class='ocr_line' id='line_1_44' title="bbox 2426 1590 4013 1660; baseline 0.001 -19"><span class='ocrx_word' id='word_1_319' title='bbox 2426 1590 2680 1641; x_wconf 84' lang='lat' dir='ltr'><strong>feminam</strong></span> <span class='ocrx_word' id='word_1_320' title='bbox 2726 1591 2985 1642; x_wconf 85' lang='lat' dir='ltr'><strong>obtulerit</strong></span> <span class='ocrx_word' id='word_1_321' title='bbox 3065 1592 3405 1643; x_wconf 81' lang='lat' dir='ltr'><strong>immaculata</strong></span> <span class='ocrx_word' id='word_1_322' title='bbox 3449 1602 3607 1643; x_wconf 78' lang='lat' dir='ltr'><strong>erunt</strong></span> <span class='ocrx_word' id='word_1_323' title='bbox 3688 1591 3741 1644; x_wconf 83' lang='lat' dir='ltr'><strong>Si</strong></span> <span class='ocrx_word' id='word_1_324' title='bbox 3809 1608 4013 1660; x_wconf 71' lang='lat' dir='ltr'><strong>agnum</strong></span> 
     </span>
    </p>
   </div>
   <div class='ocr_carea' id='block_1_45' title="bbox 2425 1679 4020 1750">
    <p class='ocr_par' dir='ltr' id='par_1_45' title="bbox 2425 1679 4020 1750">
     <span class='ocr_line' id='line_1_45' title="bbox 2425 1679 4020 1750; baseline 0.002 -20"><span class='ocrx_word' id='word_1_325' title='bbox 2425 1679 2675 1732; x_wconf 87' lang='lat' dir='ltr'><strong>obtulerit</strong></span> <span class='ocrx_word' id='word_1_326' title='bbox 2712 1696 2892 1733; x_wconf 87' lang='lat' dir='ltr'><strong>coram</strong></span> <span class='ocrx_word' id='word_1_327' title='bbox 2919 1680 3165 1739; x_wconf 83' lang='lat' dir='ltr'><strong>Domino.</strong></span> <span class='ocrx_word' id='word_1_328' title='bbox 3201 1692 3365 1749; x_wconf 79' lang='lat' dir='ltr'><strong>ponet</strong></span> <span class='ocrx_word' id='word_1_329' title='bbox 3408 1696 3629 1735; x_wconf 89' lang='lat' dir='ltr'><strong>manum</strong></span> <span class='ocrx_word' id='word_1_330' title='bbox 3654 1698 3824 1750; x_wconf 89' lang='lat' dir='ltr'><strong>super</strong></span> <span class='ocrx_word' id='word_1_331' title='bbox 3849 1696 4020 1750; x_wconf 87' lang='lat' dir='ltr'><strong>caput</strong></span> 
     </span>
    </p>
   </div>
   <div class='ocr_carea' id='block_1_46' title="bbox 2430 1772 4017 1841">
    <p class='ocr_par' dir='ltr' id='par_1_46' title="bbox 2430 1772 4017 1841">
     <span class='ocr_line' id='line_1_46' title="bbox 2430 1772 4017 1841; baseline 0.001 -17"><span class='ocrx_word' id='word_1_332' title='bbox 2430 1772 2660 1825; x_wconf 81' lang='lat' dir='ltr'><strong>victima:</strong></span> <span class='ocrx_word' id='word_1_333' title='bbox 2688 1789 2819 1834; x_wconf 70' lang='lat' dir='ltr'><strong>suae,</strong></span> <span class='ocrx_word' id='word_1_334' title='bbox 2859 1788 2979 1841; x_wconf 70' lang='lat' dir='ltr'><strong>quae</strong></span> <span class='ocrx_word' id='word_1_335' title='bbox 3021 1773 3392 1827; x_wconf 87' lang='lat' dir='ltr'><strong>immolabitur</strong></span> <span class='ocrx_word' id='word_1_336' title='bbox 3432 1790 3488 1826; x_wconf 90' lang='lat' dir='ltr'><strong>in</strong></span> <span class='ocrx_word' id='word_1_337' title='bbox 3528 1777 3797 1828; x_wconf 88' lang='lat' dir='ltr'><strong>vestibulo</strong></span> <span class='ocrx_word' id='word_1_338' title='bbox 3830 1778 4017 1827; x_wconf 81' lang='lat' dir='ltr'><strong>taber-</strong></span> 
     </span>
    </p>
   </div>
   <div class='ocr_carea' id='block_1_47' title="bbox 2430 1864 4022 1937">
    <p class='ocr_par' dir='ltr' id='par_1_47' title="bbox 2430 1864 4022 1937">
     <span class='ocr_line' id='line_1_47' title="bbox 2430 1864 4022 1937; baseline 0.002 -20"><span class='ocrx_word' id='word_1_339' title='bbox 2430 1864 2607 1918; x_wconf 76' lang='lat' dir='ltr'><strong>naculi</strong></span> <span class='ocrx_word' id='word_1_340' title='bbox 2657 1865 2953 1917; x_wconf 85' lang='lat' dir='ltr'><strong>testimonii</strong></span> <span class='ocrx_word' id='word_1_341' title='bbox 2994 1907 3004 1914; x_wconf 93' lang='lat'><strong>.</strong></span> <span class='ocrx_word' id='word_1_342' title='bbox 3055 1865 3394 1932; x_wconf 88' lang='lat' dir='ltr'><strong>fundentquc</strong></span> <span class='ocrx_word' id='word_1_343' title='bbox 3442 1868 3533 1917; x_wconf 86' lang='lat' dir='ltr'><strong>filii</strong></span> <span class='ocrx_word' id='word_1_344' title='bbox 3581 1868 3757 1919; x_wconf 76' lang='lat' dir='ltr'><strong>Aaron</strong></span> <span class='ocrx_word' id='word_1_345' title='bbox 3792 1870 4022 1937; x_wconf 79' lang='lat' dir='ltr'><strong>sangui-</strong></span> 
     </span>
    </p>
   </div>
   <div class='ocr_carea' id='block_1_48' title="bbox 2430 1958 4022 2024">
    <p class='ocr_par' dir='ltr' id='par_1_48' title="bbox 2430 1958 4022 2024">
     <span class='ocr_line' id='line_1_48' title="bbox 2430 1958 4022 2024; baseline 0.003 -16"><span class='ocrx_word' id='word_1_346' title='bbox 2430 1972 2551 2009; x_wconf 90' lang='lat' dir='ltr'><strong>nein</strong></span> <span class='ocrx_word' id='word_1_347' title='bbox 2614 1973 2732 2024; x_wconf 83' lang='lat' dir='ltr'><strong>ejus</strong></span> <span class='ocrx_word' id='word_1_348' title='bbox 2790 1973 2886 2024; x_wconf 86' lang='lat' dir='ltr'><strong>per</strong></span> <span class='ocrx_word' id='word_1_349' title='bbox 2952 1958 3138 2010; x_wconf 86' lang='lat' dir='ltr'><strong>altaris</strong></span> <span class='ocrx_word' id='word_1_350' title='bbox 3186 1958 3493 2020; x_wconf 65' lang='lat' dir='ltr'><strong>circuitum,</strong></span> <span class='ocrx_word' id='word_1_351' title='bbox 3569 1970 3622 2010; x_wconf 70' lang='lat' dir='ltr'><strong>et</strong></span> <span class='ocrx_word' id='word_1_352' title='bbox 3684 1958 4022 2013; x_wconf 68' lang='lat' dir='ltr'><strong>oﬂ&#39;crentde</strong></span> 
     </span>
    </p>
   </div>
   <div class='ocr_carea' id='block_1_49' title="bbox 2429 2050 4023 2119">
    <p class='ocr_par' dir='ltr' id='par_1_49' title="bbox 2429 2050 4023 2119">
     <span class='ocr_line' id='line_1_49' title="bbox 2429 2050 4023 2119; baseline 0.003 -18"><span class='ocrx_word' id='word_1_353' title='bbox 2429 2050 2775 2117; x_wconf 66' lang='lat' dir='ltr'><strong>pacilicoruni</strong></span> <span class='ocrx_word' id='word_1_354' title='bbox 2828 2052 2999 2102; x_wconf 83' lang='lat' dir='ltr'><strong>hostia</strong></span> <span class='ocrx_word' id='word_1_355' title='bbox 3038 2051 3363 2105; x_wconf 85' lang='lat' dir='ltr'><strong>sacrificium</strong></span> <span class='ocrx_word' id='word_1_356' title='bbox 3408 2052 3654 2106; x_wconf 73' lang='lat' dir='ltr'><strong>ltotuino.</strong></span> <span class='ocrx_word' id='word_1_357' title='bbox 3712 2052 3934 2119; x_wconf 74' lang='lat' dir='ltr'><strong>adipem</strong></span> <span class='ocrx_word' id='word_1_358' title='bbox 3970 2064 4023 2105; x_wconf 77' lang='lat' dir='ltr'><strong>et</strong></span> 
     </span>
    </p>
   </div>
   <div class='ocr_carea' id='block_1_50' title="bbox 2427 2143 4024 2214">
    <p class='ocr_par' dir='ltr' id='par_1_50' title="bbox 2427 2143 4024 2214">
     <span class='ocr_line' id='line_1_50' title="bbox 2427 2143 4024 2214; baseline 0.004 -22"><span class='ocrx_word' id='word_1_359' title='bbox 2427 2144 2651 2193; x_wconf 77' lang='lat' dir='ltr'><strong>caudam</strong></span> <span class='ocrx_word' id='word_1_360' title='bbox 2698 2152 2860 2194; x_wconf 85' lang='lat' dir='ltr'><strong>totam</strong></span> <span class='ocrx_word' id='word_1_361' title='bbox 2905 2159 3025 2194; x_wconf 66' lang='lat' dir='ltr'><strong>vum</strong></span> <span class='ocrx_word' id='word_1_362' title='bbox 3077 2143 3314 2195; x_wconf 82' lang='lat' dir='ltr'><strong>renibus.</strong></span> <span class='ocrx_word' id='word_1_363' title='bbox 3366 2160 3415 2195; x_wconf 84' lang='lat' dir='ltr'><strong>et</strong></span> <span class='ocrx_word' id='word_1_364' title='bbox 3454 2146 3865 2213; x_wconf 75' lang='lat' dir='ltr'><strong>pinguedinem,</strong></span> <span class='ocrx_word' id='word_1_365' title='bbox 3898 2163 4024 2214; x_wconf 75' lang='lat' dir='ltr'><strong>qua:</strong></span> 
     </span>
    </p>
   </div>
   <div class='ocr_carea' id='block_1_51' title="bbox 2427 2235 4023 2305">
    <p class='ocr_par' dir='ltr' id='par_1_51' title="bbox 2427 2235 4023 2305">
     <span class='ocr_line' id='line_1_51' title="bbox 2427 2235 4023 2305; baseline -0.001 -19"><span class='ocrx_word' id='word_1_366' title='bbox 2427 2235 2599 2302; x_wconf 84' lang='lat' dir='ltr'><strong>operit</strong></span> <span class='ocrx_word' id='word_1_367' title='bbox 2636 2244 2897 2290; x_wconf 79' lang='lat' dir='ltr'><strong>ventrem.</strong></span> <span class='ocrx_word' id='word_1_368' title='bbox 2930 2247 3088 2301; x_wconf 76' lang='lat' dir='ltr'><strong>atque</strong></span> <span class='ocrx_word' id='word_1_369' title='bbox 3113 2236 3361 2286; x_wconf 75' lang='lat' dir='ltr'><strong>universa</strong></span> <span class='ocrx_word' id='word_1_370' title='bbox 3397 2236 3573 2286; x_wconf 70' lang='lat' dir='ltr'><strong>vitalia</strong></span> <span class='ocrx_word' id='word_1_371' title='bbox 3634 2254 3679 2285; x_wconf 78' lang='grc' dir='ltr'><strong>ιιι</strong></span> <span class='ocrx_word' id='word_1_372' title='bbox 3718 2251 4023 2305; x_wconf 60' lang='lat' dir='ltr'><strong>utrumque</strong></span> 
     </span>
    </p>
   </div>
   <div class='ocr_carea' id='block_1_52' title="bbox 2430 2327 4023 2393">
    <p class='ocr_par' dir='ltr' id='par_1_52' title="bbox 2430 2327 4023 2393">
     <span class='ocr_line' id='line_1_52' title="bbox 2430 2327 4023 2393; baseline 0.001 -17"><span class='ocrx_word' id='word_1_373' title='bbox 2430 2327 2784 2377; x_wconf 85' lang='lat' dir='ltr'><strong>renunculiitn</strong></span> <span class='ocrx_word' id='word_1_374' title='bbox 2825 2342 2943 2376; x_wconf 69' lang='lat' dir='ltr'><strong>cum</strong></span> <span class='ocrx_word' id='word_1_375' title='bbox 3012 2328 3175 2391; x_wconf 71' lang='lat' dir='ltr'><strong>Itlipt&#39;.</strong></span> <span class='ocrx_word' id='word_1_376' title='bbox 3210 2343 3300 2393; x_wconf 89' lang='lat' dir='ltr'><strong>qui</strong></span> <span class='ocrx_word' id='word_1_377' title='bbox 3348 2337 3428 2377; x_wconf 80' lang='lat' dir='ltr'><strong>cst</strong></span> <span class='ocrx_word' id='word_1_378' title='bbox 3456 2343 3607 2393; x_wconf 64' lang='lat' dir='ltr'><strong>juxta</strong></span> <span class='ocrx_word' id='word_1_379' title='bbox 3658 2330 3763 2381; x_wconf 68' lang='grc' dir='ltr'>ιΙιιι.</span> <span class='ocrx_word' id='word_1_380' title='bbox 3809 2340 4023 2381; x_wconf 59' lang='grc' dir='ltr'>νυιιιοιι-</span> 
     </span>
    </p>
   </div>
   <div class='ocr_carea' id='block_1_53' title="bbox 3542 2421 4015 2471">
    <p class='ocr_par' dir='ltr' id='par_1_53' title="bbox 3542 2421 4015 2471">
     <span class='ocr_line' id='line_1_53' title="bbox 3542 2421 4015 2471; baseline 0.002 -3"><span class='ocrx_word' id='word_1_381' title='bbox 3542 2421 3599 2470; x_wconf 70' lang='lat' dir='ltr'><strong>Et</strong></span> <span class='ocrx_word' id='word_1_382' title='bbox 3674 2423 3911 2471; x_wconf 68' lang='lat' dir='ltr'><strong>adiili-bti</strong></span> <span class='ocrx_word' id='word_1_383' title='bbox 3956 2440 4015 2469; x_wconf 70' lang='lat' dir='ltr'><strong>t‘J</strong></span> 
     </span>
    </p>
   </div>
   <div class='ocr_carea' id='block_1_54' title="bbox 2428 2509 4023 2579">
    <p class='ocr_par' dir='ltr' id='par_1_54' title="bbox 2428 2509 4023 2579">
     <span class='ocr_line' id='line_1_54' title="bbox 2428 2509 4023 2579; baseline 0.001 -18"><span class='ocrx_word' id='word_1_384' title='bbox 2428 2510 2681 2562; x_wconf 83' lang='lat' dir='ltr'><strong>sacerdos</strong></span> <span class='ocrx_word' id='word_1_385' title='bbox 2715 2525 2867 2577; x_wconf 73' lang='lat' dir='ltr'><strong>super</strong></span> <span class='ocrx_word' id='word_1_386' title='bbox 2922 2509 3088 2560; x_wconf 73' lang='lat' dir='ltr'><strong>altaie</strong></span> <span class='ocrx_word' id='word_1_387' title='bbox 3150 2510 3201 2560; x_wconf 88' lang='lat' dir='ltr'><strong>iti</strong></span> <span class='ocrx_word' id='word_1_388' title='bbox 3262 2510 3517 2576; x_wconf 85' lang='lat' dir='ltr'><strong>pabulum</strong></span> <span class='ocrx_word' id='word_1_389' title='bbox 3551 2512 3711 2579; x_wconf 68' lang='lat' dir='ltr'><strong>ignis.</strong></span> <span class='ocrx_word' id='word_1_390' title='bbox 3779 2521 3829 2564; x_wconf 78' lang='lat' dir='ltr'><strong>et</strong></span> <span class='ocrx_word' id='word_1_391' title='bbox 3869 2512 4023 2562; x_wconf 85' lang='lat' dir='ltr'><strong>obla-</strong></span> 
     </span>
    </p>
   </div>
   <div class='ocr_carea' id='block_1_55' title="bbox 2430 2596 4019 2668">
    <p class='ocr_par' dir='ltr' id='par_1_55' title="bbox 2430 2596 4019 2668">
     <span class='ocr_line' id='line_1_55' title="bbox 2430 2596 4019 2668; baseline 0.003 -18"><span class='ocrx_word' id='word_1_392' title='bbox 2430 2600 2591 2651; x_wconf 82' lang='lat' dir='ltr'><strong>tonis</strong></span> <span class='ocrx_word' id='word_1_393' title='bbox 2624 2599 2852 2652; x_wconf 81' lang='lat' dir='ltr'><strong>Domini.</strong></span> <span class='ocrx_word' id='word_1_394' title='bbox 2886 2596 2938 2650; x_wconf 87' lang='lat' dir='ltr'><strong>Si</strong></span> <span class='ocrx_word' id='word_1_395' title='bbox 2975 2615 3133 2667; x_wconf 86' lang='lat' dir='ltr'><strong>capra</strong></span> <span class='ocrx_word' id='word_1_396' title='bbox 3165 2599 3322 2652; x_wconf 80' lang='lat' dir='ltr'><strong>fuerit</strong></span> <span class='ocrx_word' id='word_1_397' title='bbox 3358 2601 3477 2668; x_wconf 78' lang='lat' dir='ltr'><strong>ejus</strong></span> <span class='ocrx_word' id='word_1_398' title='bbox 3504 2602 3732 2659; x_wconf 83' lang='lat' dir='ltr'><strong>oblatio.</strong></span> <span class='ocrx_word' id='word_1_399' title='bbox 3770 2612 3819 2653; x_wconf 69' lang='lat' dir='ltr'><strong>et</strong></span> <span class='ocrx_word' id='word_1_400' title='bbox 3859 2606 4019 2656; x_wconf 25' lang='lat' dir='ltr'><strong>obtur</strong></span> 
     </span>
    </p>
   </div>
   <div class='ocr_carea' id='block_1_56' title="bbox 2429 2690 4027 2762">
    <p class='ocr_par' dir='ltr' id='par_1_56' title="bbox 2429 2690 4027 2762">
     <span class='ocr_line' id='line_1_56' title="bbox 2429 2690 4027 2762; baseline 0.004 -21"><span class='ocrx_word' id='word_1_401' title='bbox 2429 2690 2549 2743; x_wconf 82' lang='lat' dir='ltr'><strong>lerit</strong></span> <span class='ocrx_word' id='word_1_402' title='bbox 2576 2707 2694 2742; x_wconf 87' lang='lat' dir='ltr'><strong>eam</strong></span> <span class='ocrx_word' id='word_1_403' title='bbox 2724 2693 2965 2749; x_wconf 75' lang='lat' dir='ltr'><strong>Domitio</strong></span> <span class='ocrx_word' id='word_1_404' title='bbox 3017 2702 3185 2758; x_wconf 81' lang='lat' dir='ltr'><strong>ponet</strong></span> <span class='ocrx_word' id='word_1_405' title='bbox 3222 2708 3440 2744; x_wconf 78' lang='lat' dir='ltr'><strong>manuni</strong></span> <span class='ocrx_word' id='word_1_406' title='bbox 3464 2710 3618 2745; x_wconf 83' lang='lat' dir='ltr'><strong>suam</strong></span> <span class='ocrx_word' id='word_1_407' title='bbox 3655 2710 3815 2762; x_wconf 79' lang='lat' dir='ltr'><strong>super</strong></span> <span class='ocrx_word' id='word_1_408' title='bbox 3859 2710 4027 2761; x_wconf 81' lang='lat' dir='ltr'><strong>caput</strong></span> 
     </span>
    </p>
   </div>
   <div class='ocr_carea' id='block_1_57' title="bbox 2429 2782 4027 2849">
    <p class='ocr_par' dir='ltr' id='par_1_57' title="bbox 2429 2782 4027 2849">
     <span class='ocr_line' id='line_1_57' title="bbox 2429 2782 4027 2849; baseline 0.003 -16"><span class='ocrx_word' id='word_1_409' title='bbox 2429 2782 2565 2848; x_wconf 84' lang='lat' dir='ltr'><strong>ejus,</strong></span> <span class='ocrx_word' id='word_1_410' title='bbox 2618 2782 3029 2849; x_wconf 84' lang='lat' dir='ltr'><strong>immolabitque</strong></span> <span class='ocrx_word' id='word_1_411' title='bbox 3088 2799 3204 2835; x_wconf 71' lang='lat' dir='ltr'><strong>eam</strong></span> <span class='ocrx_word' id='word_1_412' title='bbox 3270 2800 3320 2834; x_wconf 90' lang='lat' dir='ltr'><strong>tu</strong></span> <span class='ocrx_word' id='word_1_413' title='bbox 3379 2794 3605 2836; x_wconf 70' lang='lat' dir='ltr'><strong>introitu</strong></span> <span class='ocrx_word' id='word_1_414' title='bbox 3669 2788 4027 2841; x_wconf 66' lang='lat' dir='ltr'><strong>tabernaculi</strong></span> 
     </span>
    </p>
   </div>
   <div class='ocr_carea' id='block_1_58' title="bbox 2432 2872 4031 2944">
    <p class='ocr_par' dir='ltr' id='par_1_58' title="bbox 2432 2872 4031 2944">
     <span class='ocr_line' id='line_1_58' title="bbox 2432 2872 4031 2944; baseline 0.003 -21"><span class='ocrx_word' id='word_1_415' title='bbox 2432 2872 2723 2925; x_wconf 81' lang='lat' dir='ltr'><strong>testimonii</strong></span> <span class='ocrx_word' id='word_1_416' title='bbox 2748 2890 2759 2899; x_wconf 92' lang='grc'><strong>·</strong></span> <span class='ocrx_word' id='word_1_417' title='bbox 2818 2883 2871 2925; x_wconf 86' lang='lat' dir='ltr'><strong>et</strong></span> <span class='ocrx_word' id='word_1_418' title='bbox 2910 2873 3139 2925; x_wconf 78' lang='lat' dir='ltr'><strong>fundunt</strong></span> <span class='ocrx_word' id='word_1_419' title='bbox 3180 2874 3271 2925; x_wconf 67' lang='lat' dir='ltr'><strong>tibi</strong></span> <span class='ocrx_word' id='word_1_420' title='bbox 3332 2876 3508 2926; x_wconf 70' lang='lat' dir='ltr'><strong>Aaron</strong></span> <span class='ocrx_word' id='word_1_421' title='bbox 3543 2890 3874 2944; x_wconf 77' lang='lat' dir='ltr'><strong>sanguinein</strong></span> <span class='ocrx_word' id='word_1_422' title='bbox 3910 2879 4031 2944; x_wconf 75' lang='lat' dir='ltr'><strong>ejus</strong></span> 
     </span>
    </p>
   </div>
   <div class='ocr_carea' id='block_1_59' title="bbox 2430 2965 4031 3033">
    <p class='ocr_par' dir='ltr' id='par_1_59' title="bbox 2430 2965 4031 3033">
     <span class='ocr_line' id='line_1_59' title="bbox 2430 2965 4031 3033; baseline 0 -16"><span class='ocrx_word' id='word_1_423' title='bbox 2430 2980 2525 3033; x_wconf 86' lang='lat' dir='ltr'><strong>per</strong></span> <span class='ocrx_word' id='word_1_424' title='bbox 2563 2965 2750 3018; x_wconf 84' lang='lat' dir='ltr'><strong>altaris</strong></span> <span class='ocrx_word' id='word_1_425' title='bbox 2784 2965 3095 3019; x_wconf 81' lang='lat' dir='ltr'><strong>circuitum.</strong></span> <span class='ocrx_word' id='word_1_426' title='bbox 3145 2966 3443 3033; x_wconf 85' lang='lat' dir='ltr'><strong>tollentque</strong></span> <span class='ocrx_word' id='word_1_427' title='bbox 3488 2982 3549 3018; x_wconf 69' lang='lat' dir='ltr'><strong>es</strong></span> <span class='ocrx_word' id='word_1_428' title='bbox 3599 2984 3653 3019; x_wconf 77' lang='lat' dir='ltr'><strong>ea</strong></span> <span class='ocrx_word' id='word_1_429' title='bbox 3700 2970 3754 3019; x_wconf 91' lang='lat' dir='ltr'><strong>in</strong></span> <span class='ocrx_word' id='word_1_430' title='bbox 3805 2980 4031 3033; x_wconf 85' lang='lat' dir='ltr'><strong>pastum</strong></span> 
     </span>
    </p>
   </div>
   <div class='ocr_carea' id='block_1_60' title="bbox 2431 3057 4030 3127">
    <p class='ocr_par' dir='ltr' id='par_1_60' title="bbox 2431 3057 4030 3127">
     <span class='ocr_line' id='line_1_60' title="bbox 2431 3057 4030 3127; baseline 0.002 -19"><span class='ocrx_word' id='word_1_431' title='bbox 2431 3058 2566 3127; x_wconf 74' lang='lat' dir='ltr'><strong>ignis</strong></span> <span class='ocrx_word' id='word_1_432' title='bbox 2608 3057 2869 3109; x_wconf 87' lang='lat' dir='ltr'><strong>Douiioici</strong></span> <span class='ocrx_word' id='word_1_433' title='bbox 2911 3058 3146 3125; x_wconf 84' lang='lat' dir='ltr'><strong>adipem,</strong></span> <span class='ocrx_word' id='word_1_434' title='bbox 3186 3074 3277 3125; x_wconf 87' lang='lat' dir='ltr'><strong>qui</strong></span> <span class='ocrx_word' id='word_1_435' title='bbox 3314 3062 3492 3126; x_wconf 88' lang='lat' dir='ltr'><strong>operit</strong></span> <span class='ocrx_word' id='word_1_436' title='bbox 3530 3068 3796 3109; x_wconf 77' lang='lat' dir='ltr'><strong>ventrem.</strong></span> <span class='ocrx_word' id='word_1_437' title='bbox 3842 3071 3895 3111; x_wconf 78' lang='lat' dir='ltr'><strong>et</strong></span> <span class='ocrx_word' id='word_1_438' title='bbox 3938 3078 4030 3126; x_wconf 91' lang='lat' dir='ltr'><strong>qui</strong></span> 
     </span>
    </p>
   </div>
   <div class='ocr_carea' id='block_1_61' title="bbox 2429 2416 3449 2485">
    <p class='ocr_par' dir='ltr' id='par_1_61' title="bbox 2429 2416 3449 2485">
     <span class='ocr_line' id='line_1_61' title="bbox 2429 2416 3449 2485; baseline 0.003 -18"><span class='ocrx_word' id='word_1_439' title='bbox 2429 2416 2645 2483; x_wconf 82' lang='lat' dir='ltr'><strong>lituique</strong></span> <span class='ocrx_word' id='word_1_440' title='bbox 2697 2418 2895 2485; x_wconf 62' lang='lat' dir='ltr'><strong>jccoi‘is</strong></span> <span class='ocrx_word' id='word_1_441' title='bbox 2947 2435 3066 2467; x_wconf 72' lang='grc' dir='ltr'>ιιιιιι</span> <span class='ocrx_word' id='word_1_442' title='bbox 3135 2421 3449 2470; x_wconf 75' lang='lat' dir='ltr'><strong>retinaculis</strong></span> 
     </span>
    </p>
   </div>
   <div class='ocr_carea' id='block_1_62' title="bbox 748 3146 4030 3230">
    <p class='ocr_par' dir='ltr' id='par_1_62' title="bbox 748 3146 4030 3230">
     <span class='ocr_line' id='line_1_62' title="bbox 748 3146 4030 3230; baseline 0.003 -38"><span class='ocrx_word' id='word_1_443' title='bbox 748 3146 993 3213; x_wconf 62' lang='lat' dir='ltr'><strong>plerisque</strong></span> <span class='ocrx_word' id='word_1_444' title='bbox 1037 3147 1253 3197; x_wconf 82' lang='lat' dir='ltr'><strong>vitulum</strong></span> <span class='ocrx_word' id='word_1_445' title='bbox 1314 3162 1464 3207; x_wconf 79' lang='lat' dir='ltr'><strong>quem</strong></span> <span class='ocrx_word' id='word_1_446' title='bbox 1499 3148 1747 3209; x_wconf 77' lang='lat' dir='ltr'><strong>fecerant.</strong></span> <span class='ocrx_word' id='word_1_447' title='bbox 1782 3148 2083 3202; x_wconf 70' lang='lat' dir='ltr'><strong>combussit.</strong></span> <span class='ocrx_word' id='word_1_448' title='bbox 2119 3158 2161 3199; x_wconf 86' lang='lat' dir='ltr'><strong>et</strong></span> <span class='ocrx_word' id='word_1_449' title='bbox 2204 3165 2321 3198; x_wconf 74' lang='lat' dir='ltr'><strong>con-</strong></span> <span class='ocrx_word' id='word_1_450' title='bbox 2354 3175 2398 3230; x_wconf 59' lang='grc' dir='ltr'>ρ</span> <span class='ocrx_word' id='word_1_451' title='bbox 2434 3157 2573 3217; x_wconf 78' lang='lat' dir='ltr'><strong>teget</strong></span> <span class='ocrx_word' id='word_1_452' title='bbox 2625 3164 2872 3201; x_wconf 77' lang='lat' dir='ltr'><strong>uniiersa</strong></span> <span class='ocrx_word' id='word_1_453' title='bbox 2912 3150 3104 3201; x_wconf 86' lang='lat' dir='ltr'><strong>vitalia.</strong></span> <span class='ocrx_word' id='word_1_454' title='bbox 3144 3151 3283 3201; x_wconf 84' lang='lat' dir='ltr'><strong>duos</strong></span> <span class='ocrx_word' id='word_1_455' title='bbox 3321 3150 3652 3202; x_wconf 81' lang='lat' dir='ltr'><strong>renuncnlos</strong></span> <span class='ocrx_word' id='word_1_456' title='bbox 3715 3164 3845 3201; x_wconf 87' lang='lat' dir='ltr'><strong>cum</strong></span> <span class='ocrx_word' id='word_1_457' title='bbox 3901 3155 4030 3204; x_wconf 83' lang='lat' dir='ltr'><strong>reti-</strong></span> 
     </span>
    </p>
   </div>
   <div class='ocr_carea' id='block_1_63' title="bbox 750 3240 2325 3309">
    <p class='ocr_par' dir='ltr' id='par_1_63' title="bbox 750 3240 2325 3309">
     <span class='ocr_line' id='line_1_63' title="bbox 750 3240 2325 3309; baseline 0.004 -22"><span class='ocrx_word' id='word_1_458' title='bbox 750 3249 887 3288; x_wconf 75' lang='lat' dir='ltr'><strong>ll‘tt‘t&#39;</strong></span> <span class='ocrx_word' id='word_1_459' title='bbox 920 3253 1081 3297; x_wconf 78' lang='lat' dir='ltr'><strong>usque</strong></span> <span class='ocrx_word' id='word_1_460' title='bbox 1110 3248 1177 3289; x_wconf 77' lang='lat' dir='ltr'><strong>ait</strong></span> <span class='ocrx_word' id='word_1_461' title='bbox 1207 3241 1487 3298; x_wconf 80' lang='lat' dir='ltr'><strong>pulverem,</strong></span> <span class='ocrx_word' id='word_1_462' title='bbox 1521 3255 1671 3308; x_wconf 82' lang='lat' dir='ltr'><strong>quem</strong></span> <span class='ocrx_word' id='word_1_463' title='bbox 1710 3242 1902 3307; x_wconf 82' lang='lat' dir='ltr'><strong>sparsit</strong></span> <span class='ocrx_word' id='word_1_464' title='bbox 1932 3240 1986 3292; x_wconf 79' lang='lat' dir='ltr'><strong>in</strong></span> <span class='ocrx_word' id='word_1_465' title='bbox 2027 3256 2223 3309; x_wconf 87' lang='lat' dir='ltr'><strong>aquam</strong></span> <span class='ocrx_word' id='word_1_466' title='bbox 2282 3254 2325 3294; x_wconf 79' lang='lat' dir='ltr'><strong>et</strong></span> 
     </span>
    </p>
   </div>
   <div class='ocr_carea' id='block_1_64' title="bbox 754 3330 2331 3397">
    <p class='ocr_par' dir='ltr' id='par_1_64' title="bbox 754 3330 2331 3397">
     <span class='ocr_line' id='line_1_64' title="bbox 754 3330 2331 3397; baseline 0.004 -18"><span class='ocrx_word' id='word_1_467' title='bbox 754 3336 888 3381; x_wconf 59' lang='lat' dir='ltr'><strong>vitam</strong></span> <span class='ocrx_word' id='word_1_468' title='bbox 942 3347 987 3380; x_wconf 40' lang='lat' dir='ltr'><strong>‘J.’</strong></span> <span class='ocrx_word' id='word_1_469' title='bbox 1036 3347 1085 3379; x_wconf 57' lang='lat' dir='ltr'><strong>eo</strong></span> <span class='ocrx_word' id='word_1_470' title='bbox 1132 3343 1311 3389; x_wconf 79' lang='lat' dir='ltr'><strong>potitus</strong></span> <span class='ocrx_word' id='word_1_471' title='bbox 1354 3332 1477 3397; x_wconf 75' lang='lat' dir='ltr'><strong>[iliis</strong></span> <span class='ocrx_word' id='word_1_472' title='bbox 1504 3330 1753 3384; x_wconf 70' lang='lat' dir='ltr'><strong>Israel“.</strong></span> <span class='ocrx_word' id='word_1_473' title='bbox 1786 3330 1901 3384; x_wconf 72' lang='lat' dir='ltr'><strong>Non</strong></span> <span class='ocrx_word' id='word_1_474' title='bbox 1941 3345 2119 3386; x_wconf 88' lang='lat' dir='ltr'><strong>tamen</strong></span> <span class='ocrx_word' id='word_1_475' title='bbox 2160 3334 2212 3385; x_wconf 85' lang='lat' dir='ltr'><strong>in</strong></span> <span class='ocrx_word' id='word_1_476' title='bbox 2248 3337 2331 3385; x_wconf 88' lang='lat' dir='ltr'><strong>liis</strong></span> 
     </span>
    </p>
   </div>
   <div class='ocr_carea' id='block_1_65' title="bbox 754 3425 2329 3488">
    <p class='ocr_par' dir='ltr' id='par_1_65' title="bbox 754 3425 2329 3488">
     <span class='ocr_line' id='line_1_65' title="bbox 754 3425 2329 3488; baseline 0.003 -15"><span class='ocrx_word' id='word_1_477' title='bbox 754 3430 1116 3488; x_wconf 73' lang='lat' dir='ltr'><strong>repribciisus</strong></span> <span class='ocrx_word' id='word_1_478' title='bbox 1152 3433 1252 3478; x_wconf 87' lang='lat' dir='ltr'><strong>est.</strong></span> <span class='ocrx_word' id='word_1_479' title='bbox 1297 3427 1392 3476; x_wconf 87' lang='lat' dir='ltr'><strong>sed</strong></span> <span class='ocrx_word' id='word_1_480' title='bbox 1442 3440 1551 3477; x_wconf 90' lang='lat' dir='ltr'><strong>imo</strong></span> <span class='ocrx_word' id='word_1_481' title='bbox 1592 3425 1822 3477; x_wconf 92' lang='lat' dir='ltr'><strong>multum</strong></span> <span class='ocrx_word' id='word_1_482' title='bbox 1860 3425 2197 3478; x_wconf 85' lang='lat' dir='ltr'><strong>admirabilis</strong></span> <span class='ocrx_word' id='word_1_483' title='bbox 2236 3440 2329 3477; x_wconf 80' lang='lat' dir='ltr'><strong>ex-</strong></span> 
     </span>
    </p>
   </div>
   <div class='ocr_carea' id='block_1_66' title="bbox 754 3512 2329 3584">
    <p class='ocr_par' dir='ltr' id='par_1_66' title="bbox 754 3512 2329 3584">
     <span class='ocr_line' id='line_1_66' title="bbox 754 3512 2329 3584; baseline 0.004 -24"><span class='ocrx_word' id='word_1_484' title='bbox 754 3512 884 3563; x_wconf 83' lang='lat' dir='ltr'><strong>stitit</strong></span> <span class='ocrx_word' id='word_1_485' title='bbox 995 3528 1050 3562; x_wconf 65' lang='lat' dir='ltr'><strong>es</strong></span> <span class='ocrx_word' id='word_1_486' title='bbox 1107 3515 1222 3564; x_wconf 85' lang='lat' dir='ltr'><strong>zelo</strong></span> <span class='ocrx_word' id='word_1_487' title='bbox 1266 3514 1413 3566; x_wconf 88' lang='lat' dir='ltr'><strong>enim</strong></span> <span class='ocrx_word' id='word_1_488' title='bbox 1455 3521 1599 3567; x_wconf 87' lang='lat' dir='ltr'><strong>tanta</strong></span> <span class='ocrx_word' id='word_1_489' title='bbox 1653 3530 1728 3566; x_wconf 86' lang='lat' dir='ltr'><strong>ira</strong></span> <span class='ocrx_word' id='word_1_490' title='bbox 1766 3530 1895 3567; x_wconf 91' lang='lat' dir='ltr'><strong>usus</strong></span> <span class='ocrx_word' id='word_1_491' title='bbox 1921 3524 2002 3568; x_wconf 90' lang='lat' dir='ltr'><strong>est</strong></span> <span class='ocrx_word' id='word_1_492' title='bbox 2038 3516 2329 3584; x_wconf 77' lang='lat' dir='ltr'><strong>legislator,</strong></span> 
     </span>
    </p>
   </div>
   <div class='ocr_carea' id='block_1_67' title="bbox 754 3604 2329 3676">
    <p class='ocr_par' dir='ltr' id='par_1_67' title="bbox 754 3604 2329 3676">
     <span class='ocr_line' id='line_1_67' title="bbox 754 3604 2329 3676; baseline 0.005 -25"><span class='ocrx_word' id='word_1_493' title='bbox 754 3618 876 3669; x_wconf 84' lang='lat' dir='ltr'><strong>quia</strong></span> <span class='ocrx_word' id='word_1_494' title='bbox 906 3616 962 3653; x_wconf 81' lang='lat' dir='ltr'><strong>et</strong></span> <span class='ocrx_word' id='word_1_495' title='bbox 1003 3606 1142 3655; x_wconf 57' lang='lat' dir='ltr'><strong>Deus</strong></span> <span class='ocrx_word' id='word_1_496' title='bbox 1176 3604 1335 3657; x_wconf 86' lang='lat' dir='ltr'><strong>irasci</strong></span> <span class='ocrx_word' id='word_1_497' title='bbox 1363 3620 1416 3656; x_wconf 84' lang='grc' dir='ltr'><strong>ιιι</strong></span> <span class='ocrx_word' id='word_1_498' title='bbox 1452 3605 1637 3659; x_wconf 90' lang='lat' dir='ltr'><strong>multis</strong></span> <span class='ocrx_word' id='word_1_499' title='bbox 1671 3621 1838 3659; x_wconf 66' lang='lat' dir='ltr'><strong>sacrae</strong></span> <span class='ocrx_word' id='word_1_500' title='bbox 1872 3606 2173 3676; x_wconf 69' lang='lat' dir='ltr'><strong>Scriptura:</strong></span> <span class='ocrx_word' id='word_1_501' title='bbox 2198 3607 2329 3660; x_wconf 87' lang='lat' dir='ltr'><strong>dici-</strong></span> 
     </span>
    </p>
   </div>
   <div class='ocr_carea' id='block_1_68' title="bbox 759 3696 2335 3765">
    <p class='ocr_par' dir='ltr' id='par_1_68' title="bbox 759 3696 2335 3765">
     <span class='ocr_line' id='line_1_68' title="bbox 759 3696 2335 3765; baseline 0.004 -20"><span class='ocrx_word' id='word_1_502' title='bbox 759 3708 840 3746; x_wconf 86' lang='lat' dir='ltr'><strong>tur</strong></span> <span class='ocrx_word' id='word_1_503' title='bbox 886 3696 1041 3758; x_wconf 85' lang='lat' dir='ltr'><strong>locis,</strong></span> <span class='ocrx_word' id='word_1_504' title='bbox 1090 3711 1432 3765; x_wconf 87' lang='lat' dir='ltr'><strong>nequaquam</strong></span> <span class='ocrx_word' id='word_1_505' title='bbox 1480 3708 1664 3751; x_wconf 83' lang='lat' dir='ltr'><strong>autem</strong></span> <span class='ocrx_word' id='word_1_506' title='bbox 1703 3700 1769 3751; x_wconf 85' lang='lat' dir='ltr'><strong>de</strong></span> <span class='ocrx_word' id='word_1_507' title='bbox 1797 3714 1865 3753; x_wconf 87' lang='lat' dir='ltr'><strong>eo</strong></span> <span class='ocrx_word' id='word_1_508' title='bbox 1891 3700 2015 3760; x_wconf 85' lang='lat' dir='ltr'><strong>hoe,</strong></span> <span class='ocrx_word' id='word_1_509' title='bbox 2047 3700 2092 3753; x_wconf 90' lang='lat' dir='ltr'><strong>si</strong></span> <span class='ocrx_word' id='word_1_510' title='bbox 2133 3700 2335 3753; x_wconf 88' lang='lat' dir='ltr'><strong>malum</strong></span> 
     </span>
    </p>
   </div>
   <div class='ocr_carea' id='block_1_69' title="bbox 758 3783 2332 3856">
    <p class='ocr_par' dir='ltr' id='par_1_69' title="bbox 758 3783 2332 3856">
     <span class='ocr_line' id='line_1_69' title="bbox 758 3783 2332 3856; baseline 0.003 -19"><span class='ocrx_word' id='word_1_511' title='bbox 758 3784 967 3847; x_wconf 82' lang='lat' dir='ltr'><strong>fuisset,</strong></span> <span class='ocrx_word' id='word_1_512' title='bbox 1008 3783 1305 3839; x_wconf 87' lang='lat' dir='ltr'><strong>diceretur.</strong></span> <span class='ocrx_word' id='word_1_513' title='bbox 1348 3786 1417 3839; x_wconf 89' lang='lat' dir='ltr'><strong>Et</strong></span> <span class='ocrx_word' id='word_1_514' title='bbox 1458 3787 1575 3842; x_wconf 69' lang='lat' dir='ltr'><strong>haec</strong></span> <span class='ocrx_word' id='word_1_515' title='bbox 1624 3788 1843 3856; x_wconf 78' lang='lat' dir='ltr'><strong>quidem</strong></span> <span class='ocrx_word' id='word_1_516' title='bbox 1900 3788 1975 3840; x_wconf 84' lang='lat' dir='ltr'><strong>ita</strong></span> <span class='ocrx_word' id='word_1_517' title='bbox 2020 3803 2079 3841; x_wconf 90' lang='lat' dir='ltr'><strong>se</strong></span> <span class='ocrx_word' id='word_1_518' title='bbox 2114 3788 2332 3841; x_wconf 82' lang='lat' dir='ltr'><strong>habent.</strong></span> 
     </span>
    </p>
   </div>
   <div class='ocr_carea' id='block_1_70' title="bbox 757 3877 2338 3950">
    <p class='ocr_par' dir='ltr' id='par_1_70' title="bbox 757 3877 2338 3950">
     <span class='ocr_line' id='line_1_70' title="bbox 757 3877 2338 3950; baseline 0.005 -22"><span class='ocrx_word' id='word_1_519' title='bbox 757 3877 896 3942; x_wconf 69' lang='lat' dir='ltr'><strong>Quia</strong></span> <span class='ocrx_word' id='word_1_520' title='bbox 934 3886 1115 3932; x_wconf 86' lang='lat' dir='ltr'><strong>autem</strong></span> <span class='ocrx_word' id='word_1_521' title='bbox 1160 3878 1217 3931; x_wconf 89' lang='lat' dir='ltr'><strong>in</strong></span> <span class='ocrx_word' id='word_1_522' title='bbox 1252 3877 1451 3949; x_wconf 86' lang='lat' dir='ltr'><strong>hepate</strong></span> <span class='ocrx_word' id='word_1_523' title='bbox 1497 3880 1965 3950; x_wconf 69' lang='lat' dir='ltr'><strong>concupiscentiae</strong></span> <span class='ocrx_word' id='word_1_524' title='bbox 1994 3881 2338 3950; x_wconf 86' lang='lat' dir='ltr'><strong>requiescere</strong></span> 
     </span>
    </p>
   </div>
   <div class='ocr_carea' id='block_1_71' title="bbox 761 3969 2338 4039">
    <p class='ocr_par' dir='ltr' id='par_1_71' title="bbox 761 3969 2338 4039">
     <span class='ocr_line' id='line_1_71' title="bbox 761 3969 2338 4039; baseline 0.004 -21"><span class='ocrx_word' id='word_1_525' title='bbox 761 3976 1039 4035; x_wconf 67' lang='lat' dir='ltr'><strong>putantur,</strong></span> <span class='ocrx_word' id='word_1_526' title='bbox 1080 3976 1368 4039; x_wconf 88' lang='lat' dir='ltr'><strong>propterea</strong></span> <span class='ocrx_word' id='word_1_527' title='bbox 1414 3969 1671 4039; x_wconf 88' lang='lat' dir='ltr'><strong>pinnam,</strong></span> <span class='ocrx_word' id='word_1_528' title='bbox 1710 3970 1765 4025; x_wconf 89' lang='lat' dir='ltr'><strong>id</strong></span> <span class='ocrx_word' id='word_1_529' title='bbox 1810 3980 1913 4029; x_wconf 85' lang='lat' dir='ltr'><strong>est.</strong></span> <span class='ocrx_word' id='word_1_530' title='bbox 1966 3973 2338 4025; x_wconf 85' lang='lat' dir='ltr'><strong>summitatem</strong></span> 
     </span>
    </p>
   </div>
   <div class='ocr_carea' id='block_1_72' title="bbox 759 4061 2335 4133">
    <p class='ocr_par' dir='ltr' id='par_1_72' title="bbox 759 4061 2335 4133">
     <span class='ocr_line' id='line_1_72' title="bbox 759 4061 2335 4133; baseline 0 -18"><span class='ocrx_word' id='word_1_531' title='bbox 759 4062 964 4115; x_wconf 83' lang='lat' dir='ltr'><strong>auferri</strong></span> <span class='ocrx_word' id='word_1_532' title='bbox 1004 4078 1129 4117; x_wconf 90' lang='lat' dir='ltr'><strong>cum</strong></span> <span class='ocrx_word' id='word_1_533' title='bbox 1171 4062 1392 4117; x_wconf 86' lang='lat' dir='ltr'><strong>renibus</strong></span> <span class='ocrx_word' id='word_1_534' title='bbox 1442 4063 1723 4133; x_wconf 66' lang='lat' dir='ltr'><strong>praecepit,</strong></span> <span class='ocrx_word' id='word_1_535' title='bbox 1752 4073 1807 4116; x_wconf 88' lang='lat' dir='ltr'><strong>et</strong></span> <span class='ocrx_word' id='word_1_536' title='bbox 1841 4062 2026 4117; x_wconf 70' lang='lat' dir='ltr'><strong>offerri</strong></span> <span class='ocrx_word' id='word_1_537' title='bbox 2056 4062 2125 4116; x_wconf 86' lang='lat' dir='ltr'><strong>ad</strong></span> <span class='ocrx_word' id='word_1_538' title='bbox 2147 4061 2335 4127; x_wconf 87' lang='lat' dir='ltr'><strong>altare,</strong></span> 
     </span>
    </p>
   </div>
   <div class='ocr_carea' id='block_1_73' title="bbox 764 4153 2340 4220">
    <p class='ocr_par' dir='ltr' id='par_1_73' title="bbox 764 4153 2340 4220">
     <span class='ocr_line' id='line_1_73' title="bbox 764 4153 2340 4220; baseline 0.002 -14"><span class='ocrx_word' id='word_1_539' title='bbox 764 4164 820 4206; x_wconf 90' lang='lat' dir='ltr'><strong>ut</strong></span> <span class='ocrx_word' id='word_1_540' title='bbox 851 4154 917 4208; x_wconf 90' lang='lat' dir='ltr'><strong>ah</strong></span> <span class='ocrx_word' id='word_1_541' title='bbox 947 4153 1094 4208; x_wconf 90' lang='lat' dir='ltr'><strong>omni</strong></span> <span class='ocrx_word' id='word_1_542' title='bbox 1143 4153 1280 4207; x_wconf 77' lang='lat' dir='ltr'><strong>mala</strong></span> <span class='ocrx_word' id='word_1_543' title='bbox 1314 4154 1675 4209; x_wconf 88' lang='lat' dir='ltr'><strong>delectatione</strong></span> <span class='ocrx_word' id='word_1_544' title='bbox 1712 4156 2061 4220; x_wconf 89' lang='lat' dir='ltr'><strong>mundemur,</strong></span> <span class='ocrx_word' id='word_1_545' title='bbox 2103 4156 2340 4209; x_wconf 82' lang='lat' dir='ltr'><strong>scientes</strong></span> 
     </span>
    </p>
   </div>
   <div class='ocr_carea' id='block_1_74' title="bbox 760 4244 2342 4316">
    <p class='ocr_par' dir='ltr' id='par_1_74' title="bbox 760 4244 2342 4316">
     <span class='ocr_line' id='line_1_74' title="bbox 760 4244 2342 4316; baseline 0.003 -21"><span class='ocrx_word' id='word_1_546' title='bbox 760 4244 884 4310; x_wconf 82' lang='lat' dir='ltr'><strong>quia</strong></span> <span class='ocrx_word' id='word_1_547' title='bbox 914 4244 1188 4315; x_wconf 85' lang='lat' dir='ltr'><strong>primitiva</strong></span> <span class='ocrx_word' id='word_1_548' title='bbox 1213 4248 1605 4316; x_wconf 73' lang='lat' dir='ltr'><strong>cogitationum</strong></span> <span class='ocrx_word' id='word_1_549' title='bbox 1632 4256 1944 4300; x_wconf 87' lang='lat' dir='ltr'><strong>nostrarum</strong></span> <span class='ocrx_word' id='word_1_550' title='bbox 1976 4248 2086 4301; x_wconf 89' lang='lat' dir='ltr'><strong>Deo</strong></span> <span class='ocrx_word' id='word_1_551' title='bbox 2118 4260 2342 4300; x_wconf 88' lang='lat' dir='ltr'><strong>necesse</strong></span> 
     </span>
    </p>
   </div>
   <div class='ocr_carea' id='block_1_75' title="bbox 768 4335 2343 4407">
    <p class='ocr_par' dir='ltr' id='par_1_75' title="bbox 768 4335 2343 4407">
     <span class='ocr_line' id='line_1_75' title="bbox 768 4335 2343 4407; baseline 0.001 -18"><span class='ocrx_word' id='word_1_552' title='bbox 768 4335 1029 4390; x_wconf 85' lang='lat' dir='ltr'><strong>habemus</strong></span> <span class='ocrx_word' id='word_1_553' title='bbox 1059 4336 1279 4401; x_wconf 82' lang='lat' dir='ltr'><strong>offerre,</strong></span> <span class='ocrx_word' id='word_1_554' title='bbox 1308 4337 1712 4392; x_wconf 87' lang='lat' dir='ltr'><strong>sanctificantes</strong></span> <span class='ocrx_word' id='word_1_555' title='bbox 1752 4353 1851 4407; x_wconf 88' lang='lat' dir='ltr'><strong>per</strong></span> <span class='ocrx_word' id='word_1_556' title='bbox 1878 4338 2261 4393; x_wconf 89' lang='lat' dir='ltr'><strong>delibationem</strong></span> <span class='ocrx_word' id='word_1_557' title='bbox 2286 4345 2343 4391; x_wconf 86' lang='lat' dir='ltr'><strong>et</strong></span> 
     </span>
    </p>
   </div>
   <div class='ocr_carea' id='block_1_76' title="bbox 765 4427 2341 4499">
    <p class='ocr_par' dir='ltr' id='par_1_76' title="bbox 765 4427 2341 4499">
     <span class='ocr_line' id='line_1_76' title="bbox 765 4427 2341 4499; baseline 0.001 -18"><span class='ocrx_word' id='word_1_558' title='bbox 765 4441 1022 4483; x_wconf 85' lang='lat' dir='ltr'><strong>massam.</strong></span> <span class='ocrx_word' id='word_1_559' title='bbox 1051 4427 1109 4483; x_wconf 90' lang='lat' dir='ltr'><strong>Si</strong></span> <span class='ocrx_word' id='word_1_560' title='bbox 1130 4429 1278 4483; x_wconf 87' lang='lat' dir='ltr'><strong>enim</strong></span> <span class='ocrx_word' id='word_1_561' title='bbox 1304 4429 1560 4484; x_wconf 66' lang='lat' dir='ltr'><strong>del’hatio</strong></span> <span class='ocrx_word' id='word_1_562' title='bbox 1587 4441 1795 4494; x_wconf 85' lang='lat' dir='ltr'><strong>sancta,</strong></span> <span class='ocrx_word' id='word_1_563' title='bbox 1830 4431 2026 4499; x_wconf 87' lang='lat' dir='ltr'><strong>inquit,</strong></span> <span class='ocrx_word' id='word_1_564' title='bbox 2056 4439 2112 4485; x_wconf 89' lang='lat' dir='ltr'><strong>et</strong></span> <span class='ocrx_word' id='word_1_565' title='bbox 2139 4444 2341 4494; x_wconf 87' lang='lat' dir='ltr'><strong>massa,</strong></span> 
     </span>
    </p>
   </div>
   <div class='ocr_carea' id='block_1_77' title="bbox 2432 3240 4033 3307">
    <p class='ocr_par' dir='ltr' id='par_1_77' title="bbox 2432 3240 4033 3307">
     <span class='ocr_line' id='line_1_77' title="bbox 2432 3240 4033 3307; baseline -0.001 -16"><span class='ocrx_word' id='word_1_566' title='bbox 2432 3241 2554 3291; x_wconf 87' lang='lat' dir='ltr'><strong>culo</strong></span> <span class='ocrx_word' id='word_1_567' title='bbox 2607 3240 2745 3306; x_wconf 84' lang='lat' dir='ltr'><strong>quod</strong></span> <span class='ocrx_word' id='word_1_568' title='bbox 2796 3249 2877 3291; x_wconf 86' lang='lat' dir='ltr'><strong>est</strong></span> <span class='ocrx_word' id='word_1_569' title='bbox 2948 3254 3111 3307; x_wconf 85' lang='lat' dir='ltr'><strong>super</strong></span> <span class='ocrx_word' id='word_1_570' title='bbox 3143 3255 3238 3291; x_wconf 85' lang='lat' dir='ltr'><strong>eos</strong></span> <span class='ocrx_word' id='word_1_571' title='bbox 3272 3241 3415 3291; x_wconf 82' lang='lat' dir='ltr'><strong>circa</strong></span> <span class='ocrx_word' id='word_1_572' title='bbox 3452 3240 3650 3295; x_wconf 83' lang='lat' dir='ltr'><strong>vitalia.</strong></span> <span class='ocrx_word' id='word_1_573' title='bbox 3684 3252 3742 3291; x_wconf 83' lang='lat' dir='ltr'><strong>et</strong></span> <span class='ocrx_word' id='word_1_574' title='bbox 3777 3258 4033 3293; x_wconf 73' lang='lat' dir='ltr'><strong>af\tl\:lllt</strong></span> 
     </span>
    </p>
   </div>
   <div class='ocr_carea' id='block_1_78' title="bbox 2428 3332 4033 3400">
    <p class='ocr_par' dir='ltr' id='par_1_78' title="bbox 2428 3332 4033 3400">
     <span class='ocr_line' id='line_1_78' title="bbox 2428 3332 4033 3400; baseline 0.001 -17"><span class='ocrx_word' id='word_1_575' title='bbox 2428 3332 2627 3400; x_wconf 71' lang='lat' dir='ltr'><strong>jecotts</strong></span> <span class='ocrx_word' id='word_1_576' title='bbox 2687 3346 2808 3383; x_wconf 89' lang='lat' dir='ltr'><strong>cum</strong></span> <span class='ocrx_word' id='word_1_577' title='bbox 2859 3334 3191 3384; x_wconf 86' lang='lat' dir='ltr'><strong>reuunculis.</strong></span> <span class='ocrx_word' id='word_1_578' title='bbox 3241 3332 3598 3399; x_wconf 83' lang='lat' dir='ltr'><strong>Adolcbitque</strong></span> <span class='ocrx_word' id='word_1_579' title='bbox 3648 3348 3711 3384; x_wconf 88' lang='lat' dir='ltr'><strong>ea</strong></span> <span class='ocrx_word' id='word_1_580' title='bbox 3761 3338 4033 3385; x_wconf 67' lang='lat' dir='ltr'><strong>sacrdos</strong></span> 
     </span>
    </p>
   </div>
   <div class='ocr_carea' id='block_1_79' title="bbox 2436 3423 4025 3493">
    <p class='ocr_par' dir='ltr' id='par_1_79' title="bbox 2436 3423 4025 3493">
     <span class='ocr_line' id='line_1_79' title="bbox 2436 3423 4025 3493; baseline -0.002 -15"><span class='ocrx_word' id='word_1_581' title='bbox 2436 3440 2597 3492; x_wconf 91' lang='lat' dir='ltr'><strong>super</strong></span> <span class='ocrx_word' id='word_1_582' title='bbox 2617 3424 2786 3476; x_wconf 86' lang='lat' dir='ltr'><strong>altare</strong></span> <span class='ocrx_word' id='word_1_583' title='bbox 2809 3438 2861 3475; x_wconf 90' lang='lat' dir='ltr'><strong>in</strong></span> <span class='ocrx_word' id='word_1_584' title='bbox 2892 3423 3203 3475; x_wconf 90' lang='lat' dir='ltr'><strong>alimoniam</strong></span> <span class='ocrx_word' id='word_1_585' title='bbox 3240 3425 3401 3493; x_wconf 76' lang='lat' dir='ltr'><strong>ignis,</strong></span> <span class='ocrx_word' id='word_1_586' title='bbox 3439 3432 3493 3475; x_wconf 87' lang='lat' dir='ltr'><strong>et</strong></span> <span class='ocrx_word' id='word_1_587' title='bbox 3536 3426 3857 3476; x_wconf 78' lang='lat' dir='ltr'><strong>suavrssitni</strong></span> <span class='ocrx_word' id='word_1_588' title='bbox 3892 3430 4025 3477; x_wconf 80' lang='lat' dir='ltr'><strong>ouo-</strong></span> 
     </span>
    </p>
   </div>
   <div class='ocr_carea' id='block_1_80' title="bbox 2438 3513 4032 3586">
    <p class='ocr_par' dir='ltr' id='par_1_80' title="bbox 2438 3513 4032 3586">
     <span class='ocr_line' id='line_1_80' title="bbox 2438 3513 4032 3586; baseline 0 -19"><span class='ocrx_word' id='word_1_589' title='bbox 2438 3532 2528 3569; x_wconf 91' lang='lat' dir='ltr'><strong>ris.</strong></span> <span class='ocrx_word' id='word_1_590' title='bbox 2563 3515 2752 3568; x_wconf 84' lang='lat' dir='ltr'><strong>Omnis</strong></span> <span class='ocrx_word' id='word_1_591' title='bbox 2780 3516 2947 3584; x_wconf 90' lang='lat' dir='ltr'><strong>adeps</strong></span> <span class='ocrx_word' id='word_1_592' title='bbox 2983 3513 3193 3568; x_wconf 85' lang='lat' dir='ltr'><strong>Domini</strong></span> <span class='ocrx_word' id='word_1_593' title='bbox 3236 3517 3340 3568; x_wconf 87' lang='lat' dir='ltr'><strong>erit</strong></span> <span class='ocrx_word' id='word_1_594' title='bbox 3365 3518 3490 3583; x_wconf 91' lang='lat' dir='ltr'><strong>jure</strong></span> <span class='ocrx_word' id='word_1_595' title='bbox 3526 3528 3797 3583; x_wconf 86' lang='lat' dir='ltr'><strong>perpetuo</strong></span> <span class='ocrx_word' id='word_1_596' title='bbox 3846 3522 3901 3569; x_wconf 84' lang='lat' dir='ltr'><strong>in</strong></span> <span class='ocrx_word' id='word_1_597' title='bbox 3939 3535 4032 3586; x_wconf 73' lang='lat' dir='ltr'><strong>ge-</strong></span> 
     </span>
    </p>
   </div>
   <div class='ocr_carea' id='block_1_81' title="bbox 2436 3605 4036 3669">
    <p class='ocr_par' dir='ltr' id='par_1_81' title="bbox 2436 3605 4036 3669">
     <span class='ocr_line' id='line_1_81' title="bbox 2436 3605 4036 3669; baseline -0.003 -8"><span class='ocrx_word' id='word_1_598' title='bbox 2436 3606 2827 3669; x_wconf 81' lang='lat' dir='ltr'><strong>nerationibus,</strong></span> <span class='ocrx_word' id='word_1_599' title='bbox 2872 3615 2927 3659; x_wconf 89' lang='lat' dir='ltr'><strong>et</strong></span> <span class='ocrx_word' id='word_1_600' title='bbox 2980 3605 3193 3659; x_wconf 91' lang='lat' dir='ltr'><strong>cunctis</strong></span> <span class='ocrx_word' id='word_1_601' title='bbox 3255 3606 3579 3659; x_wconf 89' lang='lat' dir='ltr'><strong>habitaculis</strong></span> <span class='ocrx_word' id='word_1_602' title='bbox 3644 3615 3871 3668; x_wconf 88' lang='lat' dir='ltr'><strong>vestris,</strong></span> <span class='ocrx_word' id='word_1_603' title='bbox 3964 3624 4036 3658; x_wconf 67' lang='grc' dir='ltr'>ιρις</span> 
     </span>
    </p>
   </div>
   <div class='ocr_carea' id='block_1_82' title="bbox 2436 3698 3768 3768">
    <p class='ocr_par' dir='ltr' id='par_1_82' title="bbox 2436 3698 3768 3768">
     <span class='ocr_line' id='line_1_82' title="bbox 2436 3698 3768 3768; baseline -0.002 -18"><span class='ocrx_word' id='word_1_604' title='bbox 2436 3698 2643 3766; x_wconf 88' lang='lat' dir='ltr'><strong>adipes,</strong></span> <span class='ocrx_word' id='word_1_605' title='bbox 2674 3712 2774 3751; x_wconf 91' lang='lat' dir='ltr'><strong>nec</strong></span> <span class='ocrx_word' id='word_1_606' title='bbox 2799 3698 3122 3768; x_wconf 78' lang='lat' dir='ltr'><strong>saiguinem</strong></span> <span class='ocrx_word' id='word_1_607' title='bbox 3153 3698 3377 3751; x_wconf 88' lang='lat' dir='ltr'><strong>omnino</strong></span> <span class='ocrx_word' id='word_1_608' title='bbox 3412 3698 3768 3751; x_wconf 80' lang='lat' dir='ltr'><strong>comedetis.i</strong></span> 
     </span>
    </p>
   </div>
   <div class='ocr_carea' id='block_1_83' title="bbox 2506 3786 4013 3857">
    <p class='ocr_par' dir='ltr' id='par_1_83' title="bbox 2506 3786 4013 3857">
     <span class='ocr_line' id='line_1_83' title="bbox 2506 3786 4013 3857; baseline -0.001 -17"><span class='ocrx_word' id='word_1_609' title='bbox 2506 3786 2678 3853; x_wconf 85' lang='lat' dir='ltr'><strong>Quem</strong></span> <span class='ocrx_word' id='word_1_610' title='bbox 2733 3788 2921 3842; x_wconf 82' lang='lat' dir='ltr'><strong>bovem</strong></span> <span class='ocrx_word' id='word_1_611' title='bbox 2967 3788 3197 3841; x_wconf 82' lang='lat' dir='ltr'><strong>offerre.</strong></span> <span class='ocrx_word' id='word_1_612' title='bbox 3250 3798 3307 3842; x_wconf 79' lang='lat' dir='ltr'><strong>et</strong></span> <span class='ocrx_word' id='word_1_613' title='bbox 3367 3804 3529 3857; x_wconf 79' lang='lat' dir='ltr'><strong>quem</strong></span> <span class='ocrx_word' id='word_1_614' title='bbox 3584 3804 3779 3841; x_wconf 67' lang='lat' dir='ltr'><strong>rursus</strong></span> <span class='ocrx_word' id='word_1_615' title='bbox 3846 3806 4013 3843; x_wconf 77' lang='lat' dir='ltr'><strong>ovem</strong></span> 
     </span>
    </p>
   </div>
   <div class='ocr_carea' id='block_1_84' title="bbox 2438 3878 4041 3951">
    <p class='ocr_par' dir='ltr' id='par_1_84' title="bbox 2438 3878 4041 3951">
     <span class='ocr_line' id='line_1_84' title="bbox 2438 3878 4041 3951; baseline 0.002 -19"><span class='ocrx_word' id='word_1_616' title='bbox 2438 3894 2667 3949; x_wconf 88' lang='lat' dir='ltr'><strong>quamve</strong></span> <span class='ocrx_word' id='word_1_617' title='bbox 2694 3894 2911 3948; x_wconf 87' lang='lat' dir='ltr'><strong>capram</strong></span> <span class='ocrx_word' id='word_1_618' title='bbox 2937 3879 3210 3949; x_wconf 76' lang='lat' dir='ltr'><strong>legislator</strong></span> <span class='ocrx_word' id='word_1_619' title='bbox 3238 3878 3508 3948; x_wconf 71' lang='lat' dir='ltr'><strong>praecepit.</strong></span> <span class='ocrx_word' id='word_1_620' title='bbox 3550 3879 3678 3931; x_wconf 90' lang='lat' dir='ltr'><strong>oliui</strong></span> <span class='ocrx_word' id='word_1_621' title='bbox 3715 3880 3771 3932; x_wconf 92' lang='lat' dir='ltr'><strong>in</strong></span> <span class='ocrx_word' id='word_1_622' title='bbox 3803 3882 3901 3935; x_wconf 81' lang='lat' dir='ltr'><strong>bis</strong></span> <span class='ocrx_word' id='word_1_623' title='bbox 3923 3900 4041 3951; x_wconf 69' lang='lat' dir='ltr'><strong>quae</strong></span> 
     </span>
    </p>
   </div>
   <div class='ocr_carea' id='block_1_85' title="bbox 2439 3970 4041 4036">
    <p class='ocr_par' dir='ltr' id='par_1_85' title="bbox 2439 3970 4041 4036">
     <span class='ocr_line' id='line_1_85' title="bbox 2439 3970 4041 4036; baseline -0.001 -11"><span class='ocrx_word' id='word_1_624' title='bbox 2439 3971 2507 4025; x_wconf 89' lang='lat' dir='ltr'><strong>de</strong></span> <span class='ocrx_word' id='word_1_625' title='bbox 2566 3971 2894 4024; x_wconf 82' lang='lat' dir='ltr'><strong>holocaustis</strong></span> <span class='ocrx_word' id='word_1_626' title='bbox 2950 3970 3092 4023; x_wconf 84' lang='lat' dir='ltr'><strong>dicta</strong></span> <span class='ocrx_word' id='word_1_627' title='bbox 3152 3980 3275 4023; x_wconf 81' lang='lat' dir='ltr'><strong>sunt</strong></span> <span class='ocrx_word' id='word_1_628' title='bbox 3349 3972 3719 4036; x_wconf 72' lang='lat' dir='ltr'><strong>exposuimus.</strong></span> <span class='ocrx_word' id='word_1_629' title='bbox 3780 3971 4041 4024; x_wconf 60' lang='grc' dir='ltr'><strong>υἰχὶηιυν</strong></span> 
     </span>
    </p>
   </div>
   <div class='ocr_carea' id='block_1_86' title="bbox 2440 4063 4041 4117">
    <p class='ocr_par' dir='ltr' id='par_1_86' title="bbox 2440 4063 4041 4117">
     <span class='ocr_line' id='line_1_86' title="bbox 2440 4063 4041 4117; baseline 0 0"><span class='ocrx_word' id='word_1_630' title='bbox 2440 4063 2584 4117; x_wconf 87' lang='lat' dir='ltr'><strong>enim</strong></span> <span class='ocrx_word' id='word_1_631' title='bbox 2636 4063 2900 4117; x_wconf 85' lang='lat' dir='ltr'><strong>sacrificia</strong></span> <span class='ocrx_word' id='word_1_632' title='bbox 2956 4064 3467 4115; x_wconf 81' lang='lat' dir='ltr'><strong>coiiversationibus</strong></span> <span class='ocrx_word' id='word_1_633' title='bbox 3514 4063 3883 4116; x_wconf 73' lang='lat' dir='ltr'><strong>oderentmm</strong></span> <span class='ocrx_word' id='word_1_634' title='bbox 3924 4082 4041 4117; x_wconf 64' lang='lat'><strong>0:5&quot;</strong></span> 
     </span>
    </p>
   </div>
   <div class='ocr_carea' id='block_1_87' title="bbox 2442 4154 4045 4225">
    <p class='ocr_par' dir='ltr' id='par_1_87' title="bbox 2442 4154 4045 4225">
     <span class='ocr_line' id='line_1_87' title="bbox 2442 4154 4045 4225; baseline -0.002 -15"><span class='ocrx_word' id='word_1_635' title='bbox 2442 4165 2750 4225; x_wconf 86' lang='lat' dir='ltr'><strong>comparata</strong></span> <span class='ocrx_word' id='word_1_636' title='bbox 2782 4174 2794 4207; x_wconf 90' lang='lat'><strong>:</strong></span> <span class='ocrx_word' id='word_1_637' title='bbox 2825 4164 2879 4207; x_wconf 83' lang='lat' dir='ltr'><strong>et</strong></span> <span class='ocrx_word' id='word_1_638' title='bbox 2918 4155 3222 4208; x_wconf 70' lang='lat' dir='ltr'><strong>differentia</strong></span> <span class='ocrx_word' id='word_1_639' title='bbox 3251 4155 3645 4207; x_wconf 84' lang='lat' dir='ltr'><strong>sacrificiorum</strong></span> <span class='ocrx_word' id='word_1_640' title='bbox 3690 4154 4045 4209; x_wconf 70' lang='lat' dir='ltr'><strong>differentias</strong></span> 
     </span>
    </p>
   </div>
   <div class='ocr_carea' id='block_1_88' title="bbox 2443 4244 4047 4315">
    <p class='ocr_par' dir='ltr' id='par_1_88' title="bbox 2443 4244 4047 4315">
     <span class='ocr_line' id='line_1_88' title="bbox 2443 4244 4047 4315; baseline 0 -15"><span class='ocrx_word' id='word_1_641' title='bbox 2443 4246 2922 4300; x_wconf 82' lang='lat' dir='ltr'><strong>conversationuni</strong></span> <span class='ocrx_word' id='word_1_642' title='bbox 2974 4260 3095 4297; x_wconf 73' lang='lat' dir='ltr'><strong>esse</strong></span> <span class='ocrx_word' id='word_1_643' title='bbox 3126 4244 3380 4314; x_wconf 58' lang='lat' dir='ltr'><strong>figuratas</strong></span> <span class='ocrx_word' id='word_1_644' title='bbox 3469 4259 3595 4311; x_wconf 72' lang='lat' dir='ltr'><strong>ergo</strong></span> <span class='ocrx_word' id='word_1_645' title='bbox 3629 4247 3860 4304; x_wconf 89' lang='lat' dir='ltr'><strong>bovem.</strong></span> <span class='ocrx_word' id='word_1_646' title='bbox 3902 4248 4047 4315; x_wconf 76' lang='lat' dir='ltr'><strong>lega-</strong></span> 
     </span>
    </p>
   </div>
   <div class='ocr_carea' id='block_1_89' title="bbox 2443 4337 4050 4403">
    <p class='ocr_par' dir='ltr' id='par_1_89' title="bbox 2443 4337 4050 4403">
     <span class='ocr_line' id='line_1_89' title="bbox 2443 4337 4050 4403; baseline -0.002 -11"><span class='ocrx_word' id='word_1_647' title='bbox 2443 4338 2574 4392; x_wconf 85' lang='lat' dir='ltr'><strong>lium</strong></span> <span class='ocrx_word' id='word_1_648' title='bbox 2634 4337 3010 4390; x_wconf 83' lang='lat' dir='ltr'><strong>mandatorum</strong></span> <span class='ocrx_word' id='word_1_649' title='bbox 3071 4344 3409 4403; x_wconf 85' lang='lat' dir='ltr'><strong>operatoreni</strong></span> <span class='ocrx_word' id='word_1_650' title='bbox 3474 4338 3851 4402; x_wconf 74' lang='lat' dir='ltr'><strong>ostendimus,</strong></span> <span class='ocrx_word' id='word_1_651' title='bbox 3925 4359 4050 4392; x_wconf 73' lang='lat' dir='ltr'><strong>oves</strong></span> 
     </span>
    </p>
   </div>
   <div class='ocr_carea' id='block_1_90' title="bbox 2444 4428 4048 4497">
    <p class='ocr_par' dir='ltr' id='par_1_90' title="bbox 2444 4428 4048 4497">
     <span class='ocr_line' id='line_1_90' title="bbox 2444 4428 4048 4497; baseline -0.001 -14"><span class='ocrx_word' id='word_1_652' title='bbox 2444 4437 2625 4482; x_wconf 88' lang='lat' dir='ltr'><strong>autem</strong></span> <span class='ocrx_word' id='word_1_653' title='bbox 2672 4428 2946 4496; x_wconf 85' lang='lat' dir='ltr'><strong>simplices</strong></span> <span class='ocrx_word' id='word_1_654' title='bbox 2998 4441 3120 4479; x_wconf 85' lang='lat' dir='ltr'><strong>esse</strong></span> <span class='ocrx_word' id='word_1_655' title='bbox 3158 4428 3414 4488; x_wconf 81' lang='lat' dir='ltr'><strong>diximus,</strong></span> <span class='ocrx_word' id='word_1_656' title='bbox 3462 4443 3653 4497; x_wconf 88' lang='lat' dir='ltr'><strong>capras</strong></span> <span class='ocrx_word' id='word_1_657' title='bbox 3688 4429 3865 4481; x_wconf 76' lang='lat' dir='ltr'><strong>etiam</strong></span> <span class='ocrx_word' id='word_1_658' title='bbox 3923 4434 4048 4483; x_wconf 79' lang='lat' dir='ltr'><strong>siui-</strong></span> 
     </span>
    </p>
   </div>
   <div class='ocr_carea' id='block_1_91' title="bbox 766 4504 4051 4589">
    <p class='ocr_par' dir='ltr' id='par_1_91' title="bbox 766 4504 4051 4589">
     <span class='ocr_line' id='line_1_91' title="bbox 766 4504 4051 4589; baseline -0.001 -18"><span class='ocrx_word' id='word_1_659' title='bbox 766 4519 843 4573; x_wconf 80' lang='lat' dir='ltr'><strong>sic</strong></span> <span class='ocrx_word' id='word_1_660' title='bbox 889 4520 1036 4574; x_wconf 90' lang='lat' dir='ltr'><strong>enim</strong></span> <span class='ocrx_word' id='word_1_661' title='bbox 1082 4519 1137 4573; x_wconf 90' lang='lat' dir='ltr'><strong>in</strong></span> <span class='ocrx_word' id='word_1_662' title='bbox 1184 4520 1342 4574; x_wconf 90' lang='lat' dir='ltr'><strong>nobis</strong></span> <span class='ocrx_word' id='word_1_663' title='bbox 1369 4520 1659 4575; x_wconf 85' lang='lat' dir='ltr'><strong>delectatio</strong></span> <span class='ocrx_word' id='word_1_664' title='bbox 1688 4520 1827 4574; x_wconf 89' lang='lat' dir='ltr'><strong>mala</strong></span> <span class='ocrx_word' id='word_1_665' title='bbox 1858 4536 1968 4574; x_wconf 90' lang='lat' dir='ltr'><strong>non</strong></span> <span class='ocrx_word' id='word_1_666' title='bbox 2000 4519 2116 4573; x_wconf 87' lang='lat' dir='ltr'><strong>fiet.</strong></span> <span class='ocrx_word' id='word_1_667' title='bbox 2158 4518 2266 4573; x_wconf 89' lang='lat' dir='ltr'><strong>Sed</strong></span> <span class='ocrx_word' id='word_1_668' title='bbox 2296 4518 2341 4572; x_wconf 85' lang='lat' dir='ltr'><strong>si</strong></span> <span class='ocrx_word' id='word_1_669' title='bbox 2374 4504 2417 4557; x_wconf 81' lang='grc' dir='ltr'><strong>Ῑ)</strong></span> <span class='ocrx_word' id='word_1_670' title='bbox 2448 4519 2616 4589; x_wconf 89' lang='lat' dir='ltr'><strong>plices</strong></span> <span class='ocrx_word' id='word_1_671' title='bbox 2638 4519 2854 4586; x_wconf 88' lang='lat' dir='ltr'><strong>quidem</strong></span> <span class='ocrx_word' id='word_1_672' title='bbox 2881 4526 3123 4570; x_wconf 84' lang='lat' dir='ltr'><strong>versatos</strong></span> <span class='ocrx_word' id='word_1_673' title='bbox 3145 4517 3199 4569; x_wconf 92' lang='lat' dir='ltr'><strong>in</strong></span> <span class='ocrx_word' id='word_1_674' title='bbox 3230 4518 3487 4586; x_wconf 84' lang='lat' dir='ltr'><strong>peccatis,</strong></span> <span class='ocrx_word' id='word_1_675' title='bbox 3521 4519 3613 4571; x_wconf 89' lang='lat' dir='ltr'><strong>scd</strong></span> <span class='ocrx_word' id='word_1_676' title='bbox 3640 4532 3835 4572; x_wconf 84' lang='lat' dir='ltr'><strong>tamen</strong></span> <span class='ocrx_word' id='word_1_677' title='bbox 3866 4535 4051 4588; x_wconf 70' lang='lat' dir='ltr'><strong>|i0~tra</strong></span> 
     </span>
    </p>
   </div>
   <div class='ocr_carea' id='block_1_92' title="bbox 766 4612 2344 4682">
    <p class='ocr_par' dir='ltr' id='par_1_92' title="bbox 766 4612 2344 4682">
     <span class='ocr_line' id='line_1_92' title="bbox 766 4612 2344 4682; baseline 0 -17"><span class='ocrx_word' id='word_1_678' title='bbox 766 4612 969 4668; x_wconf 85' lang='lat' dir='ltr'><strong>divitiis</strong></span> <span class='ocrx_word' id='word_1_679' title='bbox 996 4612 1121 4682; x_wconf 79' lang='lat' dir='ltr'><strong>quis</strong></span> <span class='ocrx_word' id='word_1_680' title='bbox 1145 4612 1469 4676; x_wconf 87' lang='lat' dir='ltr'><strong>delectatur,</strong></span> <span class='ocrx_word' id='word_1_681' title='bbox 1493 4612 1711 4668; x_wconf 86' lang='lat' dir='ltr'><strong>divitias</strong></span> <span class='ocrx_word' id='word_1_682' title='bbox 1735 4613 2206 4682; x_wconf 64' lang='lat' dir='ltr'><strong>justitiaz&#39;quaarat,</strong></span> <span class='ocrx_word' id='word_1_683' title='bbox 2229 4612 2344 4665; x_wconf 92' lang='lat' dir='ltr'><strong>sive</strong></span> 
     </span>
    </p>
   </div>
   <div class='ocr_carea' id='block_1_93' title="bbox 766 4704 2346 4773">
    <p class='ocr_par' dir='ltr' id='par_1_93' title="bbox 766 4704 2346 4773">
     <span class='ocr_line' id='line_1_93' title="bbox 766 4704 2346 4773; baseline 0 -16"><span class='ocrx_word' id='word_1_684' title='bbox 766 4704 963 4765; x_wconf 83' lang='lat' dir='ltr'><strong>salute,</strong></span> <span class='ocrx_word' id='word_1_685' title='bbox 1012 4718 1133 4757; x_wconf 90' lang='lat' dir='ltr'><strong>eam</strong></span> <span class='ocrx_word' id='word_1_686' title='bbox 1175 4720 1296 4773; x_wconf 66' lang='lat' dir='ltr'><strong>qua:</strong></span> <span class='ocrx_word' id='word_1_687' title='bbox 1339 4712 1422 4759; x_wconf 90' lang='lat' dir='ltr'><strong>est</strong></span> <span class='ocrx_word' id='word_1_688' title='bbox 1470 4704 1522 4757; x_wconf 88' lang='lat' dir='ltr'><strong>iu</strong></span> <span class='ocrx_word' id='word_1_689' title='bbox 1568 4704 1968 4773; x_wconf 85' lang='lat' dir='ltr'><strong>subjectionem</strong></span> <span class='ocrx_word' id='word_1_690' title='bbox 2006 4710 2063 4757; x_wconf 89' lang='lat' dir='ltr'><strong>et</strong></span> <span class='ocrx_word' id='word_1_691' title='bbox 2101 4704 2346 4757; x_wconf 88' lang='lat' dir='ltr'><strong>refrena-</strong></span> 
     </span>
    </p>
   </div>
   <div class='ocr_carea' id='block_1_94' title="bbox 769 4795 2345 4866">
    <p class='ocr_par' dir='ltr' id='par_1_94' title="bbox 769 4795 2345 4866">
     <span class='ocr_line' id='line_1_94' title="bbox 769 4795 2345 4866; baseline -0.002 -15"><span class='ocrx_word' id='word_1_692' title='bbox 769 4798 972 4853; x_wconf 88' lang='lat' dir='ltr'><strong>tionem</strong></span> <span class='ocrx_word' id='word_1_693' title='bbox 1003 4799 1270 4866; x_wconf 90' lang='lat' dir='ltr'><strong>corporis,</strong></span> <span class='ocrx_word' id='word_1_694' title='bbox 1294 4798 1409 4851; x_wconf 79' lang='lat' dir='ltr'><strong>sive</strong></span> <span class='ocrx_word' id='word_1_695' title='bbox 1437 4796 1711 4866; x_wconf 81' lang='lat' dir='ltr'><strong>conjugio,</strong></span> <span class='ocrx_word' id='word_1_696' title='bbox 1742 4796 1835 4849; x_wconf 89' lang='lat' dir='ltr'><strong>illo</strong></span> <span class='ocrx_word' id='word_1_697' title='bbox 1857 4796 2002 4866; x_wconf 92' lang='lat' dir='ltr'><strong>quod</strong></span> <span class='ocrx_word' id='word_1_698' title='bbox 2028 4796 2081 4849; x_wconf 91' lang='lat' dir='ltr'><strong>in</strong></span> <span class='ocrx_word' id='word_1_699' title='bbox 2114 4795 2345 4849; x_wconf 89' lang='lat' dir='ltr'><strong>filiorum</strong></span> 
     </span>
    </p>
   </div>
   <div class='ocr_carea' id='block_1_95' title="bbox 768 4886 2349 4959">
    <p class='ocr_par' dir='ltr' id='par_1_95' title="bbox 768 4886 2349 4959">
     <span class='ocr_line' id='line_1_95' title="bbox 768 4886 2349 4959; baseline 0 -18"><span class='ocrx_word' id='word_1_700' title='bbox 768 4888 1144 4959; x_wconf 69' lang='lat' dir='ltr'><strong>pi-oereatione</strong></span> <span class='ocrx_word' id='word_1_701' title='bbox 1173 4896 1259 4942; x_wconf 88' lang='lat' dir='ltr'><strong>est.</strong></span> <span class='ocrx_word' id='word_1_702' title='bbox 1286 4897 1342 4941; x_wconf 89' lang='lat' dir='ltr'><strong>ct</strong></span> <span class='ocrx_word' id='word_1_703' title='bbox 1369 4888 1421 4941; x_wconf 92' lang='lat' dir='ltr'><strong>in</strong></span> <span class='ocrx_word' id='word_1_704' title='bbox 1458 4888 1739 4957; x_wconf 89' lang='lat' dir='ltr'><strong>pudicitia.</strong></span> <span class='ocrx_word' id='word_1_705' title='bbox 1783 4886 2011 4956; x_wconf 86' lang='lat' dir='ltr'><strong>Oportet</strong></span> <span class='ocrx_word' id='word_1_706' title='bbox 2039 4896 2220 4940; x_wconf 86' lang='lat' dir='ltr'><strong>autem</strong></span> <span class='ocrx_word' id='word_1_707' title='bbox 2247 4900 2349 4941; x_wconf 87' lang='lat' dir='ltr'><strong>nos</strong></span> 
     </span>
    </p>
   </div>
   <div class='ocr_carea' id='block_1_96' title="bbox 771 4980 2352 5051">
    <p class='ocr_par' dir='ltr' id='par_1_96' title="bbox 771 4980 2352 5051">
     <span class='ocr_line' id='line_1_96' title="bbox 771 4980 2352 5051; baseline -0.003 -17"><span class='ocrx_word' id='word_1_708' title='bbox 771 4981 1043 5036; x_wconf 77' lang='lat' dir='ltr'><strong>reminisci</strong></span> <span class='ocrx_word' id='word_1_709' title='bbox 1090 4982 1216 5051; x_wconf 82' lang='lat' dir='ltr'><strong>quia</strong></span> <span class='ocrx_word' id='word_1_710' title='bbox 1252 4996 1400 5034; x_wconf 89' lang='lat' dir='ltr'><strong>nunc</strong></span> <span class='ocrx_word' id='word_1_711' title='bbox 1453 4996 1563 5034; x_wconf 91' lang='lat' dir='ltr'><strong>non</strong></span> <span class='ocrx_word' id='word_1_712' title='bbox 1597 4995 1724 5034; x_wconf 89' lang='lat' dir='ltr'><strong>eum</strong></span> <span class='ocrx_word' id='word_1_713' title='bbox 1752 4980 1843 5049; x_wconf 88' lang='lat' dir='ltr'><strong>qui</strong></span> <span class='ocrx_word' id='word_1_714' title='bbox 1880 4994 1938 5033; x_wconf 77' lang='lat' dir='ltr'><strong>se</strong></span> <span class='ocrx_word' id='word_1_715' title='bbox 1973 4980 2260 5042; x_wconf 71' lang='lat' dir='ltr'><strong>crucifixit,</strong></span> <span class='ocrx_word' id='word_1_716' title='bbox 2294 4988 2352 5031; x_wconf 91' lang='lat' dir='ltr'><strong>et</strong></span> 
     </span>
    </p>
   </div>
   <div class='ocr_carea' id='block_1_97' title="bbox 771 5070 2353 5139">
    <p class='ocr_par' dir='ltr' id='par_1_97' title="bbox 771 5070 2353 5139">
     <span class='ocr_line' id='line_1_97' title="bbox 771 5070 2353 5139; baseline -0.003 -14"><span class='ocrx_word' id='word_1_717' title='bbox 771 5070 1116 5125; x_wconf 87' lang='lat' dir='ltr'><strong>mortificavit</strong></span> <span class='ocrx_word' id='word_1_718' title='bbox 1161 5074 1386 5135; x_wconf 88' lang='lat' dir='ltr'><strong>mundo,</strong></span> <span class='ocrx_word' id='word_1_719' title='bbox 1422 5071 1516 5124; x_wconf 87' lang='lat' dir='ltr'><strong>sed</strong></span> <span class='ocrx_word' id='word_1_720' title='bbox 1565 5086 1690 5125; x_wconf 87' lang='lat' dir='ltr'><strong>eum</strong></span> <span class='ocrx_word' id='word_1_721' title='bbox 1720 5071 1813 5139; x_wconf 89' lang='lat' dir='ltr'><strong>qui</strong></span> <span class='ocrx_word' id='word_1_722' title='bbox 1842 5070 2189 5124; x_wconf 88' lang='lat' dir='ltr'><strong>mediocriter</strong></span> <span class='ocrx_word' id='word_1_723' title='bbox 2220 5085 2353 5124; x_wconf 88' lang='lat' dir='ltr'><strong>con-</strong></span> 
     </span>
    </p>
   </div>
   <div class='ocr_carea' id='block_1_98' title="bbox 770 5158 2353 5230">
    <p class='ocr_par' dir='ltr' id='par_1_98' title="bbox 770 5158 2353 5230">
     <span class='ocr_line' id='line_1_98' title="bbox 770 5158 2353 5230; baseline 0.002 -17"><span class='ocrx_word' id='word_1_724' title='bbox 770 5168 1018 5215; x_wconf 86' lang='lat' dir='ltr'><strong>versatur</strong></span> <span class='ocrx_word' id='word_1_725' title='bbox 1042 5160 1355 5230; x_wconf 78' lang='lat' dir='ltr'><strong>,legislator</strong></span> <span class='ocrx_word' id='word_1_726' title='bbox 1403 5158 1708 5230; x_wconf 86' lang='lat' dir='ltr'><strong>descripsit.</strong></span> <span class='ocrx_word' id='word_1_727' title='bbox 1746 5159 1901 5216; x_wconf 89' lang='lat' dir='ltr'><strong>Unde</strong></span> <span class='ocrx_word' id='word_1_728' title='bbox 1944 5161 2064 5229; x_wconf 88' lang='lat' dir='ltr'><strong>ejus</strong></span> <span class='ocrx_word' id='word_1_729' title='bbox 2103 5171 2160 5215; x_wconf 79' lang='lat' dir='ltr'><strong>et</strong></span> <span class='ocrx_word' id='word_1_730' title='bbox 2194 5176 2353 5216; x_wconf 88' lang='lat' dir='ltr'><strong>renes</strong></span> 
     </span>
    </p>
   </div>
   <div class='ocr_carea' id='block_1_99' title="bbox 770 5251 2356 5325">
    <p class='ocr_par' dir='ltr' id='par_1_99' title="bbox 770 5251 2356 5325">
     <span class='ocr_line' id='line_1_99' title="bbox 770 5251 2356 5325; baseline 0.002 -21"><span class='ocrx_word' id='word_1_731' title='bbox 770 5251 957 5325; x_wconf 78' lang='lat' dir='ltr'><strong>offerri</strong></span> <span class='ocrx_word' id='word_1_732' title='bbox 996 5252 1174 5321; x_wconf 79' lang='lat' dir='ltr'><strong>jubet,</strong></span> <span class='ocrx_word' id='word_1_733' title='bbox 1206 5252 1503 5307; x_wconf 86' lang='lat' dir='ltr'><strong>ostendens</strong></span> <span class='ocrx_word' id='word_1_734' title='bbox 1531 5252 1655 5321; x_wconf 86' lang='lat' dir='ltr'><strong>quia</strong></span> <span class='ocrx_word' id='word_1_735' title='bbox 1690 5252 1757 5306; x_wconf 89' lang='lat' dir='ltr'><strong>de</strong></span> <span class='ocrx_word' id='word_1_736' title='bbox 1782 5267 1849 5305; x_wconf 91' lang='lat' dir='ltr'><strong>eo</strong></span> <span class='ocrx_word' id='word_1_737' title='bbox 1875 5252 1968 5321; x_wconf 91' lang='lat' dir='ltr'><strong>qui</strong></span> <span class='ocrx_word' id='word_1_738' title='bbox 2014 5252 2075 5305; x_wconf 89' lang='lat' dir='ltr'><strong>in</strong></span> <span class='ocrx_word' id='word_1_739' title='bbox 2100 5252 2356 5322; x_wconf 75' lang='lat' dir='ltr'><strong>coniugio</strong></span> 
     </span>
    </p>
   </div>
   <div class='ocr_carea' id='block_1_100' title="bbox 772 5343 2355 5414">
    <p class='ocr_par' dir='ltr' id='par_1_100' title="bbox 772 5343 2355 5414">
     <span class='ocr_line' id='line_1_100' title="bbox 772 5343 2355 5414; baseline 0.001 -21"><span class='ocrx_word' id='word_1_740' title='bbox 772 5353 1147 5407; x_wconf 68' lang='lat' dir='ltr'><strong>conservatur,</strong></span> <span class='ocrx_word' id='word_1_741' title='bbox 1190 5343 1467 5414; x_wconf 84' lang='lat' dir='ltr'><strong>loquitur;</strong></span> <span class='ocrx_word' id='word_1_742' title='bbox 1501 5358 1622 5397; x_wconf 84' lang='lat' dir='ltr'><strong>esse</strong></span> <span class='ocrx_word' id='word_1_743' title='bbox 1658 5351 1840 5396; x_wconf 88' lang='lat' dir='ltr'><strong>autem</strong></span> <span class='ocrx_word' id='word_1_744' title='bbox 1873 5343 1932 5396; x_wconf 83' lang='lat' dir='ltr'><strong>in</strong></span> <span class='ocrx_word' id='word_1_745' title='bbox 1960 5343 2185 5397; x_wconf 87' lang='lat' dir='ltr'><strong>renibus</strong></span> <span class='ocrx_word' id='word_1_746' title='bbox 2211 5344 2355 5397; x_wconf 76' lang='lat' dir='ltr'><strong>dixi-</strong></span> 
     </span>
    </p>
   </div>
   <div class='ocr_carea' id='block_1_101' title="bbox 777 5432 2354 5504">
    <p class='ocr_par' dir='ltr' id='par_1_101' title="bbox 777 5432 2354 5504">
     <span class='ocr_line' id='line_1_101' title="bbox 777 5432 2354 5504; baseline 0 -16"><span class='ocrx_word' id='word_1_747' title='bbox 777 5450 897 5488; x_wconf 88' lang='lat' dir='ltr'><strong>mus</strong></span> <span class='ocrx_word' id='word_1_748' title='bbox 945 5435 1157 5489; x_wconf 86' lang='lat' dir='ltr'><strong>coitalis</strong></span> <span class='ocrx_word' id='word_1_749' title='bbox 1198 5435 1531 5504; x_wconf 85' lang='lat' dir='ltr'><strong>Operationis</strong></span> <span class='ocrx_word' id='word_1_750' title='bbox 1562 5435 1791 5488; x_wconf 90' lang='lat' dir='ltr'><strong>semina.</strong></span> <span class='ocrx_word' id='word_1_751' title='bbox 1847 5432 2233 5488; x_wconf 62' lang='lat' dir='ltr'><strong>Verumtamen</strong></span> <span class='ocrx_word' id='word_1_752' title='bbox 2280 5434 2354 5488; x_wconf 82' lang='lat' dir='ltr'><strong>ita</strong></span> 
     </span>
    </p>
   </div>
   <div class='ocr_carea' id='block_1_102' title="bbox 773 5525 2357 5596">
    <p class='ocr_par' dir='ltr' id='par_1_102' title="bbox 773 5525 2357 5596">
     <span class='ocr_line' id='line_1_102' title="bbox 773 5525 2357 5596; baseline -0.001 -16"><span class='ocrx_word' id='word_1_753' title='bbox 773 5542 833 5580; x_wconf 85' lang='lat' dir='ltr'><strong>se</strong></span> <span class='ocrx_word' id='word_1_754' title='bbox 859 5529 981 5596; x_wconf 86' lang='lat' dir='ltr'><strong>quis</strong></span> <span class='ocrx_word' id='word_1_755' title='bbox 996 5527 1476 5596; x_wconf 83' lang='lat' dir='ltr'><strong>debetdisponere,</strong></span> <span class='ocrx_word' id='word_1_756' title='bbox 1504 5536 1563 5580; x_wconf 89' lang='lat' dir='ltr'><strong>ut</strong></span> <span class='ocrx_word' id='word_1_757' title='bbox 1587 5542 1749 5581; x_wconf 87' lang='lat' dir='ltr'><strong>omne</strong></span> <span class='ocrx_word' id='word_1_758' title='bbox 1770 5525 2124 5591; x_wconf 82' lang='lat' dir='ltr'><strong>desiderium,</strong></span> <span class='ocrx_word' id='word_1_759' title='bbox 2154 5536 2207 5579; x_wconf 90' lang='lat' dir='ltr'><strong>ct</strong></span> <span class='ocrx_word' id='word_1_760' title='bbox 2232 5540 2357 5595; x_wconf 90' lang='lat' dir='ltr'><strong>pro-</strong></span> 
     </span>
    </p>
   </div>
   <div class='ocr_carea' id='block_1_103' title="bbox 776 5617 2356 5688">
    <p class='ocr_par' dir='ltr' id='par_1_103' title="bbox 776 5617 2356 5688">
     <span class='ocr_line' id='line_1_103' title="bbox 776 5617 2356 5688; baseline 0.001 -20"><span class='ocrx_word' id='word_1_761' title='bbox 776 5623 1009 5687; x_wconf 78' lang='lat' dir='ltr'><strong>positum</strong></span> <span class='ocrx_word' id='word_1_762' title='bbox 1064 5618 1356 5688; x_wconf 88' lang='lat' dir='ltr'><strong>cujuslibet</strong></span> <span class='ocrx_word' id='word_1_763' title='bbox 1414 5618 1668 5683; x_wconf 88' lang='lat' dir='ltr'><strong>actionis,</strong></span> <span class='ocrx_word' id='word_1_764' title='bbox 1721 5627 1777 5673; x_wconf 89' lang='lat' dir='ltr'><strong>et</strong></span> <span class='ocrx_word' id='word_1_765' title='bbox 1827 5617 2356 5672; x_wconf 86' lang='lat' dir='ltr'><strong>consummationem</strong></span> 
     </span>
    </p>
   </div>
   <div class='ocr_carea' id='block_1_104' title="bbox 860 5758 1439 5823">
    <p class='ocr_par' dir='ltr' id='par_1_104' title="bbox 860 5758 1439 5823">
     <span class='ocr_line' id='line_1_104' title="bbox 860 5758 1439 5823; baseline -0.003 -12"><span class='ocrx_word' id='word_1_766' title='bbox 860 5761 907 5790; x_wconf 83' lang='grc'><strong>²⁰</strong></span> <span class='ocrx_word' id='word_1_767' title='bbox 923 5760 1122 5811; x_wconf 62' lang='lat' dir='ltr'><strong>sereni.</strong></span> <span class='ocrx_word' id='word_1_768' title='bbox 1178 5772 1309 5823; x_wconf 74' lang='lat' dir='ltr'><strong>xvtt,</strong></span> <span class='ocrx_word' id='word_1_769' title='bbox 1358 5758 1439 5812; x_wconf 72' lang='grc'><strong>10.</strong></span> 
     </span>
    </p>
   </div>
   <div class='ocr_carea' id='block_1_105' title="bbox 1542 5755 2045 5817">
    <p class='ocr_par' dir='ltr' id='par_1_105' title="bbox 1542 5755 2045 5817">
     <span class='ocr_line' id='line_1_105' title="bbox 1542 5755 2045 5817; baseline -0.008 -8"><span class='ocrx_word' id='word_1_770' title='bbox 1542 5758 1583 5787; x_wconf 84' lang='grc'>¹¹</span> <span class='ocrx_word' id='word_1_771' title='bbox 1608 5755 1749 5809; x_wconf 78' lang='lat' dir='ltr'><strong>l‘sal.</strong></span> <span class='ocrx_word' id='word_1_772' title='bbox 1808 5773 1935 5817; x_wconf 77' lang='lat' dir='ltr'><strong>xxv,</strong></span> <span class='ocrx_word' id='word_1_773' title='bbox 1994 5757 2045 5807; x_wconf 75' lang='grc' dir='ltr'><strong>Ι.</strong></span> 
     </span>
    </p>
   </div>
   <div class='ocr_carea' id='block_1_106' title="bbox 780 5830 1585 5895">
    <p class='ocr_par' dir='ltr' id='par_1_106' title="bbox 780 5830 1585 5895">
     <span class='ocr_line' id='line_1_106' title="bbox 780 5830 1585 5895; baseline -0.005 -12"><span class='ocrx_word' id='word_1_774' title='bbox 780 5832 822 5864; x_wconf 73' lang='grc'><strong>³⁵</strong></span> <span class='ocrx_word' id='word_1_775' title='bbox 850 5834 1012 5883; x_wconf 79' lang='lat' dir='ltr'><strong>Amos</strong></span> <span class='ocrx_word' id='word_1_776' title='bbox 1073 5845 1162 5895; x_wconf 66' lang='grc' dir='ltr'>ιιι,</span> <span class='ocrx_word' id='word_1_777' title='bbox 1196 5830 1274 5882; x_wconf 80' lang='lat' dir='ltr'><strong>H.</strong></span> <span class='ocrx_word' id='word_1_778' title='bbox 1582 5834 1585 5839; x_wconf 75' lang='lat'><em>‘</em></span> 
     </span>
    </p>
   </div>
   <div class='ocr_carea' id='block_1_107' title="bbox 2126 5753 2673 5818">
    <p class='ocr_par' dir='ltr' id='par_1_107' title="bbox 2126 5753 2673 5818">
     <span class='ocr_line' id='line_1_107' title="bbox 2126 5753 2673 5818; baseline -0.005 -10"><span class='ocrx_word' id='word_1_779' title='bbox 2126 5755 2172 5785; x_wconf 80' lang='lat'><strong><em>”</em></strong></span> <span class='ocrx_word' id='word_1_780' title='bbox 2200 5754 2342 5808; x_wconf 82' lang='lat' dir='ltr'><strong>Gen.</strong></span> <span class='ocrx_word' id='word_1_781' title='bbox 2390 5769 2533 5818; x_wconf 67' lang='lat' dir='ltr'><strong>suis,</strong></span> <span class='ocrx_word' id='word_1_782' title='bbox 2585 5753 2673 5805; x_wconf 71' lang='grc' dir='ltr'><strong>Η).</strong></span> 
     </span>
    </p>
   </div>
   <div class='ocr_carea' id='block_1_108' title="bbox 2450 4606 4052 4676">
    <p class='ocr_par' dir='ltr' id='par_1_108' title="bbox 2450 4606 4052 4676">
     <span class='ocr_line' id='line_1_108' title="bbox 2450 4606 4052 4676; baseline -0.001 -13"><span class='ocrx_word' id='word_1_783' title='bbox 2450 4622 2766 4663; x_wconf 89' lang='lat' dir='ltr'><strong>conversos.</strong></span> <span class='ocrx_word' id='word_1_784' title='bbox 2813 4606 2920 4660; x_wconf 85' lang='lat' dir='ltr'><strong>Sed</strong></span> <span class='ocrx_word' id='word_1_785' title='bbox 2970 4607 3042 4659; x_wconf 89' lang='lat' dir='ltr'><strong>ibi</strong></span> <span class='ocrx_word' id='word_1_786' title='bbox 3082 4608 3278 4661; x_wconf 75' lang='lat' dir='ltr'><strong>ovibus</strong></span> <span class='ocrx_word' id='word_1_787' title='bbox 3305 4608 3467 4661; x_wconf 86' lang='lat' dir='ltr'><strong>etiam</strong></span> <span class='ocrx_word' id='word_1_788' title='bbox 3503 4624 3800 4676; x_wconf 83' lang='lat' dir='ltr'><strong>caprarum</strong></span> <span class='ocrx_word' id='word_1_789' title='bbox 3836 4616 4052 4664; x_wconf 73' lang='lat' dir='ltr'><strong>sacrati-</strong></span> 
     </span>
    </p>
   </div>
   <div class='ocr_carea' id='block_1_109' title="bbox 2450 4698 3179 4759">
    <p class='ocr_par' dir='ltr' id='par_1_109' title="bbox 2450 4698 3179 4759">
     <span class='ocr_line' id='line_1_109' title="bbox 2450 4698 3179 4759; baseline -0.007 -6"><span class='ocrx_word' id='word_1_790' title='bbox 2450 4700 2596 4753; x_wconf 86' lang='lat' dir='ltr'><strong>cium</strong></span> <span class='ocrx_word' id='word_1_791' title='bbox 2626 4698 2866 4759; x_wconf 89' lang='lat' dir='ltr'><strong>miscuit,</strong></span> <span class='ocrx_word' id='word_1_792' title='bbox 2895 4700 2972 4750; x_wconf 88' lang='lat' dir='ltr'><strong>ait</strong></span> <span class='ocrx_word' id='word_1_793' title='bbox 2997 4698 3141 4751; x_wconf 82' lang='lat' dir='ltr'><strong>enim</strong></span> <span class='ocrx_word' id='word_1_794' title='bbox 3169 4717 3179 4748; x_wconf 94' lang='lat'>:</span> 
     </span>
    </p>
   </div>
   <div class='ocr_carea' id='block_1_110' title="bbox 2525 4789 4027 4857">
    <p class='ocr_par' dir='ltr' id='par_1_110' title="bbox 2525 4789 4027 4857">
     <span class='ocr_line' id='line_1_110' title="bbox 2525 4789 4027 4857; baseline -0.002 -14"><span class='ocrx_word' id='word_1_795' title='bbox 2525 4793 2676 4855; x_wconf 73' lang='lat' dir='ltr'><strong>Quod</strong></span> <span class='ocrx_word' id='word_1_796' title='bbox 2704 4790 2750 4841; x_wconf 82' lang='lat' dir='ltr'><strong>si</strong></span> <span class='ocrx_word' id='word_1_797' title='bbox 2783 4790 2846 4841; x_wconf 86' lang='lat' dir='ltr'><strong>de</strong></span> <span class='ocrx_word' id='word_1_798' title='bbox 2879 4790 3144 4857; x_wconf 71' lang='lat' dir='ltr'><strong>pecoribus</strong></span> <span class='ocrx_word' id='word_1_799' title='bbox 3165 4789 3359 4840; x_wconf 80' lang='lat' dir='ltr'><strong>oblatio</strong></span> <span class='ocrx_word' id='word_1_800' title='bbox 3388 4800 3481 4845; x_wconf 73' lang='lat' dir='ltr'><strong>est.</strong></span> <span class='ocrx_word' id='word_1_801' title='bbox 3526 4792 3586 4841; x_wconf 79' lang='lat' dir='ltr'><strong>de</strong></span> <span class='ocrx_word' id='word_1_802' title='bbox 3633 4791 3821 4842; x_wconf 75' lang='lat' dir='ltr'><strong>ovibus</strong></span> <span class='ocrx_word' id='word_1_803' title='bbox 3854 4798 3923 4843; x_wconf 78' lang='lat' dir='ltr'><strong>si.</strong></span> <span class='ocrx_word' id='word_1_804' title='bbox 3946 4821 3961 4843; x_wconf 69' lang='grc' dir='ltr'>ε</span> <span class='ocrx_word' id='word_1_805' title='bbox 4001 4806 4027 4841; x_wconf 77' lang='lat' dir='ltr'><strong>.i</strong></span> 
     </span>
    </p>
   </div>
   <div class='ocr_carea' id='block_1_111' title="bbox 2455 4882 4032 4953">
    <p class='ocr_par' dir='ltr' id='par_1_111' title="bbox 2455 4882 4032 4953">
     <span class='ocr_line' id='line_1_111' title="bbox 2455 4882 4032 4953; baseline -0.002 -17"><span class='ocrx_word' id='word_1_806' title='bbox 2455 4884 2627 4953; x_wconf 81' lang='lat' dir='ltr'><strong>capris</strong></span> <span class='ocrx_word' id='word_1_807' title='bbox 2660 4883 3021 4935; x_wconf 78' lang='lat' dir='ltr'><strong>holocaustum</strong></span> <span class='ocrx_word' id='word_1_808' title='bbox 3054 4882 3362 4933; x_wconf 76' lang='lat' dir='ltr'><strong>anniculam</strong></span> <span class='ocrx_word' id='word_1_809' title='bbox 3400 4883 3591 4950; x_wconf 80' lang='lat' dir='ltr'><strong>absque</strong></span> <span class='ocrx_word' id='word_1_810' title='bbox 3630 4882 3851 4934; x_wconf 64' lang='lat' dir='ltr'><strong>uincula</strong></span> <span class='ocrx_word' id='word_1_811' title='bbox 3889 4887 4032 4951; x_wconf 59' lang='grc' dir='ltr'><strong>σῇσι</strong></span> 
     </span>
    </p>
   </div>
   <div class='ocr_carea' id='block_1_112' title="bbox 2452 4969 4047 5044">
    <p class='ocr_par' dir='ltr' id='par_1_112' title="bbox 2452 4969 4047 5044">
     <span class='ocr_line' id='line_1_112' title="bbox 2452 4969 4047 5044; baseline -0.004 -16"><span class='ocrx_word' id='word_1_812' title='bbox 2452 4974 2803 5044; x_wconf 80' lang='lat' dir='ltr'><strong>Septuaginta</strong></span> <span class='ocrx_word' id='word_1_813' title='bbox 2825 4982 3008 5025; x_wconf 88' lang='lat' dir='ltr'><strong>autem</strong></span> <span class='ocrx_word' id='word_1_814' title='bbox 3054 4972 3131 5025; x_wconf 87' lang='lat' dir='ltr'><strong>sic</strong></span> <span class='ocrx_word' id='word_1_815' title='bbox 3170 4970 3377 5024; x_wconf 88' lang='lat' dir='ltr'><strong>edunt.</strong></span> <span class='ocrx_word' id='word_1_816' title='bbox 3415 4970 3469 5022; x_wconf 88' lang='lat' dir='ltr'><strong>Si</strong></span> <span class='ocrx_word' id='word_1_817' title='bbox 3505 4970 3573 5023; x_wconf 89' lang='lat' dir='ltr'><strong>ab</strong></span> <span class='ocrx_word' id='word_1_818' title='bbox 3602 4969 3807 5023; x_wconf 65' lang='lat' dir='ltr'><strong>ovibus</strong></span> <span class='ocrx_word' id='word_1_819' title='bbox 3847 4990 4047 5023; x_wconf 70' lang='lat' dir='ltr'><strong>&quot;Mittit:</strong></span> 
     </span>
    </p>
   </div>
   <div class='ocr_carea' id='block_1_113' title="bbox 2454 5058 4048 5132">
    <p class='ocr_par' dir='ltr' id='par_1_113' title="bbox 2454 5058 4048 5132">
     <span class='ocr_line' id='line_1_113' title="bbox 2454 5058 4048 5132; baseline -0.006 -16"><span class='ocrx_word' id='word_1_820' title='bbox 2454 5065 2593 5132; x_wconf 87' lang='lat' dir='ltr'><strong>ejus,</strong></span> <span class='ocrx_word' id='word_1_821' title='bbox 2628 5063 2697 5115; x_wconf 85' lang='lat' dir='ltr'><strong>ab</strong></span> <span class='ocrx_word' id='word_1_822' title='bbox 2730 5061 2883 5131; x_wconf 77' lang='lat' dir='ltr'><strong>agnis</strong></span> <span class='ocrx_word' id='word_1_823' title='bbox 2915 5069 2970 5113; x_wconf 87' lang='lat' dir='ltr'><strong>et</strong></span> <span class='ocrx_word' id='word_1_824' title='bbox 2994 5059 3162 5113; x_wconf 63' lang='lat' dir='ltr'><strong>haedis</strong></span> <span class='ocrx_word' id='word_1_825' title='bbox 3193 5059 3246 5111; x_wconf 78' lang='lat' dir='ltr'><strong>in</strong></span> <span class='ocrx_word' id='word_1_826' title='bbox 3290 5058 3690 5119; x_wconf 77' lang='lat' dir='ltr'><strong>holocaustum,</strong></span> <span class='ocrx_word' id='word_1_827' title='bbox 3738 5062 4048 5112; x_wconf 76' lang='lat' dir='ltr'><strong>masculum</strong></span> 
     </span>
    </p>
   </div>
   <div class='ocr_carea' id='block_1_114' title="bbox 2458 5150 4051 5219">
    <p class='ocr_par' dir='ltr' id='par_1_114' title="bbox 2458 5150 4051 5219">
     <span class='ocr_line' id='line_1_114' title="bbox 2458 5150 4051 5219; baseline -0.004 -13"><span class='ocrx_word' id='word_1_828' title='bbox 2458 5153 2865 5208; x_wconf 84' lang='lat' dir='ltr'><strong>immaculatum</strong></span> <span class='ocrx_word' id='word_1_829' title='bbox 2908 5152 3106 5205; x_wconf 81' lang='lat' dir='ltr'><strong>offeret</strong></span> <span class='ocrx_word' id='word_1_830' title='bbox 3156 5151 3326 5210; x_wconf 86' lang='lat' dir='ltr'><strong>illum,</strong></span> <span class='ocrx_word' id='word_1_831' title='bbox 3373 5150 3498 5217; x_wconf 85' lang='lat' dir='ltr'><strong>quia</strong></span> <span class='ocrx_word' id='word_1_832' title='bbox 3529 5164 3659 5201; x_wconf 80' lang='lat' dir='ltr'><strong>oves</strong></span> <span class='ocrx_word' id='word_1_833' title='bbox 3698 5166 3895 5218; x_wconf 79' lang='lat' dir='ltr'><strong>genus</strong></span> <span class='ocrx_word' id='word_1_834' title='bbox 3924 5168 4051 5219; x_wconf 76' lang='lat' dir='ltr'><strong>quo-</strong></span> 
     </span>
    </p>
   </div>
   <div class='ocr_carea' id='block_1_115' title="bbox 2457 5245 4049 5317">
    <p class='ocr_par' dir='ltr' id='par_1_115' title="bbox 2457 5245 4049 5317">
     <span class='ocr_line' id='line_1_115' title="bbox 2457 5245 4049 5317; baseline -0.006 -16"><span class='ocrx_word' id='word_1_835' title='bbox 2457 5248 2749 5303; x_wconf 78' lang='lat' dir='ltr'><strong>damniodo</strong></span> <span class='ocrx_word' id='word_1_836' title='bbox 2795 5263 2917 5301; x_wconf 84' lang='lat' dir='ltr'><strong>esse</strong></span> <span class='ocrx_word' id='word_1_837' title='bbox 2952 5262 3215 5317; x_wconf 79' lang='lat' dir='ltr'><strong>agnorum</strong></span> <span class='ocrx_word' id='word_1_838' title='bbox 3265 5255 3319 5297; x_wconf 86' lang='lat' dir='ltr'><strong>et</strong></span> <span class='ocrx_word' id='word_1_839' title='bbox 3365 5245 3644 5298; x_wconf 70' lang='lat' dir='ltr'><strong>haedorum</strong></span> <span class='ocrx_word' id='word_1_840' title='bbox 3715 5249 4049 5313; x_wconf 70' lang='lat' dir='ltr'><strong>complexio.</strong></span> 
     </span>
    </p>
   </div>
   <div class='ocr_carea' id='block_1_116' title="bbox 2460 5337 4049 5397">
    <p class='ocr_par' dir='ltr' id='par_1_116' title="bbox 2460 5337 4049 5397">
     <span class='ocr_line' id='line_1_116' title="bbox 2460 5337 4049 5397; baseline -0.005 -4"><span class='ocrx_word' id='word_1_841' title='bbox 2460 5340 2627 5394; x_wconf 73' lang='lat' dir='ltr'><strong>Vetus</strong></span> <span class='ocrx_word' id='word_1_842' title='bbox 2661 5338 3067 5393; x_wconf 82' lang='lat' dir='ltr'><strong>Testamentum</strong></span> <span class='ocrx_word' id='word_1_843' title='bbox 3094 5338 3395 5391; x_wconf 64' lang='lat' dir='ltr'><strong>aestimavit.</strong></span> <span class='ocrx_word' id='word_1_844' title='bbox 3435 5337 3683 5390; x_wconf 86' lang='lat' dir='ltr'><strong>Invenies</strong></span> <span class='ocrx_word' id='word_1_845' title='bbox 3714 5348 3937 5397; x_wconf 85' lang='lat' dir='ltr'><strong>tamen,</strong></span> <span class='ocrx_word' id='word_1_846' title='bbox 3971 5346 4049 5389; x_wconf 77' lang='lat' dir='ltr'><strong>scd</strong></span> 
     </span>
    </p>
   </div>
   <div class='ocr_carea' id='block_1_117' title="bbox 2461 5428 4049 5503">
    <p class='ocr_par' dir='ltr' id='par_1_117' title="bbox 2461 5428 4049 5503">
     <span class='ocr_line' id='line_1_117' title="bbox 2461 5428 4049 5503; baseline -0.003 -18"><span class='ocrx_word' id='word_1_847' title='bbox 2461 5443 2517 5487; x_wconf 82' lang='lat' dir='ltr'><strong>et.</strong></span> <span class='ocrx_word' id='word_1_848' title='bbox 2554 5434 2697 5503; x_wconf 85' lang='lat' dir='ltr'><strong>apud</strong></span> <span class='ocrx_word' id='word_1_849' title='bbox 2744 5433 3062 5502; x_wconf 83' lang='lat' dir='ltr'><strong>prephetam</strong></span> <span class='ocrx_word' id='word_1_850' title='bbox 3107 5430 3271 5483; x_wconf 75' lang='lat' dir='ltr'><strong>Amos</strong></span> <span class='ocrx_word' id='word_1_851' title='bbox 3323 5444 3513 5497; x_wconf 85' lang='lat' dir='ltr'><strong>capras</strong></span> <span class='ocrx_word' id='word_1_852' title='bbox 3553 5428 3866 5497; x_wconf 55' lang='lat' dir='ltr'><strong>appellatas</strong></span> <span class='ocrx_word' id='word_1_853' title='bbox 3895 5448 4049 5489; x_wconf 67' lang='lat' dir='ltr'><strong>oves.</strong></span> 
     </span>
    </p>
   </div>
   <div class='ocr_carea' id='block_1_118' title="bbox 2463 5520 4047 5591">
    <p class='ocr_par' dir='ltr' id='par_1_118' title="bbox 2463 5520 4047 5591">
     <span class='ocr_line' id='line_1_118' title="bbox 2463 5520 4047 5591; baseline -0.006 -12"><span class='ocrx_word' id='word_1_854' title='bbox 2463 5525 2539 5578; x_wconf 86' lang='lat' dir='ltr'><strong>ait</strong></span> <span class='ocrx_word' id='word_1_855' title='bbox 2572 5526 2716 5578; x_wconf 87' lang='lat' dir='ltr'><strong>enim</strong></span> <span class='ocrx_word' id='word_1_856' title='bbox 2743 5542 2756 5578; x_wconf 87' lang='lat'><strong>:</strong></span> <span class='ocrx_word' id='word_1_857' title='bbox 2782 5523 2899 5577; x_wconf 77' lang='lat' dir='ltr'><strong>Non</strong></span> <span class='ocrx_word' id='word_1_858' title='bbox 2922 5539 3041 5576; x_wconf 86' lang='lat' dir='ltr'><strong>sunt</strong></span> <span class='ocrx_word' id='word_1_859' title='bbox 3070 5522 3351 5591; x_wconf 83' lang='lat' dir='ltr'><strong>propheta,</strong></span> <span class='ocrx_word' id='word_1_860' title='bbox 3388 5537 3478 5572; x_wconf 86' lang='lat' dir='ltr'><strong>nec</strong></span> <span class='ocrx_word' id='word_1_861' title='bbox 3516 5520 3656 5587; x_wconf 75' lang='lat' dir='ltr'><strong>ﬁlius</strong></span> <span class='ocrx_word' id='word_1_862' title='bbox 3692 5522 3976 5589; x_wconf 68' lang='lat' dir='ltr'><strong>propheta</strong></span> <span class='ocrx_word' id='word_1_863' title='bbox 3997 5521 4047 5569; x_wconf 80' lang='lat'><strong>“.</strong></span> 
     </span>
    </p>
   </div>
   <div class='ocr_carea' id='block_1_119' title="bbox 2466 5612 4050 5685">
    <p class='ocr_par' dir='ltr' id='par_1_119' title="bbox 2466 5612 4050 5685">
     <span class='ocr_line' id='line_1_119' title="bbox 2466 5612 4050 5685; baseline -0.008 -16"><span class='ocrx_word' id='word_1_864' title='bbox 2466 5618 2559 5670; x_wconf 79' lang='lat' dir='ltr'><strong>sed</strong></span> <span class='ocrx_word' id='word_1_865' title='bbox 2596 5618 2817 5678; x_wconf 65' lang='grc' dir='ltr'><strong>αἰπόλος</strong></span> <span class='ocrx_word' id='word_1_866' title='bbox 2857 5632 2956 5685; x_wconf 80' lang='lat' dir='ltr'><strong>ego</strong></span> <span class='ocrx_word' id='word_1_867' title='bbox 2986 5629 3128 5675; x_wconf 88' lang='lat' dir='ltr'><strong>sum,</strong></span> <span class='ocrx_word' id='word_1_868' title='bbox 3159 5613 3420 5667; x_wconf 80' lang='lat' dir='ltr'><strong>vcllicans</strong></span> <span class='ocrx_word' id='word_1_869' title='bbox 3452 5615 3739 5665; x_wconf 71' lang='lat' dir='ltr'><strong>sicamsua.</strong></span> <span class='ocrx_word' id='word_1_870' title='bbox 3781 5612 3850 5664; x_wconf 84' lang='lat' dir='ltr'><strong>Et</strong></span> <span class='ocrx_word' id='word_1_871' title='bbox 3885 5626 4050 5664; x_wconf 82' lang='lat' dir='ltr'><strong>susto-</strong></span> 
     </span>
    </p>
   </div>
   <div class='ocr_carea' id='block_1_120' title="bbox 2754 5746 4043 5813">
    <p class='ocr_par' dir='ltr' id='par_1_120' title="bbox 2754 5746 4043 5813">
     <span class='ocr_line' id='line_1_120' title="bbox 2754 5746 4043 5813; baseline -0.006 -8"><span class='ocrx_word' id='word_1_872' title='bbox 2754 5754 2801 5783; x_wconf 85' lang='grc'>’³</span> <span class='ocrx_word' id='word_1_873' title='bbox 2837 5751 2978 5805; x_wconf 79' lang='lat' dir='ltr'><strong>Psal.</strong></span> <span class='ocrx_word' id='word_1_874' title='bbox 3038 5768 3110 5813; x_wconf 89' lang='lat' dir='ltr'><strong>iv,</strong></span> <span class='ocrx_word' id='word_1_875' title='bbox 3160 5751 3211 5801; x_wconf 78' lang='lat'><strong>5.</strong></span> <span class='ocrx_word' id='word_1_876' title='bbox 3289 5746 3530 5801; x_wconf 71' lang='lat' dir='ltr'><strong>“Exod.</strong></span> <span class='ocrx_word' id='word_1_877' title='bbox 3586 5764 3762 5811; x_wconf 70' lang='lat' dir='ltr'><strong>snit,</strong></span> <span class='ocrx_word' id='word_1_878' title='bbox 3821 5749 3916 5811; x_wconf 82' lang='lat' dir='ltr'><strong>l9,</strong></span> <span class='ocrx_word' id='word_1_879' title='bbox 3969 5752 4043 5799; x_wconf 60' lang='lat' dir='ltr'><strong>ﬁt).</strong></span> 
     </span>
    </p>
   </div>
  </div>
