  <div class='ocr_page' id='page_1' title='image "/cluster/home/n/w/nwhite01/storage/ocr_20150623/93/nnc1.0046980059/408.png"; bbox 0 0 4218 6448; ppageno 0'>
   <div class='ocr_carea' id='block_1_1' title="bbox 186 427 276 494">
    <p class='ocr_par' dir='ltr' id='par_1_1' title="bbox 186 427 276 494">
     <span class='ocr_line' id='line_1_1' title="bbox 186 427 276 494; baseline 0 -1"><span class='ocrx_word' id='word_1_1' title='bbox 186 427 276 494; x_wconf 78' lang='lat'><strong>811</strong></span> 
     </span>
    </p>
   </div>
   <div class='ocr_carea' id='block_1_2' title="bbox 1319 432 2275 494">
    <p class='ocr_par' dir='ltr' id='par_1_2' title="bbox 1319 432 2275 494">
     <span class='ocr_line' id='line_1_2' title="bbox 1319 432 2275 494; baseline -0.002 0"><span class='ocrx_word' id='word_1_2' title='bbox 1319 435 1397 493; x_wconf 82' lang='lat' dir='ltr'><strong>IN</strong></span> <span class='ocrx_word' id='word_1_3' title='bbox 1445 432 1883 494; x_wconf 79' lang='lat' dir='ltr'><strong>LEVl&#39;l‘lCUM.</strong></span> <span class='ocrx_word' id='word_1_4' title='bbox 1928 459 1998 467; x_wconf 88' lang='lat'><strong>-</strong></span> <span class='ocrx_word' id='word_1_5' title='bbox 2041 435 2183 494; x_wconf 81' lang='lat' dir='ltr'><strong>LIB.</strong></span> <span class='ocrx_word' id='word_1_6' title='bbox 2231 434 2275 492; x_wconf 85' lang='lat' dir='ltr'><strong>l.</strong></span> 
     </span>
    </p>
   </div>
   <div class='ocr_carea' id='block_1_3' title="bbox 3335 433 3443 501">
    <p class='ocr_par' dir='ltr' id='par_1_3' title="bbox 3335 433 3443 501">
     <span class='ocr_line' id='line_1_3' title="bbox 3335 433 3443 501; baseline 0.065 -8"><span class='ocrx_word' id='word_1_7' title='bbox 3335 433 3443 501; x_wconf 82' lang='lat'><strong>818</strong></span> 
     </span>
    </p>
   </div>
   <div class='ocr_carea' id='block_1_4' title="bbox 188 543 3436 618">
    <p class='ocr_par' dir='ltr' id='par_1_4' title="bbox 188 543 3436 618">
     <span class='ocr_line' id='line_1_4' title="bbox 188 543 3436 618; baseline 0.001 -24"><span class='ocrx_word' id='word_1_8' title='bbox 188 543 237 598; x_wconf 88' lang='lat' dir='ltr'><strong>lit</strong></span> <span class='ocrx_word' id='word_1_9' title='bbox 261 559 336 596; x_wconf 89' lang='lat' dir='ltr'><strong>me</strong></span> <span class='ocrx_word' id='word_1_10' title='bbox 376 543 636 597; x_wconf 86' lang='lat' dir='ltr'><strong>Dominus</strong></span> <span class='ocrx_word' id='word_1_11' title='bbox 675 559 739 597; x_wconf 71' lang='lat' dir='ltr'><strong>ex</strong></span> <span class='ocrx_word' id='word_1_12' title='bbox 781 547 1036 614; x_wconf 76' lang='lat' dir='ltr'><strong>gregibus</strong></span> <span class='ocrx_word' id='word_1_13' title='bbox 1084 547 1288 600; x_wconf 90' lang='lat' dir='ltr'><strong>ovium.</strong></span> <span class='ocrx_word' id='word_1_14' title='bbox 1344 546 1478 600; x_wconf 76' lang='lat' dir='ltr'><strong>Cum</strong></span> <span class='ocrx_word' id='word_1_15' title='bbox 1531 546 1747 618; x_wconf 76' lang='lat' dir='ltr'><strong>proprie</strong></span> <span class='ocrx_word' id='word_1_16' title='bbox 1777 549 1822 601; x_wconf 74' lang='grc' dir='ltr'>Α</span> <span class='ocrx_word' id='word_1_17' title='bbox 1850 548 2252 616; x_wconf 84' lang='lat' dir='ltr'><strong>simplicitatem</strong></span> <span class='ocrx_word' id='word_1_18' title='bbox 2297 546 2520 607; x_wconf 85' lang='lat' dir='ltr'><strong>habent,</strong></span> <span class='ocrx_word' id='word_1_19' title='bbox 2548 554 2924 598; x_wconf 70' lang='lat' dir='ltr'><strong>verumtamen</strong></span> <span class='ocrx_word' id='word_1_20' title='bbox 2961 543 3029 595; x_wconf 90' lang='lat' dir='ltr'><strong>ah</strong></span> <span class='ocrx_word' id='word_1_21' title='bbox 3059 543 3204 596; x_wconf 83' lang='lat' dir='ltr'><strong>omni</strong></span> <span class='ocrx_word' id='word_1_22' title='bbox 3238 543 3436 596; x_wconf 76' lang='lat' dir='ltr'><strong>malitia</strong></span> 
     </span>
    </p>
   </div>
   <div class='ocr_carea' id='block_1_5' title="bbox 185 641 1742 713">
    <p class='ocr_par' dir='ltr' id='par_1_5' title="bbox 185 641 1742 713">
     <span class='ocr_line' id='line_1_5' title="bbox 185 641 1742 713; baseline 0.003 -23"><span class='ocrx_word' id='word_1_23' title='bbox 185 641 397 701; x_wconf 72' lang='grc' dir='ltr'><strong>αἰπόλοι,</strong></span> <span class='ocrx_word' id='word_1_24' title='bbox 449 642 539 710; x_wconf 88' lang='lat' dir='ltr'><strong>qui</strong></span> <span class='ocrx_word' id='word_1_25' title='bbox 585 657 777 710; x_wconf 86' lang='lat' dir='ltr'><strong>capras</strong></span> <span class='ocrx_word' id='word_1_26' title='bbox 823 651 1054 712; x_wconf 87' lang='lat' dir='ltr'><strong>pascunt</strong></span> <span class='ocrx_word' id='word_1_27' title='bbox 1103 643 1463 713; x_wconf 84' lang='lat' dir='ltr'><strong>appellentur,</strong></span> <span class='ocrx_word' id='word_1_28' title='bbox 1509 641 1742 696; x_wconf 87' lang='lat' dir='ltr'><strong>manife-</strong></span> 
     </span>
    </p>
   </div>
   <div class='ocr_carea' id='block_1_6' title="bbox 185 732 1744 804">
    <p class='ocr_par' dir='ltr' id='par_1_6' title="bbox 185 732 1744 804">
     <span class='ocr_line' id='line_1_6' title="bbox 185 732 1744 804; baseline 0.003 -22"><span class='ocrx_word' id='word_1_29' title='bbox 185 740 306 784; x_wconf 82' lang='lat' dir='ltr'><strong>stunt</strong></span> <span class='ocrx_word' id='word_1_30' title='bbox 347 739 430 786; x_wconf 87' lang='lat' dir='ltr'><strong>est</strong></span> <span class='ocrx_word' id='word_1_31' title='bbox 479 732 605 804; x_wconf 82' lang='lat' dir='ltr'><strong>quia</strong></span> <span class='ocrx_word' id='word_1_32' title='bbox 651 741 706 787; x_wconf 91' lang='lat' dir='ltr'><strong>et</strong></span> <span class='ocrx_word' id='word_1_33' title='bbox 751 748 942 802; x_wconf 86' lang='lat' dir='ltr'><strong>capras</strong></span> <span class='ocrx_word' id='word_1_34' title='bbox 985 734 1124 788; x_wconf 90' lang='lat' dir='ltr'><strong>inter</strong></span> <span class='ocrx_word' id='word_1_35' title='bbox 1181 751 1311 788; x_wconf 82' lang='lat' dir='ltr'><strong>oves</strong></span> <span class='ocrx_word' id='word_1_36' title='bbox 1376 736 1572 804; x_wconf 87' lang='lat' dir='ltr'><strong>posuit.</strong></span> <span class='ocrx_word' id='word_1_37' title='bbox 1606 735 1744 799; x_wconf 87' lang='lat' dir='ltr'><strong>Quia</strong></span> 
     </span>
    </p>
   </div>
   <div class='ocr_carea' id='block_1_7' title="bbox 183 824 1746 897">
    <p class='ocr_par' dir='ltr' id='par_1_7' title="bbox 183 824 1746 897">
     <span class='ocr_line' id='line_1_7' title="bbox 183 824 1746 897; baseline 0.004 -23"><span class='ocrx_word' id='word_1_38' title='bbox 183 838 298 886; x_wconf 66' lang='lat' dir='ltr'><strong>ergo</strong></span> <span class='ocrx_word' id='word_1_39' title='bbox 338 824 581 891; x_wconf 67' lang='lat' dir='ltr'><strong>quaedam</strong></span> <span class='ocrx_word' id='word_1_40' title='bbox 630 839 697 878; x_wconf 80' lang='lat' dir='ltr'><strong>ex</strong></span> <span class='ocrx_word' id='word_1_41' title='bbox 742 824 874 893; x_wconf 82' lang='lat' dir='ltr'><strong>ipsis</strong></span> <span class='ocrx_word' id='word_1_42' title='bbox 919 840 1107 897; x_wconf 81' lang='lat' dir='ltr'><strong>agnos,</strong></span> <span class='ocrx_word' id='word_1_43' title='bbox 1151 827 1398 896; x_wconf 75' lang='lat' dir='ltr'><strong>quzedam</strong></span> <span class='ocrx_word' id='word_1_44' title='bbox 1441 843 1634 896; x_wconf 77' lang='lat' dir='ltr'><strong>capras</strong></span> <span class='ocrx_word' id='word_1_45' title='bbox 1662 828 1746 881; x_wconf 72' lang='lat' dir='ltr'><strong>lex</strong></span> 
     </span>
    </p>
   </div>
   <div class='ocr_carea' id='block_1_8' title="bbox 183 915 1748 986">
    <p class='ocr_par' dir='ltr' id='par_1_8' title="bbox 183 915 1748 986">
     <span class='ocr_line' id='line_1_8' title="bbox 183 915 1748 986; baseline 0.006 -23"><span class='ocrx_word' id='word_1_46' title='bbox 183 915 313 975; x_wconf 85' lang='lat' dir='ltr'><strong>dicit,</strong></span> <span class='ocrx_word' id='word_1_47' title='bbox 354 929 581 983; x_wconf 79' lang='lat' dir='ltr'><strong>quoru-n</strong></span> <span class='ocrx_word' id='word_1_48' title='bbox 635 915 852 984; x_wconf 79' lang='lat' dir='ltr'><strong>quidem</strong></span> <span class='ocrx_word' id='word_1_49' title='bbox 898 916 1018 986; x_wconf 82' lang='lat' dir='ltr'><strong>agni</strong></span> <span class='ocrx_word' id='word_1_50' title='bbox 1060 918 1336 986; x_wconf 70' lang='lat' dir='ltr'><strong>simplices</strong></span> <span class='ocrx_word' id='word_1_51' title='bbox 1385 927 1637 972; x_wconf 89' lang='lat' dir='ltr'><strong>tantum:</strong></span> <span class='ocrx_word' id='word_1_52' title='bbox 1693 927 1748 972; x_wconf 87' lang='lat' dir='ltr'><strong>ct</strong></span> 
     </span>
    </p>
   </div>
   <div class='ocr_carea' id='block_1_9' title="bbox 182 1006 1744 1079">
    <p class='ocr_par' dir='ltr' id='par_1_9' title="bbox 182 1006 1744 1079">
     <span class='ocr_line' id='line_1_9' title="bbox 182 1006 1744 1079; baseline 0.006 -25"><span class='ocrx_word' id='word_1_53' title='bbox 182 1006 261 1071; x_wconf 89' lang='lat' dir='ltr'><strong>qui</strong></span> <span class='ocrx_word' id='word_1_54' title='bbox 306 1006 434 1059; x_wconf 84' lang='lat' dir='ltr'><strong>nihil</strong></span> <span class='ocrx_word' id='word_1_55' title='bbox 467 1017 830 1074; x_wconf 80' lang='lat' dir='ltr'><strong>peccaverunt</strong></span> <span class='ocrx_word' id='word_1_56' title='bbox 862 1008 1233 1078; x_wconf 81' lang='lat' dir='ltr'><strong>signiﬁcantur</strong></span> <span class='ocrx_word' id='word_1_57' title='bbox 1270 1029 1281 1062; x_wconf 94' lang='lat'><strong>:</strong></span> <span class='ocrx_word' id='word_1_58' title='bbox 1327 1025 1504 1079; x_wconf 75' lang='lat' dir='ltr'><strong>capra:</strong></span> <span class='ocrx_word' id='word_1_59' title='bbox 1537 1019 1744 1071; x_wconf 87' lang='lat' dir='ltr'><strong>autem.</strong></span> 
     </span>
    </p>
   </div>
   <div class='ocr_carea' id='block_1_10' title="bbox 182 1095 1743 1167">
    <p class='ocr_par' dir='ltr' id='par_1_10' title="bbox 182 1095 1743 1167">
     <span class='ocr_line' id='line_1_10' title="bbox 182 1095 1743 1167; baseline 0.007 -22"><span class='ocrx_word' id='word_1_60' title='bbox 182 1095 434 1162; x_wconf 72' lang='lat' dir='ltr'><strong>simplices</strong></span> <span class='ocrx_word' id='word_1_61' title='bbox 461 1097 704 1164; x_wconf 85' lang='lat' dir='ltr'><strong>quidem.</strong></span> <span class='ocrx_word' id='word_1_62' title='bbox 744 1099 838 1152; x_wconf 84' lang='lat' dir='ltr'><strong>sed</strong></span> <span class='ocrx_word' id='word_1_63' title='bbox 872 1099 962 1167; x_wconf 92' lang='lat' dir='ltr'><strong>qui</strong></span> <span class='ocrx_word' id='word_1_64' title='bbox 990 1111 1374 1166; x_wconf 86' lang='lat' dir='ltr'><strong>peccaverunt.</strong></span> <span class='ocrx_word' id='word_1_65' title='bbox 1409 1110 1464 1155; x_wconf 89' lang='lat' dir='ltr'><strong>et</strong></span> <span class='ocrx_word' id='word_1_66' title='bbox 1495 1102 1743 1156; x_wconf 82' lang='lat' dir='ltr'><strong>conversi</strong></span> 
     </span>
    </p>
   </div>
   <div class='ocr_carea' id='block_1_11' title="bbox 179 1184 1745 1260">
    <p class='ocr_par' dir='ltr' id='par_1_11' title="bbox 179 1184 1745 1260">
     <span class='ocr_line' id='line_1_11' title="bbox 179 1184 1745 1260; baseline 0.008 -25"><span class='ocrx_word' id='word_1_67' title='bbox 179 1193 309 1237; x_wconf 80' lang='lat' dir='ltr'><strong>smit.</strong></span> <span class='ocrx_word' id='word_1_68' title='bbox 362 1184 562 1239; x_wconf 91' lang='lat' dir='ltr'><strong>llorum</strong></span> <span class='ocrx_word' id='word_1_69' title='bbox 600 1186 926 1242; x_wconf 76' lang='lat' dir='ltr'><strong>sacrificium</strong></span> <span class='ocrx_word' id='word_1_70' title='bbox 969 1205 1138 1242; x_wconf 88' lang='lat' dir='ltr'><strong>unum</strong></span> <span class='ocrx_word' id='word_1_71' title='bbox 1184 1184 1586 1260; x_wconf 81' lang='lat' dir='ltr'><strong>quodammodo</strong></span> <span class='ocrx_word' id='word_1_72' title='bbox 1619 1208 1745 1246; x_wconf 79' lang='lat' dir='ltr'><strong>esse</strong></span> 
     </span>
    </p>
   </div>
   <div class='ocr_carea' id='block_1_12' title="bbox 179 1277 1742 1338">
    <p class='ocr_par' dir='ltr' id='par_1_12' title="bbox 179 1277 1742 1338">
     <span class='ocr_line' id='line_1_12' title="bbox 179 1277 1742 1338; baseline 0.005 -8"><span class='ocrx_word' id='word_1_73' title='bbox 179 1277 228 1330; x_wconf 91' lang='lat' dir='ltr'><strong>in</strong></span> <span class='ocrx_word' id='word_1_74' title='bbox 292 1279 811 1334; x_wconf 69' lang='lat' dir='ltr'><strong>holowutomatihus</strong></span> <span class='ocrx_word' id='word_1_75' title='bbox 892 1290 1040 1336; x_wconf 89' lang='lat' dir='ltr'><strong>recte</strong></span> <span class='ocrx_word' id='word_1_76' title='bbox 1111 1284 1365 1338; x_wconf 81' lang='lat' dir='ltr'><strong>traditmn</strong></span> <span class='ocrx_word' id='word_1_77' title='bbox 1446 1294 1548 1338; x_wconf 89' lang='lat' dir='ltr'><strong>est.</strong></span> <span class='ocrx_word' id='word_1_78' title='bbox 1607 1285 1742 1338; x_wconf 72' lang='lat' dir='ltr'><strong>(lum</strong></span> 
     </span>
    </p>
   </div>
   <div class='ocr_carea' id='block_1_13' title="bbox 175 1373 1740 1446">
    <p class='ocr_par' dir='ltr' id='par_1_13' title="bbox 175 1373 1740 1446">
     <span class='ocr_line' id='line_1_13' title="bbox 175 1373 1740 1446; baseline 0.005 -22"><span class='ocrx_word' id='word_1_79' title='bbox 175 1381 339 1425; x_wconf 85' lang='lat' dir='ltr'><strong>autem</strong></span> <span class='ocrx_word' id='word_1_80' title='bbox 380 1375 472 1440; x_wconf 90' lang='lat' dir='ltr'><strong>qui</strong></span> <span class='ocrx_word' id='word_1_81' title='bbox 524 1373 760 1440; x_wconf 87' lang='lat' dir='ltr'><strong>perfecta</strong></span> <span class='ocrx_word' id='word_1_82' title='bbox 795 1376 907 1429; x_wconf 92' lang='lat' dir='ltr'><strong>vult</strong></span> <span class='ocrx_word' id='word_1_83' title='bbox 937 1391 1147 1444; x_wconf 79' lang='lat' dir='ltr'><strong>sapere,</strong></span> <span class='ocrx_word' id='word_1_84' title='bbox 1176 1378 1276 1432; x_wconf 77' lang='lat' dir='ltr'><strong>etsi</strong></span> <span class='ocrx_word' id='word_1_85' title='bbox 1325 1389 1578 1446; x_wconf 70' lang='lat' dir='ltr'><strong>peet&#39;ator</strong></span> <span class='ocrx_word' id='word_1_86' title='bbox 1603 1379 1740 1440; x_wconf 86' lang='lat' dir='ltr'><strong>fuit,</strong></span> 
     </span>
    </p>
   </div>
   <div class='ocr_carea' id='block_1_14' title="bbox 174 1463 1745 1535">
    <p class='ocr_par' dir='ltr' id='par_1_14' title="bbox 174 1463 1745 1535">
     <span class='ocr_line' id='line_1_14' title="bbox 174 1463 1745 1535; baseline 0.006 -23"><span class='ocrx_word' id='word_1_87' title='bbox 174 1478 235 1514; x_wconf 78' lang='lat' dir='ltr'><strong>ex</strong></span> <span class='ocrx_word' id='word_1_88' title='bbox 262 1477 363 1530; x_wconf 90' lang='lat' dir='ltr'><strong>quo</strong></span> <span class='ocrx_word' id='word_1_89' title='bbox 401 1463 563 1516; x_wconf 74' lang='lat' dir='ltr'><strong>vitam</strong></span> <span class='ocrx_word' id='word_1_90' title='bbox 617 1463 911 1531; x_wconf 89' lang='lat' dir='ltr'><strong>perfectam</strong></span> <span class='ocrx_word' id='word_1_91' title='bbox 969 1466 1210 1535; x_wconf 72' lang='lat' dir='ltr'><strong>elegerit.</strong></span> <span class='ocrx_word' id='word_1_92' title='bbox 1246 1468 1324 1520; x_wconf 87' lang='lat' dir='ltr'><strong>sic</strong></span> <span class='ocrx_word' id='word_1_93' title='bbox 1355 1477 1572 1535; x_wconf 78' lang='lat' dir='ltr'><strong>oportet</strong></span> <span class='ocrx_word' id='word_1_94' title='bbox 1609 1485 1745 1521; x_wconf 79' lang='lat' dir='ltr'><strong>cnn-</strong></span> 
     </span>
    </p>
   </div>
   <div class='ocr_carea' id='block_1_15' title="bbox 177 1552 1743 1624">
    <p class='ocr_par' dir='ltr' id='par_1_15' title="bbox 177 1552 1743 1624">
     <span class='ocr_line' id='line_1_15' title="bbox 177 1552 1743 1624; baseline 0.006 -20"><span class='ocrx_word' id='word_1_95' title='bbox 177 1552 388 1609; x_wconf 76' lang='lat' dir='ltr'><strong>\&#39;ersari.</strong></span> <span class='ocrx_word' id='word_1_96' title='bbox 429 1553 570 1606; x_wconf 82' lang='lat' dir='ltr'><strong>sicut</strong></span> <span class='ocrx_word' id='word_1_97' title='bbox 617 1555 770 1608; x_wconf 86' lang='lat' dir='ltr'><strong>illum</strong></span> <span class='ocrx_word' id='word_1_98' title='bbox 817 1557 907 1623; x_wconf 91' lang='lat' dir='ltr'><strong>qui</strong></span> <span class='ocrx_word' id='word_1_99' title='bbox 947 1566 1074 1611; x_wconf 87' lang='lat' dir='ltr'><strong>ante</strong></span> <span class='ocrx_word' id='word_1_100' title='bbox 1107 1572 1212 1610; x_wconf 89' lang='lat' dir='ltr'><strong>nou</strong></span> <span class='ocrx_word' id='word_1_101' title='bbox 1252 1560 1512 1624; x_wconf 77' lang='lat' dir='ltr'><strong>peccavit.</strong></span> <span class='ocrx_word' id='word_1_102' title='bbox 1571 1559 1624 1611; x_wconf 90' lang='lat' dir='ltr'><strong>In</strong></span> <span class='ocrx_word' id='word_1_103' title='bbox 1653 1575 1743 1613; x_wconf 84' lang='lat' dir='ltr'><strong>sa-</strong></span> 
     </span>
    </p>
   </div>
   <div class='ocr_carea' id='block_1_16' title="bbox 172 1641 1742 1710">
    <p class='ocr_par' dir='ltr' id='par_1_16' title="bbox 172 1641 1742 1710">
     <span class='ocr_line' id='line_1_16' title="bbox 172 1641 1742 1710; baseline 0.007 -17"><span class='ocrx_word' id='word_1_104' title='bbox 172 1641 365 1694; x_wconf 87' lang='lat' dir='ltr'><strong>criﬁcio</strong></span> <span class='ocrx_word' id='word_1_105' title='bbox 397 1652 576 1697; x_wconf 88' lang='lat' dir='ltr'><strong>autem</strong></span> <span class='ocrx_word' id='word_1_106' title='bbox 627 1645 1002 1710; x_wconf 85' lang='lat' dir='ltr'><strong>paciﬁcorum.</strong></span> <span class='ocrx_word' id='word_1_107' title='bbox 1037 1663 1161 1702; x_wconf 89' lang='lat' dir='ltr'><strong>cum</strong></span> <span class='ocrx_word' id='word_1_108' title='bbox 1195 1650 1383 1702; x_wconf 63' lang='lat' dir='ltr'><strong>eadem</strong></span> <span class='ocrx_word' id='word_1_109' title='bbox 1409 1649 1742 1704; x_wconf 78' lang='lat' dir='ltr'><strong>custodisset</strong></span> 
     </span>
    </p>
   </div>
   <div class='ocr_carea' id='block_1_17' title="bbox 172 1736 1741 1809">
    <p class='ocr_par' dir='ltr' id='par_1_17' title="bbox 172 1736 1741 1809">
     <span class='ocr_line' id='line_1_17' title="bbox 172 1736 1741 1809; baseline 0.004 -20"><span class='ocrx_word' id='word_1_110' title='bbox 172 1747 270 1789; x_wconf 83' lang='lat' dir='ltr'><strong>tam</strong></span> <span class='ocrx_word' id='word_1_111' title='bbox 307 1736 356 1790; x_wconf 89' lang='lat' dir='ltr'><strong>in</strong></span> <span class='ocrx_word' id='word_1_112' title='bbox 393 1738 658 1792; x_wconf 90' lang='lat' dir='ltr'><strong>sacriﬁcio</strong></span> <span class='ocrx_word' id='word_1_113' title='bbox 695 1739 901 1800; x_wconf 82' lang='lat' dir='ltr'><strong>ovium,</strong></span> <span class='ocrx_word' id='word_1_114' title='bbox 933 1756 1094 1809; x_wconf 91' lang='lat' dir='ltr'><strong>quam</strong></span> <span class='ocrx_word' id='word_1_115' title='bbox 1140 1756 1421 1808; x_wconf 87' lang='lat' dir='ltr'><strong>caprarum</strong></span> <span class='ocrx_word' id='word_1_116' title='bbox 1469 1752 1520 1797; x_wconf 84' lang='lat' dir='ltr'><strong>ct</strong></span> <span class='ocrx_word' id='word_1_117' title='bbox 1557 1743 1741 1804; x_wconf 86' lang='lat' dir='ltr'><strong>boum,</strong></span> 
     </span>
    </p>
   </div>
   <div class='ocr_carea' id='block_1_18' title="bbox 169 1830 1742 1904">
    <p class='ocr_par' dir='ltr' id='par_1_18' title="bbox 169 1830 1742 1904">
     <span class='ocr_line' id='line_1_18' title="bbox 169 1830 1742 1904; baseline 0.004 -22"><span class='ocrx_word' id='word_1_118' title='bbox 169 1845 327 1882; x_wconf 83' lang='lat' dir='ltr'><strong>unum</strong></span> <span class='ocrx_word' id='word_1_119' title='bbox 377 1830 478 1884; x_wconf 92' lang='lat' dir='ltr'><strong>hoc</strong></span> <span class='ocrx_word' id='word_1_120' title='bbox 549 1831 668 1900; x_wconf 94' lang='lat' dir='ltr'><strong>plus</strong></span> <span class='ocrx_word' id='word_1_121' title='bbox 721 1832 773 1883; x_wconf 90' lang='lat' dir='ltr'><strong>in</strong></span> <span class='ocrx_word' id='word_1_122' title='bbox 825 1834 1019 1887; x_wconf 85' lang='lat' dir='ltr'><strong>ovibus</strong></span> <span class='ocrx_word' id='word_1_123' title='bbox 1067 1835 1381 1898; x_wconf 79' lang='lat' dir='ltr'><strong>custodivit,</strong></span> <span class='ocrx_word' id='word_1_124' title='bbox 1436 1835 1580 1904; x_wconf 87' lang='lat' dir='ltr'><strong>quod</strong></span> <span class='ocrx_word' id='word_1_125' title='bbox 1632 1852 1742 1889; x_wconf 90' lang='lat' dir='ltr'><strong>non</strong></span> 
     </span>
    </p>
   </div>
   <div class='ocr_carea' id='block_1_19' title="bbox 168 1921 1734 1994">
    <p class='ocr_par' dir='ltr' id='par_1_19' title="bbox 168 1921 1734 1994">
     <span class='ocr_line' id='line_1_19' title="bbox 168 1921 1734 1994; baseline 0.007 -24"><span class='ocrx_word' id='word_1_126' title='bbox 168 1921 330 1973; x_wconf 84' lang='lat' dir='ltr'><strong>solum</strong></span> <span class='ocrx_word' id='word_1_127' title='bbox 371 1922 608 1990; x_wconf 87' lang='lat' dir='ltr'><strong>adipem,</strong></span> <span class='ocrx_word' id='word_1_128' title='bbox 637 1923 1035 1994; x_wconf 91' lang='lat' dir='ltr'><strong>reticulumque</strong></span> <span class='ocrx_word' id='word_1_129' title='bbox 1055 1926 1275 1992; x_wconf 78' lang='lat' dir='ltr'><strong>jecoris,</strong></span> <span class='ocrx_word' id='word_1_130' title='bbox 1317 1928 1398 1979; x_wconf 87' lang='lat' dir='ltr'><strong>vel</strong></span> <span class='ocrx_word' id='word_1_131' title='bbox 1431 1928 1734 1982; x_wconf 87' lang='lat' dir='ltr'><strong>secundum</strong></span> 
     </span>
    </p>
   </div>
   <div class='ocr_carea' id='block_1_20' title="bbox 171 2010 1733 2083">
    <p class='ocr_par' dir='ltr' id='par_1_20' title="bbox 171 2010 1733 2083">
     <span class='ocr_line' id='line_1_20' title="bbox 171 2010 1733 2083; baseline 0.007 -21"><span class='ocrx_word' id='word_1_132' title='bbox 171 2010 512 2082; x_wconf 76' lang='lat' dir='ltr'><strong>Septuaginta</strong></span> <span class='ocrx_word' id='word_1_133' title='bbox 559 2014 781 2083; x_wconf 82' lang='lat' dir='ltr'><strong>pinnam</strong></span> <span class='ocrx_word' id='word_1_134' title='bbox 814 2015 1044 2083; x_wconf 87' lang='lat' dir='ltr'><strong>hepatis,</strong></span> <span class='ocrx_word' id='word_1_135' title='bbox 1082 2018 1176 2071; x_wconf 92' lang='lat' dir='ltr'><strong>sed</strong></span> <span class='ocrx_word' id='word_1_136' title='bbox 1212 2033 1372 2071; x_wconf 88' lang='lat' dir='ltr'><strong>renes</strong></span> <span class='ocrx_word' id='word_1_137' title='bbox 1409 2029 1462 2072; x_wconf 87' lang='lat' dir='ltr'><strong>et</strong></span> <span class='ocrx_word' id='word_1_138' title='bbox 1485 2019 1733 2073; x_wconf 80' lang='lat' dir='ltr'><strong>caudam.</strong></span> 
     </span>
    </p>
   </div>
   <div class='ocr_carea' id='block_1_21' title="bbox 168 2103 1734 2180">
    <p class='ocr_par' dir='ltr' id='par_1_21' title="bbox 168 2103 1734 2180">
     <span class='ocr_line' id='line_1_21' title="bbox 168 2103 1734 2180; baseline 0.006 -24"><span class='ocrx_word' id='word_1_139' title='bbox 168 2103 258 2158; x_wconf 80' lang='lat' dir='ltr'><strong>Vel</strong></span> <span class='ocrx_word' id='word_1_140' title='bbox 307 2105 445 2159; x_wconf 87' lang='lat' dir='ltr'><strong>idem</strong></span> <span class='ocrx_word' id='word_1_141' title='bbox 512 2107 814 2161; x_wconf 87' lang='lat' dir='ltr'><strong>secundum</strong></span> <span class='ocrx_word' id='word_1_142' title='bbox 861 2109 1211 2180; x_wconf 78' lang='lat' dir='ltr'><strong>Septuaginta</strong></span> <span class='ocrx_word' id='word_1_143' title='bbox 1266 2112 1508 2166; x_wconf 89' lang='lat' dir='ltr'><strong>lumbum</strong></span> <span class='ocrx_word' id='word_1_144' title='bbox 1542 2112 1734 2165; x_wconf 85' lang='lat' dir='ltr'><strong>imma-</strong></span> 
     </span>
    </p>
   </div>
   <div class='ocr_carea' id='block_1_22' title="bbox 164 2195 1738 2269">
    <p class='ocr_par' dir='ltr' id='par_1_22' title="bbox 164 2195 1738 2269">
     <span class='ocr_line' id='line_1_22' title="bbox 164 2195 1738 2269; baseline 0.008 -24"><span class='ocrx_word' id='word_1_145' title='bbox 164 2195 394 2250; x_wconf 77' lang='lat' dir='ltr'><strong>culatum</strong></span> <span class='ocrx_word' id='word_1_146' title='bbox 433 2213 556 2251; x_wconf 89' lang='lat' dir='ltr'><strong>cum</strong></span> <span class='ocrx_word' id='word_1_147' title='bbox 602 2199 825 2253; x_wconf 86' lang='lat' dir='ltr'><strong>renibus</strong></span> <span class='ocrx_word' id='word_1_148' title='bbox 856 2200 1010 2269; x_wconf 85' lang='lat' dir='ltr'><strong>jussit</strong></span> <span class='ocrx_word' id='word_1_149' title='bbox 1059 2201 1264 2256; x_wconf 68' lang='lat' dir='ltr'><strong>oﬂcrri.</strong></span> <span class='ocrx_word' id='word_1_150' title='bbox 1300 2201 1437 2268; x_wconf 89' lang='lat' dir='ltr'><strong>Quia</strong></span> <span class='ocrx_word' id='word_1_151' title='bbox 1488 2205 1632 2257; x_wconf 88' lang='lat' dir='ltr'><strong>enim</strong></span> <span class='ocrx_word' id='word_1_152' title='bbox 1679 2213 1738 2258; x_wconf 94' lang='lat' dir='ltr'><strong>ut</strong></span> 
     </span>
    </p>
   </div>
   <div class='ocr_carea' id='block_1_23' title="bbox 162 2291 1736 2362">
    <p class='ocr_par' dir='ltr' id='par_1_23' title="bbox 162 2291 1736 2362">
     <span class='ocr_line' id='line_1_23' title="bbox 162 2291 1736 2362; baseline 0.005 -18"><span class='ocrx_word' id='word_1_153' title='bbox 162 2291 405 2361; x_wconf 66' lang='lat' dir='ltr'><strong>s‘mplex,</strong></span> <span class='ocrx_word' id='word_1_154' title='bbox 458 2292 622 2346; x_wconf 90' lang='lat' dir='ltr'><strong>multa</strong></span> <span class='ocrx_word' id='word_1_155' title='bbox 658 2309 780 2361; x_wconf 68' lang='lat' dir='ltr'><strong>quze</strong></span> <span class='ocrx_word' id='word_1_156' title='bbox 818 2294 1033 2362; x_wconf 88' lang='lat' dir='ltr'><strong>operari</strong></span> <span class='ocrx_word' id='word_1_157' title='bbox 1084 2295 1288 2356; x_wconf 80' lang='lat' dir='ltr'><strong>debuit.</strong></span> <span class='ocrx_word' id='word_1_158' title='bbox 1343 2295 1544 2357; x_wconf 83' lang='lat' dir='ltr'><strong>omisit,</strong></span> <span class='ocrx_word' id='word_1_159' title='bbox 1572 2296 1736 2352; x_wconf 79' lang='lat' dir='ltr'><strong>debet</strong></span> 
     </span>
    </p>
   </div>
   <div class='ocr_carea' id='block_1_24' title="bbox 163 2385 1731 2448">
    <p class='ocr_par' dir='ltr' id='par_1_24' title="bbox 163 2385 1731 2448">
     <span class='ocr_line' id='line_1_24' title="bbox 163 2385 1731 2448; baseline 0.006 -13"><span class='ocrx_word' id='word_1_160' title='bbox 163 2400 308 2437; x_wconf 78' lang='lat' dir='ltr'><strong>suam</strong></span> <span class='ocrx_word' id='word_1_161' title='bbox 361 2385 613 2439; x_wconf 86' lang='lat' dir='ltr'><strong>virtutem</strong></span> <span class='ocrx_word' id='word_1_162' title='bbox 658 2385 858 2440; x_wconf 76' lang='lat' dir='ltr'><strong>oilerre</strong></span> <span class='ocrx_word' id='word_1_163' title='bbox 900 2385 1029 2448; x_wconf 87' lang='lat' dir='ltr'><strong>Deo,</strong></span> <span class='ocrx_word' id='word_1_164' title='bbox 1063 2397 1119 2441; x_wconf 92' lang='lat' dir='ltr'><strong>ut</strong></span> <span class='ocrx_word' id='word_1_165' title='bbox 1146 2404 1253 2441; x_wconf 87' lang='lat' dir='ltr'><strong>non</strong></span> <span class='ocrx_word' id='word_1_166' title='bbox 1301 2389 1498 2444; x_wconf 86' lang='lat' dir='ltr'><strong>virtute</strong></span> <span class='ocrx_word' id='word_1_167' title='bbox 1549 2407 1642 2444; x_wconf 86' lang='lat' dir='ltr'><strong>sua</strong></span> <span class='ocrx_word' id='word_1_168' title='bbox 1678 2390 1731 2444; x_wconf 92' lang='lat' dir='ltr'><strong>in</strong></span> 
     </span>
    </p>
   </div>
   <div class='ocr_carea' id='block_1_25' title="bbox 162 2476 1739 2545">
    <p class='ocr_par' dir='ltr' id='par_1_25' title="bbox 162 2476 1739 2545">
     <span class='ocr_line' id='line_1_25' title="bbox 162 2476 1739 2545; baseline 0.006 -17"><span class='ocrx_word' id='word_1_169' title='bbox 162 2476 355 2529; x_wconf 87' lang='lat' dir='ltr'><strong>malum</strong></span> <span class='ocrx_word' id='word_1_170' title='bbox 385 2485 443 2531; x_wconf 86' lang='lat' dir='ltr'><strong>ut</strong></span> <span class='ocrx_word' id='word_1_171' title='bbox 475 2477 725 2543; x_wconf 76' lang='lat' dir='ltr'><strong>simplex,</strong></span> <span class='ocrx_word' id='word_1_172' title='bbox 778 2479 872 2532; x_wconf 83' lang='lat' dir='ltr'><strong>sed</strong></span> <span class='ocrx_word' id='word_1_173' title='bbox 926 2482 1094 2539; x_wconf 62' lang='lat' dir='ltr'><strong>magis</strong></span> <span class='ocrx_word' id='word_1_174' title='bbox 1128 2491 1305 2535; x_wconf 91' lang='lat' dir='ltr'><strong>utatur</strong></span> <span class='ocrx_word' id='word_1_175' title='bbox 1345 2499 1394 2534; x_wconf 83' lang='grc' dir='ltr'><strong>ιιι</strong></span> <span class='ocrx_word' id='word_1_176' title='bbox 1427 2484 1650 2545; x_wconf 87' lang='lat' dir='ltr'><strong>bonum,</strong></span> <span class='ocrx_word' id='word_1_177' title='bbox 1683 2494 1739 2538; x_wconf 89' lang='lat' dir='ltr'><strong>et</strong></span> 
     </span>
    </p>
   </div>
   <div class='ocr_carea' id='block_1_26' title="bbox 162 2568 1737 2641">
    <p class='ocr_par' dir='ltr' id='par_1_26' title="bbox 162 2568 1737 2641">
     <span class='ocr_line' id='line_1_26' title="bbox 162 2568 1737 2641; baseline 0.006 -21"><span class='ocrx_word' id='word_1_178' title='bbox 162 2568 502 2624; x_wconf 88' lang='lat' dir='ltr'><strong>manifestum</strong></span> <span class='ocrx_word' id='word_1_179' title='bbox 563 2571 747 2633; x_wconf 88' lang='lat' dir='ltr'><strong>faciat,</strong></span> <span class='ocrx_word' id='word_1_180' title='bbox 798 2572 922 2641; x_wconf 89' lang='lat' dir='ltr'><strong>quia</strong></span> <span class='ocrx_word' id='word_1_181' title='bbox 981 2573 1116 2626; x_wconf 87' lang='lat' dir='ltr'><strong>nihl</strong></span> <span class='ocrx_word' id='word_1_182' title='bbox 1166 2590 1225 2626; x_wconf 77' lang='lat' dir='ltr'><strong>ex</strong></span> <span class='ocrx_word' id='word_1_183' title='bbox 1297 2576 1378 2628; x_wconf 83' lang='lat' dir='ltr'><strong>his</strong></span> <span class='ocrx_word' id='word_1_184' title='bbox 1425 2592 1544 2640; x_wconf 65' lang='lat' dir='ltr'><strong>qua!</strong></span> <span class='ocrx_word' id='word_1_185' title='bbox 1598 2577 1737 2629; x_wconf 72' lang='lat' dir='ltr'><strong>scire</strong></span> 
     </span>
    </p>
   </div>
   <div class='ocr_carea' id='block_1_27' title="bbox 161 2665 1735 2736">
    <p class='ocr_par' dir='ltr' id='par_1_27' title="bbox 161 2665 1735 2736">
     <span class='ocr_line' id='line_1_27' title="bbox 161 2665 1735 2736; baseline 0.008 -26"><span class='ocrx_word' id='word_1_186' title='bbox 161 2669 354 2732; x_wconf 83' lang='lat' dir='ltr'><strong>potest,</strong></span> <span class='ocrx_word' id='word_1_187' title='bbox 399 2672 454 2717; x_wconf 90' lang='lat' dir='ltr'><strong>et</strong></span> <span class='ocrx_word' id='word_1_188' title='bbox 495 2665 720 2732; x_wconf 73' lang='lat' dir='ltr'><strong>exsequi</strong></span> <span class='ocrx_word' id='word_1_189' title='bbox 769 2665 970 2719; x_wconf 49' lang='lat' dir='ltr'><strong>omisit.</strong></span> <span class='ocrx_word' id='word_1_190' title='bbox 1013 2665 1146 2718; x_wconf 79' lang='lat' dir='ltr'><strong>Nam</strong></span> <span class='ocrx_word' id='word_1_191' title='bbox 1197 2669 1339 2736; x_wconf 83' lang='lat' dir='ltr'><strong>quoi</strong></span> <span class='ocrx_word' id='word_1_192' title='bbox 1387 2686 1483 2735; x_wconf 86' lang='lat' dir='ltr'><strong>pro</strong></span> <span class='ocrx_word' id='word_1_193' title='bbox 1519 2670 1735 2728; x_wconf 83' lang='lat' dir='ltr'><strong>virtute.</strong></span> 
     </span>
    </p>
   </div>
   <div class='ocr_carea' id='block_1_28' title="bbox 157 2756 1737 2826">
    <p class='ocr_par' dir='ltr' id='par_1_28' title="bbox 157 2756 1737 2826">
     <span class='ocr_line' id='line_1_28' title="bbox 157 2756 1737 2826; baseline 0.006 -22"><span class='ocrx_word' id='word_1_194' title='bbox 157 2771 262 2820; x_wconf 88' lang='lat' dir='ltr'><strong>qua</strong></span> <span class='ocrx_word' id='word_1_195' title='bbox 293 2756 524 2809; x_wconf 64' lang='lat' dir='ltr'><strong>maxime</strong></span> <span class='ocrx_word' id='word_1_196' title='bbox 574 2756 790 2811; x_wconf 86' lang='lat' dir='ltr'><strong>lumbus</strong></span> <span class='ocrx_word' id='word_1_197' title='bbox 817 2761 954 2826; x_wconf 83' lang='lat' dir='ltr'><strong>apud</strong></span> <span class='ocrx_word' id='word_1_198' title='bbox 993 2768 1233 2813; x_wconf 74' lang='lat' dir='ltr'><strong>sumrtam</strong></span> <span class='ocrx_word' id='word_1_199' title='bbox 1278 2759 1616 2825; x_wconf 75' lang='lat' dir='ltr'><strong>Scriptorum</strong></span> <span class='ocrx_word' id='word_1_200' title='bbox 1641 2777 1737 2815; x_wconf 82' lang='lat' dir='ltr'><strong>ac-</strong></span> 
     </span>
    </p>
   </div>
   <div class='ocr_carea' id='block_1_29' title="bbox 155 2847 1738 2919">
    <p class='ocr_par' dir='ltr' id='par_1_29' title="bbox 155 2847 1738 2919">
     <span class='ocr_line' id='line_1_29' title="bbox 155 2847 1738 2919; baseline 0.004 -19"><span class='ocrx_word' id='word_1_201' title='bbox 155 2847 372 2913; x_wconf 87' lang='lat' dir='ltr'><strong>cipitur,</strong></span> <span class='ocrx_word' id='word_1_202' title='bbox 423 2850 707 2918; x_wconf 79' lang='lat' dir='ltr'><strong>cognoscis</strong></span> <span class='ocrx_word' id='word_1_203' title='bbox 749 2865 815 2903; x_wconf 85' lang='lat' dir='ltr'><strong>ex</strong></span> <span class='ocrx_word' id='word_1_204' title='bbox 866 2850 949 2904; x_wconf 89' lang='lat' dir='ltr'><strong>his</strong></span> <span class='ocrx_word' id='word_1_205' title='bbox 990 2851 1042 2904; x_wconf 90' lang='lat' dir='ltr'><strong>in</strong></span> <span class='ocrx_word' id='word_1_206' title='bbox 1091 2854 1288 2919; x_wconf 58' lang='lat' dir='ltr'><strong>quibus</strong></span> <span class='ocrx_word' id='word_1_207' title='bbox 1358 2855 1598 2906; x_wconf 67' lang='lat' dir='ltr'><strong>llolmwn</strong></span> <span class='ocrx_word' id='word_1_208' title='bbox 1635 2855 1738 2906; x_wconf 90' lang='lat' dir='ltr'><strong>cir-</strong></span> 
     </span>
    </p>
   </div>
   <div class='ocr_carea' id='block_1_30' title="bbox 151 2939 1737 3007">
    <p class='ocr_par' dir='ltr' id='par_1_30' title="bbox 151 2939 1737 3007">
     <span class='ocr_line' id='line_1_30' title="bbox 151 2939 1737 3007; baseline 0.003 -17"><span class='ocrx_word' id='word_1_209' title='bbox 151 2947 485 2991; x_wconf 80' lang='lat' dir='ltr'><strong>cumstantes</strong></span> <span class='ocrx_word' id='word_1_210' title='bbox 533 2939 684 3006; x_wconf 85' lang='lat' dir='ltr'><strong>pueri</strong></span> <span class='ocrx_word' id='word_1_211' title='bbox 737 2948 926 2992; x_wconf 87' lang='lat' dir='ltr'><strong>contra</strong></span> <span class='ocrx_word' id='word_1_212' title='bbox 980 2940 1235 3007; x_wconf 80' lang='lat' dir='ltr'><strong>pupulum</strong></span> <span class='ocrx_word' id='word_1_213' title='bbox 1274 2940 1638 2993; x_wconf 70' lang='lat' dir='ltr'><strong>lJlllll-it‘flllll.</strong></span> <span class='ocrx_word' id='word_1_214' title='bbox 1677 2950 1737 2994; x_wconf 92' lang='lat' dir='ltr'><strong>ut</strong></span> 
     </span>
    </p>
   </div>
   <div class='ocr_carea' id='block_1_31' title="bbox 154 3029 1734 3097">
    <p class='ocr_par' dir='ltr' id='par_1_31' title="bbox 154 3029 1734 3097">
     <span class='ocr_line' id='line_1_31' title="bbox 154 3029 1734 3097; baseline 0.004 -17"><span class='ocrx_word' id='word_1_215' title='bbox 154 3029 346 3081; x_wconf 82' lang='lat' dir='ltr'><strong>fortem</strong></span> <span class='ocrx_word' id='word_1_216' title='bbox 418 3030 770 3097; x_wconf 80' lang='lat' dir='ltr'><strong>semetipsum</strong></span> <span class='ocrx_word' id='word_1_217' title='bbox 826 3040 881 3083; x_wconf 79' lang='lat' dir='ltr'><strong>et</strong></span> <span class='ocrx_word' id='word_1_218' title='bbox 934 3032 1230 3083; x_wconf 79' lang='lat' dir='ltr'><strong>terribilem</strong></span> <span class='ocrx_word' id='word_1_219' title='bbox 1295 3033 1734 3087; x_wconf 71' lang='lat' dir='ltr'><strong>demonstraret:</strong></span> 
     </span>
    </p>
   </div>
   <div class='ocr_carea' id='block_1_32' title="bbox 153 3120 1736 3195">
    <p class='ocr_par' dir='ltr' id='par_1_32' title="bbox 153 3120 1736 3195">
     <span class='ocr_line' id='line_1_32' title="bbox 153 3120 1736 3195; baseline 0.004 -23"><span class='ocrx_word' id='word_1_220' title='bbox 153 3120 280 3173; x_wconf 70' lang='lat' dir='ltr'><strong>&quot;mc</strong></span> <span class='ocrx_word' id='word_1_221' title='bbox 312 3123 453 3174; x_wconf 73' lang='lat' dir='ltr'><strong>(lices</strong></span> <span class='ocrx_word' id='word_1_222' title='bbox 487 3122 557 3174; x_wconf 83' lang='lat' dir='ltr'><strong>ad</strong></span> <span class='ocrx_word' id='word_1_223' title='bbox 582 3138 666 3174; x_wconf 80' lang='lat' dir='ltr'><strong>eos</strong></span> <span class='ocrx_word' id='word_1_224' title='bbox 699 3138 716 3174; x_wconf 85' lang='lat'><strong>.&#39;</strong></span> <span class='ocrx_word' id='word_1_225' title='bbox 756 3121 1000 3175; x_wconf 76' lang='lat' dir='ltr'><strong>Minimus</strong></span> <span class='ocrx_word' id='word_1_226' title='bbox 1025 3125 1219 3192; x_wconf 78' lang='lat' dir='ltr'><strong>digitus</strong></span> <span class='ocrx_word' id='word_1_227' title='bbox 1253 3142 1394 3178; x_wconf 86' lang='lat' dir='ltr'><strong>meus</strong></span> <span class='ocrx_word' id='word_1_228' title='bbox 1418 3143 1477 3195; x_wconf 82' lang='lat' dir='ltr'><strong>gr</strong></span> <span class='ocrx_word' id='word_1_229' title='bbox 1514 3129 1644 3179; x_wconf 86' lang='lat' dir='ltr'><strong>ssior</strong></span> <span class='ocrx_word' id='word_1_230' title='bbox 1665 3136 1736 3179; x_wconf 82' lang='lat' dir='ltr'><strong>est</strong></span> 
     </span>
    </p>
   </div>
   <div class='ocr_carea' id='block_1_33' title="bbox 1851 632 3429 703">
    <p class='ocr_par' dir='ltr' id='par_1_33' title="bbox 1851 632 3429 703">
     <span class='ocr_line' id='line_1_33' title="bbox 1851 632 3429 703; baseline -0.004 -13"><span class='ocrx_word' id='word_1_231' title='bbox 1851 640 2066 694; x_wconf 69' lang='lat' dir='ltr'><strong>munda:</strong></span> <span class='ocrx_word' id='word_1_232' title='bbox 2092 647 2238 693; x_wconf 89' lang='lat' dir='ltr'><strong>sunt.</strong></span> <span class='ocrx_word' id='word_1_233' title='bbox 2268 636 2372 703; x_wconf 70' lang='lat' dir='ltr'><strong>Qui</strong></span> <span class='ocrx_word' id='word_1_234' title='bbox 2398 645 2579 689; x_wconf 89' lang='lat' dir='ltr'><strong>autem</strong></span> <span class='ocrx_word' id='word_1_235' title='bbox 2605 651 2670 689; x_wconf 78' lang='lat' dir='ltr'><strong>ex</strong></span> <span class='ocrx_word' id='word_1_236' title='bbox 2699 635 2876 690; x_wconf 89' lang='lat' dir='ltr'><strong>bobus</strong></span> <span class='ocrx_word' id='word_1_237' title='bbox 2897 632 3228 687; x_wconf 86' lang='lat' dir='ltr'><strong>sacriﬁcium</strong></span> <span class='ocrx_word' id='word_1_238' title='bbox 3249 633 3429 694; x_wconf 78' lang='lat' dir='ltr'><strong>oﬁcrt,</strong></span> 
     </span>
    </p>
   </div>
   <div class='ocr_carea' id='block_1_34' title="bbox 1852 726 3431 801">
    <p class='ocr_par' dir='ltr' id='par_1_34' title="bbox 1852 726 3431 801">
     <span class='ocr_line' id='line_1_34' title="bbox 1852 726 3431 801; baseline -0.005 -17"><span class='ocrx_word' id='word_1_239' title='bbox 1852 741 2036 800; x_wconf 83' lang='lat' dir='ltr'><strong>utpote</strong></span> <span class='ocrx_word' id='word_1_240' title='bbox 2071 740 2325 801; x_wconf 87' lang='lat' dir='ltr'><strong>operator</strong></span> <span class='ocrx_word' id='word_1_241' title='bbox 2363 729 2616 798; x_wconf 77' lang='lat' dir='ltr'><strong>legalium</strong></span> <span class='ocrx_word' id='word_1_242' title='bbox 2668 728 3074 788; x_wconf 88' lang='lat' dir='ltr'><strong>mamlatorum,</strong></span> <span class='ocrx_word' id='word_1_243' title='bbox 3120 741 3228 778; x_wconf 89' lang='lat' dir='ltr'><strong>non</strong></span> <span class='ocrx_word' id='word_1_244' title='bbox 3273 726 3431 778; x_wconf 79' lang='lat' dir='ltr'><strong>habet</strong></span> 
     </span>
    </p>
   </div>
   <div class='ocr_carea' id='block_1_35' title="bbox 1850 816 3435 887">
    <p class='ocr_par' dir='ltr' id='par_1_35' title="bbox 1850 816 3435 887">
     <span class='ocr_line' id='line_1_35' title="bbox 1850 816 3435 887; baseline -0.005 -13"><span class='ocrx_word' id='word_1_245' title='bbox 1850 822 2232 877; x_wconf 78' lang='lat' dir='ltr'><strong>necessitatem</strong></span> <span class='ocrx_word' id='word_1_246' title='bbox 2281 821 2525 874; x_wconf 89' lang='lat' dir='ltr'><strong>lumbum</strong></span> <span class='ocrx_word' id='word_1_247' title='bbox 2577 816 2799 882; x_wconf 77' lang='lat' dir='ltr'><strong>od‘erre,</strong></span> <span class='ocrx_word' id='word_1_248' title='bbox 2853 819 2979 887; x_wconf 86' lang='lat' dir='ltr'><strong>quia</strong></span> <span class='ocrx_word' id='word_1_249' title='bbox 3024 818 3127 871; x_wconf 77' lang='lat' dir='ltr'><strong>hoc</strong></span> <span class='ocrx_word' id='word_1_250' title='bbox 3161 817 3215 870; x_wconf 95' lang='lat' dir='ltr'><strong>in</strong></span> <span class='ocrx_word' id='word_1_251' title='bbox 3250 831 3435 871; x_wconf 67' lang='lat' dir='ltr'><strong>corre-</strong></span> 
     </span>
    </p>
   </div>
   <div class='ocr_carea' id='block_1_36' title="bbox 1849 909 3438 974">
    <p class='ocr_par' dir='ltr' id='par_1_36' title="bbox 1849 909 3438 974">
     <span class='ocr_line' id='line_1_36' title="bbox 1849 909 3438 974; baseline -0.007 -6"><span class='ocrx_word' id='word_1_252' title='bbox 1849 915 2031 968; x_wconf 82' lang='lat' dir='ltr'><strong>ctione</strong></span> <span class='ocrx_word' id='word_1_253' title='bbox 2067 915 2329 968; x_wconf 89' lang='lat' dir='ltr'><strong>bouarnm</strong></span> <span class='ocrx_word' id='word_1_254' title='bbox 2355 913 2582 969; x_wconf 88' lang='lat' dir='ltr'><strong>sortitus</strong></span> <span class='ocrx_word' id='word_1_255' title='bbox 2606 919 2690 964; x_wconf 86' lang='lat' dir='ltr'><strong>est</strong></span> <span class='ocrx_word' id='word_1_256' title='bbox 2719 910 3021 964; x_wconf 87' lang='lat' dir='ltr'><strong>actionum.</strong></span> <span class='ocrx_word' id='word_1_257' title='bbox 3055 909 3104 963; x_wconf 92' lang='lat' dir='ltr'><strong>ls</strong></span> <span class='ocrx_word' id='word_1_258' title='bbox 3135 917 3317 962; x_wconf 90' lang='lat' dir='ltr'><strong>autem</strong></span> <span class='ocrx_word' id='word_1_259' title='bbox 3348 925 3438 974; x_wconf 77' lang='grc' dir='ltr'>ιιυι</span> 
     </span>
    </p>
   </div>
   <div class='ocr_carea' id='block_1_37' title="bbox 1848 1000 3438 1077">
    <p class='ocr_par' dir='ltr' id='par_1_37' title="bbox 1848 1000 3438 1077">
     <span class='ocr_line' id='line_1_37' title="bbox 1848 1000 3438 1077; baseline -0.006 -15"><span class='ocrx_word' id='word_1_260' title='bbox 1848 1009 1916 1062; x_wconf 83' lang='lat' dir='ltr'><strong>de</strong></span> <span class='ocrx_word' id='word_1_261' title='bbox 1953 1007 2132 1077; x_wconf 86' lang='lat' dir='ltr'><strong>capris</strong></span> <span class='ocrx_word' id='word_1_262' title='bbox 2173 1007 2437 1069; x_wconf 86' lang='lat' dir='ltr'><strong>immolat,</strong></span> <span class='ocrx_word' id='word_1_263' title='bbox 2488 1006 2591 1061; x_wconf 84' lang='lat' dir='ltr'><strong>etsi</strong></span> <span class='ocrx_word' id='word_1_264' title='bbox 2640 1003 2907 1073; x_wconf 84' lang='lat' dir='ltr'><strong>simplicis</strong></span> <span class='ocrx_word' id='word_1_265' title='bbox 2949 1010 3032 1056; x_wconf 89' lang='lat' dir='ltr'><strong>est</strong></span> <span class='ocrx_word' id='word_1_266' title='bbox 3074 1000 3312 1071; x_wconf 83' lang='lat' dir='ltr'><strong>generis,</strong></span> <span class='ocrx_word' id='word_1_267' title='bbox 3347 1017 3438 1053; x_wconf 65' lang='lat' dir='ltr'><strong>ve~</strong></span> 
     </span>
    </p>
   </div>
   <div class='ocr_carea' id='block_1_38' title="bbox 1851 1092 3442 1169">
    <p class='ocr_par' dir='ltr' id='par_1_38' title="bbox 1851 1092 3442 1169">
     <span class='ocr_line' id='line_1_38' title="bbox 1851 1092 3442 1169; baseline -0.007 -15"><span class='ocrx_word' id='word_1_268' title='bbox 1851 1110 2154 1154; x_wconf 90' lang='lat' dir='ltr'><strong>rumlamen</strong></span> <span class='ocrx_word' id='word_1_269' title='bbox 2205 1099 2330 1169; x_wconf 87' lang='lat' dir='ltr'><strong>quia</strong></span> <span class='ocrx_word' id='word_1_270' title='bbox 2379 1115 2446 1152; x_wconf 70' lang='lat' dir='ltr'><strong>ex</strong></span> <span class='ocrx_word' id='word_1_271' title='bbox 2495 1097 2878 1166; x_wconf 87' lang='lat' dir='ltr'><strong>peccatoribus</strong></span> <span class='ocrx_word' id='word_1_272' title='bbox 2926 1092 3210 1150; x_wconf 86' lang='lat' dir='ltr'><strong>conversis</strong></span> <span class='ocrx_word' id='word_1_273' title='bbox 3285 1094 3442 1148; x_wconf 80' lang='lat' dir='ltr'><strong>intel—</strong></span> 
     </span>
    </p>
   </div>
   <div class='ocr_carea' id='block_1_39' title="bbox 1850 1185 3437 1262">
    <p class='ocr_par' dir='ltr' id='par_1_39' title="bbox 1850 1185 3437 1262">
     <span class='ocr_line' id='line_1_39' title="bbox 1850 1185 3437 1262; baseline -0.003 -16"><span class='ocrx_word' id='word_1_274' title='bbox 1850 1195 2021 1248; x_wconf 86' lang='lat' dir='ltr'><strong>lectus</strong></span> <span class='ocrx_word' id='word_1_275' title='bbox 2040 1203 2142 1257; x_wconf 91' lang='lat' dir='ltr'><strong>cst,</strong></span> <span class='ocrx_word' id='word_1_276' title='bbox 2164 1209 2271 1246; x_wconf 91' lang='lat' dir='ltr'><strong>non</strong></span> <span class='ocrx_word' id='word_1_277' title='bbox 2297 1201 2477 1262; x_wconf 84' lang='lat' dir='ltr'><strong>potest</strong></span> <span class='ocrx_word' id='word_1_278' title='bbox 2495 1192 2742 1246; x_wconf 88' lang='lat' dir='ltr'><strong>lumbum</strong></span> <span class='ocrx_word' id='word_1_279' title='bbox 2773 1188 3188 1244; x_wconf 66' lang='lat' dir='ltr'><strong>imn&#39;iaculatnm</strong></span> <span class='ocrx_word' id='word_1_280' title='bbox 3216 1185 3437 1242; x_wconf 65' lang='lat' dir='ltr'><strong>Oilei-re.</strong></span> 
     </span>
    </p>
   </div>
   <div class='ocr_carea' id='block_1_40' title="bbox 1847 1278 3438 1356">
    <p class='ocr_par' dir='ltr' id='par_1_40' title="bbox 1847 1278 3438 1356">
     <span class='ocr_line' id='line_1_40' title="bbox 1847 1278 3438 1356; baseline -0.006 -16"><span class='ocrx_word' id='word_1_281' title='bbox 1847 1287 1973 1340; x_wconf 84' lang='lat' dir='ltr'><strong>olim</strong></span> <span class='ocrx_word' id='word_1_282' title='bbox 2029 1287 2229 1356; x_wconf 88' lang='lat' dir='ltr'><strong>quippe</strong></span> <span class='ocrx_word' id='word_1_283' title='bbox 2273 1301 2397 1340; x_wconf 90' lang='lat' dir='ltr'><strong>cum</strong></span> <span class='ocrx_word' id='word_1_284' title='bbox 2444 1293 2666 1354; x_wconf 73' lang='lat' dir='ltr'><strong>peccato</strong></span> <span class='ocrx_word' id='word_1_285' title='bbox 2709 1281 3022 1337; x_wconf 80' lang='lat' dir='ltr'><strong>maculavit.</strong></span> <span class='ocrx_word' id='word_1_286' title='bbox 3087 1278 3438 1333; x_wconf 66' lang='lat' dir='ltr'><strong>Manifestum</strong></span> 
     </span>
    </p>
   </div>
   <div class='ocr_carea' id='block_1_41' title="bbox 1845 1373 3441 1452">
    <p class='ocr_par' dir='ltr' id='par_1_41' title="bbox 1845 1373 3441 1452">
     <span class='ocr_line' id='line_1_41' title="bbox 1845 1373 3441 1452; baseline -0.006 -18"><span class='ocrx_word' id='word_1_287' title='bbox 1845 1391 1928 1436; x_wconf 84' lang='lat' dir='ltr'><strong>est</strong></span> <span class='ocrx_word' id='word_1_288' title='bbox 1957 1397 2086 1452; x_wconf 83' lang='lat' dir='ltr'><strong>ergo</strong></span> <span class='ocrx_word' id='word_1_289' title='bbox 2137 1381 2281 1450; x_wconf 87' lang='lat' dir='ltr'><strong>quod</strong></span> <span class='ocrx_word' id='word_1_290' title='bbox 2326 1381 2412 1434; x_wconf 91' lang='lat' dir='ltr'><strong>hic</strong></span> <span class='ocrx_word' id='word_1_291' title='bbox 2447 1379 2689 1448; x_wconf 88' lang='lat' dir='ltr'><strong>quidem,</strong></span> <span class='ocrx_word' id='word_1_292' title='bbox 2729 1385 2915 1445; x_wconf 86' lang='lat' dir='ltr'><strong>utpote</strong></span> <span class='ocrx_word' id='word_1_293' title='bbox 2968 1391 3058 1444; x_wconf 66' lang='lat' dir='ltr'><strong>q&#39;u</strong></span> <span class='ocrx_word' id='word_1_294' title='bbox 3111 1389 3221 1428; x_wconf 92' lang='lat' dir='ltr'><strong>non</strong></span> <span class='ocrx_word' id='word_1_295' title='bbox 3263 1373 3441 1426; x_wconf 80' lang='lat' dir='ltr'><strong>fuerat</strong></span> 
     </span>
    </p>
   </div>
   <div class='ocr_carea' id='block_1_42' title="bbox 1849 1463 3435 1544">
    <p class='ocr_par' dir='ltr' id='par_1_42' title="bbox 1849 1463 3435 1544">
     <span class='ocr_line' id='line_1_42' title="bbox 1849 1463 3435 1544; baseline -0.008 -18"><span class='ocrx_word' id='word_1_296' title='bbox 1849 1473 1899 1526; x_wconf 91' lang='lat' dir='ltr'><strong>in</strong></span> <span class='ocrx_word' id='word_1_297' title='bbox 1949 1472 2204 1542; x_wconf 86' lang='lat' dir='ltr'><strong>peccatis,</strong></span> <span class='ocrx_word' id='word_1_298' title='bbox 2255 1470 2662 1524; x_wconf 86' lang='lat' dir='ltr'><strong>immaculatum</strong></span> <span class='ocrx_word' id='word_1_299' title='bbox 2711 1466 2959 1519; x_wconf 90' lang='lat' dir='ltr'><strong>lumbum</strong></span> <span class='ocrx_word' id='word_1_300' title='bbox 3001 1463 3203 1518; x_wconf 77' lang='lat' dir='ltr'><strong>olIerre</strong></span> <span class='ocrx_word' id='word_1_301' title='bbox 3235 1471 3435 1544; x_wconf 75' lang='lat' dir='ltr'><strong>potest.</strong></span> 
     </span>
    </p>
   </div>
   <div class='ocr_carea' id='block_1_43' title="bbox 1846 1555 3436 1628">
    <p class='ocr_par' dir='ltr' id='par_1_43' title="bbox 1846 1555 3436 1628">
     <span class='ocr_line' id='line_1_43' title="bbox 1846 1555 3436 1628; baseline -0.006 -14"><span class='ocrx_word' id='word_1_302' title='bbox 1846 1561 1946 1626; x_wconf 90' lang='lat' dir='ltr'><strong>Qui</strong></span> <span class='ocrx_word' id='word_1_303' title='bbox 1982 1577 2113 1616; x_wconf 88' lang='lat' dir='ltr'><strong>vero</strong></span> <span class='ocrx_word' id='word_1_304' title='bbox 2141 1561 2262 1622; x_wconf 80' lang='lat' dir='ltr'><strong>fuit.</strong></span> <span class='ocrx_word' id='word_1_305' title='bbox 2291 1560 2381 1614; x_wconf 92' lang='lat' dir='ltr'><strong>hic</strong></span> <span class='ocrx_word' id='word_1_306' title='bbox 2416 1560 2525 1628; x_wconf 83' lang='lat' dir='ltr'><strong>jam</strong></span> <span class='ocrx_word' id='word_1_307' title='bbox 2562 1575 2672 1612; x_wconf 91' lang='lat' dir='ltr'><strong>non</strong></span> <span class='ocrx_word' id='word_1_308' title='bbox 2701 1556 2867 1609; x_wconf 73' lang='lat' dir='ltr'><strong>offert</strong></span> <span class='ocrx_word' id='word_1_309' title='bbox 2886 1555 3132 1609; x_wconf 85' lang='lat' dir='ltr'><strong>lumbum</strong></span> <span class='ocrx_word' id='word_1_310' title='bbox 3166 1555 3219 1607; x_wconf 92' lang='lat' dir='ltr'><strong>in</strong></span> <span class='ocrx_word' id='word_1_311' title='bbox 3262 1555 3436 1607; x_wconf 80' lang='lat' dir='ltr'><strong>sacri-</strong></span> 
     </span>
    </p>
   </div>
   <div class='ocr_carea' id='block_1_44' title="bbox 1848 1645 3439 1723">
    <p class='ocr_par' dir='ltr' id='par_1_44' title="bbox 1848 1645 3439 1723">
     <span class='ocr_line' id='line_1_44' title="bbox 1848 1645 3439 1723; baseline -0.006 -16"><span class='ocrx_word' id='word_1_312' title='bbox 1848 1654 1985 1707; x_wconf 87' lang='lat' dir='ltr'><strong>ﬁciis</strong></span> <span class='ocrx_word' id='word_1_313' title='bbox 2012 1672 2025 1707; x_wconf 93' lang='lat'><strong>:</strong></span> <span class='ocrx_word' id='word_1_314' title='bbox 2064 1653 2329 1723; x_wconf 85' lang='lat' dir='ltr'><strong>siquidem</strong></span> <span class='ocrx_word' id='word_1_315' title='bbox 2356 1667 2478 1723; x_wconf 54' lang='lat' dir='ltr'><strong>quae</strong></span> <span class='ocrx_word' id='word_1_316' title='bbox 2506 1661 2654 1714; x_wconf 88' lang='lat' dir='ltr'><strong>sunt,</strong></span> <span class='ocrx_word' id='word_1_317' title='bbox 2677 1665 2684 1677; x_wconf 62' lang='grc' dir='ltr'><strong><em>ο</em></strong></span> <span class='ocrx_word' id='word_1_318' title='bbox 2705 1650 2773 1704; x_wconf 90' lang='lat' dir='ltr'><strong>de</strong></span> <span class='ocrx_word' id='word_1_319' title='bbox 2807 1647 2988 1718; x_wconf 85' lang='lat' dir='ltr'><strong>capris</strong></span> <span class='ocrx_word' id='word_1_320' title='bbox 3018 1647 3337 1710; x_wconf 89' lang='lat' dir='ltr'><strong>ascribitur,</strong></span> <span class='ocrx_word' id='word_1_321' title='bbox 3372 1645 3439 1698; x_wconf 84' lang='lat' dir='ltr'><strong>de</strong></span> 
     </span>
    </p>
   </div>
   <div class='ocr_carea' id='block_1_45' title="bbox 1846 1737 3437 1812">
    <p class='ocr_par' dir='ltr' id='par_1_45' title="bbox 1846 1737 3437 1812">
     <span class='ocr_line' id='line_1_45' title="bbox 1846 1737 3437 1812; baseline -0.003 -18"><span class='ocrx_word' id='word_1_322' title='bbox 1846 1743 2045 1812; x_wconf 84' lang='lat' dir='ltr'><strong>quibus</strong></span> <span class='ocrx_word' id='word_1_323' title='bbox 2087 1741 2332 1797; x_wconf 85' lang='lat' dir='ltr'><strong>lumbum</strong></span> <span class='ocrx_word' id='word_1_324' title='bbox 2367 1742 2553 1796; x_wconf 84' lang='lat' dir='ltr'><strong>oﬂ&#39;erri</strong></span> <span class='ocrx_word' id='word_1_325' title='bbox 2604 1756 2715 1794; x_wconf 92' lang='lat' dir='ltr'><strong>non</strong></span> <span class='ocrx_word' id='word_1_326' title='bbox 2761 1738 3018 1802; x_wconf 89' lang='lat' dir='ltr'><strong>sancivit,</strong></span> <span class='ocrx_word' id='word_1_327' title='bbox 3067 1744 3124 1791; x_wconf 79' lang='lat' dir='ltr'><strong>et</strong></span> <span class='ocrx_word' id='word_1_328' title='bbox 3155 1737 3258 1790; x_wconf 85' lang='lat' dir='ltr'><strong>hoc</strong></span> <span class='ocrx_word' id='word_1_329' title='bbox 3299 1745 3437 1790; x_wconf 87' lang='lat' dir='ltr'><strong>erat.</strong></span> 
     </span>
    </p>
   </div>
   <div class='ocr_carea' id='block_1_46' title="bbox 1846 1829 3438 1904">
    <p class='ocr_par' dir='ltr' id='par_1_46' title="bbox 1846 1829 3438 1904">
     <span class='ocr_line' id='line_1_46' title="bbox 1846 1829 3438 1904; baseline -0.005 -16"><span class='ocrx_word' id='word_1_330' title='bbox 1846 1843 2070 1904; x_wconf 89' lang='lat' dir='ltr'><strong>propter</strong></span> <span class='ocrx_word' id='word_1_331' title='bbox 2104 1835 2248 1904; x_wconf 89' lang='lat' dir='ltr'><strong>quod</strong></span> <span class='ocrx_word' id='word_1_332' title='bbox 2281 1834 2335 1888; x_wconf 92' lang='lat' dir='ltr'><strong>in</strong></span> <span class='ocrx_word' id='word_1_333' title='bbox 2359 1833 2629 1888; x_wconf 89' lang='lat' dir='ltr'><strong>sacriﬁcio</strong></span> <span class='ocrx_word' id='word_1_334' title='bbox 2651 1832 3008 1902; x_wconf 87' lang='lat' dir='ltr'><strong>paciﬁcorum</strong></span> <span class='ocrx_word' id='word_1_335' title='bbox 3041 1831 3110 1884; x_wconf 87' lang='lat' dir='ltr'><strong>ab</strong></span> <span class='ocrx_word' id='word_1_336' title='bbox 3149 1829 3305 1899; x_wconf 84' lang='lat' dir='ltr'><strong>agnis</strong></span> <span class='ocrx_word' id='word_1_337' title='bbox 3345 1844 3438 1881; x_wconf 84' lang='lat' dir='ltr'><strong>ca-</strong></span> 
     </span>
    </p>
   </div>
   <div class='ocr_carea' id='block_1_47' title="bbox 1846 1923 3436 1998">
    <p class='ocr_par' dir='ltr' id='par_1_47' title="bbox 1846 1923 3436 1998">
     <span class='ocr_line' id='line_1_47' title="bbox 1846 1923 3436 1998; baseline -0.004 -17"><span class='ocrx_word' id='word_1_338' title='bbox 1846 1945 1972 1998; x_wconf 90' lang='lat' dir='ltr'><strong>pras</strong></span> <span class='ocrx_word' id='word_1_339' title='bbox 2002 1927 2272 1983; x_wconf 78' lang='lat' dir='ltr'><strong>distinxit.</strong></span> <span class='ocrx_word' id='word_1_340' title='bbox 2315 1927 2640 1982; x_wconf 89' lang='lat' dir='ltr'><strong>Communia</strong></span> <span class='ocrx_word' id='word_1_341' title='bbox 2676 1934 2860 1980; x_wconf 90' lang='lat' dir='ltr'><strong>autem</strong></span> <span class='ocrx_word' id='word_1_342' title='bbox 2909 1935 3039 1979; x_wconf 91' lang='lat' dir='ltr'><strong>sunt</strong></span> <span class='ocrx_word' id='word_1_343' title='bbox 3066 1924 3192 1987; x_wconf 87' lang='lat' dir='ltr'><strong>alia,</strong></span> <span class='ocrx_word' id='word_1_344' title='bbox 3222 1923 3288 1976; x_wconf 89' lang='lat' dir='ltr'><strong>de</strong></span> <span class='ocrx_word' id='word_1_345' title='bbox 3313 1923 3436 1991; x_wconf 77' lang='lat' dir='ltr'><strong>qui~</strong></span> 
     </span>
    </p>
   </div>
   <div class='ocr_carea' id='block_1_48' title="bbox 1841 2014 3432 2091">
    <p class='ocr_par' dir='ltr' id='par_1_48' title="bbox 1841 2014 3432 2091">
     <span class='ocr_line' id='line_1_48' title="bbox 1841 2014 3432 2091; baseline -0.007 -14"><span class='ocrx_word' id='word_1_346' title='bbox 1841 2023 1942 2077; x_wconf 91' lang='lat' dir='ltr'><strong>bus</strong></span> <span class='ocrx_word' id='word_1_347' title='bbox 1975 2021 2121 2091; x_wconf 87' lang='lat' dir='ltr'><strong>loqui</strong></span> <span class='ocrx_word' id='word_1_348' title='bbox 2167 2020 2541 2076; x_wconf 83' lang='lat' dir='ltr'><strong>necessarium</strong></span> <span class='ocrx_word' id='word_1_349' title='bbox 2592 2033 2701 2072; x_wconf 89' lang='lat' dir='ltr'><strong>non</strong></span> <span class='ocrx_word' id='word_1_350' title='bbox 2758 2016 3046 2082; x_wconf 83' lang='lat' dir='ltr'><strong>habemus,</strong></span> <span class='ocrx_word' id='word_1_351' title='bbox 3074 2015 3128 2068; x_wconf 91' lang='lat' dir='ltr'><strong>in</strong></span> <span class='ocrx_word' id='word_1_352' title='bbox 3155 2014 3432 2068; x_wconf 89' lang='lat' dir='ltr'><strong>oblatione</strong></span> 
     </span>
    </p>
   </div>
   <div class='ocr_carea' id='block_1_49' title="bbox 1839 2108 3436 2182">
    <p class='ocr_par' dir='ltr' id='par_1_49' title="bbox 1839 2108 3436 2182">
     <span class='ocr_line' id='line_1_49' title="bbox 1839 2108 3436 2182; baseline -0.006 -12"><span class='ocrx_word' id='word_1_353' title='bbox 1839 2117 1990 2182; x_wconf 81' lang='lat' dir='ltr'><strong>enim</strong></span> <span class='ocrx_word' id='word_1_354' title='bbox 2015 2117 2177 2170; x_wconf 88' lang='lat' dir='ltr'><strong>boum</strong></span> <span class='ocrx_word' id='word_1_355' title='bbox 2213 2113 2547 2170; x_wconf 83' lang='lat' dir='ltr'><strong>sufﬁcienter</strong></span> <span class='ocrx_word' id='word_1_356' title='bbox 2597 2119 2886 2168; x_wconf 88' lang='lat' dir='ltr'><strong>tractatum</strong></span> <span class='ocrx_word' id='word_1_357' title='bbox 2930 2119 3033 2166; x_wconf 89' lang='lat' dir='ltr'><strong>est.</strong></span> <span class='ocrx_word' id='word_1_358' title='bbox 3083 2108 3220 2163; x_wconf 89' lang='lat' dir='ltr'><strong>Illud</strong></span> <span class='ocrx_word' id='word_1_359' title='bbox 3254 2117 3436 2162; x_wconf 89' lang='lat' dir='ltr'><strong>autem</strong></span> 
     </span>
    </p>
   </div>
   <div class='ocr_carea' id='block_1_50' title="bbox 1839 2203 2940 2278">
    <p class='ocr_par' dir='ltr' id='par_1_50' title="bbox 1839 2203 2940 2278">
     <span class='ocr_line' id='line_1_50' title="bbox 1839 2203 2940 2278; baseline -0.007 -15"><span class='ocrx_word' id='word_1_360' title='bbox 1839 2217 2054 2278; x_wconf 91' lang='lat' dir='ltr'><strong>oportet</strong></span> <span class='ocrx_word' id='word_1_361' title='bbox 2082 2206 2360 2278; x_wconf 79' lang='lat' dir='ltr'><strong>cognosci,</strong></span> <span class='ocrx_word' id='word_1_362' title='bbox 2387 2203 2666 2274; x_wconf 88' lang='lat' dir='ltr'><strong>quomodo</strong></span> <span class='ocrx_word' id='word_1_363' title='bbox 2697 2203 2790 2257; x_wconf 88' lang='lat' dir='ltr'><strong>ubi</strong></span> <span class='ocrx_word' id='word_1_364' title='bbox 2820 2203 2895 2257; x_wconf 89' lang='lat' dir='ltr'><strong>ait</strong></span> <span class='ocrx_word' id='word_1_365' title='bbox 2927 2220 2940 2255; x_wconf 95' lang='lat'><strong>:</strong></span> 
     </span>
    </p>
   </div>
   <div class='ocr_carea' id='block_1_51' title="bbox 1909 2294 3437 2366">
    <p class='ocr_par' dir='ltr' id='par_1_51' title="bbox 1909 2294 3437 2366">
     <span class='ocr_line' id='line_1_51' title="bbox 1909 2294 3437 2366; baseline -0.007 -11"><span class='ocrx_word' id='word_1_366' title='bbox 1909 2300 2148 2355; x_wconf 68' lang='lat' dir='ltr'><strong>Adolciit</strong></span> <span class='ocrx_word' id='word_1_367' title='bbox 2176 2317 2238 2355; x_wconf 87' lang='lat' dir='ltr'><strong>ea</strong></span> <span class='ocrx_word' id='word_1_368' title='bbox 2289 2300 2534 2354; x_wconf 76' lang='lat' dir='ltr'><strong>sacerdos</strong></span> <span class='ocrx_word' id='word_1_369' title='bbox 2577 2314 2737 2366; x_wconf 80' lang='lat' dir='ltr'><strong>super</strong></span> <span class='ocrx_word' id='word_1_370' title='bbox 2796 2297 2973 2350; x_wconf 82' lang='lat' dir='ltr'><strong>altare</strong></span> <span class='ocrx_word' id='word_1_371' title='bbox 3017 2295 3072 2348; x_wconf 87' lang='lat' dir='ltr'><strong>in</strong></span> <span class='ocrx_word' id='word_1_372' title='bbox 3121 2294 3437 2348; x_wconf 81' lang='lat' dir='ltr'><strong>alimoniam</strong></span> 
     </span>
    </p>
   </div>
   <div class='ocr_carea' id='block_1_52' title="bbox 1838 2388 3434 2466">
    <p class='ocr_par' dir='ltr' id='par_1_52' title="bbox 1838 2388 3434 2466">
     <span class='ocr_line' id='line_1_52' title="bbox 1838 2388 3434 2466; baseline -0.002 -22"><span class='ocrx_word' id='word_1_373' title='bbox 1838 2391 1996 2466; x_wconf 88' lang='lat' dir='ltr'><strong>ignis.</strong></span> <span class='ocrx_word' id='word_1_374' title='bbox 2033 2405 2080 2448; x_wconf 83' lang='lat' dir='ltr'><strong>et</strong></span> <span class='ocrx_word' id='word_1_375' title='bbox 2113 2393 2416 2450; x_wconf 76' lang='lat' dir='ltr'><strong>suavissimi</strong></span> <span class='ocrx_word' id='word_1_376' title='bbox 2445 2393 2622 2448; x_wconf 90' lang='lat' dir='ltr'><strong>odoris</strong></span> <span class='ocrx_word' id='word_1_377' title='bbox 2645 2433 2659 2458; x_wconf 91' lang='lat'><strong>,</strong></span> <span class='ocrx_word' id='word_1_378' title='bbox 2695 2406 2815 2446; x_wconf 90' lang='lat' dir='ltr'><strong>cum</strong></span> <span class='ocrx_word' id='word_1_379' title='bbox 2846 2388 3201 2459; x_wconf 73' lang='lat' dir='ltr'><strong>Septuaginta</strong></span> <span class='ocrx_word' id='word_1_380' title='bbox 3230 2388 3434 2441; x_wconf 87' lang='lat' dir='ltr'><strong>edidis-</strong></span> 
     </span>
    </p>
   </div>
   <div class='ocr_carea' id='block_1_53' title="bbox 1840 2479 3436 2553">
    <p class='ocr_par' dir='ltr' id='par_1_53' title="bbox 1840 2479 3436 2553">
     <span class='ocr_line' id='line_1_53' title="bbox 1840 2479 3436 2553; baseline -0.006 -14"><span class='ocrx_word' id='word_1_381' title='bbox 1840 2495 1962 2539; x_wconf 87' lang='lat' dir='ltr'><strong>sent</strong></span> <span class='ocrx_word' id='word_1_382' title='bbox 2002 2503 2013 2537; x_wconf 94' lang='lat'><strong>:</strong></span> <span class='ocrx_word' id='word_1_383' title='bbox 2045 2482 2235 2553; x_wconf 68' lang='lat' dir='ltr'><strong>Oﬂeret</strong></span> <span class='ocrx_word' id='word_1_384' title='bbox 2267 2481 2403 2536; x_wconf 84' lang='lat' dir='ltr'><strong>illud</strong></span> <span class='ocrx_word' id='word_1_385' title='bbox 2429 2481 2674 2534; x_wconf 81' lang='lat' dir='ltr'><strong>sacerdos</strong></span> <span class='ocrx_word' id='word_1_386' title='bbox 2703 2499 2773 2533; x_wconf 75' lang='lat' dir='ltr'><strong>at.</strong></span> <span class='ocrx_word' id='word_1_387' title='bbox 2816 2479 3009 2539; x_wconf 86' lang='lat' dir='ltr'><strong>altare.</strong></span> <span class='ocrx_word' id='word_1_388' title='bbox 3046 2488 3196 2532; x_wconf 75' lang='lat' dir='ltr'><strong>extra</strong></span> <span class='ocrx_word' id='word_1_389' title='bbox 3225 2479 3436 2532; x_wconf 78' lang='lat' dir='ltr'><strong>odorem</strong></span> 
     </span>
    </p>
   </div>
   <div class='ocr_carea' id='block_1_54' title="bbox 1837 2569 3425 2641">
    <p class='ocr_par' dir='ltr' id='par_1_54' title="bbox 1837 2569 3425 2641">
     <span class='ocr_line' id='line_1_54' title="bbox 1837 2569 3425 2641; baseline -0.006 -12"><span class='ocrx_word' id='word_1_390' title='bbox 1837 2575 2152 2640; x_wconf 82' lang='lat' dir='ltr'><strong>suavitatis,</strong></span> <span class='ocrx_word' id='word_1_391' title='bbox 2194 2573 2380 2628; x_wconf 60' lang='lat' dir='ltr'><strong>caeteri</strong></span> <span class='ocrx_word' id='word_1_392' title='bbox 2439 2579 2769 2641; x_wconf 84' lang='lat' dir='ltr'><strong>interpretes</strong></span> <span class='ocrx_word' id='word_1_393' title='bbox 2817 2571 2874 2622; x_wconf 88' lang='lat' dir='ltr'><strong>in</strong></span> <span class='ocrx_word' id='word_1_394' title='bbox 2914 2569 3178 2637; x_wconf 82' lang='lat' dir='ltr'><strong>sacriﬁcio</strong></span> <span class='ocrx_word' id='word_1_395' title='bbox 3203 2569 3425 2638; x_wconf 88' lang='lat' dir='ltr'><strong>quidem</strong></span> 
     </span>
    </p>
   </div>
   <div class='ocr_carea' id='block_1_55' title="bbox 1839 2661 3435 2734">
    <p class='ocr_par' dir='ltr' id='par_1_55' title="bbox 1839 2661 3435 2734">
     <span class='ocr_line' id='line_1_55' title="bbox 1839 2661 3435 2734; baseline -0.008 -10"><span class='ocrx_word' id='word_1_396' title='bbox 1839 2670 2365 2731; x_wconf 87' lang='lat' dir='ltr'><strong>holocautomatum,</strong></span> <span class='ocrx_word' id='word_1_397' title='bbox 2432 2679 2530 2734; x_wconf 91' lang='lat' dir='ltr'><strong>pro</strong></span> <span class='ocrx_word' id='word_1_398' title='bbox 2587 2664 2717 2718; x_wconf 76' lang='lat' dir='ltr'><strong>extis</strong></span> <span class='ocrx_word' id='word_1_399' title='bbox 2794 2662 3222 2716; x_wconf 84' lang='lat' dir='ltr'><strong>holocautomata</strong></span> <span class='ocrx_word' id='word_1_400' title='bbox 3277 2679 3294 2716; x_wconf 91' lang='lat'><strong>:</strong></span> <span class='ocrx_word' id='word_1_401' title='bbox 3347 2661 3435 2716; x_wconf 91' lang='lat' dir='ltr'><strong>alii</strong></span> 
     </span>
    </p>
   </div>
   <div class='ocr_carea' id='block_1_56' title="bbox 1840 2754 3428 2826">
    <p class='ocr_par' dir='ltr' id='par_1_56' title="bbox 1840 2754 3428 2826">
     <span class='ocr_line' id='line_1_56' title="bbox 1840 2754 3428 2826; baseline -0.005 -10"><span class='ocrx_word' id='word_1_402' title='bbox 1840 2771 2020 2816; x_wconf 89' lang='lat' dir='ltr'><strong>autem</strong></span> <span class='ocrx_word' id='word_1_403' title='bbox 2061 2760 2375 2814; x_wconf 84' lang='lat' dir='ltr'><strong>oblationem</strong></span> <span class='ocrx_word' id='word_1_404' title='bbox 2442 2757 2756 2812; x_wconf 86' lang='lat' dir='ltr'><strong>ediderunt.</strong></span> <span class='ocrx_word' id='word_1_405' title='bbox 2810 2754 2868 2809; x_wconf 93' lang='lat' dir='ltr'><strong>In</strong></span> <span class='ocrx_word' id='word_1_406' title='bbox 2896 2756 3001 2810; x_wconf 88' lang='lat' dir='ltr'><strong>hoc</strong></span> <span class='ocrx_word' id='word_1_407' title='bbox 3027 2764 3209 2808; x_wconf 89' lang='lat' dir='ltr'><strong>autem</strong></span> <span class='ocrx_word' id='word_1_408' title='bbox 3235 2754 3428 2826; x_wconf 81' lang='lat' dir='ltr'><strong>paciﬁ-</strong></span> 
     </span>
    </p>
   </div>
   <div class='ocr_carea' id='block_1_57' title="bbox 1839 2847 3435 2917">
    <p class='ocr_par' dir='ltr' id='par_1_57' title="bbox 1839 2847 3435 2917">
     <span class='ocr_line' id='line_1_57' title="bbox 1839 2847 3435 2917; baseline -0.007 -8"><span class='ocrx_word' id='word_1_409' title='bbox 1839 2870 2026 2910; x_wconf 89' lang='lat' dir='ltr'><strong>corum</strong></span> <span class='ocrx_word' id='word_1_410' title='bbox 2075 2851 2368 2912; x_wconf 84' lang='lat' dir='ltr'><strong>sacriﬁcio,</strong></span> <span class='ocrx_word' id='word_1_411' title='bbox 2433 2850 2523 2904; x_wconf 89' lang='lat' dir='ltr'><strong>hic</strong></span> <span class='ocrx_word' id='word_1_412' title='bbox 2578 2847 2802 2917; x_wconf 89' lang='lat' dir='ltr'><strong>quidem</strong></span> <span class='ocrx_word' id='word_1_413' title='bbox 2841 2862 3062 2917; x_wconf 91' lang='lat' dir='ltr'><strong>panem,</strong></span> <span class='ocrx_word' id='word_1_414' title='bbox 3111 2847 3201 2900; x_wconf 80' lang='lat' dir='ltr'><strong>alii</strong></span> <span class='ocrx_word' id='word_1_415' title='bbox 3251 2855 3435 2900; x_wconf 86' lang='lat' dir='ltr'><strong>autem</strong></span> 
     </span>
    </p>
   </div>
   <div class='ocr_carea' id='block_1_58' title="bbox 1839 2939 3437 3007">
    <p class='ocr_par' dir='ltr' id='par_1_58' title="bbox 1839 2939 3437 3007">
     <span class='ocr_line' id='line_1_58' title="bbox 1839 2939 3437 3007; baseline -0.006 -6"><span class='ocrx_word' id='word_1_416' title='bbox 1839 2948 2218 3001; x_wconf 84' lang='lat' dir='ltr'><strong>frumentum:</strong></span> <span class='ocrx_word' id='word_1_417' title='bbox 2271 2944 2712 2997; x_wconf 86' lang='lat' dir='ltr'><strong>demonstrantes</strong></span> <span class='ocrx_word' id='word_1_418' title='bbox 2735 2939 2855 2992; x_wconf 84' lang='lat' dir='ltr'><strong>sine</strong></span> <span class='ocrx_word' id='word_1_419' title='bbox 2898 2939 3067 2993; x_wconf 71' lang='lat' dir='ltr'><strong>dubio</strong></span> <span class='ocrx_word' id='word_1_420' title='bbox 3134 2939 3284 3007; x_wconf 87' lang='lat' dir='ltr'><strong>quia,</strong></span> <span class='ocrx_word' id='word_1_421' title='bbox 3332 2939 3437 2992; x_wconf 84' lang='lat' dir='ltr'><strong>etsi</strong></span> 
     </span>
    </p>
   </div>
   <div class='ocr_carea' id='block_1_59' title="bbox 1841 3028 3442 3105">
    <p class='ocr_par' dir='ltr' id='par_1_59' title="bbox 1841 3028 3442 3105">
     <span class='ocr_line' id='line_1_59' title="bbox 1841 3028 3442 3105; baseline -0.008 -14"><span class='ocrx_word' id='word_1_422' title='bbox 1841 3055 1948 3092; x_wconf 88' lang='lat' dir='ltr'><strong>non</strong></span> <span class='ocrx_word' id='word_1_423' title='bbox 1991 3035 2246 3105; x_wconf 63' lang='lat' dir='ltr'><strong>perfectae</strong></span> <span class='ocrx_word' id='word_1_424' title='bbox 2280 3032 2642 3103; x_wconf 63' lang='lat' dir='ltr'><strong>philosophiae</strong></span> <span class='ocrx_word' id='word_1_425' title='bbox 2673 3030 2747 3084; x_wconf 89' lang='lat' dir='ltr'><strong>sit</strong></span> <span class='ocrx_word' id='word_1_426' title='bbox 2775 3028 3003 3089; x_wconf 86' lang='lat' dir='ltr'><strong>oblatio,</strong></span> <span class='ocrx_word' id='word_1_427' title='bbox 3047 3029 3151 3081; x_wconf 91' lang='lat' dir='ltr'><strong>hoc</strong></span> <span class='ocrx_word' id='word_1_428' title='bbox 3179 3028 3325 3081; x_wconf 91' lang='lat' dir='ltr'><strong>enim</strong></span> <span class='ocrx_word' id='word_1_429' title='bbox 3356 3034 3442 3078; x_wconf 79' lang='lat' dir='ltr'><strong>est</strong></span> 
     </span>
    </p>
   </div>
   <div class='ocr_carea' id='block_1_60' title="bbox 1843 3115 3440 3182">
    <p class='ocr_par' dir='ltr' id='par_1_60' title="bbox 1843 3115 3440 3182">
     <span class='ocr_line' id='line_1_60' title="bbox 1843 3115 3440 3182; baseline -0.008 -2"><span class='ocrx_word' id='word_1_430' title='bbox 1843 3127 2340 3182; x_wconf 88' lang='lat' dir='ltr'><strong>holocautomatum</strong></span> <span class='ocrx_word' id='word_1_431' title='bbox 2408 3119 2760 3182; x_wconf 89' lang='lat' dir='ltr'><strong>sacriﬁcium,</strong></span> <span class='ocrx_word' id='word_1_432' title='bbox 2844 3127 3227 3172; x_wconf 87' lang='lat' dir='ltr'><strong>verumtamen</strong></span> <span class='ocrx_word' id='word_1_433' title='bbox 3286 3115 3440 3170; x_wconf 76' lang='lat' dir='ltr'><strong>suﬁi-</strong></span> 
     </span>
    </p>
   </div>
   <div class='ocr_carea' id='block_1_61' title="bbox 152 3211 3439 3287">
    <p class='ocr_par' dir='ltr' id='par_1_61' title="bbox 152 3211 3439 3287">
     <span class='ocr_line' id='line_1_61' title="bbox 152 3211 3439 3287; baseline -0.002 -25"><span class='ocrx_word' id='word_1_434' title='bbox 152 3212 343 3264; x_wconf 74' lang='lat' dir='ltr'><strong>lumbis</strong></span> <span class='ocrx_word' id='word_1_435' title='bbox 389 3213 558 3279; x_wconf 77' lang='lat' dir='ltr'><strong>patris</strong></span> <span class='ocrx_word' id='word_1_436' title='bbox 589 3212 761 3265; x_wconf 74' lang='lat' dir='ltr'><strong>uici&quot;.</strong></span> <span class='ocrx_word' id='word_1_437' title='bbox 801 3211 906 3266; x_wconf 83' lang='lat' dir='ltr'><strong>Sed</strong></span> <span class='ocrx_word' id='word_1_438' title='bbox 939 3222 988 3266; x_wconf 90' lang='lat' dir='ltr'><strong>et</strong></span> <span class='ocrx_word' id='word_1_439' title='bbox 1024 3212 1294 3266; x_wconf 72' lang='lat' dir='ltr'><strong>Israelstas</strong></span> <span class='ocrx_word' id='word_1_440' title='bbox 1334 3218 1562 3283; x_wconf 66' lang='lat' dir='ltr'><strong>cupiens</strong></span> <span class='ocrx_word' id='word_1_441' title='bbox 1596 3216 1735 3268; x_wconf 71' lang='lat' dir='ltr'><strong>&quot;HIS</strong></span> <span class='ocrx_word' id='word_1_442' title='bbox 1764 3233 1805 3287; x_wconf 76' lang='grc' dir='ltr'>ο</span> <span class='ocrx_word' id='word_1_443' title='bbox 1839 3223 1992 3276; x_wconf 79' lang='lat' dir='ltr'><strong>ciens</strong></span> <span class='ocrx_word' id='word_1_444' title='bbox 2043 3227 2129 3272; x_wconf 84' lang='lat' dir='ltr'><strong>est</strong></span> <span class='ocrx_word' id='word_1_445' title='bbox 2169 3217 2333 3271; x_wconf 86' lang='lat' dir='ltr'><strong>etiam</strong></span> <span class='ocrx_word' id='word_1_446' title='bbox 2389 3216 2504 3270; x_wconf 82' lang='lat' dir='ltr'><strong>Inec</strong></span> <span class='ocrx_word' id='word_1_447' title='bbox 2532 3228 2760 3284; x_wconf 88' lang='lat' dir='ltr'><strong>pascere</strong></span> <span class='ocrx_word' id='word_1_448' title='bbox 2796 3211 2850 3265; x_wconf 90' lang='lat' dir='ltr'><strong>in</strong></span> <span class='ocrx_word' id='word_1_449' title='bbox 2912 3211 3000 3265; x_wconf 90' lang='lat' dir='ltr'><strong>his</strong></span> <span class='ocrx_word' id='word_1_450' title='bbox 3061 3225 3182 3280; x_wconf 67' lang='lat' dir='ltr'><strong>qua:</strong></span> <span class='ocrx_word' id='word_1_451' title='bbox 3209 3217 3338 3263; x_wconf 86' lang='lat' dir='ltr'><strong>sunt</strong></span> <span class='ocrx_word' id='word_1_452' title='bbox 3371 3211 3439 3262; x_wconf 80' lang='lat' dir='ltr'><strong>ad</strong></span> 
     </span>
    </p>
   </div>
   <div class='ocr_carea' id='block_1_62' title="bbox 151 3303 1734 3375">
    <p class='ocr_par' dir='ltr' id='par_1_62' title="bbox 151 3303 1734 3375">
     <span class='ocr_line' id='line_1_62' title="bbox 151 3303 1734 3375; baseline 0.003 -20"><span class='ocrx_word' id='word_1_453' title='bbox 151 3320 363 3356; x_wconf 81' lang='lat' dir='ltr'><strong>armare</strong></span> <span class='ocrx_word' id='word_1_454' title='bbox 396 3305 461 3356; x_wconf 89' lang='lat' dir='ltr'><strong>ad</strong></span> <span class='ocrx_word' id='word_1_455' title='bbox 495 3305 770 3368; x_wconf 85' lang='lat' dir='ltr'><strong>virtutem,</strong></span> <span class='ocrx_word' id='word_1_456' title='bbox 805 3303 967 3374; x_wconf 71' lang='lat' dir='ltr'><strong>Moysi</strong></span> <span class='ocrx_word' id='word_1_457' title='bbox 1014 3305 1083 3358; x_wconf 84' lang='lat' dir='ltr'><strong>ita</strong></span> <span class='ocrx_word' id='word_1_458' title='bbox 1116 3308 1370 3375; x_wconf 60' lang='lat' dir='ltr'><strong>precepit</strong></span> <span class='ocrx_word' id='word_1_459' title='bbox 1401 3325 1413 3358; x_wconf 91' lang='lat'><strong>:</strong></span> <span class='ocrx_word' id='word_1_460' title='bbox 1451 3305 1537 3360; x_wconf 88' lang='lat' dir='ltr'><strong>Sic</strong></span> <span class='ocrx_word' id='word_1_461' title='bbox 1561 3323 1734 3359; x_wconf 58' lang='lat' dir='ltr'><strong>romu-</strong></span> 
     </span>
    </p>
   </div>
   <div class='ocr_carea' id='block_1_63' title="bbox 149 3394 1735 3464">
    <p class='ocr_par' dir='ltr' id='par_1_63' title="bbox 149 3394 1735 3464">
     <span class='ocr_line' id='line_1_63' title="bbox 149 3394 1735 3464; baseline 0.003 -18"><span class='ocrx_word' id='word_1_462' title='bbox 149 3397 284 3448; x_wconf 74' lang='lat' dir='ltr'><strong>dctis</strong></span> <span class='ocrx_word' id='word_1_463' title='bbox 316 3395 464 3448; x_wconf 86' lang='lat' dir='ltr'><strong>illum</strong></span> <span class='ocrx_word' id='word_1_464' title='bbox 491 3412 508 3448; x_wconf 92' lang='lat'><strong>:</strong></span> <span class='ocrx_word' id='word_1_465' title='bbox 544 3394 742 3448; x_wconf 75' lang='lat' dir='ltr'><strong>luntbos</strong></span> <span class='ocrx_word' id='word_1_466' title='bbox 762 3405 959 3448; x_wconf 78' lang='lat' dir='ltr'><strong>vestros</strong></span> <span class='ocrx_word' id='word_1_467' title='bbox 991 3397 1342 3464; x_wconf 66' lang='lat' dir='ltr'><strong>prwcingctis,</strong></span> <span class='ocrx_word' id='word_1_468' title='bbox 1381 3397 1735 3450; x_wconf 83' lang='lat' dir='ltr'><strong>calceamenta</strong></span> 
     </span>
    </p>
   </div>
   <div class='ocr_carea' id='block_1_64' title="bbox 149 3488 1736 3556">
    <p class='ocr_par' dir='ltr' id='par_1_64' title="bbox 149 3488 1736 3556">
     <span class='ocr_line' id='line_1_64' title="bbox 149 3488 1736 3556; baseline 0.003 -18"><span class='ocrx_word' id='word_1_469' title='bbox 149 3488 396 3540; x_wconf 73' lang='lat' dir='ltr'><strong>habentes</strong></span> <span class='ocrx_word' id='word_1_470' title='bbox 437 3489 487 3540; x_wconf 86' lang='lat' dir='ltr'><strong>in</strong></span> <span class='ocrx_word' id='word_1_471' title='bbox 521 3489 754 3556; x_wconf 76' lang='lat' dir='ltr'><strong>pedibus.</strong></span> <span class='ocrx_word' id='word_1_472' title='bbox 785 3497 1018 3540; x_wconf 82' lang='lat' dir='ltr'><strong>tenentes</strong></span> <span class='ocrx_word' id='word_1_473' title='bbox 1054 3488 1108 3541; x_wconf 86' lang='lat' dir='ltr'><strong>in</strong></span> <span class='ocrx_word' id='word_1_474' title='bbox 1159 3489 1400 3541; x_wconf 81' lang='lat' dir='ltr'><strong>manibus</strong></span> <span class='ocrx_word' id='word_1_475' title='bbox 1429 3489 1661 3552; x_wconf 70' lang='lat' dir='ltr'><strong>buculos,</strong></span> <span class='ocrx_word' id='word_1_476' title='bbox 1689 3501 1736 3542; x_wconf 89' lang='lat' dir='ltr'><strong>et</strong></span> 
     </span>
    </p>
   </div>
   <div class='ocr_carea' id='block_1_65' title="bbox 145 3579 1737 3648">
    <p class='ocr_par' dir='ltr' id='par_1_65' title="bbox 145 3579 1737 3648">
     <span class='ocr_line' id='line_1_65' title="bbox 145 3579 1737 3648; baseline 0.004 -18"><span class='ocrx_word' id='word_1_477' title='bbox 145 3579 429 3631; x_wconf 79' lang='lat' dir='ltr'><strong>comedetis</strong></span> <span class='ocrx_word' id='word_1_478' title='bbox 473 3579 857 3648; x_wconf 78' lang='lat' dir='ltr'><strong>festinanter&quot;.</strong></span> <span class='ocrx_word' id='word_1_479' title='bbox 917 3579 1113 3633; x_wconf 81' lang='lat' dir='ltr'><strong>Paulus</strong></span> <span class='ocrx_word' id='word_1_480' title='bbox 1153 3581 1336 3642; x_wconf 88' lang='lat' dir='ltr'><strong>etiam,</strong></span> <span class='ocrx_word' id='word_1_481' title='bbox 1384 3597 1508 3634; x_wconf 90' lang='lat' dir='ltr'><strong>cum</strong></span> <span class='ocrx_word' id='word_1_482' title='bbox 1548 3592 1737 3636; x_wconf 85' lang='lat' dir='ltr'><strong>contra</strong></span> 
     </span>
    </p>
   </div>
   <div class='ocr_carea' id='block_1_66' title="bbox 148 3671 1738 3740">
    <p class='ocr_par' dir='ltr' id='par_1_66' title="bbox 148 3671 1738 3740">
     <span class='ocr_line' id='line_1_66' title="bbox 148 3671 1738 3740; baseline 0.003 -17"><span class='ocrx_word' id='word_1_483' title='bbox 148 3671 428 3740; x_wconf 64' lang='lat' dir='ltr'><strong>principes</strong></span> <span class='ocrx_word' id='word_1_484' title='bbox 450 3682 504 3725; x_wconf 89' lang='lat' dir='ltr'><strong>et</strong></span> <span class='ocrx_word' id='word_1_485' title='bbox 542 3671 1114 3740; x_wconf 81' lang='lat' dir='ltr'><strong>potestatesindiceret</strong></span> <span class='ocrx_word' id='word_1_486' title='bbox 1149 3675 1368 3738; x_wconf 85' lang='lat' dir='ltr'><strong>bellum,</strong></span> <span class='ocrx_word' id='word_1_487' title='bbox 1392 3674 1563 3728; x_wconf 68' lang='lat' dir='ltr'><strong>dixit:</strong></span> <span class='ocrx_word' id='word_1_488' title='bbox 1591 3674 1738 3728; x_wconf 85' lang='lat' dir='ltr'><strong>State</strong></span> 
     </span>
    </p>
   </div>
   <div class='ocr_carea' id='block_1_67' title="bbox 143 3760 1734 3824">
    <p class='ocr_par' dir='ltr' id='par_1_67' title="bbox 143 3760 1734 3824">
     <span class='ocr_line' id='line_1_67' title="bbox 143 3760 1734 3824; baseline 0.001 -11"><span class='ocrx_word' id='word_1_489' title='bbox 143 3762 400 3814; x_wconf 72' lang='lat' dir='ltr'><strong>succincti</strong></span> <span class='ocrx_word' id='word_1_490' title='bbox 447 3762 647 3814; x_wconf 85' lang='lat' dir='ltr'><strong>lumbos</strong></span> <span class='ocrx_word' id='word_1_491' title='bbox 697 3772 890 3815; x_wconf 82' lang='lat' dir='ltr'><strong>vestros</strong></span> <span class='ocrx_word' id='word_1_492' title='bbox 931 3760 986 3812; x_wconf 82' lang='lat' dir='ltr'><strong>in</strong></span> <span class='ocrx_word' id='word_1_493' title='bbox 1049 3762 1287 3824; x_wconf 82' lang='lat' dir='ltr'><strong>veritate,</strong></span> <span class='ocrx_word' id='word_1_494' title='bbox 1337 3762 1505 3814; x_wconf 78' lang='lat' dir='ltr'><strong>induti</strong></span> <span class='ocrx_word' id='word_1_495' title='bbox 1573 3761 1734 3814; x_wconf 89' lang='lat' dir='ltr'><strong>lorica</strong></span> 
     </span>
    </p>
   </div>
   <div class='ocr_carea' id='block_1_68' title="bbox 139 3852 1790 3924">
    <p class='ocr_par' dir='ltr' id='par_1_68' title="bbox 139 3852 1790 3924">
     <span class='ocr_line' id='line_1_68' title="bbox 139 3852 1790 3924; baseline 0 -20"><span class='ocrx_word' id='word_1_496' title='bbox 139 3855 452 3919; x_wconf 68' lang='lat' dir='ltr'><strong>justititc’&quot;.</strong></span> <span class='ocrx_word' id='word_1_497' title='bbox 489 3855 590 3906; x_wconf 77' lang='lat' dir='ltr'><strong>Sed</strong></span> <span class='ocrx_word' id='word_1_498' title='bbox 626 3863 679 3908; x_wconf 80' lang='lat' dir='ltr'><strong>et</strong></span> <span class='ocrx_word' id='word_1_499' title='bbox 722 3854 985 3908; x_wconf 82' lang='lat' dir='ltr'><strong>Dominus</strong></span> <span class='ocrx_word' id='word_1_500' title='bbox 1019 3855 1281 3924; x_wconf 82' lang='lat' dir='ltr'><strong>apostolis</strong></span> <span class='ocrx_word' id='word_1_501' title='bbox 1331 3854 1544 3907; x_wconf 58' lang='lat' dir='ltr'><strong>diccbat</strong></span> <span class='ocrx_word' id='word_1_502' title='bbox 1573 3871 1585 3905; x_wconf 86' lang='lat'><strong>:</strong></span> <span class='ocrx_word' id='word_1_503' title='bbox 1619 3852 1735 3907; x_wconf 79' lang='lat' dir='ltr'><strong>Sint</strong></span> <span class='ocrx_word' id='word_1_504' title='bbox 1784 3885 1790 3890; x_wconf 91' lang='lat'>-</span> 
     </span>
    </p>
   </div>
   <div class='ocr_carea' id='block_1_69' title="bbox 144 3945 1737 4014">
    <p class='ocr_par' dir='ltr' id='par_1_69' title="bbox 144 3945 1737 4014">
     <span class='ocr_line' id='line_1_69' title="bbox 144 3945 1737 4014; baseline -0.003 -16"><span class='ocrx_word' id='word_1_505' title='bbox 144 3946 315 3998; x_wconf 69' lang='lat' dir='ltr'><strong>lr-mbi</strong></span> <span class='ocrx_word' id='word_1_506' title='bbox 358 3947 516 3998; x_wconf 72' lang='lat' dir='ltr'><strong>vestri</strong></span> <span class='ocrx_word' id='word_1_507' title='bbox 546 3945 890 4013; x_wconf 77' lang='lat' dir='ltr'><strong>prtecincti”.</strong></span> <span class='ocrx_word' id='word_1_508' title='bbox 926 3947 1031 4001; x_wconf 86' lang='lat' dir='ltr'><strong>Sed</strong></span> <span class='ocrx_word' id='word_1_509' title='bbox 1067 3947 1166 4000; x_wconf 80' lang='lat' dir='ltr'><strong>etsi</strong></span> <span class='ocrx_word' id='word_1_510' title='bbox 1210 3954 1622 4014; x_wconf 84' lang='lat' dir='ltr'><strong>cooperatorcm</strong></span> <span class='ocrx_word' id='word_1_511' title='bbox 1651 3947 1737 3998; x_wconf 76' lang='lat' dir='ltr'><strong>di-</strong></span> 
     </span>
    </p>
   </div>
   <div class='ocr_carea' id='block_1_70' title="bbox 140 4035 1739 4104">
    <p class='ocr_par' dir='ltr' id='par_1_70' title="bbox 140 4035 1739 4104">
     <span class='ocr_line' id='line_1_70' title="bbox 140 4035 1739 4104; baseline 0.001 -14"><span class='ocrx_word' id='word_1_512' title='bbox 140 4052 340 4090; x_wconf 75' lang='lat' dir='ltr'><strong>camus</strong></span> <span class='ocrx_word' id='word_1_513' title='bbox 393 4037 640 4090; x_wconf 87' lang='lat' dir='ltr'><strong>lumbum</strong></span> <span class='ocrx_word' id='word_1_514' title='bbox 683 4037 960 4091; x_wconf 88' lang='lat' dir='ltr'><strong>coitalium</strong></span> <span class='ocrx_word' id='word_1_515' title='bbox 991 4035 1430 4091; x_wconf 85' lang='lat' dir='ltr'><strong>comtnistiomnn</strong></span> <span class='ocrx_word' id='word_1_516' title='bbox 1459 4075 1471 4093; x_wconf 91' lang='lat'><strong>.</strong></span> <span class='ocrx_word' id='word_1_517' title='bbox 1511 4036 1566 4088; x_wconf 94' lang='lat' dir='ltr'><strong>in</strong></span> <span class='ocrx_word' id='word_1_518' title='bbox 1607 4035 1739 4104; x_wconf 87' lang='lat' dir='ltr'><strong>ipsis</strong></span> 
     </span>
    </p>
   </div>
   <div class='ocr_carea' id='block_1_71' title="bbox 138 4127 1732 4194">
    <p class='ocr_par' dir='ltr' id='par_1_71' title="bbox 138 4127 1732 4194">
     <span class='ocr_line' id='line_1_71' title="bbox 138 4127 1732 4194; baseline 0.001 -14"><span class='ocrx_word' id='word_1_519' title='bbox 138 4130 295 4181; x_wconf 84' lang='lat' dir='ltr'><strong>enim</strong></span> <span class='ocrx_word' id='word_1_520' title='bbox 339 4137 395 4182; x_wconf 92' lang='lat' dir='ltr'><strong>ct</strong></span> <span class='ocrx_word' id='word_1_521' title='bbox 441 4143 600 4181; x_wconf 89' lang='lat' dir='ltr'><strong>renes</strong></span> <span class='ocrx_word' id='word_1_522' title='bbox 631 4128 888 4194; x_wconf 83' lang='lat' dir='ltr'><strong>rejacent,</strong></span> <span class='ocrx_word' id='word_1_523' title='bbox 924 4129 1072 4182; x_wconf 89' lang='lat' dir='ltr'><strong>unde</strong></span> <span class='ocrx_word' id='word_1_524' title='bbox 1097 4139 1153 4181; x_wconf 90' lang='lat' dir='ltr'><strong>et</strong></span> <span class='ocrx_word' id='word_1_525' title='bbox 1183 4127 1384 4180; x_wconf 86' lang='lat' dir='ltr'><strong>Paulus</strong></span> <span class='ocrx_word' id='word_1_526' title='bbox 1413 4127 1479 4180; x_wconf 79' lang='lat' dir='ltr'><strong>de</strong></span> <span class='ocrx_word' id='word_1_527' title='bbox 1511 4127 1635 4181; x_wconf 88' lang='lat' dir='ltr'><strong>Levi</strong></span> <span class='ocrx_word' id='word_1_528' title='bbox 1665 4128 1732 4182; x_wconf 88' lang='lat' dir='ltr'><strong>ad</strong></span> 
     </span>
    </p>
   </div>
   <div class='ocr_carea' id='block_1_72' title="bbox 142 4216 1737 4284">
    <p class='ocr_par' dir='ltr' id='par_1_72' title="bbox 142 4216 1737 4284">
     <span class='ocr_line' id='line_1_72' title="bbox 142 4216 1737 4284; baseline 0.002 -17"><span class='ocrx_word' id='word_1_529' title='bbox 142 4219 409 4272; x_wconf 68' lang='lat' dir='ltr'><strong>Hebraeos</strong></span> <span class='ocrx_word' id='word_1_530' title='bbox 436 4218 679 4272; x_wconf 80' lang='lat' dir='ltr'><strong>scribens</strong></span> <span class='ocrx_word' id='word_1_531' title='bbox 711 4220 826 4272; x_wconf 85' lang='lat' dir='ltr'><strong>ait:</strong></span> <span class='ocrx_word' id='word_1_532' title='bbox 863 4216 1047 4271; x_wconf 76' lang='lat' dir='ltr'><strong>Adhuc</strong></span> <span class='ocrx_word' id='word_1_533' title='bbox 1086 4219 1222 4270; x_wconf 87' lang='lat' dir='ltr'><strong>enim</strong></span> <span class='ocrx_word' id='word_1_534' title='bbox 1265 4218 1318 4268; x_wconf 87' lang='lat' dir='ltr'><strong>in</strong></span> <span class='ocrx_word' id='word_1_535' title='bbox 1346 4216 1535 4269; x_wconf 88' lang='lat' dir='ltr'><strong>lumbis</strong></span> <span class='ocrx_word' id='word_1_536' title='bbox 1569 4219 1737 4284; x_wconf 79' lang='lat' dir='ltr'><strong>patris</strong></span> 
     </span>
    </p>
   </div>
   <div class='ocr_carea' id='block_1_73' title="bbox 135 4307 1737 4374">
    <p class='ocr_par' dir='ltr' id='par_1_73' title="bbox 135 4307 1737 4374">
     <span class='ocr_line' id='line_1_73' title="bbox 135 4307 1737 4374; baseline 0.001 -11"><span class='ocrx_word' id='word_1_537' title='bbox 135 4319 282 4371; x_wconf 72' lang='lat' dir='ltr'><strong>erat,</strong></span> <span class='ocrx_word' id='word_1_538' title='bbox 335 4310 546 4374; x_wconf 83' lang='lat' dir='ltr'><strong>quando</strong></span> <span class='ocrx_word' id='word_1_539' title='bbox 600 4309 777 4362; x_wconf 79' lang='lat' dir='ltr'><strong>obvius</strong></span> <span class='ocrx_word' id='word_1_540' title='bbox 832 4318 906 4362; x_wconf 84' lang='lat' dir='ltr'><strong>est</strong></span> <span class='ocrx_word' id='word_1_541' title='bbox 962 4310 1010 4362; x_wconf 85' lang='lat' dir='ltr'><strong>ei</strong></span> <span class='ocrx_word' id='word_1_542' title='bbox 1059 4308 1506 4362; x_wconf 75' lang='lat' dir='ltr'><strong>Melchisedech”.</strong></span> <span class='ocrx_word' id='word_1_543' title='bbox 1568 4307 1737 4364; x_wconf 80' lang='lat' dir='ltr'><strong>Recte</strong></span> 
     </span>
    </p>
   </div>
   <div class='ocr_carea' id='block_1_74' title="bbox 132 4399 1736 4469">
    <p class='ocr_par' dir='ltr' id='par_1_74' title="bbox 132 4399 1736 4469">
     <span class='ocr_line' id='line_1_74' title="bbox 132 4399 1736 4469; baseline 0.002 -18"><span class='ocrx_word' id='word_1_544' title='bbox 132 4399 294 4453; x_wconf 74' lang='lat' dir='ltr'><strong>cauti</strong></span> <span class='ocrx_word' id='word_1_545' title='bbox 337 4400 642 4453; x_wconf 87' lang='lat' dir='ltr'><strong>redduntur</strong></span> <span class='ocrx_word' id='word_1_546' title='bbox 671 4399 968 4468; x_wconf 77' lang='lat' dir='ltr'><strong>sur-plices,</strong></span> <span class='ocrx_word' id='word_1_547' title='bbox 1016 4409 1203 4469; x_wconf 85' lang='lat' dir='ltr'><strong>utpote</strong></span> <span class='ocrx_word' id='word_1_548' title='bbox 1247 4400 1337 4468; x_wconf 93' lang='lat' dir='ltr'><strong>qui</strong></span> <span class='ocrx_word' id='word_1_549' title='bbox 1375 4415 1439 4453; x_wconf 73' lang='lat' dir='ltr'><strong>ex</strong></span> <span class='ocrx_word' id='word_1_550' title='bbox 1484 4401 1736 4468; x_wconf 82' lang='lat' dir='ltr'><strong>simplici--</strong></span> 
     </span>
    </p>
   </div>
   <div class='ocr_carea' id='block_1_75' title="bbox 135 4490 1734 4561">
    <p class='ocr_par' dir='ltr' id='par_1_75' title="bbox 135 4490 1734 4561">
     <span class='ocr_line' id='line_1_75' title="bbox 135 4490 1734 4561; baseline -0.001 -15"><span class='ocrx_word' id='word_1_551' title='bbox 135 4501 260 4546; x_wconf 81' lang='lat' dir='ltr'><strong>tate</strong></span> <span class='ocrx_word' id='word_1_552' title='bbox 301 4491 460 4546; x_wconf 87' lang='lat' dir='ltr'><strong>facile</strong></span> <span class='ocrx_word' id='word_1_553' title='bbox 515 4500 767 4561; x_wconf 87' lang='lat' dir='ltr'><strong>poterant</strong></span> <span class='ocrx_word' id='word_1_554' title='bbox 807 4490 875 4545; x_wconf 91' lang='lat' dir='ltr'><strong>ad</strong></span> <span class='ocrx_word' id='word_1_555' title='bbox 926 4491 1261 4560; x_wconf 89' lang='lat' dir='ltr'><strong>voluptatem</strong></span> <span class='ocrx_word' id='word_1_556' title='bbox 1304 4492 1464 4557; x_wconf 83' lang='lat' dir='ltr'><strong>trahi,</strong></span> <span class='ocrx_word' id='word_1_557' title='bbox 1518 4501 1576 4545; x_wconf 88' lang='lat' dir='ltr'><strong>ut</strong></span> <span class='ocrx_word' id='word_1_558' title='bbox 1627 4508 1734 4546; x_wconf 92' lang='lat' dir='ltr'><strong>non</strong></span> 
     </span>
    </p>
   </div>
   <div class='ocr_carea' id='block_1_76' title="bbox 1844 3297 3437 3372">
    <p class='ocr_par' dir='ltr' id='par_1_76' title="bbox 1844 3297 3437 3372">
     <span class='ocr_line' id='line_1_76' title="bbox 1844 3297 3437 3372; baseline -0.009 -9"><span class='ocrx_word' id='word_1_559' title='bbox 1844 3309 2094 3372; x_wconf 89' lang='lat' dir='ltr'><strong>salutem,</strong></span> <span class='ocrx_word' id='word_1_560' title='bbox 2124 3315 2176 3360; x_wconf 86' lang='lat' dir='ltr'><strong>et</strong></span> <span class='ocrx_word' id='word_1_561' title='bbox 2218 3303 2600 3358; x_wconf 79' lang='lat' dir='ltr'><strong>fortitudinem</strong></span> <span class='ocrx_word' id='word_1_562' title='bbox 2648 3302 2782 3356; x_wconf 80' lang='lat' dir='ltr'><strong>dare</strong></span> <span class='ocrx_word' id='word_1_563' title='bbox 2825 3298 3106 3355; x_wconf 67' lang='lat' dir='ltr'><strong>olferenti.</strong></span> <span class='ocrx_word' id='word_1_564' title='bbox 3138 3297 3253 3352; x_wconf 83' lang='lat' dir='ltr'><strong>Hoc</strong></span> <span class='ocrx_word' id='word_1_565' title='bbox 3288 3297 3437 3352; x_wconf 89' lang='lat' dir='ltr'><strong>enim</strong></span> 
     </span>
    </p>
   </div>
   <div class='ocr_carea' id='block_1_77' title="bbox 1845 3389 3438 3464">
    <p class='ocr_par' dir='ltr' id='par_1_77' title="bbox 1845 3389 3438 3464">
     <span class='ocr_line' id='line_1_77' title="bbox 1845 3389 3438 3464; baseline -0.008 -11"><span class='ocrx_word' id='word_1_566' title='bbox 1845 3399 2239 3454; x_wconf 88' lang='lat' dir='ltr'><strong>nutrimentum</strong></span> <span class='ocrx_word' id='word_1_567' title='bbox 2317 3409 2514 3464; x_wconf 86' lang='lat' dir='ltr'><strong>panem</strong></span> <span class='ocrx_word' id='word_1_568' title='bbox 2591 3392 2834 3463; x_wconf 64' lang='lat' dir='ltr'><strong>prmbere</strong></span> <span class='ocrx_word' id='word_1_569' title='bbox 2911 3389 3079 3443; x_wconf 84' lang='lat' dir='ltr'><strong>David</strong></span> <span class='ocrx_word' id='word_1_570' title='bbox 3170 3389 3438 3456; x_wconf 85' lang='lat' dir='ltr'><strong>propheta</strong></span> 
     </span>
    </p>
   </div>
   <div class='ocr_carea' id='block_1_78' title="bbox 1845 3481 3436 3553">
    <p class='ocr_par' dir='ltr' id='par_1_78' title="bbox 1845 3481 3436 3553">
     <span class='ocr_line' id='line_1_78' title="bbox 1845 3481 3436 3553; baseline -0.008 -8"><span class='ocrx_word' id='word_1_571' title='bbox 1845 3491 1999 3553; x_wconf 88' lang='lat' dir='ltr'><strong>dicit,</strong></span> <span class='ocrx_word' id='word_1_572' title='bbox 2031 3505 2153 3544; x_wconf 90' lang='lat' dir='ltr'><strong>cum</strong></span> <span class='ocrx_word' id='word_1_573' title='bbox 2207 3489 2328 3543; x_wconf 88' lang='lat' dir='ltr'><strong>ait:</strong></span> <span class='ocrx_word' id='word_1_574' title='bbox 2385 3487 2552 3541; x_wconf 87' lang='lat' dir='ltr'><strong>Panis</strong></span> <span class='ocrx_word' id='word_1_575' title='bbox 2612 3486 2753 3539; x_wconf 87' lang='lat' dir='ltr'><strong>enim</strong></span> <span class='ocrx_word' id='word_1_576' title='bbox 2820 3484 3105 3547; x_wconf 81' lang='lat' dir='ltr'><strong>conﬁrmat</strong></span> <span class='ocrx_word' id='word_1_577' title='bbox 3159 3497 3249 3534; x_wconf 89' lang='lat' dir='ltr'><strong>cor</strong></span> <span class='ocrx_word' id='word_1_578' title='bbox 3274 3481 3436 3534; x_wconf 80' lang='lat' dir='ltr'><strong>Itami-</strong></span> 
     </span>
    </p>
   </div>
   <div class='ocr_carea' id='block_1_79' title="bbox 1847 3584 2004 3637">
    <p class='ocr_par' dir='ltr' id='par_1_79' title="bbox 1847 3584 2004 3637">
     <span class='ocr_line' id='line_1_79' title="bbox 1847 3584 2004 3637; baseline 0 -1"><span class='ocrx_word' id='word_1_579' title='bbox 1847 3585 1926 3637; x_wconf 85' lang='lat' dir='ltr'><strong>nis</strong></span> <span class='ocrx_word' id='word_1_580' title='bbox 1939 3584 2004 3636; x_wconf 78' lang='lat'><strong>“.</strong></span> 
     </span>
    </p>
   </div>
   <div class='ocr_carea' id='block_1_80' title="bbox 1915 3673 3438 3744">
    <p class='ocr_par' dir='ltr' id='par_1_80' title="bbox 1915 3673 3438 3744">
     <span class='ocr_line' id='line_1_80' title="bbox 1915 3673 3438 3744; baseline -0.007 -12"><span class='ocrx_word' id='word_1_581' title='bbox 1915 3677 2096 3732; x_wconf 82' lang='lat' dir='ltr'><strong>Omnis</strong></span> <span class='ocrx_word' id='word_1_582' title='bbox 2125 3675 2286 3744; x_wconf 85' lang='lat' dir='ltr'><strong>adeps</strong></span> <span class='ocrx_word' id='word_1_583' title='bbox 2322 3673 2532 3728; x_wconf 78' lang='lat' dir='ltr'><strong>homini</strong></span> <span class='ocrx_word' id='word_1_584' title='bbox 2555 3674 2654 3726; x_wconf 84' lang='lat' dir='ltr'><strong>erit</strong></span> <span class='ocrx_word' id='word_1_585' title='bbox 2676 3673 2802 3742; x_wconf 84' lang='lat' dir='ltr'><strong>jure</strong></span> <span class='ocrx_word' id='word_1_586' title='bbox 2831 3682 3082 3743; x_wconf 81' lang='lat' dir='ltr'><strong>perpetuo</strong></span> <span class='ocrx_word' id='word_1_587' title='bbox 3125 3674 3179 3726; x_wconf 91' lang='lat' dir='ltr'><strong>in</strong></span> <span class='ocrx_word' id='word_1_588' title='bbox 3217 3687 3438 3742; x_wconf 84' lang='lat' dir='ltr'><strong>genera-</strong></span> 
     </span>
    </p>
   </div>
   <div class='ocr_carea' id='block_1_81' title="bbox 1846 3757 3437 3827">
    <p class='ocr_par' dir='ltr' id='par_1_81' title="bbox 1846 3757 3437 3827">
     <span class='ocr_line' id='line_1_81' title="bbox 1846 3757 3437 3827; baseline -0.008 -6"><span class='ocrx_word' id='word_1_589' title='bbox 1846 3766 2093 3827; x_wconf 86' lang='lat' dir='ltr'><strong>tionibus,</strong></span> <span class='ocrx_word' id='word_1_590' title='bbox 2125 3775 2173 3818; x_wconf 80' lang='grc' dir='ltr'>ει</span> <span class='ocrx_word' id='word_1_591' title='bbox 2218 3763 2418 3817; x_wconf 84' lang='lat' dir='ltr'><strong>cunctis</strong></span> <span class='ocrx_word' id='word_1_592' title='bbox 2472 3761 2786 3815; x_wconf 84' lang='lat' dir='ltr'><strong>habitaculis</strong></span> <span class='ocrx_word' id='word_1_593' title='bbox 2837 3760 3038 3819; x_wconf 70' lang='lat' dir='ltr'><strong>vestris.</strong></span> <span class='ocrx_word' id='word_1_594' title='bbox 3092 3775 3183 3813; x_wconf 89' lang='lat' dir='ltr'><strong>nec</strong></span> <span class='ocrx_word' id='word_1_595' title='bbox 3228 3757 3437 3826; x_wconf 76' lang='lat' dir='ltr'><strong>adipem</strong></span> 
     </span>
    </p>
   </div>
   <div class='ocr_carea' id='block_1_82' title="bbox 1848 3849 3436 3929">
    <p class='ocr_par' dir='ltr' id='par_1_82' title="bbox 1848 3849 3436 3929">
     <span class='ocr_line' id='line_1_82' title="bbox 1848 3849 3436 3929; baseline -0.008 -16"><span class='ocrx_word' id='word_1_596' title='bbox 1848 3877 1938 3915; x_wconf 87' lang='lat' dir='ltr'><strong>nec</strong></span> <span class='ocrx_word' id='word_1_597' title='bbox 1961 3859 2275 3929; x_wconf 79' lang='lat' dir='ltr'><strong>sanguinem</strong></span> <span class='ocrx_word' id='word_1_598' title='bbox 2323 3855 2537 3909; x_wconf 88' lang='lat' dir='ltr'><strong>omnino</strong></span> <span class='ocrx_word' id='word_1_599' title='bbox 2566 3854 2871 3908; x_wconf 83' lang='lat' dir='ltr'><strong>comedetis.</strong></span> <span class='ocrx_word' id='word_1_600' title='bbox 2920 3852 3172 3922; x_wconf 84' lang='lat' dir='ltr'><strong>Adipem.</strong></span> <span class='ocrx_word' id='word_1_601' title='bbox 3197 3852 3318 3919; x_wconf 84' lang='lat' dir='ltr'><strong>ejus</strong></span> <span class='ocrx_word' id='word_1_602' title='bbox 3345 3849 3436 3918; x_wconf 90' lang='lat' dir='ltr'><strong>qui</strong></span> 
     </span>
    </p>
   </div>
   <div class='ocr_carea' id='block_1_83' title="bbox 1847 3941 3440 4012">
    <p class='ocr_par' dir='ltr' id='par_1_83' title="bbox 1847 3941 3440 4012">
     <span class='ocr_line' id='line_1_83' title="bbox 1847 3941 3440 4012; baseline -0.011 -4"><span class='ocrx_word' id='word_1_603' title='bbox 1847 3956 1899 4008; x_wconf 92' lang='lat' dir='ltr'><strong>in</strong></span> <span class='ocrx_word' id='word_1_604' title='bbox 1943 3951 2100 4006; x_wconf 87' lang='lat' dir='ltr'><strong>nobis</strong></span> <span class='ocrx_word' id='word_1_605' title='bbox 2133 3959 2215 4004; x_wconf 88' lang='lat' dir='ltr'><strong>est</strong></span> <span class='ocrx_word' id='word_1_606' title='bbox 2245 3947 2503 4002; x_wconf 86' lang='lat' dir='ltr'><strong>desiderii</strong></span> <span class='ocrx_word' id='word_1_607' title='bbox 2550 3960 2650 4000; x_wconf 89' lang='lat' dir='ltr'><strong>seu</strong></span> <span class='ocrx_word' id='word_1_608' title='bbox 2683 3944 3170 4012; x_wconf 68' lang='lat' dir='ltr'><strong>concupiscentiae,</strong></span> <span class='ocrx_word' id='word_1_609' title='bbox 3216 3941 3440 4010; x_wconf 69' lang='lat' dir='ltr'><strong>sangui-</strong></span> 
     </span>
    </p>
   </div>
   <div class='ocr_carea' id='block_1_84' title="bbox 1845 4032 3438 4109">
    <p class='ocr_par' dir='ltr' id='par_1_84' title="bbox 1845 4032 3438 4109">
     <span class='ocr_line' id='line_1_84' title="bbox 1845 4032 3438 4109; baseline -0.009 -11"><span class='ocrx_word' id='word_1_610' title='bbox 1845 4059 1970 4098; x_wconf 90' lang='lat' dir='ltr'><strong>nem</strong></span> <span class='ocrx_word' id='word_1_611' title='bbox 2012 4057 2139 4097; x_wconf 88' lang='lat' dir='ltr'><strong>vero</strong></span> <span class='ocrx_word' id='word_1_612' title='bbox 2163 4041 2360 4096; x_wconf 67' lang='lat' dir='ltr'><strong>anima:</strong></span> <span class='ocrx_word' id='word_1_613' title='bbox 2385 4040 2613 4109; x_wconf 82' lang='lat' dir='ltr'><strong>ﬁguram</strong></span> <span class='ocrx_word' id='word_1_614' title='bbox 2631 4051 2823 4109; x_wconf 74' lang='lat' dir='ltr'><strong>gerere</strong></span> <span class='ocrx_word' id='word_1_615' title='bbox 2847 4034 3106 4090; x_wconf 76' lang='lat' dir='ltr'><strong>diximus.</strong></span> <span class='ocrx_word' id='word_1_616' title='bbox 3139 4032 3276 4099; x_wconf 85' lang='lat' dir='ltr'><strong>Quia</strong></span> <span class='ocrx_word' id='word_1_617' title='bbox 3306 4047 3438 4101; x_wconf 73' lang='lat' dir='ltr'><strong>ergo</strong></span> 
     </span>
    </p>
   </div>
   <div class='ocr_carea' id='block_1_85' title="bbox 1845 4124 3433 4203">
    <p class='ocr_par' dir='ltr' id='par_1_85' title="bbox 1845 4124 3433 4203">
     <span class='ocr_line' id='line_1_85' title="bbox 1845 4124 3433 4203; baseline -0.008 -15"><span class='ocrx_word' id='word_1_618' title='bbox 1845 4134 2059 4203; x_wconf 87' lang='lat' dir='ltr'><strong>adipem</strong></span> <span class='ocrx_word' id='word_1_619' title='bbox 2093 4132 2148 4185; x_wconf 94' lang='lat' dir='ltr'><strong>in</strong></span> <span class='ocrx_word' id='word_1_620' title='bbox 2188 4139 2457 4184; x_wconf 60' lang='lat' dir='ltr'><strong>aeternum</strong></span> <span class='ocrx_word' id='word_1_621' title='bbox 2490 4128 2756 4198; x_wconf 65' lang='lat' dir='ltr'><strong>prascepit</strong></span> <span class='ocrx_word' id='word_1_622' title='bbox 2795 4125 3030 4180; x_wconf 89' lang='lat' dir='ltr'><strong>Domino</strong></span> <span class='ocrx_word' id='word_1_623' title='bbox 3069 4124 3281 4186; x_wconf 82' lang='lat' dir='ltr'><strong>oﬁcrri.</strong></span> <span class='ocrx_word' id='word_1_624' title='bbox 3315 4139 3433 4184; x_wconf 78' lang='lat' dir='ltr'><strong>ma—</strong></span> 
     </span>
    </p>
   </div>
   <div class='ocr_carea' id='block_1_86' title="bbox 1846 4214 3437 4291">
    <p class='ocr_par' dir='ltr' id='par_1_86' title="bbox 1846 4214 3437 4291">
     <span class='ocr_line' id='line_1_86' title="bbox 1846 4214 3437 4291; baseline -0.01 -10"><span class='ocrx_word' id='word_1_625' title='bbox 1846 4227 2101 4281; x_wconf 84' lang='lat' dir='ltr'><strong>nifestum</strong></span> <span class='ocrx_word' id='word_1_626' title='bbox 2139 4234 2217 4276; x_wconf 91' lang='lat' dir='ltr'><strong>est</strong></span> <span class='ocrx_word' id='word_1_627' title='bbox 2275 4221 2401 4291; x_wconf 87' lang='lat' dir='ltr'><strong>quia</strong></span> <span class='ocrx_word' id='word_1_628' title='bbox 2429 4219 2745 4276; x_wconf 85' lang='lat' dir='ltr'><strong>consecrari</strong></span> <span class='ocrx_word' id='word_1_629' title='bbox 2780 4217 2892 4272; x_wconf 86' lang='lat' dir='ltr'><strong>Deo</strong></span> <span class='ocrx_word' id='word_1_630' title='bbox 2929 4227 3182 4271; x_wconf 85' lang='lat' dir='ltr'><strong>nostrum</strong></span> <span class='ocrx_word' id='word_1_631' title='bbox 3219 4214 3437 4273; x_wconf 79' lang='lat' dir='ltr'><strong>deside-</strong></span> 
     </span>
    </p>
   </div>
   <div class='ocr_carea' id='block_1_87' title="bbox 1846 4310 3438 4382">
    <p class='ocr_par' dir='ltr' id='par_1_87' title="bbox 1846 4310 3438 4382">
     <span class='ocr_line' id='line_1_87' title="bbox 1846 4310 3438 4382; baseline -0.007 -11"><span class='ocrx_word' id='word_1_632' title='bbox 1846 4320 1984 4371; x_wconf 91' lang='lat' dir='ltr'><strong>rium</strong></span> <span class='ocrx_word' id='word_1_633' title='bbox 2010 4318 2126 4370; x_wconf 87' lang='lat' dir='ltr'><strong>sive</strong></span> <span class='ocrx_word' id='word_1_634' title='bbox 2154 4312 2657 4382; x_wconf 86' lang='lat' dir='ltr'><strong>concupiscentiam</strong></span> <span class='ocrx_word' id='word_1_635' title='bbox 2703 4311 2841 4365; x_wconf 91' lang='lat' dir='ltr'><strong>vult.</strong></span> <span class='ocrx_word' id='word_1_636' title='bbox 2871 4310 2931 4364; x_wconf 91' lang='lat' dir='ltr'><strong>In</strong></span> <span class='ocrx_word' id='word_1_637' title='bbox 2962 4320 3228 4364; x_wconf 70' lang='lat' dir='ltr'><strong>teternnm</strong></span> <span class='ocrx_word' id='word_1_638' title='bbox 3256 4317 3438 4361; x_wconf 71' lang='lat' dir='ltr'><strong>autem</strong></span> 
     </span>
    </p>
   </div>
   <div class='ocr_carea' id='block_1_88' title="bbox 1849 4400 3436 4469">
    <p class='ocr_par' dir='ltr' id='par_1_88' title="bbox 1849 4400 3436 4469">
     <span class='ocr_line' id='line_1_88' title="bbox 1849 4400 3436 4469; baseline -0.007 -7"><span class='ocrx_word' id='word_1_639' title='bbox 1849 4410 1970 4469; x_wconf 88' lang='lat' dir='ltr'><strong>hoc,</strong></span> <span class='ocrx_word' id='word_1_640' title='bbox 2009 4422 2076 4462; x_wconf 88' lang='lat' dir='ltr'><strong>ne</strong></span> <span class='ocrx_word' id='word_1_641' title='bbox 2106 4407 2171 4460; x_wconf 88' lang='lat' dir='ltr'><strong>ad</strong></span> <span class='ocrx_word' id='word_1_642' title='bbox 2209 4407 2376 4459; x_wconf 89' lang='lat' dir='ltr'><strong>Deum</strong></span> <span class='ocrx_word' id='word_1_643' title='bbox 2409 4405 2538 4457; x_wconf 83' lang='lat' dir='ltr'><strong>illud</strong></span> <span class='ocrx_word' id='word_1_644' title='bbox 2576 4413 2632 4458; x_wconf 87' lang='lat' dir='ltr'><strong>et</strong></span> <span class='ocrx_word' id='word_1_645' title='bbox 2674 4403 2742 4457; x_wconf 90' lang='lat' dir='ltr'><strong>ad</strong></span> <span class='ocrx_word' id='word_1_646' title='bbox 2789 4401 3058 4457; x_wconf 85' lang='lat' dir='ltr'><strong>mundum</strong></span> <span class='ocrx_word' id='word_1_647' title='bbox 3108 4400 3436 4458; x_wconf 82' lang='lat' dir='ltr'><strong>dividamus.</strong></span> 
     </span>
    </p>
   </div>
   <div class='ocr_carea' id='block_1_89' title="bbox 1847 4498 2619 4571">
    <p class='ocr_par' dir='ltr' id='par_1_89' title="bbox 1847 4498 2619 4571">
     <span class='ocr_line' id='line_1_89' title="bbox 1847 4498 2619 4571; baseline -0.005 -14"><span class='ocrx_word' id='word_1_648' title='bbox 1847 4502 2074 4571; x_wconf 85' lang='lat' dir='ltr'><strong>Propter</strong></span> <span class='ocrx_word' id='word_1_649' title='bbox 2102 4500 2246 4570; x_wconf 90' lang='lat' dir='ltr'><strong>quod</strong></span> <span class='ocrx_word' id='word_1_650' title='bbox 2279 4509 2333 4554; x_wconf 89' lang='lat' dir='ltr'><strong>et</strong></span> <span class='ocrx_word' id='word_1_651' title='bbox 2364 4498 2572 4553; x_wconf 86' lang='lat' dir='ltr'><strong>addidit</strong></span> <span class='ocrx_word' id='word_1_652' title='bbox 2603 4516 2619 4553; x_wconf 94' lang='lat'><strong>:</strong></span> 
     </span>
    </p>
   </div>
   <div class='ocr_carea' id='block_1_90' title="bbox 131 4583 3442 4664">
    <p class='ocr_par' dir='ltr' id='par_1_90' title="bbox 131 4583 3442 4664">
     <span class='ocr_line' id='line_1_90' title="bbox 131 4583 3442 4664; baseline -0.003 -15"><span class='ocrx_word' id='word_1_653' title='bbox 131 4585 331 4639; x_wconf 71' lang='lat' dir='ltr'><strong>solum</strong></span> <span class='ocrx_word' id='word_1_654' title='bbox 369 4600 547 4648; x_wconf 72' lang='lat' dir='ltr'><strong>reneS.</strong></span> <span class='ocrx_word' id='word_1_655' title='bbox 581 4593 636 4639; x_wconf 72' lang='lat' dir='ltr'><strong>et</strong></span> <span class='ocrx_word' id='word_1_656' title='bbox 657 4584 894 4654; x_wconf 77' lang='lat' dir='ltr'><strong>adipem.</strong></span> <span class='ocrx_word' id='word_1_657' title='bbox 928 4585 1021 4653; x_wconf 76' lang='lat' dir='ltr'><strong>qui</strong></span> <span class='ocrx_word' id='word_1_658' title='bbox 1053 4599 1219 4653; x_wconf 76' lang='lat' dir='ltr'><strong>super</strong></span> <span class='ocrx_word' id='word_1_659' title='bbox 1247 4583 1394 4653; x_wconf 80' lang='lat' dir='ltr'><strong>ipsos</strong></span> <span class='ocrx_word' id='word_1_660' title='bbox 1420 4594 1522 4648; x_wconf 73' lang='lat' dir='ltr'><strong>est.</strong></span> <span class='ocrx_word' id='word_1_661' title='bbox 1553 4586 1648 4639; x_wconf 84' lang='lat' dir='ltr'><strong>sed</strong></span> <span class='ocrx_word' id='word_1_662' title='bbox 1679 4595 1734 4641; x_wconf 81' lang='lat' dir='ltr'><strong>et</strong></span> <span class='ocrx_word' id='word_1_663' title='bbox 1769 4587 1812 4640; x_wconf 82' lang='grc' dir='ltr'>ι)</span> <span class='ocrx_word' id='word_1_664' title='bbox 1909 4593 1974 4649; x_wconf 83' lang='grc' dir='ltr'><strong>1η</strong></span> <span class='ocrx_word' id='word_1_665' title='bbox 2005 4593 2444 4664; x_wconf 73' lang='lat' dir='ltr'><strong>generationibus,</strong></span> <span class='ocrx_word' id='word_1_666' title='bbox 2495 4591 2546 4645; x_wconf 87' lang='lat' dir='ltr'><strong>id</strong></span> <span class='ocrx_word' id='word_1_667' title='bbox 2573 4600 2658 4646; x_wconf 85' lang='lat' dir='ltr'><strong>est</strong></span> <span class='ocrx_word' id='word_1_668' title='bbox 2699 4605 2797 4659; x_wconf 88' lang='lat' dir='ltr'><strong>per</strong></span> <span class='ocrx_word' id='word_1_669' title='bbox 2821 4587 3062 4653; x_wconf 64' lang='lat' dir='ltr'><strong>singulas</strong></span> <span class='ocrx_word' id='word_1_670' title='bbox 3090 4594 3317 4647; x_wconf 74' lang='lat' dir='ltr'><strong>zetates;</strong></span> <span class='ocrx_word' id='word_1_671' title='bbox 3353 4584 3442 4641; x_wconf 83' lang='lat' dir='ltr'><strong>hic</strong></span> 
     </span>
    </p>
   </div>
   <div class='ocr_carea' id='block_1_91' title="bbox 134 4674 1740 4745">
    <p class='ocr_par' dir='ltr' id='par_1_91' title="bbox 134 4674 1740 4745">
     <span class='ocr_line' id='line_1_91' title="bbox 134 4674 1740 4745; baseline 0.001 -17"><span class='ocrx_word' id='word_1_672' title='bbox 134 4675 422 4742; x_wconf 83' lang='lat' dir='ltr'><strong>ltnnbmn,</strong></span> <span class='ocrx_word' id='word_1_673' title='bbox 475 4677 568 4745; x_wconf 88' lang='lat' dir='ltr'><strong>qui</strong></span> <span class='ocrx_word' id='word_1_674' title='bbox 610 4685 696 4730; x_wconf 90' lang='lat' dir='ltr'><strong>est</strong></span> <span class='ocrx_word' id='word_1_675' title='bbox 726 4674 780 4728; x_wconf 92' lang='lat' dir='ltr'><strong>in</strong></span> <span class='ocrx_word' id='word_1_676' title='bbox 836 4675 1079 4737; x_wconf 89' lang='lat' dir='ltr'><strong>renibus,</strong></span> <span class='ocrx_word' id='word_1_677' title='bbox 1121 4674 1356 4728; x_wconf 70' lang='lat' dir='ltr'><strong>oderant</strong></span> <span class='ocrx_word' id='word_1_678' title='bbox 1402 4675 1538 4729; x_wconf 76' lang='lat' dir='ltr'><strong>Deo.</strong></span> <span class='ocrx_word' id='word_1_679' title='bbox 1585 4675 1740 4741; x_wconf 83' lang='lat' dir='ltr'><strong>Quod</strong></span> 
     </span>
    </p>
   </div>
   <div class='ocr_carea' id='block_1_92' title="bbox 131 4767 1282 4836">
    <p class='ocr_par' dir='ltr' id='par_1_92' title="bbox 131 4767 1282 4836">
     <span class='ocr_line' id='line_1_92' title="bbox 131 4767 1282 4836; baseline 0 -16"><span class='ocrx_word' id='word_1_680' title='bbox 131 4776 338 4820; x_wconf 79' lang='lat' dir='ltr'><strong>autem</strong></span> <span class='ocrx_word' id='word_1_681' title='bbox 363 4768 546 4836; x_wconf 68' lang='lat' dir='ltr'><strong>adjicit</strong></span> <span class='ocrx_word' id='word_1_682' title='bbox 578 4769 631 4820; x_wconf 92' lang='lat' dir='ltr'><strong>in</strong></span> <span class='ocrx_word' id='word_1_683' title='bbox 654 4767 846 4821; x_wconf 80' lang='lat' dir='ltr'><strong>eadem</strong></span> <span class='ocrx_word' id='word_1_684' title='bbox 887 4767 1242 4821; x_wconf 84' lang='lat' dir='ltr'><strong>translatione</strong></span> <span class='ocrx_word' id='word_1_685' title='bbox 1269 4782 1282 4820; x_wconf 94' lang='lat'><strong>:</strong></span> 
     </span>
    </p>
   </div>
   <div class='ocr_carea' id='block_1_93' title="bbox 218 4858 1743 4930">
    <p class='ocr_par' dir='ltr' id='par_1_93' title="bbox 218 4858 1743 4930">
     <span class='ocr_line' id='line_1_93' title="bbox 218 4858 1743 4930; baseline -0.001 -16"><span class='ocrx_word' id='word_1_686' title='bbox 218 4858 354 4914; x_wconf 85' lang='lat' dir='ltr'><strong>Siue</strong></span> <span class='ocrx_word' id='word_1_687' title='bbox 393 4860 603 4914; x_wconf 83' lang='lat' dir='ltr'><strong>macula</strong></span> <span class='ocrx_word' id='word_1_688' title='bbox 638 4861 923 4930; x_wconf 80' lang='lat' dir='ltr'><strong>integrum,</strong></span> <span class='ocrx_word' id='word_1_689' title='bbox 972 4859 1051 4912; x_wconf 87' lang='lat' dir='ltr'><strong>sic</strong></span> <span class='ocrx_word' id='word_1_690' title='bbox 1078 4859 1336 4927; x_wconf 73' lang='lat' dir='ltr'><strong>intellige,</strong></span> <span class='ocrx_word' id='word_1_691' title='bbox 1373 4859 1519 4926; x_wconf 87' lang='lat' dir='ltr'><strong>quod</strong></span> <span class='ocrx_word' id='word_1_692' title='bbox 1554 4860 1743 4927; x_wconf 71' lang='lat' dir='ltr'><strong>expla—</strong></span> 
     </span>
    </p>
   </div>
   <div class='ocr_carea' id='block_1_94' title="bbox 128 4950 1748 5022">
    <p class='ocr_par' dir='ltr' id='par_1_94' title="bbox 128 4950 1748 5022">
     <span class='ocr_line' id='line_1_94' title="bbox 128 4950 1748 5022; baseline -0.002 -13"><span class='ocrx_word' id='word_1_693' title='bbox 128 4969 292 5009; x_wconf 85' lang='lat' dir='ltr'><strong>nans</strong></span> <span class='ocrx_word' id='word_1_694' title='bbox 321 4952 701 5022; x_wconf 83' lang='lat' dir='ltr'><strong>Symmachus,</strong></span> <span class='ocrx_word' id='word_1_695' title='bbox 736 4965 833 5019; x_wconf 89' lang='lat' dir='ltr'><strong>pro</strong></span> <span class='ocrx_word' id='word_1_696' title='bbox 871 4950 1216 5004; x_wconf 83' lang='lat' dir='ltr'><strong>immaculato</strong></span> <span class='ocrx_word' id='word_1_697' title='bbox 1246 4951 1516 5018; x_wconf 74' lang='lat' dir='ltr'><strong>integrum</strong></span> <span class='ocrx_word' id='word_1_698' title='bbox 1551 4966 1748 5020; x_wconf 83' lang='lat' dir='ltr'><strong>propo-</strong></span> 
     </span>
    </p>
   </div>
   <div class='ocr_carea' id='block_1_95' title="bbox 127 5046 1745 5118">
    <p class='ocr_par' dir='ltr' id='par_1_95' title="bbox 127 5046 1745 5118">
     <span class='ocr_line' id='line_1_95' title="bbox 127 5046 1745 5118; baseline -0.001 -17"><span class='ocrx_word' id='word_1_699' title='bbox 127 5049 284 5111; x_wconf 86' lang='lat' dir='ltr'><strong>suit,</strong></span> <span class='ocrx_word' id='word_1_700' title='bbox 326 5047 521 5118; x_wconf 84' lang='lat' dir='ltr'><strong>Aquila</strong></span> <span class='ocrx_word' id='word_1_701' title='bbox 564 5049 748 5099; x_wconf 84' lang='lat' dir='ltr'><strong>autem</strong></span> <span class='ocrx_word' id='word_1_702' title='bbox 801 5046 1127 5116; x_wconf 70' lang='lat' dir='ltr'><strong>perfectura:</strong></span> <span class='ocrx_word' id='word_1_703' title='bbox 1176 5061 1300 5098; x_wconf 91' lang='lat' dir='ltr'><strong>nam</strong></span> <span class='ocrx_word' id='word_1_704' title='bbox 1356 5053 1412 5099; x_wconf 84' lang='lat' dir='ltr'><strong>et</strong></span> <span class='ocrx_word' id='word_1_705' title='bbox 1457 5056 1745 5114; x_wconf 84' lang='lat' dir='ltr'><strong>propterea</strong></span> 
     </span>
    </p>
   </div>
   <div class='ocr_carea' id='block_1_96' title="bbox 121 5137 1741 5208">
    <p class='ocr_par' dir='ltr' id='par_1_96' title="bbox 121 5137 1741 5208">
     <span class='ocr_line' id='line_1_96' title="bbox 121 5137 1741 5208; baseline -0.002 -14"><span class='ocrx_word' id='word_1_706' title='bbox 121 5154 270 5195; x_wconf 83' lang='lat' dir='ltr'><strong>cum</strong></span> <span class='ocrx_word' id='word_1_707' title='bbox 330 5137 543 5191; x_wconf 77' lang='lat' dir='ltr'><strong>renibus</strong></span> <span class='ocrx_word' id='word_1_708' title='bbox 570 5137 800 5200; x_wconf 85' lang='lat' dir='ltr'><strong>addidit,</strong></span> <span class='ocrx_word' id='word_1_709' title='bbox 832 5138 1104 5208; x_wconf 77' lang='lat' dir='ltr'><strong>integrum</strong></span> <span class='ocrx_word' id='word_1_710' title='bbox 1138 5138 1265 5192; x_wconf 89' lang='lat' dir='ltr'><strong>illud</strong></span> <span class='ocrx_word' id='word_1_711' title='bbox 1300 5138 1741 5208; x_wconf 84' lang='lat' dir='ltr'><strong>perfectumque,</strong></span> 
     </span>
    </p>
   </div>
   <div class='ocr_carea' id='block_1_97' title="bbox 123 5230 1743 5300">
    <p class='ocr_par' dir='ltr' id='par_1_97' title="bbox 123 5230 1743 5300">
     <span class='ocr_line' id='line_1_97' title="bbox 123 5230 1743 5300; baseline 0.002 -17"><span class='ocrx_word' id='word_1_712' title='bbox 123 5232 458 5300; x_wconf 69' lang='lat' dir='ltr'><strong>secundum</strong></span> <span class='ocrx_word' id='word_1_713' title='bbox 508 5231 653 5300; x_wconf 84' lang='lat' dir='ltr'><strong>quod</strong></span> <span class='ocrx_word' id='word_1_714' title='bbox 705 5230 962 5295; x_wconf 82' lang='lat' dir='ltr'><strong>diximus,</strong></span> <span class='ocrx_word' id='word_1_715' title='bbox 1013 5230 1194 5286; x_wconf 80' lang='lat' dir='ltr'><strong>oﬁ‘erri</strong></span> <span class='ocrx_word' id='word_1_716' title='bbox 1241 5233 1450 5295; x_wconf 87' lang='lat' dir='ltr'><strong>volens,</strong></span> <span class='ocrx_word' id='word_1_717' title='bbox 1501 5247 1570 5287; x_wconf 91' lang='lat' dir='ltr'><strong>ne</strong></span> <span class='ocrx_word' id='word_1_718' title='bbox 1599 5233 1743 5288; x_wconf 91' lang='lat' dir='ltr'><strong>aliud</strong></span> 
     </span>
    </p>
   </div>
   <div class='ocr_carea' id='block_1_98' title="bbox 121 5321 1746 5392">
    <p class='ocr_par' dir='ltr' id='par_1_98' title="bbox 121 5321 1746 5392">
     <span class='ocr_line' id='line_1_98' title="bbox 121 5321 1746 5392; baseline 0.002 -16"><span class='ocrx_word' id='word_1_719' title='bbox 121 5324 270 5390; x_wconf 68' lang='lat' dir='ltr'><strong>ejus</strong></span> <span class='ocrx_word' id='word_1_720' title='bbox 321 5321 456 5382; x_wconf 85' lang='lat' dir='ltr'><strong>Deo,</strong></span> <span class='ocrx_word' id='word_1_721' title='bbox 505 5323 651 5376; x_wconf 87' lang='lat' dir='ltr'><strong>aliud</strong></span> <span class='ocrx_word' id='word_1_722' title='bbox 697 5332 878 5376; x_wconf 88' lang='lat' dir='ltr'><strong>autem</strong></span> <span class='ocrx_word' id='word_1_723' title='bbox 915 5322 1234 5377; x_wconf 87' lang='lat' dir='ltr'><strong>adversario</strong></span> <span class='ocrx_word' id='word_1_724' title='bbox 1279 5323 1508 5392; x_wconf 79' lang='lat' dir='ltr'><strong>simplex</strong></span> <span class='ocrx_word' id='word_1_725' title='bbox 1543 5326 1746 5379; x_wconf 82' lang='lat' dir='ltr'><strong>otl&#39;era-</strong></span> 
     </span>
    </p>
   </div>
   <div class='ocr_carea' id='block_1_99' title="bbox 123 5411 1743 5479">
    <p class='ocr_par' dir='ltr' id='par_1_99' title="bbox 123 5411 1743 5479">
     <span class='ocr_line' id='line_1_99' title="bbox 123 5411 1743 5479; baseline 0.001 -14"><span class='ocrx_word' id='word_1_726' title='bbox 123 5423 259 5465; x_wconf 80' lang='lat' dir='ltr'><strong>tur.</strong></span> <span class='ocrx_word' id='word_1_727' title='bbox 297 5411 514 5466; x_wconf 79' lang='lat' dir='ltr'><strong>Sufﬁcit</strong></span> <span class='ocrx_word' id='word_1_728' title='bbox 549 5413 697 5465; x_wconf 86' lang='lat' dir='ltr'><strong>enim</strong></span> <span class='ocrx_word' id='word_1_729' title='bbox 731 5411 858 5466; x_wconf 89' lang='lat' dir='ltr'><strong>huic</strong></span> <span class='ocrx_word' id='word_1_730' title='bbox 891 5412 956 5465; x_wconf 90' lang='lat' dir='ltr'><strong>ad</strong></span> <span class='ocrx_word' id='word_1_731' title='bbox 991 5413 1228 5472; x_wconf 68' lang='lat' dir='ltr'><strong>veniam,</strong></span> <span class='ocrx_word' id='word_1_732' title='bbox 1271 5427 1334 5466; x_wconf 88' lang='lat' dir='ltr'><strong>ea</strong></span> <span class='ocrx_word' id='word_1_733' title='bbox 1365 5428 1486 5479; x_wconf 67' lang='lat' dir='ltr'><strong>quae</strong></span> <span class='ocrx_word' id='word_1_734' title='bbox 1526 5414 1743 5468; x_wconf 86' lang='lat' dir='ltr'><strong>virtutis</strong></span> 
     </span>
    </p>
   </div>
   <div class='ocr_carea' id='block_1_100' title="bbox 119 5504 1740 5573">
    <p class='ocr_par' dir='ltr' id='par_1_100' title="bbox 119 5504 1740 5573">
     <span class='ocr_line' id='line_1_100' title="bbox 119 5504 1740 5573; baseline 0 -15"><span class='ocrx_word' id='word_1_735' title='bbox 119 5511 284 5558; x_wconf 82' lang='lat' dir='ltr'><strong>sunt</strong></span> <span class='ocrx_word' id='word_1_736' title='bbox 314 5517 426 5556; x_wconf 90' lang='lat' dir='ltr'><strong>non</strong></span> <span class='ocrx_word' id='word_1_737' title='bbox 469 5517 632 5573; x_wconf 80' lang='lat' dir='ltr'><strong>agere</strong></span> <span class='ocrx_word' id='word_1_738' title='bbox 661 5525 670 5555; x_wconf 90' lang='lat'><strong>:</strong></span> <span class='ocrx_word' id='word_1_739' title='bbox 708 5518 832 5555; x_wconf 89' lang='lat' dir='ltr'><strong>nam</strong></span> <span class='ocrx_word' id='word_1_740' title='bbox 875 5518 998 5556; x_wconf 88' lang='lat' dir='ltr'><strong>cum</strong></span> <span class='ocrx_word' id='word_1_741' title='bbox 1032 5504 1172 5557; x_wconf 90' lang='lat' dir='ltr'><strong>mala</strong></span> <span class='ocrx_word' id='word_1_742' title='bbox 1200 5512 1481 5571; x_wconf 88' lang='lat' dir='ltr'><strong>operatur,</strong></span> <span class='ocrx_word' id='word_1_743' title='bbox 1525 5505 1740 5558; x_wconf 88' lang='lat' dir='ltr'><strong>veniam</strong></span> 
     </span>
    </p>
   </div>
   <div class='ocr_carea' id='block_1_101' title="bbox 115 5593 1741 5663">
    <p class='ocr_par' dir='ltr' id='par_1_101' title="bbox 115 5593 1741 5663">
     <span class='ocr_line' id='line_1_101' title="bbox 115 5593 1741 5663; baseline -0.002 -12"><span class='ocrx_word' id='word_1_744' title='bbox 115 5611 257 5651; x_wconf 85' lang='lat' dir='ltr'><strong>non</strong></span> <span class='ocrx_word' id='word_1_745' title='bbox 298 5595 543 5649; x_wconf 87' lang='lat' dir='ltr'><strong>habebit.</strong></span> <span class='ocrx_word' id='word_1_746' title='bbox 569 5593 724 5649; x_wconf 89' lang='lat' dir='ltr'><strong>Unde</strong></span> <span class='ocrx_word' id='word_1_747' title='bbox 746 5593 1021 5662; x_wconf 87' lang='lat' dir='ltr'><strong>simplices</strong></span> <span class='ocrx_word' id='word_1_748' title='bbox 1043 5603 1104 5648; x_wconf 89' lang='lat' dir='ltr'><strong>ut</strong></span> <span class='ocrx_word' id='word_1_749' title='bbox 1130 5595 1412 5650; x_wconf 87' lang='lat' dir='ltr'><strong>columbas</strong></span> <span class='ocrx_word' id='word_1_750' title='bbox 1439 5596 1595 5663; x_wconf 87' lang='lat' dir='ltr'><strong>jubet</strong></span> <span class='ocrx_word' id='word_1_751' title='bbox 1620 5611 1741 5649; x_wconf 86' lang='lat' dir='ltr'><strong>esse</strong></span> 
     </span>
    </p>
   </div>
   <div class='ocr_carea' id='block_1_102' title="bbox 113 5687 1738 5756">
    <p class='ocr_par' dir='ltr' id='par_1_102' title="bbox 113 5687 1738 5756">
     <span class='ocr_line' id='line_1_102' title="bbox 113 5687 1738 5756; baseline -0.001 -13"><span class='ocrx_word' id='word_1_752' title='bbox 113 5687 504 5749; x_wconf 80' lang='lat' dir='ltr'><strong>Dominus&quot;,</strong></span> <span class='ocrx_word' id='word_1_753' title='bbox 561 5687 688 5756; x_wconf 89' lang='lat' dir='ltr'><strong>quia</strong></span> <span class='ocrx_word' id='word_1_754' title='bbox 730 5687 996 5741; x_wconf 76' lang='lat' dir='ltr'><strong>columba:</strong></span> <span class='ocrx_word' id='word_1_755' title='bbox 1050 5687 1273 5741; x_wconf 55' lang='lat' dir='ltr'><strong>nimia&#39;n</strong></span> <span class='ocrx_word' id='word_1_756' title='bbox 1334 5690 1738 5756; x_wconf 84' lang='lat' dir='ltr'><strong>quodammodo</strong></span> 
     </span>
    </p>
   </div>
   <div class='ocr_carea' id='block_1_103' title="bbox 167 5818 1334 5886">
    <p class='ocr_par' dir='ltr' id='par_1_103' title="bbox 167 5818 1334 5886">
     <span class='ocr_line' id='line_1_103' title="bbox 167 5818 1334 5886; baseline 0.007 -16"><span class='ocrx_word' id='word_1_757' title='bbox 167 5819 224 5851; x_wconf 82' lang='grc'><strong>²⁶</strong></span> <span class='ocrx_word' id='word_1_758' title='bbox 257 5819 331 5872; x_wconf 92' lang='lat' dir='ltr'><strong>lll</strong></span> <span class='ocrx_word' id='word_1_759' title='bbox 374 5818 482 5886; x_wconf 70' lang='lat' dir='ltr'><strong>Reg</strong></span> <span class='ocrx_word' id='word_1_760' title='bbox 525 5837 621 5883; x_wconf 75' lang='lat' dir='ltr'><strong>xu,</strong></span> <span class='ocrx_word' id='word_1_761' title='bbox 658 5821 736 5880; x_wconf 88' lang='lat' dir='ltr'><strong>I0.</strong></span> <span class='ocrx_word' id='word_1_762' title='bbox 839 5823 883 5851; x_wconf 80' lang='grc'><strong>’³⁷</strong></span> <span class='ocrx_word' id='word_1_763' title='bbox 912 5821 1080 5874; x_wconf 74' lang='lat' dir='ltr'><strong>Exol.</strong></span> <span class='ocrx_word' id='word_1_764' title='bbox 1119 5839 1213 5881; x_wconf 81' lang='lat' dir='ltr'><strong>xu,</strong></span> <span class='ocrx_word' id='word_1_765' title='bbox 1253 5825 1334 5878; x_wconf 92' lang='lat' dir='ltr'><strong>ll.</strong></span> 
     </span>
    </p>
   </div>
   <div class='ocr_carea' id='block_1_104' title="bbox 107 5888 1430 5957">
    <p class='ocr_par' dir='ltr' id='par_1_104' title="bbox 107 5888 1430 5957">
     <span class='ocr_line' id='line_1_104' title="bbox 107 5888 1430 5957; baseline 0.005 -18"><span class='ocrx_word' id='word_1_766' title='bbox 107 5906 177 5948; x_wconf 60' lang='grc' dir='ltr'><strong>κ,</strong></span> <span class='ocrx_word' id='word_1_767' title='bbox 217 5888 306 5941; x_wconf 78' lang='lat' dir='ltr'><strong>l6.</strong></span> <span class='ocrx_word' id='word_1_768' title='bbox 373 5891 415 5922; x_wconf 81' lang='grc'>⁸¹</span> <span class='ocrx_word' id='word_1_769' title='bbox 448 5891 590 5945; x_wconf 80' lang='lat' dir='ltr'><strong>l&#39;sal.</strong></span> <span class='ocrx_word' id='word_1_770' title='bbox 634 5906 745 5954; x_wconf 84' lang='lat' dir='ltr'><strong>cm,</strong></span> <span class='ocrx_word' id='word_1_771' title='bbox 776 5891 853 5943; x_wconf 69' lang='lat' dir='ltr'><strong>l5.</strong></span> <span class='ocrx_word' id='word_1_772' title='bbox 935 5890 977 5918; x_wconf 75' lang='lat'><strong>&quot;</strong></span> <span class='ocrx_word' id='word_1_773' title='bbox 1009 5891 1217 5946; x_wconf 73' lang='lat' dir='ltr'><strong>Baruch</strong></span> <span class='ocrx_word' id='word_1_774' title='bbox 1255 5910 1338 5957; x_wconf 76' lang='lat' dir='ltr'><strong>ri,</strong></span> <span class='ocrx_word' id='word_1_775' title='bbox 1382 5896 1430 5947; x_wconf 76' lang='lat'><strong>2.</strong></span> 
     </span>
    </p>
   </div>
   <div class='ocr_carea' id='block_1_105' title="bbox 1451 5824 1947 5892">
    <p class='ocr_par' dir='ltr' id='par_1_105' title="bbox 1451 5824 1947 5892">
     <span class='ocr_line' id='line_1_105' title="bbox 1451 5824 1947 5892; baseline -0.004 -14"><span class='ocrx_word' id='word_1_776' title='bbox 1451 5825 1492 5854; x_wconf 81' lang='lat'><strong>&quot;&#39;</strong></span> <span class='ocrx_word' id='word_1_777' title='bbox 1524 5824 1721 5892; x_wconf 75' lang='lat' dir='ltr'><strong>Ephcs.</strong></span> <span class='ocrx_word' id='word_1_778' title='bbox 1756 5841 1828 5883; x_wconf 70' lang='grc' dir='ltr'>ιι.</span> <span class='ocrx_word' id='word_1_779' title='bbox 1864 5825 1947 5877; x_wconf 82' lang='grc' dir='ltr'><strong>Η.</strong></span> 
     </span>
    </p>
   </div>
   <div class='ocr_carea' id='block_1_106' title="bbox 1544 5893 1970 5960">
    <p class='ocr_par' dir='ltr' id='par_1_106' title="bbox 1544 5893 1970 5960">
     <span class='ocr_line' id='line_1_106' title="bbox 1544 5893 1970 5960; baseline 0 -11"><span class='ocrx_word' id='word_1_780' title='bbox 1544 5893 1586 5922; x_wconf 61' lang='grc'><strong>³³</strong></span> <span class='ocrx_word' id='word_1_781' title='bbox 1620 5894 1762 5949; x_wconf 74' lang='lat' dir='ltr'><strong>Psal.</strong></span> <span class='ocrx_word' id='word_1_782' title='bbox 1796 5910 1886 5960; x_wconf 80' lang='lat' dir='ltr'><strong>cu,</strong></span> <span class='ocrx_word' id='word_1_783' title='bbox 1919 5896 1970 5949; x_wconf 85' lang='lat'><strong>9.</strong></span> 
     </span>
    </p>
   </div>
   <div class='ocr_carea' id='block_1_107' title="bbox 1840 4674 3438 4755">
    <p class='ocr_par' dir='ltr' id='par_1_107' title="bbox 1840 4674 3438 4755">
     <span class='ocr_line' id='line_1_107' title="bbox 1840 4674 3438 4755; baseline -0.007 -16"><span class='ocrx_word' id='word_1_784' title='bbox 1840 4685 2222 4755; x_wconf 73' lang='lat' dir='ltr'><strong>generationes</strong></span> <span class='ocrx_word' id='word_1_785' title='bbox 2262 4690 2466 4743; x_wconf 86' lang='lat' dir='ltr'><strong>autem.</strong></span> <span class='ocrx_word' id='word_1_786' title='bbox 2503 4679 2941 4750; x_wconf 68' lang='lat' dir='ltr'><strong>percontationes</strong></span> <span class='ocrx_word' id='word_1_787' title='bbox 2970 4686 3192 4732; x_wconf 79' lang='lat' dir='ltr'><strong>:etatnm</strong></span> <span class='ocrx_word' id='word_1_788' title='bbox 3236 4674 3438 4728; x_wconf 74' lang='lat' dir='ltr'><strong>intelli-</strong></span> 
     </span>
    </p>
   </div>
   <div class='ocr_carea' id='block_1_108' title="bbox 1841 4762 3438 4843">
    <p class='ocr_par' dir='ltr' id='par_1_108' title="bbox 1841 4762 3438 4843">
     <span class='ocr_line' id='line_1_108' title="bbox 1841 4762 3438 4843; baseline -0.004 -19"><span class='ocrx_word' id='word_1_789' title='bbox 1841 4782 2063 4843; x_wconf 80' lang='lat' dir='ltr'><strong>guntur,</strong></span> <span class='ocrx_word' id='word_1_790' title='bbox 2103 4772 2248 4840; x_wconf 88' lang='lat' dir='ltr'><strong>quod</strong></span> <span class='ocrx_word' id='word_1_791' title='bbox 2304 4769 2549 4824; x_wconf 81' lang='lat' dir='ltr'><strong>ostendit</strong></span> <span class='ocrx_word' id='word_1_792' title='bbox 2601 4765 2890 4829; x_wconf 80' lang='lat' dir='ltr'><strong>Jcremias,</strong></span> <span class='ocrx_word' id='word_1_793' title='bbox 2937 4781 3063 4820; x_wconf 89' lang='lat' dir='ltr'><strong>cum</strong></span> <span class='ocrx_word' id='word_1_794' title='bbox 3102 4764 3305 4834; x_wconf 88' lang='lat' dir='ltr'><strong>populo</strong></span> <span class='ocrx_word' id='word_1_795' title='bbox 3330 4762 3438 4818; x_wconf 72' lang='lat' dir='ltr'><strong>Ju-</strong></span> 
     </span>
    </p>
   </div>
   <div class='ocr_carea' id='block_1_109' title="bbox 1841 4851 3444 4931">
    <p class='ocr_par' dir='ltr' id='par_1_109' title="bbox 1841 4851 3444 4931">
     <span class='ocr_line' id='line_1_109' title="bbox 1841 4851 3444 4931; baseline -0.009 -13"><span class='ocrx_word' id='word_1_796' title='bbox 1841 4864 1999 4919; x_wconf 83' lang='lat' dir='ltr'><strong>daieo</strong></span> <span class='ocrx_word' id='word_1_797' title='bbox 2031 4864 2084 4916; x_wconf 91' lang='lat' dir='ltr'><strong>in</strong></span> <span class='ocrx_word' id='word_1_798' title='bbox 2122 4862 2414 4931; x_wconf 75' lang='lat' dir='ltr'><strong>Babylonia</strong></span> <span class='ocrx_word' id='word_1_799' title='bbox 2445 4860 2740 4922; x_wconf 86' lang='lat' dir='ltr'><strong>seri-heret,</strong></span> <span class='ocrx_word' id='word_1_800' title='bbox 2789 4858 2847 4910; x_wconf 90' lang='lat' dir='ltr'><strong>in</strong></span> <span class='ocrx_word' id='word_1_801' title='bbox 2878 4865 3091 4926; x_wconf 88' lang='lat' dir='ltr'><strong>septem</strong></span> <span class='ocrx_word' id='word_1_802' title='bbox 3130 4851 3444 4924; x_wconf 74' lang='lat' dir='ltr'><strong>generatio-</strong></span> 
     </span>
    </p>
   </div>
   <div class='ocr_carea' id='block_1_110' title="bbox 1845 4945 3441 5024">
    <p class='ocr_par' dir='ltr' id='par_1_110' title="bbox 1845 4945 3441 5024">
     <span class='ocr_line' id='line_1_110' title="bbox 1845 4945 3441 5024; baseline -0.007 -15"><span class='ocrx_word' id='word_1_803' title='bbox 1845 4955 2026 5015; x_wconf 78' lang='lat' dir='ltr'><strong>nibus.</strong></span> <span class='ocrx_word' id='word_1_804' title='bbox 2056 4954 2401 5024; x_wconf 79' lang='lat' dir='ltr'><strong>septuaginta</strong></span> <span class='ocrx_word' id='word_1_805' title='bbox 2449 4965 2723 5005; x_wconf 86' lang='lat' dir='ltr'><strong>annorum</strong></span> <span class='ocrx_word' id='word_1_806' title='bbox 2753 4949 2945 5003; x_wconf 89' lang='lat' dir='ltr'><strong>dicens</strong></span> <span class='ocrx_word' id='word_1_807' title='bbox 2977 4962 3270 5003; x_wconf 88' lang='lat' dir='ltr'><strong>numerum</strong></span> <span class='ocrx_word' id='word_1_808' title='bbox 3299 4964 3313 5000; x_wconf 95' lang='lat'><strong>:</strong></span> <span class='ocrx_word' id='word_1_809' title='bbox 3349 4945 3441 5014; x_wconf 76' lang='lat' dir='ltr'><strong>qui</strong></span> 
     </span>
    </p>
   </div>
   <div class='ocr_carea' id='block_1_111' title="bbox 1847 5039 3443 5106">
    <p class='ocr_par' dir='ltr' id='par_1_111' title="bbox 1847 5039 3443 5106">
     <span class='ocr_line' id='line_1_111' title="bbox 1847 5039 3443 5106; baseline -0.006 -6"><span class='ocrx_word' id='word_1_810' title='bbox 1847 5063 1955 5100; x_wconf 89' lang='lat' dir='ltr'><strong>non</strong></span> <span class='ocrx_word' id='word_1_811' title='bbox 1988 5047 2092 5101; x_wconf 92' lang='lat' dir='ltr'><strong>hoc</strong></span> <span class='ocrx_word' id='word_1_812' title='bbox 2129 5047 2357 5106; x_wconf 87' lang='lat' dir='ltr'><strong>diceret,</strong></span> <span class='ocrx_word' id='word_1_813' title='bbox 2389 5044 2434 5098; x_wconf 90' lang='lat' dir='ltr'><strong>si</strong></span> <span class='ocrx_word' id='word_1_814' title='bbox 2465 5059 2577 5098; x_wconf 83' lang='lat' dir='ltr'><strong>non</strong></span> <span class='ocrx_word' id='word_1_815' title='bbox 2604 5059 2671 5098; x_wconf 80' lang='lat' dir='ltr'><strong>ex</strong></span> <span class='ocrx_word' id='word_1_816' title='bbox 2717 5059 2784 5097; x_wconf 88' lang='lat' dir='ltr'><strong>eo</strong></span> <span class='ocrx_word' id='word_1_817' title='bbox 2812 5049 3037 5096; x_wconf 69' lang='lat' dir='ltr'><strong>aetatum</strong></span> <span class='ocrx_word' id='word_1_818' title='bbox 3071 5039 3216 5094; x_wconf 78' lang='lat' dir='ltr'><strong>vices</strong></span> <span class='ocrx_word' id='word_1_819' title='bbox 3248 5053 3443 5092; x_wconf 84' lang='lat' dir='ltr'><strong>succc—</strong></span> 
     </span>
    </p>
   </div>
   <div class='ocr_carea' id='block_1_112' title="bbox 1847 5128 3442 5209">
    <p class='ocr_par' dir='ltr' id='par_1_112' title="bbox 1847 5128 3442 5209">
     <span class='ocr_line' id='line_1_112' title="bbox 1847 5128 3442 5209; baseline -0.007 -16"><span class='ocrx_word' id='word_1_820' title='bbox 1847 5139 2092 5194; x_wconf 89' lang='lat' dir='ltr'><strong>dentium</strong></span> <span class='ocrx_word' id='word_1_821' title='bbox 2130 5137 2489 5209; x_wconf 81' lang='lat' dir='ltr'><strong>signiﬁcaret;</strong></span> <span class='ocrx_word' id='word_1_822' title='bbox 2519 5137 2598 5191; x_wconf 87' lang='lat' dir='ltr'><strong>ait</strong></span> <span class='ocrx_word' id='word_1_823' title='bbox 2628 5135 2814 5190; x_wconf 88' lang='lat' dir='ltr'><strong>enim:</strong></span> <span class='ocrx_word' id='word_1_824' title='bbox 2850 5133 3213 5205; x_wconf 84' lang='lat' dir='ltr'><strong>lngredientes</strong></span> <span class='ocrx_word' id='word_1_825' title='bbox 3244 5132 3300 5184; x_wconf 88' lang='lat' dir='ltr'><strong>in</strong></span> <span class='ocrx_word' id='word_1_826' title='bbox 3329 5128 3442 5183; x_wconf 86' lang='lat' dir='ltr'><strong>Ba-</strong></span> 
     </span>
    </p>
   </div>
   <div class='ocr_carea' id='block_1_113' title="bbox 1848 5223 3441 5297">
    <p class='ocr_par' dir='ltr' id='par_1_113' title="bbox 1848 5223 3441 5297">
     <span class='ocr_line' id='line_1_113' title="bbox 1848 5223 3441 5297; baseline -0.004 -17"><span class='ocrx_word' id='word_1_827' title='bbox 1848 5226 2106 5297; x_wconf 80' lang='lat' dir='ltr'><strong>bylonem,</strong></span> <span class='ocrx_word' id='word_1_828' title='bbox 2135 5228 2279 5281; x_wconf 84' lang='lat' dir='ltr'><strong>eritis</strong></span> <span class='ocrx_word' id='word_1_829' title='bbox 2310 5227 2381 5280; x_wconf 87' lang='lat' dir='ltr'><strong>ibi</strong></span> <span class='ocrx_word' id='word_1_830' title='bbox 2422 5229 2581 5280; x_wconf 88' lang='lat' dir='ltr'><strong>annis</strong></span> <span class='ocrx_word' id='word_1_831' title='bbox 2633 5226 2903 5290; x_wconf 84' lang='lat' dir='ltr'><strong>plurimis,</strong></span> <span class='ocrx_word' id='word_1_832' title='bbox 2932 5233 2981 5278; x_wconf 83' lang='lat' dir='ltr'><strong>et</strong></span> <span class='ocrx_word' id='word_1_833' title='bbox 3011 5223 3164 5293; x_wconf 84' lang='lat' dir='ltr'><strong>longo</strong></span> <span class='ocrx_word' id='word_1_834' title='bbox 3191 5233 3441 5291; x_wconf 81' lang='lat' dir='ltr'><strong>tempore,</strong></span> 
     </span>
    </p>
   </div>
   <div class='ocr_carea' id='block_1_114' title="bbox 1850 5319 2798 5391">
    <p class='ocr_par' dir='ltr' id='par_1_114' title="bbox 1850 5319 2798 5391">
     <span class='ocr_line' id='line_1_114' title="bbox 1850 5319 2798 5391; baseline -0.003 -17"><span class='ocrx_word' id='word_1_835' title='bbox 1850 5337 2011 5388; x_wconf 82' lang='lat' dir='ltr'><strong>usque</strong></span> <span class='ocrx_word' id='word_1_836' title='bbox 2037 5321 2108 5374; x_wconf 84' lang='lat' dir='ltr'><strong>ad</strong></span> <span class='ocrx_word' id='word_1_837' title='bbox 2133 5320 2497 5391; x_wconf 83' lang='lat' dir='ltr'><strong>generationes</strong></span> <span class='ocrx_word' id='word_1_838' title='bbox 2522 5331 2719 5388; x_wconf 72' lang='lat' dir='ltr'><strong>septem</strong></span> <span class='ocrx_word' id='word_1_839' title='bbox 2736 5319 2798 5371; x_wconf 87' lang='grc'><strong>³³.</strong></span> 
     </span>
    </p>
   </div>
   <div class='ocr_carea' id='block_1_115' title="bbox 1927 5406 3441 5474">
    <p class='ocr_par' dir='ltr' id='par_1_115' title="bbox 1927 5406 3441 5474">
     <span class='ocr_line' id='line_1_115' title="bbox 1927 5406 3441 5474; baseline -0.005 -8"><span class='ocrx_word' id='word_1_840' title='bbox 1927 5413 1982 5466; x_wconf 84' lang='lat' dir='ltr'><strong>lu</strong></span> <span class='ocrx_word' id='word_1_841' title='bbox 2008 5415 2207 5466; x_wconf 82' lang='lat' dir='ltr'><strong>cunctis</strong></span> <span class='ocrx_word' id='word_1_842' title='bbox 2236 5423 2411 5466; x_wconf 80' lang='lat' dir='ltr'><strong>autem</strong></span> <span class='ocrx_word' id='word_1_843' title='bbox 2451 5409 2790 5474; x_wconf 81' lang='lat' dir='ltr'><strong>habitaculis,</strong></span> <span class='ocrx_word' id='word_1_844' title='bbox 2825 5409 2878 5464; x_wconf 91' lang='lat' dir='ltr'><strong>id</strong></span> <span class='ocrx_word' id='word_1_845' title='bbox 2909 5417 2994 5462; x_wconf 88' lang='lat' dir='ltr'><strong>est</strong></span> <span class='ocrx_word' id='word_1_846' title='bbox 3031 5406 3085 5459; x_wconf 94' lang='lat' dir='ltr'><strong>in</strong></span> <span class='ocrx_word' id='word_1_847' title='bbox 3124 5406 3276 5459; x_wconf 91' lang='lat' dir='ltr'><strong>omni</strong></span> <span class='ocrx_word' id='word_1_848' title='bbox 3304 5420 3441 5458; x_wconf 86' lang='lat' dir='ltr'><strong>con-</strong></span> 
     </span>
    </p>
   </div>
   <div class='ocr_carea' id='block_1_116' title="bbox 1853 5495 3444 5572">
    <p class='ocr_par' dir='ltr' id='par_1_116' title="bbox 1853 5495 3444 5572">
     <span class='ocr_line' id='line_1_116' title="bbox 1853 5495 3444 5572; baseline -0.006 -13"><span class='ocrx_word' id='word_1_849' title='bbox 1853 5506 2176 5570; x_wconf 83' lang='lat' dir='ltr'><strong>versatione,</strong></span> <span class='ocrx_word' id='word_1_850' title='bbox 2229 5506 2343 5560; x_wconf 89' lang='lat' dir='ltr'><strong>sive</strong></span> <span class='ocrx_word' id='word_1_851' title='bbox 2391 5505 2649 5560; x_wconf 79' lang='lat' dir='ltr'><strong>socialem</strong></span> <span class='ocrx_word' id='word_1_852' title='bbox 2691 5503 2831 5556; x_wconf 91' lang='lat' dir='ltr'><strong>hanc</strong></span> <span class='ocrx_word' id='word_1_853' title='bbox 2873 5514 3121 5572; x_wconf 79' lang='lat' dir='ltr'><strong>agamus,</strong></span> <span class='ocrx_word' id='word_1_854' title='bbox 3171 5499 3284 5552; x_wconf 85' lang='lat' dir='ltr'><strong>sive</strong></span> <span class='ocrx_word' id='word_1_855' title='bbox 3317 5495 3444 5550; x_wconf 89' lang='lat' dir='ltr'><strong>soli-</strong></span> 
     </span>
    </p>
   </div>
   <div class='ocr_carea' id='block_1_117' title="bbox 1854 5588 3442 5665">
    <p class='ocr_par' dir='ltr' id='par_1_117' title="bbox 1854 5588 3442 5665">
     <span class='ocr_line' id='line_1_117' title="bbox 1854 5588 3442 5665; baseline -0.005 -18"><span class='ocrx_word' id='word_1_856' title='bbox 1854 5595 2050 5649; x_wconf 67' lang='lat' dir='ltr'><strong>tariam.~</strong></span> <span class='ocrx_word' id='word_1_857' title='bbox 2113 5611 2467 5665; x_wconf 85' lang='lat' dir='ltr'><strong>assequamur</strong></span> <span class='ocrx_word' id='word_1_858' title='bbox 2521 5594 2687 5648; x_wconf 89' lang='lat' dir='ltr'><strong>vitam</strong></span> <span class='ocrx_word' id='word_1_859' title='bbox 2727 5610 2742 5658; x_wconf 90' lang='lat'><strong>;</strong></span> <span class='ocrx_word' id='word_1_860' title='bbox 2779 5591 2924 5646; x_wconf 90' lang='lat' dir='ltr'><strong>unde</strong></span> <span class='ocrx_word' id='word_1_861' title='bbox 2974 5589 3142 5643; x_wconf 86' lang='lat' dir='ltr'><strong>David</strong></span> <span class='ocrx_word' id='word_1_862' title='bbox 3171 5588 3388 5642; x_wconf 88' lang='lat' dir='ltr'><strong>diccbat</strong></span> <span class='ocrx_word' id='word_1_863' title='bbox 3427 5606 3442 5640; x_wconf 91' lang='lat'><strong>:</strong></span> 
     </span>
    </p>
   </div>
   <div class='ocr_carea' id='block_1_118' title="bbox 1850 5679 3443 5756">
    <p class='ocr_par' dir='ltr' id='par_1_118' title="bbox 1850 5679 3443 5756">
     <span class='ocr_line' id='line_1_118' title="bbox 1850 5679 3443 5756; baseline -0.006 -14"><span class='ocrx_word' id='word_1_864' title='bbox 1850 5686 1950 5752; x_wconf 86' lang='lat' dir='ltr'><strong>Qui</strong></span> <span class='ocrx_word' id='word_1_865' title='bbox 2014 5689 2251 5742; x_wconf 83' lang='lat' dir='ltr'><strong>habitare</strong></span> <span class='ocrx_word' id='word_1_866' title='bbox 2310 5689 2434 5756; x_wconf 81' lang='lat' dir='ltr'><strong>facit</strong></span> <span class='ocrx_word' id='word_1_867' title='bbox 2509 5689 2784 5740; x_wconf 86' lang='lat' dir='ltr'><strong>unanimes</strong></span> <span class='ocrx_word' id='word_1_868' title='bbox 2825 5685 2878 5736; x_wconf 88' lang='lat' dir='ltr'><strong>in</strong></span> <span class='ocrx_word' id='word_1_869' title='bbox 2919 5681 3151 5736; x_wconf 72' lang='lat' dir='ltr'><strong>domo&quot;.</strong></span> <span class='ocrx_word' id='word_1_870' title='bbox 3212 5679 3443 5747; x_wconf 83' lang='lat' dir='ltr'><strong>Adipem</strong></span> 
     </span>
    </p>
   </div>
   <div class='ocr_carea' id='block_1_119' title="bbox 2054 5815 3439 5884">
    <p class='ocr_par' dir='ltr' id='par_1_119' title="bbox 2054 5815 3439 5884">
     <span class='ocr_line' id='line_1_119' title="bbox 2054 5815 3439 5884; baseline -0.006 -7"><span class='ocrx_word' id='word_1_871' title='bbox 2054 5823 2248 5876; x_wconf 74' lang='lat' dir='ltr'><strong>&quot;Luc.</strong></span> <span class='ocrx_word' id='word_1_872' title='bbox 2291 5840 2380 5884; x_wconf 66' lang='grc' dir='ltr'><strong>κει,</strong></span> <span class='ocrx_word' id='word_1_873' title='bbox 2421 5823 2507 5876; x_wconf 66' lang='lat'><strong>7:5.</strong></span> <span class='ocrx_word' id='word_1_874' title='bbox 2589 5822 2633 5852; x_wconf 76' lang='grc' dir='ltr'><strong>³ο</strong></span> <span class='ocrx_word' id='word_1_875' title='bbox 2668 5820 2832 5875; x_wconf 88' lang='lat' dir='ltr'><strong>llcbr.</strong></span> <span class='ocrx_word' id='word_1_876' title='bbox 2863 5835 2959 5882; x_wconf 78' lang='lat' dir='ltr'><strong>vn,</strong></span> <span class='ocrx_word' id='word_1_877' title='bbox 3007 5816 3091 5871; x_wconf 76' lang='grc'><strong>10.</strong></span> <span class='ocrx_word' id='word_1_878' title='bbox 3173 5819 3209 5848; x_wconf 77' lang='grc'>⁵⁸</span> <span class='ocrx_word' id='word_1_879' title='bbox 3250 5815 3439 5869; x_wconf 80' lang='lat' dir='ltr'><strong>Matth.</strong></span> 
     </span>
    </p>
   </div>
  </div>
