4218 6448
204 437 290 506 821
1348 445 1427 503 ΙΝ
1469 445 1756 505 LEVl'l‘lC

1855 445 1906 505 .I.
1936 471 2000 480 --
2043 448 2189 507 LIB.
2234 448 2281 507 Ι.

3339 450 3446 513 822

199 564 248 606 ct
291 552 338 605 in
385 566 708 622 unoquoque
742 555 807 607 de
839 558 1038 623 populo
1074 563 1436 625 cognoscente
1473 565 1754 625 precatum
1787 564 1829 613 Α
1861 556 2131 620 habuerit,
2172 566 2301 611 tunc
2330 573 2495 625 opere
2538 559 2764 626 capiens
2798 559 2984 616 etiam,
3039 558 3140 609 boc
3168 562 3310 625 quod
3343 578 3444 631 pro

197 660 359 708 suum,
394 644 587 700 oﬂ'erre
610 647 867 715 praecepit
894 665 908 713 ;
936 648 1025 702 hic
1048 658 1233 703 autem
1257 663 1367 703 non
1396 648 1490 711 ita,
1519 650 1613 703 sed
1644 649 1749 702 ait:

261 731 311 787 Si
342 737 582 808 sacerdos
610 736 700 806 qui
747 746 824 791 est
861 748 1048 791 unctus
1103 739 1417 808 peccauerit,
1449 737 1754 807 delinquere

201 828 374 887 fariens
398 805 668 895 ptipulum.
717 827 782 881 Et
831 830 1068 897 primum
1104 805 1346 900 peccato
1402 846 1526 884 eum
1570 805 1755 899 populi

198 918 416 986 subjicit,
466 920 591 989 quia
632 914 884 975 leristus
954 921 1134 991 populi
1196 931 1416 991 peccata
1497 922 1751 989 portabit.

201 1011 383 1065 (ti-inde
414 1028 523 1066 non
555 1013 631 1067 ait
660 1013 802 1069 sicut
825 1013 892 1067 de
930 1014 1052 1067 aliis
1087 1032 1099 1066 :
1131 1012 1195 1068 Et
1235 1022 1413 1082 postea
1445 1013 1755 1067 intellexerit

197 1113 447 1167 peccatum
490 1120 664 1157 suum.
701 1104 836 1158 Cum
869 1104 1015 1158 enim
1051 1102 1192 1157 Deus
1241 1113 1409 1160 esset.
1464 1114 1519 1157 ct
1572 1103 1755 1157 omnia

197 1195 377 1253 sciens,
427 1195 699 1263 quomodo
753 1204 963 1263 poterat
1051 1199 1303 1266 ignorare
1343 1213 1463 1265 qua:
1517 1213 1548 1250 a
1599 1198 1757 1251 nobis

199 1298 398 1352 μειευειιει
436 1286 718 1355 suscepit?
769 1286 865 1342 llic
920 1304 1052 1358 ergo
1111 1306 1207 1357 pro
1268 1289 1505 1355 peccatis
1552 1289 1758 1342 nostris

193 1379 570 1432 convenienter
621 1379 947 1433 sacriﬁcium
1006 1382 1223 1443 obtulit,
1274 1382 1340 1434 de
1389 1397 1499 1449 quo
1559 1383 1757 1435 Paulus

196 1466 425 1521 llebrtets
449 1468 636 1520 scribit
673 1487 686 1521 :
747 1457 925 1523 Sic'et
958 1468 1194 1524 Christus
1228 1472 1388 1523 semel
1437 1478 1645 1523 oblatus
1684 1480 1753 1525 ad

197 1562 462 1613 multorum
528 1560 882 1614 exhauriendo
922 1572 1168 1623 peccata,
1220 1563 1445 1616 secundo
1500 1564 1613 1617 sine
1641 1580 1760 1631 ρει·
1816 1610 1837 1620 ..

146 1640 154 1647 ’
191 1662 300 1703 rato
332 1650 603 1719 apparebit
643 1653 1054 1721 exspectantibus
1071 1660 1211 1715 seum
1239 1654 1544 1719 salutem",
1566 1656 1759 1709 oﬂerct

195 1751 361 1793 tamen
392 1756 449 1794 se
480 1757 577 1808 pro
607 1753 831 1810 peccato
861 1756 981 1796 suo.
1039 1740 1394 1813 Septuaginta
1439 1755 1621 1799 autem
1660 1746 1757 1799 ad-

189 1832 336 1893 dunt,
390 1834 527 1901 quod
553 1834 805 1902 peccauit.
863 1834 1151 1890 Peccatum
1189 1844 1368 1887 autem
1419 1836 1560 1905 ejus,
1615 1838 1757 1891 sicut

1857 648 2013 703 nobis
2042 656 2181 711 erat.
2219 649 2545 703 sacrificium
2583 648 3003 704 consummavit.
3058 647 3155 702 llic
3214 649 3329 717 ipse
3376 654 3440 709 dt-

1857 740 2118 811 sanguine
2154 739 2305 795 vituli
2365 739 2643 803 hauriens,
2677 738 2841 793 infert
2898 738 3026 792 illud
3084 738 3139 791 in
3191 740 3441 796 tabernav

1857 829 1979 883 culo
2014 830 2330 885 testimonii.
2363 828 2469 883 Sed
2514 828 2641 898 quia
2673 828 2901 882 vitulum
2947 837 3164 898 Oportet
3223 844 3441 884 carnem

1858 917 2071 974 Domini
2108 920 2379 989 accipere,
2414 918 2531 988 ipse
2567 918 2777 989 prodigi
2815 917 2909 971 lilii
2967 912 3252 987 exponens
3283 937 3411 989 para

1857 1008 2036 1062 bulam
2072 1009 2278 1073 docuit,
2312 1023 2436 1061 cum
2460 1018 2671 1078 patrem
2696 1008 2965 1062 cecidisse
2992 1008 3042 1060 ei
3089 1008 3315 1062 vitulum
3355 1027 3442 1063 sae

1858 1107 2119 1167 gtnatum,
2151 1107 2206 1151 et
2237 1100 2462 1165 primum
2490 1099 2711 1154 dedisse
2744 1098 2960 1159 stolam,
2988 1109 3044 1151 et
3070 1099 3334 1152 annulum
3361 1103 3409 1153 dt

1858 1199 2025 1247 reret.
2053 1206 2147 1258 per
2178 1190 2403 1243 vitulum
2442 1192 2772 1245 sacriﬁcium
2798 1191 3083 1261 unigeniti,
3126 1208 3222 1257 per
3253 1195 3441 1245 stolam

1859 1280 2144 1347 baptisma.
2180 1295 2277 1347 per
2312 1280 2575 1333 annulum
2603 1280 2830 1352 signans
2871 1281 3069 1351 pignus
3105 1281 3339 1349 Spiritus
3377 1283 3418 1313 δ’

1857 1371 1991 1435 Quia
2033 1373 2178 1425 enim
2202 1372 2268 1426 de
2298 1373 2567 1442 sanguine
2613 1374 2670 1426 in
2728 1372 3085 1426 tabernaculo
3147 1372 3440 1425 testimonii

1828 1486 1829 1491 η
1859 1465 2057 1521 intulit.
2089 1466 2248 1517 tiOt't'l.
2271 1477 2323 1518 rt
2358 1464 2557 1519 Paulus
2583 1465 2648 1519 ad
2688 1462 2963 1527 Hebraeos,
2998 1465 3189 1526 dicens
3239 1484 3250 1516 :
3292 1464 3443 1517 Clin"

1856 1567 1966 1611 stus
1978 1562 2225 1611 assistens
2242 1558 2483 1628 Pontifex
2496 1561 2794 1627 futurorum
2813 1558 3087 1615 bonorum,
3108 1574 3198 1625 per
3218 1558 3443 1622 amplius

1858 1660 1905 1701 et
1948 1650 2225 1718 perfectius
2279 1650 2676 1703 tabernaculum
2708 1667 2810 1701 non
2860 1651 3246 1719 manufactum,
3274 1650 3329 1701 id
3367 1660 3442 1701 est

1860 1758 1960 1793 non
1983 1741 2140 1808 hujus
2171 1742 2472 1805 creationis,
2505 1758 2599 1795 nec
2637 1758 2731 1809 per
2754 1744 3065 1811 sanguinem
3096 1752 3372 1796 taurorum
3396 1751 3442 1795 et

1860 1836 2161 1897 uitulorum,
2187 1836 2276 1888 sed
2298 1850 2391 1903 per
2417 1836 2689 1902 proprium
2726 1836 3041 1905 sanguinem
3079 1837 3343 1903 ingressus
3370 1845 3443 1890 cst

191 1922 278 1990 qui
302 1923 462 1977 semel
494 1925 623 1978 illud
659 1925 712 1978 in
753 1940 812 1979 se
854 1926 1114 1995 suscepit,
1165 1938 1411 1980 nostrum
1476 1942 1753 1995 poculum
1789 1907 1829 1960 Β
1857 1926 2014 1979 semel
2034 1926 2087 1977 in
2112 1934 2317 1989 sancta,
2368 1934 2569 1979 retenta
2604 1926 2962 1993 redemptione
2995 1929 3206 1980 inuenta
3258 1928 3325 1979 ⁸⁸.
3381 1926 3442 1977 Μ

190 2016 397 2079 dicitur,
439 2017 581 2071 unde
615 2028 669 2072 et
714 2018 908 2073 Paulus
937 2018 1152 2073 diccbat
1205 2039 1219 2074 :
1269 2020 1614 2076 Obsecramus
1661 2041 1784 2099 pro’

188 2108 385 2163 Christo
413 2110 743 2164 reconciliari
779 2109 905 2174 Deo,
946 2120 993 2164 et
1023 2112 1111 2180 qui
1152 2114 1409 2167 nesciebat
1458 2126 1754 2181 peccatum,

187 2212 446 2255 peccatum
468 2218 563 2269 pro
603 2202 745 2256 nobis
761 2204 877 2271 fecit
898 2203 962 2256 “.

262 2288 491 2343 Vitulum
537 2301 713 2345 autem
768 2292 1186 2347 immaculatum.
1230 2294 1460 2349 Domino
1505 2295 1757 2353 videlicet

188 2382 320 2434 i’atri
351 2381 509 2436 oll'ert
539 2397 757 2436 carnem
781 2398 958 2445 suam,
991 2385 1398 2438 immaculatum
1430 2402 1583 2451 vero,
1629 2389 1756 2457 quia

179 2484 448 2542 peccatum
501 2491 604 2527 non
632 2476 772 2545 fecit.
802 2492 893 2527 rec
935 2474 1085 2528 dolus
1131 2476 1369 2531 inventus
1419 2487 1493 2530 est
1553 2480 1608 2531 in
1666 2497 1755 2534 ore

180 2566 292 2635 ejus
310 2565 370 2618 ³⁸.
409 2564 618 2621 Vitulus
645 2576 824 2621 autem
846 2575 948 2628 est,
972 2567 1103 2635 quia
1128 2569 1181 2622 in
1200 2584 1361 2623 cruce
1379 2570 1754 2642 intelligibiles

178 2666 394 2711 nostros
433 2658 681 2711 inimicos
715 2657 1163 2724 ventitavit.Quia
1189 2669 1372 2713 autem
1399 2660 1755 2731 Septuaginta

180 2751 404 2803 vitulum
442 2751 509 2804 de
537 2752 711 2805 bobus
739 2752 931 2811 edunt,
976 2752 1118 2805 idem
1165 2752 1519 2824 intelligimus
1543 2755 1751 2810 dictum

174 2844 245 2893 de
282 2842 473 2904 bobus,
506 2844 633 2911 quia
667 2842 968 2897 secundum
997 2859 1217 2898 carnem
1254 2846 1322 2898 de
1351 2848 1599 2915 patribus
1626 2848 1751 2914 fuit,

172 2935 267 3003 qui
288 2936 352 2988 de
384 2935 517 3005 legis
558 2936 887 2989 exstiterunt
908 2937 1119 3004 justitia
1149 2937 1393 3007 gloriosi.
1434 2938 1535 2994 Ubi
1565 2952 1751 2995 autem

171 3025 336 3081 olfert
366 3028 615 3090 vitulum,
656 3028 708 3083 id
735 3038 821 3082 est
847 3043 1066 3083 carnem
1092 3043 1245 3083 suam
1272 3030 1294 3083 ?

248 3120 326 3171 Ad
349 3119 537 3173 ostium
576 3119 899 3173 tabernaculi
935 3121 1220 3175 testimonii
1267 3138 1447 3175 corum
1509 3126 1750 3183 Domino.

1861 2032 2048 2083 rursus
2084 2016 2300 2088 tNeque
2323 2018 2469 2071 enim
2501 2019 2556 2070 in
2585 2019 2895 2087 manufacta
2938 2028 3124 2072 sancta
3181 2020 3442 2087 ingressus

1856 2118 1931 2162 est
1966 2106 2202 2163 Christus
2230 2110 2402 2179 forma
2432 2125 2699 2174 verorum,
2729 2110 2818 2165 sed
2842 2111 2896 2163 in
2929 2110 3101 2179 ipsum
3124 2110 3335 2171 cretum,
3373 2112 3443 2163 ad

1857 2202 2227 2255 ostendendum
2250 2218 2303 2255 se
2332 2201 2499 2255 vultui
2555 2202 2650 2255 Dei
2711 2219 2807 2269 pro
2863 2202 3011 2256 nobis
3039 2204 3101 2255 ⁵¹.
3162 2202 3259 2255 llic
3312 2218 3442 2271 ergo

1860 2293 2603 2356 tabernaculum'testimonii,
2630 2292 2826 2349 corium
2851 2294 3071 2364 quippe,
3094 2296 3217 2362 quin
3243 2296 3295 2348 in
3327 2296 3444 2363 ipso

1860 2385 2102 2440 habitare
2132 2384 2303 2439 Deum
2337 2386 2620 2455 prophetae
2665 2385 2937 2441 testiﬁcati
2984 2395 3136 2451 sunt,
3170 2386 3441 2455 intelliga-

1806 2540 1809 2543 _
1858 2493 1980 2532 mus
2009 2495 2022 2529 :
2054 2477 2155 2541 Qui
2178 2476 2382 2539 [cubitat
2432 2478 2495 2530 in
2528 2478 2687 2539 c-‘clis,
2740 2476 2941 2547 inquit,
2980 2479 3219 2532 irridebit
3252 2495 3336 2531 eos
3372 2479 3442 2534 ".

1857 2570 1924 2625 Et
1959 2587 2108 2625 nemo
2134 2571 2367 2624 ascendit
2388 2571 2441 2623 in
2467 2570 2675 2634 calum,
2702 2570 2804 2624 nisi
2836 2571 2927 2641 qui
2948 2571 3209 2623 descendit
3230 2571 3293 2623 de
3318 2572 3444 2624 calo

1862 2664 2272 2735 Unigenitus",
2327 2664 2396 2718 de
2455 2660 2754 2733 semetipso
2786 2664 2923 2718 dixit
2967 2664 3305 2719 hominibus.
3367 2666 3441 2718 Iln

1857 2753 2174 2825 sanguinem
2208 2753 2534 2817 introduxit,
2576 2754 2705 2823 quia
2737 2755 3021 2810 cicatrices
3054 2767 3279 2825 portans
3323 2772 3447 2826 pas-

1858 2845 2095 2904 sionum.
2125 2860 2155 2898 a
2184 2845 2414 2899 mortuis
2440 2846 2761 2910 resurrexit,
2792 2846 2940 2901 unde
2971 2856 3027 2901 et
3058 2860 3217 2902 suum
3246 2863 3446 2917 corpus

1858 2924 2187 3007 palpandum
2217 2937 2441 2995 Thomaa
2488 2935 2808 3007 praebuit“,
2840 2948 3004 3008 atque
3044 2938 3117 2992 ila
3162 2940 3217 2991 in
3276 2939 3443 2993 caelos

1856 3030 2117 3085 ascendit.
2153 3030 2390 3086 Probant
2408 3038 2590 3085 autem
2616 3030 2901 3099 sequentia
2929 3048 2942 3083 :

1927 3118 2233 3190 Quicunque
2262 3122 2535 3174 intinxerit
2561 3121 2788 3191 digitum
2804 3121 2862 3175 in
2890 3124 3173 3190 sanguine,
3204 3137 3445 3193 asperge:

173 3212 469 3265 Adostium
499 3211 737 3280 quidem,
774 3221 832 3266 ut
855 3213 1183 3267 sacriﬁcium
1213 3212 1417 3269 Christi
1448 3217 1755 3272 secundum
1781 3244 1822 3301 ο
1855 3218 1918 3267 de
1948 3231 2007 3267 eo
2026 3214 2213 3281 septies
2235 3230 2414 3267 coram
2444 3214 2687 3277 Domino,
2725 3223 2905 3268 contra
2938 3214 3112 3268 uelum
3130 3215 3442 3268 sanctuarii.

171 3306 448 3358 doctrinas
498 3314 552 3358 ct
611 3304 932 3359 traditiones
953 3306 1325 3375 apostolorum
1355 3306 1557 3363 factum
1585 3308 1751 3365 fuisse

171 3396 555 3466 intelligamus.
586 3396 691 3449 llas
717 3397 864 3451 enim
912 3412 1036 3451 esse
1064 3398 1205 3451 ostia
1230 3398 1567 3469 tabernaculi
1595 3404 1752 3455 testi-

170 3490 343 3543 monii
372 3492 623 3559 superius
656 3492 1019 3557 o-tendimus,
1057 3503 1245 3562 utpote
1300 3495 1368 3549 ad
1417 3496 1616 3550 cmlum
1670 3497 1753 3551 in-

172 3584 398 3636 troitum
432 3586 745 3652 pmzbentia,
778 3585 920 3654 quod
948 3587 1357 3642 tabernaculum
1421 3605 1542 3643 esse
1592 3592 1753 3645 testi-

172 3676 344 3730 monii
368 3677 612 3741 docetur,
645 3686 811 3745 atque
840 3679 1120 3746 probatur.
1164 3678 1334 3734 Habet
1385 3682 1530 3733 enim
1582 3682 1751 3737 Isaias

166 3770 572 3837 apertissimam
607 3770 901 3831 testimonii
926 3773 1537 3838 probationem,dicens
1584 3794 1595 3827 :
1649 3775 1753 3841 Qui

168 3862 403 3915 extendit
424 3862 561 3915 velut
592 3862 813 3916 nihilum
844 3863 1025 3928 caelos,
1067 3875 1115 3918 et
1168 3868 1431 3933 expandat
1490 3883 1591 3920 eos.
1618 3870 1754 3923 sicut

164 3952 574 4009 tabernaculum
606 3955 677 4007 ad
700 3954 1106 4009 inhabitandum
1134 3958 1195 4009 “.

238 4038 434 4094 Coram
492 4040 717 4095 Domino
766 4052 972 4106 autem,
1027 4043 1155 4111 quia
1218 4044 1542 4111 inspiciente
1594 4048 1753 4102 Patre

160 4132 853 4189 consummabaturcrucis
922 4134 1262 4205 mysterium,
1320 4138 1374 4191 in
1428 4147 1637 4194 tantum
1694 4150 1752 4197 ut

160 4225 335 4279 etiam
353 4224 637 4293 aspicienti
658 4225 845 4295 utique
862 4222 1007 4279 Patri
1022 4225 1229 4281 diceret
1246 4228 1506 4285 Dominus
1529 4250 1541 4286 :
1562 4232 1746 4298 Pater,

160 4319 219 4371 in
254 4332 445 4371 manus
474 4324 591 4371 tuas
628 4316 931 4372 commendo
959 4316 1207 4386 spiritum
1243 4334 1413 4373 meum
1441 4320 1503 4375 ⁵⁷.
1536 4322 1749 4381 Ponere

157 4414 353 4460 autem
379 4421 505 4484 eum
537 4421 757 4460 manum
780 4420 946 4477 super
988 4413 1152 4477 caput
1203 4406 1376 4469 vituli,
1412 4419 1467 4463 et
1501 4411 1752 4481 jugulare

160 4498 404 4552 vitulum
436 4498 728 4568 praecepit;
758 4513 922 4553 nemo
937 4500 1087 4553 enim
1116 4500 1265 4555 illum
1294 4501 1514 4569 obtulit,
1533 4505 1628 4558 sed
1646 4521 1749 4560 nec

1858 3306 2038 3361 Multis
2069 3305 2391 3361 nominibus
2433 3321 2660 3361 carnem
2693 3306 2906 3360 Domini
2935 3308 3193 3377 appellat,
3232 3307 3356 3375 quia
3390 3317 3445 3361 et

1858 3397 2056 3453 multas
2078 3396 2427 3467 Operatitines
2454 3398 2719 3467 implevit.
2761 3397 2921 3453 Unde
2951 3407 3008 3452 et
3028 3398 3150 3468 ipse
3183 3399 3446 3452 Dominus

1857 3490 2019 3543 modo
2044 3489 2266 3558 quidem
2305 3488 2664 3556 semetipsum
2729 3487 3085 3550 sacriﬁcium.
3139 3488 3300 3542 modo
3347 3504 3446 3557 pa-

1858 3591 2080 3647 storem,
2111 3582 2308 3638 deinde
2335 3599 2526 3637 rursus
2563 3584 2754 3648 vitem.
2796 3598 2996 3655 panem
3036 3584 3182 3648 vitae,
3213 3594 3267 3638 et
3322 3598 3448 3649 gra-

1860 3688 1987 3727 num
2021 3674 2530 3743 tritici,opportunc
2549 3673 2969 3744 dispensatoriis
2994 3674 3177 3729 verbis
3206 3674 3444 3738 varians,

1857 3779 1986 3819 suas
2004 3765 2400 3835 appellationes
2434 3767 2761 3819 nominavit.
2804 3767 2870 3819 Et
2892 3760 3052 3821 'nunc
3103 3781 3234 3838 ergo
3266 3767 3444 3820 velum

1856 3863 1975 3932 ejus
1996 3877 2216 3917 carnem
2248 3864 2586 3933 appellavit:
2649 3863 2904 3918 dubitare
2971 3864 3119 3916 enim
3181 3864 3285 3916 hoc
3335 3877 3446 3917 non

1858 3966 2169 4021 possumus,
2206 3952 2373 4007 Paulo
2401 3956 2469 4008 ad
2498 3954 2942 4023 explanationem
2999 3954 3165 4023 lmjus
3202 3953 3445 4023 mysterii

1858 4046 2074 4100 dicente
2113 4064 2126 4098 :
2161 4044 2452 4112 Habentes,
2478 4049 2690 4116 fratres,
2740 4046 3115 4116 confidentiam
3139 4046 3195 4099 in
3219 4047 3444 4099 introitu

1860 4146 2164 4191 sanctorum
2192 4139 2247 4191 in
2278 4139 2535 4206 sanguine
2565 4136 2784 4201 Christi,
2826 4153 2987 4206 quant
3027 4137 3260 4195 initiavit
3304 4138 3446 4191 nobis

1861 4230 1999 4284 viam
2031 4246 2215 4283 novam
2256 4242 2301 4282 et
2333 4241 2587 4283 viventem
2608 4246 2701 4298 per
2728 4229 2987 4291 uelamen,
3014 4229 3069 4282 id
3111 4238 3209 4293 est,
3235 4245 3447 4282 carnem

1858 4338 2033 4385 suum,
2055 4332 2103 4375 et
2129 4323 2446 4375 sacerdotem
2470 4338 2741 4392 magnum,
2766 4322 2821 4375 in
2840 4322 3054 4378 domum
3075 4320 3168 4374 Dei
3214 4324 3449 4376 immeo-

1858 4430 1992 4479 mus,
2029 4430 2144 4467 cum
2170 4431 2301 4482 puro
2328 4414 2499 4477 corde,
2527 4415 2581 4466 in
2628 4414 2991 4485 satisfactione
3042 4414 3167 4481 fidei
3192 4416 3256 4464 ‘3.
3317 4413 3447 4466 Pro-

1859 4514 2045 4575 pterea
2068 4514 2124 4559 et
2145 4505 2441 4558 sanctuarii
2480 4505 2661 4558 velum
2684 4504 3017 4575 appellatum
3044 4514 3149 4565 est,
3219 4504 3446 4575 ﬁguram

160 4590 457 4643 immolare
481 4598 714 4659 poterat,
754 4589 858 4644 nisi
882 4592 1236 4662 semetipsum
1268 4593 1383 4663 ipse
1416 4595 1483 4649 ad
1534 4598 1752 4665 patien-
1785 4586 1832 4646 Ι)
1857 4597 2057 4668 quippe
2079 4598 2260 4653 carnis
2291 4598 2464 4651 sancti
2498 4608 2812 4651 sanctorum
2856 4598 3101 4666 gerebat.
3138 4597 3275 4663 Quia
3318 4614 3447 4669 ergo

152 4682 296 4732 dum
324 4680 652 4734 tradidisset.
686 4678 913 4749 Propter
938 4681 1083 4750 quod
1119 4696 1228 4736 non
1272 4682 1448 4738 solum
1497 4684 1749 4741 dicebat:

156 4772 493 4826 Potestatem
519 4772 681 4826 habeo
708 4773 930 4840 ponendi
957 4774 1194 4828 animum
1216 4791 1410 4838 meam,
1450 4785 1501 4830 et
1519 4787 1752 4846 potesta-

148 4875 265 4918 tem
310 4865 470 4917 'tabeo
492 4864 683 4917 iterum
701 4865 941 4918 sumendi
976 4881 1095 4918 eam
1116 4864 1197 4931 “;
1227 4867 1320 4921 sed
1339 4876 1394 4922 et
1412 4869 1753 4937 praeveniens

144 4956 525 5024 semetipsum
552 4956 606 5010 in
633 4970 789 5010 omna
828 4956 1200 5025 apostolorum
1236 4958 1559 5024 immolavit,
1603 4960 1749 5029 quod

141 5048 354 5100 sciunt
387 5046 481 5116 qui
515 5046 898 5117 mysteriorum
941 5045 1255 5116 percipiunt
1284 5048 1566 5104 virtutem.
1593 5050 1753 5107 Hunc

139 5138 512 5190 sacerdotem
572 5134 925 5206 Septuaginta
951 5150 1062 5189 non
1111 5136 1289 5192 solum
1349 5148 1577 5194 unctum
1636 5141 1754 5196 sive

139 5230 407 5293 linitum,
440 5228 538 5283 sed
566 5237 623 5283 et
664 5238 1103 5306 consummatum
1153 5230 1406 5285 manibus
1435 5234 1752 5302 appellave-

137 5330 294 5374 runt
354 5338 369 5375 :
422 5330 834 5377 consummatus
884 5330 970 5376 est
1027 5323 1174 5377 enim
1221 5325 1475 5381 manibus
1517 5328 1668 5395 prius
1692 5330 1749 5384 in

137 5412 396 5483 mystica
429 5428 605 5476 coma,
639 5412 911 5483 accipiens
942 5428 1141 5483 panem
1162 5424 1217 5469 et
1245 5414 1521 5487 frangens,
1548 5419 1747 5474 deinde

134 5520 255 5573 per
291 5520 539 5566 crucem,
571 5503 787 5572 quando
821 5503 967 5575 ligno
996 5502 1185 5559 aﬂixns
1231 5514 1333 5559 est.
1378 5506 1533 5561 'l‘unc
1567 5523 1750 5563 sacer-

124 5596 299 5653 dotii
324 5597 633 5666 suscipiens
665 5596 1006 5668 dignitatem,
1043 5597 1128 5652 vel
1158 5598 1341 5666 potius
1379 5614 1503 5653 cum
1538 5616 1753 5670 semper

218 5781 276 5813 ”
309 5780 479 5836 llebr.
505 5798 600 5848 ιι,
620 5783 710 5838 28.

125 5862 184 5883 δ”
221 5852 401 5926 Joan.
430 5853 635 5926 ι.18ζὴ
668 5854 858 5910 “Luc.
893 5854 1072 5926 xv,_ll
1103 5871 1251 5926 seqq.

122 5928 182 5953 "‘
216 5924 399 5977 Juan.
444 5940 532 5987 xx,
568 5924 639 5980 ‘33
665 5940 814 5993 seqq.
905 5925 950 5956 "
986 5923 1154 5979 llcbt'.
1182 5923 1236 5992 Et,
1281 5925 1459 5979 ιιι-εξ,

789 5781 878 5837 u‘l
906 5784 1032 5839 Cor.
1070 5800 1121 5849 v,
1150 5784 1241 5846 90,
1271 5784 1359 5837 ‘21.
1395 5785 1438 5815 ⁸⁵
1468 5784 1567 5838 lsa.
1606 5802 1723 5839 un.
1761 5790 1811 5841 9.
1843 5790 1932 5839 et!
1976 5788 2115 5840 l’ctr.
2156 5803 2215 5848 ιι.
2256 5788 2345 5840 ‘22.

1332 5855 1562 5909 "Hebr.
1606 5874 1677 5916 Ix,
1710 5857 1793 5918 il,
1860 5858 1940 5911 19..

1332 5928 1459 5979 Ι-Ξὲ.
1542 5929 1582 5959 ³³
1613 5928 1779 5981 Exod.
1827 5944 1931 5983 νιιι.
1975 5930 2035 5983 19

1632 5969 1779 5981 -l'J‘UO
1834 5969 1931 5995 715⁸1
1976 5969 2053 5983 ,ν’

1856 4690 2057 4761 digitus
2087 4689 2183 4743 Dei
2217 4695 2391 4743 virtus
2442 4690 2564 4759 ejus
2612 4688 2833 4752 dicitur,
2872 4690 3017 4745 unde
3074 4690 3246 4757 magis
3298 4689 3444 4743 Plia-

1856 4781 2041 4835 raonis
2068 4782 2330 4836 cedentes
2362 4780 2642 4834 miraculis
2674 4779 2840 4851 Moysi
2873 4782 3128 4837 uiecbant
3180 4798 3193 4834 :
3238 4783 3444 4852 Digitus

1858 4874 1952 4928 Dei
1991 4883 2063 4929 est
2086 4875 2152 4929 ⁸⁸.
2188 4873 2253 4928 Et
2281 4873 2450 4927 David
2512 4874 2565 4928 ei
2600 4872 2913 4942 pallebat:
2967 4874 3239 4939 Quoniam
3266 4875 3445 4929 videbo

1855 4967 2025 5032 caelos,
2074 4983 2235 5036 opera
2273 4966 2563 5037 digitorum
2613 4974 2826 5019 tuorum
2852 4965 2919 5020 ".
2984 4964 3214 5035 Ipseque
3255 4981 3447 5019 rursus

1854 5056 2116 5110 Dominus
2142 5054 2350 5110 Iudaeis
2375 5055 2593 5110 dicebat
2630 5072 2644 5108 :
2675 5052 2830 5119 Quod
2862 5055 2915 5109 si.
2935 5054 3193 5123 indigno
3226 5055 3321 5109 Dei
3345 5073 3444 5126 ego

1852 5146 2006 5216 ejicio
2023 5145 2323 5211 daemonia,
2344 5146 2508 5216 igitur
2531 5146 2761 5213 peruenit
2784 5145 2842 5197 in
2867 5160 2964 5199 vos
2988 5162 3207 5216 regnum
3263 5145 3361 5200 Dei
3375 5148 3440 5198 ⁸⁸.

1850 5234 2254 5290 Convenienter
2309 5234 2536 5304 digitum
2594 5234 2647 5287 in
2705 5235 3038 5305 sanguinem
3101 5235 3341 5305 intingit,
3387 5245 3447 5289 ut

1846 5327 2168 5382 ostendatur
2191 5326 2317 5396 quia
2352 5328 2640 5397 passiones
2664 5327 2849 5382 carnis
2876 5328 3197 5392 Dominicae,
3239 5329 3447 5385 virtute

1845 5419 2144 5473 divinitatis
2165 5429 2300 5473 acue
2331 5427 2492 5483 sunt;
2519 5434 2649 5474 nam
2689 5420 2976 5489 quomodo
3006 5430 3261 5490 poterant
3320 5423 3445 5477 talia

1861 5514 1974 5568 ﬁeri
2007 5523 2156 5577 tunc,
2184 5513 2240 5567 id
2264 5522 2367 5573 est,
2390 5512 2518 5566 solis
2539 5526 2810 5573 recessm,
2850 5519 3217 5576 terrmmotns,
3248 5513 3447 5568 scissio

1862 5614 2139 5675 petrarum
2165 5615 2216 5659 et
2254 5603 2495 5656 similia?
2552 5602 2649 5656 llic
2704 5617 2833 5671 ergo
2890 5602 3089 5657 virtute
3140 5604 3447 5659 divinitatis

2426 5792 2467 5817 ²⁶
2503 5788 2603 5840 lsa.
2639 5802 2727 5845 XL.
2756 5788 2844 5840 9:2.
2927 5788 2966 5819 εἴ
2993 5785 3124 5839 Luc.
3165 5804 3319 5847 astu.
3354 5790 3441 5841 ιιρ.

2473 5860 2517 5888 ⁵⁸
2554 5856 2695 5909 ΡδηΙ.
2730 5874 2787 5921 ιι,
2820 5856 2869 5909 ι.
2977 5858 3020 5887 ⁵³
3047 5857 3206 5912 Joan.
3246 5875 3321 5919 ιιι,
3365 5859 3444 5913 15.

2694 5928 2738 5959 ⁵³
2770 5930 2903 5982 Ι.ιι(;.
2960 5944 3032 5993 χι,
3071 5928 3161 5982 21).

2040 5859 2078 5888 ³⁸
2130 5856 2259 5912 ibid.
2293 5857 2381 5909 ἑνί.

2150 5930 2504 5992 “71’sal.\t:t,
2541 5928 2583 5979 i.
