4218 6448
214 433 315 494 8ῖῖ5

218 642 484 707 videlicet,
520 651 627 697 tam
659 660 784 698 eum
816 647 907 715 qui
946 649 1261 717 apparebat.
1283 666 1443 719 quam
1486 654 1578 720 qui
1612 654 1663 705 in
1696 670 1785 708 oc—

216 732 360 786 culto
389 742 526 797 erat.
547 734 846 797 hominem.
876 738 944 792 de
975 755 1083 807 quo
1111 740 1187 793 ait
1222 740 1420 795 Paulus
1450 761 1463 796 :
1517 743 1581 796 Et
1624 745 1668 796 si
1698 761 1789 798 ea:-

217 825 378 877 trrior
432 827 587 879 homo
622 839 795 881 noster
852 832 1241 900 corrumpitur,
1278 836 1367 886 sed
1397 835 1613 887 interior
1636 852 1790 888 reno-

220 926 372 968 r'utttr
403 918 467 968 ⁷⁸.
498 915 636 971 Caro
658 919 804 972 enim
834 919 888 972 in
923 920 1172 985 Domino,
1222 923 1399 976 omnis
1440 924 1558 991 ejus
1596 924 1791 979 hmna-

217 1009 380 1070 nitas.
408 1011 531 1078 quia
573 1009 793 1064 Verbum
843 1029 967 1065 caro
992 1015 1190 1083 factum
1214 1026 1287 1068 est
1301 1017 1384 1080 7",
1415 1017 1628 1071 dicitur.
1660 1018 1791 1072 Pro-

221 1111 338 1165 pter
368 1103 511 1169 quod
541 1111 597 1156 ει
617 1118 837 1157 carnem
883 1106 1002 1172 ejus
1054 1121 1175 1159 cum
1215 1108 1392 1175 capite
1435 1118 1490 1161 et
1533 1110 1784 1176 pedibus,

223 1192 303 1244 vel
336 1209 459 1244 cum
489 1193 666 1261 capite
701 1201 757 1246 et
802 1196 1059 1248 extremis
1120 1196 1366 1251 videlicet
1419 1200 1670 1266 pedibus.
1712 1201 1791 1255 sic

219 1283 363 1335 enim
397 1284 579 1336 czeteri
605 1285 963 1353 interpretum
994 1287 1299 1347 ediderunt.
1339 1289 1496 1356 jussit
1526 1292 1744 1345 incendi
1773 1310 1786 1323 ο

224 1382 280 1423 ut
311 1389 406 1441 per
434 1374 688 1440 praedicta
719 1376 881 1429 verba
928 1391 1052 1431 eum
1088 1379 1181 1444 qui
1238 1396 1335 1442 pro
1380 1381 1537 1434 nobis
1600 1397 1792 1449 passus

224 1476 323 1525 est.
354 1482 472 1519 esse
511 1483 539 1519 a
566 1468 835 1536 principio
859 1480 913 1523 et
934 1470 987 1522 in
1008 1472 1315 1525 novissimis
1345 1475 1786 1542 intelligeremus,

242 1562 289 1611 le
334 1579 441 1630 quo
479 1564 552 1616 ait
592 1562 790 1617 Paulus
826 1584 838 1617 :
879 1565 1012 1628 Quia
1038 1567 1093 1619 in
1112 1569 1222 1635 ipso
1243 1579 1418 1622 creata
1443 1584 1561 1624 sunt
1593 1575 1788 1633 omnia,

224 1667 338 1715 qua:
370 1652 424 1702 in
455 1651 613 1711 caelis,
641 1660 690 1705 et
716 1667 830 1722 quae
859 1654 910 1704 in
934 1662 1093 1719 terra,
1128 1656 1352 1709 visibilia
1402 1665 1449 1709 et
1489 1656 1788 1719 invisibilia,

222 1744 541 1801 sivethroni,
570 1744 675 1796 sive
695 1744 1094 1801 dominationes.
1148 1748 1251 1799 sive
1297 1748 1644 1815 principatus,
1686 1749 1793 1801 sive

225 1844 520 1900 potestates.
548 1835 721 1888 omnia
752 1852 843 1903 per
870 1838 1042 1904 ipsum
1080 1849 1137 1889 et
1168 1838 1221 1889 in
1278 1844 1391 1904 ipso
1435 1856 1611 1892 creata
1649 1850 1789 1901 sunt,

224 1938 271 1979 et
298 1929 404 1995 ipse
425 1938 498 1980 est
523 1942 642 1980 ante
666 1930 862 1988 omnia.
884 1939 931 1982 et
959 1930 1136 1981 omnia
1187 1932 1241 1981 in
1282 1947 1396 1997 ipso
1441 1941 1681 1983 constant
1706 1947 1723 1993 ;
1744 1942 1792 1985 et

226 2022 331 2084 ipse
358 2032 430 2072 est
460 2030 617 2087 caput
649 2021 877 2083 corporis
918 2020 1179 2081 Ecclesiae.
1229 2024 1315 2090 qui
1359 2034 1429 2075 est
1457 2023 1790 2091 principium,

224 2112 597 2177 primogenitus
624 2128 653 2163 a
682 2112 897 2164 mortuis
931 2152 941 2163 .
981 2122 1034 2164 ut
1056 2114 1121 2165 sit
1154 2116 1262 2178 ipse
1299 2115 1353 2164 in
1396 2113 1631 2167 omnibus
1682 2115 1793 2182 pri-

226 2210 425 2252 matum
456 2202 715 2253 tenens“.
752 2200 975 2270 Insuper
1003 2217 1124 2255 cum
1187 2202 1461 2257 intestinis
1514 2212 1569 2258 et
1627 2205 1789 2271 ﬁmo;

224 2291 309 2345 vel
363 2293 503 2345 sicut
556 2292 940 2361 Septuaginta.
1013 2308 1135 2346 eum
1198 2302 1383 2347 ventre
1438 2304 1492 2349 et
1550 2306 1789 2350 stercore

224 2381 415 2443 edunt,
447 2391 506 2433 ιιι
532 2384 657 2450 quia
688 2384 887 2437 mentis
912 2384 1265 2454 intelligibilis
1327 2396 1516 2439 venter
1564 2387 1791 2456 ﬁguram

224 2476 383 2545 gerit,
423 2476 563 2529 sicut
614 2476 665 2528 in
722 2476 1002 2529 sacriﬁciis
1059 2476 1286 2530 aliorum
1351 2478 1795 2532 holocaustornm

227 2567 583 2628 ostendimus,
614 2583 677 2620 ex
709 2582 775 2619 eo
805 2577 1044 2621 mentem
1080 2566 1333 2621 habuisse
1378 2580 1619 2623 nostram
1671 2586 1796 2623 eum

225 2658 319 2725 qui
351 2674 447 2725 pro
473 2658 628 2710 nobis
656 2674 847 2727 passus
870 2666 974 2724 est,
1012 2659 1236 2713 minime
1284 2662 1615 2729 ignoremus,
1653 2663 1797 2730 quod

228 2751 446 2819 quidam
471 2750 849 2804 luereticorum
877 2759 1094 2819 negant.
1134 2750 1317 2806 Fimus
1347 2761 1528 2806 autem
1576 2762 1797 2822 peccata

229 2845 445 2913 generis
491 2843 714 2896 humani
764 2843 1069 2912 signiﬁcat.
1117 2858 1236 2912 qua:
1291 2843 1583 2898 cruciﬁxus
1636 2846 1688 2899 in
1742 2862 1800 2901 se

230 2937 503 3003 suscepit:
536 2935 649 2989 haec
678 2936 823 2989 enim
847 2935 1005 2989 ﬁmus
1052 2935 1262 2989 Domini
1310 2938 1673 2992 verisimiliter
1716 2940 1800 2994 δ’·

230 3038 449 3079 cuntur.
484 3025 666 3077 FilllllS
689 3027 889 3094 quippe
923 3042 1044 3079 cum
1078 3027 1148 3080 sit
1199 3028 1531 3086 immundus.
1602 3046 1800 3100 geren—

233 3128 340 3170 tem
369 3134 474 3169 uou
511 3118 720 3186 polluit,
743 3133 918 3185 neque
952 3128 1159 3172 natura:
1188 3134 1388 3174 nostrae
1426 3136 1526 3182 εει,
1555 3122 1802 3189 quamvis

231 3209 300 3261 sit
332 3211 382 3261 in
418 3210 591 3270 nobis,
623 3210 764 3263 sicut
809 3218 863 3262 et
899 3220 1116 3277 peccata
1167 3218 1372 3276 nostra,
1407 3228 1527 3282 qua:
1570 3214 1802 3281 portavit

235 3301 512 3362 Dominus.
542 3310 595 3353 et
620 3301 792 3354 aliena
827 3301 1047 3356 luerunt
1069 3302 1136 3357 ab
1159 3318 1245 3366 eo,
1271 3313 1325 3359 et
1345 3320 1468 3359 eum
1495 3305 1803 3361 nullatenus

234 3396 561 3463 polluerunt,
612 3396 907 3463 permansit
952 3398 1096 3451 enim
1148 3398 1266 3451 sine
1308 3408 1551 3468 peccato.
1603 3399 1801 3454 Totum

231 3502 361 3551 ergo
396 3487 642 3550 vitulum,
672 3487 724 3541 id
751 3498 835 3540 est
863 3497 1037 3542 totum
1061 3490 1359 3551 Christum,
1408 3497 1558 3544 extra
1626 3500 1801 3544 castra

233 3580 287 3631 in
323 3578 438 3630 loco
472 3578 848 3643 mundissimo,
874 3581 962 3633 ubi
990 3580 1195 3635 eﬁ'undi
1225 3582 1439 3635 cineres
1461 3582 1657 3645 solent.
1680 3582 1799 3650 ejici

233 3669 505 3737 legislator
528 3670 701 3736 jubet.
730 3671 1071 3739 apertissime
1100 3672 1347 3727 sacriﬁcii
1382 3673 1581 3728 Christi
1625 3674 1801 3728 Ineunt

229 3760 533 3829 signiﬁcare
577 3763 820 3822 studens,
855 3772 1005 3818 extra
1041 3765 1186 3818 enim
1242 3774 1415 3818 castra
1471 3782 1659 3834 passus
1697 3774 1798 3829 est,

229 3851 371 3917 quod
436 3860 661 3904 testatur
718 3852 915 3908 Paulus
954 3853 1142 3908 dicens
1186 3874 1197 3907 :
1246 3854 1370 3907 Ideo
1437 3865 1485 3908 et
1531 3855 1799 3919 Jesus,ut

226 3944 578 4012 sancti/icaret
600 3943 820 4013 plebem,
851 3953 999 3998 extra
1028 3954 1236 4011 portam
1260 3960 1442 4013 passus
1473 3954 1546 3998 est
1569 3945 1634 3997 ".
1669 3943 1801 4009 Quis

227 4045 408 4089 autem
439 4038 675 4089 mundus
699 4046 782 4091 est
802 4036 1002 4090 cineris
1024 4034 1196 4099 locus,
1236 4035 1497 4107 Golgotha
1528 4037 1798 4097 videlicet,

226 4136 282 4181 et
304 4127 357 4181 iu
387 4136 592 4200 tantum
625 4129 878 4191 mundus.
907 4136 967 4182 ut
994 4129 1253 4181 mundum
1286 4136 1457 4180 totum
1495 4128 1609 4196 ipse
1641 4143 1801 4180 mun-

225 4220 399 4273 daret.
431 4219 641 4273 (Iineris
674 4228 854 4273 autem
891 4231 1038 4273 recte
1068 4220 1219 4273 locus
1250 4226 1333 4273 est
1362 4220 1560 4283 dictus,
1589 4219 1712 4288 quia
1745 4219 1800 4272 in

226 4312 347 4379 ipso
371 4312 638 4365 exstincta
669 4321 796 4366 sunt
824 4322 1041 4381 peccata
1066 4310 1290 4364 humani
1321 4310 1553 4380 generis,
1588 4312 1729 4364 unde
1747 4319 1801 4363 et

226 4403 465 4455 mundus
488 4402 639 4456 locus
662 4402 984 4471 appellatur.

299 4492 684 4561 Incendentqne
730 4511 791 4547 ea
835 4510 990 4563 super
1045 4494 1305 4564 lignorum
1354 4503 1572 4548 struem.
1630 4493 1798 4561 Ligna

224 4590 406 4637 autem
456 4583 509 4636 in
557 4583 678 4653 igne
730 4584 1037 4653 St-ripturas
1091 4599 1273 4639 sacras
1336 4584 1587 4638 diximus.
1640 4583 1800 4648 Qua:-

223 4690 442 4743 cunque
490 4686 671 4729 autem
724 4676 777 4728 in
812 4675 1039 4731 Domino
1082 4686 1324 4744 tempore
1358 4675 1626 4744 passionis
1651 4684 1799 4745 gesta

224 4774 373 4827 sunt,
406 4764 471 4818 ad
499 4764 769 4833 implenda
797 4780 859 4818 ea
916 4780 1035 4834 quae
1060 4746 1338 4835 prbphetaa
1359 4763 1634 4824 dixerunt.
1672 4773 1801 4819 sunt

224 4862 397 4923 gesta,
449 4854 593 4922 quod
624 4854 932 4907 manifestat
968 4855 1227 4910 Dominus
1268 4856 1484 4925 quando
1530 4871 1559 4909 a
1598 4855 1801 4910 Iudaeis

222 4950 654 5018 comprehensus
691 4956 793 5011 est.
839 4949 1063 5004 dicens:
1112 4954 1383 5020 Tanquam
1418 4952 1490 5003 ad
1537 4949 1799 5003 latronem

220 5040 406 5093 existis
454 5055 569 5093 cum
618 5040 810 5109 gladiis
866 5050 914 5093 et
944 5042 1164 5111 fustibus
1199 5043 1631 5110 comprehendere
1679 5058 1799 5105 me;

220 5131 456 5201 quotidie
500 5132 554 5184 in
592 5132 785 5200 templo
808 5132 1043 5186 sedebam
1082 5134 1284 5197 docens,
1318 5144 1365 5187 et
1391 5151 1493 5186 non
1524 5151 1602 5186 me
1632 5136 1802 5187 tenui-

217 5222 340 5275 stis.
377 5220 487 5275 lloc
514 5233 690 5276 autem
720 5224 919 5294 factum
944 5234 1039 5286 est,
1069 5233 1124 5276 ut
1151 5223 1535 5290 complerentur
1560 5223 1801 5290 Scriptu-

222 5330 300 5367 ra:
328 5316 698 5383 prophetarum
714 5316 779 5369 ⁷³.
824 5316 891 5370 Et
936 5331 1163 5370 rursus:
1199 5316 1348 5369 Jesus
1388 5326 1563 5369 autem
1620 5317 1800 5370 ridens

220 5404 363 5473 quod
388 5406 565 5457 omnia
617 5414 978 5458 consummata
1004 5414 1189 5468 essent,
1239 5416 1296 5458 ut
1318 5406 1624 5473 impleretur
1650 5406 1798 5460 Scri-

216 5505 404 5564 ptura,
448 5498 621 5552 dixit:
667 5495 877 5552 Sitio".
925 5496 1029 5551 Sed
1075 5514 1196 5551 cum
1242 5512 1342 5567 per
1388 5498 1595 5568 singula
1629 5498 1797 5567 ﬁgura

224 5586 524 5641 Dominicaa
546 5588 810 5657 passionis
840 5597 1116 5658 appareat.
1136 5596 1315 5642 tamen
1342 5589 1555 5657 planius
1578 5589 1795 5659 legisla-

219 5694 311 5741 ιον
357 5683 695 5738 videtnrboc
720 5684 771 5737 in
808 5684 1163 5753 sequentibus
1186 5683 1418 5753 ﬁgurare
1457 5686 1793 5754 mysterium.

295 5822 557 5876 "llllor.
608 5841 679 5883 IV.
746 5821 831 5876 16.
909 5825 974 5855 "°'
1036 5823 1192 5877 Joan.
1238 5839 1275 5885 ι,
1314 5824 1397 5878 Η.

214 5883 457 5947 "Joan.
492 5893 695 5957 xix,28
752 5892 977 5947 ".lcan.
1040 5910 1123 5961 xv,
1176 5892 1263 5947 22.

1368 446 1447 505 ΙΝ
1488 449 1923 510 LEVITICUM.
1970 480 2025 485 *ν
2054 455 2200 513 LIB.
2244 457 2292 516 I.

217 550 440 619 Propter
490 552 633 620 quod
687 569 906 608 carnem
954 557 1091 625 ejus,
1150 559 1199 610 id
1232 570 1335 623 est,
1390 562 1785 618 humanitatem
1818 573 1859 625 Α

1484 5827 1514 5851 ⁷⁵
1551 5825 1755 5878 Coloss.
1804 5841 1841 5883 ι,
1892 5827 2074 5883 1648.

1342 5893 1386 5924 7‘
1408 5893 1560 5949 Joan.
1617 5910 1765 5955 mit,
1824 5897 1901 5949 l-l.

3318 451 3322 457 ’
3358 460 3472 520 826

1961 567 2121 622 Vens.
2160 571 2334 624 lE-‘il.
2377 592 2394 622 ι
2428 572 2583 637 Quod
2614 575 2656 628 si
2688 576 2868 629 omnis
2913 573 3066 627 turba
3100 573 3259 626 Israel
3296 574 3463 643 igno-

1892 663 2110 718 I‘8\'t‘l‘ll.
2157 672 2212 717 et
2267 679 2363 732 per
2419 666 2747 734 imperitiam
2819 666 3010 719 fecerit
3070 664 3212 732 quod
3274 674 3459 718 contra

1891 751 2200 805 mandatum
2248 752 2457 806 Domini
2503 763 2605 818 est,
2658 763 2712 808 et
2758 765 2942 823 postea
2982 754 3313 811 intellexerit
3340 769 3464 822 pec-

1890 853 2070 897 catum
2115 860 2296 909 suum,
2348 846 2541 899 ochret
2592 847 2819 900 vitulum
2881 863 2976 914 pro
3011 855 3256 915 peccato,
3288 846 3461 899 addu-

1890 943 2085 1003 cetque
2110 951 2233 989 eum
2261 936 2325 989 atl
2355 937 2553 991 ostium
2584 939 2938 1000 tabernaculi,
2962 948 3016 991 et
3046 949 3248 1010 ponent
3277 942 3460 992 senio-

1892 1039 1979 1078 res
2004 1028 2182 1094 pepuli
2217 1043 2409 1081 manus
2453 1044 2615 1096 super
2653 1038 2817 1097 caput
2844 1029 2963 1094 ejus
2995 1043 3176 1079 coram
3208 1029 3456 1080 Domino.

1891 1117 2279 1188 lmmolatoqne
2331 1120 2501 1174 vitulo
2544 1121 2599 1174 in
2630 1132 2923 1190 conspectu
2971 1120 3208 1182 Domini.
3263 1119 3461 1174 inferet

1891 1211 2143 1288 sacerdos
2180 1212 2270 1280 qui
2299 1222 2495 1266 unctus
2518 1222 2620 1271 est,
2651 1214 2718 1267 de
2750 1216 3014 1283 sanguine
3041 1213 3160 1280 ejus
3188 1213 3240 1265 in
3282 1212 3463 1265 taber-

1891 1304 2144 1357 naculum
2176 1295 2491 1364 téstimouii,
2525 1304 2693 1359 tincto
2722 1305 2892 1372 digito
2930 1319 3224 1372 aspergeus
3257 1302 3462 1371 septies

1892 1406 2079 1450 contra
2112 1398 2309 1459 velum,
2340 1404 2610 1464 ponetque
2651 1396 2717 1449 de
2750 1411 2816 1448 eo
2839 1395 3156 1464 sanguinem
3195 1396 3247 1446 in
3281 1394 3463 1447 corni-

1894 1486 1992 1539 bus
2017 1486 2219 1548 altaris,
2254 1486 2396 1553 quod
2427 1493 2511 1538 est
2540 1500 2721 1537 coram
2754 1483 2980 1536 Domino
3008 1482 3060 1535 in
3107 1482 3463 1535 tabernaculo

1895 1577 2209 1634 testimonii.
2230 1576 2512 1643 Reliquum
2544 1585 2723 1628 autem
2748 1574 3067 1644 sanguinem
3095 1573 3288 1626 fundet
3315 1573 3459 1635 iuxta

1894 1668 2065 1722 basim
2117 1668 2303 1722 altaris
2361 1668 2819 1727 holocaustorum.
2887 1666 3030 1735 quod
3090 1676 3173 1719 est
3227 1667 3280 1719 in
3321 1666 3464 1719 ostio

1895 1759 2225 1814 tabernaculi
2305 1760 2620 1824 testimonii,
2698 1773 3023 1827 omnemque
3067 1762 3187 1827 ejus
3250 1759 3461 1824 adipem

1896 1851 2046 1905 tollet
2072 1870 2084 1905 :
2117 1861 2172 1905 et
2200 1852 2435 1906 adolebit
2463 1868 2627 1921 super
2646 1850 2845 1905 altare.
2878 1849 2966 1905 Sic
3006 1850 3165 1903 faciet
3194 1851 3335 1903 etde
3363 1852 3465 1904 hoc

1898 1944 2063 1999 vitulo
2111 1945 2376 2014 quomodo
2430 1945 2580 2007 fecit,
2625 1953 2681 1997 et
2724 1945 2892 2011 prius,
2921 1954 2972 1997 et
3017 1953 3235 2012 rogante
3267 1944 3465 2011 procis

1894 2038 2192 2098 sacerdote.
2246 2036 2509 2105 propitius
2558 2035 2660 2089 erit
2719 2034 3003 2086 Dominus.
3057 2033 3237 2102 Ipsum
3283 2042 3463 2087 autem

1896 2130 2123 2183 vitulum
2196 2128 2384 2181 elici-et
2452 2136 2602 2180 extra
2668 2134 2867 2185 castra.
2932 2134 3097 2194 atque
3155 2124 3462 2184 comburet,

1896 2223 2036 2274 sicut
2068 2230 2123 2273 et
2153 2222 2385 2289 priorem
2421 2221 2665 2282 \itulum,
2692 2218 2815 2287 quia
2845 2234 2940 2287 pro
2966 2227 3188 2287 peccato
3216 2225 3298 2270 est
3323 2215 3466 2269 mul-

1898 2315 2163 2369 titudinis.
2206 2332 2224 2363 ι

1966 2404 2047 2458 Nil
2080 2407 2131 2459 in
2167 2406 2250 2459 his
2283 2403 2553 2475 legislator
2574 2403 2932 2457 commutavit
2976 2403 3119 2471 quod
3149 2416 3272 2455 esse
3298 2400 3470 2469 possit

1897 2509 2045 2553 extra
2104 2497 2419 2568 pmdictum
2474 2495 2820 2558 sacriﬁcium,
2878 2494 3023 2563 quod
3067 2502 3150 2547 est
3209 2491 3469 2561 principis

1898 2588 2239 2641 sacerdotum
2267 2606 2281 2641 :
2313 2587 2452 2640 idem
2482 2587 2626 2640 enim
2654 2600 2684 2639 α
2724 2584 2898 2637 turbis
2919 2582 3099 2645 Israel,
3136 2591 3191 2636 et
3221 2598 3250 2635 a
3284 2596 3469 2636 samar-

1898 2682 2022 2733 dnte
2051 2678 2232 2733 oﬂ‘erri
2271 2677 2547 2748 praicepit,
2580 2676 2805 2730 vitulum
2849 2675 2995 2728 enim
3036 2683 3093 2728 et
3127 2675 3216 2727 hic
3275 2682 3331 2727 et
3361 2672 3473 2727 illic

1900 2772 2051 2843 dixit.
2109 2769 2369 2824 Similiter
2413 2768 2575 2823 etiam
2626 2765 2946 2838 sanguinem
3002 2766 3056 2819 in
3120 2764 3476 2819 tabernaculo

1903 2859 2194 2914 testimonii
2226 2860 2405 2914 offerri
2437 2859 2611 2928 jubet.
2642 2860 2871 2912 vitulum
2907 2866 3087 2911 autem
3119 2864 3269 2909 extra
3296 2863 3472 2909 castra

1902 2951 2151 3005 incendi:
2196 2960 2358 3019 atque
2386 2949 2725 3019 apertissime
2761 2950 2814 3001 in
2846 2949 2955 3009 his,
2992 2963 3111 3016 qua:
3139 2946 3279 3000 dicta
3323 2955 3469 3010 sunt,

1901 3042 2203 3097 ostenditur
2251 3042 2375 3110 quia
2430 3042 2621 3095 eadem
2663 3051 2822 3095 erant
2852 3039 3475 3114 plebisvsacerdotisque

1902 3147 2138 3205 peccata.
2195 3135 2326 3187 Nam
2378 3150 2541 3203 quam
2585 3133 2656 3187 ob
2700 3149 2919 3187 causam
2955 3133 3099 3186 idem
3144 3132 3476 3186 sacrilicium

1829 3240 1871 3295 ο
1907 3242 2004 3296 pro
2054 3228 2132 3279 eis
2164 3224 2429 3277 oﬂerret?
2480 3222 2633 3289 Quod
2662 3233 2843 3277 autem
2876 3222 2944 3277 de
2973 3222 3239 3277 sacriﬁcio
3276 3223 3476 3275 immu-

1904 3326 2071 3371 tatum
2105 3326 2207 3378 est,
2247 3316 2347 3371 hoc
2376 3315 2545 3386 magis
2578 3315 2641 3367 ad
2684 3314 2990 3368 ﬁrmitatem
3042 3314 3301 3380 pertinet,
3332 3312 3478 3381 quod

1904 3426 2070 3463 unum
2104 3420 2174 3462 Sll
2218 3406 2542 3461 sacriﬁcium
2570 3425 2582 3460 :
2621 3423 2745 3460 nam
2777 3406 2828 3459 in
2860 3405 3137 3459 sacerdote
3169 3420 3273 3457 non
3301 3405 3432 3458 dixit
3461 3420 3472 3432 ε

1906 3500 1961 3553 δί
1997 3498 2310 3568 cognoverit
2351 3505 2632 3567 peceatum
2660 3511 2843 3553 suum.
2876 3509 2977 3549 nec
2998 3479 3145 3548 enim
3189 3495 3475 3565 ignoratu-

1905 3608 1997 3646 rus
2023 3602 2138 3645 erat
2181 3591 2442 3645 Dominus
2490 3598 2798 3659 peccatum,
2853 3589 2997 3658 quod
3065 3596 3124 3642 ut
3176 3587 3478 3652 susciperet

1904 3686 2216 3739 incarnatus
2255 3692 2354 3737 est.
2411 3683 2484 3737 De
2522 3683 2677 3736 turba
2722 3694 2926 3743 autem.
2969 3682 3019 3735 id
3070 3687 3173 3745 est,
3206 3679 3275 3734 de
3319 3694 3476 3749 syna-

1902 3794 2029 3848 goga
2062 3779 2173 3829 sive
2199 3778 2264 3829 dc
2298 3775 2475 3844 plebe,
2502 3774 2723 3828 attende
2751 3773 2877 3841 quid
2907 3772 2981 3826 ait
3011 3789 3024 3824 :

1974 3870 2120 3934 Quod
2149 3871 2192 3921 si
2217 3868 2383 3920 omnis
2413 3871 2563 3919 turba
2592 3863 2761 3917 Israel
2794 3863 3138 3932 ignoraverit,
3171 3872 3218 3914 et
3249 3878 3342 3930 per
3376 3863 3479 3913 int-

1903 3966 2146 4034 peritiam
2176 3961 2351 4033 fecerit
2411 3960 2548 4029 quod
2585 3966 2766 4010 contra
2811 3957 3117 4008 mandatum
3147 3954 3355 4006 Domini
3381 3960 3475 4014 est,

1904 4066 1950 4108 et
1976 4064 2150 4123 postea
2181 4051 2495 4105 intellexerit
2519 4058 2786 4113 peccatum
2820 4064 2996 4100 suum.
3055 4048 3196 4116 Ergo
3225 4046 3293 4098 ab
3326 4045 3482 4097 initio

1902 4146 2121 4215 quidem
2176 4159 2335 4197 suum
2384 4150 2667 4211 peccatum
2723 4140 3132 4209 ignoraverunt.
3165 4137 3257 4189 sed
3290 4147 3480 4204 postea

1903 4243 2295 4304 cognoverunt.
2348 4233 2415 4286 Et
2443 4232 2549 4285 hoc
2577 4230 2874 4283 ostendunt
2905 4228 3022 4297 ipsa
3052 4228 3217 4281 verba
3245 4226 3478 4287 Domini.

1904 4326 1978 4380 ait
2000 4327 2145 4379 enim
2176 4343 2187 4378 :
2230 4323 2344 4377 Nisi
2387 4324 2654 4380 venissem,
2684 4333 2731 4374 et
2765 4322 2966 4373 locutus
2991 4320 3064 4372 eis
3093 4318 3326 4388 fuissem,
3362 4332 3482 4384 pec-

1903 4422 2077 4465 catum
2128 4428 2229 4464 non
2296 4410 2565 4471 haberent,
2624 4419 2680 4462 ut
2728 4410 3030 4478 ignorantes
3077 4408 3288 4469 utique,
3342 4422 3481 4458 nunc

1902 4516 2077 4556 autem
2119 4503 2505 4555 excusationem
2546 4517 2646 4553 non
2701 4501 2889 4553 habent
2928 4501 2989 4552 de
3034 4507 3246 4568 peccato
3299 4512 3393 4550 suo
3413 4499 3477 4555 ⁷⁵.

1906 4604 2089 4663 utpote
2123 4610 2220 4663 per
2248 4594 2367 4662 ejus
2396 4592 2701 4646 doctrinam
2732 4592 3026 4649 discentes,
3074 4590 3218 4658 quod
3264 4588 3480 4641 nescie-

1903 4685 2032 4739 bant
2065 4684 2250 4752 prius:
2288 4684 2506 4752 quando
2556 4696 2685 4751 ergo
2732 4695 2891 4734 suum
2949 4685 3231 4749 peccatum
3272 4692 3478 4746 cogno-

1902 4786 2115 4837 verunt.
2157 4785 2285 4830 tunc
2315 4775 2380 4828 ad
2407 4773 2732 4829 sacriﬁcium
2765 4771 3037 4841 Unigeniti
3084 4785 3144 4825 se
3171 4776 3479 4825 verterunt.

1902 4868 2108 4922 Deinde
2141 4868 2195 4920 in
2227 4866 2496 4920 sacrilicio
2542 4864 2841 4920 sacerdotis
2875 4863 3056 4933 ipsum
3094 4862 3336 4915 diximus
3372 4861 3479 4914 im-

1902 4960 2147 5031 posuisse
2177 4974 2397 5013 manum
2432 4973 2600 5027 super
2642 4966 2809 5027 caput
2843 4956 3016 5017 vituli,
3053 4954 3144 5008 hic
3176 4962 3362 5007 autem
3390 4965 3477 5006 se-

1902 5052 2085 5105 niores
2113 5051 2216 5104 hoc
2254 5049 2432 5104 facere
2461 5048 2613 5102 dicit.
2661 5047 2964 5115 Utrumque
2994 5046 3140 5100 enim
3191 5058 3380 5097 revera
3425 5041 3479 5095 in

1898 5141 2101 5195 Christi
2134 5140 2400 5195 sacriﬁcio
2434 5140 2712 5210 agebatur,
2742 5139 2797 5192 id
2830 5146 2934 5201 est,
2980 5137 3105 5206 quia
3136 5143 3194 5190 et
3226 5133 3485 5188 immine-

1902 5231 2033 5285 bant
2067 5230 2133 5284 ad
2182 5228 2669 5284 consummandam
2725 5228 2855 5282 illud
2895 5227 3141 5282 seniores
3188 5224 3394 5294 populi,
3429 5233 3486 5277 et

1904 5320 2131 5385 Scribae.
2193 5329 2249 5374 et
2297 5318 2531 5390 Caiphas
2585 5321 2840 5388 princeps
2897 5318 3280 5379 sacerdotum,
3334 5313 3485 5367 dice-

1904 5415 2173 5482 bantque:
2210 5411 2431 5480 Expedit
2468 5412 2611 5464 nobis
2652 5420 2706 5463 ut
2745 5427 2879 5464 unus
2901 5412 3052 5462 homo
3093 5408 3355 5460 moriatur
3390 5420 3486 5471 pro

1903 5505 2114 5574 populo,
2137 5513 2186 5556 et
2212 5521 2312 5556 non
2342 5513 2449 5557 tota
2474 5519 2597 5572 gens
2622 5512 2797 5570 pereat
2815 5503 2859 5535 "
2884 5518 2900 5569 ;
2929 5510 2982 5555 et
2997 5499 3124 5569 quia
3146 5498 3295 5551 nullo
3325 5497 3486 5551 modo

1904 5598 2105 5667 expleri
2136 5598 2423 5667 potuisset,
2457 5597 2501 5650 si
2533 5612 2642 5650 non
2672 5594 3031 5663 semetipsum
3064 5591 3130 5645 ad
3166 5590 3479 5660 passionem

1907 5688 2165 5742 Dominus
2230 5688 2559 5752 tradidisset,
2620 5687 2675 5741 in
2739 5695 2948 5741 tantum
3010 5693 3069 5738 ut
3132 5684 3248 5753 ipse
3273 5682 3483 5736 diceret

2173 5830 2214 5859 τ’
2249 5826 2411 5881 llebr.
2446 5843 2558 5888 xm,
2616 5824 2697 5878 l2.
2809 5824 2853 5856 "
2878 5822 3068 5876 Matth.
3106 5836 3253 5883 xxvi,
3283 5818 3478 5885 53,56.
