4218 6448
205 419 308 477 8:39

1376 430 1453 487 IN
1491 431 1928 490 LEVITICUM.
1963 458 2028 466 —
2067 437 2214 498 LIB.
2260 440 2306 497 l.

3367 437 3473 499 830

203 544 365 603 atque
408 552 436 587 a
485 536 636 588 malis
698 537 1035 590 vacationem
1089 539 1274 592 datum
1315 540 1714 624 est§abbatuni
1759 552 1848 602 :A
1879 543 2082 598 sarium
2139 548 2425 609 habemus.
2493 556 2713 618 propter
2773 549 2920 616 quod
2969 559 3025 602 et
3078 547 3213 603 dixit
3261 547 3465 604 David:

206 625 298 676 sed
353 623 662 678 Judxoruin
709 641 840 695 gens
877 642 907 680 e
949 627 1164 680 diverso
1204 627 1307 682 hoc
1338 623 1441 682 usa
1460 640 1561 683 est.
1613 628 1790 683 Grave

204 728 385 772 autem
431 727 514 772 est
549 719 600 770 iu
641 727 885 786 tempore
917 735 1025 785 quo
1069 721 1375 774 necessaria
1405 728 1488 772 est
1514 721 1788 788 poeniten-

204 812 300 876 tia,
331 819 387 864 et
413 810 584 864 multo
612 810 829 880 gravius
876 827 985 879 quo
1015 820 1169 864 vacat
1202 811 1269 865 ab
1306 812 1561 865 omnibus
1587 813 1771 880 operi-

203 909 328 966 bus,
379 919 704 972 quemquam
760 903 956 956 tentari
1008 903 1090 956 vel
1143 903 1583 971 persecutionem
1631 903 1786 972 pati:

205 997 350 1050 unde
403 996 566 1049 etiam
615 995 757 1047 sicut
806 995 1064 1059 malorcm
1097 1010 1223 1047 eum
1263 997 1354 1063 qui
1393 995 1630 1049 Sabbalo
1665 1010 1788 1061 pcr-

204 1088 538 1142 scculiouem
597 1086 820 1153 patitur,
873 1085 1230 1138 novissimum
1283 1088 1611 1140 numeravit.
1651 1084 1788 1150 Quia

203 1192 333 1238 ergo
380 1184 435 1229 et
474 1175 632 1240 hirci,
681 1176 762 1228 vel
810 1191 1008 1244 caprae,
1057 1175 1172 1229 sive
1217 1176 1354 1230 haedi
1409 1178 1690 1236 virtutem.
1735 1186 1790 1232 et

204 1265 524 1321 differentiae
575 1266 967 1321 sacrificiorum
1022 1266 1242 1320 modum
1301 1268 1614 1332 didicimus,
1675 1269 1786 1337 jam

203 1360 484 1413 videamus
519 1375 640 1428 quae
671 1359 724 1412 in
757 1369 987 1426 utroque
1038 1369 1274 1428 aguntur
1308 1359 1597 1424 sacrificio,
1635 1377 1786 1414 coui-

203 1452 389 1505 munia
435 1451 580 1504 enim
632 1462 779 1510 sunt.
832 1453 1088 1520 quoniam
1146 1451 1482 1520 pienitentia:
1539 1453 1663 1506 linis
1731 1464 1787 1506 et

200 1545 469 1615 generalis
521 1543 768 1605 effectus,
809 1552 1153 1612 peccatorum
1187 1543 1437 1597 remissio
1466 1553 1574 1607 est,
1619 1561 1782 1613 quam

200 1645 390 1706 aperte
432 1635 707 1706 legislator
741 1639 923 1704 posuit
959 1635 1182 1690 dicens:

272 1729 420 1794 Quod
451 1729 495 1780 si
530 1728 820 1793 peccaverit
860 1728 1042 1779 anima
1073 1743 1164 1794 per
1201 1727 1558 1796 ignorantiam
1592 1729 1655 1780 de
1684 1743 1780 1796 po-

197 1822 326 1892 pulo
373 1833 547 1881 terrm,
604 1830 656 1873 ut
711 1823 870 1888 faciat
899 1820 1187 1888 quidquam
1226 1836 1289 1872 ea:
1319 1820 1398 1873 his
1430 1834 1546 1890 qua:
1571 1817 1782 1872 Domini

199 1887 309 1985 iege
344 1915 695 1983 prohibentur.
743 1911 857 1966 Non
903 1887 1048 1966 dicit
1083 1912 1247 1980 quod,
1279 1912 1404 1981 quia
1443 1887 1499 1964 in
1536 1911 1782 1980 quolibet
1815 1887 1854 1939 Β

200 2007 584 2076 przevaricatus
613 2007 734 2075 quis
776 2005 958 2067 fuerit,
995 2005 1047 2057 iu
1081 2014 1247 2059 totam
1291 2005 1463 2074 legem
1488 2004 1775 2073 delinquit,

199 2101 342 2159 sicut
373 2101 561 2152 beatus
589 2100 754 2152 .larob
788 2098 892 2151 ait;
930 2097 1238 2166 Quicunque
1281 2106 1448 2150 totam
1485 2097 1650 2166 legem
1675 2112 1782 2150 ser-

200 2193 419 2253 vaverit,
462 2192 727 2259 offenderit
787 2201 963 2242 autem
995 2191 1047 2241 in
1086 2179 1208 2254 uno,
1240 2191 1473 2242 omnium
1512 2207 1630 2244 rcus
1655 2207 1781 2243 con-

199 2285 526 2337 stituetur“.
569 2283 672 2336 Sed
708 2292 762 2336 et
793 2280 894 2337 hoc
935 2282 1078 2351 quod
1119 2281 1322 2336 dictum
1358 2289 1460 2346 est,
1499 2297 1595 2351 per
1626 2282 1780 2352 igno-

200 2379 452 2441 rantiam,
483 2378 583 2441 vel,
631 2375 772 2431 sicut
825 2374 1197 2444 Septuaginta,
1254 2390 1361 2427 non
1427 2375 1636 2439 volens,
1696 2377 1772 2429 in-

199 2485 402 2542 gruens
459 2471 644 2539 jngum
719 2467 1096 2537 peccatoribus
1160 2466 1436 2520 servitutis
1499 2467 1781 2521 diabolica:

199 2564 557 2624 demonstrat,
612 2561 755 2628 quod
807 2559 909 2613 sibi
963 2558 1061 2628 ipsi
1117 2558 1183 2613 ad
1240 2560 1438 2611 malum
1499 2569 1782 2628 vergentes

201 2654 719 2722 superinduxcrunt,
765 2652 907 2704 sicut
950 2650 1112 2704 Isaias
1144 2650 1258 2704 ait:
1316 2648 1404 2702 Va:
1435 2651 1524 2718 qui
1567 2651 1782 2702 trahunt

198 2755 414 2813 peccata
448 2755 500 2796 ut
532 2745 730 2796 tristem
752 2743 980 2811 longam,
1012 2751 1059 2795 et
1089 2742 1222 2794 sicut
1257 2742 1431 2811 funem
1461 2741 1581 2810 jugi
1614 2756 1784 2794 uaccae

199 2837 611 2905 iniquitatem“,
643 2850 752 2904 quo
775 2833 994 2904 quidam
1042 2832 1240 2902 Captivi
1271 2845 1326 2886 et
1364 2832 1516 2884 inviti
1550 2833 1779 2886 trahun-

200 2941 310 2987 tur.
337 2928 441 2982 Scd
479 2928 521 2982 si
562 2928 627 2981 ad
673 2943 858 2982 sanam
902 2933 1243 2978 revertantur
1285 2935 1546 2987 mentem,
1580 2940 1608 2976 a
1650 2924 1781 2978 resti

201 3024 306 3079 hac
338 3024 453 3076 sive
515 3021 646 3090 jugo
690 3019 870 3072 statim
918 3018 1250 3070 relaxantur.
1309 3013 1463 3080 Quod
1512 3016 1784 3083 quomodo

200 3123 297 3167 aut
340 3113 555 3182 quando
591 3113 664 3172 lit,
705 3109 978 3180 legislator
1021 3107 1279 3170 ostendit,
1333 3107 1382 3160 id
1415 3116 1521 3168 est,
1567 3107 1784 3175 quando

199 3207 320 3276 ipse
374 3206 466 3274 qui
528 3205 789 3274 peccavit,
874 3209 1156 3271 peccatum
1211 3214 1369 3252 suum
1420 3202 1854 3295 cognoveritzc

199 3316 379 3370 neque
424 3299 569 3354 enim
619 3299 776 3351 aliter
821 3294 1197 3364 pmuiteutiam
1244 3309 1404 3364 agere
1445 3299 1644 3362 potest,
1676 3292 1782 3346 nisi

200 3399 493 3461 cognoscat
541 3397 821 3459 peccatum
873 3401 1055 3441 suum.
1106 3385 1258 3439 Tunc
1327 3385 1472 3439 enim
1532 3385 1784 3452 princeps

201 3485 435 3549 hircum,
491 3483 604 3537 sive
645 3481 903 3550 χίμαρον,
952 3479 996 3532 is
1027 3488 1208 3532 autem
1257 3477 1348 3547 qui
1399 3477 1465 3531 de
1499 3475 1653 3530 turba
1679 3484 1781 3540 est,

200 3576 658 3644 onerat-capram,
704 3572 817 3626 sive
867 3571 1131 3640 χίμαιραν
1164 3586 1178 3599 ο
1215 3569 1563 3622 immaculata
1602 3577 1783 3622 autem

205 3679 455 3736 utraque,
508 3662 904 3717 immaculaiam
950 3659 1220 3728 siquidem
1264 3664 1484 3727 oportet
1509 3671 1631 3711 esse
1667 3671 1784 3726 po:-

203 3757 511 3812 uitentiam.
548 3754 681 3820 Quae
722 3763 904 3807 autem
948 3751 1068 3820 ejus
1103 3757 1188 3804 est
1225 3749 1433 3803 macula
1457 3749 1480 3784 ν
1524 3747 1788 3802 Videlicet

204 3853 248 3904 si
273 3857 494 3919 peccato
518 3845 897 3915 compatiatur,
923 3842 1002 3896 vel
1029 3842 1236 3894 amicus
1255 3841 1326 3894 sit
1353 3842 1649 3909 pmnitens,
1681 3855 1783 3909 pro

203 3958 314 4012 quo
376 3939 486 4010 agit
534 3935 913 4008 paenitentiam
961 3951 973 3985 :
1033 3940 1252 4002 oportet
1311 3934 1458 3985 enim
1510 3946 1632 3985 eum
1663 3946 1787 4000 per-

206 4039 348 4090 fecto
375 4050 403 4086 a
439 4039 663 4101 peccato
684 4027 872 4082 eodem
900 4036 1062 4094 atque
1099 4023 1499 4078 studiosissimo
1535 4024 1787 4080 recedere

208 4124 505 4198 proposito.

279 4217 478 4272 Deinde
512 4216 738 4283 imponet
771 4226 985 4264 manuni
1021 4225 1173 4263 suam
1207 4223 1363 4276 super
1391 4218 1548 4274 caput
1587 4207 1786 4260 hostiae.

210 4311 330 4379 ipse
385 4322 482 4376 per
543 4303 896 4370 semetipsum
960 4308 1244 4369 peccatum
1300 4295 1678 4361 manifestans,
1733 4305 1788 4350 et

206 4416 364 4457 suam
400 4397 636 4452 offerens
664 4392 1083 4448 confessionem.
1107 4391 1225 4456 Ipse
1245 4397 1451 4446 autem.
1486 4389 1790 4444 secundum

210 4490 603 4563 Septuaginta,
658 4489 766 4540 non
819 4483 1039 4547 occidit,
1095 4481 1191 4535 sed
1249 4481 1336 4534 alii
1377 4497 1390 4545 ;
1427 4481 1592 4535 habet
1644 4481 1788 4534 enim

211 4584 578 4642 necessarium
612 4591 665 4661 et
705 4580 934 4632 aliorum
981 4575 1240 4629 auxilium
1273 4574 1340 4627 ad
1367 4574 1692 4636 orationem,
1731 4581 1790 4626 ut
1823 4571 1865 4626 Ι)

209 4677 537 4746 suscipiatur
576 4673 696 4741 ejus
742 4667 1079 4740 prauiteutia.
1136 4665 1288 4720 Unde
1337 4680 1438 4718 nec
1479 4665 1797 4719 omnimodo

211 4769 524 4824 sacerdotes
550 4763 800 4819 occidere
827 4759 1116 4829 praecepit;
1154 4757 1231 4810 ait
1259 4757 1440 4810 enim:

287 4860 529 4914 Occiderit
573 4873 688 4910 eum
727 4858 783 4906 in
827 4852 938 4905 loco
972 4852 1027 4903 iu
1067 4866 1169 4919 quo
1209 4849 1517 4902 occiduntur
1543 4847 1794 4901 holocau-

213 4962 436 5007 tomata.
487 4948 624 5015 Quia
667 4953 851 5008 autem
927 4941 1178 4997 occidant
1221 4955 1329 4993 non
1373 4939 1614 5004 addidit;
1668 4939 1795 4994 licet

211 5047 360 5100 enim
408 5046 463 5098 in
511 5039 777 5096 sacrificio
821 5035 1158 5107 ptruitentiae
1197 5034 1423 5088 alternis
1470 5033 1546 5087 uti
1585 5033 1796 5100 adjuto-

216 5139 330 5202 riis,
357 5137 498 5205 quod
530 5139 757 5186 testatur
783 5128 1020 5184 Jacobus
1048 5147 1058 5180 :
1087 5126 1267 5190 Orate,
1293 5125 1499 5182 dicens,
1515 5139 1610 5190 pro
1630 5123 1795 5176 alter-

217 5240 395 5281 utrum
447 5235 500 5276 ut
551 5219 907 5274 salvemiui".
975 5216 1081 5270 Sed
1126 5216 1296 5269 multo
1329 5215 1794 5285 magisjustoruui

215 5331 434 5377 utamur
467 5315 752 5385 adjutorio,
786 5314 900 5382 ipse
924 5311 1068 5365 enim
1099 5309 1365 5369 subdidit,
1402 5308 1631 5360 Multum
1659 5306 1799 5359 valet

217 5412 392 5465 oratio
421 5409 557 5479 justi
586 5403 878 5459 assidua”.
915 5402 1012 5463 Ubi
1055 5409 1240 5454 autem
1282 5396 1570 5452 occident?
1594 5396 1801 5450 Secun-

217 5503 351 5558 dum
400 5497 771 5570 Septuaginta,
815 5495 869 5547 in
903 5501 1176 5559 conspectu
1222 5490 1451 5541 Domini.
1507 5487 1687 5552 Quare
1723 5487 1801 5538 le-

221 5596 445 5666 gislator
488 5591 762 5658 explanat,
814 5587 887 5638 ait
918 5585 1104 5638 enim:
1153 5579 1360 5634 1³ει·ςηιὶ
1404 5587 1500 5631 est.
1545 5576 1648 5629 l’ro
1675 5592 1802 5645 pec-

221 5699 346 5744 cato
387 5686 586 5757 quippe
633 5686 685 5736 iu
732 5689 1027 5748 conspectu
1069 5677 1279 5730 Domini
1329 5673 1574 5729 confiteri
1621 5687 1808 5726 neces-

299 5829 343 5856 ”
371 5826 481 5879 ,ιωκ
513 5843 569 5877 Ii.
612 5825 689 5873 i0.
768 5823 810 5849 “
840 5821 936 5871 lszi.
970 5837 988 5866 \
1057 5819 1133 5868 l3.
1212 5818 1252 5843 "7
1295 5815 1482 5872 Jacv,
1540 5813 1622 5864 16.

231 5897 392 5954 112.23.
472 5895 660 5946 “Luc.
698 5913 740 5945 κ,
789 5890 874 5944 52.
988 5888 1186 5942 'Joau.
1227 5902 1311 5947 xx,
1345 5886 1432 5940 ‘23.
1513 5893 1518 5911 =

1701 5813 1744 5841 "“
1773 5811 1902 5864 ibid.

1513 5886 1554 5913 ""
1615 5883 1801 5936 llatth.
1838 5900 1862 5933 .‘i

1894 633 2174 690 Peccatum
2232 655 2403 693 meum
2453 640 2716 707 cognitum
2756 638 2848 690 tibi
2901 639 3038 706 feci,
3093 647 3142 690 et
3181 639 3470 706 injustitias

1895 741 2032 779 meas
2064 742 2165 779 non
2199 731 2401 797 operui.
2461 728 2584 782 Dixi
2610 745 2628 781 :
2649 727 3009 780 Pronuntiabo
3063 729 3338 779 adversum
3392 743 3473 779 me

1892 819 2204 885 injustitiam
2287 837 2458 874 meum
2503 821 2744 882 Domino,
2783 828 2829 871 et
2890 828 2946 870 tu
3001 819 3248 871 remisisti
3272 819 3471 887 imqui~

1893 917 2051 960 tatem
2082 909 2250 961 cordis
2295 909 2482 962 mei".
2543 908 2834 976 Propterea
2883 906 2968 959 liic
3016 904 3288 975 legislator
3323 906 3468 956 intus-

1891 1002 1951 1054 lit
1985 1020 1998 1054 :

1966 1096 2028 1147 Et
2063 1095 2224 1156 tollet,
2258 1102 2304 1146 et
2336 1103 2485 1162 ponet
2511 1092 2750 1144 sacerdos
2773 1089 3079 1158 sanguinem
3138 1087 3340 1154 peccati
3387 1086 3472 1138 di~

1891 1187 1998 1255 gito
2071 1202 2228 1254 super
2294 1201 2487 1237 cornua
2545 1182 2735 1235 altaris
2794 1179 3253 1232 liolocuntomatis.
3316 1178 3472 1240 Quod

1892 1276 2246 1346 Hieronymus
2287 1275 2448 1329 simili
2504 1289 2668 1329 sensu
2723 1273 2895 1326 edidit
2943 1270 3174 1325 dicens:
3211 1268 3473 1336 Toflctqae

1887 1370 2130 1421 sacerdos
2169 1369 2232 1420 de
2252 1367 2506 1438 sanguine
2546 1365 2711 1436 digito
2739 1381 2834 1418 suo
2864 1372 3078 1431 tangens
3108 1376 3305 1414 cornua
3332 1358 3462 1412 alta-

1890 1457 1982 1507 ris.
2047 1454 2376 1522 Sanguinem
2430 1462 2612 1506 autem
2662 1452 2870 1522 peccati
2904 1451 3215 1519 appellavit,
3248 1448 3340 1514 qui
3371 1463 3470 1517 pro

1887 1546 2120 1615 peccatis
2169 1543 2415 1597 offertur.
2479 1543 2649 1611 llujus
2686 1543 2954 1611 primitias
3004 1540 3262 1594 sacerdos
3311 1539 3472 1592 (ηπ-ἱ·-

1887 1645 2006 1689 stus
2053 1650 2223 1703 super
2266 1649 2471 1688 cornua
2516 1633 2706 1687 altaris
2742 1629 3197 1685 holocautomatis
3252 1628 3469 1690 oﬂ‘eri-t,

1885 1726 2138 1780 videlicet
2171 1741 2337 1794 super
2375 1740 2593 1778 crucem
2625 1738 2810 1788 suam;
2848 1723 2893 1776 si
2933 1721 3081 1775 enim
3113 1720 3283 1772 altare
3317 1718 3474 1771 holo-

1883 1815 2209 1870 cautomatis
2273 1814 2484 1869 Domini
2515 1829 2715 1882 corpus
2745 1822 2848 1874 est,
2881 1811 3046 1879 hujus
3079 1809 3270 1879 procul
3307 1808 3470 1862 dubio

1885 1918 2090 1957 cornua
2129 1917 2261 1955 crux
2308 1902 2435 1962 erit,
2496 1900 2565 1953 de
2601 1915 2706 1966 qua
2738 1898 2989 1952 llabacuc
3046 1897 3220 1951 dixit:
3256 1894 3472 1948 Cornua

1884 1999 2006 2044 sunt
2057 1991 2113 2042 iu
2156 1989 2395 2042 manibus
2412 1987 2603 2056 ejus”.
2641 1986 2843 2040 Oil'eret
2869 2000 3034 2055 super
3060 1999 3213 2038 suam
3254 1999 3471 2038 crucem

1889 2082 2155 2152 primitias
2188 2079 2501 2135 necessario
2523 2079 2605 2132 sui
2639 2079 2939 2148 sanguinis.
2992 2076 3085 2144 qui
3115 2091 3213 2146 pro
3248 2083 3473 2144 peccato

1886 2175 2161 2230 otfertur:
2218 2173 2345 2240 quia
2391 2187 2526 2240 Opus
2579 2171 2759 2224 crucis
2818 2178 2873 2224 et
2931 2169 3180 2229 effectus,
3233 2166 3476 2236 perfecta

1889 2276 2234 2339 peccatorum
2279 2274 2590 2320 nostrorum
2649 2261 2900 2317 remissio
2943 2270 3048 2315 est.
3087 2258 3243 2325 Quod
3289 2269 3474 2312 autem

1887 2361 2015 2416 dicit
2040 2377 2054 2412 :

1961 2451 2233 2521 Reliquum
2299 2450 2610 2520 sanguinem
2649 2446 2830 2515 fundet
2877 2445 2947 2497 ad
2975 2443 3142 2496 basim
3174 2441 3288 2510 ejus
3313 2480 3328 2502 ,
3359 2454 3477 2492 oni-

1887 2560 2010 2600 nem
2057 2541 2432 2613 pmnitentiam
2471 2540 2801 2609 evangelicae
2849 2536 3039 2590 tribuit
3081 2531 3473 2603 praedicatioui,

1888 2653 2048 2707 quam
2078 2650 2200 2690 esse
2226 2635 2397 2688 basim
2421 2632 2608 2686 altaris
2630 2630 2889 2685 diximus.
2934 2627 3102 2681 Recte
3131 2633 3314 2679 autem
3350 2638 3468 2692 poe-

1889 2731 2174 2785 uitentiam
2220 2741 2438 2782 onmem
2487 2724 2801 2794 apostolica:
2834 2719 3206 2791 przedicationi
3235 2717 3427 2770 tribuit
3458 2735 3469 2768 :

1887 2825 2013 2893 quia
2065 2822 2243 2875 omnis
2286 2821 2407 2888 ejus
2452 2817 2684 2872 intentio
2731 2816 2846 2868 haec
2878 2823 2980 2877 est,
3011 2821 3070 2866 nt
3104 2811 3284 2863 omnis
3311 2809 3468 2863 homo

1890 2915 2160 2983 paenitens
2205 2924 2264 2964 se
2319 2906 2644 2975 corrigendo
2676 2904 2936 2962 salvetur,
2986 2911 3210 2969 propter
3243 2899 3388 2966 quod
3417 2907 3473 2950 et

1890 3008 2118 3076 primam
2146 3017 2333 3057 vocem
2360 3001 2504 3053 illam
2535 2996 2796 3050 Dominus
2825 2992 3073 3063 providet
3099 2991 3152 3043 in
3186 2989 3474 3057 Evangelia

1889 3096 2265 3152 doctoralem:
2329 3089 2702 3144 Ptenitentiam
2781 3085 2944 3155 agite,
3033 3079 3477 3152 appropinquabit

1890 3189 2029 3242 enim
2077 3199 2292 3254 regnum
2331 3178 2632 3232 rectorum"
2655 3193 2670 3239 ;
2695 3174 2822 3244 quia
2851 3173 3014 3226 etiam
3041 3171 3105 3224 ad
3149 3170 3345 3236 hocse
3381 3185 3478 3223 ve»

1886 3283 2034 3333 uisse
2075 3275 2230 3339 dixit,
2263 3273 2338 3326 ait
2367 3271 2512 3325 enim
2548 3286 2561 3320 :
2615 3265 2735 3319 Non
2769 3265 2884 3318 veni
2932 3278 3120 3316 vocare
3173 3261 3362 3325 iustos,
3387 3259 3481 3312 sed

1885 3378 2178 3440 peccatores
2231 3366 2300 3417 ad
2351 3357 2794 3431 paenitentiam”.
2859 3354 2988 3408 Post
3029 3352 3145 3407 haec
3173 3349 3305 3418 quid
3352 3348 3478 3400 facit

1885 3463 2139 3516 sacerdos
2160 3457 2182 3510 ?

1955 3551 2173 3606 Omnem
2208 3555 2382 3599 autem
2413 3543 2619 3608 adipem
2645 3539 2913 3609 auferens,
2952 3537 3086 3589 sicut
3115 3534 3319 3604 auferri
3347 3532 3478 3586 solet

1885 3647 1950 3698 de
1975 3642 2194 3696 victimis
2208 3637 2573 3707 paci/irarum.
2615 3631 2685 3687 Ut
2713 3629 3037 3701 pmnitentis
3077 3642 3242 3682 omne
3273 3625 3481 3678 deside-

1888 3735 2029 3789 rium
2085 3746 2306 3786 sursum
2362 3725 2637 3795 respiciat,
2693 3721 2747 3775 id
2797 3729 2904 3782 est,
2959 3719 3157 3773 caelum
3207 3713 3476 3776 intendat,

1890 3833 2020 3879 tunc
2053 3823 2200 3876 enim
2243 3819 2441 3890 poterit
2488 3811 2861 3885 paenitentiam
2901 3809 3154 3864 oﬂ‘ereuti
3204 3808 3258 3861 in
3297 3806 3482 3876 pacifi-

1889 3933 2078 3974 corum
2105 3913 2373 3970 sacrificio
2407 3907 2670 3979 reputari.
2711 3903 2819 3959 Sed
2852 3902 2976 3974 quis
3021 3902 3092 3956 sit
3132 3899 3256 3954 fluis
3283 3900 3479 3952 horum

1889 4025 2010 4080 quae
2034 4008 2178 4064 dicta
2205 4013 2354 4067 sunt,
2386 4001 2628 4056 addidit:

1959 4096 2282 4165 Rogabitque
2297 4108 2393 4162 pro
2418 4107 2475 4144 eo
2505 4091 2770 4149 sacerdos,
2796 4095 2845 4140 et
2872 4084 3174 4138 dimittetur
3189 4079 3257 4133 ei.
3291 4078 3482 4146 Neque

1861 4187 2039 4246 enim
2091 4186 2272 4242 idonei
2321 4197 2514 4238 sumus
2575 4189 2795 4250 peccata
2846 4171 3260 4240 nobismetipsis
3299 4169 3485 4224 dimit-

1891 4291 2031 4344 tere,
2060 4276 2314 4333 Christus
2357 4281 2541 4326 autem
2573 4269 2734 4324 nobis
2760 4262 3211 4336 propitiationem
3243 4256 3478 4329 perficit.

1887 4359 2047 4429 Unde
2098 4378 2154 4424 et
2186 4369 2307 4438 ejus
2344 4378 2478 4420 voce
2505 4361 2820 4416 sacerdotes
2852 4357 2906 4409 in
2939 4352 3261 4414 Ecclesiam,
3295 4357 3484 4418 utpote

1893 4468 2014 4535 ejus
2048 4462 2285 4518 officium
2339 4457 2660 4518 subeuntes,
2692 4450 2930 4506 ordinati
2983 4455 3131 4509 sunt,
3176 4444 3376 4514 quibus
3427 4441 3481 4494 in

1893 4572 2125 4631 persona
2169 4552 2538 4622 apostolorum
2577 4546 2832 4602 dicebat:
2887 4539 3122 4604 Quorum
3170 4534 3484 4590 dimiseritis

1900 4628 2144 4717 peccata,
2175 4644 2398 4698 dimissa
2431 4649 2577 4701 sunt,
2630 4645 2680 4690 et
2724 4649 2950 4703 quorum
2990 4628 3340 4691 retiuueritis,
3394 4641 3482 4678 re-

1899 4750 2043 4794 tenta
2071 4735 2270 4791 sunt”.
2307 4732 2373 4787 Et
2410 4744 2640 4783 rursus:
2675 4724 3010 4792 Quacunque
3035 4719 3295 4773 solveritis
3325 4732 3485 4784 super

1899 4842 2097 4885 terram
2144 4811 2317 4881 soluta
2353 4830 2504 4875 erunt
2547 4828 2596 4872 et
2635 4819 2693 4870 iu
2737 4814 2885 4876 creto,
2919 4822 2967 4868 et
2993 4825 3320 4882 quacunque
3349 4807 3488 4877 liga-

1897 4920 2073 4976 veritis
2099 4932 2254 4984 super
2289 4923 2508 4972 terram,
2542 4909 2708 4978 ligata
2737 4911 2890 4958 erunt
2929 4911 2979 4956 et
3015 4902 3072 4954 in
3099 4898 3309 4955 calo“.

1969 5029 2130 5084 Vens.
2160 5023 2351 5082 52-55.
2400 5042 2419 5074 ε
2455 5020 2552 5075 Sin
2579 5027 2763 5074 autem
2801 5018 2870 5073 de
2905 5013 3198 5087 pecoribus
3222 5010 3492 5067 'obtulerit

1897 5121 2170 5177 victimam
2201 5131 2300 5186 pro
2331 5120 2579 5183 peccato,
2612 5125 2771 5164 ovem
2802 5109 3019 5162 scilicet
3059 5103 3490 5165 immaculatam,

1901 5221 2065 5282 ponet
2102 5223 2320 5263 manum
2365 5220 2530 5274 super
2566 5213 2732 5272 caput
2763 5202 2906 5270 ejus,
2954 5207 3011 5254 et
3035 5195 3344 5252 immolabit
3366 5207 3483 5248 eam

1902 5307 1955 5360 iu
1988 5306 2108 5357 loco
2148 5300 2236 5355 ubi
2267 5299 2445 5354 solent
2495 5297 2938 5350 holocaustorum
2986 5289 3120 5344 credi
3153 5287 3367 5349 hostire,
3397 5299 3492 5337 su-

1906 5401 2126 5460 metque
2186 5387 2442 5442 sacerdos
2495 5386 2562 5439 de
2613 5382 2880 5453 sanguine
2927 5381 3049 5449 ejus
3078 5378 3251 5448 digito
3278 5389 3404 5437 suo,
3437 5380 3494 5427 et

1912 5493 2136 5553 tangens
2169 5494 2373 5533 cornua
2410 5475 2594 5530 altaris
2633 5471 2962 5535 holocausti,
2992 5467 3266 5537 reliquum
3303 5463 3494 5518 fundet

1911 5574 1978 5627 ab
2028 5572 2197 5626 basim
2242 5568 2380 5637 ejus.
2435 5580 2652 5620 omnem
2709 5576 2924 5632 quoque
2953 5559 3208 5614 auferens
3256 5556 3491 5624 adipem,

1914 5665 2053 5718 sicut
2082 5660 2280 5716 auferri
2313 5660 2450 5713 solet
2505 5657 2673 5725 adeps
2703 5653 2891 5708 arietis
2924 5652 3015 5722 qui
3049 5648 3361 5704 immolatur
3395 5659 3494 5714 pro

1978 5809 2022 5839 ⁸³
2067 5807 2204 5860 l‘sal.
2254 5822 2400 5867 usi,
2453 5803 2503 5856 Si.
2611 5801 2655 5832 ⁹⁰
2691 5797 2886 5852 llabac.
2925 5813 3002 5856 Iit,
3061 5798 3109 5849 ι.
3221 5794 3262 5824 θ’
3301 5790 3489 5843 Matth.

1874 5899 1943 5942 τι,
1970 5880 2048 5932 19.
