4218 6448
740 427 841 492 831

1971 430 2331 490 ΗΕδΥρΗιι
2375 430 2844 489 ιιιιΕδΒΥΤΕιη

3913 421 4019 483 839

738 541 998 609 paciﬁcis,
1056 551 1111 596 et
1164 542 1428 596 cremabit
1480 558 1645 613 super
1698 545 1867 597 altare
1920 546 1975 600 in
2027 546 2313 600 incensum
2347 549 2389 603 Α
2423 543 2773 599 fundamenta
2801 544 2940 611 ejus,
2967 543 3091 610 quia
3124 557 3223 611 pro
3253 550 3477 610 peccato
3500 547 3604 601 est,
3623 538 3860 590 alterum
3886 551 4021 589 vero

738 633 978 695 Domini.
1007 632 1326 701 rogabitquc
1388 648 1486 702 pro
1517 650 1605 698 eo,
1636 644 1691 688 et
1738 649 1839 704 pro
1902 644 2128 704 peccato
2178 637 2317 706 ejus,

737 733 795 779 et
817 723 1120 778 dimittetur
1146 722 1243 777 illi.
1288 742 1306 774 ι

811 811 1177 881 Semetipsum
1244 828 1389 866 nunc
1458 829 1674 884 quoque
1736 830 1974 885 sequens
2045 816 2323 887 legislator

738 903 999 959 oblationi
1056 919 1234 974 capra:
1279 904 1392 958 sive
1450 905 1726 969 chimerae,
1774 922 1937 978 quam
1985 909 2226 964 diximus
2255 910 2324 963 ab

744 996 826 1047 his
877 994 966 1063 qui
1001 1003 1130 1047 sunt
1180 995 1248 1047 de
1288 996 1511 1063 populo,
1549 1006 1601 1051 et
1629 998 1719 1065 qui
1754 1015 1861 1051 non
1894 1012 2235 1071 occupantur
2271 1002 2325 1056 in

743 1086 1101 1139 meditatione
1146 1084 1297 1154 legis,
1331 1086 1517 1140 oﬂerri
1548 1103 1705 1142 ovem
1735 1104 1952 1159 quoque
1980 1092 2268 1157 conjunxit
2309 1112 2321 1145 :

741 1176 999 1244 quoniam
1034 1177 1086 1227 in
1134 1175 1334 1244 popqu
1360 1183 1415 1229 et
1446 1176 1629 1231 idiotis
1659 1179 1917 1247 possibile
1968 1188 2053 1235 est
2080 1196 2203 1235 esse
2232 1180 2329 1234 ali-

742 1282 882 1336 quos
925 1267 1086 1319 etiam
1117 1266 1414 1334 simplices,
1444 1268 1641 1337 quibus
1682 1270 1971 1325 conveniat
2000 1271 2119 1326 ovis
2152 1274 2328 1328 sacri-

745 1356 944 1419 ﬁcium,
976 1357 1121 1425 quod
1173 1367 1278 1410 tam
1319 1358 1372 1412 in
1437 1360 1889 1414 holocautomatis
1939 1378 2102 1431 quam
2159 1366 2329 1419 sacri-

744 1446 879 1499 liciis
904 1447 1093 1499 hostiae
1120 1446 1465 1515 paciﬁcornm
1515 1448 1936 1504 demonstratur.
1970 1451 2168 1521 Aperte
2203 1469 2331 1524 ergo

746 1537 1020 1605 legislator
1046 1538 1349 1606 approbare
1388 1538 1638 1608 cupiens,
1664 1541 1791 1610 quia
1834 1557 1945 1595 non
1970 1543 2150 1596 solmn
2177 1535 2333 1612 priri-

745 1642 893 1695 ceps.
950 1628 1001 1681 id
1030 1639 1112 1682 est
1166 1630 1395 1683 scientia
1421 1630 1723 1694 sublimior,
1758 1647 1860 1687 nec
1891 1644 2099 1688 tantum
2153 1651 2333 1706 popu-

749 1721 896 1783 laris,
930 1721 1025 1774 sed
1051 1730 1106 1774 et
1134 1722 1179 1774 si
1210 1722 1333 1791 quis
1366 1731 1446 1776 est
1501 1723 1554 1777 in
1604 1726 1958 1794 popularibus
2004 1729 2257 1797 simplex.
2288 1730 2331 1783 si

748 1810 885 1864 forte
951 1814 1278 1880 peccaverit,
1323 1815 1468 1885 quod
1520 1825 1577 1869 et
1631 1816 1719 1871 hic
1768 1818 1834 1871 ad
1898 1820 2327 1889 redemptionem

751 1913 1096 1969 peccatorum
1144 1906 1337 1959 debeat
1385 1908 1782 1975 paenitentiam,
1840 1912 1960 1966 ovis
2003 1914 2328 1967 sacriﬁcium

752 1996 1069 2050 introduxit.
1124 1996 1245 2052 Ideo
1279 2009 1460 2053 autem
1502 2016 1612 2052 non
1652 2002 1899 2066 arietem,
1930 2004 2025 2057 sed
2070 2020 2250 2068 ovem,
2280 2006 2333 2059 id

751 2094 853 2148 est,
897 2085 1176 2148 feritinam,
1237 2097 1292 2142 et
1343 2104 1451 2142 non
1506 2091 1807 2144 masculum
1838 2095 2094 2163 pnucepit
2122 2094 2332 2161 oﬂ'erri,

751 2175 878 2244 quia
910 2176 1263 2244 popularibus
1288 2178 1612 2233 feminarum
1653 2182 1982 2237 sacriﬁcium
2012 2186 2332 2254 deputavit:

753 2280 848 2320 eos
896 2267 984 2321 hic
1020 2268 1112 2338 qui
1150 2269 1322 2340 legem
1366 2271 1642 2351 accipiunt
1681 2273 1960 2329 evidenter
2021 2287 2337 2333 contestans

757 2372 817 2417 ut
847 2365 1159 2435 quicunque
1199 2366 1561 2436 principatum
1612 2369 1837 2424 sortitus
1867 2380 1971 2436 est,
2004 2383 2059 2426 et
2097 2382 2180 2426 est
2216 2374 2338 2428 aliis

756 2455 1040 2509 sublimior
1067 2456 1315 2520 scientia,
1353 2474 1460 2512 non
1492 2460 1664 2513 solam
1708 2461 1967 2516 exhibeat
2015 2464 2336 2532 simplicita-

759 2556 888 2608 tem,
916 2560 1041 2599 cum
1069 2556 1315 2616 oporteat
1341 2564 1467 2604 eum
1498 2550 1661 2605 etiam
1698 2551 2022 2621 prudentem
2048 2568 2171 2608 esse
2195 2556 2338 2610 sicut

757 2645 1105 2705 serpentem,
1157 2642 1614 2708 quemadmodum
1685 2643 1950 2699 Dominus
2009 2647 2165 2700 ait".
2233 2648 2338 2713 Qtti

758 2744 889 2782 vero
916 2745 1023 2783 non
1054 2740 1138 2784 est
1164 2732 1305 2796 talis,
1358 2734 1409 2788 id
1435 2745 1518 2788 est
1543 2734 1635 2803 qui
1668 2749 1776 2788 non
1807 2736 2053 2791 abundat
2086 2739 2335 2801 scientia.

758 2830 814 2873 et
844 2829 1129 2889 propterea
1156 2823 1209 2876 in
1243 2824 1439 2893 populo
1466 2825 1646 2895 deget,
1674 2826 1764 2882 hic
1793 2829 2043 2896 quamvis
2093 2829 2164 2882 sit
2194 2830 2341 2883 sim—

762 2911 906 2977 plex,
970 2911 1015 2964 si
1071 2913 1348 2983 contingat
1399 2924 1458 2967 ut
1508 2925 1719 2984 peccet,
1771 2930 1875 2969 nec
1919 2916 2021 2986 ipsi
2053 2928 2339 2986 peccatum

763 3004 1096 3073 ignoscetur,
1143 3005 1249 3071 nisi
1278 3022 1373 3074 per
1403 3006 1733 3062 oblationem
1765 3010 2105 3078 paenitentia:
2141 3027 2341 3080 pecca-

765 3102 877 3147 tum
930 3095 1167 3151 diluerit.
1219 3097 1355 3151 Cum
1412 3114 1539 3168 ergo
1574 3099 1689 3153 haec
1716 3099 1791 3154 ita
1835 3115 1896 3155 se
1932 3102 2189 3166 habeant,
2228 3118 2338 3157 non

762 3193 923 3255 egent
976 3196 1171 3241 caetera
1222 3190 1597 3256 expositione:
1637 3205 1760 3245 cum
1807 3193 1956 3246 enim
2010 3195 2338 3250 sacriﬁcium
2368 3220 2411 3275 ο

764 3292 862 3335 oro
896 3289 1119 3346 peccato
1150 3278 1239 3341 sit,
1273 3284 1430 3334 simul
1480 3280 1567 3334 hic
1593 3281 1662 3335 de
1699 3297 1859 3351 capra
1886 3292 1941 3338 et
1971 3285 2039 3339 de
2069 3301 2172 3340 ove
2198 3302 2339 3355 prte-

765 3371 921 3439 eepit.
958 3369 1113 3426 Unde
1141 3388 1363 3428 necesse
1391 3388 1500 3428 non
1528 3385 1629 3433 est.
1679 3392 1801 3430 cum
1834 3377 2122 3435 tendamus
2152 3381 2219 3434 ad
2253 3396 2343 3435 se—

770 3462 1005 3521 Juentia.
1037 3464 1128 3518 diu
1162 3466 1215 3519 in
1248 3468 1613 3534 praesentibus
1646 3470 1948 3525 immorari.

1394 3622 1620 3678 CAPUT
1660 3626 1724 3681 V.

846 3731 1007 3787 Vens.
1036 3733 1182 3786 l-l5.
1217 3752 1236 3785 ι
1282 3734 1338 3788 Si
1393 3738 1705 3804 peccaverit
1744 3738 1949 3803 anima,
2004 3748 2060 3795 et
2112 3743 2350 3798 audierit

770 3837 955 3877 vocem
988 3823 1243 3889 jnrantis.
1273 3826 1533 3895 testisque
1572 3826 1907 3899 fueritquod
1936 3841 2031 3887 aut
2061 3832 2177 3903 ipse
2194 3836 2347 3900 vidit,

769 3914 1136 3968 atttconscius
1169 3923 1274 3979 est,
1307 3916 1412 3969 nisi
1435 3916 1779 3985 indicaverit,
1816 3922 2059 3992 portabit
2090 3922 2351 3994 iniquita-

771 4013 878 4058 tem
905 4020 1078 4059 suam.
1101 4008 1293 4061 Anima
1312 4024 1434 4075 qua:
1461 4011 1698 4080 tetigerit
1733 4013 1939 4083 aliquid
1985 4015 2349 4084 immundum,

770 4096 884 4149 sive
911 4098 1053 4165 quod
1082 4098 1323 4153 occisum
1343 4115 1371 4152 a
1396 4101 1566 4155 bestia
1588 4112 1694 4164 est,
1719 4113 1815 4158 aut
1838 4120 1937 4174 per
1966 4121 2025 4161 se
2049 4118 2349 4177 mortuum,

776 4188 857 4240 vel
884 4188 1163 4257 quodlibet
1191 4190 1336 4245 aliud
1371 4194 1564 4259 reptile
1608 4204 1663 4248 et
1696 4195 1864 4249 oblita
1896 4197 2065 4253 fuerit
2096 4202 2347 4255 immun-

772 4279 918 4334 ditia:
947 4294 1078 4342 suae,
1112 4297 1201 4335 rea
1228 4291 1328 4342 est,
1353 4290 1408 4335 et
1446 4284 1733 4353 delinquit.
1770 4287 1838 4340 Et
1863 4288 1906 4340 si
1933 4289 2354 4361 tetigeritquid-

773 4373 916 4439 piam
938 4369 1387 4427 de.immunditia
1422 4374 1679 4436 hominis,
1722 4376 1877 4446 juxta
1908 4394 2128 4435 omnem
2161 4382 2355 4451 impu-

776 4461 1011 4526 ritatem,
1039 4477 1144 4531 qua
1176 4463 1339 4531 pollui
1360 4465 1518 4527 solet,
1549 4466 1826 4537 oblitaque
1850 4472 2170 4541 cognoverit
2191 4484 2349 4540 post-

2424 636 2661 690 adolebit
2691 634 3091 695 holocaustum,
3120 639 3180 684 ut
3223 629 3340 683 ﬁeri
3365 628 3524 693 solet,
3558 626 3889 697 rogabitque
3918 639 4019 695 pro

2424 742 2492 781 eo
2512 724 2789 788 sacerdos,
2811 731 2868 777 et
2895 737 2994 792 pro
3012 794 3017 797 _
3038 730 3265 790 peccato
3318 720 3457 789 ejus,
3492 727 3547 771 et
3574 717 3891 771 dimittetur
3946 716 4017 768 ei.

2426 817 2585 883 Quod
2635 816 2813 871 sinon
2846 812 3085 884 quiverit
3116 826 3313 865 manus
3361 811 3481 879 ejus
3502 808 3704 863 oﬂ‘erre
3731 806 3881 861 duos
3905 814 4021 857 tur-

2427 920 2597 973 tures,
2630 908 2714 963 vel
2735 907 2874 961 duos
2907 906 3083 975 pullos
3128 903 3414 962 columbae,
3448 900 3640 956 olleret
3663 914 3765 969 pro
3791 906 4025 967 peccato

2428 1000 2684 1064 similam,
2715 1008 2921 1068 partem
2943 996 3070 1067 ephi
3100 995 3367 1051 decimam
3398 1012 3413 1058 ;
3465 1008 3573 1046 non
3604 992 3788 1045 mittet
3815 990 3873 1042 in
3904 1004 4024 1043 eam

2428 1090 2631 1154 oleum,
2669 1104 2770 1144 nec
2795 1087 2972 1143 thuris
3002 1085 3206 1155 aliquid
3228 1085 3492 1154 imponet,
3519 1083 3645 1151 quia
3664 1095 3768 1150 pro
3798 1089 4028 1148 peccato

2429 1190 2532 1243 est,
2558 1181 2840 1248 tradetque
2868 1194 2986 1232 eam
3037 1175 3327 1235 sacerdoti.
3381 1174 3473 1242 qui
3519 1173 3745 1242 plenum
3795 1185 3875 1224 ex
3918 1179 4029 1223 toto

2431 1270 2692 1341 pugillum
2722 1266 3004 1329 hauriens,
3041 1264 3305 1321 cremabit
3332 1278 3498 1333 super
3548 1262 3721 1317 altare
3772 1262 3835 1315 in
3910 1276 4027 1313 tno»

2431 1369 2758 1415 numentum
2833 1360 2952 1427 ejus
3009 1358 3103 1427 qui
3154 1355 3394 1418 obtulit,
3459 1368 3656 1424 rogans
3751 1366 3862 1421 pro
3938 1349 4029 1402 illo

2432 1461 2486 1505 et
2537 1453 2782 1522 expians.
2843 1450 3126 1519 Reliquam
3163 1462 3295 1502 vero
3346 1455 3555 1517 partem
3613 1444 3731 1514 ipse
3800 1440 4029 1495 habebit

2435 1544 2490 1597 in
2513 1553 2760 1597 munere.
2794 1563 2812 1594 ι

2507 1635 2645 1689 Num
2671 1635 2861 1688 eadem
2896 1633 3170 1703 legislator
3199 1632 3441 1700 repetit?
3469 1630 3606 1685 Cum
3642 1626 3697 1680 in
3728 1622 4033 1693 prmteritis

2435 1731 2633 1799 quippe
2657 1729 2883 1783 dixisset
2903 1728 3074 1797 quod,
3111 1728 3153 1781 si
3189 1724 3497 1795 peccaverit
3528 1722 3597 1777 de
3624 1720 3836 1790 papnln
3874 1726 4035 1768 terra:

2438 1836 2533 1890 per
2566 1818 2947 1889 ignorantiam,
2975 1827 3032 1870 ut
3063 1816 3222 1870 faciat
3257 1812 3540 1883 quidpiam
3567 1827 3631 1864 ex
3660 1809 3749 1862 his
3773 1823 3908 1876 quae
3931 1806 4034 1858 Do-

2436 1911 2566 1964 mini
2622 1911 2736 1979 lege
2776 1908 3350 1978 prohibenturatque
3414 1902 3714 1968 delinquat.
3779 1898 4037 1951 Genera-

2437 2002 2559 2056 liter
2582 2001 2649 2055 de
2670 2000 2821 2053 omni
2844 2007 3065 2067 peccato
3100 1996 3424 2067 principiens
3453 2003 3509 2048 et
3538 1992 3742 2062 jubens
3766 2004 3901 2056 quae
3948 1989 4038 2039 dv-

2438 2092 2629 2145 berent
2666 2088 2875 2150 nﬁerri,
2907 2099 3292 2154 nuncquoqne
3315 2083 3383 2136 de
3440 2082 3652 2135 eisdem
3710 2076 3843 2131 aliis
3898 2090 4033 2144 quo-

2436 2184 2730 2238 dammodo
2761 2181 2976 2235 videtur
3003 2180 3216 2232 sancire
3244 2176 3617 2231 sermonibus.
3652 2170 4043 2236 Quamobrem

2437 2284 2621 2329 autem
2652 2273 2906 2343 superius
2937 2271 3185 2341 quaedam
3224 2284 3323 2339 pro
3338 2276 3583 2337 peccato,
3606 2273 3663 2318 et
3704 2278 3825 2316 non
3849 2260 4045 2315 onmia

2438 2367 2705 2436 exposuit.
2731 2364 3027 2433 Oportebat
3069 2362 3270 2431 quippe
3341 2366 3519 2413 utaut
3542 2357 3726 2410 omnia
3759 2370 3867 2423 per
3932 2352 4047 2404 siu-

2438 2460 2558 2531 gnla
2587 2465 2911 2526 exponeret,
2940 2464 3036 2509 aut
3074 2454 3293 2523 penitus
3344 2450 3505 2515 nihil,
3564 2464 3689 2503 cum
3753 2443 4045 2517 generalis

2439 2553 2489 2607 ei
2538 2552 2935 2607 demonstratio
2978 2547 3188 2619 peccati
3250 2544 3547 2599 suﬁiceret.
3605 2542 3712 2597 Sed
3783 2557 3909 2595 non
3972 2540 4045 2593 ita

2440 2659 2499 2698 se
2562 2643 2765 2696 habent
2812 2641 2980 2695 verba
3039 2636 3389 2709 legislatoris,
3463 2634 3608 2688 sicut
3658 2632 3897 2702 quidam
3947 2647 4047 2685 nev

2443 2735 2708 2804 gligenter
2787 2732 3025 2801 legentes
3122 2727 3470 2782 existimant.
3567 2722 3809 2788 Quando
3898 2720 4046 2775 enim

2442 2823 2584 2878 dixit
2623 2841 2636 2875 :

2513 2912 2724 2977 Quodsi
2766 2912 3058 2979 peccaverit
3092 2908 3156 2961 de
3211 2904 3404 2975 populo
3444 2913 3601 2955 terrae
3626 2917 3721 2968 per
3781 2902 4044 2969 ignoran-

2442 3007 2593 3068 tiam.
2623 3014 2681 3058 ut
2709 3005 2870 3075 faciat
2892 3002 3170 3072 quidpiam
3202 3016 3267 3054 ex
3296 2999 3375 3052 his
3399 3012 3516 3067 qua:
3546 2995 3759 3048 Domini
3787 2994 3905 3062 lege
3924 3010 4045 3063 pro-

2442 3099 2706 3161 hibentur,
2733 3106 2895 3167 atque
2918 3096 3209 3163 delinquat,
3241 3090 3552 3146 scnsibilem
3575 3087 3841 3142 lsraelem
3856 3096 4049 3141 osten-

2444 3191 2542 3255 dit,
2576 3191 2667 3259 qui
2689 3203 3023 3256 cognoscens
3059 3188 3147 3239 Dei
3188 3187 3476 3247 mundata,
3515 3198 3624 3237 non
3653 3182 3858 3236 debuit
3881 3180 4047 3247 quid-

2448 3281 2594 3349 piam
2625 3279 2759 3350 legis
2794 3278 3116 3348 transgredi.
3152 3275 3551 3345 Transgressus
3582 3282 3795 3327 autem.
3818 3270 4049 3338 implere

2447 3374 2630 3428 debuit
2651 3388 2715 3426 ea
2746 3387 2869 3441 qua
2895 3371 2960 3425 ad
2997 3368 3378 3438 paenitentiam
3407 3366 3706 3436 pertinent.
3769 3362 3831 3416 In
3906 3378 4046 3431 pras—

2449 3464 2590 3518 senti
2618 3472 2800 3518 autem
2833 3462 3065 3515 dicens:
3119 3460 3175 3513 Si
3218 3458 3532 3527 peccaverit
3573 3457 3781 3514 anima,
3841 3469 4045 3522 nequa-

2448 3571 2613 3625 quam
2648 3554 2875 3619 addidit,
2912 3552 2981 3605 de
3016 3551 3217 3620 populo
3235 3559 3414 3607 terrae.
3442 3561 3498 3601 et
3527 3546 3877 3599 rectissime.
3914 3544 4051 3598 Dicit

2449 3649 2596 3702 enim
2625 3655 2844 3715 peccata
2882 3660 2913 3698 a
2940 3644 3137 3713 quibus
3159 3656 3385 3695 necesse
3444 3641 3535 3700 sit,
3565 3637 3884 3692 secundum
3908 3636 4051 3703 quod

2450 3738 2793 3800 aitJacobus,
2814 3735 2979 3789 etiam
3000 3733 3203 3801 hosqui
3220 3740 3349 3786 sunt
3375 3747 3439 3784 ex
3466 3728 3721 3800 gentibus
3745 3727 4050 3786 abstinere,

2453 3831 2503 3884 id
2522 3837 2605 3883 est
2632 3827 2967 3896 idolothytis,
2990 3834 3045 3878 et
3065 3824 3369 3886 suﬂ'ocatis,
3410 3832 3467 3875 et
3521 3819 3820 3890 sanguine.
3853 3828 3911 3871 et
3950 3818 4054 3870 fur-

2455 3921 2755 3975 nicatione.
2788 3918 2847 3972 in
2878 3918 2966 3972 his
2989 3917 3135 3971 enim
3181 3914 3431 3969 invenies
3487 3912 3779 3981 sequentia
3844 3926 4055 3964 counu~

2455 4019 2681 4066 merata.
2710 4010 2915 4064 Deinde
2945 4008 3199 4078 superius
3227 4006 3371 4077 quod
3430 4014 3512 4059 est
3539 4012 3839 4074 peccatum
3864 4004 4054 4055 nnius~

2454 4104 2719 4173 cujusque
2742 4116 2839 4170 per
2865 4099 3222 4168 semetipsum
3260 4095 3654 4164 delinquentis,
3689 4105 3750 4149 ct
3768 4094 3931 4162 quod
3968 4108 4055 4161 per

2454 4208 2514 4248 se
2542 4193 2665 4261 quis
2693 4190 2884 4261 gessit,
2907 4188 3243 4255 designatur.
3273 4186 3373 4240 llic
3403 4193 3585 4238 autem
3626 4199 3755 4238 eum
3791 4186 3897 4253 qui
3931 4184 4056 4237 alie-

2457 4288 2542 4341 nis
2566 4283 2801 4355 peccatis
2821 4279 3247 4336 communicavit
3303 4278 3671 4339 demonstrat,
3728 4276 3845 4330 hoc
3912 4277 4053 4330 enim

2458 4386 2633 4431 tactus
2658 4372 2924 4427 immundi
2960 4379 3015 4424 et
3040 4368 3344 4427 morticini,
3405 4376 3462 4420 et
3503 4382 3532 4419 a
3563 4366 3761 4419 bestiis
3787 4368 3948 4436 capti
3982 4368 4057 4417 in-

2458 4468 2598 4529 nuit,
2624 4480 2733 4517 non
2755 4479 2852 4532 per
2884 4460 3193 4532 aenigmata,
3224 4458 3318 4513 sed
3343 4465 3532 4523 aperte
3558 4470 3885 4524 exponens.
3917 4458 4056 4527 quod

773 4567 860 4615 ea,
920 4553 1230 4621 subjacebit
1281 4556 1504 4611 delicto.
1552 4558 1748 4613 Anima
1786 4575 1909 4629 qure
1952 4564 2240 4631 juraverit,
2294 4572 2352 4618 et
2389 4569 2428 4620 υ
2457 4558 2675 4629 quidam
2710 4554 3040 4623 despiciunt,
3065 4551 3242 4615 idest,
3285 4548 3512 4603 alterius
3541 4550 3594 4601 in
3623 4563 3890 4602 errorem
3931 4552 4055 4605 mit-

778 4645 1062 4713 protulerit
1087 4645 1245 4701 labiis
1274 4648 1407 4711 suis,
1439 4656 1500 4701 ut
1520 4649 1605 4702 vel
1629 4650 1767 4705 male
1796 4652 1927 4720 quid
1953 4653 2135 4709 facere
2163 4656 2349 4716 vellet,

777 4737 862 4790 vel
901 4741 1062 4800 bene,
1098 4745 1153 4791 et
1178 4738 1412 4808 idipsmn
1461 4740 1776 4808 juramento
1798 4751 1854 4796 et
1878 4758 2133 4800 sermone
2162 4745 2348 4801 ﬁrma-

776 4830 915 4884 verit
965 4829 1239 4898 oblitaque
1267 4841 1451 4898 postea
1506 4831 1837 4888 intellexerit
1860 4834 2123 4891 delictum
2156 4851 2341 4903 suum,

777 4932 899 4994 agat
946 4922 1324 4992 paenitentiam
1349 4939 1447 4993 pro
1474 4934 1719 4995 peccato,
1747 4936 1803 4982 et
1833 4926 2029 4982 otl'erat
2052 4943 2249 5000 agnam
2286 4932 2355 4985 de

777 5016 1048 5087 gregibus,
1080 5015 1196 5070 sive
1219 5030 1460 5085 capram,
1488 5017 1772 5088 orabitque
1824 5036 1923 5089 pro
1950 5036 2017 5075 eo
2070 5024 2354 5083 sacerdos,

777 5115 833 5160 et
863 5121 961 5174 pro
987 5113 1211 5175 peccato
1240 5105 1381 5175 ejus.
1412 5104 1508 5160 Sin
1545 5116 1725 5162 autem
1762 5124 1872 5162 non
1892 5111 2132 5179 potuerit
2149 5112 2351 5166 otl'erre

781 5211 967 5266 pecus,
995 5196 1189 5251 offerat
1208 5197 1346 5251 duos
1376 5204 1616 5251 turtures
1648 5199 1727 5251 vel
1758 5199 1897 5254 duos
1925 5202 2103 5269 pullos
2140 5201 2357 5256 colum-

780 5287 972 5340 barum
1005 5286 1255 5349 Domino,
1287 5302 1451 5339 unum
1520 5303 1618 5356 pro
1648 5297 1891 5356 peccato,
1921 5297 1979 5343 et
2013 5290 2247 5344 altermn
2304 5292 2356 5344 in

784 5376 1181 5438 holocaustum,
1216 5376 1474 5445 dabitque
1519 5394 1614 5432 eos
1634 5379 1929 5433 sacerdoti.
1957 5380 2061 5446 Qui
2117 5382 2354 5450 primum

784 5462 1019 5516 otl'ereus
1038 5478 1135 5532 pro
1158 5472 1402 5530 peccato,
1433 5466 1771 5533 retorquebit
1790 5476 1955 5536 caput
1978 5467 2099 5537 ejus
2126 5470 2194 5522 al
2221 5484 2355 5537 pen~

786 5554 964 5617 nulas,
996 5553 1069 5606 ita
1105 5556 1316 5609 utcollo
1346 5555 1569 5622 hrereat,
1595 5568 1649 5612 et
1674 5574 1779 5611 non
1803 5562 2023 5627 penitus
2060 5562 2359 5629 abrumpa-

786 5653 894 5708 tur,
916 5652 971 5697 et
992 5652 1243 5714 asperget
1265 5645 1331 5698 de
1362 5647 1625 5715 sanguine
1680 5649 1801 5714 ejus
1851 5650 2118 5719 parietem
2149 5651 2364 5705 altaris.

787 5734 1057 5804 Quidquid
1084 5743 1264 5789 autem
1296 5736 1559 5804 reliquum
1584 5737 1764 5805 fuerit,
1795 5738 1951 5793 fat-iet
1985 5740 2249 5795 distillare
2306 5742 2367 5793 ad

860 5844 1114 5925 "Matth.
1151 5890 1200 5935 κ,
1237 5875 1317 5926 t6.

2457 4649 2621 4704 t.-ntis
2643 4662 2751 4700 non
2773 4658 3000 4716 arguere
3059 4654 3325 4698 errorem.
3376 4640 3472 4693 sed
3519 4654 3874 4695 consensum
3928 4658 4059 4711 pr:—

2455 4738 2605 4793 berc.
2636 4736 2791 4790 Nunc
2814 4750 2943 4805 ergo
2971 4731 3361 4801 ostenditquia
3381 4739 3437 4785 et
3463 4731 3517 4783 in
3550 4731 3657 4784 hoc
3684 4732 4060 4789 oblationem.

2456 4845 2575 4884 eam
2643 4827 2896 4882 videlicet
2942 4841 3064 4894 qu-e
3108 4825 3176 4877 ad
3223 4824 3561 4892 ptenitentite
3638 4823 4062 4879 absolutionem

2457 4920 2717 4993 pertinet,
2743 4916 3105 4973 necessariam
3131 4916 3458 4971 habeamus.

2528 5012 2586 5068 Si
2616 5012 2904 5081 peccaverit
2948 5011 3153 5071 anima,
3189 5019 3239 5063 et
3296 5010 3531 5063 audierit
3587 5024 3772 5063 vocem
3796 5011 4064 5081 iurantis.

2463 5104 2707 5174 testisque
2728 5101 3061 5172 fuerit,quod
3090 5109 3185 5152 aut
3219 5100 3329 5167 ipse
3368 5100 3517 5161 vidit,
3556 5108 3648 5151 aut
3699 5102 4061 5159 conminuit.

2463 5198 2631 5260 idest,
2667 5196 2713 5248 si
2734 5194 2916 5264 aliqua
2947 5195 3147 5262 furtum
3175 5203 3269 5244 aut
3323 5191 3500 5245 dolum
3521 5192 3774 5261 faciente,
3808 5203 3863 5246 et
3891 5195 4069 5265 jusjv

2462 5289 2689 5343 randum
2717 5302 2811 5355 pro
2841 5288 2915 5339 eis
2940 5287 3122 5348 dante,
3151 5287 3330 5339 videns
3353 5284 3547 5355 aliquis
3572 5286 3784 5355 furtum
3817 5299 3927 5341 aut
3985 5290 4069 5340 do-

2464 5377 2571 5431 lum
2600 5392 2753 5446 quem
2776 5376 2920 5446 fecit,
2980 5374 3060 5427 vel
3095 5373 3256 5427 aliter
3283 5375 3517 5427 conscius
3547 5373 3686 5442 quod
3716 5375 3865 5443 false
3893 5376 4062 5444 jam,

2465 5484 2567 5520 non
2590 5466 2896 5534 prodiderit,
2920 5464 3151 5534 portabit
3195 5466 3551 5535 iniquitatem.
3585 5463 3654 5517 Et
3708 5476 3893 5520 recte.
3944 5466 4067 5521 Nam

2469 5560 2556 5613 cui
2580 5559 2735 5613 licuit
2760 5574 2988 5628 arguere
3019 5568 3325 5625 peccatum,
3357 5568 3411 5612 et
3462 5559 3613 5619 texit,
3679 5559 3918 5627 adjutor
3962 5563 4068 5629 ejus

2475 5650 2852 5719 proculdubio
2882 5649 3059 5703 factus
3085 5658 3188 5704 est.
3228 5648 3332 5714 Qui
3380 5664 3509 5703 vero
3534 5650 3837 5705 auxiliatus
3867 5664 3984 5715 est,
4018 5654 4063 5704 in

2479 5743 2837 5810 semetipsum
2899 5752 3183 5810 peccatum
3239 5742 3418 5795 traxit.
3470 5741 3587 5795 Non
3654 5742 3837 5797 solum
3895 5757 4065 5800 autem
