4218 6448
178 398 272 459 Eii}
1340 399 1411 456 ΞΝ
1454 399 1754 458 LEVlTIC

1859 417 1893 457 ι.
1938 423 1997 431 -θκ
2045 399 2191 457 LIB.
2234 398 2279 458 Ι.

3336 408 3439 467 834

182 507 418 575 prietlieti
443 508 649 577 peccati
715 507 1119 561 immunditiam
1170 507 1479 559 evitandam
1533 508 1759 575 putavit,
1803 518 1829 565 Α
1868 506 2271 560 conniventiam
2304 508 2529 576 prtebct.
2574 522 2657 560 vet
2720 509 2771 561 in
2829 526 2893 565 eo
2945 513 3088 581 quod
3125 514 3339 583 placent
3367 528 3443 571 ta-

181 600 271 655 sed
290 610 345 655 et
372 600 419 654 si
445 600 568 670 quis
598 600 837 668 tetigerit
894 616 1111 654 omnem
1146 615 1259 653 rem
1285 600 1642 663 immundam,
1667 609 1760 653 aut

179 689 545 754 tnorticinam,
581 699 677 744 aut
705 705 735 742 a
771 691 962 744 bestiis
1009 698 1246 759 captam.
1308 704 1418 742 non
1488 690 1755 760 corporis,

174 782 265 836 sed
302 782 376 834 rei
406 781 719 835 itnmundas
748 782 992 835 actiones
1022 781 1312 834 ostendere
1347 780 1596 849 cupiens,
1654 795 1772 833 nec.

176 874 291 925 illas
319 871 700 926 immunditias
747 888 885 942 quas
922 871 1236 926 Judaaorum
1284 887 1419 942 gens
1459 872 1753 924 existimat.

176 964 304 1028 Quae
341 963 451 1017 sint
481 972 664 1016 autem
722 965 974 1017 actiones
1039 978 1268 1031 quarmn
1332 962 1758 1015 communicatio

176 1064 318 1109 sicut
350 1056 757 1109 immundarum
789 1056 1044 1109 evitanda
1072 1068 1176 1115 εει,
1203 1054 1452 1107 Salvator
1484 1054 1757 1121 apostolos

171 1147 377 1209 docuit,
421 1148 650 1201 dicens:
710 1147 891 1201 Adhuc
917 1157 964 1200 et
1004 1163 1090 1200 vos
1135 1147 1246 1199 siue
1304 1146 1567 1198 intellectu
1594 1144 1714 1197 estis
1739 1145 1761 1178 δ’

173 1238 394 1291 Nescitis
425 1241 547 1309 quia
581 1256 731 1292 omne
759 1240 897 1307 quod
955 1240 1247 1310 ingreditur
1290 1240 1344 1290 in
1402 1255 1480 1297 os,
1537 1238 1591 1289 in
1637 1253 1759 1288 ven-

175 1341 306 1380 trem
342 1331 509 1394 vadit,
543 1340 589 1383 et
623 1332 675 1382 in
726 1347 985 1382 secessum
1043 1330 1299 1382 emittitur
1338 1368 1349 1380 .
1409 1342 1526 1395 qua:
1582 1336 1757 1378 autem

171 1423 513 1490 egrediuntur
543 1424 606 1473 de
631 1438 739 1482 ore,
768 1423 830 1473 de
853 1421 1005 1473 corde
1036 1430 1224 1472 exeunt
1250 1460 1264 1481 ,
1336 1428 1383 1471 et
1426 1419 1537 1471 lucc
1586 1417 1758 1486 inqui-

169 1524 301 1564 ηιηι
335 1514 595 1565 hominem
618 1513 643 1565 ξ)
675 1512 881 1565 Etenim
911 1516 973 1564 de
1029 1514 1181 1563 corde
1203 1520 1390 1564 exeunt
1414 1510 1756 1579 cogitationes

169 1605 348 1661 multra.
379 1605 685 1668 homicidia,
717 1604 1010 1667 adulteria,
1045 1603 1183 1672 falsa
1235 1604 1555 1662 testimonm,
1588 1604 1755 1673 furta,

165 1698 517 1766 ltlaspltemite.
557 1695 681 1751 rrec
704 1706 823 1749 sunt
869 1712 983 1766 quae
1014 1696 1349 1764 coinquinant
1373 1695 1633 1748 hominem
1666 1693 1755 1745 ⁸⁸⁸.

173 1790 406 1860 Propter
437 1791 583 1859 quod
613 1799 669 1844 et
690 1789 985 1843 immundae
1039 1804 1148 1853 res,
1209 1795 1397 1857 utpote
1448 1787 1756 1856 pollucnles

1864 600 1955 659 lia,
1991 598 2165 653 modis
2189 600 2447 653 omnibus
2501 600 2780 668 polluitur.
2812 601 2908 656 Hic
2930 619 3125 658 sensus
3181 622 3247 660 eo
3281 610 3444 663 modo

1864 690 1917 743 iit
1991 691 2243 759 praesenti
2319 696 2536 760 quoque
2612 694 2971 749 translatione
3003 697 3047 749 si
3105 698 3438 761 intendatur,

1862 792 2029 836 venit.

1930 870 2033 924 Sed
2061 881 2107 924 et
2142 889 2186 925 si
2218 873 2441 942 tetigerit
2465 874 2738 940 quidpiam
2761 876 2826 928 de
2855 877 3189 930 immunditia
3220 881 3442 936 hominis

1854 964 2015 1029 jua‘ta
2044 980 2247 1017 onmem
2274 965 2641 1032 impuritatem
2678 983 2779 1035 qua
2822 967 2987 1036 pollui
3016 968 3165 1028 solet,
3203 971 3268 1023 de
3297 988 3438 1023 omni

1863 1055 2121 1106 munditia
2153 1057 2268 1124 ejus
2298 1072 2663 1126 quamcunque
2682 1070 2909 1125 .tangens
2967 1059 3199 1126 pollutus
3259 1063 3438 1131 fuerit.

1863 1146 2002 1198 Dicit
2030 1154 2211 1198 autem
2273 1149 2568 1199 secundum
2616 1146 2874 1210 litteram,
2926 1164 3022 1201 eos
3078 1150 3168 1218 qui
3218 1152 3441 1205 seminis

1860 1237 2063 1289 [luxum
2088 1246 2388 1306 patiuntur,
2416 1246 2471 1290 et
2508 1248 2896 1301 menstruatas,
2920 1249 2973 1292 et
2999 1242 3259 1307 quosdam
3282 1244 3438 1307 alios,

1859 1328 1926 1380 tle
1967 1328 2169 1395 quibus
2187 1329 2440 1382 subtilius
2471 1330 2586 1399 ipse
2625 1329 2902 1399 legislator
2928 1331 3091 1399 paulo
3126 1342 3244 1399 post
3282 1333 3437 1395 dicit,

1863 1419 1917 1470 in
1943 1418 2141 1487 quibus
2177 1421 2371 1473 horutn
2405 1420 2804 1489 expositionem
2852 1436 3254 1476 reservavtmus
3288 1440 3299 1473 :
3336 1425 3442 1477 hoc

1859 1511 2199 1566 solummodo
2247 1528 2393 1565 nunc
2432 1527 2532 1581 pro
2578 1515 3097 1566 commemoratione
3151 1527 3437 1582 ponentes,

1857 1603 2000 1669 quod
2036 1618 2144 1655 non
2171 1603 2715 1656 omnisimmunditia
2775 1604 3016 1658 hominis
3065 1607 3257 1674 polluit
3316 1619 3437 1659 tan-

1855 1704 2096 1762 gentem,
2141 1694 2370 1761 ideoque
2391 1694 2538 1747 enim
2576 1694 2713 1747 dixit
2744 1710 2757 1745 :
2787 1694 2955 1749 Juxta
2980 1714 3186 1749 onmem
3212 1700 3439 1766 impuri—

1858 1796 2017 1838 tutcm
2048 1802 2149 1854 qua
2180 1786 2344 1853 pollui
2366 1786 2516 1849 solet,
2568 1786 2869 1839 secundum
2924 1787 3064 1840 LXX
3121 1801 3302 1843 autem
3374 1793 3439 1845 ab

163 1896 263 1933 eos
291 1896 323 1934 a
362 1881 561 1949 quibus
588 1887 901 1949 tanguntur,
937 1879 989 1932 id
1022 1886 1103 1931 est
1126 1893 1220 1931 eos
1236 1878 1325 1947 qui
1345 1878 1751 1931 communicant
1790 1863 1826 1916 Β
1858 1878 1999 1931 omni
2022 1878 2357 1930 immunditia
2386 1878 2521 1945 ejus,
2555 1894 2715 1947 quam
2747 1888 2965 1947 tangens
2996 1881 3225 1948 pollutus
3258 1886 3439 1953 fuerit.

162 1975 326 2035 eis.a
370 1973 679 2044 legislatore
739 1970 1027 2024 intellectae
1088 1977 1217 2022 sunt
1289 1968 1605 2021 morticinae.
1658 1967 1751 2021 His

161 2064 359 2118 similis
381 2064 545 2117 estin
584 2063 880 2132 polluendo
940 2062 1104 2114 homo
1168 2061 1259 2129 qui
1311 2076 1405 2130 per
1468 2069 1750 2128 peceatum

164 2169 414 2211 mortuus
443 2166 546 2221 est,
575 2157 640 2210 de
668 2156 921 2225 qualibus
957 2153 1218 2208 Dominus
1258 2154 1473 2207 dicebat
1499 2170 1510 2205 :
1537 2154 1751 2206 Dimitte

162 2258 396 2300 mortuos
425 2247 638 2312 sepelire
664 2254 893 2298 mortuos
918 2260 1036 2297 suos
1074 2244 1140 2299 9°.
1174 2242 1215 2295 Α
1247 2242 1436 2296 bestiis
1455 2248 1633 2294 autem
1656 2255 1751 2294 ca-

162 2350 291 2406 ptus
320 2349 422 2404 est,
451 2340 565 2409 qui,
586 2348 846 2408 operante
880 2338 932 2390 in
966 2352 1033 2390 eo
1058 2336 1294 2395 diabolo,
1332 2343 1539 2388 tractus
1559 2342 1644 2387 est
1682 2333 1750 2387 ad

158 2434 399 2501 aliquant
434 2432 706 2484 actionem
736 2430 954 2489 malam.
1005 2426 1466 2497 quemadmodum
1490 2425 1656 2480 ludas
1681 2424 1748 2478 ad

160 2520 491 2577 tradendum
525 2522 837 2585 Dominum,
872 2521 941 2575 de
1000 2536 1110 2590 quo
1137 2518 1378 2573 Joannes
1417 2519 1749 2587 evangelista

155 2623 241 2666 att
285 2633 298 2668 :
336 2614 399 2667 Et
428 2616 571 2685 facta
595 2631 762 2678 creua,
826 2615 1140 2667 immitleute
1168 2612 1379 2665 diabolo
1413 2614 1467 2664 in
1491 2629 1578 2665 cor
1612 2612 1746 2681 ejus,

161 2719 222 2761 ut
258 2710 488 2763 traderet
514 2726 632 2761 eum
666 2708 831 2761 ludas
889 2707 1119 2761 Simonis
1170 2707 1441 2760 lseariota:
1461 2707 1561 2758 η’.
1610 2706 1749 2771 Quia

167 2811 358 2855 autem
384 2802 441 2853 in
462 2798 603 2853 LXX
635 2798 1009 2862 translatione,
1046 2813 1154 2851 non
1209 2798 1349 2851 dixit
1374 2795 1693 2865 simpliciter
1718 2811 1746 2848 a

162 2893 338 2945 bestia
368 2900 608 2961 captum,
644 2891 740 2943 sed
776 2888 1003 2952 addidit,
1062 2888 1428 2946 immundum,
1470 2886 1562 2955 qui
1593 2895 1678 2939 est
1717 2900 1747 2938 a

158 2982 341 3034 bestia
373 2989 585 3048 captus,
622 2990 781 3048 putas
808 2993 917 3032 non
963 2986 1049 3031 est
1076 2977 1392 3030 omnimodo
1423 2986 1479 3028 et
1507 2990 1744 3028 immun-

152 3076 306 3128 dus?
336 3074 403 3128 Et
432 3074 669 3127 dicimus
703 3091 715 3126 :
750 3072 1126 3141 Nequaquam.
1182 3070 1365 3139 Neque
1395 3069 1539 3122 enim
1573 3068 1750 3121 omnis

153 3169 257 3238 qui
291 3184 321 3221 a
355 3168 524 3221 bestia
545 3167 777 3236 capitur,
807 3167 920 3235 jam
981 3164 1296 3219 omnimodo
1326 3165 1395 3217 ab
1432 3177 1495 3215 ea
1527 3172 1581 3216 et
1609 3161 1751 3215 occi-

154 3262 331 3313 ditur.
364 3260 612 3313 Forsitan
645 3260 791 3313 enim
820 3270 875 3313 et
906 3268 1191 3328 postquam
1221 3258 1431 3325 capitur
1466 3255 1745 3313 liberatur,

156 3355 310 3407 sicut
342 3353 531 3406 Petrus
566 3372 577 3405 :
611 3352 801 3407 incidit
840 3354 986 3406 enim
1048 3352 1100 3403 itt
1136 3350 1338 3403 diaboli
1364 3349 1575 3417 laqueo,
1612 3358 1751 3400 tent-

158 3461 301 3510 pore
342 3444 667 3515 negationis.
701 3443 806 3498 Sed
837 3453 886 3497 et
959 3443 1288 3513 resnpiscens
1319 3442 1513 3505 evasit,
1538 3450 1593 3495 et
1624 3439 1755 3494 dicit

168 3555 303 3590 eum
332 3536 540 3590 David:
583 3536 773 3589 Anima
804 3552 919 3588 mea
976 3535 1109 3588 sicut
1154 3550 1334 3601 passer
1372 3541 1548 3600 erepta
1580 3542 1652 3584 est
1692 3532 1754 3582 de

158 3631 357 3698 laqueo
382 3628 687 3683 venantium
710 3629 776 3680 ’⁷.
812 3627 910 3681 llic
934 3643 1065 3697 ergo
1124 3624 1439 3679 immundus
1488 3638 1597 3677 non
1627 3631 1708 3676 est
1735 3639 1749 3687 ;

156 3718 263 3769 sed
292 3717 538 3785 quiedam
568 3715 912 3769 dilIerentize.
970 3715 1021 3767 id
1063 3725 1165 3776 est,
1225 3712 1527 3766 secundum
1589 3709 1749 3772 LXX,

160 3826 276 3861 mm
296 3808 585 3861 ticinorutn
620 3808 809 3875 posita:
836 3813 985 3857 sunt.
1020 3804 1093 3857 De
1126 3804 1326 3871 quibus
1358 3801 1755 3871 qumdatndixit

158 3916 291 3953 esse
322 3915 537 3968 pecora,
578 3898 821 3968 qu;edam
851 3911 981 3950 vero
1008 3896 1467 3949 abominationes.
1509 3892 1751 3946 Mortici-

160 4010 302 4045 riunt
332 4001 514 4045 autem
536 4006 722 4061 pecus,
759 3998 844 4044 est
877 3990 1040 4043 homo
1102 4004 1197 4056 per
1226 3986 1591 4055 insipientiam
1622 4000 1753 4054 pec-

156 4102 323 4145 cans,
356 4099 412 4137 et
436 4083 705 4151 pecudum
738 4091 928 4136 contra
958 4081 1129 4150 legem
1169 4082 1332 4132 vitant
1367 4078 1594 4139 ducens,
1617 4093 1753 4145 qua-

157 4181 313 4231 libus
343 4179 418 4229 ait
441 4176 607 4230 David
635 4192 646 4226 :
684 4174 859 4229 Nolite
875 4174 991 4241 ﬁeri
1016 4174 1151 4226 sicut
1184 4190 1346 4242 equus
1374 4181 1420 4223 et
1451 4171 1644 4229 mulus.
1698 4172 1754 4221 in

156 4268 356 4334 quibus
383 4282 485 4317 non
512 4277 584 4318 est
612 4266 906 4318 intellectus
933 4264 979 4295 ³⁸
1012 4282 1025 4327 ;
1056 4264 1147 4316 sed
1211 4264 1371 4315 etiam
1407 4262 1471 4315 de
1505 4263 1755 4331 qualibus

156 4359 435 4412 Jt-retnias
468 4359 543 4411 ait
574 4374 585 4409 :
612 4356 713 4422 Qui
741 4358 1048 4410 admissarii
1071 4358 1198 4427 facti
1228 4372 1369 4417 sunt,
1400 4358 1752 4425 unusquisque

156 4468 354 4504 eorum
380 4456 450 4504 ad
482 4466 701 4504 uxorem
735 4450 963 4519 proximi
991 4451 1072 4501 sui
1120 4448 1470 4501 [tinnit-bat”.
1525 4446 1750 4499 Abomi-

1858 1968 1989 2034 Quze
2013 1969 2122 2022 sint
2147 1976 2331 2023 autem
2368 1968 2451 2022 ha:
2489 1984 2613 2022 cum
2649 1969 2716 2023 de
2775 1970 2856 2025 eis
2900 1971 3176 2043 legislator
3223 1974 3439 2030 locutus

1861 2059 2040 2123 fuerit,
2075 2061 2320 2115 dicemus
2352 2079 2366 2115 :

1936 2154 2122 2206 Anima
2147 2154 2545 2224 qutejuraverit
2582 2163 2630 2206 et
2685 2154 2959 2222 protulerit
3009 2156 3163 2209 labiis
3205 2159 3334 2211 suis.
3379 2158 3435 2211 Id

1856 2256 1941 2301 est
1973 2256 2158 2316 aperte
2183 2246 2527 2317 promittens.
2561 2246 2705 2316 quod
2733 2246 2874 2300 LXX
2921 2248 3132 2313 dicunt,
3181 2265 3437 2318 separatis

1857 2338 2041 2401 labris,
2079 2346 2139 2391 ut
2171 2337 2255 2390 vel
2287 2337 2426 2391 male
2466 2338 2595 2407 quid
2624 2337 2805 2391 facere
2846 2338 3027 2400 vellet,
3065 2338 3149 2392 vel
3180 2341 3336 2401 bene,
3383 2341 3435 2393 in

1856 2431 2055 2499 quibus
2085 2441 2367 2502 peccatum
2395 2439 2499 2496 est,
2534 2431 2755 2499 quando
2804 2430 2851 2483 is
2879 2431 2973 2500 qui
3015 2431 3154 2485 bene
3185 2433 3437 2500 promisit

1856 2523 2037 2578 facere
2068 2526 2352 2587 mentitur,
2378 2536 2472 2577 aut
2510 2524 2603 2593 qni
2645 2522 2785 2576 mala
2840 2524 3079 2578 minatus
3101 2534 3202 2587 est,
3230 2525 3433 2578 verita-

1858 2625 1966 2671 tem
1997 2616 2149 2670 dicit.
2178 2615 2333 2681 Quod
2369 2625 2424 2669 et
2464 2614 2708 2669 Herodes
2753 2629 3046 2685 perpessus
3074 2623 3179 2679 est,
3214 2616 3306 2685 qui
3338 2634 3437 2687 pro

1856 2722 1922 2761 eo
1949 2707 2089 2777 quod
2113 2708 2315 2777 juravit
2341 2706 2633 2761 llerodiadi
2655 2705 2921 2761 Joannem
2947 2705 3239 2775 Baptistatn
3259 2708 3437 2778 capite

1855 2800 2220 2861 detruncavit,
2257 2800 2531 2869 oblitaque
2554 2807 2743 2868 postea
2790 2798 3118 2853 intellexerit
3177 2800 3436 2854 delictum

1855 2908 2034 2944 suunt.
2059 2889 2251 2945 Omnia
2280 2890 2396 2944 haec
2435 2890 2687 2943 videlicet
2715 2906 2837 2957 qia:
2868 2889 3013 2944 dicta
3055 2899 3205 2952 sunt,
3263 2907 3436 2946 unus-

1854 2986 2084 3052 quisque
2107 2998 2230 3036 cum
2261 2984 2496 3036 senserit
2520 2992 2575 3037 et
2596 2998 2771 3053 eogno
2796 2984 2939 3045 terit,
2969 2982 3435 3053 conﬁteaturpec-

1855 3086 2037 3129 catum
2062 3076 2205 3145 quod
2239 3075 2387 3137 fecit,
2425 3084 2481 3129 et
2509 3075 2916 3145 oﬂ'eratagnam
2949 3074 3017 3129 de
3042 3076 3295 3145 gregibus
3325 3077 3439 3129 sive

1856 3182 2099 3236 capram,
2133 3167 2260 3235 quia
2286 3168 2354 3221 de
2380 3165 2568 3236 aliquo
2591 3167 2685 3236 qui
2707 3167 2775 3222 de
2821 3168 3023 3237 populo
3053 3180 3156 3232 est,
3189 3168 3440 3223 videlicet

1856 3261 1924 3315 tle
1950 3261 2109 3330 vulgo
2136 3258 2380 3328 loquitur
2400 3260 2502 3313 hoc
2530 3259 2670 3322 loco,
2718 3259 2861 3313 inter
2888 3274 3026 3328 quos
3047 3260 3308 3328 possibile
3356 3272 3440 3315 est

1857 3352 2154 3421 simplicem
2178 3351 2491 3421 quempiam
2536 3350 2773 3404 inveniri
2805 3366 2995 3420 agnam
3050 3350 3119 3404 de
3163 3352 3437 3421 gregibus.

1860 3454 2049 3513 utpote
2100 3453 2283 3511 aptam
2340 3439 2594 3509 simplici,
2665 3440 3124 3509 quemadmodum
3185 3443 3439 3510 superius

1857 3534 2092 3587 diximus
2124 3533 2177 3585 in
2205 3533 2327 3595 hoc,
2360 3531 2429 3584 de
2459 3546 2569 3600 quo
2598 3546 2749 3584 nunc
2776 3546 2961 3584 sermo
3006 3541 3112 3595 est,
3168 3532 3440 3586 sacriﬁcio

1856 3624 1970 3677 sive
2024 3622 2344 3692 poenitentia
2432 3630 2581 3675 recte
2655 3619 2961 3675 custodivit
3005 3622 3216 3687 oﬂerri,
3273 3622 3437 3676 linem

1857 3714 2143 3783 adjiciens.

1931 3806 2216 3874 Orabitque
2248 3820 2341 3869 pro
2375 3818 2434 3856 eo
2453 3802 2721 3865 sacerdos,
2780 3810 2829 3854 et
2894 3818 2989 3869 pro
3039 3813 3253 3869 peccato
3301 3802 3434 3872 ejus.

1858 3896 2150 3949 (Ionsuctis
2176 3894 2347 3946 utitur
2381 3892 2581 3955 verbis,
2638 3892 2691 3943 in
2720 3892 3040 3945 memoriam
3073 3902 3312 3945 nostram
3350 3910 3436 3946 re-

1858 4002 2062 4040 vocans
2109 4002 2169 4039 ea
2195 4001 2315 4054 qua:
2359 3983 2612 4053 superius
2646 3984 2700 4035 in
2739 3983 3124 4051 deprecatione
3158 4001 3252 4051 pro
3316 4000 3436 4053 pec-

1857 4078 1993 4132 catis
2025 4078 2281 4146 praicepit
2316 4076 2519 4145 peragi,
2563 4090 2685 4143 qua:
2750 4076 2945 4127 iterum
2972 4074 3175 4137 dicere,
3252 4086 3436 4145 utpote

1861 4182 2025 4220 semet
2064 4177 2224 4229 dicta,
2250 4166 2618 4219 necessarium
2640 4181 2746 4217 non
2772 4165 3057 4219 habemus.
3086 4166 3437 4222 Solumntodo

1860 4269 2041 4311 autem
2068 4258 2170 4310 hoc
2194 4256 2535 4324 adjiciamus,
2571 4254 2705 4307 utsi
2762 4254 2879 4322 juid
2927 4258 3121 4307 ltorunt
3188 4256 3438 4325 princeps

1859 4350 2187 4419 peccaverit,
2228 4348 2435 4400 hircum
2466 4346 2533 4398 tle
2555 4346 2735 4413 capris
2752 4345 2966 4407 olIerat,
2993 4346 3437 4401 oblationemsibi

1862 4443 2079 4513 dignam
2110 4450 2164 4494 et
2198 4438 2598 4508 pmnitentiam.
2630 4436 2734 4489 Per
2765 4437 2865 4489 hoc
2890 4439 3034 4490 enim
3067 4439 3211 4506 quod
3256 4440 3439 4491 multi-

160 4546 431 4599 ttationes
452 4552 637 4597 autem
677 4542 991 4603 inunundai,
1026 4541 1189 4595 veluti
1216 4556 1401 4601 canes,
1451 4549 1507 4592 et
1556 4539 1749 4601 simiae,
1791 4567 1834 4621 υ
1865 4536 2131 4597 tudinem,
2169 4540 2225 4585 et
2251 4532 2304 4585 in
2334 4530 2419 4584 his
2443 4530 2509 4584 de
2534 4530 2734 4598 quibus
2763 4546 2909 4582 nunc
2935 4530 3088 4591 dtxtt,
3121 4531 3171 4583 id
3210 4544 3297 4583 est
3352 4548 3436 4584 sa-

160 4650 229 4691 t-t
268 4652 609 4706 quacunque
634 4635 757 4689 talia
783 4642 931 4695 sunt,
993 4635 1060 4686 de
1113 4633 1438 4685 animalibus
1484 4631 1758 4700 appellan-

159 4740 285 4786 tur,
313 4741 433 4794 quae
480 4726 642 4778 etiam
665 4724 733 4776 ab
764 4723 1071 4776 inlitlelibus
1091 4722 1441 4780 colebantur;
1476 4720 1557 4774 vel
1582 4720 1755 4789 quod-

161 4821 306 4871 l.lict
336 4817 542 4885 reptile,
586 4816 637 4869 id
660 4825 742 4867 est
779 4813 921 4883 quod
954 4828 1119 4882 super
1160 4824 1403 4865 ventrem
1436 4828 1594 4865 suum
1646 4820 1754 4865 tra-

165 4912 348 4973 l-itur,
388 4924 505 4975 qua
536 4908 891 4961 nihilominus
916 4907 1275 4978 Symmachus
1304 4916 1359 4959 et
1386 4906 1575 4974 Aquila
1595 4905 1757 4974 repti-

163 5004 251 5054 tia
276 5000 585 5058 ediderunt,
617 4998 759 5051 LXX
791 5008 971 5051 autem
1008 4998 1445 5049 abominationes.
1476 4998 1615 5068 Ergo
1663 5013 1758 5067 per

166 5106 297 5146 haec
334 5101 441 5144 tam
477 5090 811 5144 idololatrias
862 5090 1206 5157 apertissime
1268 5088 1537 5159 significat
1597 5106 1759 5158 quam

170 5188 229 5237 in
262 5183 368 5238 alio
394 5182 536 5237 malo
567 5182 836 5244 viventes,
868 5182 919 5235 id
951 5192 1035 5233 est
1063 5182 1115 5233 in
1141 5180 1280 5235 dolis
1348 5192 1403 5234 et
1435 5182 1487 5233 in
1536 5182 1759 5250 rapinis,

165 5278 296 5329 sive
327 5273 379 5325 in
405 5272 524 5326 aliis
545 5272 952 5341 cupiditatibus.
990 5271 1084 5325 llis
1113 5271 1368 5324 omnibus
1400 5274 1443 5325 si
1480 5274 1765 5341 quistactu

165 5367 694 5425 communicaverit.
712 5366 984 5420 etoblitus
1003 5364 1113 5417 luet
1128 5364 1298 5427 it,vcl,
1322 5374 1379 5417 ut
1402 5364 1765 5426 LXXdicunt.

170 5461 401 5519 latuerit.
431 5461 580 5515 illum
620 5478 634 5514 :
668 5460 927 5529 quoniam
956 5459 1161 5512 oblivio
1193 5458 1389 5512 animae
1444 5458 1766 5512 etobscuri-

170 5569 267 5611 tas
302 5556 519 5619 mentis,
555 5554 825 5609 siveactio
851 5551 1331 5620 mala,.inquinatio
1360 5561 1464 5613 est,
1492 5552 1542 5602 in
1576 5551 1768 5602 horum

172 5653 356 5710 tactu,
392 5645 442 5699 id
477 5654 562 5699 est
594 5645 678 5699 vel
705 5644 758 5697 in
777 5659 844 5697 eo
872 5645 1015 5713 quod
1064 5644 1186 5711 quis
1243 5641 1355 5693 lucc
1410 5641 1769 5709 operantibus

256 5782 321 5813 ³⁸⁸
358 5780 541 5835 Matth.
596 5798 687 5847 xv,
739 5782 818 5835 l6.

178 5871 319 5906 retu.
360 5869 411 5911 \‘,
446 5858 496 5904 ὅ.

896 5782 940 5811 ⁹⁶
968 5779 1155 5833 Matth.
1204 5794 1317 5841 vui,
1349 5778 1439 5829 ΞΘ..

1516 5780 1579 5808 τλά·
1618 5776 1774 5831 Joan.
1800 5792 1919 5841 χιιι,
1948 5778 2005 5826 ‘2.

1864 4627 2132 4681 criﬁeium
2165 4623 2363 4678 olIerre
2424 4622 2697 4692 praecepit,
2769 4622 3120 4675 manifestum
3177 4635 3259 4676 est
3313 4640 3442 4677 eum

1863 4720 2025 4774 etiam
2057 4720 2123 4772 tle
2152 4718 2399 4787 principe
2436 4715 2632 4769 similia
2663 4716 2903 4768 voluisse
2966 4713 3033 4768 Ut
3056 4725 3239 4769 autem
3262 4726 3316 4769 et
3344 4717 3441 4770 ali-

1863 4820 1945 4866 ter
1968 4812 2201 4871 dicatur,
2224 4808 2454 4875 eumqui
2476 4807 2529 4858 in
2547 4800 2772 4859 scientia
2789 4806 3116 4868 excellebat,
3141 4821 3242 4858 nec
3262 4807 3445 4875 ipsum

1865 4917 2090 4972 peccare
2115 4908 2452 4969 oportuerat,
2486 4912 2586 4950 nec
2628 4896 2853 4950 alterius
2882 4913 3285 4950 communicare
3315 4913 3445 4967 pec-

1864 4997 2019 5050 catis.
2049 4994 2168 5048 Non
2191 4992 2337 5047 enim
2379 4992 2446 5043 ad
2502 4990 2778 5050 virtutem,
2831 4990 2925 5042 sed
2982 4991 3048 5042 ad
3098 4990 3448 5058 iniquitatem

1863 5090 2188 5145 aunulantes
2215 5099 2293 5147 se,
2322 5081 2596 5135 invenitur
2644 5080 2971 5148 producere.
3001 5096 3115 5134 Sive
3146 5097 3449 5149 provocare

1864 5183 2160 5250 subjectos.
2227 5175 2454 5244 Pr0pter
2507 5171 2649 5239 quod
2721 5171 2868 5228 illud.
2925 5172 3077 5239 quasi
3140 5172 3284 5240 quod
3342 5188 3450 5226 nec

1865 5274 2088 5329 evenire
2114 5271 2359 5329 deberet,
2394 5265 2755 5319 indiscussqu
2786 5264 3023 5331 reliquit.
3063 5261 3171 5317 Sed
3219 5274 3276 5317 et
3340 5265 3450 5317 hoc

1868 5364 2169 5421 notandum
2221 5369 2324 5419 est,
2381 5358 2506 5425 quia
2561 5356 2816 5408 delictum
2899 5356 3190 5424 aliquando
3225 5355 3449 5423 quidem

1873 5453 2157 5524 specialem
2198 5449 2559 5516 iniquitatem,
2593 5459 2713 5511 quae
2735 5455 2923 5496 contra
2951 5445 3125 5497 solutn
3166 5449 3452 5513 praesumi-

1872 5560 1957 5599 tur
1985 5545 2177 5603 lleuni,
2213 5539 2490 5609 qualisest
2538 5551 2660 5604 qua:
2700 5535 2752 5589 in
2810 5545 3045 5599 sanctos,
3108 5546 3201 5589 aut
3228 5553 3347 5606 quae
3394 5538 3448 5591 in

1866 5635 2250 5710 jusjurandum
2274 5629 2630 5683 committitur
2658 5643 2674 5691 ,
2707 5627 2998 5696 aliquando
3048 5639 3230 5681 autem
3287 5644 3454 5681 onum

3283 5765 3329 5795 ”
3359 5765 3453 5817 Je-

2083 5770 2122 5800 -”
2161 5766 2300 5819 l’sal.
2324 5780 2511 5829 cxxtu,
2544 5766 2594 5821 7.
2674 5767 2719 5798 "
2749 5764 2890 5819 Psal.
2928 5780 3112 5829 xxxix,
3134 5764 3183 5818 9.
