4218 6448
711 352 816 414 835

1907 354 2266 414 HESYCHII
2308 354 2775 415 FRESBYTERI

3884 360 3993 420 836

714 470 994 529 peccatum
1025 460 1165 529 quod
1192 460 1258 515 ad
1287 462 1569 516 scientiam
1614 463 1879 532 pervenit,
1909 464 2178 533 legislator
2205 480 2295 531 ap-
2328 470 2364 521 Α
2397 478 2523 529 que.
2552 467 2772 530 quando
2830 474 3129 519 secundum
3190 480 3545 523 an‘lllIOiitflli
3617 482 3989 522 nonumcam.

714 552 896 621 pellat,
930 561 983 605 ct
1012 561 1295 621 propterea
1321 552 1387 606 ab
1416 569 1481 605 eo
1530 554 1727 621 ubique
1768 555 2007 622 cognitio
2054 555 2282 623 peccati,

714 646 827 698 sive
866 654 1251 713 anteponatur,
1286 645 1398 698 sive
1424 644 1978 699 subint'eraturinodis
2010 644 2281 703 omnibus,

712 737 967 791 delictum
1000 736 1217 797 dicitur,
1247 745 1307 789 ut
1334 739 1586 790 ostendat
1626 737 1749 805 quia
1785 752 1947 789 omne
1977 746 2282 805 peccatum,

715 835 997 895 postquam
1022 828 1387 896 cognoscitur.
1434 829 1485 880 in
1513 828 1687 895 ipsum
1720 827 2058 895 delinquitur
2095 829 2284 889 lleum,

712 927 768 969 et
807 917 928 970 idco
963 915 1263 985 appellatur
1286 916 1566 972 delictum,
1600 917 1647 969 id
1683 916 2285 985 i-stmqppsiezamon

713 1004 858 1057 enim
893 1004 1009 1056 sine
1027 1017 1184 1056 causa
1214 1002 1474 1069 legislatoi
1518 1012 1618 1055 lmt‘
1669 998 1920 1057 sernfone
1974 1005 2288 1073 frequenter

717 1094 903 1147 utitur.
942 1091 1075 1145 Nam
1102 1100 1156 1145 et
1187 1094 1642 1155 quemadmodum
1702 1094 2021 1147 differentes
2059 1110 2289 1147 convcr-

714 1184 952 1237 sationes
978 1182 1259 1236 hominum
1290 1183 1342 1235 in
1377 1183 1608 1236 exordiis
1666 1183 1787 1237 libri
1846 1200 1941 1252 per
1978 1185 2289 1238 holocauto-

716 1284 859 1330 mata
891 1256 947 1328 et
969 1275 1232 1347 sacrificia
1266 1276 1518 1327 salutaria
1547 1276 1858 1345 designans,
1890 1276 2157 1347 legislator
2178 1293 2285 1330 non

716 1368 923 1422 frustra
954 1340 1258 1436 preposuit,
1297 1368 1388 1419 sed
1422 1368 1534 1419 vias
1578 1340 1797 1430 muitas,
1826 1377 1880 1420 et
1903 1340 2100 1435 januas
2162 1384 2289 1438 ape-

718 1462 823 1513 rire
853 1460 1116 1529 cupiens:
1153 1460 1230 1513 sic
1261 1460 1498 1513 etmodo
1521 1476 1629 1512 non
1690 1476 1854 1513 unam
1882 1462 2140 1530 speciem,
2192 1464 2286 1515 sed

720 1551 925 1603 multas
958 1552 1024 1604 de
1070 1550 1436 1605 oblationibus
1492 1566 1589 1620 pro
1640 1561 1866 1620 peccato
1917 1551 2165 1613 sancivit,
2232 1562 2290 1605 nt

713 1642 981 1711 pluriores
1016 1642 1208 1695 modos
1241 1643 1576 1710 pmnitcntize
1635 1653 1970 1710 praponeret
1996 1661 2007 1696 :
2032 1645 2157 1711 quia
2187 1658 2289 1696 nec

712 1749 904 1789 omnes
932 1735 1179 1789 homines
1197 1751 1387 1789 omnes
1426 1735 1862 1803 modosimplere
1886 1746 2132 1805 possunt,
2186 1751 2289 1790 nec

2390 565 2552 623 atque
2576 571 2641 607 eo
2666 558 2936 611 mediante
2965 558 3291 614 offeruntur.
3334 561 3433 625 Qui
3490 580 3715 621 primum
3765 562 3991 627 oﬂ‘erem

2390 659 2484 711 pro
2518 655 2754 711 peccato.
2801 644 2923 699 Ideo
2953 650 3185 714 primum
3224 664 3320 715 pro
3347 663 3569 718 peccato
3600 648 3819 712 offeret,
3858 651 3989 719 quia

2391 744 2552 783 nemo
2581 740 2760 797 potest
2787 728 3161 786 holocaustum
3210 732 3348 795 ﬁeri,
3388 735 3491 787 nisi
3552 737 3704 803 prius
3732 735 3904 787 fuerit
3964 752 3992 785 π

2390 826 2615 887 peccato
2648 821 2785 874 liber
2818 821 3065 875 allectus.
3101 824 3206 877 Sed
3254 824 3378 892 quis
3425 825 3589 891 huius
3639 828 3843 879 modus
3902 836 3985 876 est

2398 912 2698 965 libertatis?

2466 1003 2801 1073 Retorquebtt
2852 1006 3103 1058 sacerdos
3160 1020 3318 1073 caput
3383 1025 3499 1075 ejus
3564 1009 3633 1059 aa’
3693 1007 3983 1074 pennulas.

2390 1094 2463 1145 ita
2504 1104 2558 1145 ut
2587 1094 2717 1145 collo
2738 1096 2954 1157 lia’reat,
2981 1106 3028 1147 et
3054 1113 3154 1148 non
3180 1099 3387 1159 penitus
3437 1099 3800 1159 alnumpatur
3886 1095 3978 1146 Pw
4008 1080 4011 1083 I

2392 1183 2607 1243 collum,
2644 1184 2784 1252 quod
2832 1184 2967 1237 LXX
3021 1186 3371 1255 splioudylum
3420 1188 3759 1254 interpretat-
3830 1202 3958 1237 sum

2388 1287 2562 1329 totum
2595 1274 3157 1347 eorpus'intclligitnr,
3195 1281 3319 1347 quia
3350 1281 3472 1332 colli
3524 1281 3773 1337 tirmita~,
3834 1294 3957 1329 sam

2389 1377 2493 1428 tas,
2517 1378 2571 1420 et
2599 1369 2953 1422 subsistentia
2984 1370 3151 1423 totius
3200 1372 3447 1439 corporis
3490 1381 3596 1423 est.
3655 1371 3792 1435 Quia
3853 1386 3990 1437 ergo

2389 1455 2526 1509 solet
2555 1468 2716 1525 caput
2744 1474 2849 1525 ορτο
2866 1468 3048 1510 mente
3072 1460 3241 1525 accipi
3270 1461 3319 1510 in
3344 1461 3527 1512 tiivim
3553 1459 3639 1511 Sc:
3658 1470 3866 1527 iptura,
3891 1473 3990 1524 pro

2388 1563 2454 1601 eo
2492 1548 2635 1616 quod
2670 1564 2824 1601 mens
2863 1554 3229 1618 principatum
3268 1562 3413 1602 ICIH'I
3458 1552 3507 1601 in
3545 1551 3794 1607 homine,
3839 1562 3953 1600 uno

2390 1649 2444 1693 et
2474 1639 2637 1693 David
2674 1639 2782 1692 Deo
2813 1641 3026 1695 dicebat
3060 1659 3071 1689 '.
3108 1641 3177 1693 Tu
3222 1642 3588 1694 contributas“
3644 1644 3825 1705 sopita
3856 1649 3983 1693 dra.

2389 1748 2577 1783 conum
2608 1740 2784 1784 subter
2812 1749 2980 1800 aquas
3010 1734 3048 1795 ¹,
3082 1744 3317 1786 mentem
3379 1737 3650 1789 Videlicet.
3674 1741 3807 1786 «tum
3843 1750 3989 1801 aqua

711 1824 888 1878 omnis
911 1827 1102 1879 modus
1126 1826 1463 1894 poenitentia:
1495 1826 1549 1878 in
1581 1825 1727 1877 omni
1760 1835 1982 1894 peccato
2006 1827 2281 1880 convenit.
2323 1812 2359 1864 Β
2394 1810 2735 1891 baptismatis
2779 1824 3158 1878 remissmnem
3218 1830 3343 1892 prae!
3367 1835 3517 1886 ente,
3572 1841 3726 1878 mens
3782 1830 3990 1878 (Ιιτιιιοιι

712 1915 942 1980 Quando
970 1916 1117 1969 enim
1147 1916 1484 1985 poenitentia,
1509 1932 1746 1979 saccum,
1794 1925 1849 1969 et
1893 1916 2181 1985 jejunum,
2234 1927 2288 1971 et

707 2007 991 2075 lacrymas,
1027 2014 1080 2058 et
1105 2007 1406 2059 orationem
1438 2007 1774 2070 continuam,
1800 2020 1855 2061 ct
1879 2009 2129 2079 vigiliasc
2148 2009 2284 2079 .igit,

710 2100 921 2168 aliaque
952 2099 1145 2154 similia
1182 2101 1516 2168 :quomodo,
1561 2101 1709 2154 verbi
1744 2102 1936 2170 gratia.
1971 2112 2283 2167 Senectute,

712 2201 805 2245 aut
835 2191 991 2245 aliter
1020 2207 1250 2261 corpore
1290 2191 1560 2253 infirmus,
1621 2192 1781 2245 talem
1826 2207 1987 2263 agere
2010 2194 2287 2262 pwnitcn-

713 2283 840 2336 tiam
877 2283 1228 2351 praevalebit?
1256 2282 1509 2351 Nunquid
1562 2299 1692 2353 ergo
1745 2284 1834 2338 hic
1882 2295 2103 2354 propter
2143 2284 2287 2338 inlir-

714 2376 952 2429 anitatem
979 2383 1073 2428 aut
1103 2375 1335 2428 similem
1364 2384 1577 2429 aetatem
1645 2376 1926 2446 repellitur
1957 2394 1985 2430 a
2017 2380 2286 2447 paeniten-

714 2466 823 2520 tia?
843 2466 1001 2520 Nullo
1029 2466 1210 2533 modo,
1235 2466 1399 2519 habet
1435 2467 1580 2520 enim
1633 2468 1797 2521 alium
1826 2469 2047 2523 modum
2079 2471 2145 2522 ad
2184 2470 2287 2523 im-

715 2558 1032 2627 petrandam
1064 2558 1439 2613 remissionem
1480 2567 1849 2628 peccatorum.
1908 2559 2014 2614 Sed
2042 2560 2165 2630 quis
2198 2561 2288 2615 hic

712 2648 802 2714 sit,
826 2648 1107 2718 sequentia
1133 2650 1527 2714 demonstrant;
1554 2650 1631 2703 ait
1660 2651 1807 2704 enim
1846 2667 1859 2703 :

782 2738 839 2794 Si
867 2750 1043 2794 autem
1071 2757 1172 2794 non
1210 2744 1437 2811 potuerit
1463 2743 1647 2811 o/ferre
1708 2758 1883 2813 pecus.
1952 2742 2109 2810 Quod
2146 2743 2282 2798 LXX

714 2830 1060 2901 interpretati
1090 2844 1215 2887 sunt
1240 2850 1253 2885 :
1292 2832 1351 2887 Si
1374 2843 1550 2887 autem
1573 2850 1676 2887 non
1699 2835 1927 2887 valuerit
1952 2851 2142 2889 manus
2173 2837 2286 2904 ejus

709 2923 783 2976 ad
812 2936 979 2986 ovem,
1010 2923 1257 2978 volentes
1276 2940 1370 2994 per
1396 2940 1551 2979 ovem
1574 2940 1797 2994 caprum
1835 2927 1916 2979 vel
1958 2942 2174 2996 capram
2203 2928 2286 2979 in-

713 3013 899 3085 telligi,
945 3018 1095 3083 quasi
1142 3031 1431 3069 commune
1485 3025 1627 3069 esset
1680 3033 1852 3086 genus
1893 3031 2176 3086 caprarum
2234 3026 2290 3070 ct

2392 1917 2690 1969 conteritur
2724 1934 2737 1973 :
2774 1931 2869 1985 per
2930 1918 3030 1972 hoc
3072 1933 3200 1988 ergo
3250 1919 3391 1987 quod
3421 1919 3615 1972 dicitur
3675 1919 3812 1971 LXX
3931 1920 3989 1970 Et

2391 2015 2629 2075 erumpet
2659 2010 2904 2061 sacerdos
2935 2019 3090 2077 caput
3114 2014 3227 2077 ejus
3258 2026 3273 2061 :
3308 2027 3552 2079 praesens
3584 2028 3711 2062 vero
3745 2014 3993 2064 transtris

2393 2099 2513 2152 tio:
2549 2098 2881 2169 Retorquebit
2907 2112 3063 2165 caput
3124 2101 3237 2168 ejus
3276 2112 3323 2152 et
3388 2104 3669 2164 pennatus,
3711 2102 3825 2153 vult
3890 2117 3992 2154 nos

2390 2208 2498 2245 non
2527 2192 2731 2245 servire
2755 2208 2931 2261 neque
2964 2193 3197 2261 compati
3233 2195 3476 2262 corpori,
3541 2194 3633 2247 sed
3704 2196 3982 2262 abrumpi.

2388 2283 2472 2336 vel
2506 2283 2826 2351 retorqueri,
2852 2292 2911 2335 ut
2937 2298 3045 2335 non
3078 2300 3142 2336 ex
3175 2300 3330 2352 a-quo
3357 2295 3623 2353 repugnet
3650 2287 3753 2355 legi
3782 2290 3991 2338 mentis

2388 2376 2470 2429 lex
2507 2376 2732 2443 peccati,
2763 2391 2884 2444 quae
2913 2375 3311 2429 consuetudine
3340 2378 3601 2445 peccandi
3634 2380 3686 2430 in
3717 2384 3985 2430 ineintni

2389 2468 2596 2521 habitat
2623 2468 2884 2536 corporis,
2914 2482 3091 2535 neque
3117 2468 3392 2537 captivum
3444 2469 3609 2522 ducat
3672 2472 3986 2523 hnlltlnt‘nt.

2389 2560 2533 2612 sicut
2563 2557 2762 2610 Paulus
2795 2558 2870 2611 ait
2893 2558 2935 2611 '.
2962 2558 3099 2623 Quia
3121 2569 3302 2612 autem
3334 2576 3441 2612 non
3474 2562 3742 2614 debemus
3777 2579 3843 2613 es
3868 2573 3990 2614 toto

2388 2662 2588 2716 corpus
2617 2646 2911 2707 adversari,
2938 2662 3041 2700 nec
3064 2657 3367 2700 creatuiam
3427 2648 3558 2701 illud
3588 2649 3793 2701 diaboli
3832 2659 3956 2701 aest:

2390 2753 2558 2798 mare,
2594 2738 2734 2791 sicut
2763 2738 2980 2806 quidam
3014 2747 3226 2806 putant,
3258 2728 3353 2791 sed
3374 2739 3758 2792 subdereillud
3778 2755 3904 2792 men
3919 2742 3988 2791 t3:

2388 2838 2678 2897 pr0pterea
2700 2844 2805 2880 non
2833 2831 3090 2895 praecepit
3110 2840 3275 2897 caput
3304 2845 3331 2881 a
3374 2830 3514 2883 collo
3537 2832 3811 2899 separari.
3844 2848 3993 2882 ιιιιιις

2388 2920 2593 2990 quippe
2650 2921 3006 2989 ejusdemque
3034 2931 3162 2974 sunt
3218 2931 3459 2985 utraeque
3514 2932 3805 2975 creaturte.
3878 2922 3990 2975 Sed

2390 3013 2672 3082 sequentia
2697 3013 2975 3067 videamus
3015 3032 3027 3065 :

712 3107 914 3169 θνίυηιν
945 3106 1087 3206 Si?“
1113 3107 1619 3206 diiilll“9v_h00_hlc
1685 3108 1899 3176 Planius
1940 3109 2169 3206 ﬁdit-“iv”
2193 3110 2283 3206 (illi
2314 3147 2358 3206 ρ
2459 3126 2528 3180 Et
2560 3137 2801 3197 aspergat
2830 3128 2893 3181 de
2923 3128 3182 3196 sanguine
3244 3130 3390 3181 illius
3444 3130 3702 3196 parietem
3760 3130 3987 3181 altaris.

715 3202 969 3251 utomnia
1004 3200 1119 3252 inec
1155 3200 1667 3268 comprehenderet.
1707 3216 1871 3269 pecus
1902 3200 2283 3274 posuit._Unde

713 3305 768 3342 et
795 3290 881 3342 alii
911 3291 1271 3360 interpretum
1308 3292 1359 3345 in
1393 3293 1497 3347 hoc
1537 3306 1654 3346 toco
1696 3307 1793 3360 pro
1848 3310 1955 3356 ove,
1981 3294 2033 3347 hi
2060 3294 2281 3362 quidem

714 3380 987 3440 pascuatia
1017 3425 1029 3444 ,
1055 3383 1141 3435 alii
1169 3392 1351 3437 autem
1384 3400 1447 3438 ea:
1480 3401 1629 3455 grege
1706 3386 1944 3439 volentes
1979 3398 2075 3455 per
2107 3387 2209 3439 hoc
2230 3399 2285 3439 et.

674 3524 681 3530 ,
712 3487 905 3542 capras
942 3473 1273 3543 Significare,
1305 3475 1597 3529 ediderunt
1666 3476 1720 3529 Si
1751 3493 1879 3546 ergo
1911 3477 1999 3530 hic
2025 3494 2136 3531 non
2194 3493 2281 3546 po-

716 3567 877 3618 tuerit
913 3564 1111 3619 oﬂ'erre
1140 3581 1328 3634 pecus.
1359 3567 1555 3622 olleret
1580 3583 1678 3637 pro
1716 3580 1943 3637 peccato
1993 3584 2092 3623 suo
2139 3572 2281 3640 quod

714 3657 983 3722 peccavit,
1019 3656 1156 3709 duos
1188 3666 1450 3711 turtures.
1488 3668 1581 3711 aut
1606 3659 1742 3712 duos
1781 3660 1956 3728 pullos
2003 3661 2284 3714 columba-

716 3760 834 3798 rum
866 3746 1113 3801 Domino.
1150 3747 1514 3814 Quamobrem
1569 3754 1940 3805 necessarium
1985 3752 2149 3806 nimis
2202 3764 2287 3807 est

714 3836 993 3891 reminisci
1029 3853 1154 3905 nos,
1180 3839 1309 3908 quia
1361 3842 1838 3910 contemplativam
1893 3845 2058 3898 vitam
2115 3856 2170 3900 et
2229 3849 2282 3901 iu

714 3926 1067 3981 meditatione
1092 3938 1531 3996 conversantem,
1561 3939 1615 3984 et
1660 3934 1915 3986 mundam
1939 3943 2102 4003 atque
2149 3937 2284 3989 sim-

714 4018 905 4086 plicem
941 4020 1253 4091 significari,
1290 4036 1386 4091 per
1420 4022 1595 4091 pullos
1620 4024 1997 4079 columbarum
2019 4036 2074 4080 et
2106 4037 2283 4081 turtu-

715 4124 835 4163 rum
860 4112 1116 4180 superius
1147 4112 1402 4169 diximus.
1435 4113 1576 4185 Ergo
1625 4118 1718 4185 qui
1749 4132 1856 4169 non
1892 4128 2069 4188 potest
2090 4134 2285 4173 vacare

625 4275 627 4277 ι
712 4201 769 4256 in
797 4205 1056 4257 continua
1085 4204 1376 4260 afﬂictione
1404 4215 1460 4261 et
1492 4223 1758 4270 aerumna,
1792 4218 1849 4262 ut
1874 4226 2065 4280 panem
2124 4227 2283 4265 suum

711 4304 835 4345 cum
867 4293 1052 4348 cinere
1096 4296 1365 4358 comedat,
1420 4304 1476 4351 et
1535 4306 1724 4366 potum
1779 4313 1936 4353 suum
1976 4316 2098 4354 cum
2155 4300 2284 4355 lletu

716 4391 1004 4453 temperet,
1028 4385 1239 4455 aliaque
1267 4386 1350 4440 his
1380 4389 1577 4442 similia
1635 4391 1905 4458 paenitens
1926 4402 2067 4463 agat,
2131 4394 2285 4449 verbi

2391 3218 2658 3283 Quidquid
2679 3230 2858 3273 autem
2882 3221 3141 3289 reliquum
3170 3223 3351 3287 fuerit,
3394 3222 3550 3289 taeiet
3573 3222 3847 3274 distillare
3917 3238 3991 3273 ari

2394 3312 2738 3378 fundamenta
2770 3312 2904 3379 ejus,
2941 3312 3064 3381 quia
3094 3326 3188 3374 pro
3220 3322 3432 3379 peccato
3458 3321 3553 3365 est.
3586 3312 3991 3364 ParieSaItaris

2396 3412 2590 3465 corpus
2610 3398 2813 3451 Christi
2843 3397 3183 3467 intelligitur.
3219 3399 3286 3451 de
3312 3414 3421 3467 quo
3454 3399 3567 3466 ipse
3603 3398 3867 3451 Christus
3899 3400 3952 3452 di

2393 3489 2580 3539 cebat:
2606 3486 2796 3540 Solvite
2826 3487 3074 3547 templum
3095 3490 3209 3548 hoc,
3229 3500 3274 3541 et
3304 3489 3469 3541 tribus
3488 3488 3669 3541 diebus
3705 3490 3991 3556 (edi/imbri

2394 3581 2523 3632 illud
2546 3577 2583 3630 ⁸.
2620 3579 3049 3635 Fundamentum
3083 3591 3263 3634 autem
3279 3582 3417 3648 ejus,
3456 3583 3569 3634 sive
3600 3623 3612 3644 ,
3671 3583 3987 3636 secundum

2391 3673 2534 3741 quod
2568 3668 2709 3725 LXX
2734 3673 3075 3741 interpretati
3099 3673 3449 3737 sunt,basim.
3474 3672 3787 3726 Basiseuim
3816 3691 3992 3726 exan-

2392 3764 2588 3832 gelium
2622 3772 2723 3816 est.
2753 3764 2908 3832 Ergo,
2984 3764 3283 3818 secundum
3325 3766 3686 3817 intent.oneui
3724 3768 3988 3819 sacrifici

2390 3854 2592 3906 Christi
2622 3856 3023 3925 etcvangelicze
3053 3858 3338 3918 doctrinm,
3363 3858 3521 3924 jubet
3542 3857 3706 3910 etiam
3745 3859 3853 3910 hoc
3890 3875 3992 3925 pro

2393 3946 2630 4014 peccatis
2660 3946 2986 4001 sacriﬁcium
3016 3947 3201 4002 oll'erri
3231 3961 3556 4017 :pr0pterea
3589 3950 3822 4003 addidit.
3856 3955 3985 4019 ηιὶη

2391 4053 2487 4099 pro
2523 4048 2736 4106 peccato
2756 4050 2850 4093 est.
2886 4041 3032 4094 Nihil
3063 4042 3266 4112 quippe
3310 4043 3387 4096 sic
3421 4058 3450 4095 a
3481 4043 3718 4111 peccatis
3741 4045 3963 4112 eripere.

2390 4130 2847 4197 quemadmodum
2879 4132 3081 4187 Christi
3108 4134 3338 4187 imitatio
3368 4145 3422 4188 ct
3466 4136 3780 4189 obedientia
3808 4151 3954 4189 evan

2392 4216 2575 4288 gelica:
2599 4221 3017 4290 pmdicationis,
3041 4233 3237 4292 potest.
3262 4225 3351 4279 cui
3377 4226 3420 4277 si
3441 4225 3562 4291 quis
3593 4225 3661 4279 sit
3685 4226 3986 4281 obediens.

2391 4311 2623 4365 alterutu
2655 4314 2895 4367 adolcbit
2920 4316 3322 4381 holocaustum,
3364 4326 3422 4370 ut
3457 4317 3572 4372 ﬁeri
3595 4319 3759 4381 solet,
3819 4319 3874 4373 id
3905 4332 3989 4371 est

2390 4406 2846 4473 quemadmodum
2868 4417 3083 4476 oportet
3108 4409 3484 4463 holocaustum
3504 4388 3639 4462 fieri.
3659 4409 3818 4473 Quod
3840 4411 3984 4464 LXX

711 4475 905 4573 gratia.
939 4474 1260 4573 inﬁrmitate
1285 4488 1379 4532 aut
1409 4476 1519 4573 alia
1581 4495 1909 4550 quacunque
1957 4486 2286 4541 necessitate
2320 4504 2363 4559 ι)
2393 4497 2551 4567 plane
2567 4500 2847 4552 secundum
2874 4474 2968 4552 hoc
3006 4501 3196 4560 edunt,
3236 4502 3286 4555 id
3310 4512 3411 4565 est,
3448 4502 3606 4555 faciet
3636 4511 3987 4573 ουιρηιιμιυ-

713 4566 1051 4630 prohibetur,
1081 4567 1167 4621 hic
1184 4568 1289 4621 alio
1300 4568 1463 4622 modo
1487 4584 1646 4639 agere
1669 4580 1847 4640 p0test
1888 4574 2286 4642 paenitentiam,

713 4658 881 4712 veluti
942 4658 1185 4735 oﬂ‘erens
1238 4660 1615 4731 semetipsum,
1677 4663 1743 4716 ad
1808 4668 2289 4735 contemplandum

714 4746 908 4811 Deum,
940 4756 998 4801 et
1021 4748 1088 4802 ad
1117 4733 1607 4817 p'erscrutationem
1659 4751 1791 4822 legis
1822 4754 1964 4823 ejus,
2014 4733 2291 4827 totamque

714 4848 956 4893 mentem
990 4854 1143 4892 suam
1171 4854 1502 4896 consecratis
1530 4843 1736 4898 cmlesti
1790 4847 2213 4911 conversationi,
2257 4864 2288 4904 a

713 4929 943 4985 terrenis
974 4929 1139 4983 rebus
1168 4930 1482 4999 plenissime
1508 4935 1769 4990 cohibens
1796 4953 1874 5004 se,
1897 4954 1993 5007 per
2024 4940 2127 4994 hoc
2144 4942 2287 4995 enim

710 5016 785 5079 ei,
819 5026 876 5071 et
915 5026 1271 5087 peccatorum
1314 5020 1589 5086 remissio,
1618 5034 1672 5077 et
1698 5025 2018 5093 justifieatio
2034 5044 2293 5099 procura-

714 5119 823 5165 tur.
854 5110 1010 5164 Unde
1039 5125 1229 5164 eorum
1265 5111 1594 5179 offeruntur,
1620 5132 1787 5171 unum
1815 5120 2034 5188 quidem
2060 5137 2293 5192 piopcc-

710 5211 854 5264 cato,
888 5203 941 5257 id
974 5212 1056 5257 est
1081 5204 1149 5257 ad
1184 5206 1627 5261 emundationem
1655 5212 1882 5279 peccati,
1912 5213 2142 5267 alterum
2162 5231 2292 5270 vero

714 5291 769 5341 in
802 5289 1207 5353 holocaustum,
1234 5293 1387 5360 quasi
1412 5294 1465 5346 in
1482 5297 1889 5368 crueiﬁgentem
1913 5305 2286 5372 semetipsum,

712 5384 1187 5437 conversationem
1215 5384 1591 5452 velvitam,et
1640 5391 1957 5460 plenissime
2010 5393 2119 5449 Deo
2175 5407 2285 5451 tra-

710 5474 932 5527 dentem
966 5475 1298 5530 immolatur.
1332 5474 1537 5533 Ofleret
1585 5490 1768 5536 autem
1826 5483 1943 5538 haec
1994 5487 2285 5553 sacerdoti,

710 5566 932 5620 Christo
961 5569 1144 5636 utique
1201 5568 1354 5621 Tunc
1386 5571 1529 5624 cnim
1573 5575 1899 5641 ticceptabilc
1935 5586 2017 5630 cst
2071 5587 2284 5632 utrum-

782 5750 795 5773 ⁸·
834 5746 955 5800 Psal
1038 5765 1218 5803 uno.
1261 5750 1333 5801 I5.
1424 5754 1597 5803 'Rom
1662 5772 1752 5815 vn,
1784 5755 1853 5806 9.7.

1958 5760 1969 5785 ῖ
2005 5756 2158 5811 .loan.
2196 5774 2253 5819 ιι,
2293 5760 2373 5812 19.

2394 4589 2557 4642 modo
2617 4589 2797 4643 debet.
2845 4589 3074 4661 Oportet
3124 4592 3329 4662 quippe
3369 4609 3493 4647 eum
3554 4594 3643 4662 qui
3677 4604 3896 4663 patrem
3936 4610 3989 4647 et

2394 4691 2648 4746 matrem,
2680 4690 2735 4735 et
2760 4680 2975 4747 fratres,
3006 4692 3066 4736 et
3109 4686 3289 4738 omnia
3336 4686 3611 4739 smcularia
3636 4688 3843 4746 renuit,
3884 4689 3987 4740 ho-

2395 4774 2699 4827 locaustum
2732 4775 2872 4839 fieri,
2903 4776 2945 4829 si
2978 4778 3140 4831 modo
3189 4780 3303 4832 vult
3358 4794 3480 4833 esse
3542 4780 3885 4849 acceptabile
3931 4793 3982 4832 et

2394 4856 2733 4933 intelligihile
2769 4863 3170 4919 holocaustum.
3202 4861 3329 4922 Haec
3382 4868 3425 4922 si
3460 4868 3697 4933 faciatis,
3736 4869 3835 4939 qui
3867 4885 3982 4924 non

2398 4962 2581 5022 potest
2608 4954 2798 5022 praedii
2816 4956 2883 5009 tis
2934 4957 3110 5010 modis
3150 4959 3526 5027 pmnitcntiam
3573 4974 3755 5029 agere,
3781 4961 3834 5012 id
3903 4973 3987 5014 est

2395 5042 2619 5111 vigiliis,
2641 5051 2697 5095 et
2723 5058 2902 5107 sacco,
2933 5053 2985 5097 et
3020 5047 3139 5099 aliis
3172 5047 3443 5101 similibus
3457 5046 3985 5109 alﬂictionibus,ro-

2390 5136 2536 5204 gabit
2560 5150 2656 5203 pro
2686 5151 2756 5190 eo
2781 5136 3129 5205 intelligibilis
3174 5140 3446 5204 sacerdos,
3506 5149 3561 5193 et
3606 5155 3703 5210 pro
3750 5154 3985 5210 peccato

2389 5224 2528 5293 ejus,
2561 5232 2617 5277 et
2637 5224 2946 5279 dimittetur
2969 5226 3039 5279 ei.
3093 5227 3441 5283 Admirabilis
3462 5231 3617 5283 valde
3644 5244 3779 5301 ergo
3836 5231 3985 5286 Deus

2389 5323 2475 5368 est
2510 5315 2673 5383 hujus
2709 5316 2846 5369 lator
2876 5317 3032 5386 legis,
3063 5320 3153 5387 qui
3199 5320 3433 5382 veniam,
3484 5327 3667 5390 utpote
3731 5323 3984 5376 clemens

2392 5406 2769 5461 imbecillitate
2792 5409 3008 5478 generis
3032 5410 3255 5464 humani
3288 5413 3496 5473 tribuit,
3527 5423 3580 5465 et
3608 5414 3835 5467 modum
3892 5431 3979 5467 re-

2392 5497 2536 5567 perit
2566 5513 2663 5567 per
2694 5515 2856 5568 quem
2884 5516 2995 5555 non
3058 5505 3269 5557 minora
3321 5506 3581 5570 consequi
3631 5504 3983 5567 infirmam»

2394 5590 2626 5659 possint.
2661 5588 2797 5656 Quia
2818 5601 2998 5647 autem
3034 5609 3142 5647 non
3175 5611 3335 5648 omne
3355 5594 3507 5648 facile
3564 5595 3740 5650 estad
3801 5603 3981 5665 νοητι-
