4218 6448
242 398 342 495 837
1411 409 1489 466 1N
1532 409 1830 469 LEvmc

1936 413 1968 469 Ι.
2001 438 2069 446 --
2106 415 2250 474 LIB.
2285 413 2333 474 Ι.
3398 429 3503 495 833

243 511 464 567 tendum
498 520 734 582 tempus,
770 514 877 568 imo
930 515 1222 584 aliquando
1244 529 1293 570 et
1329 517 1563 579 diﬁlcilc.
1627 520 1677 572 id
1733 529 1816 573 est
1849 528 1891 581 Α
1922 523 2130 576 modios
2180 526 2421 594 capiens.
2476 526 2616 597 Ergo
2656 529 2905 586 Christus
2936 543 3020 587 est
3050 535 3140 602 qui
3178 515 3503 592 sacrificium

239 605 461 672 quando
498 605 652 666 abusi
686 621 876 662 sumus
922 609 1034 676 ipsa
1069 609 1409 676 poenitentia,
1457 611 1818 679 virtutemque
1922 613 2102 676 otl‘ert,
2146 627 2201 669 et
2247 617 2363 686 ipse
2414 629 2496 672 est
2544 621 2868 676 sacrificium
2897 625 3040 692 quod
3085 625 3331 681 offertur.
3368 627 3504 698 Ephi

239 698 362 765 ejus
389 697 791 767 quodammodo
819 700 1158 754 abolevimus
1189 702 1368 771 :quod
1400 703 1603 767 evenit,
1635 702 1819 771 siquis
1921 705 2066 760 enim
2099 722 2221 762 cum
2257 709 2329 763 sit
2365 725 2617 765 mensura
2651 714 2814 766 trium
2859 715 3187 779 modiorum,
3223 697 3498 774 evidenter

244 789 382 844 forte
409 801 644 860 peccans
665 794 723 845 et
751 792 1015 860 paenitere
1049 809 1107 847 se
1125 793 1388 848 simulans
1418 795 1484 848 ad
1506 795 1609 848 hoc
1631 809 1820 848 rursus
1922 793 2246 852 Trinitatem
2298 799 2496 863 innuit,
2526 819 2647 871 quae
2680 818 2785 857 una
2831 807 3051 875 quidem
3094 824 3349 862 mensura
3399 823 3502 868 est.

241 879 448 946 redeat,
477 881 693 950 quando
713 880 974 936 etPetrus
1027 882 1435 952 reprehendens
1488 884 1599 937 ait:
1634 883 1819 936 Evenit
1921 889 2048 955 quia
2079 904 2182 942 una
2225 890 2278 942 in
2310 905 2372 943 ea
2407 899 2491 945 est
2529 892 2726 946 Deitas.
2762 893 2896 947 Tres
2914 905 3109 948 autem
3146 897 3310 952 habet
3350 915 3504 952 men-

240 972 317 1027 sis
347 989 428 1026 res
457 972 566 1026 veri
600 971 897 1041 proverbii:
924 972 1082 1027 Canis
1103 989 1337 1027 reversus
1366 972 1435 1025 ad
1469 990 1622 1026 suum
1653 973 1819 1025 vomi-
1921 991 2099 1040 suras,
2133 978 2183 1030 id
2214 988 2319 1040 est,
2361 989 2472 1033 tros
2515 996 2779 1050 personas
2829 984 3117 1052 perfectas,
3152 995 3207 1040 et
3249 997 3328 1041 ιοι
3375 991 3505 1042 sub-

242 1071 374 1150 tum,
398 1071 446 1114 et
474 1075 562 1114 sus
591 1061 697 1114 lota
728 1062 783 1114 in
811 1063 1086 1115 volutabra
1137 1063 1265 1116 caeni
1300 1064 1338 1115 ⁸.
1385 1063 1489 1116 Sed
1515 1071 1570 1116 et
1599 1064 1817 1116 Paulus.
1921 1069 2223 1133 sistentias,
2255 1080 2313 1124 ut
2342 1072 2690 1128 manifestum
2725 1075 2798 1129 sit
2830 1091 2939 1129 non
2976 1092 3076 1131 nos
3105 1095 3355 1148 peccare,
3388 1083 3506 1150 ejus

240 1149 322 1206 Ne
343 1153 478 1222 quis,
511 1152 588 1205 ait
616 1152 927 1223 fornicator,
981 1163 1074 1207 aut
1108 1156 1381 1224 profanus,
1418 1163 1475 1207 ut
1506 1153 1670 1217 Εεαιι,
1733 1155 1822 1216 συί
1921 1169 2132 1229 partem
2163 1177 2385 1216 carnem
2422 1161 2635 1217 Domini
2667 1166 2936 1233 dicentes,
2965 1178 3190 1238 propter
3221 1149 3505 1241 insepara-

237 1254 450 1313 propter
473 1260 635 1307 unam
667 1260 839 1297 escam
867 1245 1098 1298 vendidit
1145 1246 1467 1313 primitivum
1498 1262 1672 1299 suam.
1703 1245 1822 1299 Sri-

1936 1253 2086 1307 ailem
2134 1269 2258 1306 cum
2308 1269 2370 1308 ea
2425 1254 2688 1309 incarnati
2735 1254 2898 1311 Verbi
2951 1259 3274 1313 unitionem.
3327 1261 3505 1327 Quare

241 1346 347 1390 tote
377 1337 515 1389 enim
541 1337 663 1403 quia
687 1347 736 1390 et
770 1348 949 1406 postea
970 1337 1279 1390 haereditate
1312 1337 1717 1390 benedictionem
1740 1353 1824 1389 re-
1923 1353 2105 1398 autem
2140 1343 2419 1401 Trinitatis
2446 1362 2571 1414 pars
2599 1347 2717 1400 est?
2748 1348 2871 1416 quia
2907 1348 3253 1404 indivisibilis
3279 1352 3398 1420 ejus
3426 1361 3509 1406 est

240 1428 490 1496 Ρτοθαιιιδ
552 1438 647 1480 εει·
680 1427 800 1480 Νοη
828 1428 968 1480 enim
1009 1429 1204 1480 ίηυεηίι
1247 1429 1564 1496 Ρωηὶιεηιὶω
1628 1427 1820 1493 locum,
1923 1436 2093 1504 gloria
2128 1445 2183 1490 et
2212 1436 2406 1500 virtus,
2444 1437 2514 1490 ita
2555 1445 2615 1491 ut
2657 1438 2855 1492 Paulus
2898 1440 2964 1492 de
3003 1439 3220 1494 Christo
3250 1443 3458 1496 diceret
3493 1460 3504 1494 :

239 1535 541 1589 quanquam
559 1517 945 1586 cumlacrymis
981 1520 1288 1588 euquisisset
1311 1536 1427 1572 eam
1452 1521 1492 1572 ⁸.
1518 1519 1658 1589 Ergo
1695 1520 1822 1588 quia
1926 1526 1994 1579 In
2025 1528 2137 1596 ipso
2181 1528 2384 1580 habitat
2427 1530 2594 1581 omnis
2625 1528 2895 1598 plenitudo
2929 1532 3222 1584 divinitatis
3255 1549 3507 1599 corpora-

241 1613 438 1666 talibus
471 1627 579 1665 non
608 1610 784 1664 facilis
815 1611 1088 1679 praebetur
1111 1611 1444 1680 poenitentiae
1469 1611 1668 1673 aditus,
1695 1626 1823 1666 ecce
1926 1621 2047 1673 (iter
2076 1621 2118 1672 τ,
2155 1618 2262 1674 Sed
2292 1629 2346 1674 et
2374 1620 2613 1674 Joannes
2649 1639 2660 1673 :
2691 1620 2792 1685 Qui
2828 1631 3007 1691 negat,
3047 1622 3239 1690 inquit,
3283 1623 3328 1674 l"
3333 1624 3506 1678 ilium.

239 1717 386 1756 nunc
413 1700 688 1770 Ῐθὲίειίηοτ
715 1701 925 1766 immiti
957 1701 1032 1753 ³η
1058 1700 1202 1754 enim
1243 1716 1256 1751 ε
1923 1724 2018 1764 nec
2045 1710 2261 1764 Patrem
2305 1711 2458 1765 habet
2488 1729 2504 1764 :
2538 1710 2636 1775 Qui
2652 1699 2944 1780 'conﬁtetur
2977 1711 3178 1776 Jesum,
3215 1724 3260 1765 et
3296 1713 3509 1767 Patrem

309 1789 459 1857 Quod
486 1791 532 1844 si
558 1807 660 1844 non
694 1791 916 1862 quiverit
946 1807 1135 1845 manus
1186 1791 1300 1859 ejus
1336 1791 1518 1861 offerre
1551 1791 1681 1844 duos
1710 1801 1824 1844 tur-

1936 1801 2084 1856 habet
2113 1802 2156 1855 ⁸.
2203 1803 2346 1873 Ergo
2395 1803 2526 1872 ephi
2577 1802 2797 1870 quidem
2845 1801 2936 1856 hic
2983 1804 3297 1859 incarnatus
3344 1805 3507 1870 Deus,

240 1890 383 1937 (ητα
412 1883 494 1937 vel
536 1883 666 1936 άυοε
706 1882 879 1951 Pullos
910 1883 1180 1936 εοίαηιίηε·
1225 1883 1362 1949 QUia
1394 1897 1523 1938 νεΓο
1555 1883 1674 1938 huic
1712 1899 1821 1938 ηθη
1856 1874 1897 1928 Β
1933 1893 2168 1949 Verbum
2201 1903 2390 1964 utpote
2431 1895 2641 1949 habens
2690 1895 2743 1948 in
2788 1909 2846 1949 se
2893 1893 3175 1950 Trinitatis
3209 1898 3511 1966 plenitudi-

237 1985 420 2046 potest
466 1977 806 2041 omnimodo,
857 1991 960 2031 nec
1006 1975 1221 2030 haedum
1276 1986 1368 2030 aut
1408 1990 1564 2030 ovem
1610 1984 1822 2046 potest;

237 2084 406 2140 quare
434 2079 616 2125 autem
636 2083 743 2125 non
784 2079 963 2140 potest
992 2085 1004 2123 :
1042 2085 1162 2134 seu,
1216 2080 1275 2123 ut
1306 2068 1446 2122 LXX
1479 2071 1686 2135 dicunt,
1722 2082 1825 2123 non

187 2184 192 2190 ’
236 2163 480 2219 invenit?
521 2162 649 2232 quia
696 2162 902 2218 divitiis
944 2161 1282 2232 paenitentia;
1331 2162 1471 2216 male
1519 2177 1670 2225 usus,
1712 2177 1825 2216 non

236 2270 332 2310 cas
361 2255 824 2324 quemadmodum
858 2255 1165 2326 oportebat,
1209 2255 1486 2324 expendit.
1522 2253 1666 2320 Quid
1696 2270 1825 2325 ergo

237 2345 422 2409 faciet,
462 2354 522 2400 ut
559 2362 670 2400 non
713 2347 1023 2415 desperatio
1051 2346 1098 2400 ei
1138 2361 1300 2400 causa
1347 2345 1668 2415 perditionis
1698 2344 1826 2398 ﬁat?

308 2437 490 2509 Oﬁ‘eret
517 2455 613 2508 pro
641 2447 854 2510 peccato
880 2455 976 2492 suo
1007 2438 1263 2501 similam,
1293 2446 1501 2507 partem
1534 2433 1651 2508 ἐρὴὶ
1685 2435 1825 2490 deci-

237 2547 382 2585 mam
409 2547 428 2584 :
459 2547 564 2585 non
600 2533 771 2585 mittet
816 2532 871 2584 in
916 2547 1034 2584 eam
1069 2529 1264 2595 oleum,
1303 2545 1394 2582 nec
1422 2529 1589 2583 thuris
1621 2527 1825 2598 aliquid

237 2631 416 2691 ponet,
466 2622 593 2692 quia
641 2637 738 2690 pro
779 2629 992 2690 peccato
1028 2608 1124 2674 est.
1164 2618 1290 2676 Haec
1333 2635 1462 2690 ergo
1515 2620 1728 2689 species
1774 2620 1821 2673 ei

239 2714 577 2784 paenitentiae
625 2728 885 2768 concessa
933 2722 1016 2768 est
1057 2728 1219 2782 quam
1251 2711 1409 2767 dixit.
1451 2712 1675 2766 Anxiari
1725 2727 1825 2765 au-

239 2815 348 2862 tem
379 2816 435 2861 et
465 2807 658 2861 timere
687 2807 872 2868 debet,
903 2821 971 2860 ne
1013 2804 1153 2859 forte
1184 2821 1294 2859 non
1325 2803 1657 2873 suscipiatur
1681 2804 1820 2873 ejus,

238 2907 427 2970 utpote
477 2899 798 2968 frequenter
825 2897 1100 2967 injuriata,
1128 2897 1491 2968 poenitentia;
1531 2907 1822 2966 propterea

235 3005 342 3046 nec
388 2991 568 3045 oleum
617 2988 984 3059 superfundit,
1022 2996 1208 3056 utpote
1255 2987 1512 3042 dubitans
1551 3003 1621 3041 an
1662 2987 1826 3042 mise-

238 3081 474 3136 ricordia
503 3090 560 3135 et
586 3079 969 3150 compassioue
996 3079 1192 3147 dignus
1233 3081 1322 3132 sit.
1368 3078 1474 3133 Sed
1512 3094 1615 3133 nec
1649 3078 1824 3132 thuris

1927 2002 2076 2042 nem.
2113 1985 2333 2042 Decima
2371 1995 2553 2040 autem
2593 1986 2713 2056 ejus
2755 1995 2840 2043 est
2883 2002 3010 2041 caro
3047 2005 3060 2039 :
3095 1987 3336 2056 primum
3384 1990 3508 2059 qui-

1927 2078 2050 2132 dem
2107 2085 2167 2131 ut
2219 2076 2600 2132 ostenderetur
2656 2078 2961 2132 Sublimitas
3019 2079 3321 2134 divinitatis
3369 2082 3508 2148 ejus.

1926 2173 2195 2238 quantum
2242 2168 2308 2222 ad
2360 2168 2776 2232 humanitatem,
2817 2177 3044 2238 propter
3096 2170 3240 2238 quod
3288 2179 3343 2225 et
3389 2188 3514 2242 pars

1925 2259 2155 2324 dicitur;
2199 2259 2400 2314 deinde
2431 2275 2530 2329 pro
2561 2275 2624 2313 eo
2658 2261 2802 2329 quod
2835 2260 3046 2331 integro
3077 2262 3300 2316 homine
3336 2263 3517 2317 incar-

1926 2359 2090 2403 natus
2140 2357 2224 2403 est
2273 2349 2417 2403 Deus
2461 2347 2723 2412 Verbum,
2763 2357 2817 2403 et
2865 2350 2960 2418 qui
3014 2350 3190 2420 legem
3241 2351 3511 2421 impleret.

1926 2437 2230 2508 Utrumque
2260 2439 2408 2492 enim
2437 2437 2648 2492 decima
2679 2437 2970 2506 signiﬁcat,
2996 2440 3121 2508 quia
3151 2449 3208 2494 et
3238 2441 3517 2510 perfectus

1927 2540 2009 2586 est
2035 2531 2294 2585 denarius
2327 2546 2613 2585 numerus.
2655 2532 2850 2586 Decem
2883 2542 3066 2587 autem
3097 2536 3352 2589 mandata
3384 2536 3518 2607 legis

1928 2631 2077 2687 sunt,
2103 2622 2249 2676 unde
2279 2630 2333 2675 et
2363 2621 2588 2676 decima:
2617 2637 2629 2672 :
2653 2621 2920 2675 decimam
2945 2631 3156 2692 partem
3185 2626 3516 2696 praecipuam

1928 2713 2221 2778 sacerdoti,
2259 2712 2484 2768 Christo
2526 2712 2798 2777 videlicet,
2846 2713 2932 2767 lex
2973 2715 3277 2784 deputavit,
3329 2725 3520 2786 utpote

1929 2825 2124 2863 massa:
2173 2817 2377 2862 nostrae
2418 2807 2692 2877 primitias
2733 2807 2980 2863 habenti.
3018 2809 3343 2878 Quicunque
3391 2825 3520 2880 ergo

1928 2899 2311 2970 paenitentiam
2348 2914 2492 2968 saepe
2529 2900 2894 2967 prawaricans
2927 2901 3171 2966 violabit,
3215 2918 3520 2972 rursusque

1929 2990 2045 3042 vult
2071 3004 2233 3060 agere
2264 2988 2667 3057 paenitentiam,
2695 2991 2749 3043 in
2785 3004 2881 3059 spe
2902 2990 3102 3044 Christi
3136 3001 3280 3062 agat,
3308 2993 3400 3062 qui
3434 2994 3518 3047 in-

1926 3081 2167 3152 quisitus
2196 3098 2226 3136 a
2257 3081 2462 3136 Petro:
2493 3079 2551 3136 Si
2593 3083 2882 3151 peccaverit
2926 3083 2982 3135 in
3025 3099 3110 3136 me
3146 3085 3312 3153 frater
3354 3101 3516 3150 meus,

234 3173 442 3243 aliquid
483 3171 740 3241 imponit,
767 3179 958 3240 utpote
988 3170 1080 3239 qui
1114 3169 1293 3224 nescit
1319 3177 1497 3223 utrum
1528 3170 1651 3222 boni
1686 3170 1825 3223 odo-
1855 3213 1898 3273 Ο
1929 3176 2130 3247 quoties
2175 3175 2385 3228 dimitto
2436 3174 2505 3238 ei,
2543 3190 2707 3243 usque
2739 3174 2969 3243 septies?
3018 3174 3157 3228 dixit
3190 3191 3203 3227 :
3239 3175 3357 3229 Non
3404 3177 3521 3229 dico

236 3267 314 3320 ris
365 3265 439 3320 sit
483 3265 603 3334 ejus
646 3263 845 3324 oratio.
868 3277 1032 3332 quam
1078 3261 1399 3331 frequenter
1438 3262 1826 3331 pravarieatus

235 3368 338 3414 est.
372 3358 528 3414 Unde
558 3357 676 3413 Joel
703 3356 970 3428 propheta
1002 3357 1069 3411 ad
1099 3355 1315 3427 plebem
1341 3354 1656 3410 Judaaorum
1681 3355 1828 3409 diee-

235 3449 807 3507 bat:.Convertimini
869 3451 940 3504 ad
1008 3450 1291 3503 Dominum
1351 3449 1518 3502 Deum
1575 3460 1825 3512 vestrum,

235 3547 363 3616 quia
411 3545 664 3615 benignus
716 3552 763 3596 et
810 3543 1108 3596 misericors
1139 3551 1235 3606 est,
1269 3543 1476 3609 patiens
1515 3549 1561 3594 et
1606 3540 1829 3593 multum

238 3639 558 3702 misericors,
586 3647 636 3692 et
665 3636 984 3707 prwstabitis
1025 3651 1186 3704 super
1225 3635 1457 3689 malitia.
1503 3633 1631 3699 Quis
1662 3635 1754 3688 scit
1786 3635 1830 3687 si

236 3741 578 3786 convertatur
607 3740 656 3784 et
697 3731 952 3801 ignoscat,
986 3739 1034 3782 et
1075 3727 1341 3797 relinquat
1383 3739 1501 3797 post
1527 3744 1583 3781 se
1615 3728 1830 3781 benedi-

235 3824 503 3878 ctionem?
555 3820 893 3892 Sacriﬁcium
942 3830 991 3875 et
1040 3821 1272 3873 libamen
1316 3820 1542 3873 Domino
1588 3820 1692 3873 Deo
1735 3836 1831 3872 no-

233 3926 347 3973 etro
378 3916 418 3970 ‘.
476 3915 542 3970 Et
595 3913 874 3984 quomodo
931 3912 1214 3967 dubitatur
1264 3912 1332 3966 de
1383 3911 1738 3966 misericorde
1777 3921 1832 3966 et

217 4008 502 4082 'patiente,
549 4017 606 4064 et
648 4008 836 4063 multa:
880 4005 1274 4070 miserationis,
1313 4004 1355 4059 si
1391 4015 1746 4059 convertatur
1778 4015 1835 4059 et

240 4105 530 4176 pieniteat,
557 4111 614 4158 et
642 4103 686 4158 si
716 4100 1046 4157 sacriﬁcium
1071 4107 1166 4153 aut
1195 4099 1434 4153 libamen
1468 4114 1565 4167 pro
1596 4099 1834 4167 peccatis

237 4197 494 4269 accipiat,
529 4195 639 4251 nisi
668 4194 795 4265 quia
830 4193 1037 4265 populo
1069 4192 1308 4262 maligno
1339 4200 1394 4245 et
1425 4189 1672 4262 diligenti
1705 4205 1832 4260 pec-

237 4301 358 4346 cata
385 4288 668 4360 loquitur?
697 4287 801 4353 Qui
838 4301 963 4340 cum
998 4299 1145 4356 saepe
1169 4283 1364 4355 egerit,
1396 4299 1677 4352 nunquam
1711 4299 1835 4352 per-

240 4384 380 4439 stitit
426 4384 480 4436 in
526 4398 662 4453 pura
688 4378 1008 4453 poenitentia
1043 4395 1054 4431 :
1087 4393 1216 4449 ergo
1251 4393 1353 4431 nec
1395 4377 1836 4447 desperationem

242 4477 348 4532 illis
397 4474 578 4530 facere
613 4477 748 4538 vult,
788 4451 890 4527 nec
931 4485 1123 4525 rursus
1167 4485 1262 4525 eos
1315 4469 1649 4539 pamitentcs
1680 4470 1838 4524 valde

1931 3268 2026 3322 tibi
2055 3283 2216 3338 usque
2241 3268 2453 3336 septies,
2488 3269 2578 3321 sed
2610 3283 2775 3336 usque
2804 3267 3103 3337 septuagies
3134 3268 3324 3336 septies
3348 3270 3388 3321 ³.
3421 3269 3522 3324 Hic

1930 3377 2060 3433 ergo
2104 3376 2285 3415 sermo
2346 3376 2500 3430 spem
2544 3359 2879 3430 poenitentia:
2916 3360 2998 3413 eis
3035 3360 3233 3428 quibus
3267 3363 3522 3432 impossi-

1929 3455 2055 3509 bilis
2087 3455 2299 3508 videtur
2321 3453 2549 3523 prrebet.
2577 3450 2807 3522 Propter
2827 3450 2972 3520 quod
2996 3449 3258 3507 hauriens
3284 3455 3351 3508 de
3377 3455 3525 3507 obla-

1932 3549 2081 3603 tione
2131 3546 2321 3616 implet
2371 3545 2636 3617 pugillum
2685 3546 2740 3599 in
2789 3555 3210 3600 monumentum
3260 3545 3400 3617 ejus
3429 3549 3520 3615 qui

1931 3640 2149 3703 obtulit,
2183 3649 2238 3692 et
2271 3647 2480 3692 cremat
2526 3653 2695 3707 super
2729 3638 2918 3702 altare,
2957 3639 3008 3692 id
3049 3647 3154 3703 est,
3187 3613 3520 3692 memor-usui

1932 3730 2107 3794 verbi,
2141 3728 2286 3798 quod
2318 3743 2416 3797 pro
2449 3725 2535 3780 his
2576 3725 2873 3789 salvandis,
2905 3725 2995 3795 qui
3039 3727 3106 3779 ad
3139 3740 3199 3780 se
3230 3724 3525 3779 venit-baut

1932 3823 2194 3894 apostolis
2235 3821 2374 3875 dixit
2409 3837 2422 3874 :
2454 3819 2575 3874 Non
2607 3819 2850 3889 peribunt
2883 3819 2941 3872 in
2987 3827 3263 3882 internum,
3294 3829 3341 3870 et
3377 3835 3526 3871 nemo

1933 3935 2023 3971 eas
2054 3917 2224 3984 rapiet
2256 3916 2318 3968 de
2348 3931 2509 3967 manu
2542 3930 2656 3967 mea
2694 3912 2759 3964 ⁸⁸.
2796 3910 3123 3965 Venientem
3159 3911 3224 3964 ad
3262 3925 3321 3964 se
3357 3911 3529 3963 salvat

1933 4025 2059 4065 eum
2126 4008 2216 4076 qui
2266 4021 2410 4075 srepe
2455 4003 2685 4074 deliquit
2725 4003 2783 4057 in
2818 4001 3220 4073 pmnitentiam.
3260 4000 3400 4066 Quid
3433 4016 3530 4070 pro

1933 4121 2000 4160 eo
2031 4101 2272 4155 olierens
2304 4098 2566 4170 pugillum
2603 4097 2657 4150 in
2690 4105 3136 4159 monumentum,
3178 4094 3231 4147 id
3267 4103 3370 4156 cst,
3406 4111 3526 4146 ver-

1936 4196 2064 4249 bum
2111 4191 2413 4246 secundum
2456 4189 2604 4259 quod
2652 4187 2905 4259 promisit
2944 4203 3040 4242 eos
3077 4188 3170 4258 qui
3212 4188 3382 4242 semel
3429 4189 3531 4241 suh

1937 4305 2102 4342 manu
2148 4287 2269 4356 ejus
2317 4285 2446 4338 fat-ti
2500 4283 2707 4337 fuerint
2757 4298 2864 4336 non
2908 4282 3108 4352 perire.
3144 4282 3216 4335 De
3253 4282 3357 4335 hoc
3400 4297 3530 4350 ergo

1941 4381 2146 4451 pugillo
2196 4378 2485 4432 mulierem
2535 4391 2656 4445 qua:
2704 4374 2934 4446 ﬁguram
2985 4375 3208 4446 gerebat
3253 4374 3531 4434 Ecclesize,

1942 4475 2058 4544 ipse
2104 4471 2408 4527 introduxit
2439 4469 2718 4523 dicentem
2755 4484 2768 4521 :
2803 4466 3140 4536 Congaudete
3180 4467 3327 4529 mihi,
3362 4467 3534 4518 inveni

240 4581 598 4639 praesumere,
632 4573 797 4636 atque
842 4565 964 4618 ideo
1005 4563 1192 4618 verbis
1237 4570 1321 4616 est
1361 4561 1545 4617 dubiis
1576 4575 1749 4616 usus:
1784 4571 1831 4616 cl

1942 4581 2060 4621 eam
2087 4565 2399 4618 drachmam
2429 4577 2591 4631 quam
2620 4559 2955 4628 perdideram
2983 4557 3047 4609 ¹¹.
3091 4558 3128 4608 Α
3163 4555 3351 4609 multis
3385 4555 3531 4607 enim

240 4660 602 4732 quamobrem
637 4672 748 4712 non
786 4656 1076 4727 Oportebat
1109 4652 1596 4725 przesumptionem
1644 4653 1725 4707 eis
1758 4651 1837 4706 fa-

240 4754 347 4809 cile
376 4751 519 4816 dari,
553 4767 623 4806 ne
646 4751 771 4806 data
814 4747 1195 4820 praesumptio,
1237 4743 1304 4798 ad
1341 4744 1445 4798 alia
1483 4757 1675 4798 rursus
1706 4757 1836 4813 pec-

142 4893 157 4901 -
240 4854 364 4898 cata
417 4858 516 4897 eos
572 4839 999 4912 negligentiores
1052 4836 1327 4899 ediceret,
1381 4835 1530 4889 velut
1579 4833 1836 4888 relaxatis

241 4938 544 5010 prioribus,
579 4936 828 4990 inﬁrmos
868 4933 1072 5003 quippe
1109 4931 1373 5000 quosdam
1430 4939 1486 4984 et
1521 4929 1839 4990 inconstan-

246 5043 330 5086 tes
357 5032 412 5086 iu
450 5028 748 5084 virtutibus
778 5026 1058 5098 legislator
1091 5024 1291 5078 innuit.

317 5121 511 5176 Tradet
558 5130 740 5175 autem
781 5134 901 5172 eam
948 5117 1229 5170 sacerdoti.
1275 5113 1367 5170 ille
1415 5123 1620 5177 autem,
1658 5120 1846 5182 utpote

245 5216 373 5286 pius
396 5213 654 5270 Christus
684 5230 698 5268 :
725 5213 932 5282 quippe
962 5218 1045 5265 est
1074 5209 1166 5279 qui
1193 5208 1526 5263 etiamnunc
1559 5220 1656 5277 per
1679 5205 1847 5276 signi-

245 5307 558 5362 ﬁcationem
593 5304 916 5376 intelligitur
945 5301 1267 5358 sacerdotis.

320 5397 423 5465 Qui
468 5399 684 5469 plenum
725 5414 790 5452 ea:
839 5403 947 5451 toto
985 5395 1247 5467 pugilluin
1287 5396 1557 5452 hauriens.
1591 5394 1845 5449 cremabit

245 5511 407 5564 super
435 5493 611 5547 altare
644 5493 696 5545 in
728 5499 1129 5545 monumentum
1165 5488 1298 5558 ejus.
1336 5489 1441 5553 Qui
1486 5488 1683 5543 obtulit
1721 5504 1850 5559 spe-

246 5589 364 5642 cies
402 5584 721 5650 oblationis,
755 5583 1109 5653 acceptabilis
1157 5591 1239 5638 est
1289 5581 1417 5653 cphi
1467 5583 1665 5638 simile.
1710 5585 1849 5655 Ephi

251 5689 431 5733 autem
467 5691 725 5731 mensura
755 5686 839 5731 est
868 5676 1033 5730 trium
1076 5690 1486 5743 mensurarum,
1519 5676 1570 5730 id
1604 5685 1708 5741 est,
1741 5685 1852 5732 tres

322 5811 408 5866 ⁸11
450 5813 590 5868 Petr.
628 5830 688 5876 ιι,
722 5814 812 5868 2‘2.
889 5813 910 5845 '
943 5813 1108 5868 Hebr.
1141 5831 1232 5877 xu,
1270 5812 1356 5877 16,
1395 5814 1479 5867 l7.

244 5899 405 5946 avni,
453 5887 542 5949 il,
571 5885 660 5938 29..
743 5887 784 5915 “‘
817 5885 975 5941 Joan.
1017 5903 1066 5951 χ,
1093 5888 1183 5940 ‘28.
1267 5885 1303 5916 “
1339 5884 1581 5950 Lue.xv,
1610 5887 1662 5939 9.

1560 5813 1579 5844 ⁸
1619 5813 1758 5871 Joel.
1798 5835 1854 5882 ιι,
1890 5818 1976 5881 15,
2035 5818 2114 5871 14.

1948 4657 2089 4712 male
2122 4653 2448 4727 paenitentia
2480 4652 2761 4706 utentibus
2788 4648 2999 4719 perdita
3035 4647 3212 4702 fuerat
3243 4646 3380 4698 ratio
3410 4661 3532 4714 spe-

1949 4748 2135 4804 randa:
2187 4745 2543 4818 poenitentia,
2593 4743 2685 4798 sed
2708 4742 3011 4798 secundum
3058 4737 3376 4811 przedictutn
3420 4753 3538 4790 mo-

1946 4841 2078 4896 dum
2127 4840 2349 4894 iuventa
2397 4846 2499 4890 est.
2550 4835 2665 4890 Hoc
2712 4849 2842 4904 ergo
2886 4839 3302 4888 monumentum
3348 4827 3539 4882 oﬂ‘eri-t

1949 4949 2117 5004 super
2164 4931 2335 4986 altare
2384 4944 2587 4998 corpus
2635 4942 2814 4989 suum,
2851 4925 2996 4995 quod
3042 4937 3205 4976 omne
3256 4930 3538 4990 peccatum

1950 5027 2220 5096 suscepit,
2261 5023 2425 5078 etiam
2478 5020 2609 5074 illud
2667 5019 2811 5089 quod
2867 5015 3154 5071 videbatur
3208 5011 3543 5081 impossibile

1949 5135 2111 5191 posse
2143 5115 2366 5172 salvari.
2400 5108 2629 5183 Propter
2662 5111 2806 5182 quod
2839 5108 3046 5163 addidit
3077 5124 3090 5160 :

2022 5210 2159 5275 Quia
2185 5225 2286 5279 pro
2313 5216 2527 5277 peccato
2556 5215 2649 5258 est.
2679 5203 2990 5258 Osteiidetis
3018 5199 3141 5269 quia
3173 5197 3237 5251 ad
3263 5195 3543 5250 Christum

1952 5305 2128 5360 solum
2178 5304 2422 5373 pertiiiet
2478 5299 2726 5352 omnimn
2777 5302 3001 5365 peccata
3049 5289 3355 5359 suscipere.
3405 5285 3544 5357 Ergo

1950 5398 2006 5452 hi
2067 5397 2159 5467 qui
2221 5394 2605 5467 paenitentiam
2665 5404 2810 5458 saepe
2870 5385 3147 5456 peccando
3207 5380 3548 5452 praavarioati

1952 5502 2103 5553 sunt,
2143 5495 2436 5562 postremo
2462 5495 2644 5540 autem
2682 5481 3079 5553 pmnitucrunt,
3111 5493 3177 5531 ex
3219 5490 3285 5529 eo
3323 5473 3547 5543 quidem

1951 5586 2096 5655 quod
2141 5584 2462 5651 frequenter
2506 5575 2845 5649 prtevai'icziti
2893 5580 3044 5636 sunt,
3078 5584 3231 5640 spem
3273 5567 3550 5646 paeniten-

1953 5681 2040 5734 tiae
2076 5692 2184 5730 non
2223 5676 2428 5729 habent
2464 5691 2476 5727 :
2510 5672 2760 5727 Christus
2808 5678 2990 5723 tmncn
3039 5662 3203 5720 etiam
3247 5665 3323 5715 sic
3367 5673 3549 5720 orare,

2197 5815 2215 5846 τ
2239 5814 2448 5868 Coloss.
2482 5829 2515 5866 ιι
2580 5812 2632 5865 9.
2724 5808 2744 5839 ⁸
2782 5807 2797 5860 l
2832 5805 2989 5860 Joan.
3017 5820 3081 5868 ιι,
3113 5801 3206 5856 23.
3304 5799 3324 5832 ¹
3357 5796 3554 5850 Matth.
