4218 6448
210 416 308 501 su

1357 416 1438 478 IN
1479 415 1912 479 LEVITICUM.
1954 438 2016 447 -
2057 415 2201 473 LIB.
2247 410 2294 472 Ι.

3341 409 3443 478 8ιῖ

211 526 346 582 citet
381 524 583 580 dictum
620 531 724 590 est,
758 524 1150 596 quinquaginta
1190 525 1470 582 sicterum.
1514 526 1772 582 Ostendit
1802 534 1842 588 Α
1875 523 2028 590 Quod
2047 524 2090 578 si
2115 522 2420 594 peccaverit
2443 521 2506 576 de
2535 521 2908 592 populoterra:
2940 537 3035 591 per
3058 501 3438 593 ignorantiam.

211 615 410 686 quippe
458 615 546 670 hie
592 630 851 670 numerus
883 617 1057 670 sancti
1092 616 1326 686 Spiritus
1357 618 1676 682 adventum,
1709 632 1774 670 ex

211 723 275 762 eo
313 707 456 777 quod
489 707 576 762 die
608 707 948 773 Pentecoste,
981 708 1033 762 id
1068 717 1154 762 est
1198 709 1665 780 quinquagesima,
1708 707 1775 762 ad

209 799 481 866 apostolos
529 799 699 852 venit.
742 799 849 854 Sed
898 807 955 854 et
1007 789 1246 869 pondere
1292 801 1608 862 sanctuarii,
1659 800 1775 854 sive

211 888 509 942 secundum
538 887 679 941 LXX
714 888 848 942 siclo
876 899 1086 955 sancto,
1118 897 1178 942 ut
1208 905 1304 958 per
1331 891 1433 944 hoc
1459 889 1604 958 quod
1637 889 1774 943 dixit

211 988 420 1041 Sancto,
476 979 791 1032 ostenderet
856 979 1030 1032 sancti
1102 979 1336 1049 Spiritus
1401 980 1657 1034 virtutem
1721 987 1776 1032 et

212 1069 605 1137 operationem.
645 1067 790 1122 Siclo
832 1077 1016 1121 autem
1057 1070 1258 1138 quare?
1299 1069 1434 1134 Quia
1478 1070 1646 1124 siclus
1689 1069 1774 1123 vi-

209 1161 345 1229 ginti
376 1161 661 1214 obolorum
695 1168 799 1226 est,
837 1160 926 1214 hic
966 1170 1146 1213 autem
1183 1159 1485 1213 vicenarius
1517 1173 1774 1212 numerus

211 1266 319 1304 non
347 1259 431 1306 est
464 1251 702 1319 peccatis
728 1249 1019 1304 obnoxius.
1063 1249 1217 1304 Unde
1245 1249 1296 1302 hi
1321 1250 1410 1319 qui
1443 1251 1509 1304 de
1542 1249 1773 1320 IEgypto

210 1343 477 1405 exierunt,
519 1357 641 1396 eum
677 1341 867 1412 viginti
896 1354 1162 1394 annorum
1193 1349 1400 1404 essent,
1430 1341 1638 1410 peccati
1673 1356 1772 1410 po-

210 1434 320 1503 puli
356 1447 571 1502 pernam
617 1448 725 1485 non
768 1441 1126 1500 susceperunt
1155 1448 1169 1484 ε
1204 1432 1437 1485 mundus
1472 1432 1670 1502 quippe
1704 1433 1772 1486 ab

156 1580 175 1597 μ
208 1525 356 1577 οηιηί
382 1534 604 1594 peccato
633 1532 716 1577 est
739 1524 999 1593 spiritalis
1028 1524 1210 1576 homo.
1241 1523 1357 1577 Non
1389 1524 1562 1577 solum
1590 1532 1770 1576 autem

209 1617 436 1670 arietem
467 1613 676 1678 offerri,
710 1616 804 1668 sed
831 1623 885 1668 et
913 1616 1153 1684 quintam
1181 1615 1381 1668 addere
1407 1615 1680 1684 praecepit.
1715 1613 1772 1667 Si

208 1709 330 1776 quis
372 1705 514 1760 forte
551 1715 742 1761 sancto
769 1721 919 1768 vase,
951 1706 1035 1760 vel
1065 1706 1207 1766 cibo,
1236 1714 1331 1759 aut
1365 1714 1640 1776 unguento
1680 1706 1771 1759 tali

208 1793 396 1849 illicite
426 1794 629 1849 abusus
657 1806 760 1861 est,
785 1795 888 1849 hoc
917 1795 1209 1864 appellavit
1248 1789 1596 1850 commissum
1638 1810 1771 1865 pec-

1883 625 1940 667 ut
1957 614 2119 667 faciat
2136 613 2427 682 quidquam
2449 627 2513 664 ex
2535 611 2618 664 his
2638 628 2758 681 quae
2777 612 2987 665 Domini
3018 612 3130 682 lege
3153 615 3442 682 prohiben-

1880 713 1966 757 tur
1990 713 2153 773 atque
2185 703 2487 772 delinquat,
2524 712 2578 757 et
2607 703 2921 774 cognoverit
2947 715 3230 774 peccatum
3261 721 3439 764 suum.

1817 785 1826 794 ’
1876 793 2070 848 oﬂ'eret
2109 809 2326 864 capram
2367 795 2787 849 immaculatam.
2826 795 2980 851 Nunc
3011 805 3265 866 tanquam
3302 801 3441 852 obli-

1878 894 1963 939 tus
1996 901 2059 940 ea
2098 902 2219 956 qua:
2262 897 2594 956 praeceperat
2627 903 2639 939 :
2677 885 2733 940 Si
2773 888 2973 949 anima,
3009 888 3104 948 ait,
3138 889 3444 956 peccaverit

1876 992 1974 1045 per
2018 977 2400 1047 ignorantiam,
2431 977 2726 1047 feceritque
2765 994 2932 1031 unum
2967 995 3031 1032 ex
3064 978 3146 1032 his
3183 995 3303 1048 qua:
3339 981 3440 1034 Bn-

1875 1067 2006 1120 mini
2041 1067 2158 1138 lege
2195 1069 2560 1138 prohibentur
2593 1087 2605 1122 :
2636 1079 2690 1123 et
2727 1070 2932 1139 peccati
2981 1085 3071 1124 rea
3117 1073 3440 1125 intellexerit

1874 1154 2213 1223 iniquitatem
2250 1171 2426 1222 suam,
2459 1158 2651 1212 offeret
2680 1159 2904 1212 arietem
2944 1159 3344 1215 immaculatum
3376 1162 3442 1217 de

1874 1245 2129 1315 gregibus
2169 1247 2457 1302 sacerdoti.
2499 1249 2564 1302 Et
2603 1249 2831 1304 multum
2864 1251 3078 1306 videtur
3106 1252 3322 1307 differre
3354 1253 3439 1307 in-

1873 1347 1956 1392 ter
1985 1339 2086 1392 hoc
2113 1340 2462 1402 sacrificium,
2495 1350 2550 1393 et
2585 1341 2713 1395 illud
2743 1342 2884 1410 quod
2914 1342 3116 1396 dudum
3139 1345 3394 1414 praecepit
3425 1363 3436 1397 :

1874 1430 1968 1484 sed
2011 1446 2189 1499 neque
2226 1431 2426 1486 oblitus
2475 1441 2558 1486 est
2603 1434 2870 1505 anteriora
2917 1450 3017 1488 nec
3062 1437 3329 1490 contraria
3363 1439 3442 1492 eis

1873 1521 2152 1588 praecepit.
2189 1520 2327 1585 Quia
2369 1521 2513 1574 enim
2550 1523 2772 1576 nomine
2801 1523 2996 1577 animae
3023 1526 3276 1594 gentilem
3304 1527 3441 1582 dixi-

1875 1623 1996 1662 mus
2029 1610 2342 1679 significari,
2382 1611 2471 1664 hic
2512 1620 2692 1665 autem
2736 1612 2963 1667 forsitan
3000 1614 3251 1684 ignorans
3284 1633 3440 1670 man-

1874 1697 1994 1752 data
2033 1699 2164 1770 legis
2202 1701 2505 1772 transgredi
2556 1711 2769 1771 poterat
2817 1704 3059 1773 (propter
3092 1706 3235 1775 quod
3284 1707 3436 1767 dixit.

1871 1806 1964 1857 per
2001 1792 2357 1860 ignorantiam
2400 1793 2585 1861 recte),
2622 1793 2976 1865 intelligibilis
3010 1797 3170 1861 aries,
3193 1795 3440 1850 Christus

209 1897 387 1939 ratum
415 1886 467 1938 in
496 1877 680 1939 sancta
714 1902 728 1943 ;
757 1885 843 1939 hic
871 1902 998 1955 ergo
1028 1886 1205 1956 ipsum
1237 1886 1446 1951 reddet,
1473 1897 1528 1941 et
1551 1888 1772 1956 insuper
1804 1886 1844 1940 Β
1875 1883 2143 1947 videlicet,
2176 1885 2339 1953 hujus
2369 1895 2648 1955 peccatum
2680 1888 2733 1941 in
2773 1889 3038 1944 sacrificio
3070 1906 3167 1959 pro
3197 1905 3262 1944 co
3288 1890 3440 1944 obla-

207 1977 474 2045 quintam,
505 1977 555 2030 id
583 1986 668 2030 est
695 1979 934 2047 quintam
975 1979 1092 2047 ejus
1130 1987 1340 2048 partem
1372 1979 1548 2034 tradet
1586 1994 1769 2033 sacer-

207 2069 338 2122 doti.
388 2069 499 2123 lloc
541 2079 724 2123 autem
775 2069 1040 2141 significat
1080 2079 1157 2135 ut,
1217 2072 1472 2141 quoniam
1529 2072 1770 2140 quinque

206 2178 399 2216 sensus
444 2163 724 2228 habemus,
757 2162 800 2216 si
846 2179 942 2233 per
987 2179 1155 2217 unum
1198 2178 1419 2219 sensum
1466 2165 1770 2235 peccaveri-

205 2270 345 2318 nzus,
379 2254 543 2309 veluti
572 2254 616 2308 si
647 2254 862 2308 oculum
894 2253 960 2308 ad
989 2253 1312 2308 adulterium
1342 2255 1397 2308 in
1444 2262 1686 2325 tempore
1715 2265 1770 2310 et

207 2346 326 2400 loco
359 2358 551 2401 sancto
582 2345 1049 2415 occupaverimus,
1082 2356 1176 2419 aut
1221 2345 1458 2417 linguam
1497 2347 1551 2400 in
1590 2347 1768 2402 detra-

204 2436 406 2501 hendo,
441 2435 526 2490 vel
559 2451 720 2490 aures
747 2435 815 2490 ad
851 2436 1043 2490 malam
1081 2436 1431 2503 locutionem,
1457 2445 1552 2491 aut
1581 2437 1768 2492 odora-

201 2533 319 2582 tam
365 2527 431 2580 ad
473 2525 878 2596 perceptionem
917 2526 1391 2580 odorameutorum
1431 2526 1767 2581 meretricio-

205 2633 346 2682 rum,
373 2625 469 2671 aut
497 2633 717 2672 manum
743 2617 810 2672 ad
841 2623 1042 2671 tactum
1070 2616 1357 2687 profanum
1384 2627 1441 2673 et
1466 2617 1725 2687 injustum
1749 2634 1766 2674 :

201 2709 438 2779 primum
471 2710 690 2779 quidem
733 2709 801 2763 ab
836 2709 929 2763 illo
962 2717 1186 2778 peccato
1228 2710 1449 2766 omnino
1489 2711 1768 2770 abstinea-

203 2813 346 2866 mus,
378 2810 433 2855 et
463 2800 836 2871 pmnitentiam
868 2801 934 2856 de
962 2815 1027 2856 eo
1050 2815 1145 2870 per
1181 2801 1404 2857 arietem
1433 2803 1764 2872 oﬂ'eramus;

201 2892 259 2948 id
285 2902 388 2958 est,
421 2893 696 2947 Christum
725 2909 978 2964 rogemus
1009 2903 1067 2948 ut
1095 2895 1300 2964 peccati
1332 2895 1383 2948 in
1407 2910 1465 2950 se
1493 2898 1767 2952 commissi

200 2984 318 3055 ipse
369 2984 463 3038 fiat
509 2984 713 3054 ereptio
748 2999 761 3036 :
800 2984 994 3039 deinde
1041 2985 1314 3055 quintam,
1364 2986 1415 3040 id
1469 2995 1551 3042 est
1599 3003 1766 3044 unum

199 3075 582 3146 praedictorum
632 3090 912 3140 sensuum,
954 3091 1051 3145 per
1093 3077 1236 3146 quod
1285 3087 1564 3147 peccatum
1614 3095 1764 3134 com—

203 3167 428 3222 missum
457 3176 558 3232 est,
589 3166 877 3221 offeramus
914 3167 1195 3232 sacerdoti,
1227 3167 1440 3222 Christo
1470 3169 1719 3224 videlicet
1749 3188 1761 3223 :

203 3264 264 3310 ut
314 3271 656 3327 nequaquam
716 3257 851 3311 ultra
906 3257 972 3312 ad
1031 3257 1299 3312 actionem
1345 3275 1567 3329 pravam
1615 3260 1765 3315 illum

201 3364 532 3418 occupemus
586 3364 828 3413 sensum,
863 3349 958 3403 sed
1009 3364 1393 3405 consecremus
1439 3351 1588 3412 illum
1637 3351 1765 3408 Deo.

205 3438 296 3493 Sic
319 3440 464 3492 enim
492 3455 591 3509 pro
612 3448 834 3509 peccato
857 3449 1042 3493 nostro
1067 3439 1462 3509 deprecabitur.
1486 3434 1768 3506 Quomodo

202 3537 381 3583 autem
419 3529 622 3598 peccati
669 3529 809 3582 aries
852 3543 950 3596 per
997 3530 1334 3582 sacerdotem
1375 3528 1651 3593 offeratur,
1713 3531 1766 3584 in

201 3617 306 3672 alia
356 3625 507 3688 parte
559 3617 682 3671 libri
733 3618 1100 3686 conscriptum
1154 3626 1256 3682 est,
1299 3618 1392 3671 ubi
1445 3619 1766 3674 sacrificium

201 3723 301 3779 pro
326 3716 553 3779 peccato
582 3708 787 3777 aequale
827 3723 947 3762 esse
977 3707 1246 3762 sacrificio
1273 3708 1415 3776 quod
1449 3723 1548 3779 pro
1575 3709 1768 3765 delicto

200 3799 279 3863 fit,
319 3798 650 3868 przedicavit.
693 3797 806 3852 Hoc
847 3807 1028 3852 autem
1076 3812 1222 3852 nunc
1265 3799 1629 3868 adjiciendum
1661 3810 1764 3866 est,

197 3890 323 3960 quia
383 3890 638 3944 delictum
695 3889 967 3959 legislator
1017 3889 1229 3944 duobus
1281 3890 1454 3944 modis
1507 3890 1620 3951 uti,
1670 3907 1766 3946 seu

198 3995 401 4051 ponere
430 3980 631 4043 solens,
657 3988 711 4034 et
739 3981 994 4034 delictum
1026 3981 1298 4049 appellare
1350 3995 1499 4034 nunc
1544 3981 1764 4050 quidem

197 4080 479 4141 peccatum
529 4071 673 4140 quod
718 4072 784 4126 ad
829 4072 1110 4126 scientiam
1159 4073 1425 4142 pervenit,
1460 4082 1515 4128 et
1564 4089 1767 4145 nequa-

193 4179 356 4234 quam
384 4165 494 4235 jam
532 4164 772 4234 ignotutn
808 4173 893 4218 est
928 4165 1195 4234 peccanti,
1227 4181 1372 4218 nunc
1409 4173 1590 4220 autem
1620 4167 1764 4236 quod

191 4256 249 4311 in
302 4256 410 4311 Deo
461 4258 579 4326 ipso
629 4257 979 4311 commissum
1021 4266 1120 4321 est,
1169 4257 1334 4311 veluti
1386 4257 1760 4328 jurejurando,

187 4350 478 4403 autetiam
529 4349 584 4402 in
627 4348 847 4422 sanctis,
880 4363 989 4402 non
1035 4348 1153 4402 sine
1193 4360 1355 4402 causa
1400 4349 1500 4403 hoc
1531 4350 1763 4419 appellat

187 4441 470 4506 delictum,
506 4440 602 4495 sed
650 4448 710 4494 ut
754 4448 808 4493 tu
852 4454 1146 4509 cognoscas
1191 4439 1446 4495 similiter
1487 4441 1544 4495 in
1592 4442 1760 4498 Deum

1873 1983 1960 2028 tus
2004 1975 2181 2032 diluit.
2232 1977 2337 2032 Sed
2392 1987 2447 2032 et
2495 1978 2625 2032 illud
2665 1981 2988 2046 ostenditur,
3037 1992 3197 2051 atque
3248 1983 3302 2036 in
3353 1982 3441 2035 his

1870 2065 2154 2120 evidenter
2179 2066 2607 2131 demonstratur,
2630 2068 2752 2138 quia
2781 2069 2836 2124 in
2867 2085 3190 2140 unoquoque
3219 2070 3437 2140 quidem

1870 2166 2114 2226 peccato,
2151 2173 2251 2228 pro
2297 2160 2627 2214 remittendo
2670 2176 2738 2216 eo
2782 2163 2989 2232 egimus
3039 2163 3435 2232 paenitentiam,

1870 2265 1993 2304 cum
2014 2265 2123 2305 non
2152 2251 2323 2307 simus
2353 2252 2534 2307 idonei
2561 2268 2659 2324 per
2683 2253 3066 2324 nosmetipsos,
3090 2255 3209 2310 sine
3237 2254 3434 2310 Christi

1870 2343 2141 2398 sacrificio
2167 2346 2430 2416 consequi
2456 2345 2692 2402 veniam.
2725 2347 2864 2418 Ergo
2892 2346 2936 2401 si
2955 2347 3076 2417 quis
3099 2357 3245 2402 extra
3274 2346 3434 2400 tidem

1867 2432 2070 2489 Christi
2107 2436 2436 2492 constitutus
2475 2447 2576 2502 est,
2608 2437 2830 2492 Judzeus
2869 2437 3009 2493 forte
3045 2449 3135 2492 aut
3176 2453 3434 2508 paganus,

1869 2524 1996 2579 licet
2033 2528 2300 2596 pcenitere
2354 2543 2412 2583 se
2452 2527 2519 2584 de
2557 2529 2795 2599 peccatis
2842 2530 2956 2585 suis
3003 2546 3099 2600 per
3145 2544 3440 2585 conversa-

1869 2617 2071 2673 tionem
2126 2628 2182 2674 et
2235 2618 2400 2676 vitam
2461 2620 2835 2687 demonstret,
2891 2622 3266 2677 remissionem
3327 2636 3436 2677 non

1869 2708 2186 2773 merebitur,
2215 2708 2341 2779 quia
2385 2711 2607 2766 arietem
2636 2712 2852 2777 oerrre,
2893 2713 2945 2766 id
2982 2721 3082 2777 est,
3114 2711 3318 2767 Christi
3347 2726 3439 2765 sa-

1870 2797 2157 2865 criﬁcium,
2193 2815 2302 2855 non
2349 2811 2546 2872 potest.
2587 2803 2951 2868 Quamobrem
2999 2803 3324 2873 generaliter
3369 2803 3437 2857 de

1869 2890 2124 2944 omnibus
2152 2892 2552 2960 quodammodo
2591 2893 2801 2947 sancire
2840 2893 3083 2962 cupiens,
3118 2909 3226 2947 non
3261 2891 3433 2947 dixit:

1871 2978 1926 3032 Si
1955 2980 2136 3036 anima
2165 2983 2231 3036 de
2261 2983 2481 3053 populo,
2508 2983 2623 3050 sed,
2660 2983 2717 3038 Si
2756 2985 2937 3037 anima
2970 2983 3285 3054 simpliciter
3320 2999 3440 3050 pec-

1868 3072 2082 3138 caverit,
2125 3079 2173 3124 et
2228 3075 2406 3143 fecerit
2465 3091 2625 3127 unum
2680 3091 2743 3128 ex
2789 3075 2868 3129 Itis
2920 3091 3035 3144 quae
3076 3073 3286 3128 Domini
3332 3073 3441 3145 lege

1868 3164 2403 3238 prohibentur.-Ergo
2449 3175 2503 3222 et
2552 3168 2618 3222 de
2665 3167 2903 3230 indocto,
2947 3177 3001 3223 et
3042 3167 3108 3223 de
3153 3168 3438 3223 scientiam

1873 3255 2127 3320 habente,
2161 3271 2262 3310 nec
2303 3272 2410 3310 non
2443 3258 2509 3311 de
2543 3257 2689 3311 omni
2731 3267 2952 3326 peccato
2986 3266 3133 3314 recte
3163 3259 3264 3313 hoc
3295 3257 3436 3327 quod

1869 3344 2072 3398 dictum
2135 3355 2253 3410 est,
2304 3347 2586 3416 accipitur.
2641 3347 2778 3413 Quia
2831 3357 3009 3402 autem
3066 3348 3292 3402 arietem
3340 3361 3439 3416 pro

1869 3437 2064 3491 delicto
2107 3438 2264 3506 jubet
2307 3438 2512 3502 offerri,
2544 3440 2946 3508 apertissimum
2989 3453 3073 3494 est
3125 3440 3251 3510 quia
3301 3439 3438 3495 deli-

1869 3535 2016 3581 ctum
2067 3527 2156 3581 hic
2206 3529 2480 3599 legislator
2523 3530 2856 3584 intellectum
2905 3539 3186 3600 peccatum
3233 3531 3436 3601 posuit.

1868 3614 2094 3687 Propter
2113 3617 2256 3685 quod
2288 3618 2475 3672 dicens
2502 3635 2600 3687 per
2631 3620 3014 3688 ignorantiam,
3049 3619 3291 3674 subdidit
3317 3635 3329 3672 :

1932 3711 1998 3761 Et
2027 3710 2226 3779 peccati
2278 3726 2365 3762 rea
2401 3710 2710 3764 intellexerit
2764 3713 3094 3782 iniquitatem
3128 3727 3299 3764 suam.
3334 3708 3440 3774 Qui

1867 3808 2048 3852 autem
2076 3799 2404 3853 intellexerit
2440 3810 2741 3869 peccatum,
2773 3800 2864 3854 hic
2890 3802 3021 3855 illud
3058 3802 3113 3853 in
3147 3815 3206 3854 se
3236 3800 3436 3862 relidit,

1866 3897 1918 3941 et
1945 3889 2252 3943 sordidatur
2279 3890 2350 3944 ab
2368 3905 2452 3956 eo,
2477 3891 2589 3944 sive
2612 3901 2888 3955 oneratur,
2918 3891 3156 3961 quandiu
3181 3908 3277 3962 per
3305 3907 3438 3960 prm-

1867 3979 2069 4032 dictum
2097 3978 2422 4033 sacrificium
2458 3981 2633 4034 oratio
2680 3996 2778 4050 pro
2827 3996 2894 4035 eo
2955 3981 3068 4036 fiat.
3126 3980 3438 4036 Intellectus

1866 4076 2048 4122 autem
2075 4069 2303 4137 peccati,
2367 4070 2420 4122 in
2472 4071 2800 4125 habentibus
2859 4071 3076 4142 quidem
3131 4071 3434 4134 scientiam,

1865 4160 2270 4214 contenebratis
2298 4175 2429 4215 vero
2453 4177 2637 4216 amore
2664 4162 2973 4226 libidinum,
3005 4177 3231 4217 necesse
3251 4170 3436 4219 estut.

1865 4266 1988 4305 cum
2023 4251 2078 4305 in
2102 4252 2429 4322 cogitatione
2455 4269 2553 4308 sua
2605 4255 2954 4325 rcsipiscunt,
2991 4258 3278 4327 proveniat
3305 4271 3317 4308 :
3342 4271 3437 4309 ca-

1865 4343 2109 4397 rentibus
2130 4359 2255 4397 vero
2286 4345 2534 4412 scientia,
2567 4361 2663 4416 per
2684 4359 3080 4418 competenlem
3111 4347 3433 4412 doctrinam,

1863 4433 1955 4501 qui
2011 4433 2318 4488 intellectus
2383 4450 2507 4489 cum
2587 4437 2850 4491 alterutro
2911 4437 3105 4492 horum
3161 4439 3434 4509 provenit,

183 4533 405 4587 extendi
461 4541 765 4602 peccatum,
811 4531 957 4601 quod
1014 4531 1070 4585 in
1134 4532 1380 4597 scientia,
1417 4541 1472 4586 et
1519 4533 1662 4602 quod
1702 4535 1756 4587 in
1791 4558 1835 4612 ο
1866 4523 2027 4578 modo
2065 4523 2131 4578 ad
2161 4523 2267 4579 hoc
2295 4536 2476 4581 movet
2509 4528 2805 4591 hominem,
2840 4538 2900 4582 ut
2925 4540 3079 4600 egeat
3099 4531 3362 4585 sacriﬁcio
3383 4540 3438 4587 et

175 4625 559 4695 jurejurando,
592 4635 647 4678 et
680 4623 822 4693 quod
856 4624 909 4676 iu
941 4624 1142 4677 sanctis
1169 4623 1547 4677 committitur.

257 4712 419 4768 Vsus.
459 4714 647 4768 I749.
689 4732 707 4764 ‹
755 4713 948 4767 Anima
995 4713 1040 4766 si
1099 4712 1404 4782 peccaverit
1454 4727 1552 4782 per
1607 4712 1762 4783 igno-

179 4807 443 4866 rantiam,
473 4805 768 4874 feceritque
815 4820 983 4858 unum
1017 4820 1084 4858 ex
1129 4804 1215 4858 his
1241 4820 1362 4874 quae
1392 4803 1604 4860 Domini
1647 4807 1762 4876 lege

177 4893 566 4965 prohibentur,
601 4901 655 4945 et
681 4891 882 4960 peccati
926 4905 1017 4944 rea
1052 4890 1384 4945 intellexerit
1417 4891 1756 4961 iniquitatem

177 5000 358 5049 suam,
391 4993 446 5038 et
472 4983 665 5037 offeret
702 4983 924 5036 arietem
971 4981 1375 5036 immaculatum
1401 4981 1470 5036 de
1504 4982 1755 5053 gregibus

175 5076 476 5139 sacerdoti,
507 5075 661 5148 juxta
706 5089 1013 5127 mensuram
1058 5073 1581 5143 aestimationemque
1624 5090 1754 5143 pec-

174 5169 310 5234 cati,
342 5171 434 5238 qui
475 5167 654 5222 orabit
700 5183 797 5235 pro
847 5167 937 5220 illo
979 5166 1123 5234 quod
1170 5165 1424 5220 nesciens
1459 5166 1670 5230 fecerit,
1701 5177 1756 5222 et

172 5261 486 5315 dimittetur
534 5258 604 5323 ei,
645 5257 770 5327 quia
823 5271 920 5326 per
975 5271 1216 5311 errorem
1267 5255 1492 5326 deliquit
1548 5257 1602 5310 in
1645 5257 1753 5312 Do-

166 5353 346 5407 mino.
387 5370 406 5402 ι

248 5439 424 5494 Habet
446 5454 686 5507 praesens
708 5438 858 5491 locus
876 5437 1230 5506 quaestionem
1250 5453 1360 5492 non
1382 5438 1592 5494 modica
1617 5454 1751 5494 con-

161 5533 506 5590 sidcratione
528 5532 768 5599 dignam,
791 5531 914 5598 quia
941 5545 1038 5598 pro
1061 5531 1294 5598 peccatis
1325 5545 1422 5598 pro
1444 5530 1642 5599 quibus
1666 5545 1751 5584 ca-

160 5643 330 5701 pram
364 5625 572 5696 pridem
604 5623 808 5687 offerri,
841 5631 934 5676 aut
959 5637 1114 5678 ovem
1147 5620 1426 5692 prmcepit;
1454 5621 1528 5675 ait
1557 5621 1702 5675 enim
1731 5637 1746 5674 :

244 5825 294 5860 ⁸⁸
337 5824 493 5881 .loan.
529 5842 615 5890 xv,
664 5824 756 5879 2‘3.

379 5920 649 5980 Parnon.
703 5919 818 5978 Gn.
855 5915 1061 5977 XCIII.

1863 4615 2207 4672 nmnitentia.
2239 4614 2340 4682 Qui
2365 4617 2508 4672 enim
2541 4618 2789 4690 intelligit
2813 4621 3189 4689 pollutionem,
3233 4631 3289 4676 et
3327 4639 3436 4679 non

1862 4723 1920 4762 se
1948 4716 2143 4779 purgat
2187 4724 2283 4778 per
2313 4709 2710 4777 paenitentiam,
2751 4712 3100 4766 manifestum
3150 4723 3234 4770 cst
3293 4715 3435 4782 quod

1861 4796 2250 4852 abominabilis
2282 4798 2351 4852 sit
2379 4805 2434 4851 et
2493 4799 2762 4853 sordidus.
2794 4798 2928 4853 Nam
2966 4800 3129 4869 hujus
3154 4801 3231 4854 rei
3266 4803 3438 4871 gratia

1860 4890 1928 4944 de
1959 4887 2162 4946 Iudicis
2218 4889 2484 4945 Dominus
2535 4891 2750 4946 (licebat
2805 4909 2818 4945 :
2869 4891 2926 4948 Si
2966 4909 3068 4945 non
3111 4893 3364 4946 venissem
3398 4907 3444 4952 et

1863 4981 2062 5036 locutus
2110 4982 2185 5035 eis
2237 4983 2473 5053 fuissem,
2505 4993 2777 5051 peccatum
2819 5000 2921 5040 non
2962 4985 3216 5039 haberent
3252 5000 3270 5037 :
3303 5001 3444 5038 nunc

1863 5085 2040 5128 autem
2087 5076 2475 5128 excusationem
2526 5091 2628 5130 non
2655 5076 2844 5128 habent
2887 5077 2950 5129 de
2994 5087 3204 5143 peccato
3247 5093 3344 5135 suo
3376 5080 3437 5128 Η.

1866 5168 1978 5219 lloc
2025 5175 2207 5219 autem
2257 5165 2471 5234 planius
2527 5180 2590 5220 ex
2653 5166 3050 5235 posterioribus
3081 5169 3434 5238 approbatur.

1862 5256 2001 5321 Quid
2025 5257 2170 5311 enim
2197 5257 2326 5310 dicit
2360 5276 2371 5309 :

1930 5345 2110 5400 Orabit
2130 5363 2224 5414 pro
2252 5345 2342 5398 illo
2385 5347 2646 5409 sacerdos,
2699 5347 2835 5414 quod
2869 5349 3098 5401 nesciens
3145 5350 3348 5416 fecerit,
3387 5358 3433 5402 et

1858 5439 2151 5492 dimittetur
2173 5439 2241 5500 ei,
2272 5439 2395 5507 quia
2417 5455 2510 5507 per
2534 5455 2762 5492 errorem
2795 5439 3012 5508 deliquit
3042 5441 3096 5492 in
3127 5441 3430 5498 Dominum.

1857 5528 2011 5592 Quod
2044 5527 2184 5582 LXX
2212 5528 2400 5584 dicunt
2433 5545 2446 5580 :
2482 5527 2547 5581 Et
2607 5529 2902 5581 dimittetur
2943 5530 3010 5592 ei,
3043 5530 3260 5600 deliquit
3294 5532 3431 5586 enim

1857 5619 2103 5675 delictum
2125 5629 2249 5674 ante
2281 5621 2578 5674 Dominum.
2611 5621 2679 5675 Et
2707 5623 2980 5692 quomodo
3010 5621 3150 5678 idem
3184 5622 3301 5697 ipsc
3337 5638 3433 5680 ne-

3046 5913 3117 5974 27
