4218 6448
765 390 873 454 ⁸843

1956 382 2315 443 IIESYCHII
2353 384 2824 445 PRESBYTERI

3954 388 4054 448 Sil

771 508 961 566 susse,
993 512 1048 555 et
1075 499 1391 567 delinquere
1438 496 1696 551 delictum
1750 509 1933 548 coram
1992 494 2222 550 Domino
2254 496 2343 550 di—
2375 505 2416 559 Α
2449 498 2562 566 ipsa
2598 500 2759 553 verba
2792 499 3035 554 discussa
3089 510 3337 569 possunt.
3391 500 3684 557 Videamus
3728 517 3867 555 vero
3912 518 4053 571 quo-

768 599 942 658 cuar,
990 592 1078 661 qui
1132 589 1300 659 judcx
1358 588 1539 657 justus
1586 597 1688 649 est,
1737 597 1790 640 et
1852 586 1986 640 nihil
2020 587 2130 657 agit
2161 597 2351 641 contra

773 684 1073 742 iustitiam?
1115 699 1215 738 nec
1246 683 1391 736 enim
1422 683 1490 734 de
1543 681 1655 735 sola
1712 680 1927 735 actione
1974 696 2074 735 nos
2122 680 2349 748 judicat,

770 752 915 834 sicui
940 779 1160 847 quando
1200 777 1263 829 ad
1292 782 1599 843 peccatum,
1647 782 1743 825 aut
1788 782 2010 842 propter
2049 772 2349 839 libidinem,

906 881 1128 943 prepter
1165 868 1446 924 avaritiam
1474 910 1487 929 ,
1520 875 1613 920 aut
1640 866 2092 935 proptergloriam
2111 864 2354 919 declina-

812 982 913 1031 tus,
959 964 1101 1033 quod
1154 961 1457 1033 ignorantia
1514 958 1659 1011 illius
1714 972 1859 1011 vera:
1911 957 2245 1025 voluptatis,
2299 962 2355 1008 et

776 1056 972 1111 .ammi
1020 1054 1177 1119 lucri.
1241 1060 1296 1105 et
1337 1051 1480 1104 illius
1538 1064 1648 1101 non
1703 1048 1849 1101 falsa:
1880 1048 2059 1116 gloritc
2095 1047 2351 1115 patimur.

777 1150 925 1204 facs.
958 1163 1137 1201 ginem.
1192 1147 1333 1199 hanc
1381 1143 1739 1211 ignorantiam
1789 1140 2009 1194 dilectio
2063 1138 2351 1192 mendacii.

778 1242 855 1294 Et;
879 1257 985 1308 quo
1011 1238 1277 1307 quiSpiam
1308 1243 1542 1287 emeatus
1565 1243 1767 1294 mente,
1812 1238 2047 1284 caecatur
2085 1229 2247 1282 etiam
2302 1237 2356 1282 et

776 1335 1101 1384 obscuratur
1144 1327 1394 1390 scicntia,
1435 1340 1557 1394 quae
1609 1334 1829 1387 caecata,
1882 1323 2016 1375 nihil
2080 1321 2356 1374 invenitur

775 1425 978 1477 distare
1021 1422 1088 1475 ab
1114 1418 1439 1489 ignorantia.
1471 1416 1625 1471 Unde
1651 1424 1705 1469 et
1742 1413 1910 1467 David
1940 1413 2157 1467 dicebat
2193 1431 2203 1464 :
2248 1412 2355 1465 Nc-

773 1516 1019 1577 scierunt,
1065 1528 1227 1581 neque
1251 1510 1641 1571 intellexerunt,
1668 1509 1723 1559 in
1746 1507 1968 1559 tenebris
1990 1505 2262 1558 ambulant
2289 1506 2351 1558 ⁸⁸.

778 1609 915 1661 Dum
945 1616 1127 1659 autem
1167 1604 1518 1672 resipuerint.
1546 1609 1601 1655 et
1633 1608 1936 1653 restaurata
1969 1597 2133 1651 fuerit
2156 1598 2353 1651 obscu-

776 1707 891 1750 rata
926 1709 1106 1757 mens,
1140 1702 1271 1747 tunc
1288 1700 1567 1761 peccatum
1599 1690 1887 1749 smitinms,
1920 1693 1977 1739 et
1999 1700 2221 1739 necesse
2274 1693 2358 1738 est

778 1799 836 1841 ut
863 1788 914 1840 in
944 1786 1202 1839 delictum
1249 1783 1431 1846 nobis,
1461 1795 1636 1849 usque
1664 1780 1793 1833 dum
1828 1793 1926 1847 per
1978 1776 2355 1847 paenitentiam

2454 589 2616 642 modo
2638 591 2800 643 etiam
2824 589 2939 658 ipsa
2967 606 3116 644 nunc
3142 591 3225 644 lex
3260 591 3468 660 incipit.

2529 678 2595 732 Et
2623 681 2825 733 locutus
2864 690 2939 735 est
2974 680 3227 735 Dominus
3263 687 3333 735 ad
3364 682 3598 752 Moysen,
3637 684 3842 737 dicens.

2456 772 2674 841 cipuum
2696 774 2937 826 ostendit
2963 774 3303 837 mandatum,
3341 791 3405 827 ex
3431 790 3499 828 eo
3529 775 3670 843 quod
3704 785 3759 829 ct
3814 776 3870 828 in
3912 777 4053 844 ipso,

2456 862 2914 931 quemadmodum
2943 872 2998 916 ct
3028 862 3081 915 in
3112 875 3335 932 peccato
3366 864 3433 919 de
3464 866 3671 920 sanctis
3696 865 3877 919 Deum
3898 866 4052 934 loqui

2455 954 2622 1023 Moysi
2655 955 2967 1023 specialiter
3000 958 3244 1024 exponit.

2490 1071 2496 1079 -
2531 1044 2755 1098 Locutus
2785 1055 3026 1116 estergo.
3055 1046 3246 1100 Anima
3292 1063 3409 1116 qua:
3453 1049 3772 1117 peccaverit,
3836 1056 3887 1100 et
3930 1064 4055 1099 con-

2457 1145 2650 1206 tempto
2684 1137 2795 1191 Deo
2834 1139 3101 1208 negaverit
3125 1140 3418 1206 depositum
3458 1142 3696 1207 proximo
3735 1156 3860 1205 suo,
3914 1144 4055 1210 quod

2454 1234 2577 1302 ﬁdei
2618 1236 2730 1305 ejus
2758 1238 3017 1290 creditu'm
3066 1239 3247 1308 fuerit,
3289 1237 3369 1290 vel
3409 1238 3459 1290 vi
3492 1237 3699 1307 aliquid
3742 1238 4054 1298 euenerit,

2456 1336 2548 1379 aut
2578 1328 2903 1382 calumniam
2932 1330 3131 1399 fecerit,
3167 1331 3272 1383 sive
3302 1347 3410 1383 rem
3452 1332 3717 1397 perditam
3762 1332 4051 1393 invenerit,

2458 1429 2504 1471 et
2551 1419 2795 1486 inliciaris
2832 1422 3043 1489 insuper
3071 1422 3355 1490 jurarerit.
3399 1421 3531 1487 Quae
3579 1424 3747 1476 verba
3792 1422 3942 1475 LXX
3980 1425 4055 1476 sic

2457 1504 2627 1559 edunt
2655 1523 2667 1558 :
2703 1508 2896 1560 Anima
2920 1525 3240 1578 qutccunqne
3287 1512 3596 1577 peccaverit,
3648 1522 3696 1563 et
3729 1512 4055 1579 pra’terierit

2458 1607 2716 1664 prwcepta
2744 1598 2977 1665 Domini,
3010 1611 3057 1653 et
3084 1602 3371 1654 mentiatur
3415 1604 3468 1654 in
3509 1604 3840 1671 prox-imum,
3880 1606 3939 1655 in
3972 1606 4057 1655 de-

2458 1690 2626 1756 posito
2653 1700 2743 1742 aut
2768 1691 2833 1744 de
2873 1693 3144 1757 societate,
3177 1704 3268 1746 aut
3314 1699 3377 1747 de
3417 1696 3606 1761 rapina
3658 1698 3836 1748 nocuit
3872 1700 4057 1762 prox?-

2459 1796 2622 1845 mum,
2660 1791 2707 1835 et
2732 1783 2984 1836 invenerit
3011 1786 3377 1852 perditionem,
3409 1796 3455 1838 et
3480 1790 3767 1839 mentietur
3806 1788 3866 1838 in
3902 1805 3991 1849 ea,
4014 1799 4057 1840 et

3904 684 4051 737 Pro:-

778 1893 1094 1949 purgemur,
1144 1883 1449 1946 reputetur,
1483 1873 1739 1927 delictum
1773 1870 2036 1925 autemid
2075 1869 2220 1938 quod
2277 1876 2357 1922 est
2388 1850 2429 1905 Β
2453 1868 2720 1937 juravcrit
2760 1873 2972 1941 injuste.
3011 1850 3133 1928 rNon
3165 1885 3349 1929 autem
3397 1874 3595 1930 frustra
3630 1878 3713 1931 b?s
3768 1878 3919 1933 dixit
3956 1898 3969 1931 τ
4006 1878 4059 1932 Si

777 1984 969 2025 contra
1024 1970 1337 2033 Dominum,
1385 1968 1628 2036 duplicat
1676 1966 1821 2020 enim
1873 1964 2135 2019 delictum
2162 1978 2359 2017 secun-

776 2063 907 2115 dum
939 2058 1080 2113 LXX
1110 2060 1299 2113 dicens
1342 2074 1356 2110 :
1398 2056 1627 2125 Deliqnit
1654 2056 1793 2108 enim
1815 2054 2061 2107 delictum
2088 2062 2213 2105 ante
2254 2052 2361 2106 Do-

778 2155 1001 2207 minum.
1041 2152 1106 2204 Et
1138 2153 1241 2205 hoc
1281 2152 1441 2219 cujus
1472 2149 1547 2202 rei
1574 2147 1783 2218 gratia?
1810 2147 2079 2213 Quoniam
2104 2145 2360 2200 delictum

778 2258 901 2297 esse
932 2242 1265 2297 intellectum
1300 2239 1415 2292 sive
1465 2238 1827 2307 cognitionem
1869 2236 2075 2306 peccati
2104 2235 2359 2301 diximus,

779 2343 836 2387 et
881 2333 1060 2385 omnis
1115 2332 1279 2384 homo
1336 2329 1557 2397 quidem
1604 2328 1837 2381 naturali
1901 2329 2026 2396 jure
2076 2327 2362 2382 scientiam

781 2425 990 2493 peccati
1026 2422 1211 2485 habet,
1245 2420 1341 2474 sed
1374 2420 1484 2481 hic,
1520 2420 1662 2473 sicut
1712 2418 1970 2481 diximus,
2000 2432 2121 2471 eam
2175 2432 2363 2471 amore

782 2515 1073 2569 libidinum
1106 2514 1430 2567 tenebravit.
1462 2512 1615 2565 Alius
1675 2520 1857 2566 autem
1904 2512 2108 2565 tardior
2148 2520 2365 2565 natura-

783 2610 908 2664 liter
936 2618 1037 2675 est,
1069 2620 1123 2663 et
1152 2609 1377 2662 alterius
1407 2608 1711 2662 doctrinam
1740 2608 1952 2663 habens
1978 2609 2358 2663 necessariam.

783 2700 874 2755 Sic
895 2716 1023 2769 ergo
1046 2709 1140 2754 aut
1166 2699 1508 2769 resipiscenti
1539 2700 1611 2763 ei,
1646 2709 1740 2753 aut
1772 2701 1842 2754 ab
1871 2700 1978 2753 alio
2003 2701 2233 2755 discenti
2264 2700 2363 2753 de-

785 2792 992 2847 lictum,
1025 2791 1077 2845 id
1108 2799 1193 2845 est
1243 2790 1453 2860 peccati
1484 2790 1799 2853 scientiam,
1832 2792 2015 2845 delicti
2072 2801 2362 2861 perpetra-

787 2883 864 2937 tio
916 2891 1043 2936 ante
1075 2882 1385 2943 Dominum,
1416 2882 1613 2950 duplex
1668 2898 1756 2950 pet
1805 2883 2099 2937 scientiam
2139 2892 2363 2950 reputa-

788 2984 898 3036 tur,
928 2983 1056 3027 tunc
1089 2975 1234 3028 enim
1270 2976 1409 3027 Deus
1432 2976 1551 3043 ejus
1585 2975 1866 3028 scientiam
1897 2975 2183 3028 obnoxiam
2214 2975 2360 3040 facit,

787 3076 843 3120 et
875 3065 1206 3120 sacrificium
1239 3082 1337 3136 per
1378 3066 1739 3136 ignorantiam
1768 3083 1797 3121 c
1830 3079 2053 3137 peccato
2094 3067 2276 3137 exigit,
2308 3076 2364 3121 et

785 3158 1189 3228 paenitentiam.

1384 3247 1611 3303 CAPUT
1644 3248 1729 3303 Π.

856 3339 1025 3393 "Vens.
1080 3341 1196 3393 '1-7.
1259 3338 1542 3393 «Locutus
1604 3349 1687 3393 est
1743 3339 2004 3394 Dominus
2052 3341 2119 3394 ad
2148 3340 2364 3410 Moysen

792 3430 1011 3485 dicens:
1052 3429 1244 3483 Anima
1287 3444 1407 3497 qua:
1452 3428 1779 3497 peccaverit.
1814 3438 1869 3483 ct
1897 3440 2211 3501 contempto
2259 3433 2365 3486 lico

792 3520 1072 3591 negaverit
1092 3521 1399 3589 depositum
1440 3522 1689 3589 proximo
1725 3537 1843 3587 suo,
1891 3523 2033 3591 quod
2079 3522 2201 3576 fidei
2245 3524 2365 3593 ejus

792 3613 1056 3666 creditum
1099 3611 1282 3675 fuerit,
1309 3612 1393 3665 vel
1422 3612 1468 3664 vi
1491 3612 1690 3681 aliquid
1708 3615 2014 3680 extorserit,
2042 3625 2135 3669 aut
2156 3617 2363 3669 calum-

790 3702 937 3755 :iiam
974 3702 1166 3755 fecerit
1204 3719 1215 3753 :
1249 3702 1364 3755 sive
1406 3718 1518 3755 rem
1551 3704 1819 3772 perditam
1850 3705 2137 3771 invenerit,
2164 3717 2220 3760 et
2278 3708 2363 3760 in-

792 3793 979 3847 ﬁcians
1024 3794 1247 3862 insuper
1298 3794 1586 3863 juraverit,
1651 3804 1707 3849 et
1763 3798 2043 3864 quodlibet
2097 3800 2239 3853 aliud
2294 3816 2364 3855 ex

793 3884 1040 3952 pluribus
1071 3884 1281 3946 fecerit,
1305 3884 1359 3936 in
1388 3884 1585 3953 quibus
1614 3900 1841 3954 peccare
1889 3889 2067 3941 solent
2115 3891 2363 3944 homines

793 3972 1032 4026 convicti
1079 3972 1282 4035 delicti,
1331 3974 1522 4027 reddet
1563 3974 1750 4027 omnia
1792 3991 1913 4044 quae
1956 3977 2147 4032 fraude
2193 3978 2365 4034 voluit

792 4062 1039 4116 obtinere
1056 4062 1283 4132 integra,
1316 4063 1633 4131 etquintam
1657 4064 1883 4134 insuper
1898 4076 2108 4135 partem
2132 4069 2364 4123 Domino

792 4153 880 4204 cui
919 4152 1176 4205 damnum
1222 4152 1501 4216 intulerat,
1536 4168 1632 4223 pro
1662 4164 1886 4223 peccato
1913 4166 2093 4210 autem
2139 4172 2239 4211 suo
2280 4156 2365 4212 of-

792 4239 931 4293 feret
969 4239 1194 4294 arietem
1215 4241 1626 4295 immaculatum
1655 4242 1723 4296 de
1763 4258 1945 4313 grege,
1974 4253 2027 4299 et
2058 4246 2209 4299 dabit
2238 4262 2362 4300 cum

792 4329 1058 4382 sacerdoti
1087 4328 1240 4397 juxta
1263 4331 1683 4384 aestimationem
1714 4347 2134 4403 mensuramque
2158 4336 2360 4401 delicti,

791 4420 883 4487 qui
907 4419 1115 4487 rogabit
1144 4435 1242 4488 pro
1267 4435 1334 4473 co
1361 4436 1544 4474 coram
1578 4420 1830 4486 Domino,
1875 4434 1931 4479 et
1958 4425 2265 4481 dimittetur
2289 4427 2362 4481 illi

792 4520 891 4574 pro
928 4506 1155 4574 singulis
1183 4522 1304 4574 qua:
1330 4506 1577 4562 faciendo
1598 4510 1924 4575 peccaverit.
1964 4530 1984 4559 γ»

864 4598 1055 4651 Cernis
1094 4598 1240 4665 quod
1288 4598 1344 4652 in
1387 4599 1580 4652 eodem
1631 4600 1822 4653 ordine
1882 4616 2026 4667 esse,
2081 4612 2360 4671 peccatum

792 4687 937 4754 quod
972 4687 1024 4739 in
1057 4696 1265 4751 sancta,
1298 4696 1352 4741 et
1376 4689 1429 4743 id
1451 4689 1959 4759 quodjurejurando
1984 4695 2360 4761 committitur,

792 4778 1017 4845 spiritus
1047 4777 1140 4831 Dei
1175 4778 1371 4842 tradit;
1396 4788 1547 4848 patet
1574 4788 1753 4834 autem
1784 4797 1845 4834 cx
1863 4798 1930 4835 eo
1954 4785 2098 4851 quod
2129 4784 2181 4837 in
2211 4793 2365 4839 utro-

791 4884 897 4937 que
924 4868 1067 4922 idem
1085 4870 1273 4921 arietis
1302 4870 1631 4924 sacrificium
1654 4871 1837 4927 offerri
1867 4877 2145 4945 praecepit.
2186 4877 2359 4941 Quam

793 4959 864 5013 ob
892 4974 1007 5013 rem
1056 4960 1211 5013 enim
1248 4959 1409 5029 paulo
1448 4968 1576 5014 ante
1607 4961 1662 5014 iu
1691 4963 1841 5016 omni
1877 4973 2103 5033 peccato
2138 4966 2363 5021 arietem

790 5048 953 5117 jussit
981 5049 1186 5114 otferri,
1218 5066 1329 5104 non
1371 5067 1401 5104 a
1452 5052 1612 5105 nobis
1640 5053 2017 5122 conjicientes,
2052 5056 2148 5111 sed
2183 5058 2365 5112 inten-

797 5141 999 5194 tionem
1039 5141 1366 5211 legislatoris
1400 5155 1714 5212 sequentes,
1758 5144 2013 5201 diximus.
2040 5146 2151 5201 Cur
2184 5158 2365 5203 autem

796 5245 1077 5300 peccatum
1103 5234 1246 5301 quod
1271 5234 1629 5302 jurejurando
1658 5242 1762 5298 est,
1823 5247 1878 5290 et
1905 5239 2049 5306 quod
2082 5238 2138 5292 in
2164 5241 2366 5296 sanctis

794 5322 1149 5387 coniunctum
1192 5325 1439 5392 putavit?
1478 5323 1610 5389 Quia
1638 5327 1950 5382 omnimodo
1977 5339 2270 5400 utrumque
2298 5333 2362 5386 ad

794 5410 962 5464 Deam
992 5414 1229 5479 pertinet
1258 5431 1270 5466 :
1304 5424 1360 5469 et
1398 5416 1493 5482 qui
1528 5417 1912 5486 jusjurandum
1940 5424 2361 5493 transgreditur,

795 5518 904 5557 non
942 5508 1116 5559 solum
1161 5506 1419 5573 proximo
1457 5517 1637 5574 nocet,
1681 5511 1777 5565 sed
1817 5521 1872 5565 et
1912 5513 2013 5580 ipsi
2048 5513 2175 5579 Deo,
2201 5532 2363 5585 quem

796 5594 1155 5650 mediator.“er
1178 5597 1328 5663 fecit,
1354 5598 1609 5667 injuriam
1653 5599 1819 5667 facit;
1856 5602 2055 5657 docere
2084 5614 2265 5660 autem
2313 5617 2362 5662 te

896 5792 937 5821 "
981 5788 1115 5844 l’sal.
1167 5810 1343 5859 unt,
1393 5795 1443 5847 5.

2463 1962 2761 2015 mentietur.
2811 1964 2998 2033 Neque
3021 1965 3169 2019 enim
3198 1967 3336 2022 solet
3356 1968 3535 2022 divina
3556 1967 3843 2037 Scriptura
3863 1972 4058 2023 eadrm

2462 2050 2626 2104 verba
2661 2059 2931 2121 repetere,
2975 2071 3096 2125 qua:
3143 2068 3199 2111 et
3249 2060 3419 2113 multa
3462 2061 3714 2115 omitte:e
3763 2063 4058 2116 brevitatis

2461 2158 2626 2198 causa
2663 2146 2898 2199 videtur.
2938 2145 3036 2201 llic
3068 2164 3197 2221 ergo
3227 2152 3585 2221 jnrisjurandi
3616 2158 4057 2225 transgressiOni

2464 2233 2807 2289 mendacium
2841 2248 3156 2307 comparat:
3178 2251 3233 2295 et
3255 2242 3378 2296 ideo
3400 2246 3654 2313 superius
3675 2249 3910 2316 quidem
3944 2251 4059 2304 sine

2459 2323 2820 2393 jurejurando
2877 2334 3353 2400 commemoravit,
3388 2335 3477 2391 hic
3527 2345 3711 2391 autem
3760 2342 4060 2395 mendacio

2458 2412 2844 2482 jusjurandum
2878 2418 3197 2487 conjunxit;
3233 2422 3309 2475 ait
3339 2423 3487 2477 enim
3519 2442 3532 2478 :
3562 2424 3630 2478 Et
3674 2430 3945 2481 mentitur
3967 2444 4060 2499 pro

2462 2523 2546 2573 ea,
2572 2518 2621 2561 et
2634 2508 2901 2577 juraverit
2947 2511 3162 2580 injuste.
3203 2513 3337 2568 Nam
3381 2526 3437 2571 et
3488 2519 3672 2572 caeteri
3716 2519 4060 2590 interpretes

2462 2601 2657 2671 Aquila
2704 2613 2761 2658 et
2807 2605 3185 2670 Theodotion,
3238 2618 3294 2663 et
3336 2610 3697 2680 Symmachus
3748 2614 3847 2668 ubi
3901 2616 4060 2669 dixe-

2464 2704 2595 2749 runt
2628 2693 2771 2748 LXX
2803 2715 2817 2751 :
2855 2696 2913 2751 Si
2939 2700 3115 2752 nocuit
3156 2701 3359 2771 aliquid
3414 2705 3713 2771 proximum
3738 2723 3899 2761 suum
3924 2749 3940 2769 ,
3975 2709 4057 2763 isti

2462 2783 2520 2839 Si
2543 2786 2901 2842 calumniatus
2925 2800 2998 2843 est
3033 2792 3257 2861 aliquid.
3309 2792 3466 2859 Quod
3518 2795 3819 2864 intuentes,
3878 2801 4059 2855 absti-

2462 2890 2692 2931 neamus
2743 2893 2847 2932 nos
2879 2882 3005 2934 totis
3045 2881 3251 2938 viribus
3288 2899 3318 2937 a
3355 2884 3583 2952 fallacia,
3616 2890 3882 2957 quoniam
3911 2893 4058 2947 Deus

2463 2979 2562 3034 per
2585 2965 2857 3022 fallaciam
2890 2969 3202 3039 injuriatur,
3232 2974 3325 3042 qui
3350 2977 3551 3033 veritas
3578 2988 3682 3034 est.
3718 2982 3828 3035 Sed
3853 2990 3912 3036 et
3947 2984 4055 3038 vim

2464 3072 2559 3111 seu
2590 3059 2834 3129 rapinam
2861 3075 2986 3116 cum
3012 3073 3213 3131 negato
3239 3066 3511 3137 deposito,
3562 3071 3645 3123 vel
3692 3071 3840 3127 sicut
3883 3076 4052 3130 etiam

2388 3179 2432 3236 α
2467 3145 2819 3220 Septuaginta
2856 3152 3050 3206 dicunt
3095 3172 3109 3208 :
3143 3170 3269 3209 cum
3342 3158 3622 3223 societate,
3675 3166 4054 3231 commiscuit,

2466 3256 2630 3295 omne
2660 3242 2926 3311 injustum
2958 3243 3169 3299 lucrum
3198 3247 3307 3301 vim
3339 3264 3437 3303 seu
3484 3252 3728 3319 rapinam
3772 3256 4055 3324 judicans.

2467 3329 2812 3386 Manifestum
2844 3345 2929 3389 est
2955 3346 3137 3392 autem
3169 3353 3236 3391 ex
3263 3339 3349 3394 his
3370 3357 3491 3409 qua:
3510 3344 3853 3399 subuectant
3875 3348 4019 3404 LXX
4042 3370 4054 3404 :

2467 3420 2586 3474 Erit
2608 3439 2725 3476 cum
2766 3430 3055 3493 peccaverit
3080 3438 3128 3482 et
3151 3432 3471 3499 pmnituerit,
3514 3445 3562 3487 et
3598 3439 3893 3495 reddiderit
3923 3446 4058 3512 rapi-

2467 3527 2591 3565 nam
2622 3531 2783 3583 quam
2812 3520 3013 3585 rapuit,
3046 3521 3126 3573 vel
3154 3522 3477 3590 injustitiam
3502 3544 3661 3595 quant
3692 3532 3903 3600 injuste
3934 3538 4057 3605 egit.

2466 3614 2561 3657 aut
2584 3606 2874 3675 depositum
2912 3611 3049 3673 quod
3091 3612 3384 3680 depositum
3408 3629 3485 3670 est
3522 3621 3591 3683 ei,
3641 3623 3751 3675 sive
3787 3630 4058 3691 perditum

2466 3696 2603 3764 quod
2624 3697 2841 3764 invenit,
2865 3700 3007 3767 quod
3041 3706 3466 3773 unumquodque
3501 3712 3896 3778 praedictorum
3933 3735 4059 3786 pec-

2465 3798 2715 3843 catorum
2750 3791 2836 3845 his
2868 3808 2989 3861 quae
3018 3806 3411 3851 connumerata
3441 3810 3571 3854 sunt
3598 3803 3780 3858 simile
3803 3807 3900 3860 sit.
3930 3808 4059 3863 Pro-

2466 3885 2588 3946 pter
2618 3881 2761 3934 enim
2784 3883 3069 3938 avaritiam
3096 3888 3477 3948 committitur.
3520 3890 3833 3964 Unicuique
3869 3909 4053 3953 autem

2465 3980 2655 4022 eorum
2690 3983 2853 4040 caput
2886 3974 3087 4043 ipsum,
3114 3988 3170 4031 et
3199 3978 3445 4046 quintam
3475 3983 3596 4037 addi
3630 3990 3938 4057 przecepit;
3967 3996 4055 4045 Sed

2467 4057 2557 4112 hic
2587 4075 2698 4113 non
2731 4065 3021 4131 sacerdoti,
3056 4067 3151 4121 sed
3167 4068 3217 4120 ei
3248 4070 3340 4137 qui
3371 4070 3507 4139 inju:
3522 4073 3694 4127 titiam
3730 4093 3943 4145 passus
3977 4095 4055 4137 est

2466 4147 2580 4203 dari
2612 4153 2867 4222 praecepit
2890 4154 3156 4222 quintam,
3180 4158 3234 4212 in
3268 4160 3450 4215 verbis
3478 4162 3867 4224 differentibus
3900 4173 4056 4227 simi-

2466 4238 2537 4292 lia
2566 4240 2826 4296 sentiens.
2871 4243 3141 4309 Quoniam
3179 4249 3327 4303 enim
3366 4267 3490 4306 cum
3522 4269 3589 4309 eo
3630 4257 3725 4325 qui
3784 4262 4053 4331 praejudi-

2466 4332 2608 4385 cium
2642 4349 2832 4402 passus
2863 4345 2947 4392 est
2980 4338 3033 4391 in
3056 4340 3245 4408 rapina
3267 4344 3351 4396 vel
3386 4344 3439 4397 in
3472 4346 3736 4415 deposito,
3773 4362 3831 4406 et
3860 4365 4056 4409 contra

2466 4421 2643 4492 ipsum
2679 4441 2895 4496 quoque
2936 4426 3105 4483 Deum
3140 4430 3344 4501 injuste
3378 4436 3554 4505 agitur
3604 4454 3702 4506 per
3738 4440 4055 4515 fallaciam,

2379 4500 2439 4555 ιῙ)
2471 4516 2551 4568 vel
2612 4518 2933 4585 perjurium,
3012 4532 3159 4576 recte
3200 4500 3437 4579 horum.
3466 4500 3711 4597 quintam
3756 4534 3884 4590 Deo
3942 4500 4055 4595 dari

2464 4605 2642 4701 jubet,
2677 4609 2743 4661 ad
2770 4625 2931 4678 quem
2966 4614 3139 4666 tendit
3166 4615 3382 4682 injuria.
3407 4618 3605 4683 Quinta
3638 4633 3824 4679 autem
3865 4629 4056 4701 lingua

2469 4705 2571 4749 est.
2607 4696 2733 4751 Esse
2760 4700 2905 4754 enim
2929 4702 3175 4770 quintam
3207 4708 3369 4760 etiam
3422 4710 3563 4765 hanc
3619 4715 3882 4781 diximus,
3930 4696 4055 4777 cum

2470 4787 2541 4839 sit
2580 4804 2683 4842 una
2705 4790 2773 4843 de
2791 4792 3033 4861 quinque
3064 4796 3335 4852 sensibus.
3363 4798 3629 4873 llaecergo
3649 4804 3884 4863 oﬂ‘crtur
3923 4811 4052 4877 Deo,

2471 4886 2531 4931 ut
2560 4880 2820 4949 deinceps
2852 4898 2963 4937 non
2984 4895 3191 4953 peccet,
3220 4889 3344 4958 quia
3369 4907 3464 4959 per
3494 4894 3665 4963 ipsam
3696 4907 4056 4972 unumquod-

2471 4986 2578 5040 que
2601 4972 2983 5041 praedictorum
3006 4978 3383 5035 committitur.
3427 4984 3566 5053 Ergo
3624 4988 3818 5046 cadent
3877 4998 4055 5049 sancit

2473 5061 2529 5115 in
2578 5062 2962 5119 differentibus
3002 5068 3207 5133 verbis,
3250 5080 3306 5124 et
3353 5072 3646 5142 aliquando
3710 5080 3944 5147 quidem
4002 5087 4052 5138 in

2471 5166 2703 5221 persona
2723 5156 3041 5224 sacerdotis,
3071 5158 3363 5227 aliquando
3383 5172 3564 5218 autem
3589 5167 3642 5219 in
3672 5169 3792 5236 ejus
3824 5180 3925 5241 qui
3970 5177 4055 5230 in-

2465 5242 2734 5311 justitiam
2780 5261 2974 5315 passus
3005 5260 3088 5303 est
3130 5249 3301 5304 Deum
3348 5252 3619 5323 ﬁguravit.
3660 5257 3771 5313 Aut
3807 5264 3939 5330 quia
3969 5282 4053 5320 se-

2470 5336 2710 5389 cundum
2748 5339 2993 5393 eamdem
3026 5341 3297 5397 rationem
3323 5354 3377 5398 et
3401 5348 3655 5403 sacerdos
3677 5362 3873 5408 noster
3898 5356 4057 5411 01ιεί-

2471 5434 2590 5480 stus
2618 5441 2763 5491 esse,
2787 5437 2843 5481 et
2872 5429 3159 5485 nobiscum
3218 5447 3317 5501 pro
3350 5434 3509 5489 nobis
3560 5436 3892 5506 injustitiam
3943 5448 4053 5513 pati

2470 5516 2733 5582 creditur,
2778 5520 3079 5575 secundum
3124 5521 3296 5592 legem
3336 5526 3591 5583 videlicet
3646 5538 4052 5601 compassionis

2472 5618 2693 5671 nostrae,
2725 5608 2779 5661 in
2809 5610 2915 5664 fine
2946 5612 3246 5669 sanctionis
3275 5614 3439 5684 hujus
3474 5621 3699 5674 arietem
3734 5622 3896 5690 jubet
3952 5627 4053 5682 im-
