4218 6448
196 431 304 494 845

1352 435 1894 494 INI.E\'1TICUM-
1933 461 1996 470 -
2032 436 2176 494 LIB.
2215 436 2296 495 II.

3342 423 3453 508 ets

187 543 522 597 maculatum
549 544 814 598 sacerdoti
843 543 1049 610 offerri,
1080 549 1170 615 qui
1224 558 1342 602 oret
1371 559 1426 602 ct
1487 550 1767 603 remissio-
1797 559 1839 609 Α
1872 549 1976 619 pla,
2010 551 2212 618 quibus
2243 549 2323 602 uti
2352 550 2681 619 supplicanti
2705 549 2907 605 bonum
2934 551 3024 606 sit.
3057 551 3188 607 [hec
3215 553 3364 612 enim
3397 564 3451 612 tn

191 649 316 689 nem
356 636 622 691 obtineat.
679 635 883 691 Horum
927 647 1110 692 autem
1173 638 1449 694 sufﬁciens
1496 643 1769 710 expositio

188 735 291 787 est,
325 741 392 779 ex
421 726 506 780 his
544 743 665 796 quae
702 729 755 781 in
786 730 1000 784 delictis
1041 740 1353 786 sanctorum
1414 733 1555 788 dicta
1619 743 1766 788 sunt.

192 818 302 872 Sed
332 834 434 873 nos
456 819 524 872 ab
547 829 777 889 utroque
812 832 1054 887 peceato,
1106 825 1276 893 magis
1308 834 1489 879 autem
1516 826 1584 879 ab
1619 825 1764 879 omni

195 909 580 978 resipiscentes
600 911 976 966 custodiamus
1007 915 1390 983 nosmetipsos.
1424 916 1479 970 Si
1503 917 1650 970 enim
1685 916 1767 969 vel

190 1002 246 1054 in
277 1018 388 1055 uno
418 1003 660 1072 quolibet
688 1019 876 1058 eorum
905 1006 1022 1074 capi
1056 1022 1179 1069 nos,
1215 1019 1308 1060 aut
1345 1009 1584 1063 incidere
1632 1023 1766 1061 con-

190 1093 397 1162 tigerit,
434 1094 700 1148 habemus
729 1095 1132 1166 deprecationis
1157 1106 1212 1151 et
1250 1098 1540 1154 oblationis
1583 1114 1766 1154 exem-

1873 640 2043 710 ﬁgura
2069 642 2435 711 contingebant
2477 642 2584 696 illis
2625 658 2642 696 :
2686 643 2882 709 scripta
2937 652 3058 697 sunt
3122 655 3303 700 autem
3380 650 3451 703 ad

1874 742 2110 786 nostram
2140 734 2542 801 correptionem,
2583 733 2638 785 in
2670 749 2798 803 quos
2830 733 2960 802 ﬁnes
3002 735 3316 792 swculorum
3356 739 3453 792 de-

1875 835 2119 879 venerunt
2151 827 2220 882 ‘9.
2253 826 2312 880 In
2360 824 2582 880 Christo
2612 816 2744 880 Jesu
2799 825 3035 881 Domino
3079 839 3287 885 nostro.
3345 830 3453 901 lpsi

1873 917 2040 987 gloria
2067 932 2191 972 cum
2219 916 2401 985 Patre,
2437 925 2494 972 et
2515 917 2722 987 Spiritu
2745 925 2958 985 sancto,
2991 934 3142 975 nunc
3171 928 3225 976 et
3254 921 3311 976 in
3349 935 3451 976 sa:-

1878 1012 1997 1066 cula
2033 1012 2375 1067 saeculorum.
2413 1010 2610 1067 Amen.

209 1199 3404 1231 _____._________________________________

1278 1395 1630 1482 LIBER
1709 1392 2355 1482 SECUNDUS.

561 1761 715 1816 CAP.
753 1760 820 1816 Vl
861 1760 1041 1814 PARS
1080 1761 1379 1817 ALTERA.

262 1849 423 1905 Vens.
459 1852 609 1906 8-12.
645 1873 664 1904 ‹
695 1853 932 1907 Locutus
966 1863 1054 1906 cst
1096 1853 1360 1907 Dominus
1391 1852 1458 1906 ad
1521 1851 1761 1923 Moysen,

1873 1761 1979 1815 Sed
2014 1762 2141 1831 quia
2172 1761 2548 1816 holocaustum
2576 1764 2851 1832 quomodo
2889 1763 3254 1832 particulatim
3307 1763 3450 1820 divi-

1871 1852 2049 1916 datur,
2093 1853 2370 1922 quomodo
2404 1852 2718 1908 effundatur
2747 1855 2868 1925 ejus
2899 1856 3140 1925 sanguis,
3175 1845 3449 1925 quomodo

187 1944 418 1998 dicens:
461 1943 700 2014 Pracipe
734 1945 916 1999 Aaron
958 1955 1013 2000 et
1053 1945 1177 1998 filiis
1215 1946 1354 2016 ejus.
1394 1945 1519 2000 llaec
1571 1954 1648 1999 est
1681 1944 1767 1999 lex
1803 1928 1841 1982 Β
1873 1944 2188 2015 imponatur
2211 1961 2375 2016 super
2406 1946 2597 2012 altare,
2658 1946 2712 2000 in
2745 1946 2902 2001 initio
2938 1947 3100 2016 hujus
3133 1948 3257 2002 libri
3287 1947 3450 2002 Leri-

188 2037 533 2092 holocausti:
581 2038 917 2092 cremabitur
948 2038 1001 2091 in
1048 2039 1205 2093 altari
1257 2047 1367 2093 tota
1397 2049 1559 2092 nocte
1598 2051 1768 2107 usque

185 2131 256 2183 ad
282 2146 480 2186 mane:
515 2131 655 2200 ignis
680 2147 742 2185 ex
777 2131 970 2186 eodem
1001 2131 1154 2186 altari
1195 2132 1323 2188 erit.
1361 2130 1635 2185 Vestietur
1680 2145 1769 2184 sa-

187 2224 384 2277 cerdos
412 2224 619 2290 tunica,
651 2233 706 2278 et
733 2223 1080 2278 feminalibus
1103 2223 1262 2279 lineis
1293 2242 1306 2279 :
1338 2223 1597 2292 tolletque
1623 2223 1770 2279 cine-

188 2330 279 2370 res
341 2332 480 2387 quos
551 2333 751 2371 vorans
799 2317 937 2388 ignis
997 2316 1226 2378 exussit,
1287 2325 1343 2370 et
1391 2324 1558 2385 ponet
1616 2316 1768 2385 juxta

186 2409 385 2462 altare.
463 2409 796 2478 Spoliabitur
875 2409 1146 2481 prioribus
1189 2409 1545 2474 vestimentis,
1605 2407 1768 2462 indu-

187 2508 387 2569 tusque
429 2501 566 2564 aliis,
608 2501 800 2555 efferet
844 2517 938 2555 eos
968 2511 1120 2555 extra
1177 2510 1372 2565 castra,
1434 2509 1487 2554 et
1532 2499 1586 2553 in
1647 2500 1766 2554 loco

187 2588 568 2656 mundissimo,
627 2605 797 2657 usque
857 2591 924 2645 ad
973 2590 1208 2645 favillam
1269 2592 1518 2646 consumi
1581 2591 1763 2647 faciet.

188 2680 337 2751 Ignis
361 2689 544 2734 autem
568 2681 622 2734 in
654 2681 809 2734 altari
832 2697 1050 2752 semper
1075 2682 1310 2744 ardebit,
1344 2697 1506 2751 quem
1561 2683 1767 2737 nutriet

186 2775 448 2832 sacerdos
496 2774 795 2843 subjiciens
825 2773 968 2842 ligna
1007 2787 1166 2826 mane
1194 2787 1287 2842 per
1339 2772 1578 2842 singulos
1625 2772 1765 2838 dies,

187 2873 246 2919 et
273 2864 528 2935 imposito
561 2865 901 2928 holocausto,
933 2864 1170 2933 desuper
1195 2863 1436 2917 adolebit
1465 2863 1654 2932 adipes
1676 2879 1766 2932 pa-

184 2956 489 3010 cificorum.
535 2956 677 3026 Ignis
725 2963 812 3009 est
860 2955 964 3009 iste
1016 2964 1330 3025 perpetuus,
1359 2954 1450 3024 qui
1485 2969 1763 3023 nunquam

183 3048 410 3104 deficiet
433 3049 486 3102 in
523 3047 703 3102 altari.
737 3066 756 3098 ι

262 3139 397 3205 Quia
454 3138 777 3210 legislatoris
833 3138 1054 3192 modum
1113 3136 1442 3192 sufﬁcienter
1506 3138 1561 3191 in
1627 3153 1766 3207 prae.

189 3231 517 3285 cedentibus
567 3230 926 3294 ostendimus,
982 3237 1037 3283 et
1095 3229 1451 3298 expositionis
1507 3229 1762 3300 legalium

190 3323 486 3379 verborum
511 3321 926 3376 fundamentum
962 3321 1200 3390 positum
1259 3326 1362 3384 est,
1419 3326 1571 3373 extra
1618 3319 1763 3387 quod
1793 3307 1836 3367 C

188 3412 341 3469 aliud
398 3428 560 3468 nemo
601 3411 982 3467 aedificandum
1047 3411 1105 3465 in
1178 3410 1374 3480 spiritu
1428 3423 1634 3481 ponere
1665 3423 1764 3478 po-

189 3515 301 3560 test
331 3522 346 3558 :
376 3503 626 3559 Christus
663 3503 808 3558 enim
854 3511 956 3566 est,
981 3502 1074 3571 qui
1109 3501 1267 3556 nobis
1308 3501 1446 3556 sicut
1491 3499 1766 3570 angularis

186 3596 402 3651 edificii
442 3595 580 3666 lapis
609 3611 707 3666 per
757 3603 923 3649 totam
975 3594 1108 3664 legis
1156 3593 1551 3662 expositionem
1588 3591 1760 3660 jacet;

187 3687 311 3757 ejus
346 3701 473 3757 ergo
517 3686 687 3757 gratia
741 3695 797 3740 et
851 3685 1122 3750 doctrina,
1172 3683 1298 3753 quia
1341 3693 1396 3737 et
1433 3681 1764 3736 architectus

187 3789 295 3842 est,
320 3794 534 3844 aurum,
563 3786 866 3849 argentum,
911 3776 1118 3847 lapides
1159 3774 1422 3846 pretiosos
1466 3773 1764 3844 superaedi-

189 3870 435 3926 ficemus.

265 3962 490 4014 Locutus
511 3969 584 4013 est
613 3959 867 4014 Dominus
889 3960 960 4012 ad
996 3958 1224 4028 Moysen,
1271 3959 1444 4011 dicens
1469 3973 1487 4009 :
1532 3955 1766 4022 Precipe

187 4055 370 4107 Aaron
403 4062 451 4105 et
473 4052 597 4122 filiis
627 4052 761 4120 ejus.
789 4049 918 4104 Haec
957 4058 1030 4103 est
1081 4050 1164 4102 lea:
1200 4047 1507 4101 liolocausti.
1556 4047 1656 4100 llic
1697 4045 1766 4100 de

185 4145 304 4215 jugi
338 4145 606 4200 sacrificio
647 4145 733 4197 Ir!
785 4142 1044 4209 loquitur,
1076 4141 1220 4211 quod
1244 4139 1486 4209 quotidie
1532 4139 1584 4192 in
1625 4138 1764 4191 libro

188 4237 361 4292 Exodi
385 4235 578 4290 offerre
603 4234 858 4304 praecepit
879 4232 1213 4298 sacerdotes;
1241 4231 1318 4284 ait
1339 4231 1483 4284 enim
1515 4231 1624 4284 sic:
1651 4228 1764 4282 Hoc

187 4338 266 4383 est
289 4329 424 4398 quod
451 4329 613 4398 facies
656 4328 712 4380 in
741 4325 903 4379 altari
937 4341 954 4377 :
995 4339 1157 4394 agnos
1196 4321 1467 4375 anniculos
1509 4321 1640 4374 duos
1669 4337 1763 4389 per

187 4422 424 4490 singulos
476 4421 588 4473 dies
625 4419 834 4488 jugiter
855 4418 940 4482 ";
985 4426 1040 4469 et
1079 4415 1242 4484 paulo
1307 4423 1447 4483 post.
1493 4412 1766 4468 Oblatione

187 4520 439 4580 perpetua
491 4511 546 4562 in
586 4509 944 4578 generationes
991 4505 1278 4559 vestras".
1340 4503 1480 4557 Dicit
1535 4512 1759 4558 autem:

190 4603 376 4658 Facies
408 4601 787 4663 holocaustum,
824 4614 989 4652 unum
1036 4613 1230 4668 agnum
1289 4613 1464 4660 mane,
1514 4605 1563 4649 et
1593 4597 1759 4648 alium

189 4695 354 4766 {acies
408 4709 614 4762 vespere
640 4691 707 4741 ⁸³.
744 4691 850 4744 Per
889 4691 1004 4742 haec
1047 4703 1174 4759 ergo
1207 4688 1576 4757 intelligimus,
1636 4687 1759 4756 quia

190 4782 250 4836 in
275 4795 461 4834 eorum
486 4778 704 4847 quidem
725 4778 816 4847 qui
842 4785 970 4831 sunt
989 4777 1056 4832 de
1087 4777 1261 4846 plebe,
1281 4775 1556 4830 voluntate
1575 4777 1761 4830 datum

190 4884 298 4934 est.
319 4872 362 4925 si
392 4872 582 4926 volunt
603 4871 800 4926 offerre
834 4871 1232 4935 holocaustum,
1262 4878 1480 4940 propter
1501 4869 1646 4939 quod
1673 4883 1761 4922 sa-

191 4964 456 5018 crificium
517 4963 649 5017 illud
699 4977 899 5017 munus
961 4977 1174 5026 eorum,
1227 4969 1417 5030 utpote
1465 4949 1764 5030 spontanea

187 5055 412 5119 oblatio,
433 5054 766 5108 nominatur.
788 5053 976 5123 Neque
1005 5054 1150 5107 enim
1178 5053 1357 5107 omnis
1385 5053 1548 5106 homo
1575 5051 1760 5121 perfe-

188 5146 492 5201 ctissimam
527 5145 696 5216 exigit
741 5144 1084 5214 sapientiam,
1126 5143 1382 5198 sacerdos
1417 5151 1595 5224 tamen
1639 5157 1761 5196 om-

187 5239 417 5294 nimodo
455 5238 618 5292 debet
670 5237 911 5307 perfecte
969 5250 1177 5305 sapere.
1235 5234 1564 5303 Perpetuum
1614 5234 1759 5289 enim

192 5329 549 5393 sacriﬁcium,
590 5328 642 5382 id
705 5335 788 5382 est
845 5327 1169 5381 continuum
1224 5325 1626 5388 holocaustum,
1678 5341 1764 5380 se-

191 5419 376 5475 cundo
407 5419 462 5473 in
497 5418 586 5473 die
617 5431 779 5472 mane
833 5427 888 5470 et
919 5431 1142 5484 vespere
1171 5415 1370 5469 offerre
1427 5414 1761 5484 praecipitur,

194 5523 311 5568 uta
351 5510 594 5581 perfecta
627 5508 893 5578 sapientia
932 5507 1218 5576 incipiens,
1261 5506 1315 5559 in
1342 5505 1532 5559 eadem
1591 5493 1761 5568 finiat,

190 5615 249 5659 et
293 5611 462 5660 totam
504 5617 656 5656 suam
710 5600 878 5654 vitam
919 5607 1208 5668 componat
1244 5597 1310 5652 ad
1351 5596 1763 5666 perfectionem.

267 5810 315 5840 '°
348 5809 365 5861 I
397 5808 523 5862 Cor.
553 5824 606 5868 x.
655 5807 738 5860 Il.

190 5881 241 5914 "
261 5879 404 5933 l’sal.
425 5893 610 5941 cxvni,
640 5876 761 5929 liti.
841 5876 886 5908 ⁸⁷
934 5874 1134 5944 Ephes.
1163 5887 1235 5936 γι,
1263 5871 1347 5924 Η.

814 5805 858 5835 ¹¹
912 5803 1084 5857 Exod.
1133 5804 1283 5858 ηιξ.
1330 5801 1420 5855 58.
1493 5802 1538 5832 ²¹
1565 5801 1693 5856 ibid.
1726 5801 1812 5854 Η..

1871 2038 1962 2092 tici
1993 2037 2269 2108 legislator
2307 2037 2581 2106 exposuit,
2618 2053 2763 2091 nunc
2791 2047 2979 2108 utpote
2998 2039 3101 2092 illis
3119 2039 3451 2096 sufﬁcienter

1869 2131 2049 2197 dictis,
2085 2131 2152 2186 de
2185 2132 2301 2185 solo
2334 2131 2468 2186 dicit
2516 2131 2972 2186 holocautomate.
3013 2133 3448 2203 ~Conscquenter

1867 2240 1997 2296 ergo
2028 2225 2270 2279 subdidit
2305 2247 2316 2281 :

1938 2318 2081 2388 Ignis
2107 2319 2163 2370 in
2194 2317 2366 2371 altare
2389 2334 2595 2388 semper
2618 2318 2840 2382 ardebit,
2875 2335 3026 2388 quem
3055 2320 3248 2372 nutriet
3273 2335 3449 2372 sacer-

1866 2412 1978 2464 dos.
2014 2409 2240 2479 Oportet
2269 2409 2470 2479 quippe
2496 2425 2621 2463 eum
2671 2409 2764 2479 qui
2801 2411 3202 2475 holocaustum,
3265 2408 3318 2463 id
3363 2417 3449 2465 est

1866 2501 2121 2572 perfecta:
2150 2501 2431 2571 sapientize
2463 2502 2836 2570 operationem
2872 2501 3056 2564 debet,
3107 2515 3324 2570 semper
3353 2513 3449 2554 ac-

1866 2594 2101 2648 cendere
2159 2594 2338 2664 ignem
2371 2593 2546 2648 sancti
2578 2591 2831 2663 Spiritus,
2862 2601 2913 2647 et
2955 2608 3064 2646 non
3130 2593 3312 2647 sinere
3358 2607 3449 2647 ex-

1866 2684 2086 2752 stingui.
2129 2683 2502 2754 Exstinguitur
2528 2694 2710 2738 autem
2745 2699 2934 2737 eorum
2975 2684 3175 2752 quibus
3215 2685 3448 2740 donatus

1865 2787 1950 2832 est
1982 2771 2340 2848 negligentia;
2365 2789 2588 2846 proper
2625 2775 2770 2845 quod
2802 2783 2858 2829 et
2891 2775 3092 2828 Paulus
3113 2776 3187 2830 ait
3223 2794 3237 2829 :
3271 2773 3444 2844 Spiri-

1866 2879 1975 2924 tum
2003 2870 2162 2924 nolite
2191 2871 2521 2939 exstinguere
2553 2867 2620 2932 “,
2658 2867 2808 2921 velut
2855 2867 2910 2920 in
2945 2876 3131 2920 nostra
3171 2873 3446 2936 potestate

1865 2961 1937 3014 sit
1966 2960 2202 3028 positum
2234 2959 2583 3026 exstinguere
2612 2958 2787 3022 illum,
2816 2956 2932 3010 sive
2960 2957 3284 3011 accendere.
3308 2956 3446 3012 Tota

1865 3060 2045 3106 autem
2075 3059 2237 3105 nocte
2269 3049 2486 3104 incendi
2525 3049 2704 3119 ignem
2735 3048 2919 3117 jussit,
2962 3063 3069 3102 non
3091 3047 3237 3117 quod
3270 3047 3324 3102 in
3353 3047 3446 3103 die

1865 3157 1973 3195 non
2006 3141 2408 3205 incenderetur,
2440 3140 2536 3195 sed
2573 3140 2846 3210 quomodo
2876 3139 3117 3195 secundo
3149 3138 3306 3194 fieret
3330 3139 3448 3195 die-

1864 3233 1967 3287 bus
1995 3232 2219 3303 singulis
2250 3232 2628 3286 holocaustum
2680 3247 2693 3284 :
2749 3245 2877 3284 nam
2935 3230 3062 3299 quia
3125 3229 3448 3286 manifestus

1867 3334 1987 3380 erat
2016 3325 2159 3395 ignis
2192 3324 2441 3386 diurnas,
2479 3333 2807 3377 nocturnum
2856 3322 3082 3377 addidit.
3121 3322 3259 3388 Quia
3316 3338 3448 3392 ergo

1865 3433 1974 3470 nox
2004 3417 2174 3487 caligo
2213 3425 2298 3470 est
2329 3415 2453 3471 vitae
2483 3415 2667 3484 hujus,
2694 3414 2745 3470 id
2797 3424 2902 3479 est,
2948 3430 3012 3468 ea
3069 3430 3190 3483 quae
3243 3414 3447 3468 multos

1866 3507 2076 3561 obtinet
2110 3506 2437 3576 ignorantia,
2499 3505 2567 3559 de
2609 3520 2712 3574 qua
2756 3504 2957 3558 Paulus
3008 3504 3229 3559 dicebat
3273 3523 3288 3556 τ
3331 3504 3448 3558 Nos

1865 3599 2146 3666 praeessit,
2184 3597 2294 3650 dies
2320 3606 2498 3650 autem
2531 3596 2978 3666 appropinquabit
3002 3597 3071 3658 ".
3104 3611 3208 3650 nos
3236 3611 3444 3666 prace-

1867 3691 1948 3759 pit
1969 3689 2059 3759 qui
2089 3689 2465 3743 holocaustum
2489 3688 2582 3741 Dei
2612 3687 2736 3741 facti
2769 3703 2978 3751 sumus,
3004 3688 3167 3741 etiam
3202 3688 3258 3742 in
3285 3697 3447 3742 nocte

1866 3779 2164 3833 accendere
2197 3778 2399 3848 ignem,
2430 3786 2490 3831 ut
2521 3792 2646 3831 cum
2678 3778 2768 3831 alii
2832 3779 3003 3847 legem
3039 3779 3447 3849 transgredian-

1865 3879 1974 3934 tur,
2006 3878 2060 3924 et
2095 3870 2295 3924 terreni
2329 3869 2459 3936 sint,
2504 3884 2604 3922 nos
2641 3868 2812 3923 simus
2842 3868 3175 3938 spirituales.
3221 3869 3446 3922 remini-

1866 3968 2081 4013 scentes
2111 3959 2276 4014 David
2309 3961 2583 4016 dicentem
2618 3978 2630 4013 :
2671 3959 2894 4026 Tempus
2918 3960 3169 4028 faciendi,
3200 3960 3443 4026 Domine,

1864 4051 2247 4118 dissipaverunt
2297 4051 2464 4113 iniqui
2504 4051 2667 4120 legem
2728 4051 2972 4114 tuam";
3027 4050 3245 4118 quando
3299 4051 3444 4104 enim

1863 4141 1953 4194 alii
1987 4141 2463 4210 transgrediuntur
2491 4141 2686 4211 legem,
2719 4155 2821 4194 nos
2857 4147 3074 4210 oportet
3106 4141 3340 4196 maxime
3377 4141 3445 4195 ad

1863 4232 2227 4286 obedientiam
2254 4232 2386 4302 legis
2413 4231 2638 4301 subrigi.
2674 4231 2926 4286 Subdidit
2947 4242 3128 4286 autem
3167 4250 3181 4286 :

1942 4323 2193 4378 Vestietur
2247 4324 2492 4376 sacerdos
2543 4323 2721 4375 tunica
2785 4333 2833 4376 et
2888 4323 3222 4393 feminalibus
3271 4324 3442 4377 lineis.

1867 4416 2132 4474 Sacerdos
2162 4416 2252 4470 hic
2297 4415 2390 4485 qui
2427 4415 2806 4470 holocaustum
2836 4413 3015 4477 oﬂert.
3070 4415 3445 4483 unusquisque

1864 4507 2105 4578 perfecte
2125 4506 2700 4576 sapiensintelligitur,
2717 4504 2842 4574 quia
2878 4504 3246 4559 sacerdotium
3273 4504 3445 4574 perfe-

1864 4596 2061 4652 ctionis
2093 4595 2400 4665 exemplum
2432 4603 2534 4658 est,
2583 4601 2809 4662 propter
2869 4592 3014 4659 quod
3054 4604 3108 4647 et
3138 4592 3315 4663 regale
3353 4607 3444 4646 sa-

1863 4688 2166 4743 cerdotium
2195 4687 2428 4756 populus
2470 4684 2647 4738 ﬁdelis
2686 4683 3010 4752 appellatur,
3042 4692 3230 4752 utpote
3271 4683 3444 4753 legem

1865 4779 2164 4849 perfectam
2196 4776 2476 4847 Evangelii
2521 4775 2845 4845 suscipiens.
2885 4773 2988 4838 Qui
3017 4789 3146 4842 ergo
3194 4773 3308 4827 vult
3362 4772 3446 4829 of-

1866 4873 2010 4927 ferre
2051 4872 2450 4932 holocaustum,
2481 4869 2689 4930 tunica,
2721 4867 2776 4920 id
2810 4874 2894 4919 est
2920 4865 3154 4935 justitia,
3188 4871 3244 4918 et
3280 4863 3444 4917 femi;

1865 4964 2103 5024 nalibus,
2154 4961 2206 5015 id
2266 4969 2352 5014 est
2421 4959 2671 5013 castitate
2729 4957 3005 5011 induatur.
3041 4954 3145 5007 Sed
3175 4953 3304 5023 quia
3345 4967 3447 5022 per

1866 5055 2143 5110 feminalia
2210 5053 2518 5107 castitatem
2582 5057 2799 5119 oportet
2859 5045 3124 5115 intelligi,
3199 5043 3443 5099 membra

1868 5148 2101 5218 probant
2139 5187 2152 5209 ,
2205 5159 2439 5215 quorum
2499 5142 2617 5212 ipsa
2686 5139 3050 5211 tegimentum
3105 5145 3236 5190 sunt
3285 5136 3446 5190 femi-

1869 5240 2036 5294 nalia.
2852 5237 2860 5248 '

1940 5311 2201 5382 Tunicam
2237 5338 2419 5382 autem
2444 5327 2710 5397 justitiam
2741 5324 2998 5386 diximus,
3035 5319 3163 5389 quia
3213 5317 3441 5388 perfecti

1871 5423 2134 5491 cujusque
2165 5420 2400 5475 maxime
2447 5419 2657 5489 justitia
2716 5416 2885 5474 vestis
2925 5423 3029 5477 est,
3072 5412 3215 5466 unde
3247 5409 3446 5463 Paulus

1871 5512 2050 5566 dixit:
2105 5508 2254 5564 State
2292 5511 2542 5564 succincti
2594 5508 2792 5562 lumbos
2858 5515 3052 5560 vestros
3097 5503 3152 5554 in
3203 5501 3445 5582 ueritate,

1873 5602 2044 5666 induti
2091 5602 2256 5654 lorica
2297 5601 2525 5668 justitia:
2548 5598 2616 5651 ".
2659 5597 2735 5653 De
2801 5596 2916 5650 lino
2969 5599 3152 5647 autem
3212 5596 3269 5643 et
3302 5587 3452 5646 lunia

1873 5801 1918 5830 ⁸³
1950 5801 2086 5854 ibid.
2125 5799 2215 5852 59.
2293 5797 2338 5830 "
2385 5799 2405 5852 1
2446 5799 2642 5853 Thess.
2672 5816 2727 5865 γ,
2764 5798 2846 5852 l9.
2921 5797 2967 5829 "
2997 5795 3155 5849 Rom.
3198 5804 3322 5854 xm,
3361 5786 3446 5846 l3.
