4218 6448
2088 323 2096 356 l

778 429 885 495 857

1962 427 2319 488 HESYCIIII
2361 427 2823 491 PRESBYTER)

3952 415 4051 480 858

775 563 904 602 eam
935 553 989 600 et
1021 542 1295 600 leminalia
1319 540 1434 597 vult
1469 555 1611 605 esse,
1648 553 1756 593 non
1793 555 1855 595 ex
1890 538 2030 604 lana,
2056 540 2184 609 quia
2218 541 2357 594 linea
2391 551 2430 603 Α
2457 539 2580 594 Non
2616 542 2792 597 solum
2825 541 2971 596 enim
3005 539 3164 595 nobis
3194 538 3247 594 in
3283 536 3389 603 die,
3421 535 3514 592 sed
3547 544 3602 590 et
3658 541 3842 592 nocte.
3891 532 3948 585 id
3978 541 4054 585 est

783 637 957 692 vestis
1006 636 1226 699 habilis,
1283 633 1612 703 molliusque
1656 632 1942 686 adha‘rens
1996 640 2080 686 est
2121 631 2361 702 corpori,

787 744 977 799 aspera
1007 737 1189 781 autem
1242 741 1305 780 ea
1337 741 1458 794 qua:
1492 741 1559 778 ex
1596 725 1717 778 lana
1757 733 1860 778 est.
1912 721 1990 776 Ex
2051 739 2160 792 quo
2204 722 2367 776 docet

788 821 915 889 quia
950 819 1186 890 humiles
1215 819 1551 885 multumque
1583 817 1927 870 cohmrentes
1973 826 2101 870 sunt
2149 815 2365 878 animae,

779 911 995 982 justitia
1013 921 1090 967 tet
1108 911 1364 975 castitas;
1391 908 1660 977 simulque
1679 909 1781 962 hoc
1811 907 1992 971 docet,
2026 907 2148 976 quia
2171 921 2367 975 quem-

789 1003 1082 1057 admodum
1149 1003 1318 1054 linum
1363 999 1520 1054 facile
1575 1001 1772 1068 cuique
1805 999 1872 1052 ad
1922 998 2254 1058 habendum,
2289 996 2369 1052 sic

789 1097 1019 1149 virtutes
1046 1093 1352 1147 volentibus
1375 1107 1468 1146 eas
1499 1091 1755 1159 consequi
1787 1089 1971 1144 faciles
1999 1099 2126 1142 sunt
2147 1099 2228 1142 :et
2249 1103 2369 1157 qua:

790 1185 900 1240 cito
931 1183 1178 1253 conquiri
1206 1191 1454 1254 possunt.
1471 1181 1575 1234 His
1604 1191 1786 1235 autem
1811 1181 2082 1243 indutum,
2108 1180 2262 1250 jubet
2284 1177 2367 1232 of-

795 1278 940 1332 ferre
972 1277 1186 1332 cineres
1223 1274 1524 1328 holocausti
1571 1289 1708 1342 quos
1734 1272 1872 1343 ignis
1903 1271 2238 1339 consumpsit
2303 1271 2370 1324 de

793 1369 969 1424 altari.
1005 1367 1143 1433 Quid
1178 1382 1276 1436 per
1300 1365 1416 1420 haec
1440 1365 1664 1423 docens.
1691 1364 1794 1418 nisi
1825 1371 1882 1416 ut
1911 1362 2370 1432 quemadmodum

795 1460 970 1516 hostia
993 1459 1324 1520 aufertur,id
1355 1466 1438 1510 est
1466 1454 1790 1508 sacriﬁcium
1817 1454 1958 1522 quod
1978 1463 2257 1522 peractum
2289 1461 2373 1506 est

794 1553 1270 1613 holocautomatis,
1322 1558 1380 1602 ut
1412 1547 1556 1600 aliud
1583 1547 1780 1601 iterum
1839 1545 2016 1599 simile
2083 1545 2368 1608 oﬁ‘cralur,

794 1647 870 1699 ita
902 1655 1077 1699 etnos
1107 1643 1405 1706 faciamus;
1443 1641 1674 1694 virtutes
1720 1639 1922 1709 quippe
1976 1653 2113 1708 quas
2171 1652 2372 1707 coope-

797 1747 955 1791 rante
979 1735 1185 1806 Spiritu
1204 1733 1472 1806 gerimus,
1501 1731 1775 1801 sigillatim
1834 1729 2100 1784 debemus
2138 1743 2369 1798 ponere,

798 1837 860 1884 ut
889 1830 1023 1884 alias
1059 1842 1247 1881 rursus
1277 1839 1565 1895 operemur
1601 1840 1615 1876 :
1664 1831 1858 1876 etnon
1897 1830 2109 1875 tantum
2166 1835 2374 1889 praece-

2469 647 2578 686 non
2607 634 2781 688 solum
2807 634 2862 688 in
2897 641 3142 703 tempore
3175 629 3508 690 sobrietatis,
3541 627 3637 682 sed
3691 633 3745 680 et
3797 621 4054 693 intelligi-

2468 721 2560 775 bili
2589 730 2769 786 nocte,
2800 723 2868 778 de
2897 738 3004 793 qua
3044 723 3244 776 Paulus
3290 721 3508 775 dicebat
3557 739 3570 773 :
3612 718 3728 772 Non
3768 732 3897 786 ergo
3935 716 4054 767 dor-

2471 815 2698 869 miamus
2727 818 2862 870 sicut
2881 825 2929 869 et
2960 816 3138 870 δίεισι-ἱ
3164 831 3266 867 non
3287 813 3532 866 habentes
3553 827 3716 880 spem,
3740 810 3833 862 sed
3875 807 4056 877 eigile-

2470 922 2585 958 mus
2614 916 2661 958 et
2691 907 2850 960 sobrii
2879 909 3040 960 simus
3077 926 3090 959 :
3125 907 3216 974 qui
3259 905 3394 956 enim
3437 903 3720 961 dormiunt,
3753 908 3907 950 nocte
3936 899 4056 948 dor-

2471 999 2638 1050 miunt
2670 1015 2689 1051 :
2735 1007 2783 1052 et
2816 999 2905 1068 qui
2955 999 3084 1051 ebrii
3119 1005 3261 1056 sunt,
3295 1003 3445 1047 nocte
3483 994 3616 1046 ebrii
3657 1001 3779 1044 sunt
3813 991 3884 1042 ”.
3922 990 4057 1056 Ignis

2470 1090 2701 1145 sufﬁciat
2726 1088 3250 1144 subministrationis
3285 1086 3531 1155 spiritus,
3565 1084 3618 1136 in
3658 1098 3767 1152 quo
3812 1080 4055 1134 ordinari

2471 1191 2683 1251 oportet
2730 1180 3124 1248 intelligibilem
3164 1177 3421 1240 hostiam,
3459 1183 3513 1228 et
3541 1174 3755 1242 adipem
3803 1170 4059 1240 paciﬁco-

2471 1287 2614 1336 rum,
2633 1287 2794 1340 quem
2816 1268 2954 1323 LXX
2977 1269 3215 1322 salutare
3234 1267 3542 1321 ediderunt.
3562 1263 3696 1329 Quia
3722 1278 3820 1331 per
3843 1262 4057 1329 adipem

2473 1363 2804 1418 desiderium
2838 1359 3129 1431 signiﬁcari
3162 1359 3217 1412 in
3242 1357 3611 1428 paciﬁcorum,
3637 1369 3734 1407 seu
3759 1354 3813 1406 iu
3837 1352 4059 1405 salutari

2472 1455 2739 1510 sacriﬁcio
2774 1454 3028 1514 diximus,
3061 1461 3120 1506 ut
3149 1450 3481 1506 desiderium
3521 1446 3841 1500 salvationis
3873 1445 4063 1497 oll'erat

2472 1561 2568 1599 seu
2597 1545 2882 1604 devoveat,
2935 1544 3027 1612 qui
3067 1541 3281 1612 spiritui
3336 1549 3485 1593 totus
3533 1538 3708 1591 lactus
3768 1536 4062 1605 spiritalis,

2472 1637 2608 1692 nihil
2645 1634 2926 1689 materiale
2963 1635 3191 1696 habens,
3224 1632 3362 1686 nihil
3411 1631 3673 1684 miserum
3715 1641 3907 1696 neque
3962 1635 4066 1678 ter-

2475 1743 2691 1790 renum,
2715 1742 2778 1781 ac
2806 1725 2951 1796 quod
2985 1740 3087 1779 nos
3116 1725 3394 1794 legislator
3418 1737 3624 1777 vocans
3673 1742 3684 1775 :
3733 1720 3916 1789 Ignis,
3971 1721 4065 1778 ait,

2474 1827 2560 1873 est
2588 1819 2682 1871 iste
2711 1827 3006 1888 perpetuus,
3037 1817 3126 1886 qui
3155 1832 3420 1885 nunquam
3452 1813 3652 1882 deﬁciet
3691 1813 3757 1865 de
3789 1811 3986 1866 altari.
4007 1839 4069 1850 —

795 1920 1051 1977 dentibus
1080 1917 1327 1974 contenti
1361 1915 1670 1980 simus,.sed
1705 1923 1759 1968 et
1808 1913 1946 1966 alias
1991 1912 2369 1982 adjungamus,
2401 1913 2446 1970 Β
2475 1907 2704 1976 Spiritus
2727 1908 2875 1963 enim
2932 1917 3007 1962 est
3035 1906 3195 1972 Deus,
3223 1916 3272 1960 et
3288 1907 3378 1976 qui
3407 1906 3637 1958 adorant
3665 1921 3806 1965 eum,
3842 1904 3906 1955 in
3962 1903 4060 1968 spi-

795 2011 1252 2083 quemadmodum
1303 2009 1348 2063 is
1375 2008 1464 2078 qui
1490 2006 1660 2061 currit
1692 2004 2005 2073 relinquens
2037 2012 2366 2065 transcursa,

796 2103 867 2157 ad
901 2102 1108 2171 reliqua
1132 2097 1397 2156 currenda
1434 2094 1713 2151 contendit
1739 2112 1751 2148 :
1781 2093 1912 2162 quia
1938 2091 2188 2146 videlicet
2215 2089 2372 2144 aliter

798 2194 864 2249 ad
889 2191 1133 2248 bravium
1171 2205 1284 2243 non
1342 2187 1542 2258 poterit
1594 2183 1898 2255 pervenire.
1957 2180 2184 2252 Propter
2227 2179 2372 2250 quod

799 2298 924 2338 cum
970 2279 1172 2335 auferri
1213 2278 1282 2334 de
1335 2277 1491 2332 altari
1541 2275 1892 2346 praecepisset
1933 2281 2373 2328 consummatum

799 2377 924 2448 igne
946 2374 1347 2444 holocaustum,
1376 2369 1502 2441 poni
1531 2369 1832 2438 illudjuxta
1881 2366 2051 2420 altare
2072 2364 2371 2436 praecepit:

799 2481 923 2522 esse
975 2477 1159 2521 autem
1191 2462 1466 2518 Christum
1519 2458 1969 2516 holocautomatis
2018 2458 2188 2513 altare
2231 2455 2373 2512 dixi—

800 2574 940 2614 mus.
970 2557 1293 2612 Auleramus
1326 2569 1456 2624 ergo
1480 2554 1529 2608 ei
1573 2552 1701 2606 olim
1750 2566 1916 2621 opere
1969 2557 2376 2605 consummatas

801 2652 1051 2715 virtutes,
1083 2648 1301 2718 quando
1349 2645 1609 2701 habemus
1642 2655 1884 2714 tempora
1936 2643 2037 2698 has
2092 2641 2374 2712 operandi,

799 2743 955 2814 quasi
985 2758 1094 2797 non
1130 2740 1287 2795 nobis
1311 2739 1541 2808 imputet
1563 2737 1934 2807 praecedentes
1959 2734 2376 2804 negligentibus,

795 2834 846 2888 si
875 2849 986 2886 non
1017 2846 1179 2900 super
1205 2844 1300 2886 eas
1337 2828 1469 2882 alias
1489 2826 1905 2881 constituamus.
1948 2824 2148 2878 Probat
2198 2833 2379 2878 autem

803 2927 923 2980 haec
946 2922 1200 2977 Ezechiel
1222 2936 1347 2975 cum
1382 2919 1556 2974 dicit:
1590 2917 1648 2972 Si
1691 2919 1874 2971 dixero
1908 2918 2054 2985 justo
2096 2917 2233 2985 quod
2271 2917 2378 2969 vita

798 3016 962 3079 vivat,
984 3023 1031 3066 et
1048 3012 1267 3081 conﬁsus
1285 3012 1338 3064 in
1351 3010 1566 3079 justitia
1589 3025 1685 3063 sua
1699 3009 1875 3079 fecerit
1897 3008 2250 3078 iniquitatem,
2267 3024 2380 3060 ont-

804 3103 1127 3175 nes‘justitia:
1137 3103 1250 3172 ejus
1266 3102 1510 3156 oblivioni
1531 3102 1828 3163 tradentur,
1843 3109 1889 3154 et
1912 3102 1964 3154 in
1987 3101 2268 3170 iniquitate
2283 3118 2378 3155 sua

802 3212 963 3266 quam
982 3205 1228 3264 operatus
1251 3203 1344 3258 est,
1373 3193 1427 3246 in
1448 3194 1561 3262 ipsa
1586 3193 1836 3246 morietur
1858 3192 1926 3246 ³⁸.
1948 3192 2378 3262 lmputatautem

2476 1996 2582 2048 ritu
2618 2005 2667 2048 et
2691 1996 2907 2049 veritate
2925 2004 3122 2065 oportet
3164 1996 3394 2049 adorare
3416 1996 3504 2047 ”‘.
3530 1994 3686 2049 Unde
3713 2002 3772 2048 et
3808 1992 4064 2062 intelligi-

2476 2085 2586 2141 bile
2612 2087 2802 2150 altare,
2826 2088 2972 2158 quod
2998 2087 3298 2143 estChristi
3316 2102 3538 2158 corpus,
3561 2085 4067 2156 inesstinguibilem

2478 2179 2642 2234 habet
2673 2180 2850 2250 ignem
2880 2179 3398 2235 subministrationis
3428 2179 3672 2249 spiritus.

2546 2268 2714 2325 Vens.
2744 2270 2928 2326 14-48.
2968 2291 2986 2322 ι
3024 2272 3149 2326 llazc
3177 2281 3258 2327 est
3298 2272 3384 2325 lex
3408 2271 3660 2325 sacrificii
3685 2280 3742 2325 et
3795 2270 4070 2324 libamen-

2480 2367 2682 2422 torum,
2705 2374 2826 2428 qua:
2857 2358 3090 2414 ollerent
3119 2359 3213 2414 ﬁlii
3238 2361 3418 2414 Aaron
3468 2377 3653 2415 coram
3711 2360 3984 2424 Domino,
4025 2369 4073 2414 et

2481 2467 2663 2507 coram
2695 2453 2869 2508 altari.
2909 2452 3084 2507 Tollet
3110 2452 3364 2508 sacerdos
3407 2452 3670 2522 pugillum
3700 2451 3927 2516 similae,
3959 2455 4075 2521 qua

2482 2559 2776 2613 compersa
2796 2555 2879 2599 est
2907 2545 3050 2609 oleo,
3069 2553 3124 2599 et
3153 2554 3327 2599 totum
3357 2546 3483 2599 thus
3501 2546 3648 2614 quod
3707 2561 3884 2616 super
3914 2546 4068 2600 simi-

2469 2635 2589 2689 ‘lam
2612 2636 2848 2705 positum
2869 2645 2972 2701 est,
3005 2637 3353 2706 adolcbitque
3406 2637 3537 2692 illud
3568 2638 3621 2690 in
3643 2637 3802 2691 altari
3829 2639 3886 2692 in
3907 2639 4077 2692 moni-

2485 2736 2729 2781 mentum
2757 2727 2940 2781 odoris
2975 2728 3286 2782 suavissimi
3323 2728 3557 2782 Domino
3594 2747 3608 2782 :
3652 2728 3930 2798 reliquam
3985 2745 4076 2783 au-

2486 2827 2596 2872 tem
2631 2827 2840 2887 partem
2875 2819 3064 2872 similae
3093 2819 3345 2873 comedet
3393 2821 3572 2872 Aaron
3605 2835 3730 2873 cum
3785 2819 3920 2873 ﬁliis
3967 2821 4076 2875 suis

2484 2908 2690 2977 absque
2719 2908 3009 2970 fermento,
3045 2917 3100 2962 et
3126 2907 3376 2962 comedet
3428 2909 3481 2962 in
3507 2909 3636 2962 "loco
3666 2911 3976 2964 sanctuarii
4003 2922 4077 2965 ta-

2484 3000 2783 3054 bernaculi.
2815 2999 2942 3053 Ideo
2977 3007 3158 3052 autem
3182 3014 3290 3052 non
3311 2997 3763 3063 'fermentabirur,
3798 3001 3933 3069 quia
3955 3016 4077 3070 pars

2486 3095 2607 3164 ejus
2634 3093 2688 3148 in
2713 3094 2946 3148 Domino
2967 3093 3196 3147 offertur
3226 3093 3533 3147 incensum.
3558 3091 3833 3147 Sanctum
3863 3105 4079 3148 saneto.

2487 3201 2607 3239 rum
2632 3185 2753 3249 erit,
2778 3185 2917 3239 sicut
2947 3201 3046 3254 pro
3066 3193 3289 3254 peccato
3308 3195 3470 3254 atque
3499 3185 3721 3239 delicto.
3752 3185 3939 3240 Mares
3955 3196 4075 3239 tan-

802 3265 848 3341 si
887 3286 1162 3357 praeterita
1197 3284 1398 3340 tuturis
1432 3299 1724 3356 augeamus
1763 3297 1925 3355 atque
1949 3285 2336 3340 conﬁrmemus
2365 3302 2378 3338 :
2410 3265 2452 3323 ο
2487 3284 2602 3331 tum
2633 3277 2820 3346 stirpis
2870 3280 3050 3330 Aaron
3110 3277 3401 3331 comedent
3443 3277 3596 3342 illud,
3642 3277 3962 3347 legitimum
4017 3295 4076 3334 ac

803 3379 949 3434 unde
971 3379 1126 3448 juxta
1173 3378 1341 3432 altare
1364 3378 1525 3446 jubet
1560 3378 1937 3433 holocaustum
1991 3379 2142 3448 poni,
2202 3388 2385 3434 servat
2483 3370 2881 3439 sempiternum
2904 3370 2959 3422 in
3005 3369 3448 3440 generationibus
3500 3371 3697 3424 vestris
3743 3371 3814 3425 de
3867 3374 4074 3426 sacriﬁ-

805 3470 947 3526 euim
983 3469 1144 3524 nobis
1173 3469 1424 3524 Christus
1441 3469 1625 3538 justus
1650 3469 1837 3538 judex,
1879 3484 2216 3539 quascunque
2242 3471 2382 3525 bona

806 3561 1097 3632 egerimus,
1131 3561 1175 3614 si
1199 3575 1311 3615 non
1343 3561 1460 3615 haec
1492 3560 1830 3631 per'iniquas
1873 3562 2120 3616 actiones
2170 3578 2382 3632 praera—

803 3649 954 3705 ricati
984 3648 1277 3707 fuerimus.
1308 3648 1536 3720 Propter
1590 3649 1696 3705 hoc
1739 3651 1901 3705 etiam
1949 3652 2167 3722 spoliari
2217 3654 2383 3708 vesti-

803 3740 1025 3806 mentis,
1059 3748 1116 3795 et
1148 3740 1301 3796 indui
1329 3741 1466 3806 aliis,
1495 3751 1550 3796 et
1579 3740 1761 3796 eﬂ'crri
1784 3741 1998 3798 cineres
2023 3752 2172 3799 extra
2204 3753 2383 3798 castra

804 3832 858 3887 in
891 3831 1012 3888 loco
1037 3833 1398 3888 mundissimo
1423 3833 1605 3903 jussit,
1643 3849 1752 3889 non
1789 3835 2014 3896 alterius
2041 3836 2256 3908 generis
2281 3851 2383 3891 nos

804 3925 1167 3992 vestimentis,
1213 3933 1366 3981 extra
1420 3940 1485 3981 ea
1529 3941 1652 3996 qua:
1696 3927 1850 3997 prius
1915 3927 2070 3994 dixit,
2123 3929 2379 3983 induens.

799 4015 990 4086 Neque
1021 4016 1167 4072 enim
1203 4032 1304 4087 pro
1323 4016 1467 4072 linea
1494 4027 1647 4072 veste
1701 4017 1854 4073 indui
1903 4017 2058 4073 lanea
2091 4034 2194 4074 nos
2242 4035 2382 4090 pra:-

796 4110 969 4179 cepit,
995 4111 1092 4165 sed
1110 4110 1391 4164 .hocjdem
1439 4111 1607 4166 multa
1659 4110 1962 4183 signiﬁcat;
2006 4111 2061 4166 id
2111 4092 2195 4167 est
2237 4113 2380 4182 quod

800 4214 924 4269 quas
950 4199 1103 4269 prius
1130 4208 1250 4255 acta
1279 4209 1440 4270 atque
1455 4212 1704 4272 correpta
1727 4213 1994 4267 sunl,non
2022 4203 2378 4273 imputentur,

801 4295 1021 4364 quando
1051 4304 1266 4366 tempus
1295 4305 1379 4351 est
1406 4297 1511 4351 alia
1528 4298 1845 4369 peragendi.
1874 4298 1940 4352 Et
1968 4310 2256 4370 propterea
2279 4301 2378 4355 de-

802 4394 1072 4455 ponentes
1133 4386 1520 4441 vestimentum
1579 4388 1750 4458 prius,
1788 4389 1934 4444 aliud
1982 4390 2088 4444 tale
2131 4391 2249 4445 vult
2298 4391 2380 4445 in-

800 4477 917 4533 dui.
951 4477 1112 4533 Extra
1168 4490 1345 4534 castra
1392 4490 1572 4536 autem
1638 4481 1694 4535 in
1735 4481 1920 4536 locum
1961 4484 2378 4539 mundissimum

2482 3460 2581 3515 ciis
2621 3459 3082 3515 Domini.’0mnis
3138 3460 3231 3530 qui
3281 3461 3521 3530 tetigerit
3565 3463 3655 3516 illa
3699 3465 4075 3520 sanctiﬁcabi-

2485 3563 2592 3608 tur.
2624 3571 2644 3606 ι

2555 3663 2903 3720 Meminimus
2948 3665 3172 3720 beatum
3191 3663 3430 3720 Paulum
3461 3665 3699 3721 dixisse:
3753 3666 3968 3722 Eadem
3993 3671 4074 3722 di-

2483 3771 2598 3809 cere
2626 3757 2759 3809 mihi
2784 3773 2884 3809 non
2903 3758 3135 3826 pigrum,
3197 3757 3339 3810 vobis
3393 3767 3571 3811 autem
3619 3762 3987 3815 necessarium
4011 3760 4072 3813 ".

2482 3843 2658 3910 Quam
2688 3845 3050 3900 intentionem
3076 3847 3130 3899 in
3161 3846 3417 3916 praasenti
3455 3846 3576 3900 loco
3609 3847 3817 3901 habere
3861 3849 4075 3920 lcgislao

2479 3943 2569 3988 tor
2602 3934 2838 3998 videtur,
2881 3935 3150 3990 reiterans
3179 3951 3300 4006 quae
3329 3937 3500 3991 semel
3529 3939 3806 4006 exposuit,
3844 3950 3910 3994 ut
3942 3940 4076 3994 mulo

2484 4025 2653 4095 tiplici
2686 4025 3014 4095 repetitione
3053 4026 3292 4080 mandati
3343 4027 3572 4098 legentis
3617 4028 3683 4081 ad
3742 4032 4071 4084 memoriam

2484 4119 2785 4164 revocaret.
2810 4109 3089 4174 Quatenus
3117 4120 3298 4165 autem
3337 4127 3442 4181 per
3494 4113 3890 4181 repetitionem
3948 4117 4074 4186 legis

2482 4201 2914 4256 necessariorem
2945 4202 3200 4257 redderet
3232 4202 3564 4268 lectionem,
3605 4204 3926 4275 interponit
3978 4209 4072 4261 ali-

2482 4292 2609 4362 quid
2641 4293 2893 4362 amplius,
2920 4294 3075 4363 cujus
3130 4294 3301 4363 gratia
3334 4295 3702 4349 necessarium
3738 4297 3852 4352 hoc
3919 4315 4071 4353 mane

2483 4386 2668 4441 datum
2700 4394 2756 4439 et
2782 4385 3150 4441 inexcusabile
3211 4386 3375 4441 nimis
3399 4389 3702 4442 exsisteret.
3729 4390 3896 4444 Sicut
3947 4409 4074 4463 ergo

2486 4478 2539 4533 in
2565 4478 3004 4548 praecedentibus
3032 4479 3099 4533 de
3141 4478 3475 4535 holocaustis
3526 4481 3793 4536 sacriﬁcia
3827 4485 4077 4552 iteravit,

800 4569 1005 4632 efferri,
1032 4571 1086 4625 id
1141 4581 1226 4625 est
1278 4573 1610 4641 praemittere
1661 4573 1728 4627 ad
1775 4573 2019 4628 futurum
2067 4575 2371 4644 judicium;
2411 4602 2453 4657 η
2485 4572 2822 4642 permiscens
2849 4573 3546 4644 eisassiduitatem,ipsius
3570 4585 3652 4629 est
3671 4578 3824 4630 enim
3847 4591 3917 4633 ut
3940 4581 4077 4651 ignis

801 4660 933 4716 illud.
965 4661 1111 4716 enim
1143 4672 1301 4717 extra
1328 4673 1503 4718 castra
1531 4675 1614 4720 est
1639 4666 1924 4736 praesentis
1943 4665 2147 4730 sazculi,
2172 4677 2234 4721 et
2297 4667 2378 4722 lo-

799 4765 896 4806 cus
925 4760 1011 4806 est.
1072 4753 1328 4817 mundus,
1363 4753 1488 4822 quia
1531 4755 1600 4808 ab
1630 4755 1778 4809 omni
1815 4757 2178 4825 corruptione
2217 4773 2376 4811 mun-

799 4841 930 4896 dum
955 4852 1041 4913 est
1075 4842 1240 4898 futuri
1270 4845 1448 4900 saeculi
1477 4845 1766 4914 judicium.
1801 4845 1906 4902 Sed
1937 4848 2067 4917 quid
2112 4856 2195 4902 est
2231 4849 2376 4918 quod

797 4931 1046 4988 addidit?

870 5022 1014 5093 Ignis
1041 5034 1218 5077 autem
1249 5026 1302 5078 in
1327 5024 1490 5081 altari
1518 5044 1718 5097 semper
1743 5029 1966 5094 ardebit,
2002 5047 2152 5100 quem
2182 5032 2376 5085 nutriet

798 5116 1043 5170 sacerdos
1102 5116 1380 5186 subjicicns
1440 5119 1582 5189 ligna
1635 5136 1790 5173 mane
1829 5138 1930 5188 per
1967 5121 2202 5192 singulos
2247 5124 2377 5177 dies.

802 5206 1270 5272 Quemadmodum
1302 5221 1430 5277 ergo
1454 5209 1679 5262 materia
1712 5209 1851 5280 ignis
1878 5221 2003 5264 sunt
2025 5209 2194 5281 ligna,
2219 5227 2378 5267 mane

798 5306 979 5352 autem
1010 5313 1073 5350 es
1113 5298 1268 5367 jubet
1299 5300 1554 5368 componi
1590 5316 1604 5352 :
1642 5300 1721 5353 sic
1773 5302 1936 5355 nobis
1980 5312 2108 5358 sunt
2148 5306 2376 5360 materia

796 5387 1323 5445 subministrationis
1353 5389 1578 5458 spiritus
1620 5391 1820 5446 divinas
1869 5393 2005 5463 legis
2041 5396 2371 5462 testimonia,

795 5489 852 5535 et
881 5495 1166 5535 sacrorum
1207 5481 1547 5549 eloquiorum
1585 5482 1889 5548 meditatio,
1932 5500 2052 5553 quae
2082 5485 2222 5557 ligna
2251 5501 2371 5541 esse

795 5586 959 5642 supra
993 5572 1248 5628 diximus.
1282 5573 1423 5644 Ergo
1455 5575 1575 5630 hazc
1608 5590 1767 5629 mane
1800 5576 1856 5630 in
1897 5576 2103 5631 lumine
2147 5594 2374 5648 compo-

795 5678 926 5719 nere
939 5665 1218 5731 debemus,
1236 5664 1287 5720 id
1303 5665 1450 5720 estin
1471 5667 2135 5737 vigilantia,etsobrietate
2155 5671 2370 5725 animae.

898 5859 944 5889 "'
965 5857 1163 5913 Ezech.
1188 5876 1378 5927 xxnu,
1413 5861 1497 5915 15.
1576 5863 1620 5894 ²⁹
1649 5861 1665 5913 l
1715 5863 1910 5918 Thess.
1933 5881 1986 5929 v,
2015 5865 2068 5928 6,
2117 5866 2169 5917 7.

2258 5867 2325 5898 ¹⁹⁶
2363 5866 2520 5922 Joan.
2555 5885 2628 5935 tv,
2663 5870 2753 5923 24.

2480 4665 2574 4732 qui
2619 4664 2674 4718 in
2704 4665 2859 4719 altari
2884 4675 2988 4730 est,
3025 4681 3242 4736 semper
3287 4667 3477 4722 ardeat
3510 4685 3916 4740 nunquamque
3943 4674 4076 4728 deﬁ-

2481 4755 2622 4810 ciat:
2647 4756 2725 4811 sic
2753 4765 2808 4810 et
2837 4772 2987 4813 nunc
3009 4773 3131 4812 cum
3171 4758 3499 4814 sacriﬁcium
3521 4761 3714 4816 simila
3745 4764 4079 4820 deduxisset

2482 4849 2550 4902 ad
2581 4850 2846 4914 medium,
2880 4867 3152 4922 perquam
3184 4851 3477 4922 signiﬁcari
3507 4853 3842 4923 theologiam
3885 4858 3942 4911 in
3983 4860 4079 4912 hu-

2401 4942 2600 5010 "jus-
2629 4941 2755 4996 libri
2811 4943 3038 4998 exordio
3083 4943 3601 5010 demonstravimus,
3654 4949 3902 5010 addidit,
3954 4952 4076 5020 quia

2482 5041 2699 5100 oportet
2723 5048 2844 5088 eam
2863 5034 2917 5088 in
2941 5035 3064 5090 loco
3091 5045 3300 5091 tantum
3346 5049 3552 5101 sancto,
3587 5053 3618 5092 a
3646 5042 3943 5108 masculis,
3970 5061 4076 5099 non

2481 5135 2666 5177 autem
2700 5125 2922 5194 ubique,
2961 5115 3252 5182 autetiam
3279 5129 3349 5183 ab
3387 5130 3646 5183 omnibus
3693 5135 3966 5188 comedi:
4014 5137 4077 5190 de

2479 5229 2586 5284 qua
2623 5215 2749 5269 vide
2776 5217 2956 5285 qualia
2979 5218 3144 5272 etiam
3201 5235 3348 5274 nunc
3377 5220 3656 5290 praecepit.
3693 5220 3823 5275 Hec
3860 5237 3944 5278 est
3999 5227 4078 5280 le:

2478 5308 2731 5376 sacriﬁcii
2784 5318 2832 5362 et
2867 5309 3272 5364 libamentorum
3320 5328 3438 5381 qua:
3475 5313 3690 5380 offerent
3735 5314 3844 5380 ﬁlii
3896 5320 4076 5370 Aaron

2478 5414 2663 5452 coram
2689 5398 2934 5462 Domino,
2961 5412 3010 5454 et
3033 5418 3210 5454 coram
3265 5403 3452 5457 altari.
3502 5403 3614 5457 Iloc
3658 5419 3792 5474 ergo
3838 5408 3915 5461 de
3972 5425 4076 5478 quo

2477 5505 2627 5545 nunc
2655 5507 2836 5546 sermo
2865 5505 2971 5555 est,
2999 5493 3090 5547 ﬁlii
3129 5495 3332 5558 Aaron,
3357 5496 3412 5550 id
3445 5506 3528 5549 est
3581 5479 3851 5553 sublimes
3880 5501 3941 5553 in
3995 5518 4075 5555 sa-

2480 5582 2685 5652 pientia
2715 5583 2982 5648 homines,
3017 5587 3116 5638 soli
3146 5587 3347 5642 oll‘erre
3377 5587 3576 5642 debent
3603 5604 3788 5644 coram
3814 5592 4070 5656 Domino,l

2482 5673 2535 5728 id
2569 5683 2654 5729 est
2675 5676 2973 5730 secundum
2997 5678 3140 5747 quod
3176 5677 3270 5732 Dei
3320 5681 3571 5736 voluntas
3589 5690 3694 5748 est,
3735 5698 3852 5737 non
3874 5699 4070 5755 super-

2848 5871 2892 5903 ”
2920 5870 3153 5943 Philipp.
3188 5889 3268 5938 ιιι,
3300 5875 3351 5928 l.
