4218 6448
210 427 320 490 849

1349 425 1431 486 ΙΝ
1471 425 1913 489 LEVITICUM.
1955 452 2018 461 -
2070 429 2216 488 LIB.
2261 427 2341 485 II.

3364 421 3466 482 850

213 541 320 595 llua
350 541 402 594 in
434 540 620 596 divino
651 539 868 608 eloquio
902 537 1267 605 disputantes,
1298 538 1394 591 sed
1444 552 1790 608 quacunque
1818 540 1864 597 Α
1891 547 2107 606 oportet
2136 534 2449 591 omnimodo
2469 536 2536 591 de
2571 534 2856 590 divinitate
2897 531 3068 603 loqui,
3092 532 3208 587 sive
3257 520 3471 586 theolo-

212 635 371 690 nobis
392 634 641 691 Christus
660 633 943 696 revelavit,
968 631 1097 687 hoe’
1095 633 1241 686 enim
1273 633 1517 703 intellige
1547 634 1691 703 quod
1716 633 1791 687 ait

212 741 392 779 coram
412 723 608 788 altari;
630 723 758 793 quia
791 722 964 775 altare
993 736 1114 775 esse
1161 722 1557 776 humanitatem
1591 721 1793 793 Unige-

215 817 314 870 niti
368 817 801 870 demonstratum
856 820 981 867 est:
1036 828 1164 883 ergo
1219 813 1274 867 in
1328 815 1413 869 his
1465 814 1790 886 theol0giam

214 907 627 971 constituamus,
654 904 708 958 in
739 919 860 974 qua:
919 904 1078 958 nobis
1108 905 1422 959 incarnatus
1446 906 1793 960 tradiditDo-

216 993 416 1055 minus,
443 999 501 1044 ut
529 992 742 1046 Patrem
767 991 818 1045 in
844 1006 930 1055 eo,
965 999 1021 1046 et
1075 993 1251 1062 ipsum
1294 997 1348 1048 in
1381 994 1540 1049 Patre
1588 995 1795 1065 cogite-

216 1098 361 1143 mus.
387 1091 443 1137 et
473 1083 539 1136 de
571 1091 761 1137 sancto
784 1081 992 1152 Spiritu
1042 1085 1302 1149 sciamus,
1358 1087 1480 1155 quia
1533 1095 1584 1139 et
1627 1086 1797 1154 ipsius

216 1185 300 1228 est
330 1173 468 1240 Filii,
503 1183 557 1228 et
583 1189 612 1227 a
638 1175 800 1228 Patre
823 1175 1088 1243 procedit.
1130 1175 1255 1230 Haec
1283 1177 1428 1232 enim
1454 1178 1608 1232 nobis
1649 1177 1797 1233 sulﬁ-

216 1265 371 1318 ciunt
420 1265 486 1319 ad
536 1265 861 1336 theologiam
897 1282 1018 1335 qua:
1062 1267 1213 1336 juvat
1250 1277 1307 1322 et
1355 1269 1546 1324 salvat.
1591 1269 1797 1324 Altiora

217 1365 397 1411 autem
428 1358 693 1427 quispiam
731 1374 982 1428 quaerens
1034 1361 1117 1414 vel
1155 1359 1531 1430 profundiora,
1584 1361 1799 1416 excidet

218 1447 288 1501 ab
317 1449 620 1503 intentione
644 1449 908 1517 veritatis,
935 1459 992 1504 et
1019 1461 1227 1520 peccat.
1251 1450 1409 1506 Unde
1434 1451 1599 1506 etiam
1651 1467 1800 1507 nunc

220 1537 494 1606 legislator
542 1538 806 1593 subdidit.

294 1628 455 1681 Tollet
479 1630 724 1683 sacerdos
761 1630 1018 1700 pugillum
1059 1632 1251 1687 simila:
1273 1649 1392 1703 qua:
1430 1649 1707 1703 conspersa
1727 1643 1801 1689 est

222 1720 334 1774 oleo
366 1730 415 1774 et
435 1730 601 1775 totum
633 1722 749 1776 thus
787 1724 927 1792 quod
961 1740 1120 1792 super
1151 1726 1384 1779 similam
1415 1727 1642 1795 positum
1701 1735 1800 1792 est,

222 1812 556 1883 adolebitque
610 1813 744 1868 illud
788 1815 842 1868 in
885 1815 1049 1869 altari
1105 1818 1159 1869 in
1208 1819 1587 1872 monimentum
1631 1819 1804 1873 odoris

221 1904 521 1957 suavissimi
580 1903 822 1959 Domino.
868 1903 1002 1960 Cum
1054 1907 1396 1978 eleemosyna
1416 1915 1471 1961 et
1528 1909 1795 1972 oratione,

223 1995 308 2049 hac
335 1997 478 2049 enim
511 1995 814 2066 ﬁgurantur
851 2012 950 2068 per
975 1999 1156 2054 oleum
1179 2006 1234 2054 et
1265 2000 1415 2062 thus,
1449 1996 1649 2067 quibus
1697 2013 1798 2052 ne—

222 2089 459 2144 cessarie
490 2091 760 2161 theologia
801 2091 1162 2162 conquiritur,
1211 2093 1495 2162 utriusque
1531 2091 1799 2163 siquidem

223 2178 578 2246 adiutorium,
622 2187 682 2234 ut
712 2196 821 2234 non
849 2181 1099 2236 excidant
1139 2196 1170 2234 a
1206 2182 1434 2236 veritate
1459 2183 1553 2251 qui
1593 2184 1661 2236 de
1693 2182 1800 2237 Deo

225 2271 543 2340 loquuntur,
589 2273 963 2326 necessarium
1019 2272 1244 2326 habent.
1296 2272 1469 2341 llujus
1522 2274 1575 2326 in
1621 2273 1801 2327 moni-

223 2371 470 2416 mentum
510 2363 865 2434 intelligibilis
918 2364 1174 2419 sacerdos
1232 2363 1484 2419 Christus
1542 2365 1802 2436 pugillum

226 2452 385 2519 tollit,
400 2453 524 2522 quia
541 2469 751 2508 summa
768 2454 1010 2509 scientiae
1025 2453 1168 2524 apud
1186 2468 1311 2508 eum
1333 2463 1638 2524 permanet,
1658 2454 1804 2524 quod

226 2543 281 2596 in
311 2545 708 2599 monimentum
732 2545 951 2615 quidem
976 2554 1081 2607 est,
1106 2544 1232 2614 quia
1260 2544 1316 2598 in
1343 2554 1670 2616 perpetuum
1701 2545 1808 2600 erit

225 2649 575 2705 permansura
597 2636 879 2690 memoria.
898 2635 1082 2704 Neque
1101 2635 1244 2690 enim
1265 2637 1807 2705 quemadmodum-ea

225 2741 348 2795 qua:
374 2742 519 2780 nunc
550 2737 632 2780 est
661 2737 844 2780 nostra
871 2728 1099 2782 scientia
1145 2738 1407 2796 provectu
1463 2728 1804 2786 destruitur:

228 2817 357 2885 quia
408 2820 619 2889 quando
672 2819 866 2873 venerit
905 2820 1042 2889 quod
1092 2821 1380 2889 perfectum
1412 2830 1508 2885 est,
1547 2821 1689 2876 sicut
1730 2822 1808 2877 ait

228 2908 448 2972 Paulus,
481 2911 770 2964 destruitur
792 2913 930 2981 quod
959 2928 1023 2965 ea:
1051 2923 1203 2980 parte
1227 2922 1300 2966 est
1320 2913 1384 2966 ".
1411 2911 1504 2968 Sic
1533 2913 1638 2968 erit
1670 2925 1724 2969 et
1745 2930 1808 2969 ea

229 3019 352 3072 quae
382 3005 523 3072 apud
544 3005 821 3059 Christum
867 3014 972 3070 est,
1030 3020 1192 3074 quam
1252 3005 1411 3060 nobis
1463 3007 1517 3060 in
1565 3006 1809 3062 futurum

233 3095 512 3160 sarculum,
538 3105 597 3151 ut
621 3096 1035 3166 perfectioribus
1089 3106 1220 3152 tunc
1274 3096 1594 3161 eﬁieiendis,
1637 3113 1811 3153 reser-

2418 625 2483 679 In
2542 623 2790 679 Ecclesiis
2835 624 3004 689 enim,
3048 623 3145 689 ait,
3187 622 3472 677 benedicite

1893 718 2177 772 Dominum
2195 718 2260 772 ³².
2296 716 2352 772 Si
2375 716 2496 787 quis
2527 727 2708 771 autem
2744 718 2797 771 itt
2817 717 2981 771 domo
3015 715 3317 771 Eeclesiam
3375 715 3473 769 ha-

1893 813 1984 867 bet
2018 813 2112 880 (ait
2138 814 2338 883 quippe
2366 811 2564 866 Paulus
2599 827 2612 864 :
2645 809 2890 866 Salutate
2919 809 3242 879 Nympham,
3286 818 3334 863 et
3386 809 3474 862 do-

1895 906 2169 960 mesticam
2189 904 2302 974 ejus
2331 902 2620 957 Ecclesium
2655 901 2699 933 ³³
2736 919 2748 954 :
2781 902 2947 956 habet
2993 911 3175 956 autem
3216 901 3338 969 quis
3373 900 3472 954 do-

1897 999 2174 1052 mesticam
2199 995 2520 1062 Ecclesiam,
2554 993 2772 1064 quando
2792 994 3142 1063 semetipsum
3171 992 3475 1048 sanctiﬁca-

1896 1091 2036 1145 verit
2069 1088 2180 1143 Deo
2196 1097 2248 1142 et
2289 1104 2321 1142 a
2359 1086 2712 1142 saecularibus
2748 1083 3043 1140 cessaverit
3071 1084 3345 1154 negotiis),
3388 1084 3475 1137 hic

1898 1184 2060 1238 etiam
2102 1181 2250 1237 domi
2278 1182 2343 1235 de
2384 1181 2496 1234 Deo
2521 1179 2690 1249 loqui,
2719 1179 2834 1233 sive
2856 1177 3181 1248 theologiam
3220 1191 3474 1230 exercere

1897 1283 2097 1346 potest.
2134 1272 2294 1327 Tales
2329 1279 2478 1336 sunt,
2510 1271 2708 1341 quibus
2767 1285 2895 1339 pars
2929 1269 2996 1324 de
3047 1266 3329 1321 sacriﬁciis
3367 1265 3474 1319 Do.-

1901 1367 2056 1432 mini,
2087 1365 2139 1418 id
2170 1374 2254 1419 est
2292 1363 2434 1433 loqui
2463 1363 2530 1416 de
2573 1363 2702 1427 Deo,
2737 1361 2821 1415 vel
2886 1359 3176 1430 theologia,
3215 1359 3280 1412 de
3319 1358 3477 1413 donis

1901 1465 1956 1512 et
1983 1456 2352 1511 oblationibus
2385 1455 2568 1509 datur.
2605 1455 2679 1508 De
2723 1469 2832 1524 quo
2878 1452 3116 1508 subdidit
3151 1467 3166 1508 :
3224 1450 3475 1505 Sanctum

1900 1558 2202 1604 sanctorum
2223 1549 2344 1614 erit,
2378 1549 2502 1618 quia
2522 1545 2705 1601 Sancti
2737 1555 3038 1601 sanctorum
3077 1543 3477 1613 contemplatio-

1904 1656 2021 1694 nem
2050 1639 2334 1708 possident.
2361 1638 2616 1692 Subdidit
2635 1647 2816 1692 autem
2852 1655 2865 1690 :

1976 1731 2123 1787 Sicut
2143 1746 2236 1800 pro
2264 1737 2474 1800 peccato
2503 1737 2660 1798 atque
2677 1728 2888 1782 delicto.
2923 1726 3111 1780 Simile
3145 1725 3274 1779 illud
3291 1724 3480 1779 volens

1905 1822 2198 1877 ostendere
2231 1836 2330 1892 pro
2347 1827 2594 1890 peccato,
2616 1827 2672 1874 et
2704 1818 2903 1873 delicto
2920 1817 3265 1872 sacriﬁcium.
3287 1815 3482 1870 Sermo

1905 1914 2052 1969 enim
2091 1913 2158 1968 de
2184 1913 2296 1967 Deo
2317 1910 2552 1966 maxime
2587 1909 2656 1964 ad
2686 1908 3023 1978 ereptionem
3055 1915 3108 1960 et
3133 1906 3482 1961 emundatio-

1902 2021 2029 2061 nem
2065 2005 2264 2060 anima:
2296 2003 2550 2068 habetur,
2606 2001 2825 2072 quando
2855 2000 2985 2055 oleo
3026 2009 3082 2054 et
3134 1999 3302 2064 thuri,
3337 1999 3483 2053 elee-

1902 2114 2142 2170 mosyme
2172 2097 2426 2154 videlicet
2452 2105 2508 2152 et
2528 2094 2784 2160 orationi,
2809 2092 3139 2148 sacriﬁcium
3176 2091 3324 2146 verbi
3363 2089 3477 2155 Dei,

1903 2190 1959 2247 id
1987 2188 2405 2260 est-theologia,
2442 2185 2811 2258 coniungitur,
2850 2184 3151 2240 secundum
3190 2183 3338 2255 quod
3379 2183 3484 2238 hoc

1902 2281 2181 2351 legislator
2217 2279 2401 2335 oll'erri
2437 2279 2714 2349 praecepit,
2757 2291 2867 2331 non
2896 2276 3095 2330 frustra
3123 2274 3229 2330 hoc
3259 2274 3480 2343 iubens,

1905 2373 2001 2430 sed
2045 2372 2173 2444 quia
2203 2372 2563 2442 eleemosyuis
2595 2380 2652 2425 et
2693 2369 2798 2424 ﬁde
2835 2369 3166 2424 mundantur
3205 2375 3422 2437 peccata
3467 2385 3478 2420 :

1904 2464 2361 2536 quemadmodum
2419 2462 2672 2517 Salomon
2741 2462 2794 2515 in
2858 2461 3167 2515 Proverbiis
3233 2458 3370 2512 dixit
3414 2458 3478 2511 3‘.

1978 2555 2066 2605 Ma
2077 2568 2172 2616 res,
2200 2551 2395 2621 inquit,
2423 2559 2628 2604 tantum
2651 2551 2828 2620 stirpis
2847 2551 3024 2605 Aaron
3048 2549 3313 2602 comedent
3330 2548 3483 2612 illud,

1908 2638 2220 2708 Legitimum
2239 2656 2301 2692 ac
2321 2640 2694 2708 sempiternum
2710 2647 2782 2692 est
2805 2639 2859 2692 in
2880 2636 3298 2709 generationibus
3309 2637 3488 2690 vestris

1909 2732 1972 2783 tle
1997 2731 2272 2799 sacriﬁciis
2293 2730 2521 2785 Domini.
2551 2731 2671 2786 Non
2698 2747 2832 2802 ergo
2861 2730 3105 2785 omnium
3140 2740 3225 2785 est
3253 2730 3320 2784 de
3379 2729 3487 2782 Deo

1909 2820 2210 2889 disputare,
2267 2821 2362 2875 sed
2420 2821 2607 2875 talium
2657 2821 2748 2890 qui
2777 2819 2914 2874 nihil
2968 2818 3293 2882 femineum,
3348 2818 3487 2872 nihil

1909 2908 2114 2964 ﬂuxum
2141 2910 2196 2964 in
2224 2909 2642 2981 cogitationibus
2670 2909 2900 2975 habent;
2931 2909 3074 2978 quod
3106 2909 3408 2979 legitimum
3443 2915 3494 2962 et
3521 2958 3524 2963 .

1911 3014 2175 3056 aeternum
2206 3001 2261 3054 in
2293 3001 2738 3072 generationibus
2781 3000 3062 3063 eorum,id
3095 3009 3180 3056 est
3209 3001 3262 3053 in
3292 3013 3492 3070 perpe-

1915 3101 2069 3147 tuutn
2099 3092 2363 3147 cuStodiri
2405 3092 2680 3162 prmcepit,
2707 3101 2765 3146 ut
2815 3093 2869 3145 in
2900 3090 3049 3146 omni
3102 3100 3349 3159 tempore
3408 3088 3493 3142 in-

1892 627 2031 697 giam
2059 641 2312 681 exercere
2354 640 2367 677 :

233 3185 401 3240 vavit.
424 3185 513 3239 Illa
533 3187 702 3252 enim,
731 3195 920 3257 utpote
946 3195 1323 3241 consunnnata
1342 3229 1356 3254 ,
1397 3187 1514 3242 sine
1535 3189 1812 3245 oblivione
1840 3203 1883 3261 ο
1917 3184 2223 3248 tendamus,
2253 3185 2565 3239 nullatenus
2593 3185 2658 3239 de
2699 3183 2809 3240 Deo
2834 3185 3115 3254 disputare
3146 3195 3496 3252 pratsumere,

233 3291 450 3346 semper
482 3279 536 3333 in
575 3280 892 3334 memoriaut
933 3287 1135 3333 manet.
1193 3278 1347 3334 Sicut
1375 3289 1557 3334 autem
1581 3296 1702 3350 qua:
1728 3290 1812 3337 to-

236 3368 346 3423 tius
369 3384 580 3423 summa
608 3379 692 3423 est
711 3369 1010 3438 sapientiae,
1045 3369 1250 3440 pugillo
1275 3371 1531 3434 sumitur,
1558 3373 1687 3442 quia
1719 3389 1817 3444 per

243 3463 450 3532 singula
478 3463 651 3532 capita
678 3464 940 3534 pugillum
980 3479 1076 3532 per
1108 3464 1322 3532 Moysen
1378 3465 1431 3518 in
1475 3465 1610 3519 libro
1640 3464 1814 3520 Exodi

243 3569 342 3622 pro
395 3554 518 3607 ﬁiiis
569 3554 733 3608 Israel
770 3555 934 3624 jussit
978 3554 1120 3610 Deus
1175 3555 1356 3609 oll'erri
1391 3575 1404 3610 :
1443 3555 1623 3626 itaque
1665 3572 1815 3611 sum-

232 3659 379 3699 mam
398 3645 741 3716 cognitionis,
759 3656 812 3700 et
830 3645 1081 3716 perfectae
1101 3645 1340 3701 scientia:
1358 3662 1478 3702 esse
1497 3649 1638 3718 apud
1657 3649 1816 3703 Chri-

233 3745 380 3789 stum
399 3736 1029 3806 legislatorinnuit.Quid
1046 3747 1226 3792 autem
1250 3737 1331 3793 his
1353 3738 1549 3793 subdat
1567 3738 1811 3795 intende.

312 3825 586 3894 Reliquam
641 3837 818 3881 autem
875 3837 1080 3897 partem
1109 3830 1298 3883 simila:
1350 3833 1580 3884 comedet
1635 3831 1816 3886 Aaron

233 3935 355 3972 cum
384 3919 651 3987 ﬁliissuis.
696 3917 764 3973 Ut
792 3935 899 3972 non
959 3935 1024 3974 ex
1085 3927 1198 3974 toto
1238 3935 1266 3974 a
1311 3920 1579 3990 theologia
1629 3937 1814 3976 cesse-

236 4026 380 4070 mus,
413 4027 511 4080 pro
542 4025 608 4064 co
635 4010 779 4080 quod
814 4027 1024 4066 summa
1057 4012 1299 4066 scicntia:
1322 4012 1374 4065 in
1409 4012 1653 4068 futurum
1679 4030 1812 4069 con-

234 4109 506 4167 servatur;
537 4119 660 4172 quin
682 4113 864 4156 autem
885 4103 1044 4158 nobis
1068 4103 1136 4158 ab
1174 4119 1241 4158 eo
1272 4105 1458 4159 relicta
1489 4114 1590 4171 est,
1630 4106 1681 4161 id
1734 4116 1817 4162 est

236 4192 459 4277 tradita,
480 4193 620 4247 hanc
646 4194 934 4248 comedere
960 4208 1059 4248 nos
1085 4194 1244 4264 jubet
1266 4195 1571 4260 scientiam,
1597 4206 1652 4253 et
1684 4214 1818 4268 ope-

234 4285 364 4346 rari,
395 4284 464 4338 de
493 4300 598 4354 qua
630 4285 790 4339 nobis
819 4293 874 4339 et
906 4295 1240 4356 praeceptum
1273 4296 1377 4350 est,
1405 4304 1634 4358 quicque
1659 4290 1817 4345 nobis

233 4377 512 4432 suﬁlcieus
537 4387 642 4442 est,
673 4386 728 4432 et
747 4377 898 4444 juxta
926 4387 1140 4433 nostras
1165 4379 1330 4435 vires.
1359 4380 1464 4436 Sed
1494 4383 1816 4438 intucttdum

235 4469 326 4521 ubi
367 4471 507 4524 hanc
542 4478 597 4524 et
628 4469 903 4538 quomodo
939 4477 1188 4539 opormat
1228 4473 1466 4540 operari.
1506 4473 1765 4543 Sequitur
1800 4493 1812 4529 :

1917 3277 2158 3347 quandiu
2182 3291 2278 3346 per
2305 3276 2567 3346 quasdam
2591 3275 2985 3330 declinationes
3028 3272 3359 3334 diﬁluentes,
3413 3273 3496 3327 vel

1918 3369 2206 3425 saeculares
2235 3370 2367 3424 alias
2390 3368 2726 3439 pltantasias,
2759 3385 2787 3422 a
2807 3368 3171 3423 masculorum
3192 3366 3497 3428 excidio)th

1917 3462 2199 3531 dignitate,
2234 3476 2302 3515 ne
2321 3469 2374 3515 et
2396 3461 2550 3515 nobis
2576 3461 2821 3515 dicatur:
2851 3461 3124 3514 t’eecatori
3158 3470 3334 3515 autem
3364 3461 3496 3516 dixit

1922 3551 2269 3618 Deus,Quare
2291 3562 2346 3605 tu
2378 3568 2602 3605 cnarras
2627 3553 2874 3621 justitias
2905 3569 3048 3605 meas
3086 3562 3134 3606 et
3161 3552 3388 3611 assumis
3423 3562 3496 3606 te-

1915 3654 2231 3699 stamentum
2255 3661 2425 3698 meum
2454 3662 2617 3715 peros
2656 3654 2798 3698 tttnnt
2823 3645 2904 3698 "?
2933 3645 3281 3702 Concludunt
3311 3652 3493 3706 autem

1918 3739 2058 3793 hanc
2083 3739 2252 3808 legem
2275 3737 2437 3793 verba
2466 3736 2782 3806 sequentia:

1986 3827 2166 3881 Omnis
2195 3827 2284 3896 qui
2303 3825 2530 3896 tetigerit
2549 3842 2610 3879 ett
2641 3823 3087 3896 sancti/imbitur.
3148 3825 3344 3897 Tangit
3399 3839 3496 3880 au-

1921 3929 2049 3984 tem,
2075 3920 2166 3989 qui
2192 3929 2315 3988 apte
2344 3919 2448 3973 hoc
2475 3918 2749 3987 prtesumit
2810 3933 2992 3988 agere,
3056 3917 3143 3972 hic
3169 3919 3315 3987 juste
3369 3930 3496 3973 san-

1917 4010 2246 4066 ctiﬁcabitur
2278 4007 2504 4064 :Otnnis
2529 4009 2730 4079 quippe
2763 4007 2856 4061 Dei
2889 4012 3338 4064 commemoratio
3375 4024 3498 4062 ωη-

1918 4103 2305 4158 etiﬁcationem
2338 4109 2578 4170 praestat,
2604 4099 2746 4170 quod
2774 4109 3000 4154 testatur
3031 4098 3249 4162 Paulus.
3268 4100 3457 4155 dicens
3483 4117 3495 4153 :

1919 4194 2053 4258 Quia
2086 4194 2253 4247 omnis
2279 4202 2522 4246 creatura
2556 4191 2648 4244 Dei
2688 4193 2842 4255 bona,
2879 4203 2926 4244 et
2985 4193 3116 4245 nihil
3155 4192 3497 4260 rejicirndum

1920 4286 2190 4355 quodcum
2224 4283 2524 4354 gratiarum
2559 4282 2766 4334 actione
2816 4282 3104 4350 percipitur
3147 4283 3212 4335 '°.
3245 4283 3496 4337 Sunt-tili-

1920 4387 2075 4431 catur
2122 4385 2302 4429 autem
2358 4389 2456 4444 per
2499 4373 2724 4427 verbum
2760 4372 2852 4426 Dei
2907 4382 2962 4426 ct
3015 4373 3344 4428 orationem.
3393 4372 3499 4427 Sed

1923 4484 2046 4522 cum
2080 4466 2214 4520 dicit
2261 4473 2570 4533 tangentem
2613 4463 2962 4526 sanctilicari,
3025 4464 3183 4530 plane
3237 4463 3498 4520 Ostendit.

309 4561 510 4630 Absque
579 4535 868 4630 fermento,
932 4535 992 4616 etv
1054 4535 1317 4629 comedet,
1377 4568 1433 4620 in
1496 4535 1612 4622 loco.
1658 4586 1817 4624 εαηε-
1851 4535 1892 4590 D
1923 4559 2048 4629 quia
2077 4559 2131 4611 in
2164 4556 2492 4626 disputando
2523 4554 2589 4607 de
2626 4553 2754 4616 Deo,
2790 4553 2840 4606 id
2865 4563 2948 4607 est
2979 4553 3032 4606 in
3069 4553 3362 4622 theologia,
3389 4553 3501 4606 suf—

232 4653 402 4706 tuarii
451 4653 800 4707 tabernaculi.
853 4654 971 4709 Non
1033 4657 1290 4727 coquitur
1346 4673 1471 4713 cum
1547 4660 1816 4717 fermento

231 4741 354 4806 Dei,
406 4759 584 4814 neque
631 4746 931 4800 secundum
983 4745 1266 4803 Judaieam
1325 4750 1651 4818 doctrinam,
1720 4769 1817 4808 ne-

228 4848 339 4903 que
409 4834 713 4888 secundum
779 4834 979 4904 gentile
1043 4835 1369 4892 fermentum
1427 4856 1440 4893 :
1493 4839 1622 4906 quia
1702 4855 1813 4894 non

230 4926 472 4980 vultnos
500 4927 722 4980 verbum
742 4926 908 4995 loqui,
945 4926 1038 4981 sed
1073 4936 1133 4983 ut
1189 4928 1390 4982 munda
1440 4927 1510 4982 sit
1540 4929 1609 4983 ab
1662 4930 1810 4984 omni

229 5013 608 5084 pertnistione,
642 5024 691 5069 et
718 5016 922 5084 absque
949 5017 1099 5071 omni
1153 5016 1439 5072 fermento.
1465 5017 1689 5074 Comedi
1715 5035 1816 5073 au-

230 5111 344 5158 tem
381 5103 523 5156 illam
555 5103 607 5157 in
636 5104 773 5158 atrio
797 5104 1129 5160 tabernaculi
1192 5105 1488 5161 testimonii
1532 5109 1813 5179 praecepit.

231 5194 288 5250 id
327 5202 432 5259 est,
502 5195 717 5265 operari
775 5197 830 5249 in
879 5197 1136 5252 Ecclesia.
1191 5196 1625 5254 Tabernaculum
1669 5200 1814 5254 enim

229 5288 556 5352 testimonii,
589 5289 789 5345 caelum
823 5299 926 5355 est,
965 5291 1018 5345 in
1060 5306 1169 5361 quo
1205 5292 1350 5361 quod
1412 5292 1620 5348 habitet
1649 5292 1814 5357 Deus,

231 5379 518 5448 Scriptura
543 5388 794 5434 testatur.
842 5382 1054 5437 Atrium
1095 5391 1276 5436 autem
1302 5383 1636 5437 tabernaculi
1662 5384 1818 5438 testi-

231 5469 424 5532 monii,
452 5469 503 5525 id
537 5479 622 5525 est
653 5472 799 5536 cmli,
829 5473 1076 5528 Ecclesia
1108 5483 1212 5536 est,
1277 5490 1387 5528 non
1435 5475 1610 5529 solum
1670 5476 1817 5530 sicut

228 5558 510 5623 introitus,
541 5569 598 5615 et
627 5562 952 5616 vestibulum
988 5564 1272 5628 cmlorum,
1306 5564 1403 5618 scd
1427 5565 1589 5619 etiam
1620 5581 1813 5634 quem-

227 5651 524 5706 admodum
571 5652 766 5707 donnts
831 5654 948 5710 Dei.
1006 5653 1081 5711 lbi
1121 5670 1270 5726 ergo,
1328 5653 1379 5709 id
1435 5664 1539 5717 est,
1592 5655 1645 5709 in
1722 5671 1806 5721 ea,

327 5788 365 5819 "
401 5786 419 5841 1
457 5788 581 5842 Cor.
639 5805 759 5854 xm,
811 5792 896 5848 10.

1024 5794 1066 5825 ³⁸
1092 5791 1233 5848 l’sal.
1266 5809 1428 5858 vatt,
1463 5793 1551 5847 ‘27.

230 5860 276 5893 ⁸⁸
311 5856 326 5910 1
364 5858 500 5913 'l'int.
566 5862 707 5924 tv,-l.

1634 5795 1676 5826 ³³
1709 5793 1919 5852 Coloss.
1959 5812 2066 5861 λιν,
2105 5797 2185 5850 lii.
2264 5796 2306 5830 ³⁸
2350 5796 2478 5859 lmo,
2522 5792 2899 5856 lit-clintum.

1926 4651 2038 4704 ﬁcit
2072 4649 2228 4703 nobis
2260 4647 2421 4700 etiam
2475 4653 2684 4699 tantum
2747 4654 2987 4714 tangere,
3041 4646 3497 4715 quetnadnmdum

1925 4743 2048 4812 igne
2066 4741 2159 4810 qui
2183 4735 2565 4798 vultcaleﬁeri,
2585 4751 2709 4788 natu
2737 4735 2781 4789 si
2804 4734 3032 4789 interius
3052 4734 3229 4787 mittat
3258 4750 3496 4796 manuni,

1924 4849 2025 4903 pro
2058 4849 2123 4887 eo
2151 4830 2293 4900 quod
2321 4828 2496 4898 potuit
2531 4826 2767 4882 caleﬁeri
2813 4827 3173 4882 comburitur.
3203 4829 3292 4881 Sic
3317 4836 3370 4879 ct
3407 4832 3498 4895 qui

1925 4924 2270 4996 profundius.
2303 4921 2387 4976 vel
2413 4921 2575 4975 altius
2605 4921 2672 4974 de
2707 4920 2818 4974 Deo
2873 4920 3152 4990 diSputarc
3199 4921 3497 4993 praesumit.

1926 5032 2024 5086 pro
2045 5030 2112 5070 eo
2132 5013 2277 5083 quod
2301 5012 2595 5081 gloriosius
2619 5011 2750 5080 quid
2792 5011 2903 5066 vult
2934 5011 3244 5072 ostendere.
3293 5011 3343 5063 in
3393 5011 3496 5064 bln-

1925 5104 2224 5174 sphemiam
2250 5105 2415 5167 cadit,
2466 5103 2594 5156 dttttt
2638 5102 3103 5172 comprehendere
3157 5101 3498 5158 altitudini-tn

1923 5199 2234 5254 divinorum
2263 5197 2577 5265 tlogtnatutn
2614 5213 2722 5249 non
2767 5198 2955 5266 possit.

2000 5291 2157 5346 Vens.
2187 5292 2373 5346 19-95.
2406 5309 2423 5341 ε
2452 5289 2513 5343 Et
2535 5291 2747 5343 locutus
2782 5299 2860 5342 est
2893 5289 3154 5346 Dominus
3185 5290 3248 5343 ad
3286 5290 3499 5361 Moysen

1921 5384 2154 5437 dicens:
2200 5379 2327 5434 “me
2355 5389 2437 5433 est
2492 5380 2695 5434 oblatio
2721 5379 2896 5432 Aaron
2956 5389 3008 5436 rt
3071 5379 3302 5432 liliornnt
3357 5381 3500 5448 ejus,

1919 5491 2081 5546 quatn
2107 5472 2307 5528 oll‘erre
2338 5473 2538 5526 debent
2570 5472 2796 5524 Domino
2857 5471 2909 5526 itt
2952 5471 3038 5526 die
3067 5472 3345 5525 unctionis
3365 5489 3499 5528 suae.

1919 5567 2197 5621 Decimum
2222 5576 2432 5637 partem
2465 5566 2589 5634 ephi
2617 5565 2847 5618 oll‘ereut
2901 5565 3090 5619 simila:
3141 5566 3193 5619 in
3233 5568 3503 5621 sacriﬁcio

1917 5659 2274 5729 sempiterno,
2297 5658 2534 5712 medium
2565 5658 2879 5726 ejustnano,
2907 5666 2961 5709 et
3002 5659 3238 5712 medium
3268 5659 3387 5730 ejus
3413 5678 3503 5714 ve-

2976 5795 3018 5825 ³⁵
3058 5794 3197 5849 l'sal.
3240 5812 3384 5861 xttx,
3415 5797 3497 5850 l6.
