4218 6448
194 402 300 463 853

1349 401 1426 459 ΙΝ
1473 399 1914 460 LEVlTiCUM.
1950 424 2022 434 --
2059 401 2204 458 Lili.
2251 401 2329 458 li.

3351 392 3450 454 85$

192 525 356 569 totum
389 515 698 579 exiuauivit,
726 524 774 569 et
805 518 1029 586 formam
1071 516 1205 568 εει-υἱ
1235 517 1454 583 accepit,
1481 527 1528 568 ct
1582 517 1764 569 habitu
1800 517 1839 572 Α
1869 515 2236 580 ρηειηιηὲιγρξη
2298 525 2351 568 cl.
2401 514 2740 567 Thwodutiou
2791 526 2890 582 pro
2942 527 3008 565 eo
3037 511 3182 580 quod
3213 520 3297 563 est
3326 512 3449 580 oﬂ'e-

192 608 427 662 inuentus
482 618 554 661 est
616 617 670 661 ut
720 608 912 671 homo;
962 607 1362 678 humiliavitque
1409 609 1765 676 semetipsum,

190 700 429 754 obedieus
459 703 628 772 factus
652 719 813 772 usque
839 703 910 756 ad
941 711 1180 760 mortem.
1205 711 1422 754 mortem
1453 712 1627 754 autem
1649 718 1768 754 cru-

192 792 268 842 cis
290 790 358 842 ⁸⁵.
384 791 474 845 Sic
507 807 638 863 ergo
669 793 926 871 intelligis
948 802 1006 847 et
1029 794 1132 848 hoc
1163 795 1308 862 quod
1332 794 1528 847 dicitur
1558 811 1571 845 :
1607 796 1770 847 Omne

191 882 330 934 enim
352 883 670 951 sacri/icium
716 885 1043 938 sacerdotum
1098 885 1216 956 igne
1271 896 1625 945 consumatur,
1678 900 1770 936 nec

195 977 422 1027 comedet
443 992 507 1028 ca:
535 987 594 1029 eo
616 977 910 1046 quisquam.
942 976 1199 1030 Eamdem
1231 976 1432 1046 quippe
1465 978 1629 1030 etiam
1655 977 1769 1029 hare

195 1062 453 1116 virtutem
505 1074 668 1134 atque
715 1064 1075 1128 intentionem
1135 1065 1372 1127 habent,
1427 1067 1572 1120 unde
1621 1084 1769 1134 omne

197 1153 514 1220 sacri/icium
592 1155 711 1225 igne
793 1167 1160 1219 consumatur,
1223 1155 1362 1220 LXX
1425 1156 1702 1239 dixerunt
1753 1178 1765 1213 :

197 1241 577 1300 Ilolocaustum
607 1248 714 1315 fiet,
744 1247 932 1317 Aquila
962 1248 1156 1311 edidit,
1187 1249 1446 1318 integrum
1469 1250 1587 1302 erit.
1649 1250 1766 1302 Non

193 1353 322 1405 ergo
347 1338 594 1390 comedet
631 1353 696 1390 ex
725 1352 792 1390 eo
821 1338 1130 1406 quisquam,
1161 1339 1212 1392 id
1232 1345 1316 1392 est
1347 1354 1453 1391 non
1473 1339 1766 1404 dividetur,

192 1429 318 1496 quia
341 1428 584 1480 dentium
610 1427 958 1482 estdividere
991 1437 1045 1489 et
1075 1429 1273 1497 partiri.
1305 1430 1478 1491 cibos,
1515 1445 1639 1482 eum
1671 1431 1768 1483 ali-

196 1530 275 1572 ter
306 1519 488 1571 mandi
514 1534 621 1571 non
653 1519 879 1588 possint.
904 1518 1106 1576 Christi
1135 1528 1316 1593 autem
1344 1520 1666 1574 sacrilieium
1684 1521 1768 1573 in-

193 1610 456 1662 (livisi'ilc
497 1611 928 1664 demonstratum
961 1621 1064 1677 est,
1124 1619 1179 1665 et
1232 1621 1520 1681 propterea
1555 1613 1767 1672 comedi

194 1719 300 1754 non
340 1710 539 1770 potest.

262 1792 322 1844 Vi
346 1809 422 1845 ns.
451 1792 544 1846 24.
578 1812 595 1844 ι
643 1793 876 1848 Locutus
905 1805 990 1848 est
1015 1793 1278 1849 Dominus
1315 1797 1382 1850 ad
1439 1796 1653 1867 Moysen
1680 1796 1765 1850 di-

193 1898 325 1936 cens
361 1926 371 1935 .
401 1883 647 1952 Loquere
671 1885 854 1937 Aaron
891 1894 946 1938 et
1009 1885 1137 1940 liliis
1197 1887 1339 1956 ejus,
1414 1888 1513 1941 ista
1540 1896 1618 1940 est
1678 1888 1764 1941 lex

195 1975 514 2055 liostizepro
539 1984 762 2045 peccato
803 1995 817 2031 :
850 1977 910 2031 In
971 1979 1216 2034 locouhi
1251 1967 1484 2034 offertur
1509 1980 1768 2043 holocau-

189 2077 352 2127 stum.
397 2068 962 2123 immolabiturcoram
1029 2071 1280 2136 Domino,
1331 2070 1596 2128 Sanctum.
1641 2086 1770 2126 san-

189 2169 401 2213 ctorum
455 2169 558 2214 est.
584 2159 851 2215 Sacerdos
887 2162 980 2231 qui
1009 2163 1227 2227 oﬁerct,
1279 2165 1528 2218 comedet
1593 2177 1658 2217 ea
1714 2164 1768 2216 in

189 2251 310 2305 loco
338 2260 528 2306 sancto
563 2252 617 2306 in
657 2254 797 2308 atrio
815 2255 1172 2310 tabernaculi.
1219 2254 1496 2324 Quidquid
1530 2254 1770 2325 tetigerit

188 2357 385 2395 carnes
411 2343 551 2410 ejus,
578 2343 1028 2399 sanctiﬁcabitur.
1087 2347 1142 2399 Si
1183 2347 1252 2400 de
1309 2346 1581 2416 sanguine‘
1626 2344 1772 2399 illius
1819 2364 1829 2378 ε

190 2424 552 2488 vestis'l‘uerit
598 2450 842 2504 aspersa,
875 2436 1142 2490 lavabitur
1177 2437 1232 2491 in
1263 2437 1381 2513 loco
1406 2447 1615 2496 saneto,
1675 2452 1770 2491 vas

188 2531 374 2577 autem
411 2523 573 2578 fictile
601 2524 655 2578 in
690 2541 800 2594 quo
839 2536 991 2580 cocta
1039 2536 1142 2591 est,
1168 2525 1559 2598 'conl‘ringetur.
1611 2526 1768 2592 Qubd

190 2616 237 2669 si
279 2631 370 2668 vas
389 2631 623 2681 aeneum,
654 2616 1008 2671 defricahitnr
1029 2627 1084 2671 et
1103 2619 1370 2673 lavabitur
1400 2631 1558 2687 aqua.
1579 2618 1770 2672 Omnis

191 2708 468 2760 masculus
513 2708 801 2777 degenere
842 2709 1164 2762 sacerdotali
1192 2717 1446 2764 vescctur
1509 2711 1769 2789 carnibus

190 2796 331 2864 ejus,
360 2797 486 2864 quia
509 2796 768 2851 Sanctum
794 2799 1109 2852 sanctorum
1132 2808 1234 2855 est.
1270 2792 1454 2854 liostia
1477 2801 1620 2854 enim
1649 2815 1770 2869 qua:

192 2889 423 2943 caeditur
474 2905 572 2958 pro
641 2899 888 2959 peccato,
957 2892 1114 2960 cujus
1143 2893 1368 2962 sanguis
1422 2892 1654 2947 infertur
1711 2893 1766 2946 in

195 2980 606 3034 tabernaculum
678 2982 976 3039 testimonii
1015 2982 1082 3035 ad
1147 2980 1480 3052 expiandum
1531 2983 1586 3037 in
1640 2999 1767 3037 san-

194 3071 424 3134 ctuario,
465 3087 568 3124 non
601 3073 938 3144 comedetnr,
982 3072 1076 3126 sed
1093 3074 1446 3127 comburetur
1471 3075 1601 3144 igni.
1650 3092 1666 3125 ι

1871 624 2010 667 rens,
2045 611 2261 676 m'pitms
2291 607 2481 670 edidit,
2520 607 2570 658 id
2597 614 2682 660 est
2708 603 3032 665 emundans,
3065 611 3119 657 et
3146 618 3243 672 per
3269 616 3448 656 sacer-

1871 701 2000 754 dotii
2054 702 2136 752 sui
2187 701 2568 762 ministerimn,
2606 697 2907 769 perfectum
2961 695 3167 750 faciens
3200 711 3325 748 eum
3358 693 3450 764 qui

1871 791 2213 844 einnndatur.
2253 791 2315 845 Et
2342 790 2615 860 quomodo
2664 803 2786 842 eam
2814 787 3108 842 manducet
3139 784 3391 838 Christus
3419 800 3449 838 a

1873 885 1988 938 loco
2052 898 2315 950 Cognosce
2375 885 2440 936 ini
2481 897 2589 950 quo
2647 880 2897 934 comedet
2934 895 2947 930 :
2988 878 3050 930 lu
3102 877 3212 930 loco
3245 886 3451 930 sancto.

1873 970 1926 1020 iu
1973 971 2114 1027 utri»
2149 970 2490 1022 !.’!t":’rtt"tt"lt".
2530 967 2624 1022 Vel
2654 968 2792 1021 sicut
2850 963 2990 1019 LXX
3023 965 3328 1021 ediderunt.
3389 964 3452 1018 In

1871 1064 2009 1113 uti-io
2057 1061 2384 1113 tabernaculi
2434 1059 2734 1113 testimonii.
2785 1056 2996 1110 Atrium
3028 1048 3219 1109 autem
3267 1045 3450 1108 taber-

1872 1153 2049 1204 naculi
2108 1151 2424 1214 testimonii,
2481 1151 2718 1205 Ecclesia
2780 1157 2903 1214 est;
2945 1147 3059 1216 ipsa
3085 1146 3288 1216 quippe
3321 1158 3450 1199 ante

1873 1244 2090 1305 coelum,
2151 1243 2348 1296 atrium
2430 1241 2765 1294 tabernaculi
2843 1236 3144 1294 testimonii
3197 1245 3302 1300 est,
3358 1237 3446 1288 ubi

1819 1380 1822 1382 .
1872 1337 2119 1390 Christus
2157 1335 2543 1404 pamitentium
2572 1330 2801 1387 salutem
2833 1338 3112 1401 operatur,
3144 1343 3266 1398 quae
3298 1328 3446 1381 salus

1806 1427 1832 1443 "
1870 1430 1989 1497 ejus
2037 1431 2198 1482 etiam
2247 1429 2401 1481 cibus
2435 1427 2776 1496 appellaturi
2821 1424 2966 1477 Heus
3010 1425 3146 1476 enim
3177 1422 3319 1474 cibus
3353 1428 3447 1483 est,

1871 1520 2064 1590 inquit,
2106 1531 2160 1573 ut
2201 1521 2397 1590 faciam
2425 1513 2746 1572 adluatt’i‘tcm
2782 1518 2963 1570 Patris
2995 1516 3179 1577 inci“,
3201 1515 3449 1567 voluntas

1869 1620 2048 1664 autem
2079 1597 2198 1679 ej'us
2229 1621 2312 1662 est
2352 1608 2409 1662 'ut
2443 1617 2696 1687 peccator
2726 1615 3078 1662 convertatur
3104 1613 3157 1659 et
3189 1604 3446 1657 salvetur.

1821 1762 1826 1766 _
1871 1705 2096 1772 Insuper
2125 1703 2198 1758 ait
2222 1721 2233 1755 :

1940 1796 2204 1866 Quidquid
2275 1796 2502 1864 tetigerit
2570 1784 2752 1846 citrucs
2810 1793 2942 1856 eius,
3008 1789 3440 1857 sanrtiﬁcabitur.

1868 1888 2073 1941 Cat-nes
2123 1896 2306 1941 autent
2351 1886 2708 1955 pmnitentizc,
2756 1883 3108 1954 intelligimus
3157 1881 3444 1952 jejunium,

1869 1958 2101 2053 vigilias,
2179 1981 2487 2042 eilieinum_
2531 1979 2932 2038 vestimentum,
3005 1981 3131 2029 eum
3197 1973 3450 2044 lacrymi's'

1869 2064 2207 2132 orationem,
2275 2071 2707 2138 eleemosyuam;
2762 2082 2829 2121 ex
2896 2065 2984 2119 bis
3036 2062 3186 2119 enim
3258 2063 3447 2118 consi—

1870 2166 1964 2219 stit
1994 2162 2350 2233 'pmuitentia,
2402 2176 2521 2232 quae
2568 2160 2661 2231 qui
2718 2159 2909 2230 tangit,
2961 2166 3104 2213 recte
3138 2155 3446 2211 sanctiﬁca-

1869 2253 2034 2309 bitur.
2066 2281 2067 2284 η

1945 2344 2008 2397 Et
2035 2345 2079 2397 si
2105 2344 2168 2396 tle
2188 2334 2444 2412 sanguine
2482 2341 2625 2394 illius
2659 2341 2814 2393 vestis
2847 2339 3006 2409 fuerit
3029 2350 3270 2406 aspersa,
3298 2338 3447 2391 lava-

1869 2435 2010 2505 bitur
2069 2437 2124 2487 iu
2181 2434 2290 2486 loco
2341 2441 2544 2486 sancto.
2580 2418 2813 2501 Sanguis
2870 2421 3206 2499 poenitentiae
3231 2429 3449 2498 proprie

1869 2526 2171 2593 baptismus
2209 2534 2312 2588 est,
2355 2527 2480 2594 quia
2517 2524 2656 2578 sicut
2708 2523 2818 2577 vita
2885 2522 3067 2576 omnis
3119 2521 3452 2575 carnissan-

1869 2617 1989 2685 guis
2023 2594 2124 2676 est,
2160 2617 2236 2670 sic
2263 2619 2328 2668 ct'
2348 2613 2683 2684 pmnitentiae
2713 2614 2918 2667 donum
2949 2611 3225 2681 baptismi.
3259 2611 3459 2667 Omnis

1869 2708 2014 2762 enim
2071 2707 2164 2776 qui
2217 2708 2328 2775 agit
2381 2704 2794 2774 pmnitcntiam,
2859 2703 2904 2756 si
2961 2717 3069 2756 non
3146 2703 3452 2771 perceperit

1868 2799 2218 2868 baptismum,
2251 2796 2458 2850 inutilis
2509 2796 2629 2864 ejus
2673 2802 2756 2849 est
2799 2802 2855 2848 et
2895 2793 3013 2847 sine
3063 2793 3244 2860 aliquo
3302 2792 3454 2845 luero

1869 2884 2188 2960 pmniteutiii
2245 2896 2570 2956 mortuaque
2591 2895 2652 2958 _et
2683 2885 2990 2939 exanimis:
3040 2885 3166 2954 quia
3211 2891 3450 2938 veterem

1869 2980 2074 3051 peccati
2109 2980 2382 3033 hominem
2408 2993 2515 3032 non
2547 2978 2705 3032 aliter
2729 2977 3003 3046 quispiam
3033 2975 3142 3030 nisi
3173 2975 3454 3028 ablatione

1871 3068 2299 3139 regenerationis
2345 3067 2589 3137 deponit.
2619 3065 2774 3131 Quod
2818 3066 2860 3119 si
2891 3065 3046 3127 dicis,
3084 3073 3139 3118 et
3177 3064 3455 3132 quomodo

268 3161 403 3226 Quia
441 3178 546 3214 nm!
591 3163 790 3224 frustra
853 3164 1044 3216 eadem
1087 3163 1352 3218 sacriﬁcia
1394 3165 1611 3232 repetit,
1675 3179 1766 3218 su-
1799 3173 1842 3229 ε
1875 3159 1966 3229 qui
2049 3159 2177 3212 olim
2234 3158 2487 3226 baptizati
2561 3165 2691 3210 sunt
2749 3155 3021 3219 homines,
3074 3153 3453 3222 pmnitentiam

196 3254 388 3320 perius
446 3254 700 3316 diximus,
755 3256 896 3324 quod
923 3264 973 3307 et
1022 3255 1074 3307 in
1139 3255 1500 3324 prccscntibus
1541 3255 1772 3309 demon-
1821 3328 1825 3336 ι

198 3351 308 3396 stra
319 3352 426 3398 tur.

271 3432 524 3494 Locutus,
550 3446 622 3488 est
676 3436 933 3490 Dominus
955 3439 1023 3491 ad
1052 3441 1267 3508 Moysen
1290 3439 1484 3490 dicens.
1547 3436 1774 3507 Loquere

198 3525 380 3577 Aaron
407 3518 594 3594 tit/iliis
628 3527 760 3592 ejus.
791 3528 904 3581 Ista
923 3538 996 3580 est
1025 3528 1109 3581 lea:
1157 3528 1342 3581 Itostiu:
1393 3544 1488 3595 pro
1537 3539 1769 3595 peccato.

204 3615 299 3669 Vel
324 3621 542 3685 peccati,
583 3619 661 3672 sic
687 3621 904 3689 quidem
934 3619 1276 3674 Theodotion
1311 3629 1366 3674 et
1413 3620 1777 3690 Symmachus-

199 3709 514 3762 ediderunt.
545 3709 674 3775 Quae
711 3719 795 3764 est
848 3720 1030 3765 autem
1083 3713 1197 3765 haec
1247 3713 1368 3766 lex?
1396 3705 1472 3769 il'n
1519 3713 1627 3765 loco
1688 3715 1774 3766 ubi

198 3797 414 3865 επεν-ιω-
440 3799 827 3862 holocaustum,
888 3801 1252 3865 immolabitur
1279 3819 1458 3855 coram
1519 3803 1770 3866 Domino‘,
1803 3813 1810 3822 '

199 3891 329 3958 quia
348 3888 601 3944 Sanctum
621 3900 923 3944 sanctorum
941 3902 1035 3945 est.
1053 3889 1344 3962 Propterea
1369 3896 1546 3947 Aaron
1572 3903 1624 3948 ct
1648 3893 1773 3949 ﬁliis

199 3981 320 4047 ejus
345 3982 600 4050 prmdicta
634 3984 981 4048 mandantur,
1040 3984 1166 4054 quia
1194 3983 1391 4039 olierre
1417 4003 1518 4055 pro
1547 3997 1774 4057 peccato

202 4072 552 4133 sacriﬁrinm.
583 4074 633 4127 id
665 4082 749 4128 est
768 4075 1165 4144 pmnitentiam,
1201 4077 1514 4132 sublimium
1540 4089 1595 4134 et
1625 4096 1774 4134 sum-

202 4179 416 4216 morum
447 4172 550 4226 est,
578 4173 798 4234 atquea
825 4174 968 4219 terra
1021 4167 1449 4230 sublevatorum,
1491 4163 1635 4238 quod
1667 4187 1773 4224 non

202 4262 427 4321 praestat
469 4255 570 4308 nisi
600 4271 630 4308 a
662 4256 804 4309 malo
833 4257 1088 4314 recessio.
1125 4258 1262 4329 Ergo
1303 4261 1397 4314 ubi
1453 4261 1774 4317 holocausta

205 4345 577 4411 immolantur,
610 4347 684 4402 ibi
715 4357 770 4403 et
801 4365 920 4418 qua:
959 4365 1059 4419 pro
1089 4361 1315 4420 peccato
1355 4364 1483 4407 sunt
1510 4356 1774 4409 occidun-

206 4445 296 4489 tur
328 4451 341 4486 :
377 4436 504 4505 quia
538 4438 630 4506 qui
667 4437 860 4493 otIeret
913 4441 1313 4508 pmnitentiam,
1352 4444 1462 4511 jam
1529 4445 1775 4500 imitatur

1882 3251 2083 3322 agent?
2111 3266 2396 3321 cognosce,
2420 3249 2544 3318 quia
2577 3248 2750 3302 virtus
2773 3247 3130 3317 praecedentis
3159 3245 3457 3316 baptisma-

1883 3344 2236 3413 tis.opcratur
2280 3352 2333 3394 et
2384 3341 2434 3393 in
2468 3355 2528 3394 ea
2570 3354 2688 3410 quzc
2719 3347 2907 3408 postea
2939 3348 3054 3392 acta
3091 3338 3252 3415 fuerit
3282 3339 3460 3405 poeni-

1882 3433 2070 3487 tentia.
2132 3431 2257 3486 llaec
2303 3437 2570 3500 ergo‘e'st
2635 3430 2864 3483 intentio
2921 3429 3263 3499 legislatoris,
3329 3428 3456 3497 quia

1879 3524 1970 3592 qui
2015 3523 2262 3576 comedet
2323 3537 2517 3575 carnes
2568 3513 2816 3588 'pra‘dicti
2866 3518 3147 3581 sacrificii,
3204 3520 3455 3587 quamvis

1879 3612 2079 3666 oblatio
2151 3611 2224 3664 sit
2275 3610 2520 3675 alterius,
2574 3608 2962 3662 sanctilicatur.
3027 3607 3129 3661 l’er
3196 3607 3300 3660 hoe
3353 3621 3454 3660 au-

1882 3713 1988 3779 tem
2052 3702 2390 3763 ostenditur,
2445 3702 2568 3771 quia
2633 3710 2688 3754 (ι
2744 3701 2788 3752 is
2846 3699 2936 3769 qui
2999 3715 3107 3752 non
3169 3708 3292 3766 eget
3340 3715 3459 3768 pte-

1882 3793 2127 3854 nitentia,
2162 3795 2204 3848 si
2240 3794 2367 3863 quid
2402 3794 2575 3861 egerit
2621 3793 2846 3852 horum,
2881 3790 3258 3859 pmnitentiam
3290 3805 3459 3860 agens

1881 3876 2270 3936 sanctiﬁcatnr.
2307 3881 2566 3936 Similiter
2620 3880 2699 3932 vel
2739 3880 2784 3934 si
2811 3879 3039 3933 multum
3072 3893 3270 3947 parvus
3303 3880 3456 3947 quis.-

1883 3976 2024 4044 piam
2068 3972 2370 4043 baptizatus
2409 3970 2586 4032 fuerit,
2620 3969 2710 4039 qui
2745 3969 2975 4023 necdum
3021 3968 3157 4020 forte
3191 3967 3452 4036 peccavit,

1883 4063 2193 4118 mundatur.
2246 4062 2311 4115 Et
2334 4061 2464 4131 quid
2497 4061 2544 4114 ei
2590 4069 2672 4113 est
2706 4073 2844 4127 opus
2888 4056 3213 4111 mundatio?
3241 4056 3322 4109 Ad
3358 4055 3458 4109 hoc

1882 4155 1931 4208 ei
1988 4169 2124 4222 opus
2174 4161 2279 4214 est,
2313 4153 2436 4220 quia
2478 4164 2638 4203 nemo
2665 4155 2750 4202 est
2781 4145 3016 4200 mundus
3061 4150 3089 4197 a
3118 4145 3278 4197 sorde
3331 4159 3456 4196 nam

1883 4247 2008 4299 licet
2049 4245 2210 4297 unius
2261 4242 2368 4310 diei
2396 4240 2502 4295 vita
2531 4242 2650 4309 ejus
2675 4241 2748 4292 sit
2773 4251 2938 4307 super
2965 4246 3187 4300 terram,
3239 4236 3456 4289 sordem

1885 4347 2062 4389 tamen
2113 4349 2274 4402 quam
2324 4348 2386 4386 ex
2439 4332 2608 4384 Adam
2665 4328 3009 4383 successione
3048 4335 3100 4380 et
3150 4325 3457 4396 generatio-

1883 4443 1951 4480 ne
1984 4427 2168 4487 traxit,
2199 4424 2400 4476 retinet
2433 4440 2444 4474 :
2482 4431 2534 4474 ct
2562 4421 2682 4474 ideo
2702 4435 2826 4473 eum
2861 4417 2953 4488 qui
2983 4418 3246 4487 sanguine
3279 4416 3458 4486 patrii--

203 4539 331 4577 cum
351 4526 442 4593 qui
466 4532 638 4580 totum
666 4527 1014 4598 semetipsum
1037 4531 1234 4586 obtulit
1259 4509 1366 4587 Deo
1388 4541 1444 4586 et
1463 4535 1779 4591 omnimodo

1886 4519 2066 4592 tentia:
2113 4529 2368 4584 aspersus
2402 4523 2620 4567 estnon
2657 4511 2793 4566 dixit
2823 4511 2963 4565 sicut
3011 4509 3349 4562 immundmn
3384 4509 3461 4560 la-

208 4618 436 4670 recessit
467 4634 506 4685 a,
542 4619 782 4684 saeculo,
823 4621 970 4675 unde
1023 4631 1080 4676 et
1125 4613 1504 4679 holocaustum
1537 4627 1656 4696 ejus
1682 4644 1778 4698 ap-

211 4707 444 4775 pellatur
467 4710 808 4765 conversatio
849 4729 863 4766 :
893 4721 949 4767 et
969 4713 1252 4783 utriusque
1275 4716 1482 4771 oblatio
1540 4717 1592 4770 in
1643 4734 1779 4774 con:-

206 4807 402 4866 spectu
429 4808 513 4855 est
543 4799 776 4864 Domini,
819 4802 1017 4871 placita
1057 4804 1203 4860 enim
1226 4814 1312 4860 est
1363 4807 1496 4873 Deo,
1561 4812 1784 4878 quando

204 4890 509 4942 secundum
561 4889 681 4958 ejus
733 4890 1094 4948 intentionem
1142 4894 1412 4948 offertur:
1470 4897 1550 4952 sic
1601 4908 1784 4954 autem

208 4979 407 5048 placita
435 4979 563 5045 Deo,
595 4981 858 5038 Sanctum
925 4995 1243 5040 sanctorum
1304 4997 1452 5043 recte
1511 4983 1782 5058 appellata

206 5078 293 5122 est
330 5085 343 5121 :
382 5070 426 5122 si
458 5072 605 5125 enim
639 5088 749 5127 non
782 5084 928 5129 esset
979 5085 1292 5130 sanctorum
1321 5087 1571 5134 sanctum
1608 5082 1785 5150 paeni-

208 5161 399 5215 tentia:
449 5161 798 5228 sacriﬁcium,
866 5180 1145 5234 nunquam
1209 5168 1565 5237 pmnitentem
1609 5170 1784 5224 intro-

206 5253 456 5306 duxisset
482 5253 535 5307 in
571 5252 1106 5342 Sancta‘sanctorum
1138 5277 1151 5312 :
1197 5273 1434 5328 eumque
1461 5276 1560 5329 per
1589 5277 1812 5334 peceaa

209 5353 352 5408 tum,
382 5344 525 5397 unde
556 5345 706 5414 prius
741 5342 1002 5415 expulsus
1035 5358 1139 5402 est.

284 5434 543 5488 Sacerdos
585 5438 676 5506 qui
729 5438 925 5506 offeret,
988 5441 1216 5494 comedet
1274 5457 1411 5495 eam.
1464 5441 1566 5508 Qui
1601 5444 1795 5500 olieret

206 5526 311 5590 ait,
372 5525 463 5579 hic
522 5535 703 5581 autem
761 5526 1014 5585 Christus
1059 5539 1164 5594 est,
1212 5533 1304 5601 qui
1355 5542 1541 5588 nostra
1569 5545 1792 5604 peccata

207 5616 479 5685 suscepit,
533 5625 788 5688 recteque
841 5629 1081 5676 nostram
1149 5624 1342 5679 oll'cret
1392 5625 1790 5694 paenitentiam.

286 5791 332 5822 “
373 5790 606 5863 l‘hilipp.
656 5814 713 5862 ιι,
739 5799 791 5859 '7,
825 5801 872 5849 8.
957 5799 1165 5854 7“'Joau.
1191 5817 1260 5863 Iv,
1295 5800 1382 5854 δι.

1838 4604 1846 4617 ’
1885 4609 2019 4671 vari,
2046 4607 2121 4661 ait
2146 4605 2289 4659 cnim
2320 4624 2332 4658 ς

1957 4721 2014 4775 Si
2055 4725 2117 4774 de
2169 4715 2424 4788 sanguine
2457 4718 2601 4770 illius
2643 4717 2798 4769 restis
2830 4715 2984 4784 fuerit
3022 4728 3258 4779 aspersa.
3305 4709 3356 4762 ld
3384 4720 3465 4764 est

1881 4808 2034 4878 ‘caro,
2086 4812 2198 4881 ipsa
2231 4819 2311 4863 est
2356 4809 2500 4862 enim
2534 4807 2702 4861 vestis
2739 4804 3018 4859 interioris
3053 4800 3311 4862 hominis,
3343 4817 3465 4869 qua:

1861 4895 1934 4961 'si
1970 4917 2231 4973 taspersa.
2259 4901 2440 4965 fuerit,
2495 4899 2564 4953 ibi
2603 4896 2867 4950 lavabilur
2911 4896 2965 4947 iu
3008 4894 3118 4946 loco
3168 4901 3382 4954 sancto,
3413 4891 3465 4945 id

1893 5002 1976 5051 eSt
2000 4997 2101 5049 hoc
2128 4993 2304 5063 ipsum
2334 4991 2479 5061 quod
2508 4988 2833 5060 aspergitur,
2871 4985 3161 5050 lavabitur,
3201 4998 3312 5037 non
3338 4983 3466 5051 quia

1894 5085 2223 5140 maculatum
2247 5094 2331 5136 est
2355 5081 2704 5151 aspersione:
2731 5078 2773 5132 si
2800 5078 2946 5132 enim
2977 5077 3048 5145 ita
3079 5082 3245 5138 esset,
3279 5074 3466 5142 utique

1893 5176 2118 5232 dixisset
2147 5175 2231 5229 vel
2260 5174 2548 5242 adjeeisset
2585 5170 2754 5233 illud;
2796 5169 2890 5223 sed
2932 5169 3034 5222 hoc
3061 5167 3204 5235 quod
3239 5165 3468 5219 cilicitur

1861 5266 1962 5331 ab
2010 5265 2141 5339 ipsa‘
2177 5264 2510 5335 aspersione,
2556 5260 2879 5313 lavationem
2929 5254 3222 5326 appellavit
3265 5255 3319 5306 in
3349 5253 3469 5308 loco

1851 5421 1855 5424 _
1894 5359 2091 5411 laetam
2145 5364 2352 5417 sancto,
2399 5355 2449 5406 in
2498 5352 2660 5406 domo
2707 5349 2950 5418 mystica.
2999 5345 3232 5415 Spiritus
3261 5359 3392 5415 ergo
3423 5345 3466 5398 si

1891 5449 2015 5518 quis
2039 5447 2195 5501 fortis
2225 5449 2366 5500 lotus
2396 5443 2579 5506 fuerit,
2615 5441 2754 5496 sicut
2793 5447 2939 5498 sunt,
2971 5437 3120 5492 verbi
3144 5435 3336 5504 gratia,
3369 5449 3467 5504 pa-

1893 5554 2155 5608 ganorum
2213 5535 2574 5606 aspersiones,
2633 5547 2757 5586 non;
2811 5534 3040 5610 lavatur,
3103 5526 3230 5596 quia
3260 5541 3371 5580 non
3413 5526 3466 5578 in

1894 5631 2013 5685 loco
2041 5636 2230 5684 sancto
2271 5625 2646 5696 aspersionem
2693 5618 3240 5690 nejucablutioncm
3279 5629 3466 5670 susce-
