4218 6448
775 375 882 442 855
1964 391 2324 451 HESYCllIl
2366 392 2441 451 Pf

2389 392 2838 455 :‘RESBYTERI
3954 393 4055 455 855

775 490 871 557 pit.
939 489 1062 543 Haec
1118 507 1247 561 ergo
1297 491 1590 562 legislator,
1656 495 1996 564 baptismatis
2031 516 2338 554 sermonem
2375 505 2413 558 Α
2447 505 2496 558 id
2536 512 2640 569 est,
2689 520 2910 559 munem
2954 506 3019 560 de
3067 504 3390 576 Cognatiune
3432 503 3778 561 sacerdotum
3830 522 4053 559 mas!"-

774 577 964 630 "019115
996 577 1377 642 Ῐηιτοιιυοθτεν
1418 581 1571 635 ἀίιῖῑ·
1609 580 1900 638 Ενίάθηιοτ
1936 595 2119 640 amem
2157 588 2346 656 ΙποΧί·
2454 598 2585 662 lum,
2627 598 2770 667 quod
2822 598 3034 652 videtur
3086 613 3208 652 esse
3246 596 3584 652 contrarium
3635 597 3820 666 aliquo
3858 598 4049 660 modo,

775 683 896 722 Inus
954 677 1038 723 est
1113 670 1308 724 rationi
1370 674 1702 742 pccuitcntiac
1758 692 1938 731 sermo
1983 679 2345 748 baptismatis,

2452 689 2554 743 nisi
2597 690 2925 759 competenti
2965 690 3305 759 expositione
3357 689 3618 744 solvatur.
3667 688 4046 754 Quamobrem

777 761 920 814 unde
949 761 1188 818 Joannes
1219 767 1592 834 pmuitentiam
1633 770 1924 837 pricdieare
1973 773 2261 842 incipiens,
2293 775 2347 827 in

2451 782 2788 836 sacerdotem
2845 781 3062 851 quidem
3122 780 3442 834 oﬁ'ercntem
3502 779 3772 848 intcgrqu
3830 779 4046 832 sacriﬁ-

777 854 1162 922 praedicatione
1205 875 1298 911 sua
1334 858 1601 913 inferebat
1644 864 2054 931 baptismum",
2095 866 2347 921 urvide-
2450 872 2617 934 cium,
2663 880 2719 926 et
2777 871 3154 925 comedentcm
3217 870 3473 941 intelligis
3546 869 3855 924 Christum.
3929 868 4049 938 Ipse

773 945 904 1000 lLeet
949 951 1207 1020 mysterio
1268 951 1600 1019 pmnitentia:
1643 954 1695 1006 in
1749 953 2072 1023 baptismate
2115 957 2350 1012 habente
2451 965 2631 1010 autem
2674 968 2912 1011 nostram
2957 957 3149 1012 oll‘eret
3188 959 3583 1027 paenitentiam,
3616 958 3729 1027 ipse
3769 969 3828 1011 et
3857 974 4045 1011 come-

775 1042 1153 1097 snbstantiam.
1202 1043 1309 1097 Sed
1363 1045 1426 1097 ad
1475 1059 1535 1098 ea
1567 1061 1687 1114 qua:
1719 1047 2121 1117 subsequuntur
2156 1065 2349 1119 proce-
2450 1051 2559 1112 det,
2590 1051 2716 1119 quia
2745 1051 2926 1103 cibum
2954 1050 3184 1104 salutem
3216 1061 3562 1119 peccatorum
3599 1052 3784 1104 habet.
3835 1051 4048 1103 Carncs

777 1136 986 1188 damus.
2452 1151 2632 1194 autem
2685 1141 2956 1206 sacriﬁcii,
3002 1159 3123 1211 qua:
3182 1144 3457 1210 pertinent
3506 1143 3576 1196 ad
3629 1143 4043 1211 pmnitentiam.

850 1227 951 1281 Vas
984 1239 1163 1284 autem
1206 1232 1368 1300 fictile
1421 1234 1475 1286 in
1501 1251 1602 1305 quo
1633 1251 1776 1290 cocta
1812 1245 1910 1299 est,
1970 1239 2346 1308 confringetur.
2450 1233 2630 1288 omnis
2671 1234 2944 1288 masculus
2976 1234 3044 1287 de
3097 1235 3478 1289 sacerdotibus
3511 1235 3784 1296 comedet,
3818 1248 4045 1286 niiineni

777 1317 928 1381 Quod
958 1321 1004 1373 si
1038 1339 1125 1376 vas
1154 1339 1381 1390 (uncum,
1407 1327 1770 1393 defricabitur,
1801 1336 1847 1379 et
1885 1327 2153 1380 lavabitur
2183 1346 2347 1396 aqua.
2452 1322 2824 1378 fortitudinem
2875 1325 3267 1380 convenienter
3304 1327 3590 1391 exhibens,
3635 1326 3723 1379 cui
3770 1336 3928 1378 recte
3966 1324 4048 1376 di-

779 1402 932 1468 Quod
975 1416 1058 1462 est
1112 1419 1292 1465 autem
1337 1429 1430 1468 vas
1470 1415 1650 1478 ﬁctile,
1687 1422 1742 1468 et
1774 1415 1863 1469 ubi
1906 1417 2110 1485 jacens,
2151 1417 2351 1472 Paulus
2452 1421 2641 1468 catur:
2678 1415 2906 1469 Viriliter
2940 1433 3059 1484 age,
3089 1426 3138 1470 et
3181 1419 3481 1487 confortarc
3525 1428 3572 1470 et
3621 1419 3824 1471 sustine
3866 1416 4050 1467 Domi-

783 1498 1021 1554 ostendit
1079 1516 1201 1555 cum
1254 1503 1424 1557 dicit:
1481 1504 1548 1558 In
1591 1523 1784 1574 magna
1839 1517 2015 1561 autem
2052 1510 2204 1562 domo
2249 1527 2352 1562 non
2455 1506 2655 1560 num".
2709 1506 2774 1560 Et
2801 1507 2916 1562 hinc
2965 1508 3180 1576 quidem
3209 1509 3278 1562 ita
3314 1525 3373 1562 se
3402 1509 3624 1562 habent.
3679 1508 3788 1562 Sed
3820 1509 4050 1561 intuen-

783 1589 950 1643 solum
993 1604 1114 1647 sunt
1144 1612 1270 1649 vasa
1305 1614 1468 1651 aurea
1503 1608 1552 1652 et
1583 1609 1851 1670 argentea,
1881 1601 1969 1653 sed
1999 1609 2047 1653 et
2075 1601 2270 1670 lignea,
2304 1615 2352 1657 et
2454 1595 2581 1650 dum
2616 1607 2718 1662 σει,
2749 1611 2912 1665 quem
2948 1597 3251 1652 Sllbilllcral
3285 1598 3602 1651 terminum.

779 1683 990 1750 ﬁctilia,
1034 1691 1277 1756 quazdum
1325 1692 1531 1760 quidem
1583 1694 1636 1745 in
1663 1695 1874 1756 honore,
1914 1693 2154 1763 quendam
2178 1704 2352 1747 auten
2516 1687 2702 1740 Hostia
2725 1688 2860 1740 enim
2886 1704 3000 1758 qua:
3029 1690 3250 1741 creditur
3266 1706 3359 1756 pro
3379 1701 3608 1757 peccato,
3644 1692 3800 1757 cujus
3828 1692 4052 1759 sanguis

783 1777 839 1828 in
876 1779 1189 1833 contumelia
1208 1781 1271 1835 ³⁸.
1324 1781 1380 1836 ln
1426 1788 1811 1841 contumeliam
1862 1788 2112 1844 videlicet
2138 1803 2200 1841 ea
2233 1801 2352 1856 qua:
2387 1839 2424 1856 ,ἱ
2455 1781 2680 1852 infertur
2715 1783 2768 1834 in
2810 1781 3148 1834 tabernaculo
3181 1783 3483 1841 testimonii,
3517 1784 3584 1833 ait
3634 1782 3969 1848 expiandum
4004 1783 4053 1832 in

783 1878 911 1922 δυῐιι
955 1868 1156 1924 θοίίιῖέιο
1217 1873 1458 1944 Magnam
1495 1886 1676 1933 autem
1720 1881 1965 1945 domum,
2006 1889 2194 1950 utpote
2233 1839 2353 1948 quae
2387 1839 2427 1895 Β
2456 1875 2781 1937 sanctuario,
2823 1890 2922 1926 non
2965 1875 3284 1936 cometlclur,
3323 1876 3414 1927 sed
3451 1873 3786 1926 cainburetur
3823 1875 3943 1942 igni
3998 1872 4055 1924 lit

783 1961 978 2016 domus
1029 1962 1124 2018 Dei
1163 1975 1267 2033 est,
1306 1966 1600 2024 Ecclesium
1652 1971 1939 2035 intellexit,
1979 1973 2032 2027 in
2058 1989 2162 2043 qua
2195 1989 2356 2028 aurea
2458 1967 2613 2031 cujus
2647 1965 2867 2032 sanguis
2903 1981 2999 2034 pro
3041 1974 3264 2034 peccato
3305 1966 3359 2018 in
3397 1965 3750 2018 tabernaculo
3795 1967 4055 2018 testimo-

785 2066 913 2105 vasa
949 2063 1002 2108 et
1028 2064 1284 2124 argentea
1310 2058 1463 2127 justi,
1487 2060 1664 2116 ﬁctilia
1684 2073 1998 2132 peccatores
2018 2063 2355 2119 sunt.l)ixit-
2457 2059 2533 2112 nii
2562 2059 2630 2112 ad
2659 2058 2984 2127 expiandum
3016 2074 3111 2112 seu
3140 2059 3541 2128 deprecandum
3570 2057 3847 2111 oﬁ'ertur?
3889 2054 4052 2109 Vituh

784 2158 890 2213 que
945 2146 1148 2217 quippe
1197 2158 1252 2202 et
1300 2149 1461 2205 Isaias
1514 2153 1581 2207 de
1630 2154 1968 2210 Jerusalem:
2008 2155 2186 2210 Veniet
2234 2173 2358 2210 con-
2457 2151 2666 2204 scilicet
2719 2149 3154 2219 congregationis
3235 2150 3350 2203 sive
3409 2149 3748 2220 Synagogm,
3823 2150 3881 2202 id
3978 2160 4054 2202 est

786 2238 930 2289 tritio
983 2238 1116 2307 ejus,
1177 2250 1225 2293 et
1282 2245 1660 2300 comminuetur
1686 2249 1818 2301 sicut
1852 2251 2136 2303 conteritur
2169 2251 2355 2320 lagena
2457 2240 2632 2302 vituli,
2685 2256 2782 2310 pro
2829 2251 3050 2310 peccato
3081 2240 3376 2310 pontiﬁcis,
3415 2241 3518 2294 hoc
3547 2240 3696 2292 enim
3728 2239 4055 2308 plenissime

783 2329 933 2398 ﬁguli
998 2334 1308 2388 contritione
1368 2338 1680 2404 pet-ualida,
1739 2351 1912 2394 etnon
1959 2343 2255 2395 invenietur
2294 2342 2358 2395 de

2459 2332 2712 2402 superius
2737 2331 2892 2384 dixit.
2927 2331 3062 2396 Quia
3095 2348 3226 2400 ergo
3257 2332 3346 2384 illa
3395 2329 3658 2384 sacriﬁcia
3691 2330 3892 2384 multis
3932 2347 4053 2399 pro-

784 2422 1092 2492 fragmentis
1120 2425 1234 2494 ejus
1271 2436 1422 2494 testa,
1466 2431 1522 2483 in
1558 2449 1662 2502 qua
1713 2442 1950 2502 portetur
1995 2434 2258 2504 igniculus
2295 2434 2357 2486 de
2460 2425 2771 2480 bationi’bus
2838 2425 2906 2478 ad
2979 2424 3258 2478 Christum
3318 2422 3661 2476 ostendimus
3722 2422 4050 2491 pertinere,

783 2512 1038 2578 ίηθσηίίίοι
1073 2527 1165 2568 συί
1189 2519 1680 2589 Ιιαιινὶυιιινρατιιηι
1708 2540 1860 2593 aqum
1892 2528 1954 2577 de
1979 2523 2358 2594 fovea”.Ergo
2460 2525 2606 2570 recte
2657 2531 2717 2568 ea
2758 2514 2968 2568 comedi
3000 2526 3124 2568 'non
3166 2515 3444 2584 prmcepit,
3486 2515 3579 2567 sed
3613 2513 3738 2582 igne
3772 2514 4051 2566 comburi.

782 2601 906 2670 quia
936 2619 1062 2658 vasa
1090 2605 1141 2658 in
1172 2609 1371 2676 quibus
1415 2625 1607 2666 carnes
1656 2612 1902 2666 sacriﬁcii
1935 2622 2267 2682 coquuntur,
2303 2614 2355 2666 in
2458 2606 2646 2675 l‘ieque
2705 2605 2850 2658 enim
2912 2621 3007 2674 per
3063 2620 3146 2669 ea,
3199 2621 3288 2674 per
3338 2620 3459 2673 qua:
3505 2605 3605 2658 sibi
3669 2606 4055 2672 unusquiS-tue

786 2695 985 2763 templo
1039 2705 1185 2760 sunt,
1231 2712 1353 2753 esse
1400 2708 1581 2754 autem
1623 2701 1676 2754 in
1731 2704 1930 2771 templo
1983 2703 2074 2757 Dei
2108 2703 2356 2772 qiuedam
2462 2699 2834 2752 remissionem
2888 2711 3231 2766 peccatorum
3282 2696 3550 2766 prolligat,
3605 2711 3702 2764 per
3748 2694 4053 2763 jejunium,

782 2780 995 2837 inﬁrma
1027 2801 1152 2840 vasa
1208 2802 1272 2840 ex
1313 2788 1583 2857 praedictis
1606 2790 1917 2860 apostolicis
1959 2791 2140 2845 verbis
2177 2801 2360 2845 osten-
2461 2790 2606 2843 verbi
2652 2790 2842 2861 gratia,
2879 2800 2970 2843 aut
3001 2789 3209 2859 vigiﬁas
3246 2789 3328 2844 vel
3356 2789 3515 2842 aliam
3545 2787 3786 2840 similem
3819 2802 4056 2840 conver-

784 2875 985 2938 dimus,
1030 2879 1343 2946 quicunque
1388 2889 1473 2936 est
1525 2884 1579 2936 in
1627 2884 1826 2952 templo
1854 2899 1946 2940 vas
1973 2885 2154 2948 ﬁctile,
2193 2885 2242 2938 id
2277 2893 2361 2939 est
2461 2882 2749 2942 sationem,
2798 2880 2939 2933 unde
2972 2889 3027 2933 et
3067 2881 3182 2933 hzcc
3229 2887 3428 2934 nostra:
3485 2878 3668 2932 carnis
3708 2878 4058 2947 paenitentia

785 2963 1036 3020 inﬁrmus
1079 2968 1346 3038 quispiam
1379 2984 1434 3026 et
1460 2972 1729 3038 sordidus,
1765 2983 1820 3028 et
1849 2975 1940 3042 qui
1974 2974 2026 3027 iu
2081 2976 2360 3043 peccando
2462 2972 2754 3026 dicuntur:
2811 2987 2913 3025 nec
2969 2987 3097 3040 ergo
3149 2988 3246 3040 per
3287 2971 3404 3023 haec
3452 2969 3704 3022 Christus
3737 2971 4060 3023 communis

785 3058 1233 3114 consuetudinem
1285 3061 1429 3125 fecit,
1475 3073 1534 3117 ut
1555 3079 1620 3118 ex
1667 3066 1790 3129 hoc,
1821 3066 1962 3120 sicut
1986 3078 2196 3121 amator
2231 3083 2361 3136 pec-

2464 3062 2669 3130 pcccali
2733 3061 2809 3129 (id
2863 3071 2945 3116 cst
3003 3061 3224 3114 humani
3282 3061 3537 3132 generis,
3601 3059 3747 3129 quod
3817 3061 4060 3129 populus

784 3154 1052 3214 catorum,
1099 3166 1192 3205 vas
1229 3155 1574 3209 contumeliae
1617 3158 1947 3222 nominetur,
2000 3168 2155 3213 cocto
2189 3161 2357 3213 sacri-
2390 3193 2435 3255 Ο
2464 3152 2728 3222 signiﬁcat
2768 3162 2823 3205 et
2866 3151 3063 3205 sumini
3111 3152 3408 3205 sacerdotis
3474 3166 3730 3220 persona,
3777 3150 3878 3219 qui
3935 3151 4058 3218 quia

787 3237 928 3306 ﬁcio,
976 3258 1074 3312 per
1127 3245 1271 3314 quod
1315 3257 1660 3315 peccatorum
1700 3250 2051 3319 dispensatur
2084 3253 2358 3317 remissio,
2391 3237 2435 3255 υ
2467 3250 2665 3314 prices!
2701 3241 2922 3311 Ρορυιοο
2947 3242 3162 3311 Propria
3196 3241 3326 3294 ίειυῖι
3355 3240 3541 3309 utique
3577 3240 3760 3309 Ρονυῐῖ
3808 3252 4058 3310 Ρεεωιδ)

787 3344 1075 3403 propterea
1127 3337 1488 3409 confringitur
1538 3341 1652 3394 sive
1710 3343 2012 3397 conteritur
2034 3385 2048 3409 ,
2083 3345 2207 3414 quia
2239 3361 2363 3398 cum
2465 3334 2673 3408 peragit
2699 3333 3099 3396 remissionem,
3133 3333 3227 3386 sed
3258 3332 3581 3386 auctoritate
3611 3342 3661 3385 et
3695 3331 3908 3385 virtute
3936 3348 4062 3400 pro-

788 3437 934 3482 essct
982 3427 1249 3494 inﬁrmus,
1296 3431 1436 3486 bona
1484 3433 1624 3487 male
1668 3436 1959 3506 percepit:
1999 3437 2190 3491 videns
2218 3438 2364 3492 enim
2466 3430 2598 3500 prim
2635 3425 2956 3482 divillitalis-
3007 3424 3211 3480 Christi
3258 3424 3405 3478 enim
3436 3424 3741 3492 Ρειεείουθει
3780 3439 3886 3491 ρετ
3931 3439 4064 3491 quas

791 3530 1011 3590 peccata
1050 3523 1268 3587 dimitti,
1306 3535 1460 3594 putat
1487 3541 1704 3597 semper
1746 3529 1909 3583 licere
1946 3546 2194 3599 peccare,
2217 3538 2271 3585 et
2302 3547 2366 3584 ex
2466 3522 2624 3576 nobis
2655 3519 2903 3574 remissio
2933 3526 3273 3588 procuratur,
3317 3531 3428 3569 non
3463 3515 3700 3569 hominis
3731 3515 4062 3583 cujusquam

792 3627 859 3667 eo
880 3614 1025 3683 quod
1073 3617 1316 3686 juvatur,
1357 3618 1522 3672 altera
1562 3619 1709 3674 laesio
1747 3630 1803 3675 et
1833 3623 2089 3676 contritio
2137 3622 2368 3676 inﬁrmi-
2469 3612 2611 3684 puri,
2646 3611 2740 3666 sed
2774 3609 2867 3665 Dei
2898 3619 3026 3664 sunt
3050 3607 3340 3662 incarnati.
3370 3606 3600 3675 Propter
3628 3606 3773 3674 quod
3823 3622 3942 3658 non
3982 3615 4061 3657 est

796 3707 922 3762 tatis
951 3709 1221 3763 invenitur
1250 3711 1494 3766 alterius.
1523 3712 1846 3784 Quicunque
1886 3725 2066 3770 autem
2099 3715 2252 3772 fortis
2285 3727 2370 3772 est

2468 3705 2675 3761 esibilis
2709 3703 3042 3766 hominibus,
3067 3701 3161 3756 sed
3194 3700 3314 3772 igne
3338 3700 3703 3762 consumitur,
3735 3699 3870 3766 quia
3900 3698 4066 3749 solius

799 3807 858 3852 ιιι
896 3815 992 3863 1'5.
1037 3809 1093 3853 Cl
1149 3802 1446 3872 mrugincm
1521 3805 1728 3872 peccati
1808 3822 1918 3860 non
1995 3808 2225 3872 habens,
2283 3809 2372 3863 hic
2474 3797 2562 3850 Dei
2605 3804 2689 3849 est
2739 3794 3113 3848 remissionem
3156 3789 3302 3842 omni
3361 3789 3602 3858 prrebcre
3652 3804 3752 3840 suo
3785 3788 4066 3855 plasmaii.

795 3892 1043 3946 coctione
1062 3894 1393 3964 pmnitentia:
1409 3912 1518 3951 non
1542 3907 1871 3962 conteretur,
1915 3916 2092 3970 neque
2126 3901 2370 3956 confrin-

2470 3887 2615 3958 quod
2646 3901 2741 3956 per
2777 3887 2956 3954 ignem
3000 3879 3288 3952 signiﬁcat.
3345 3878 3485 3932 Deus
3533 3878 3678 3932 enim
3716 3888 3903 3931 noster
3939 3879 4068 3946 ignis

797 3997 970 4056 getur,
1000 3988 1094 4042 sed
1124 3989 1418 4044 defricatur
1438 3991 1553 4045 sive
1574 3994 1889 4062 extergitur,
1917 3993 1969 4047 id
1993 4002 2099 4059 est,
2117 3995 2368 4048 diluitur.

1287 3999 1418 4044 atur
1438 3991 1553 4045 sive
1574 3994 1889 4062 emergitur,
1917 3993 1969 4047 id
1993 4002 2099 4059 est,
2117 3995 2368 4048 diluitur.
2472 3994 2773 4033 σοιιετιηεεηε
2797 3984 2870 4029 εει
2887 3975 2953 4028 "-

798 4079 866 4133 Et
904 4081 1180 4149 quomodo
1237 4082 1506 4136 diluitur?
1549 4087 1701 4152 Aqua
1734 4058 1893 4139 vlotus
1934 4102 1951 4141 :
1990 4058 2184 4142 videns
2226 4088 2371 4141 enim
2753 4158 2761 4159 ί
2811 4157 2840 4159 _
2958 4153 3001 4159 __
3070 4061 3294 4116 CAPUT
3347 4058 3498 4159 v“-_
3601 4150 3614 4159 _
3731 4148 3743 4159 ο

797 4171 964 4225 alium
1021 4173 1394 4241 pmnitentem,
1457 4184 1706 4230 movetur
1749 4177 1816 4232 ad
1871 4179 2370 4247 compunctionem,

2545 4159 2706 4212 Vens.
2745 4157 2865 4210 1-7.
2905 4176 2921 4206 ι
2958 4153 3086 4207 lbcc
3115 4166 3333 4221 quoque
3369 4158 3454 4203 est
3483 4150 3568 4203 lex
3601 4149 3796 4202 hosti-.e
3837 4165 3945 4217 pro
3982 4149 4071 4201 dc-

799 4273 855 4318 ,ιι
895 4265 1191 4319 mundam".
1247 4281 1385 4335 aqua
1426 4267 1783 4336 berymamm
1835 4243 2010 4323 ιυιυςξ
2051 4270 2163 4324 Cm.
2193 4279 2372 4324 autem
2476 4253 2623 4313 licto,
2646 4250 2903 4304 Sanctum
2923 4256 3234 4300 sanctorum
3252 4243 3610 4308 cst;ideirco,
3638 4243 3728 4296 ubi
3751 4244 4072 4295 immolatur

799 4355 1022 4409 alterius
1071 4333 1389 4425 ρωηίιοιίιίε
1440 4333 1599 4428 σοφή
1632 4359 1684 4412 in
1724 4361 1886 4424 vasis,
1919 4377 2040 4430 qua,
2082 4362 2136 4415 ίη
2169 4363 2371 4432 templo
2480 4341 2881 4399 holocaustum,
2932 4335 3256 4390 mactabitur
3305 4341 3360 4388 et.
3404 4333 3620 4387 victima
3668 4349 3768 4401 pro
3825 4333 4070 4392 delicto;

799 4458 920 4502 sunt
993 4450 1309 4514 constituta,
1371 4450 1615 4505 dicitur?
1679 4450 1813 4518 Quia
1847 4453 1899 4507 hi
1931 4454 2021 4523 qui
2065 4464 2231 4525 agunt
2261 4430 2375 4525 poe-

2481 4438 2699 4507 sanguis
2729 4438 2847 4505 ejus
2872 4451 2968 4505 per
2992 4449 3180 4504 gyrum
3208 4433 3466 4486 iundetur
3493 4431 3697 4484 altaris.
3733 4430 3995 4484 Oﬂ'erent
4020 4447 4074 4483 ex

800 4540 1104 4603 nitentium,
1150 4543 1514 4595 necessariam
1537 4544 1605 4596 ad
1648 4521 1978 4612 adjutorium
2015 4521 2217 4600 habent
2246 4521 2370 4601 ora-
2405 4543 2446 4597 D
2477 4549 2541 4588 63
2579 4531 2830 4594 caudam.
2870 4538 2924 4582 ει
2969 4527 3182 4596 adipem
3217 4525 3312 4595 «ιιιί
3355 4524 3532 4593 οβθτίῑ
3578 4521 3784 4587 Vitam»
3811 4523 3968 4577 duos
3998 4539 4076 4575 "3‘

799 4635 1004 4685 tionem
1059 4633 1266 4702 populi,
1314 4636 1514 4705 quibus
1550 4645 1838 4691 attestatur
1872 4637 2110 4694 Jacobus
2147 4640 2374 4695 dicens:
2487 4622 2776 4684 nunculos,
2809 4628 2863 4673 et
2887 4618 3293 4688 pinguedinem,
3337 4631 3459 4684 qua:
3498 4614 3651 4683 juxta
3683 4613 3776 4665 ilia
3806 4623 3924 4678 est,
3958 4615 4078 4666 rcti-

800 4724 1133 4794 (.‘onﬁtemini
1163 4728 1475 4782 alterutrum
1514 4740 1729 4799 peccata
1767 4740 1962 4795 vestra,
1997 4741 2045 4784 et
2083 4741 2231 4785 orate
2286 4748 2380 4800 pro

2488 4719 2778 4784 culumque
2820 4713 3021 4783 jecoris
3059 4727 3182 4765 cum
3235 4709 3570 4773 renunculis,
3613 4715 3670 4762 et
3719 4709 3982 4762 adolebit
4026 4728 4081 4762 ea

800 4818 1018 4872 invicem
1056 4830 1110 4872 ηε
1143 4821 1500 4874 ,ηιυεηιξηίιι
2288 4799 2293 4800 ί
2489 4807 2746 4862 sacerdos
2792 4819 2954 4873 super
2993 4805 3199 4858 altare:
3253 4803 3532 4856 incensum
3579 4811 3662 4854 est
3710 4799 3944 4855 Domini
3995 4819 4083 4870 pro

869 4910 1050 4966 omnis
1092 4915 1356 4968 masculus
1412 4916 1476 4967 de
1529 4933 1712 4986 θεηεη
1752 4917 2103 4982 “animali,
2149 4927 2382 4970 υεπεηη-
2490 4903 2713 4957 delicto.
2741 4899 2931 4955 Omnis
2976 4897 3252 4951 masculus
3295 4896 3363 4948 de
3395 4894 3709 4948 sacerdotali
3761 4909 3999 4964 genere,
4034 4896 4080 4945 in

801 5004 1046 5056 curuum:
1066 5003 1200 5073 ejus,
1241 5006 1366 5075 quia
1401 4983 1654 5059 Sanctum
1701 5018 2002 5060 sanctorum
2042 5017 2137 5062 εει,
2269 5015 2374 5072 εει,
2487 4995 2607 5048 .060
2648 5001 2836 5048 83110ῐο
2882 4997 3136 5044 vescetur
3195 4988 3279 5040 his
3332 4987 3612 5046 carnibus,
3645 4983 3776 5053 quia
3809 4985 4081 5038 Sanctum

804 5093 908 5146 hoc
951 5094 1096 5162 quod
1139 5095 1378 5163 pertinet
1426 5097 1493 5149 ad
1546 5097 1878 5166 ρωιιίιεηιίειε
1912 5099 2204 5163 actionem,
2253 5098 2377 5151 funi
2483 5093 2795 5138 sanctorum
2863 5089 2967 5135 est.
3042 5079 3107 5132 Et
3183 5078 3340 5154 sicut_
3396 5092 3494 5147 pro
3568 5083 3795 5146 peccato
3853 5076 4085 5129 oﬂ'ertur

803 5177 948 5238 eﬁim
1004 5201 1142 5255 opus
1187 5195 1270 5242 est
1308 5203 1470 5243 sensu
1507 5199 1561 5242 et
1596 5189 1734 5242 virili
1767 5189 2071 5244 intentione
2119 5190 2254 5242 nihil
2301 5189 2381 5242 le-

2484 5175 2708 5236 hostia,
2787 5173 2859 5225 ita
2942 5178 2998 5224 et
3070 5185 3169 5238 pro
3241 5167 3804 5235 delicto;utriusque
3897 5167 4083 5219 hostia

805 5280 1046 5333 Inineum
1085 5297 1261 5352 neque
1301 5282 1500 5336 ﬂuxum
1542 5283 1798 5344 habente,
1857 5283 1912 5336 in
1959 5283 2166 5351 agenda
2212 5282 2386 5349 ρωηί.
2487 5285 2595 5323 una
2631 5268 2714 5320 lcx
2744 5266 2868 5330 erit,
2904 5264 2982 5318 Ad
3015 5263 3356 5317 sacerdotem
3385 5262 3476 5330 qui
3503 5277 3622 5314 eam
3658 5259 3936 5313 obtulerit
3967 5275 4085 5330 per-

809 5376 1000 5430 tcntia.
1034 5375 1340 5430 Notandum
1386 5385 1585 5434 autem.
1623 5375 1747 5445 quia
1787 5374 2108 5428 sacriﬁcium
2157 5372 2378 5442 quidem
2491 5360 2700 5416 ιίηθὺίι·
2748 5377 2765 5407 ³

807 5484 930 5521 eum
959 5468 1050 5537 qui
1076 5467 1270 5523 oﬁ'eret
1299 5469 1632 5523 sacerdotem
1666 5467 1799 5520 dixit
1828 5467 2116 5521 comedere
2141 5483 2153 5518 :
2195 5479 2387 5520 carnes

2569 5453 2832 5506 Delictum
2885 5449 3174 5518 aliquando
3228 5448 3449 5517 quidem
3498 5445 3841 5516 recognitum
3893 5461 4082 5515 percu

808 5566 987 5611 autem
1041 5557 1287 5613 sacriﬁcii
1336 5574 1526 5612 omnes
1575 5558 1845 5612 masculos
1891 5557 1957 5611 de
1991 5555 2384 5610 sacerdotibus.
2500 5557 2613 5601 tum
2653 5553 2828 5606 vocat.
2877 5541 3166 5610 aliquando
3216 5551 3399 5595 autem
3435 5540 3589 5604 “illd.
3625 5538 3863 5608 quodin
3912 5540 4082 5607 ἓνευιυ

880 5780 1144 5906 δῖὶζῑδιιιι.
1179 5801 1259 5850 Ill,
1320 5786 1525 5856 8seqq.
1619 5784 1728 5839 “ll
1777 5785 1915 5837 'l'im.
1964 5794 2021 5848 ιι,
2053 5781 2144 5836 ‘20.
2245 5776 2396 5829 “lsa
2459 5789 2546 5826 xx:

2459 5789 2584 5836 xxx,
2617 5766 2698 5821 ll.
2773 5765 2821 5797 '°
2847 5764 2957 5820 Jac.
2993 5781 3047 5833 ν,
3086 5762 3169 5820 16.
3249 5765 3289 5796 ⁵⁸
3317 5761 3461 5817 Psal.
3494 5777 3641 5823 xxvi,
3673 5759 3752 5812 ll.
3838 5759 3888 5790 "
3921 5757 4073 5810 Deut.

813 5861 886 5912 Iv,
913 5853 1004 5906 ‘23.
