4218 6448
235 331 239 335 ’
284 379 387 446 857

1431 387 1511 445 IN
1551 389 1986 451 LEVITZCUM.
2031 419 2090 428 ν
2131 395 2276 453 LIB.
2321 396 2401 454 ΙΙ.

3429 393 3535 460 858

283 494 637 551 committitur
671 493 862 558 Deum,
893 496 1032 550 sicut
1061 495 1190 549 illud
1220 498 1362 565 quod
1408 497 1464 552 ia
1495 501 1698 553 sanctis
1733 516 1854 568 per-
1883 511 1929 563 Α
1960 506 2262 560 llcationem
2311 507 2610 576 signiﬁcat,
2657 524 2776 578 qua:
2824 507 2983 562 nobis
3036 505 3283 561 ordinata
3330 519 3412 562 est
3464 509 3534 561 ad

282 596 546 656 petratur,
594 586 1053 656 quemadmodum
1089 589 1339 656 superius
1377 589 1738 644 ostendimus.
1783 591 1855 645 De

281 677 366 730 his
410 691 599 730 rursus
651 690 886 744 praesens
945 674 1096 729 locus
1151 674 1299 728 dicit.
1367 675 1714 730 Manifestum
1774 665 1856 730 est

278 775 458 821 autem
488 783 551 821 ex
583 782 668 829 eo,
711 767 856 836 quod
899 775 954 820 et
994 782 1093 835 pro
1137 769 1259 831 hoc,
1291 767 1588 820 secundum
1628 768 1771 836 quod
1801 777 1856 823 et

276 855 419 910 LXX
464 858 770 926 specialiter
818 857 1024 920 dicunt,
1085 857 1307 910 arietem
1345 857 1527 911 oﬁcrri
1574 859 1849 927 praecepit.

277 943 384 998 Sed
418 957 472 998 et
503 945 558 998 in
591 961 698 1014 quo
739 947 1179 1000 communionem
1213 946 1376 999 habet
1407 962 1529 1000 cum
1565 948 1851 1002 sacriliciis

273 1036 500 1089 aliorum
541 1047 906 1105 peccatorum,
955 1047 1010 1090 et
1040 1038 1094 1090 in
1131 1053 1239 1105 quo
1270 1052 1459 1091 rursus
1502 1037 1684 1092 diﬁert
1717 1039 1848 1092 sub-

271 1128 433 1182 tiliter
473 1129 824 1184 discutientes
853 1130 1212 1184 inveniemus.

343 1220 469 1273 ΙΙιεο
515 1237 715 1291 quoque
765 1231 840 1274 est
872 1221 954 1274 lex
1000 1222 1182 1275 hostire
1226 1238 1320 1290 pro
1360 1222 1566 1275 delicto.
1619 1221 1675 1275 In
1739 1237 1848 1291 quo

269 1310 411 1364 LXX
470 1314 698 1367 arietem
759 1313 1084 1382 Specialiter,
1152 1323 1210 1368 ut
1262 1329 1437 1384 supra
1487 1308 1698 1367 dictum
1739 1306 1843 1376 est,

266 1414 658 1473 expresserunt
688 1406 966 1461 dicentes:
1021 1405 1147 1459 Ila’c
1178 1416 1250 1459 est
1281 1406 1364 1460 lex
1403 1408 1584 1460 arietis
1609 1425 1702 1475 pro
1737 1424 1845 1476 pix-

266 1495 508 1558 nitentia,
541 1497 737 1551 Sancta
784 1511 1086 1553 sanctorum
1116 1510 1254 1553 sunt.
1287 1499 1351 1552 In
1396 1499 1506 1553 loco
1535 1517 1634 1567 quo
1658 1502 1845 1553 immo-

266 1586 448 1639 labunt
483 1589 931 1654 holocautomata,
983 1591 1304 1660 jugulabuut
1352 1601 1399 1645 et
1428 1585 1842 1660 arietcm‘pwni-

263 1679 442 1731 (entire
463 1692 646 1733 contra
683 1681 852 1734 Deum
885 1692 930 1735 et
972 1685 1279 1752 sanguinem
1325 1683 1487 1751 ipsius
1526 1684 1742 1752 fundent
1770 1683 1840 1735 ad

263 1769 432 1823 basim
461 1771 649 1826 altaris
683 1775 739 1826 in
773 1775 1018 1830 circuitu.
1054 1775 1177 1829 llazc
1209 1790 1338 1844 ergo
1375 1757 1684 1828 communia
1712 1783 1840 1828 sunt

1959 598 2205 652 salutem.
2239 597 2546 653 Notandum
2574 608 2774 662 autem,
2805 599 2931 668 quia
2968 612 3308 668 quaecunque
3341 597 3412 657 in
3443 611 3532 650 sa-

1957 687 2161 742 criﬁcio
2198 690 2567 759 paciﬁcorum,
2611 707 2674 745 ea
2714 691 2766 743 in
2805 690 2907 744 hoc
2950 690 3223 745 sacriﬁcio
3271 689 3531 758 praecepit

1957 780 2092 836 ﬁeri.
2118 783 2343 852 Adipem
2365 785 2520 854 jubet
2550 783 2755 840 offerri.
2794 784 3071 838 Desiderat
3099 783 3245 838 enim
3275 781 3528 836 Christus

1953 881 2009 926 et
2061 888 2186 928 eum
2239 875 2328 944 qui
2379 876 2560 946 gravia
2613 877 2774 930 habet
2831 885 3074 945 peccata,
3120 875 3349 927 salvare.
3388 872 3525 926 Cum

1951 963 2132 1032 adipe,
2171 966 2469 1019 secundum
2507 964 2671 1028 LXX,
2715 974 2769 1018 et
2809 965 3053 1018 lumbum
3094 963 3302 1017 oﬁ'eret.
3336 960 3524 1031 Neque

1950 1057 2096 1110 enim
2127 1057 2467 1111 solummodo
2504 1059 2606 1112 hoc
2653 1057 2788 1122 vult,
2834 1057 2928 1112 sed
2961 1064 3016 1110 et
3043 1064 3240 1125 potest.
3281 1053 3522 1109 Lumbus

1949 1156 2172 1213 autem,
2227 1157 2414 1217 utpote
2462 1148 2601 1202 forte
2650 1149 2977 1213 membrum,
3018 1145 3288 1218 signiﬁcat
3345 1146 3522 1199 virtu-

1949 1249 2078 1296 tem.

2018 1331 2159 1385 Duos
2189 1332 2518 1396 renunculos,
2565 1343 2614 1385 et
2657 1330 3022 1400 pinguedinem
3060 1345 3178 1398 quc
3223 1329 3382 1397 juxta
3421 1327 3518 1381 ilia

1945 1433 2044 1476 est.
2082 1423 2207 1477 Vult
2238 1424 2440 1492 quippe
2481 1423 2712 1478 maxime
2744 1421 3057 1490 paenitentis
3081 1421 3330 1474 mundari
3363 1419 3517 1474 inte-

1944 1516 2140 1569 riorem
2187 1515 2484 1578 hominem,
2518 1515 2631 1568 vult
2660 1514 2824 1568 etiam
2861 1513 3062 1566 habere
3102 1526 3226 1565 eum
3257 1519 3314 1565 et
3352 1510 3519 1564 casti-

1944 1617 2130 1662 tatem.
2183 1606 2413 1676 Propter
2461 1606 2605 1675 quod
2656 1621 2762 1658 non
2817 1604 2992 1657 solum
3038 1603 3271 1664 renium,
3316 1601 3412 1656 sed
3460 1610 3517 1656 ct

1940 1695 2190 1758 iliorum,
2237 1696 2322 1749 vel
2369 1695 2635 1750 femorum
2678 1693 3104 1763 pinguedinem,
3151 1707 3248 1746 seu
3297 1692 3512 1759 adipem

1941 1786 2142 1841 auferri
2186 1787 2372 1855 jussit.
2409 1786 2534 1854 quia
2566 1785 2682 1839 haec
2712 1782 3108 1838 commistionis
3131 1781 3430 1836 ministeria
3460 1791 3516 1836 et

261 1873 386 1912 cum
413 1861 699 1924 sacriﬁcio,
731 1864 876 1932 quod
907 1880 1005 1933 pro
1047 1864 1152 1918 alio
1188 1864 1280 1917 illo
1324 1874 1544 1932 peccato
1585 1862 1834 1918 oﬁertur.
1872 1854 1912 1908 Β
1939 1854 2208 1930 seminum
2259 1883 2536 1944 putantur.
2591 1874 2725 1927 Cum
2775 1872 2860 1926 his
2905 1872 3066 1925 etiam
3117 1871 3402 1925 reticulum
3431 1870 3514 1940 ie-

261 1951 489 2022 Propter
520 1959 662 2026 quod
689 1973 753 2012 ea
785 1957 858 2012 ibi
898 1959 1272 2027 interpretata,
1315 1959 1402 2013 hic
1444 1969 1592 2013 recte
1613 1968 1837 2027 prseter-

261 2046 566 2102 mittentur.
600 2048 740 2114 Quid
778 2058 960 2103 autem
992 2051 1076 2104 his
1113 2050 1342 2113 addidit,

331 2132 518 2202 O/fcrt't
548 2152 612 2188 ex
640 2153 699 2190 ea
730 2138 976 2196 caudam,
1010 2146 1059 2191 ct
1092 2138 1299 2206 adipem
1329 2138 1418 2206 qui
1438 2138 1602 2207 operit
1627 2138 1834 2202 vitalia,

261 2224 390 2275 duos
421 2225 752 2286 ranunculos,
784 2236 832 2278 et
860 2227 1249 2294 pinguedinem,
1282 2243 1397 2295 qua:
1411 2227 1572 2296 juxta
1613 2227 1709 2280 ilia
1738 2235 1833 2290 est,

261 2312 641 2384 reticulumque
675 2316 873 2385 jeco-ris
912 2334 1028 2370 cum
1069 2317 1388 2381 renunculis,
1439 2329 1484 2370 et
1515 2317 1741 2370 adolebit
1773 2335 1834 2370 ea

259 2418 416 2468 super
449 2404 621 2459 altare
666 2409 928 2472 sacerdos,
981 2408 1248 2475 incensum
1275 2418 1346 2461 est
1383 2408 1596 2461 Domini
1624 2425 1718 2476 pro
1749 2409 1837 2461 de-

262 2493 404 2548 licto.
465 2496 620 2561 Quod
684 2498 826 2552 LXX
889 2499 967 2554 sic
1019 2500 1233 2554 edunt:
1270 2499 1335 2553 Et
1379 2518 1582 2554 omnem
1625 2502 1834 2570 adipem

262 2586 374 2655 ejus
406 2590 608 2657 auferet
647 2591 712 2642 ab
747 2607 826 2654 eo,
879 2591 1111 2645 lumbum
1157 2602 1205 2646 et
1245 2610 1449 2646 onmem
1494 2594 1703 2662 adipem
1743 2596 1834 2663 qui

259 2677 428 2745 operit
474 2679 765 2744 interiora,
812 2690 859 2734 ct
900 2699 1104 2736 onmem
1163 2685 1372 2752 adipem
1409 2686 1498 2753 qui
1540 2695 1614 2738 est
1648 2687 1703 2738 in
1753 2687 1835 2738 iu-

259 2769 552 2830 lerioribus,
597 2783 646 2824 et
678 2773 806 2826 duos
841 2791 1011 2840 renes,
1065 2785 1114 2828 et
1149 2777 1358 2844 adipem
1400 2778 1456 2830 in
1483 2779 1578 2843 eis,
1608 2781 1696 2848 qui
1759 2789 1831 2832 est

258 2861 314 2912 in
379 2862 687 2931 feruoribus,
751 2873 800 2918 et
873 2866 1121 2934 pinnulas
1177 2869 1371 2936 jecoris
1437 2886 1556 2922 cum
1627 2872 1834 2924 renibus

257 2961 305 3005 et
370 2953 548 3022 oﬁ'eret
603 2971 665 3008 ea
726 2957 797 3008 ad
853 2958 1024 3010 altare
1078 2960 1319 3012 sacerdos
1370 2961 1596 3014 hostiam
1653 2961 1835 3014 Domi-

258 3056 344 3095 no.
385 3041 508 3098 ΙΙωο
534 3059 871 3114 nequaquam
910 3049 1181 3114 pertinent
1224 3049 1291 3102 ad
1316 3050 1546 3104 aliorum
1577 3063 1832 3120 peccato-

260 3147 380 3185 rum
427 3133 708 3197 sacriﬁcia,
768 3145 983 3205 oportet
1031 3153 1160 3207 ergo
1219 3154 1282 3193 ea
1337 3140 1630 3195 discutere.
1696 3142 1830 3196 illud

256 3233 438 3279 autem
481 3228 763 3282 intendere
814 3230 961 3297 prius
990 3239 1071 3283 est
1117 3233 1508 3296 necessarium,
1541 3234 1665 3302 quia
1697 3235 1831 3288 deli-

256 3325 403 3369 ctum
468 3317 534 3370 ad
607 3318 772 3370 Deum
823 3320 1097 3373 refertur:
1135 3337 1476 3391 quaecunque
1534 3333 1719 3378 autem
1764 3325 1830 3378 ad
1879 3345 1904 3368 ο

257 3407 425 3460 Deum
478 3409 808 3472 referuntur,
844 3411 1114 3466 diﬁicilem
1151 3414 1353 3467 habent
1396 3415 1632 3476 veniam,
1665 3415 1738 3469 ita
1773 3424 1833 3470 ut

258 3497 373 3552 Heli
420 3500 543 3554 ﬁliis
579 3500 802 3556 diceret:
835 3501 892 3556 Si
935 3502 1087 3556 Itomo
1121 3506 1407 3572 peccaverit
1454 3506 1512 3558 in
1549 3509 1828 3574 licininem,

255 3591 424 3644 orabit
447 3609 541 3660 pro
575 3609 674 3646 eo:
699 3596 743 3646 si
773 3611 890 3650 vero
933 3597 988 3648 in
1027 3595 1190 3649 Deum
1227 3600 1537 3666 peccaverit,
1574 3600 1689 3668 quis
1736 3616 1830 3668 pro

256 3699 316 3735 eo
363 3684 633 3737 orabit"?
669 3684 984 3740 Necessarie
1027 3701 1157 3757 ergo
1200 3687 1426 3742 arietem
1469 3688 1692 3757 ﬁguram
1734 3704 1829 3758 ge-

257 3785 466 3828 rentem
502 3776 734 3838 Domini,
774 3777 844 3830 de
879 3793 988 3846 quo
1013 3778 1222 3832 dictum
1272 3789 1356 3832 est
1393 3798 1405 3833 :
1467 3779 1598 3833 Ecce
1650 3779 1830 3850 Agnus

256 3865 374 3930 Dei,
419 3883 531 3919 ecce
564 3869 650 3936 qui
697 3868 831 3920 tollit
864 3877 1134 3935 peccatum
1182 3871 1444 3932 mundi”,
1483 3872 1622 3923 sumi
1658 3872 1712 3924 in
1740 3886 1829 3924 sa-

253 3954 457 4008 criﬁcio
505 3955 760 4020 diximus,
812 3958 864 4011 in
917 3973 1025 4026 quo
1054 3961 1171 4013 solo
1200 3968 1321 4023 est,
1353 3967 1572 4027 peccata
1617 3976 1739 4029 quae
1775 3962 1828 4015 iu

256 4061 379 4098 cum
411 4049 698 4100 commissa
730 4058 855 4102 sunt
879 4049 1137 4104 relaxare.
1178 4047 1406 4118 Oportet
1426 4061 1614 4105 autem.
1637 4053 1825 4121 qureri,

255 4153 423 4206 quare
457 4156 564 4193 non
599 4141 778 4194 omnis
803 4145 944 4195 aries
977 4143 1030 4195 in
1073 4143 1452 4196 holocaustum
1479 4145 1564 4200 sit.
1610 4145 1747 4198 sicut
1775 4153 1831 4197 et

257 4230 476 4290 vitulus,
530 4231 619 4300 qui
659 4247 757 4299 pro
809 4233 1008 4300 populo
1049 4240 1103 4284 et
1154 4247 1253 4300 pro
1300 4233 1582 4286 sacerdcm
1615 4233 1831 4287 oblatus

255 4328 358 4382 cst,
389 4329 444 4372 ct
477 4320 589 4387 ipse
624 4321 769 4372 enim
806 4321 1027 4390 ﬁguram
1059 4337 1246 4390 gerere
1275 4322 1520 4376 sacriﬁcii
1556 4323 1829 4392 Unigeniti

256 4419 339 4463 est
371 4411 646 4478 probatus.
682 4410 788 4464 Sed
819 4411 889 4464 ibi
922 4412 1140 4480 quidem
1166 4413 1288 4480 quia
1316 4415 1582 4482 generalis
1612 4415 1829 4480 dispen-

257 4511 371 4554 sata
400 4509 480 4555 cst
513 4503 778 4564 remissio,
810 4513 863 4556 et
889 4503 1074 4576 omnis
1098 4503 1318 4556 humani
1355 4504 1569 4571 generis
1611 4512 1824 4572 peracta
1860 4533 1903 4588 ί)

254 4601 340 4645 est
365 4594 543 4655 venia,
575 4595 880 4647 necessarie
905 4609 1066 4648 omne
1091 4593 1293 4647 Christi
1321 4595 1640 4649 sacriﬁcium
1666 4593 1829 4647 oﬁ‘er-

259 4693 367 4740 tur.
415 4683 502 4737 hic
537 4691 719 4737 autem
768 4684 895 4738 illud
933 4695 1017 4740 est
1044 4686 1189 4755 quod
1231 4702 1328 4754 pro
1375 4687 1456 4741 eis
1507 4685 1587 4751 ﬁt,
1632 4688 1830 4756 quibus

258 4775 582 4829 sacriﬁcium
639 4786 692 4830 ct
752 4778 1001 4830 remissio
1075 4788 1417 4847 procuratur.
1482 4778 1830 4847 Quaecunque

259 4883 390 4936 ergo
413 4885 536 4921 eum
563 4879 791 4937 possunt
812 4870 1042 4931 salvare,
1087 4870 1201 4923 haec
1236 4869 1289 4922 in
1316 4869 1639 4924 sacriﬁcium
1680 4871 1830 4923 Chri-

257 4960 327 5014 sti
386 4961 582 5028 suscipi
639 4961 911 5028 Iegislator
951 4961 1132 5027 jussit.
1166 4959 1295 5024 Qua:
1341 4961 1448 5013 sint
1498 4970 1678 5013 autem
1715 4962 1829 5015 hzec

258 5050 459 5106 Paulus
487 5054 562 5105 ait
590 5091 606 5115 ,
659 5053 849 5105 Pacem
885 5053 1164 5121 sequimini
1196 5070 1311 5105 cum
1343 5053 1579 5105 omnibus
1618 5053 1827 5116 dicens,

258 5149 309 5192 et
353 5140 776 5201 sanctimoniam,
832 5139 943 5191 sine
990 5155 1093 5205 qua
1145 5157 1293 5192 nemo
1348 5141 1532 5192 ridebit
1581 5139 1743 5192 Deum
1762 5142 1828 5193 ⁸³.

259 5231 415 5294 Quod
446 5241 499 5285 et
525 5247 669 5284 nunc
698 5231 968 5300 legislator
1000 5230 1320 5299 signiﬁcavit
1374 5248 1470 5300 per
1504 5233 1830 5286 antefactam

259 5322 627 5375 oblationem:
694 5323 1012 5375 interiorum
1067 5323 1212 5375 enim
1293 5325 1648 5393 cogitationes
1705 5333 1833 5378 sunt

260 5413 616 5484 intelligibilia
663 5414 943 5478 interiora,
995 5414 1193 5482 quibus
1249 5429 1435 5484 pacem
1481 5415 1828 5480 habentibus,

259 5519 448 5575 pacem
491 5522 614 5558 cum
662 5506 916 5559 omnibus
965 5506 1301 5560 habebimus.
1335 5506 1619 5560 Oblatione
1647 5516 1828 5561 autem

261 5597 496 5660 renium,
541 5606 596 5650 et
631 5596 887 5666 pinuular,
915 5607 969 5650 et
999 5597 1192 5666 epatis,
1228 5607 1277 5650 et
1327 5597 1591 5652 femorum
1625 5601 1828 5653 sancti-

333 5795 380 5826 ⁸³
416 5793 434 5848 l
466 5794 598 5864 Reg.
655 5815 711 5862 tt,
744 5799 833 5852 9.5.
909 5799 952 5830 '"
977 5801 1130 5858 Joan.
1161 5817 1197 5877 ι,
1227 5802 1313 5856 29.
1392 5809 1434 5837 δ’
1471 5805 1633 5860 Hebr.
1665 5823 1757 5868 χιι,
1802 5806 1880 5860 14.

1936 1967 2101 2032 coris,
2146 1967 2231 2021 vel
2260 1967 2400 2021 sicut
2429 1965 2590 2026 LXX,
2638 1964 2918 2034 pinnulam
2946 1964 3121 2031 epatis
3149 1979 3271 2017 cum
3305 1978 3511 2016 renun-

1935 2058 2070 2112 culis
2097 2056 2295 2110 auferri
2335 2056 2612 2126 praecepit,
2643 2063 2698 2108 et
2725 2053 2910 2108 oﬁ'erri
2939 2069 3062 2108 cum
3096 2052 3218 2106 aliis
3258 2052 3313 2105 in
3352 2051 3509 2105 altari

1936 2148 2165 2202 hostiam
2204 2146 2444 2201 Domino.
2486 2144 2609 2198 Vult
2650 2145 2796 2199 enim
2830 2161 2953 2198 eum
2989 2143 3080 2213 qui
3130 2143 3508 2214 paenitentiam

1935 2242 2062 2311 agit,
2108 2238 2602 2308 concupiscentiam
2634 2237 2907 2306 propriam
2957 2251 3067 2290 non
3111 2237 3350 2298 habere,
3412 2238 3510 2292 sed

1933 2347 2152 2386 omnem
2213 2345 2331 2383 eam
2396 2328 2593 2383 oﬁ‘erre
2657 2328 2789 2382 Deo.
2833 2325 2972 2393 Quia
3012 2329 3506 2397 concupiscentias,

1933 2423 2050 2478 sive
2083 2421 2370 2483 desideria,
2412 2421 2465 2473 in
2502 2420 2696 2488 hepate
2730 2419 2935 2473 moveri
2961 2419 3171 2484 dicunt,
3201 2428 3258 2474 et
3285 2421 3504 2484 nutriri,

1933 2531 2159 2585 quarum
2211 2513 2462 2584 primitiae
2495 2527 2592 2582 per
2639 2511 2917 2580 pinnulam
2955 2511 3150 2566 oblata:
3173 2512 3229 2566 in
3267 2515 3509 2570 sanctiﬁ-

1933 2605 2145 2659 catione
2202 2603 2405 2674 peragi,
2461 2617 2758 2672 omnesque
2808 2600 3005 2673 corrigi
3061 2601 3292 2660 faciunt.
3380 2604 3510 2660 Haac

1933 2698 2140 2761 dicens,
2173 2697 2380 2751 addidit
2407 2712 2422 2750 :

2009 2786 2112 2839 Pro
2131 2787 2318 2840 delicto
2336 2794 2429 2839 est.
2456 2782 2782 2848 Ostendens,
2796 2785 2922 2854 quia
2943 2800 3056 2840 non
3077 2785 3280 2840 frustra
3298 2785 3509 2840 sacriﬁ-

1934 2879 2074 2932 cium
2107 2878 2210 2931 hoc
2247 2854 2468 2931 (liﬁ'erre
2499 2875 2568 2930 ab
2605 2875 2726 2931 aliis
2752 2875 3052 2940 sacriﬁciis,
3092 2893 3212 2945 quae
3255 2885 3384 2930 sunt
3410 2892 3512 2946 pro

1934 2969 2188 3037 peccatis,
2232 2967 2388 3032 dixit,
2416 2966 2511 3020 sed
2554 2965 2680 3034 quia
2721 2982 2821 3035 pro
2848 2966 3045 3020 delicto
3071 2974 3175 3031 est,
3217 2965 3271 3020 id
3301 2975 3407 3030 est,
3451 2965 3510 3020 in

1935 3062 2104 3115 Deum
2136 3059 2308 3114 tendit
2341 3067 2623 3127 peccatum
2657 3057 2795 3125 ejus.
2826 3056 2982 3112 Unde
3017 3066 3070 3111 et
3097 3066 3303 3125 partem
3347 3056 3510 3112 Chri-

1934 3150 2004 3204 sti
2049 3146 2323 3208 sacriﬁcii,
2364 3146 2510 3215 quod
2545 3160 2644 3214 pro
2681 3145 2828 3199 omni
2859 3160 3056 3215 genere
3083 3145 3324 3200 humano
3352 3145 3510 3200 obla-

1936 3249 2049 3293 tum
2097 3246 2197 3301 est,
2253 3238 2306 3291 in
2359 3253 2464 3291 una
2516 3237 2679 3290 etiam
2721 3251 2952 3305 persona
2996 3237 3241 3306 accipere
3283 3253 3510 3294 necesse

1933 3329 2142 3384 habuit.
2176 3329 2401 3397 Reliqua
2441 3337 2622 3382 autem
2654 3342 2763 3381 non
2793 3327 3022 3395 accepit,
3062 3327 3188 3396 quia
3224 3327 3322 3382 soli
3353 3327 3508 3382 obla-

1934 3416 2097 3482 tioni,
2150 3431 2271 3485 qua:
2312 3431 2410 3485 pro
2463 3414 2717 3468 omnibus
2765 3414 2946 3468 oblata
2999 3423 3104 3479 est,
3159 3423 3504 3484 competunt.

1931 3506 2117 3575 Neque
2167 3506 2310 3561 enim
2356 3505 2470 3560 sola
2537 3519 2659 3573 quae
2715 3504 2970 3573 praedicta
3027 3513 3174 3570 sunt,
3228 3502 3508 3574 Unigeniti

1931 3596 2256 3650 sacriﬁcium
2305 3595 2597 3665 praestitit:
2647 3595 2742 3649 sed
2791 3603 2845 3648 et
2878 3603 3217 3649 mortuorum
3264 3611 3510 3651 resurre—

1930 3688 2187 3745 ctionem.
2247 3699 2302 3741 et
2359 3686 2560 3740 diaboli
2621 3687 3175 3752 condemnationem,
3227 3689 3507 3745 maledicti

1931 3778 2338 3839 liberationem,
2436 3776 2672 3846 paradisi
2767 3778 3191 3844 restitutionem,
3277 3796 3506 3849 quarum

1933 3869 2354 3936 unumquodque
2411 3868 2662 3920 virtutem
2727 3867 3041 3934 paenitentis
3122 3869 3353 3923 excedit.
3425 3871 3510 3924 Ad

1930 3958 2090 4026 cujus
2147 3956 2611 4026 supplementum,
2649 3964 2838 4024 utpote
2893 3972 3004 4010 non
3061 3958 3165 4012 sibi
3207 3957 3511 4015 suﬁiciente

1929 4058 2152 4118 pr0pter
2202 4046 2631 4114 magnitudinem
2687 4047 2892 4115 peccati
2953 4063 3018 4103 eo
3074 4049 3164 4118 qui
3236 4051 3504 4120 peccavit,

1929 4148 2136 4209 partem
2188 4138 2452 4193 Dominici
2497 4138 2744 4192 sacriﬁcii
2788 4140 3224 4207 comprehendit.
3281 4140 3506 4210 Reliqua

1931 4238 2110 4284 autem
2160 4230 2230 4293 ei,
2278 4230 2422 4299 quod
2470 4245 2569 4298 pro
2595 4229 2849 4284 omnibus
2881 4240 2982 4294 est,
3029 4231 3298 4285 sacriﬁcio
3327 4241 3510 4287 custo—

1929 4323 2173 4376 diuntur.
2202 4319 2569 4390 Participatur
2582 4330 2762 4375 autem
2787 4335 2852 4374 eo
2873 4328 2928 4374 et
2953 4321 3072 4384 iste,
3106 4337 3203 4389 pro
3222 4338 3330 4392 quo
3362 4340 3508 4379 nunc

1931 4412 2253 4467 sacriﬁcium
2303 4411 2383 4474 ﬁt,
2424 4427 2546 4465 cum
2595 4427 2738 4465 unus
2784 4421 2839 4464 et
2889 4411 3015 4479 ipse
3039 4427 3106 4466 ex
3151 4415 3296 4466 onmi
3329 4430 3508 4469 massa

1931 4505 2017 4558 sit.
2063 4503 2351 4572 Postquam
2385 4509 2564 4555 autem
2623 4501 2776 4564 dixit,
2828 4501 3075 4568 quaedam
3125 4503 3376 4556 sacriﬁcii
3411 4519 3509 4570 pro

1931 4595 2130 4650 delicto
2165 4594 2457 4662 praecipua,
2498 4590 2738 4645 subdidit
2765 4591 3077 4645 communia
3126 4606 3248 4660 qua:
3277 4591 3343 4645 de
3379 4606 3510 4660 pec-

1931 4686 2068 4740 catis
2097 4686 2276 4738 habet.

2007 4778 2189 4833 Omnis
2209 4775 2474 4829 masculus
2491 4776 2554 4829 de
2580 4774 2894 4828 sacerdotali
2917 4792 3100 4843 genere
3124 4775 3179 4826 in
3205 4775 3315 4826 loco
3329 4783 3510 4827 sancto

1934 4879 2163 4923 vescatur
2191 4869 2268 4920 his
2293 4867 2560 4928 carnibus,
2614 4867 2739 4936 quia
2780 4864 3030 4920 Sanctum
3065 4878 3368 4919 sanctorum
3413 4875 3509 4920 est.

1937 4957 2082 5012 Sicut
2115 4973 2210 5024 pro
2241 4965 2452 5024 peccato
2497 4956 2708 5025 offertur
2736 4956 2929 5022 hostia,
2964 4957 3042 5008 ita
3076 4965 3126 5008 et
3167 4972 3262 5025 pro
3300 4956 3508 5008 delicto.

1943 5053 2216 5119 Utriusque
2277 5051 2457 5104 hostia
2513 5067 2617 5103 una
2668 5049 2752 5102 lex
2809 5050 2933 5102 erit.
2989 5048 3131 5119 Ergo
3179 5050 3316 5103 nihil
3363 5049 3514 5103 aliud

1939 5158 2210 5211 exponere
2254 5143 2364 5207 hic,
2413 5152 2504 5196 aut
2552 5141 2753 5195 addere
2794 5156 3022 5195 necesse
3057 5141 3344 5204 habemus,
3385 5139 3515 5208 quia

1938 5234 2246 5288 communia
2303 5234 2418 5285 lucc
2463 5247 2582 5286 esse
2619 5247 2718 5301 pro
2767 5239 3010 5300 peccato,
3077 5240 3132 5285 et
3167 5247 3264 5300 pro
3313 5232 3516 5285 delicto

1940 5325 2199 5377 sacriﬁcia
2259 5323 2587 5376 audivimus.
2649 5321 2993 5376 Sullicienter
3056 5331 3236 5375 autem
3307 5323 3375 5374 de
3430 5322 3516 5376 his

1939 5432 2058 5486 qua:
2110 5431 2208 5485 pro
2260 5424 2482 5484 peccato
2533 5423 2660 5469 sunt
2707 5414 2761 5466 in
2817 5415 3090 5482 praedictis
3137 5414 3511 5483 exposuimus.

1942 5509 2046 5561 Sed
2082 5507 2549 5561 conﬁrmationem
2607 5506 2768 5561 etiam
2802 5507 2926 5560 huic
2957 5507 3060 5573 legi
3119 5506 3278 5560 talem
3327 5519 3514 5573 super.

1940 5600 2186 5658 addidit:
