4218 6450
686 439 798 504 863

1877 437 2238 498 HESYCHII
2275 437 2743 498 PRESBYTERI

3860 414 3973 481 861

687 557 824 628 quid
857 564 1043 612 autem
1074 555 1273 611 tertius
1298 553 1577 608 invenerit
1601 552 1740 616 dies,
1766 553 1906 623 ignis
1933 555 2190 608 absumit.
2213 552 2269 606 Si
2299 557 2346 612 Α
2373 552 2528 619 Quod
2563 561 2856 620 utrumque
2892 551 2945 603 in
2980 545 3237 619 przesenti
3267 543 3469 600 sarculo
3518 537 3812 628 contingit.
3855 550 3971 628 "tm

687 647 814 718 quis
832 646 902 702 de
921 641 1426 700 caruibusvietimat
1444 640 1796 711 pacificorum
1814 641 1903 694 die
1926 639 2087 695 tertio
2100 653 2278 694 come-

690 736 854 802 derit,
870 734 1022 788 irrita
1049 733 1143 787 ﬂet
1166 731 1391 796 oblatio,
1419 747 1522 787 nec
1553 731 2068 801 proderitoll'erenti
2095 745 2109 783 :
2142 731 2275 800 quin

693 828 878 898 potius
889 839 1232 894 quaecunque
1251 823 1434 877 anima
1457 824 1548 877 tali
1569 839 1628 877 se
1648 823 1832 877 edulio
1863 823 2278 877 contaminave-

692 919 783 981 rit,
816 916 1284 987 pmvaricationis
1316 932 1408 972 rea
1434 917 1557 971 erit.
1595 917 1734 970 Caro
1760 931 1882 985 qua:
1913 913 2115 983 aliquid
2149 912 2278 967 teti-

691 1009 827 1078 gerit
859 1007 1222 1073 immundum,
1250 1023 1361 1063 non
1413 1008 1751 1071 comedetur,
1778 1007 1874 1062 sed
1928 1006 2280 1060 comburetur

691 1099 826 1167 igni,
877 1099 973 1168 qui
1021 1099 1186 1154 luerit
1228 1099 1567 1163 immundus,
1599 1107 1849 1153 vescetur
1872 1114 1940 1152 ex
1967 1112 2052 1152 ea.
2083 1095 2279 1150 Anima

691 1192 897 1262 polluta
929 1207 1051 1260 qua:
1084 1191 1260 1246 ederit
1289 1191 1357 1246 de
1381 1191 1639 1245 carnibus
1677 1188 1872 1243 hostiae
1924 1187 2281 1258 paeilicorum

691 1295 815 1348 quae
846 1279 1028 1333 oblata
1058 1288 1145 1334 est
1195 1279 1450 1342 Domino,
1485 1278 1685 1349 peribit
1715 1278 1784 1332 de
1834 1277 2050 1346 populis
2085 1277 2220 1330 suis.
2257 1294 2277 1327 ι

767 1371 896 1426 Haec
921 1371 1010 1425 lex
1043 1372 1109 1426 ad
1142 1372 1372 1441 primam
1403 1371 1624 1440 quidem
1666 1369 1861 1423 faciem
1893 1366 2166 1421 contraria
2197 1367 2282 1421 vi-

693 1460 857 1515 detur
925 1461 1380 1531 praecedentibus,
1429 1459 1526 1514 sed
1580 1474 1690 1512 non
1743 1458 1816 1512 ita
1863 1466 1948 1512 est
2011 1457 2280 1520 discussa,

696 1553 897 1622 quippe
935 1553 1100 1607 nimis
1141 1552 1422 1607 invenitur
1450 1552 1531 1606 eis
1573 1565 1697 1605 esse
1734 1549 2096 1606 concordans.
2147 1549 2282 1604 Illud

696 1653 878 1696 autem
907 1651 1244 1696 scrutantem
1279 1642 1578 1713 intelligere
1615 1650 1852 1711 oportet,
1871 1640 2000 1710 quia
2032 1641 2282 1696 umbram

699 1732 906 1789 habens
971 1734 1056 1788 lex
1124 1733 1433 1789 futurorum
1480 1734 1768 1798 bonorum,
1821 1742 1970 1787 recte
2008 1732 2194 1786 multis
2231 1740 2287 1786 et

698 1823 1084 1880 dill‘erentibus
1132 1826 1548 1896 questionibus,
1590 1826 1658 1881 ad
1715 1824 1995 1897 liguranda
2040 1839 2106 1880 ea
2164 1838 2286 1895 quae

698 1913 1058 1983 designantur
1079 1916 1358 1985 mysteria,
1384 1931 1480 1970 usa
1509 1924 1612 1969 est.

771 2003 829 2058 Si
853 2016 970 2058 eoto
1015 2006 1095 2059 vel
1118 2015 1301 2075 sponte
1332 2007 1598 2076 quispiam
1633 2005 1877 2060 obtulerit
1905 2006 2153 2066 hostium,
2192 2021 2285 2058 ea-

700 2097 817 2149 dem
846 2097 1092 2150 similiter
1115 2098 1299 2151 edetur
1320 2098 1424 2152 die.
1464 2096 1570 2152 Sed
1597 2107 1644 2150 et
1667 2098 1713 2150 si
1733 2099 1861 2160 quid
1904 2098 1960 2150 in
1995 2098 2288 2151 crastinum

702 2189 1037 2251 remanserit,
1063 2191 1199 2243 vesci
1225 2189 1427 2244 licitum
1473 2200 1545 2244 est
1570 2206 1590 2244 :
1616 2191 1871 2261 quidquid
1893 2201 2071 2244 autem
2104 2191 2289 2246 tertius

701 2281 955 2333 invenerit
996 2283 1106 2334 dies
1151 2283 1288 2352 ignis
1326 2283 1573 2336 absumit.
1596 2287 1768 2338 Omne
1807 2285 2053 2354 quidetn‘
2079 2284 2290 2339 sacriﬁ-

702 2372 846 2426 cium
874 2372 1222 2442 paciﬂcorum
1257 2390 1352 2429 seu
1380 2376 1616 2430 salutare
1632 2386 1994 2446 spontaneum
2022 2385 2125 2442 cst,
2145 2379 2290 2431 unde

703 2465 836 2518 illttd
859 2465 1001 2519 inter
1030 2465 1173 2520 dona
1203 2468 1471 2536 siiperiori
1515 2478 1669 2538 parte
1714 2468 1836 2522 libri
1885 2469 2085 2539 hujus,
2126 2469 2290 2540 legis-

704 2555 844 2610 lator
876 2557 1166 2626 ascripsit;
1200 2557 1295 2612 sed
1323 2558 1620 2629 gratiarum
1651 2559 1913 2626 actionis,
1968 2559 2084 2626 sive
2114 2560 2294 2615 laudis

707 2649 1059 2714 sacriﬁcium,
1090 2666 1402 2720 quanquam
1449 2652 1662 2722 species
1706 2653 1778 2708 sit
1829 2653 2122 2709 oblationis
2172 2654 2294 2723 ejus

707 2756 832 2810 quae
864 2756 1012 2796 nunc
1046 2741 1189 2797 dicta
1218 2751 1323 2805 est,
1360 2752 1541 2797 tamen
1586 2744 1713 2812 quia
1753 2744 2072 2798 rationabile
2122 2745 2296 2814 quod-

707 2837 833 2891 dam
867 2845 972 2901 est,
1004 2845 1290 2906 pr0pterea
1316 2840 1368 2890 in
1417 2836 1533 2907 lege
1571 2836 1930 2890 voluntarium
1962 2851 2073 2890 non
2129 2837 2296 2891 habet

710 2931 954 2987 additum
999 2949 1012 2984 :
1045 2932 1168 3002 quia
1202 2947 1326 2986 cum
1364 2931 1482 2986 sine
1531 2932 1698 2987 dubio
1738 2933 2031 2988 rationales
2097 2933 2292 2999 simus,

707 3023 951 3080 debitum
980 3023 1381 3094 quodammodo
1402 3026 1736 3095 przecipuum
1764 3024 2007 3080 Creatori
2033 3025 2298 3080 rationale

715 3115 1049 3171 sacriﬁcium
1081 3116 1363 3171 debemus.
1397 3115 1695 3185 Propterea
1724 3118 1777 3171 in
1805 3133 1871 3172 eo
1927 3118 2297 3172 voluntarium

2379 643 2431 698 iii
2469 643 2674 697 futuro.
2728 641 2883 696 Unde
2930 656 3032 695 nec
3083 639 3197 692 ullo
3245 636 3406 690 modo
3451 633 3597 688 diem
3644 626 3971 697 duplicavit,

2379 750 2542 790 unam
2595 734 2740 789 diem
2792 742 3002 787 tantum
3041 732 3229 786 dicens
3279 728 3334 781 in
3367 722 3635 780 sacriﬁcio
3669 717 3974 790 gratiarum

2378 827 2632 889 actionis,
2666 825 2779 878 sive
2795 825 2988 878 laudis.
3019 824 3125 877 Aut
3157 825 3295 875 forte
3315 819 3445 873 hinc
3480 813 3830 870 manifestum
3885 815 3976 861 est

2378 916 2505 986 quia
2529 915 2615 968 his
2651 913 2742 983 qui
2776 912 3096 966 rationalem
3124 911 3290 962 vitam
3335 903 3480 975 apud
3531 917 3590 956 se
3637 896 3977 953 deﬁnierunt

2380 1018 2435 1063 et
2465 1006 2705 1061 studium
2739 1004 2958 1073 quietis,
3010 1001 3179 1055 veluti
3236 998 3399 1052 Maria
3429 1010 3550 1064 qua-
3590 993 3788 1046 bonam
3849 999 3977 1053 par-

2383 1107 2489 1154 tem
2516 1089 2697 1167 elegit,
2726 1104 2782 1150 et
2805 1095 2870 1148 ad
2919 1093 3083 1164 pedes
3107 1090 3319 1145 Domini
3377 1087 3506 1142 Jesu
3557 1080 3760 1139 Christi
3812 1075 3980 1131 sede-

2379 1189 2491 1253 bat,
2529 1186 2760 1254 simplex
2791 1193 2875 1238 est
2927 1183 3032 1236 vita
3061 1192 3116 1236 et
3143 1180 3300 1233 velox
3345 1186 3508 1245 atque
3554 1173 3622 1227 ad
3673 1169 3971 1225 transitum

2381 1287 2588 1350 parata.
2633 1276 2725 1330 Eis
2753 1289 2884 1329 vero
2917 1273 3007 1342 qui
3070 1271 3303 1326 activam
3357 1267 3659 1336 elegerunt,
3719 1276 3830 1313 non
3877 1259 3978 1320 ita,

2382 1370 2477 1424 sed
2505 1369 2793 1432 laboriosa,
2849 1365 3026 1434 qualis
3075 1369 3194 1417 erat
3227 1358 3447 1413 Martha:
3475 1373 3596 1426 qua:
3646 1352 3983 1407 turbabatur

2382 1477 2510 1532 erga
2540 1461 2695 1529 plura
2723 1459 2790 1513 ”.
2816 1457 2975 1513 Unde
3006 1464 3061 1510 et
3116 1454 3166 1508 ei
3194 1451 3394 1520 duplex
3453 1457 3690 1516 tempus,
3746 1455 3979 1513 propter

2379 1553 2621 1616 labores,
2667 1556 3055 1619 computatur;
3096 1552 3472 1600 verumtamen
3518 1538 3816 1609 legislator,
3873 1532 3983 1587 etsi

2384 1644 2569 1698 verbis
2617 1641 2848 1696 diversis
2892 1639 3067 1693 utitur
3087 1644 3310 1708 propter
3337 1632 3674 1703 opulentiam
3723 1625 3980 1696 spiritus,

2385 1745 2438 1791 et
2474 1745 2535 1789 ut
2564 1732 2882 1803 multiplicia
2915 1731 3189 1793 redderet,
3224 1728 3368 1782 sicut
3391 1741 3536 1795 Stepe
3581 1721 3847 1781 diximus,
3892 1719 3985 1771 iu-

2386 1826 2698 1897 telligentia:
2749 1824 3059 1895 agnigmata,
3101 1836 3132 1875 a
3159 1820 3406 1874 districta
3449 1828 3634 1872 tamen
3669 1813 3986 1869 subtilitate

2317 1905 2362 1964 Β
2389 1934 2497 1972 non
2530 1917 2755 1981 recedit,
2789 1918 2881 1970 sed
2918 1915 2994 1971 ibi
3025 1915 3181 1978 dixit,

2459 2011 2580 2064 Non
2597 2009 2889 2077 relinquent
2915 2014 2978 2062 de
3008 2025 3066 2061 eo
3086 2008 3141 2060 in
3165 2021 3340 2060 mane.
3370 2003 3490 2057 Non
3520 2001 3732 2057 dicens.
3762 1997 3820 2050 in
3863 2009 3992 2050 cra-

2391 2105 2555 2166 stino,
2589 2103 2716 2173 quia
2748 2101 3050 2156 crastinum
3072 2115 3181 2154 non
3217 2096 3486 2168 signiﬁcat
3509 2096 3753 2149 futurum
3803 2105 3992 2144 saecu-

2389 2197 2502 2252 lum
2536 2194 2666 2250 :ltic
2711 2202 2894 2248 autem
2935 2191 3201 2262 quidquid
3265 2189 3460 2244 tertius
3519 2184 3793 2240 invenerit
3841 2181 3988 2246 dies,

2392 2289 2535 2360 ignis
2562 2286 2820 2349 absumit,
2847 2300 2946 2354 per
2987 2285 3130 2338 diem
3165 2282 3407 2343 tertium,
3443 2280 3686 2334 futurum
3732 2276 3991 2330 indicans

2393 2381 2654 2438 smculum
2678 2423 2693 2446 ,
2722 2380 2778 2434 in
2816 2379 2934 2447 ipso
2957 2377 3161 2446 quippe
3196 2374 3466 2446 generalis
3494 2381 3580 2426 est
3634 2379 3991 2424 mortuorum

2393 2473 2721 2529 resurrectio
2754 2491 2767 2525 :
2810 2485 2970 2540 quam
3003 2469 3251 2538 designat
3297 2465 3441 2520 tertii
3467 2466 3574 2519 diei
3605 2466 3747 2518 facta
3799 2479 3995 2516 resur-

2395 2567 2565 2622 rectio
2594 2564 2805 2621 Domini
2834 2578 2956 2633 qua:
2987 2576 3150 2615 mane
3177 2559 3447 2630 provenit.
3487 2556 3720 2625 Propter
3747 2554 3898 2624 quod
3935 2561 3996 2609 et

2395 2675 2556 2716 mane
2581 2658 2839 2713 saeculum
2861 2657 3102 2711 diximus
3122 2652 3433 2725 signiﬁcare
3464 2649 3733 2704 futurum.

2468 2755 2607 2809 Tunc
2628 2770 2750 2824 ergo
2768 2753 2908 2823 quod
2946 2751 3206 2820 reliquum
3229 2757 3304 2802 est
3326 2748 3390 2801 de
3426 2745 3688 2814 sacri/icio
3735 2741 3997 2812 paciﬁco-

2397 2865 2515 2902 rum
2538 2863 2626 2900 seu
2667 2846 2989 2898 salutarium
3029 2843 3148 2912 igne
3203 2850 3557 2893 consumetur.
3605 2835 3998 2904 Quodcunque

2397 2941 2545 2994 enim
2585 2937 2966 3007 reliquerimus
3022 2935 3090 2988 ad
3123 2943 3363 2987 nostram
3419 2932 3648 2985 salutem
3682 2929 3997 2999 pertinens,

2399 3033 2741 3101 inuperatutn
2777 3040 2880 3092 est,
2940 3037 3124 3081 autem
3180 3026 3530 3095 inaperatum
3587 3031 3644 3078 et
3713 3024 3816 3076 hoc
3841 3020 3999 3092 quod

2402 3124 2539 3179 male
2569 3130 2856 3192 operatum
2881 3120 3000 3184 est,’
3023 3129 3079 3174 et
3109 3119 3279 3188 ligna,
3332 3125 3426 3170 aut
3460 3116 3645 3170 fenum
3685 3125 3851 3184 atque
3890 3111 4002 3168 sti-

710 3208 797 3264 lex
838 3208 1078 3273 reticuit,
1118 3225 1229 3264 non
1269 3209 1398 3264 illud
1431 3210 1711 3280 excipiens
1739 3227 1770 3264 a
1822 3210 2164 3274 voluntariis,
2196 3226 2296 3265 ne-
2322 3242 2365 3298 α
2402 3215 2527 3285 pula
2574 3213 2794 3278 factum,
2825 3213 2930 3266 hoc
2951 3211 3072 3282 igne
3104 3222 3481 3272 consumetur,
3517 3224 3615 3262 tios
3653 3217 3841 3261 autem
3898 3207 4005 3262 de-

711 3315 820 3371 que
857 3301 1004 3355 enitu
1059 3316 1160 3370 pro
1213 3300 1473 3370 peccatis,
1527 3303 1622 3356 sed
1663 3318 1766 3357 nec
1814 3318 1879 3357 ex
1930 3302 2298 3372 promissione

710 3390 954 3446 oblatum
989 3392 1248 3446 ostendit.
1283 3393 1515 3447 Tantum
1546 3403 1727 3448 autem
1755 3403 1917 3456 tacet,
1944 3393 2299 3464 quemadmo-

711 3482 842 3537 dum
894 3483 1154 3547 diximus,
1203 3485 1608 3549 volutttarium,
1647 3485 1763 3540 sive
1798 3495 2183 3555 spontaneum,
2241 3495 2300 3540 ut

710 3589 835 3630 cum
878 3574 1070 3629 siletur
1093 3575 1197 3630 hoc
1230 3577 1454 3631 verbntn
1480 3577 1571 3646 qui
1629 3577 1919 3630 rationales
1964 3578 2154 3640 simus,
2211 3578 2302 3630 de-

710 3667 843 3722 bere
880 3683 981 3722 nos
1015 3668 1123 3722 Deo
1147 3669 1430 3724 rationalia
1487 3669 1754 3725 sacriﬁcia
1817 3669 2202 3740 intelligamus,
2243 3678 2297 3725 et

709 3759 857 3811 omni
889 3759 938 3811 ei
960 3760 1143 3812 studio
1165 3759 1566 3817 adltinrcantus.
1601 3759 1709 3814 Sed
1758 3759 2015 3830 quoniam
2074 3758 2184 3814 illic
2240 3758 2294 3812 in

706 3863 813 3918 qua
845 3848 932 3903 die
958 3849 1207 3914 oll’crtnr,
1243 3852 1568 3911 comeditur,
1601 3851 1694 3914 ait,
1723 3850 1811 3905 hic
1841 3858 2045 3915 autem,
2070 3850 2123 3904 in
2160 3865 2296 3920 qua-

704 3956 920 4011 cunque
945 3941 1032 3996 die
1062 3943 1309 4005 offertur,
1343 3951 1396 3996 et
1421 3942 1473 3996 in
1509 3942 1746 3997 crastino
1775 3959 1787 3994 :
1822 3957 1923 3996 nec
1949 3941 2055 3997 hoc
2078 3952 2296 3996 contra-

703 4035 846 4088 riunt
878 4043 981 4097 est,
1013 4035 1354 4104 apertissime
1390 4035 1534 4089 enim
1560 4033 1738 4089 ethoc
1764 4035 1907 4104 quod
1932 4034 2165 4090 dicimus
2185 4050 2297 4089 cra-

703 4126 929 4188 stinum,
979 4127 1358 4181 denuntiatum
1415 4127 1702 4198 praesentis
1762 4127 1943 4182 saeculi
1990 4134 2094 4188 est,
2147 4126 2293 4196 quod

705 4225 934 4271 testatur
954 4217 1190 4273 Jacobus
1216 4219 1404 4273 dicens
1428 4218 1588 4272 εει-δε
1612 4235 1747 4271 nunc
1768 4219 1858 4289 qui
1884 4219 2058 4272 dicitis
2081 4233 2098 4270 :
2126 4219 2295 4273 Hodie

702 4317 752 4362 et
776 4309 1005 4361 crastino
1030 4309 1417 4362 ambulabimus
1464 4310 1519 4361 in
1546 4309 1698 4362 illam
1747 4310 2012 4362 civitatem
2051 4318 2098 4363 et
2146 4325 2297 4379 nego-

703 4401 978 4462 tiabimur,
1010 4409 1058 4452 et
1083 4400 1287 4452 lucrum
1316 4401 1568 4470 faciemus
1594 4401 1658 4455 ".
1691 4399 1759 4454 Et
1786 4400 2011 4454 omnino
2046 4415 2154 4453 non
2209 4400 2295 4454 in-

701 4490 891 4544 venies
911 4490 1221 4558 ubicunque
1251 4489 1305 4543 in
1333 4489 1608 4556 Scriptura
1659 4489 1982 4550 crastinum,
2027 4489 2295 4543 assimila-

2403 3308 2722 3361 trimentum
2754 3305 3051 3375 patiemur.
3076 3302 3184 3358 Sed
3211 3303 3341 3373 quid
3378 3302 3461 3356 his
3489 3301 3698 3356 addidit
3725 3301 3750 3354 ?

2472 3395 2530 3451 Si
2551 3399 2668 3467 quis
2689 3397 2752 3450 de
2777 3396 3023 3449 carnibus
3058 3396 3285 3449 victima:
3322 3393 3664 3463 paciﬁcornm
3703 3395 3788 3446 die
3838 3395 4004 3448 tertio

2401 3489 2702 3553 comederit,
2737 3489 2891 3541 irrita
2930 3488 3020 3556 [iet
3058 3486 3276 3551 oblatio,
3320 3503 3411 3538 nec
3437 3484 3669 3552 proderit
3706 3483 3944 3552 offerenti
3983 3499 4004 3539 :

2400 3576 2528 3647 quin
2548 3576 2719 3644 potius
2741 3591 3062 3646 quaecunque
3083 3575 3261 3627 anima
3298 3573 3395 3626 tali
3422 3591 3476 3626 se
3514 3573 3691 3626 edulio
3725 3575 3970 3626 cantanti
3981 3602 4001 3611 -

2401 3670 2620 3732 naverit,
2668 3668 3124 3738 prtevaricationis
3178 3683 3266 3721 rea
3292 3668 3410 3720 erit.
3449 3665 3559 3720 Nec
3610 3665 3727 3721 ha'c
3789 3665 4003 3721 frustra

2400 3760 2660 3832 presenti
2687 3759 2958 3816 sanctioni
3002 3758 3230 3822 addidit,
3263 3758 3358 3813 sed
3404 3758 3531 3828 quia
3585 3759 3807 3828 quidam
3873 3767 4004 3827 post

2400 3852 2562 3906 linem
2617 3850 2778 3918 hujus
2846 3851 2968 3906 vitae
3034 3859 3089 3903 ct
3134 3858 3478 3903 mortuorum
3527 3848 4004 3905 resurrectionem

2398 3943 2558 3996 aliam
2595 3941 2752 3996 talem
2782 3941 2968 4001 vitam.
3003 3939 3180 4008 qualis
3200 3955 3346 3994 nunc
3379 3947 3485 4003 est,
3512 3936 3828 3993 describere
3859 3955 4006 4008 pra:-

2399 4040 2774 4104 sutnpsernnt,
2809 4032 2957 4086 mille
2988 4047 3258 4084 annorttm
3297 4029 3569 4099 quoddam
3608 4031 3867 4084 saeculum
3912 4031 4000 4083 in-

2398 4124 2766 4184 troducentes,
2795 4123 2848 4176 in
2874 4124 3003 4192 quo,
3045 4130 3102 4174 tit
3144 4121 3316 4183 aiunt,
3348 4118 3650 4174 Jerusalem
3710 4118 3995 4173 sensibilis

2396 4216 2769 4279 tedilicabitur,
2802 4215 3172 4284 templumque
3215 4213 3353 4281 ejus,
3389 4221 3445 4265 et
3476 4226 3597 4280 quae
3629 4211 3682 4264 in
3707 4227 3771 4266 ea
3807 4228 3996 4280 quon-

2397 4309 2520 4364 dam
2553 4305 2773 4360 luerunt
2805 4305 3002 4358 Sancta
3053 4313 3367 4356 sanctorum
3425 4302 3911 4362 restanrabuntur,
3949 4312 4005 4355 et

2397 4397 2660 4452 sacrificia
2685 4396 3005 4460 oﬂ'erentur,
3025 4394 3356 4462 nuptizeque,
3385 4401 3441 4446 ct
3470 4391 3704 4445 ﬁlionum
3734 4409 3998 4461 procrea-

2399 4491 2493 4554 tio.
2518 4499 2573 4544 et
2595 4489 2803 4543 delicim
2831 4488 3079 4558 quaedam
3108 4501 3230 4540 cum
3251 4485 3459 4553 justitia
3493 4484 3762 4548 sensibili,
3786 4494 3845 4539 et
3872 4486 4005 4540 lon-

703 4591 816 4636 tutn
869 4579 1055 4635 futuro
1115 4581 1338 4641 smculo,
1372 4581 1468 4634 sed
1522 4581 1721 4634 dicitur
1767 4581 1988 4650 quidem
2044 4595 2289 4650 praesens
2327 4566 2372 4620 θ
2399 4599 2464 4653 ge
2491 4581 2593 4636 alia
2617 4579 2961 4633 conversatio
2992 4588 3197 4640 nostra,
3228 4592 3391 4646 quam
3421 4592 3484 4628 ea
3545 4592 3668 4645 qttte
3731 4593 3882 4630 ttunc
3915 4589 4007 4632 ost

702 4671 957 4724 tia-culum
1010 4669 1190 4734 hodie,
1259 4670 1535 4739 qnotnodo
1586 4670 1750 4724 David
1814 4671 1984 4728 dicit:
2033 4668 2206 4725 lloJie
2247 4673 2292 4726 si

700 4777 874 4816 vorem
920 4762 1034 4830 ejus
1077 4763 1373 4825 audieritis,
1402 4761 1562 4815 nolite
1593 4763 1853 4817 obdurare
1896 4763 2056 4817 corda
2096 4774 2290 4828 vestra,

698 4855 830 4906 sicut
852 4855 905 4906 in
926 4855 1328 4908 exacerbatione
1352 4856 1415 4908 ⁷⁷.
1449 4854 1516 4908 Ει
1553 4871 1742 4910 rursus
1769 4854 1966 4910 Paulus
1999 4874 2012 4911 :
2049 4854 2151 4911 Sed
2196 4856 2296 4910 nd-

701 4946 987 4998 Itortamini
1014 4947 1346 5014 vosmetipsos
1371 4963 1464 5015 per
1508 4948 1740 5019 singulos
1767 4949 1900 5011 dies,
1933 4949 2097 5003 donec
2143 4949 2296 5001 hodie

697 5039 1098 5108 cognominatur
1122 5038 1185 5092 ⁷³.
1245 5038 1452 5094 Dicitur
1478 5049 1660 5095 autettt
1699 5050 1756 5097 et
1797 5056 1942 5106 cras,
1976 5057 2086 5097 non
2112 5051 2294 5095 tamen

695 5130 924 5184 omnino
953 5131 1057 5184 diva
1083 5130 1374 5203 διαστολὴν
1407 5132 1653 5188 hodierni
1680 5151 1692 5187 :
1726 5133 1819 5188 sed
1846 5133 1971 5202 quia
2015 5132 2300 5203 pra-sentis

696 5221 879 5275 saeculi
897 5237 1005 5276 non
1019 5222 1206 5277 eadem
1222 5233 1349 5278 sunt
1363 5225 1555 5293 spatia,
1576 5225 1780 5280 sicutin
1800 5223 2303 5280 Proverbiisostcn-

695 5311 793 5378 dit,
843 5313 924 5367 Ne
946 5315 1093 5369 dicas
1118 5316 1290 5370 amico
1314 5326 1402 5370 tuo
1431 5331 1448 5370 :
1501 5314 1664 5380 Vade.
1698 5328 1746 5372 et
1775 5334 1894 5372 cras
1929 5319 2064 5371 veni.
2113 5316 2300 5388 Neque

697 5406 846 5461 enim
875 5407 1135 5460 sarculum
1195 5408 1458 5464 describit
1482 5407 1746 5475 futurum,
1779 5410 1874 5464 sed
1903 5413 2248 5480 subsequens
2274 5452 2288 5474 ,

697 5496 980 5564 praesentis
1033 5498 1156 5552 vita:
1221 5509 1452 5568 tempus.
1482 5499 1710 5568 Propter
1735 5501 1876 5568 quod
1903 5502 2038 5557 dixit
2065 5521 2076 5556 :
2113 5501 2294 5572 Neque

695 5586 834 5638 enim
860 5588 982 5641 scies
1009 5590 1134 5658 quid
1157 5591 1337 5658 pariat
1366 5604 1746 5657 superuentura
1769 5591 1878 5642 dies
1910 5589 1972 5655 ⁷³,
2009 5591 2060 5644 id
2093 5600 2194 5652 est.
2227 5604 2294 5643 nc

695 5669 835 5726 forte
859 5675 912 5728 iit
939 5693 1000 5730 ea
1028 5680 1299 5745 moriaris,
1331 5689 1424 5733 aut
1453 5680 1522 5732 ab
1545 5679 1721 5748 aliqua
1758 5680 2071 5750 itnpcdiaris
2098 5697 2286 5736 causa.

774 5849 948 5906 “Jac.
980 5871 1051 5921 tv,
1091 5857 1170 5910 l5.
1251 5858 1294 5890 ⁷’
1323 5855 1465 5912 l’sal.
1497 5873 1638 5924 χειν,
1669 5858 1726 5923 8;
1754 5855 1917 5910 llebr.
1954 5873 2026 5926 tv,
2047 5860 2097 5912 7.

2179 5859 2222 5888 ⁷⁸
2255 5855 2418 5912 llebr.
2457 5873 2540 5925 ιιι,
2578 5857 2658 5912 lii.

2398 4673 2691 4741 jnstorutn,
2751 4685 2876 4724 cum
2911 4685 2976 4723 cx
3035 4667 3267 4721 mortuis
3333 4666 3797 4720 resurrexet-intus
3837 4669 3948 4721 erit
3988 4688 3999 4722 :

2403 4765 2543 4822 lianc
2573 4778 2702 4833 ergo
2734 4761 3212 4830 prmumptionent
3237 4759 3304 4814 de
3327 4762 3521 4813 animo
3572 4768 3761 4813 nostro
3811 4775 4004 4813 rento-

2403 4873 2529 4910 vere
2563 4856 2790 4925 cupiens
2822 4872 2834 4909 :
2867 4853 2921 4907 Si
2947 4854 3070 4923 quis
3091 4853 3159 4907 de
3180 4853 3459 4918 carnibus,
3485 4852 3580 4915 ait.
3639 4852 4002 4921 pacilieorum

2401 4947 2488 5002 die
2518 4947 2679 5002 tertio
2707 4945 3030 5009 comederit,
3066 4945 3119 4999 id
3144 4953 3256 5007 est,
3300 4945 3344 4998 si
3372 4944 3496 5014 quis
3553 4944 3656 4998 sibi
3697 4944 3749 4997 itt
3781 4946 4002 5013 cogita.

2403 5039 2548 5093 tione
2585 5045 2874 5109 proponat,
2907 5038 3034 5108 quia
3068 5046 3191 5107 post
3248 5036 3711 5090 resurrectionem
3744 5047 4002 5092 mortuo-

2403 5146 2541 5194 rum,
2577 5129 2830 5200 reliquias
2861 5130 3023 5200 ltujus
3053 5130 3176 5183 vita:
3194 5137 3417 5184 acturus
3437 5139 3540 5189 est,
3571 5138 3625 5183 et
3670 5129 3835 5182 modo
3860 5145 4004 5197 qut)-

2402 5221 2524 5276 dam
2565 5222 2814 5276 comedat
2847 5222 3104 5292 praedicta
3166 5221 3219 5275 in
3280 5231 3484 5282 mente,
3514 5230 3675 5274 utens
3720 5236 3821 5290 pro
3872 5223 4004 5274 cibo

2406 5314 2725 5384 phantasia;
2757 5323 2812 5368 et
2839 5329 3066 5384 sperans
3089 5331 3148 5370 se
3171 5314 3460 5369 comedere
3489 5329 3555 5366 eo
3605 5322 3854 5382 tempore
3887 5332 4003 5383 quo

2409 5405 2696 5462 comedere
2757 5407 3094 5476 impossibile
3148 5412 3251 5464 est.
3285 5405 3339 5459 id
3380 5417 3483 5467 est.
3526 5405 3741 5476 operari
3775 5424 3786 5458 :
3833 5405 4003 5474 Itnjns

2406 5498 2609 5551 oblatio
2637 5516 2741 5553 non
2770 5499 3086 5571 suscipitur,
3116 5515 3215 5554 nec
3242 5499 3583 5568 reputabitur
3615 5497 3685 5550 ei.
3708 5497 3808 5562 Qui
3846 5499 4000 5551 enitn

2403 5590 2536 5644 falsa
2556 5591 2623 5644 de
2656 5592 2838 5646 futuro
2862 5593 3062 5647 smculo
3092 5592 3344 5655 testiniat,
3366 5591 3690 5661 sibitnctipsi
3721 5591 3997 5645 damnum

2401 5679 2547 5743 facit,
2581 5682 3001 5737 abotninabilem
3056 5692 3112 5736 et
3143 5682 3405 5753 pollutam
3451 5682 3783 5736 oblationem
3837 5697 3998 5735 suam

3228 5858 3411 5914 "an.
3451 5878 3500 5924 it,
3546 5861 3626 5925 >50,
3662 5859 3741 5914 ll.

2738 5860 2784 5888 ’θ
2812 5857 2926 5912 Jac.
2961 5876 3032 5926 tv,
3072 5861 3150 5914 l't.
