4218 6450
221 463 334 528 865

1363 445 1441 505 ΙΝ
1491 440 1932 504 LEVITICUM.
1975 463 2040 472 -
2080 437 2228 498 LIB.
2267 435 2350 497 Ῑῐ.

3375 422 3492 491 ses

217 523 524 630 constituit.
558 563 677 620 Non
709 559 883 629 solum
914 563 1098 612 autem
1129 552 1256 617 hoc,
1289 551 1383 608 sed
1407 561 1462 608 et
1513 557 1795 622 peccatum
1825 554 1867 611 Α
1905 543 2188 600 rationalis
2225 541 2485 598 hominis.
2520 539 2676 596 Unde
2697 523 2918 611 quidem
2954 535 3343 630 cogitationum
3374 551 3494 591 ma.

219 664 437 724 sibimet
463 655 738 716 contrahit
764 670 780 720 ;
808 659 1031 722 propter
1057 647 1202 718 quod
1224 645 1362 701 dixit
1389 660 1406 694 :

290 753 429 820 Quin
457 749 632 820 potius
665 760 842 817 quercu
853 758 986 810 nque
1006 741 1186 794 anima
1219 737 1316 791 tali
1340 753 1396 791 se
1414 735 1588 791 edulio
1613 743 1799 789 conta-

219 847 520 909 minaverit,
564 839 1012 913 pravaricationis
1056 852 1146 890 rea
1173 835 1291 889 erit.
1326 831 1634 888 Ostendens
1673 831 1800 901 quia

221 951 277 997 et
301 942 354 995 in
382 940 581 993 damno
606 936 873 990 bonorum
925 931 1076 991 vivit,
1101 937 1157 982 et
1186 935 1410 997 peccato
1445 940 1504 979 se
1563 924 1800 992 subjicit,

221 1036 532 1104 quicunque
564 1043 674 1083 non
715 1028 857 1082 bona
883 1025 950 1078 de
975 1020 1333 1077 retributione
1360 1017 1594 1071 aestimat
1640 1014 1805 1070 Chri-

223 1128 292 1181 sti
329 1143 341 1178 :
371 1141 480 1178 non
505 1122 651 1176 enim
685 1118 822 1174 sunt
845 1113 1229 1183 corruptibiles
1257 1109 1650 1164 retributiones
1687 1107 1802 1169 Dei,

225 1235 329 1274 nec
373 1231 495 1287 qua:
543 1212 712 1267 semel
765 1201 1054 1269 destruxit,
1100 1206 1189 1259 illa
1243 1216 1432 1257 rursus
1481 1199 1806 1254 constituit:

226 1318 487 1380 praeterea
519 1322 628 1360 non
659 1304 773 1360 vult
809 1300 1041 1358 virtutes
1071 1297 1202 1352 falsa
1257 1294 1560 1349 intentione
1585 1291 1806 1362 -pollui;

229 1400 372 1454 unde
399 1406 455 1452 et
491 1397 667 1450 dixit:
861 1391 864 1394 ’
1368 1400 1380 1407 ’

298 1489 438 1545 Caro
463 1505 580 1558 qua:
601 1487 804 1557 aliquid
833 1485 1062 1557 tetigerit
1082 1483 1435 1544 immundum,
1455 1497 1557 1535 non
1575 1479 1812 1533 comede-

230 1591 335 1644 tnr,
359 1582 447 1634 sed
471 1582 588 1650 igne
608 1588 964 1632 consumetur.
987 1576 1194 1630 Carnes
1223 1575 1412 1629 dicens
1452 1573 1706 1636 virtutes,
1745 1583 1809 1622 ex

230 1673 430 1741 quibus
459 1671 785 1726 sacriﬁcium
839 1669 1074 1748 salutare
1126 1673 1387 1721 constat:
1432 1663 1583 1719 verbi
1620 1661 1809 1733 gratia,

229 1767 556 1826 casﬁtatem,
605 1763 1031 1832 eleemosynam,
1075 1759 1363 1828 justitiam.
1419 1757 1544 1811 Ηωο
1601 1771 1729 1824 ergo
1770 1753 1815 1808 si

230 1859 507 1929 tetigerint
549 1855 889 1910 immundum
921 1853 1225 1924 quidpiam,
1263 1866 1386 1906 cum
1429 1850 1567 1903 forte
1604 1863 1700 1916 per
1729 1862 1820 1900 su-

235 1953 483 2023 perbiam
521 1949 732 2015 justitia
777 1957 833 2002 et
887 1948 1108 2001 castitas
1169 1943 1238 1997 ad
1276 1957 1468 1996 vanam
1493 1940 1738 2011 gloriam.
1765 1947 1821 1992 et

232 2046 569 2115 elcemosyna
604 2058 669 2096 es
706 2039 968 2109 injustitia
995 2038 1071 2102 ﬁt,
1109 2038 1229 2108 igne
1257 2029 1822 2100 inccndenturjudicii

234 2137 423 2192 futuri.
453 2135 608 2201 Quod
630 2135 972 2188 demonstrat
1000 2131 1190 2195 lsaias,
1215 2130 1408 2187 dicens
1442 2144 1454 2179 :
1482 2125 1587 2192 Qui
1637 2127 1825 2179 immo-

235 2229 311 2282 lat
347 2229 546 2293 bovem,
571 2226 723 2297 quasi
746 2225 835 2294 qui
863 2223 1148 2292 interﬁciat
1183 2207 1386 2286 virum;
1415 2221 1504 2291 qui
1523 2227 1717 2271 mactat
1736 2233 1824 2284 pe-

238 2339 348 2386 cus,
380 2321 534 2391 quasi
565 2319 656 2390 qui
684 2315 980 2371 exrerebrat
1029 2331 1213 2368 canem
1237 2315 1302 2379 ",
1335 2323 1390 2368 et
1417 2302 1644 2381 reliqua.
1677 2311 1822 2364 Prae-

237 2414 410 2470 sentis
450 2421 630 2466 autem
665 2409 903 2464 mandati
941 2417 1087 2462 recta
1118 2408 1400 2462 conclusio
1430 2413 1552 2470 est:
1585 2402 1684 2468 Qui
1706 2405 1855 2472 [ue--

237 2509 305 2564 rit
357 2508 606 2571 mundus,
655 2515 890 2559 vescetur
921 2521 1004 2558 ea.
1031 2503 1223 2556 Anima
1263 2500 1466 2567 polluta
1490 2513 1607 2570 qua
1642 2497 1822 2550 ederit

237 2601 302 2654 de
316 2599 563 2654 carnibus
580 2598 761 2651 hostia:
779 2595 1122 2666 paciﬁcorum
1140 2607 1258 2662 qua
1279 2590 1457 2645 oblata
1481 2599 1555 2644 est
1571 2585 1818 2651 Domino,

238 2693 425 2762 peribit
457 2695 520 2744 de
549 2689 756 2760 populis
786 2688 915 2741 suis.
940 2685 1140 2756 Aperte
1186 2684 1276 2738 hic
1303 2680 1546 2738 ironiam
1571 2680 1821 2740 destruit,

239 2797 294 2839 ct
326 2782 659 2854 hypocrisin.
689 2781 805 2836 haec
828 2781 975 2835 enim
1031 2787 1158 2834 sunt
1198 2776 1392 2831 animae
1444 2773 1822 2839 immunditia,

243 2878 318 2932 ita
347 2884 408 2930 ut
440 2879 629 2928 horum
660 2874 823 2928 homo
845 2871 1073 2927 interior
1096 2873 1256 2940 lupus
1278 2869 1665 2939 appellaretur,
1699 2881 1824 2920 cum

242 2969 507 3021 Dominus
534 2966 664 3019 dicit
691 2983 703 3018 :
731 2964 1002 3018 Attendite
1024 2963 1090 3016 ab
1126 2963 1198 3016 eis
1219 2962 1310 3033 qui
1331 2961 1543 3016 veniunt
1567 2960 1638 3012 ad
1660 2975 1746 3011 vos
1770 2959 1826 3010 in

239 3058 428 3112 vestitu
451 3058 644 3121 ovium,
671 3058 811 3108 intus
849 3065 1029 3108 autem
1055 3063 1174 3107 sunt
1202 3053 1312 3122 lupi
1340 3068 1558 3120 rapaces
1579 3052 1645 3104 δ’.
1673 3049 1734 3102 ili
1758 3048 1826 3103 de

242 3149 502 3204 carnibus
553 3147 746 3201 hostiae
795 3145 1148 3217 paciﬁcorum
1206 3146 1322 3201 sive
1365 3143 1637 3204 salutaris,
1705 3157 1826 3212 qua:

1896 641 2077 697 larum
2111 636 2376 691 Dominus
2435 634 2769 689 mentionem
2817 631 2967 698 fecit,
3005 641 3061 686 et
3110 631 3190 685 sic
3230 629 3444 686 addidit
3476 645 3488 680 :

1901 730 2027 785 Hec
2081 737 2260 782 autem
2313 735 2440 788 sunt
2487 741 2604 796 qua:
2647 725 2890 795 polluant
2925 724 3207 778 hominem.
3233 722 3492 777 Jumenta

1903 836 2032 892 ergo
2045 820 2326 874 immunda
2340 827 2470 873 sunt
2486 818 2540 872 hi
2564 817 2657 886 qui
2675 815 2976 870 immundis
3002 825 3056 869 et
3085 815 3497 874 terrenisactio-

1903 912 2065 966 nibus
2091 918 2463 979 occupantur;
2492 909 2556 962 ad
2574 916 2773 962 terram
2797 907 3112 972 intendunt,
3139 907 3494 975 quemadmo-

1905 1003 2033 1058 dum
2056 1002 2326 1070 iumenta.
2349 1000 2506 1057 Unde
2526 1010 2583 1055 et
2605 999 2966 1055 fornicatores
3017 1001 3138 1068 equi
3191 999 3496 1052 admissarii

1907 1093 2253 1163 appellantur
2291 1093 2361 1146 “.
2629 1147 2633 1151 ,
3066 1142 3068 1144 ,

1980 1185 2102 1240 Sive
2151 1184 2320 1238 omnis
2369 1184 2445 1237 rei
2505 1198 2622 1252 qua
2685 1181 2919 1250 polluere
2991 1189 3180 1248 potest.
3251 1179 3498 1245 Qnicuu-

1910 1293 2016 1347 que
2071 1279 2253 1332 omina
2315 1286 2372 1332 et
2418 1276 2809 1338 divinationes,
2871 1283 2926 1328 et
2976 1275 3350 1346 purgationes,
3411 1275 3497 1348 vel

1913 1371 2049 1436 dies,
2099 1381 2153 1425 ct
2227 1379 2473 1440 tempora
2523 1369 2860 1432 custodiunt,
2923 1368 3094 1422 multo
3154 1369 3326 1438 magis
3400 1382 3500 1420 au-

1917 1470 2023 1515 tem
2072 1461 2212 1530 magi
2269 1469 2324 1514 ct
2377 1458 2643 1523 veneﬁci,
2695 1456 3093 1513 abominabiles
3157 1468 3285 1512 sunt
3349 1457 3499 1511 enim

1915 1554 2058 1623 apud
2091 1551 2398 1605 Dominum.
2428 1548 2618 1605 Omnis
2645 1552 2736 1620 qui
2769 1550 2898 1606 facit
2926 1552 3062 1612 haec.
3091 1550 3318 1604 forsitan
3353 1550 3500 1603 enim

1916 1643 2287 1700 communicat
2316 1642 2439 1712 quis
2473 1643 2628 1697 malis
2670 1657 2858 1696 eorum
2900 1643 3163 1707 consiliis,
3205 1651 3298 1696 aut
3336 1641 3505 1695 actio-

1919 1737 2110 1800 nibus,
2174 1745 2228 1790 ct
2287 1735 2409 1798 hic,
2466 1741 2654 1804 utpote
2710 1735 3044 1804 prohibitam
3104 1734 3503 1789 immunditiam

1923 1840 2171 1901 tangens,
2209 1845 2316 1883 non
2351 1838 2531 1899 potest
2571 1844 2634 1881 ea
2673 1843 2794 1898 quas
2836 1828 2902 1882 ad
2939 1829 3170 1883 hostiam
3214 1828 3505 1883 salutarem

1923 1923 2006 1976 vel
2053 1921 2406 1992 paciﬁcorum
2452 1920 2730 1990 pertinent
2772 1921 3078 1981 comedere.
3113 1920 3228 1975 sive
3262 1921 3504 1992 cperari.

1923 1991 2063 2065 Cum
2097 2010 2243 2064 enim
2293 2010 2449 2064 nisus
2496 2008 2662 2063 fuerit
2696 2025 2758 2063 ea
2805 2025 2924 2080 qua:
2963 2011 3030 2064 ad
3068 1991 3298 2065 salutem
3335 2011 3505 2080 perti-

1925 2115 2060 2161 nent
2107 2121 2289 2177 agere,
2325 2113 2380 2159 et
2432 2105 2921 2158 communicaverit
2965 2105 3320 2175 operantibus
3369 2105 3510 2159 mala

1924 2211 1982 2254 et
2008 2213 2130 2268 qua:
2160 2199 2226 2252 ad
2258 2197 2621 2267 perditionem
2656 2197 2950 2267 pertinent,
2979 2197 3194 2266 peribit
3214 2197 3282 2251 de
3312 2196 3511 2267 populo

1925 2305 2048 2354 suo,
2080 2288 2134 2342 id
2173 2296 2276 2354 est,
2305 2287 2373 2342 de
2420 2287 2506 2342 his
2553 2287 2646 2358 qui
2696 2289 3001 2351 salvantur,
3035 2305 3162 2343 nam
3213 2300 3268 2344 et
3316 2290 3512 2344 alienis

1903 2381 2335 2437 communicare
2380 2380 2653 2450 peccatis,
2703 2380 3044 2435 mortiferum
3091 2387 3221 2434 est:
3263 2380 3408 2434 unde
3457 2388 3515 2434 et

1927 2473 2097 2529 David
2144 2473 2361 2528 dicebat
2393 2491 2406 2527 :
2441 2473 2510 2528 Et
2541 2474 2608 2526 ab
2644 2473 2834 2527 alicn's
2862 2491 3020 2542 parce
3047 2491 3193 2527 servo
3220 2483 3310 2526 tuo
3339 2473 3405 2526 ⁸⁵.
3448 2473 3514 2527 Et

1925 2564 2127 2623 Paulus
2158 2568 2448 2623 Timotheo
2471 2569 2734 2639 prtecepit
2763 2586 2777 2622 :
2807 2569 2994 2622 Manus
3027 2570 3129 2621 cito
3171 2568 3369 2622 nemini
3407 2568 3512 2620 im-

1923 2662 2197 2729 posueris,
2253 2677 2417 2730 neque
2472 2661 2942 2715 communicaveris
2998 2663 3224 2731 peccatis
3279 2661 3469 2716 alienis
3492 2700 3509 2726 ,

1929 2756 2259 2824 temetipsum
2291 2765 2490 2811 castum
2520 2756 2720 2808 custodi
2744 2755 2811 2808 “.

1998 2873 2164 2929 Vsus.
2202 2873 2394 2928 23-25.
2431 2894 2450 2926 ι
2485 2873 2832 2942 Locutusque
2861 2883 2946 2928 est
2974 2873 3240 2928 Dominus
3269 2874 3335 2928 ad
3369 2873 3512 2946 Moy-

1927 2982 2025 3021 sen
2056 2968 2245 3021 dicens
2278 2984 2292 3018 :
2325 2965 2574 3036 Loquere
2605 2966 2727 3020 ﬁliis
2770 2966 2953 3019 Israel.
2996 2966 3224 3036 Adipem
3250 2967 3424 3032 bovis,
3457 2976 3514 3022 et

1926 3061 2069 3125 ovis,
2102 3067 2158 3113 et
2190 3074 2369 3128 capra:
2413 3073 2522 3112 non
2571 3059 2870 3112 comedetis
2912 3076 2925 3111 :
2964 3059 3178 3128 adipem
3231 3061 3513 3116 cadaveris

1929 3151 2230 3217 morticini,
2265 3159 2319 3205 et
2362 3150 2482 3220 ejus
2529 3149 2787 3207 anii'uale.
2829 3155 2973 3218 quod
3018 3167 3048 3205 a
3076 3151 3250 3206 bestia
3293 3162 3510 3223 captum

243 3241 439 3296 oblatae
473 3249 600 3294 sunt
633 3239 881 3302 Domino,
913 3239 1282 3304 comedentes,
1307 3238 1398 3306 qui
1450 3236 1679 3290 virtutes
1707 3250 1827 3304 quae

1931 3254 2036 3306 est,
2073 3243 2343 3298 habebitis
2392 3243 2447 3296 in
2492 3258 2622 3296 usus
2668 3243 2869 3296 varios.
2903 3242 2958 3296 Si
2991 3243 3112 3311 quis
3151 3244 3389 3315 adipem.
3418 3248 3512 3315 qui

242 3350 274 3388 a
327 3333 434 3387 Deo
491 3331 862 3402 possidentur,
903 3346 1014 3385 non
1073 3331 1291 3385 virtutis
1352 3328 1675 3390 intentione,
1731 3327 1828 3381 sed

245 3424 619 3478 fraudulenter
646 3430 961 3492 operantur,
980 3432 1212 3492 pereunt
1239 3422 1307 3476 de
1353 3420 1555 3490 populo
1586 3435 1709 3484 suo,
1772 3427 1830 3472 ut

245 3532 355 3572 non
378 3517 492 3586 jam
528 3531 680 3579 oves,
715 3517 808 3571 sed
847 3516 961 3586 lupi
1016 3513 1372 3569 nominentur
1395 3521 1450 3567 et
1497 3523 1560 3567 ut
1598 3510 1832 3566 manife-

245 3620 389 3664 stum
428 3610 517 3674 sit,
539 3609 663 3677 quia
689 3609 755 3662 de
785 3623 946 3679 grege
969 3607 1177 3676 expulsi
1206 3615 1353 3660 sunt.
1382 3605 1705 3674 Quicunque
1735 3620 1832 3657 auo

246 3711 357 3758 tem
388 3712 537 3756 extra
572 3717 787 3773 gregem
838 3711 941 3765 est,
969 3700 1059 3755 hic
1093 3700 1145 3753 in
1176 3707 1330 3769 parte
1384 3697 1679 3752 bestiarum
1731 3696 1831 3751 de-

245 3803 510 3864 putatur:
547 3794 613 3847 Et
637 3795 728 3864 qui
773 3795 1000 3864 tetigerit
1044 3793 1441 3846 immunditiam
1482 3791 1707 3845 hominis
1753 3789 1834 3844 vel

239 3885 490 3951 jumenti,
523 3886 630 3938 sive
657 3885 824 3937 omnis
863 3885 940 3937 rei
961 3901 1078 3954 quae
1107 3885 1342 3954 polluere
1364 3893 1552 3952 potest,
1580 3891 1628 3936 et
1662 3898 1833 3935 come-

246 3977 380 4030 derit
418 3977 480 4029 de
531 3975 893 4044 hujuscemodi
935 3976 1203 4040 carnibus,
1243 3974 1478 4028 interibit
1519 3975 1583 4027 de
1628 3973 1832 4043 populis

244 4071 374 4124 suis.
427 4068 548 4124 Non
594 4084 724 4140 ergo
775 4069 1078 4139 quemlibet
1116 4069 1267 4122 illum
1311 4068 1656 4122 solummodo
1693 4066 1834 4122 mala

247 4163 514 4217 mundum
565 4178 687 4216 esse
729 4171 786 4217 et
832 4177 1021 4217 carere
1056 4162 1169 4216 vult
1203 4161 1423 4216 actione
1451 4161 1495 4216 si
1540 4161 1832 4214 salutarem

243 4255 363 4308 sive
391 4253 674 4323 paeiﬁcam
697 4264 956 4321 operatur
985 4251 1244 4315 hostiam,
1272 4258 1328 4304 et
1364 4249 1516 4319 cupii
1547 4248 1666 4316 ejus
1712 4263 1834 4303 esse

247 4345 547 4416 particeps,
565 4344 661 4399 sed
685 4352 745 4398 ut
768 4344 932 4398 etiam
956 4343 1024 4397 ab
1049 4342 1276 4396 alterius
1303 4341 1429 4395 mali
1447 4340 1834 4411 conjunctione

246 4435 544 4498 abstineat,
574 4433 689 4488 sive
727 4434 1086 4503 cogitationes
1131 4433 1252 4502 ejus
1304 4433 1418 4487 sive
1471 4448 1654 4501 opera.
1692 4431 1832 4486 mala

247 4529 379 4580 sint.
433 4523 570 4590 Quia
634 4523 781 4578 enim
854 4521 1135 4577 rationalis
1185 4530 1240 4576 et
1305 4521 1689 4575 intellectualis
1751 4528 1835 4573 est

249 4617 437 4683 homo,
466 4625 616 4671 recte
646 4616 1050 4671 immunditiam
1084 4615 1346 4676 hominis,
1404 4629 1525 4668 eam
1581 4629 1704 4682 qua:
1747 4621 1832 4666 est
1856 4602 1910 4664 υ

247 4711 303 4764 in
359 4710 626 4769 consiliis.
652 4718 708 4762 et
743 4708 1187 4779 cogitationibus,
1225 4707 1488 4761 malitiam
1548 4705 1833 4769 intellexit,

246 4805 394 4875 quod
433 4805 748 4859 manifestat
783 4813 838 4858 et
890 4804 1176 4870 Dominus,
1228 4803 1419 4857 dicens
1449 4821 1460 4855 :
1493 4801 1729 4856 Necdum
1757 4800 1839 4853 in-

252 4897 506 4968 telligitis,
546 4896 674 4966 quia
714 4913 866 4950 omne
893 4898 1032 4967 quod
1068 4897 1365 4966 ingreditur
1389 4896 1444 4947 in
1475 4911 1582 4958 ore,
1617 4894 1671 4947 in
1713 4909 1838 4946 ven-

202 4975 210 5003 "
249 4998 385 5043 trem
409 4986 582 5049 vadit,
609 4994 656 5039 et
681 4987 734 5038 in
759 5002 1016 5038 secessum
1040 4984 1342 5038 emittitur?
1367 4981 1446 5035 Ea
1495 4990 1671 5035 autem
1723 4996 1842 5050 quae

248 5079 589 5150 egrediuntur
613 5078 677 5130 de
720 5093 830 5140 ore,
862 5082 927 5130 de
964 5076 1118 5128 corde
1147 5083 1355 5136 exeunt,
1380 5082 1429 5127 et
1467 5073 1561 5126 illa
1595 5072 1835 5142 polluunt

246 5169 530 5225 hominem.
565 5166 641 5220 De
672 5168 824 5220 corde
860 5168 999 5220 enim
1044 5175 1234 5218 exeunt
1285 5165 1623 5232 cogitationes
1658 5162 1833 5227 malte,

245 5245 552 5326 homicidia,
577 5263 862 5326 adulteria,
894 5265 1062 5334 furta,
1091 5260 1228 5330 falsa
1253 5259 1571 5324 testimonia,
1593 5258 1834 5328 blasphe-

245 5361 369 5413 mia:
389 5359 474 5412 “1’
511 5357 627 5410 Non
689 5374 752 5412 ea
815 5373 934 5427 quae
968 5357 1022 5410 in
1070 5355 1284 5409 actione
1307 5361 1451 5416 sunt,
1484 5353 1673 5407 dicens
1696 5355 1835 5407 furta

244 5459 341 5504 aut
372 5449 656 5513 adulteria,
682 5459 777 5503 aut
823 5449 1234 5510 fernicationcs,
1264 5461 1388 5498 nam
1422 5443 1539 5499 h.rc
1561 5445 1836 5514 quomodo

245 5543 317 5600 de
349 5544 516 5598 corde
541 5542 778 5597 exeunt?
807 5543 903 5597 sed
937 5557 1000 5596 ea
1045 5555 1166 5609 qum
1198 5539 1252 5592 in
1307 5537 1728 5607 cogitationibus
1777 5546 1832 5592 et

241 5633 492 5689 consiliis
520 5643 668 5700 sunt,
695 5634 820 5703 quia
860 5634 976 5703 ipsa
1006 5631 1255 5686 maxima:
1296 5637 1422 5682 sunt
1470 5627 1831 5683 immunditia:

316 5853 358 5886 ⁸¹
395 5853 493 5906 lsa.
521 5869 661 5910 vat.
684 5853 737 5905 5.

243 5925 294 5959 ⁸⁸
321 5923 342 5980 l
375 5923 514 5980 Tim.
548 5940 601 5980 v.
632 5925 723 5976 2'2.

836 5850 880 5883 ⁸³
915 5851 1100 5906 Matth.
1121 5870 1218 5918 vit,
1262 5857 1344 5909 l3.

800 5923 841 5953 ⁸⁷
878 5923 1059 5976 l'liui.
1092 5942 1141 5987 v,
1173 5929 1223 5979 6.

1931 3339 2115 3394 oﬁerri
2149 3337 2310 3392 debet
2345 3337 2398 3390 in
2431 3337 2712 3391 incensum
2746 3336 2980 3402 Domini,
3018 3338 3340 3404 comederit,
3390 3353 3514 3408 per-

1933 3432 2033 3487 ibit
2058 3432 2125 3485 de
2154 3430 2355 3500 popqu
2381 3444 2502 3482 suo.
2533 3446 2552 3482 ι

2006 3521 2336 3577 Admiranda
2375 3528 2459 3575 est
2495 3518 2824 3588 legislatoris
2853 3527 3119 3588 sapientia
3157 3520 3518 3590 quemadmo-

1934 3615 2065 3670 dum
2090 3629 2186 3684 per
2207 3612 2496 3683 aenigmata
2521 3619 2579 3665 et
2607 3610 2895 3679 parabolas
2921 3610 3233 3665 iutroducat
3253 3612 3519 3681 subjectis

1936 3708 2111 3768 utilia,
2144 3713 2304 3760 caute
2351 3703 2590 3757 mandati
2643 3702 2990 3771 margaritam
3046 3703 3202 3770 quasi
3234 3703 3290 3757 in
3331 3718 3516 3772 peram

1934 3811 2272 3868 componens
2341 3793 2553 3848 litterae.
2632 3790 3000 3858 Quamobrem
3081 3794 3228 3847 enim
3303 3794 3519 3864 adipem

1936 3889 2122 3954 boum,
2159 3897 2214 3942 et
2261 3885 2470 3946 ovium,
2499 3892 2554 3938 et
2601 3899 2889 3954 caprarum
2929 3885 3144 3939 comedi
3178 3901 3286 3940 non
3315 3901 3520 3955 prmce-

1933 3982 2059 4051 pit:
2102 3992 2443 4048 quorumque
2486 3990 2684 4030 carnes
2734 3975 2969 4030 mundas
3015 3984 3068 4030 et
3121 3976 3340 4031 esibiles
3386 3978 3518 4032 dixit

1935 4084 2126 4125 eorum
2170 4066 2380 4122 comedi
2411 4065 2625 4134 adipem
2668 4065 2858 4128 vetuit,
2887 4081 2989 4118 nec
3033 4066 3152 4134 ejus
3189 4066 3280 4135 qui
3325 4081 3518 4134 cpera-

1935 4173 2027 4218 tur
2057 4161 2398 4223 mandatum,
2422 4157 2880 4228 quemadmodum
2911 4166 2995 4212 est
3024 4157 3144 4221 bos,
3178 4173 3279 4212 nec
3307 4160 3518 4229 simpli-

1935 4259 2035 4322 cis,
2057 4256 2150 4325 qui
2181 4265 2263 4309 est
2284 4253 2424 4318 ovis,
2462 4267 2566 4306 nec
2599 4267 2790 4305 eorum
2821 4250 2912 4320 qui
2942 4267 3042 4319 pro
3076 4251 3312 4319 peccatis
3341 4253 3521 4322 νωιιὶ-

1935 4348 2165 4404 tentiam
2198 4353 2386 4416 agunt,
2422 4359 2519 4413 per
2553 4358 2774 4412 capram
2810 4343 3010 4411 quippe
3053 4342 3431 4412 signiﬁcantur
3455 4360 3520 4400 ea

1935 4455 2056 4511 quae
2081 4453 2180 4509 pro
2213 4435 2454 4506 peccatis
2483 4443 2614 4489 sunt
2643 4434 2930 4496 sacriﬁcia,
2963 4449 3088 4489 cum
3123 4449 3340 4502 capram
3375 4452 3519 4505 ριάεο

1938 4531 2146 4602 ceperit
2190 4530 2246 4582 in
2296 4528 2382 4582 his
2427 4535 2523 4580 aut
2570 4525 2785 4578 hircum
2846 4525 3136 4591 immolari,
3180 4541 3284 4580 nec
3322 4527 3518 4581 horum

1935 4638 2065 4695 ergo
2092 4619 2344 4676 concedit
2370 4629 2430 4673 ut
2457 4617 2795 4672 desiderium
2821 4616 3213 4670 eomedamus?
3235 4618 3316 4671 Ad
3348 4619 3518 4672 Deum

1935 4717 2082 4772 enim
2119 4713 2252 4768 illud
2288 4711 2504 4772 referri.
2546 4720 2601 4764 et
2637 4710 2751 4764 Deo
2795 4708 2978 4762 ollerri
3023 4709 3202 4778 jubet,
3246 4721 3521 4779 quatenus

1935 4823 2047 4861 non
2081 4805 2152 4859 sit
2193 4803 2498 4857 secundum
2531 4799 2888 4854 intentionem
2920 4801 3239 4865 humanam,
3271 4803 3366 4856 sed
3410 4803 3521 4857 Deo

1938 4899 2038 4952 soli
2089 4894 2521 4963 uniuscujusque
2575 4891 2690 4956 rei,
2737 4907 2901 4960 quam
2954 4891 3079 4960 quis
3127 4908 3193 4945 ex
3246 4894 3566 4962 praedictis,

1938 4990 2268 5059 assequitur,
2310 4985 2643 5040 desiderium
2689 4985 2969 5038 olleratur.
3009 4984 3274 5039 Similiter
3322 5003 3519 5054 pecca-

1943 5091 2123 5136 torum
2149 5078 2507 5140 desiderium,
2539 5076 2684 5147 quod
2718 5092 2813 5146 per
2847 5075 3130 5130 morticina
3183 5086 3237 5132 ct
3266 5093 3294 5131 a
3326 5078 3520 5133 bestiis

1940 5181 2099 5241 capta
2155 5169 2540 5240 signiﬁcatur:
2582 5183 2682 5237 per
2727 5167 3012 5221 morticina
3061 5168 3279 5235 quidem
3332 5177 3519 5237 utpote

1939 5265 2035 5335 qui
2069 5264 2348 5334 elegerunt
2387 5276 2485 5331 per
2523 5261 2785 5331 quasdam
2820 5261 3188 5328 impudicitias
3219 5271 3274 5313 et
3305 5277 3400 5329 per
3430 5278 3522 5315 su-

1941 5356 2188 5427 perbiam
2229 5354 2435 5424 peccati
2467 5365 2732 5414 mortem.
2773 5352 2926 5417 Quod
2973 5353 3166 5422 probat
3206 5351 3404 5406 Paulus
3452 5354 3520 5406 de

1940 5450 2121 5504 viduis
2150 5448 2228 5502 sic
2257 5448 2446 5502 dicens
2488 5465 2500 5500 :
2533 5446 2662 5511 Quae
2705 5447 2842 5499 enim
2887 5446 2942 5498 in
2990 5445 3188 5498 deliciis
3223 5454 3296 5497 est
3335 5447 3517 5510 vidua,

1939 5544 2114 5596 vivens
2161 5551 2370 5594 mortua
2413 5550 2488 5594 est
2519 5540 2585 5593 ".
2619 5538 2723 5592 Per
2769 5553 2830 5592 ea
2879 5548 3058 5591 autem
3100 5552 3222 5606 qua:
3261 5553 3290 5590 a
3331 5537 3522 5591 bestiis

1937 5641 2097 5703 capta
2139 5642 2308 5700 sunt,
2360 5633 2743 5704 intelliguntur
2801 5631 2856 5685 hi
2909 5631 3023 5701 qui,
3057 5631 3186 5684 dum
3239 5629 3524 5700 negligunt

1427 5859 1474 5891 ⁸⁸
1525 5857 1714 5914 Matth.
1789 5876 1898 5927 xv,
1957 5859 2139 5916 l'i-lO.
2217 5860 2264 5894 "
2292 5858 2458 5914 Eccli.
2532 5873 2695 5912 xxxiii
2730 5895 2744 5923 ,
2799 5854 2852 5909 6.
2929 5855 2975 5886 ⁸⁸
3024 5853 3162 5908 Psal.
3197 5867 3377 5917 xvut,
3435 5851 3521 5910 il.
