4218 6450
718 425 822 490 86³1

1919 418 2280 476 llESYClIIl
2319 417 2791 476 PRESBYTERI

3876 408 3990 476 εδδ

716 535 986 591 cautelam
1036 549 1190 587 suam
1235 542 1288 584 ει
1356 528 1684 593 custodiam,
1737 529 1990 597 captivati
2041 539 2189 590 sunt,
2229 528 2298 582 ab
2326 535 2370 590 Α
2401 545 2526 598 pem
2564 530 2778 593 hostiae,
2819 539 2873 583 et
2905 529 3302 599 pectusculum.
3332 528 3578 597 Cumque
3610 527 3770 580 ambo
3802 528 3990 580 oblata

718 628 1151 698 intelligibilibus
1198 625 1390 678 bestiis
1436 622 1816 691 comprehensi
1867 639 1878 672 :
1914 623 2057 688 quod
2094 631 2152 672 ut
2183 636 2296 674 non

717 722 1004 782 faciamus,
1038 735 1231 772 rursus
1260 717 1454 771 I’etrus
1487 719 1560 770 ait
1596 736 1608 769 :
1643 716 1816 770 Sobrii
1854 725 2032 775 estote,
2060 714 2296 782 vigilate,

719 812 1053 863 aduersarius
1098 811 1236 861 enim
1285 819 1452 860 vester
1491 807 1751 864 diabolus,
1791 807 1922 856 sicut
1967 804 2047 856 leo
2089 806 2300 873 rugiens

719 904 929 963 circuit,
961 917 1200 970 qua-rens
1227 916 1381 968 quem
1424 902 1630 950 devoret
1654 898 1718 948 ⁸⁸.
1751 895 1994 960 Quorum
2021 910 2134 947 non
2167 911 2299 949 con-

721 996 1095 1061 ceditadipem
1118 994 1330 1045 comedi
1355 1009 1368 1044 ;
1397 993 1617 1044 noxium
1644 991 1788 1042 enim
1811 1000 1899 1044 est
1921 990 2078 1042 nobis
2105 989 2300 1043 borum

719 1088 1008 1140 desideriis
1041 1088 1140 1138 uti.
1170 1086 1274 1137 Sed
1311 1100 1411 1136 nec
1449 1084 1557 1135 Deo
1590 1099 1653 1135 ea
1681 1084 1836 1149 jubet
1859 1081 2064 1140 olIerri,
2098 1082 2301 1132 deside-

719 1181 858 1231 rium
887 1179 1025 1229 enim
1055 1188 1386 1243 peccatorum
1410 1176 1598 1242 peribit
1621 1175 1687 1225 ⁸⁵.
1713 1174 1817 1226 Sed
1857 1173 1984 1241 quid
2010 1170 2302 1239 praecepit?

797 1269 1066 1321 llabebitis
1098 1270 1152 1319 in
1178 1284 1300 1320 usus
1330 1269 1525 1319 turios.
1561 1265 1894 1318 Transferre
1919 1279 2048 1333 ergo
2070 1263 2200 1315 illud
2235 1263 2301 1314 ad

720 1360 978 1410 virtutem
1024 1357 1310 1418 debemus,
1347 1368 1404 1408 ut
1453 1358 1519 1408 ad
1565 1356 1899 1416 castitatem,
1937 1363 2031 1406 aut
2060 1353 2125 1406 ad
2155 1353 2302 1406 elee-

723 1466 1020 1519 Illibjllalll,
1067 1459 1159 1501 aut
1206 1450 1271 1500 ad
1322 1447 1612 1516 justitiam,
1664 1455 1758 1499 aut
1806 1445 1874 1498 ad
1921 1459 2301 1512 quamcunque

723 1543 964 1610 speciem
1004 1543 1156 1593 bona:
1193 1540 1528 1607 Operationis
1572 1540 1764 1591 borum
1811 1536 2138 1589 desiderium
2173 1550 2305 1587 cou-

724 1643 1020 1696 tertamus,
1069 1633 1411 1684 resolventes
1461 1631 1612 1690 illud,
1659 1639 1714 1681 et
1763 1629 1818 1680 in
1868 1630 2035 1680 alium
2081 1627 2302 1680 modum

725 1725 1058 1778 derixanles.
1108 1723 1220 1776 IIoc
1259 1725 1405 1776 enim
1443 1729 1547 1783 est,
1578 1721 1830 1772 habebitis
1866 1721 1920 1771 in
1949 1735 2073 1772 usus
2105 1723 2300 1771 varios.

725 1815 860 1880 Quia
900 1825 954 1868 ct
987 1815 1172 1882 adeps,
1207 1817 1248 1866 si
1299 1816 1362 1865 ad
1408 1813 1642 1880 aliquam
1686 1811 1975 1862 utilitatem
2015 1809 2304 1877 cujuslibet

719 1907 1046 1959 conﬁciendi
1079 1907 1261 1974 operis
1292 1903 1634 1958 necessarius
1670 1912 1772 1966 est,
1802 1902 2108 1955 subtilLatur
2142 1911 2303 1970 atque

727 1999 1035 2053 resoliitur.

885 2092 1000 2154 quis
1036 2089 1243 2153 adipem
1289 2085 1378 2153 qui
1415 2085 1590 2152 oﬂ'erri
1623 2085 1769 2136 debet
1809 2085 1863 2135 iu
1904 2086 2167 2136 incensum
2202 2083 2306 2136 Do-

727 2181 856 2231 mini
894 2182 1192 2242 comederit,
1230 2179 1417 2246 peribit
1468 2179 1532 2229 de
1573 2176 1763 2244 populo
1795 2192 1910 2229 suo.
1945 2176 2110 2230 Recte
2144 2177 2306 2244 perit,

728 2269 982 2323 videlicet
1030 2284 1251 2337 cogens,
1300 2278 1394 2321 aut
1441 2267 1547 2319 alio
1602 2267 1763 2319 modo
1814 2266 2050 2319 suadens
2104 2267 2176 2327 ei,
2214 2268 2306 2334 qui

727 2377 1081 2434 semetipsum
1113 2364 1310 2417 obtulit
1341 2362 1472 2422 Deo,
1506 2376 1613 2413 non
1644 2359 1712 2413 ad
1747 2375 2046 2429 supernum
2090 2361 2308 2414 oculum

729 2459 1058 2511 desiderium
1098 2457 1320 2517 habere,
1352 2455 1448 2507 sed
1483 2454 1548 2507 ad
1586 2453 1908 2522 placendum
1937 2453 2063 2505 sibi.

802 2548 962 2601 Vens.
997 2548 1088 2610 26,
1120 2549 1210 2600 27.
1259 2565 1277 2596 ι
1324 2545 1659 2613 Sanguinem
1708 2559 1923 2614 quoque
1975 2543 2154 2597 omnis
2196 2544 2313 2596 ani-

730 2641 890 2692 malis
920 2656 1028 2692 non
1061 2638 1290 2691 sumctis
1320 2637 1370 2688 in
1403 2639 1548 2698 cibo,
1580 2646 1686 2689 tam
1719 2638 1786 2690 de
1814 2636 2027 2699 avibus,
2055 2650 2214 2703 quam
2246 2636 2312 2689 de

732 2732 1045 2800 pecoribus.
1108 2729 1300 2781 Umnis
1352 2729 1534 2780 anima
1588 2744 1707 2796 qua:
1738 2729 1913 2782 ederit
1972 2728 2309 2797 sanguinem,

735 2824 936 2892 peribit
967 2825 1032 2875 dc
1065 2821 1280 2890 populis
1311 2821 1447 2872 suis.
1481 2839 1498 2869 ι

806 2917 941 2980 Quia
985 2913 1305 2982 sanguinem
1347 2913 1583 2964 animam
1617 2910 1731 2964 vult
1763 2909 2012 2980 intelligi,
2045 2909 2318 2964 sufﬁcien-

736 3015 816 3061 ter
846 3007 1096 3075 superius
1122 3007 1556 3058 demonstratum
1597 3013 1698 3056 est.
1745 3001 1864 3056 Vult
1895 3018 2026 3073 ergo
2059 3003 2314 3056 virtutem

735 3109 838 3148 nos
864 3095 1078 3162 assequi
1112 3093 1336 3146 alterum
1359 3092 1668 3146 dilectionis
1698 3111 1711 3144 :
1738 3102 1794 3146 et
1821 3108 1996 3162 neque
2021 3093 2314 3162 justorum,

735 3199 966 3252 quorum
1019 3183 1120 3235 hoc
1149 3183 1292 3247 loco,
1341 3190 1565 3251 propter
1603 3182 1854 3236 altiorem
1899 3185 2156 3248 volatum,
2190 3199 2318 3237 con-

739 3276 1106 3330 versationem
1139 3273 1482 3343 signiﬁcavit,
1515 3290 1695 3343 neque
1724 3286 2093 3344 peccatorum,
2121 3276 2319 3344 quibus

741 3382 1000 3437 pecorum
1025 3365 1337 3433 appellatio,
1365 3379 1464 3433 pro
1491 3381 1556 3417 eo
1583 3366 1726 3433 quod
1757 3366 1820 3418 ad
1849 3365 2108 3419 inferiora
2140 3365 2323 3418 inten-

740 3460 899 3519 dunt,
929 3456 1186 3511 convenit
1231 3456 1520 3508 comedere
1574 3457 1918 3525 sanguinem,
1964 3457 2015 3510 id
2060 3465 2144 3510 est
2189 3458 2325 3510 nihil

739 3550 808 3608 ad
861 3564 1049 3603 eorum
1107 3549 1319 3615 Operari
1387 3556 1637 3600 mortem.
1699 3548 1854 3613 Quod
1927 3558 2132 3613 autem,
2187 3549 2327 3603 sicut

741 3639 914 3712 edunt
960 3637 1124 3704 LXX,
1173 3640 1277 3693 hoc
1328 3655 1438 3692 non
1499 3639 1727 3694 ﬁeriin
1785 3640 1929 3692 omni
1989 3641 2326 3696 habitatione

745 3730 1025 3800 prmccpit,
1073 3746 1168 3798 per
1224 3729 1611 3793 habitationes,
1665 3729 1984 3784 dill‘ercntcs
2033 3747 2327 3784 conversa-

748 3823 924 3877 tioncs
970 3821 1170 3875 innuit.
1208 3821 1437 3890 Propter
1467 3823 1610 3891 quod
1658 3832 1872 3891 Oportet
1899 3839 1928 3875 a
1962 3824 2163 3876 malitia
2195 3841 2332 3878 con-

749 3923 830 3968 tra
883 3914 1213 3982 proximum,
1270 3923 1376 3966 tam
1431 3914 1736 3967 sublimiter
1795 3914 2118 3983 sapientem,
2169 3932 2326 3983 quam

747 4003 1116 4067 mediocriter,
1149 4003 1230 4057 vel
1267 4004 1475 4056 nullum
1523 4003 1809 4071 sapientiae
1845 4005 2080 4057 studium
2125 4005 2331 4058 haben-

750 4104 879 4160 tem,
913 4105 966 4149 ct
999 4105 1058 4149 ut
1086 4097 1295 4150 dicatur
1342 4097 1598 4158 breviter,
1641 4104 1695 4149 et
1733 4097 1940 4165 justum
1987 4097 2055 4149 ab
2098 4113 2183 4161 ea,
2212 4115 2332 4166 qua:

740 4196 833 4259 ost
869 4195 1054 4239 contra
1103 4196 1466 4254 peccatorum,
1506 4195 1558 4239 ct
1612 4196 1954 4255 peccator-cm
2001 4187 2070 4240 ab
2111 4203 2173 4240 ea
2213 4205 2331 4257 qua:

751 4293 874 4331 csse
931 4287 1106 4346 potest
1155 4289 1344 4332 contra
1404 4281 1635 4348 justum,
1669 4280 1948 4332 abstinere
2000 4280 2224 4345 malitia,
2277 4291 2334 4335 ut

754 4371 930 4423 nullas
973 4371 1047 4423 illi
1086 4372 1340 4423 moliatur
1386 4370 1632 4432 insidias,
1683 4371 1882 4430 sciens.
1925 4371 2050 4440 quia
2111 4374 2164 4424 in
2207 4388 2333 4426 san-

753 4463 971 4530 guinein
1025 4472 1231 4530 peccat,
1268 4471 1322 4516 et
1369 4465 1688 4532 sanguinem
1745 4463 2036 4517 comedere
2083 4481 2207 4517 eum
2254 4464 2334 4517 le-

2402 620 2632 674 Domino
2669 620 3091 683 consecraverit,
3127 620 3303 674 tradet
3333 619 3625 681 sacerdoti,
3661 617 3754 685 qui
3792 617 3992 669 adole-

2401 712 2480 766 bit
2519 713 2736 782 adipem
2790 729 2954 782 super
3001 714 3212 767 altare:
3243 711 3618 781 pcetusculum
3661 719 3846 762 autem
3879 708 3993 760 erit

2399 804 2605 868 Aaron,
2640 815 2696 859 et
2740 804 2974 858 ﬁliorum
3023 806 3164 872 ejus,
3205 819 3390 856 armus
3435 818 3651 872 quoque
3689 801 3884 854 dexter
3919 800 3992 851 de

2401 898 2753 966 paciﬁcorum
2804 899 2999 952 hostiis
3043 899 3187 951 cadit
3238 899 3294 950 in
3345 895 3601 965 primitiis
3657 891 3987 947 sacerdotis.

2401 987 2505 1053 Qui
2536 990 2796 1042 obtulerit
2834 992 3156 1060 sanguinem
3198 999 3255 1042 et
3292 990 3506 1055 adipem
3535 987 3770 1039 ﬁliorum
3800 986 3990 1036 Aaron

2404 1080 2519 1148 ipse
2557 1080 2781 1133 habebit
2824 1089 2878 1133 ct
2923 1095 3134 1132 armum
3172 1079 3422 1132 dextrum
3456 1078 3508 1128 in
3544 1075 3791 1145 portione
3837 1087 3937 1125 sua
3976 1088 3991 1122 :

2403 1171 2778 1239 pectusculum
2805 1173 2954 1223 enim
2984 1171 3256 1233 elationis,
3293 1178 3346 1221 et
3375 1183 3584 1221 armum
3624 1165 3995 1236 separationis

2405 1264 2501 1316 tuli
2552 1280 2582 1316 a
2629 1263 2755 1318 ﬁliis
2802 1263 2988 1324 Israel,
3038 1278 3103 1315 ex
3156 1262 3349 1315 hostiis
3387 1275 3576 1314 eorum
3630 1258 3896 1327 paciﬁcis,
3938 1265 3994 1308 ct

2403 1360 2527 1413 dedi
2559 1359 2739 1412 Aaron
2780 1358 3067 1418 sacerdoti,
3107 1372 3170 1409 ac
3214 1356 3337 1408 ﬁliis
3377 1355 3497 1423 cjus
3548 1355 3662 1422 lege
3700 1359 3991 1420 perpetua,

2403 1453 2473 1506 ab
2501 1454 2651 1505 omni
2683 1451 2886 1520 p0pulo
2918 1449 3104 1503 Israel.
3147 1467 3164 1498 ι

2476 1543 2616 1596 \‘cre
2663 1544 2756 1612 qui
2815 1544 2986 1612 legem
3043 1541 3138 1594 Dei
3191 1539 3485 1594 meditatur
3543 1546 3704 1590 nocte
3763 1543 3818 1587 ct
3880 1534 3992 1596 dic,

2405 1637 2609 1706 lignum
2642 1645 2726 1688 cst
2761 1635 3061 1702 plantatum
3107 1648 3266 1686 secus
3308 1633 3570 1683 decursus
3603 1642 3896 1696 aquarum,
3935 1635 3996 1676 ut

2405 1727 2492 1780 det
2529 1725 2767 1779 fructum
2809 1726 2862 1778 in
2896 1734 3140 1793 tempore
3172 1738 3272 1775 suo
3306 1720 3656 1774 meditatione
3701 1718 3994 1786 irrigatum

2407 1817 2572 1887 legis,
2615 1833 2737 1886 qua:
2786 1827 2844 1870 ut
2897 1831 3005 1869 non
3060 1815 3222 1867 faciat
3267 1813 3575 1872 fastidium,
3621 1823 3722 1862 nec
3775 1807 4001 1861 deﬁciat

2408 1910 2614 1979 legens,
2671 1911 2844 1963 variat
2898 1909 3256 1969 sanctionem,
3301 1905 3622 1959 diﬁerenter
3678 1904 3744 1955 de
3800 1900 3999 1953 iisdem

2409 2000 2739 2070 pra-cipieus
2767 2001 2834 2052 κ.
2891 1999 3004 2053 Hoc
3052 2008 3233 2051 autem
3290 1997 3490 2050 divinae
3545 2005 3628 2047 est
3684 1992 4000 2061 sapientiae,

2408 2107 2530 2159 quae
2577 2090 2630 2142 in
2678 2090 2825 2144 omni
2870 2090 3034 2143 etiam
3075 2089 3360 2158 disciplina
3398 2089 3498 2141 hoc
3529 2096 3811 2155 operatur.
3859 2084 4000 2138 Nam

2411 2199 2537 2238 ecce
2567 2192 2623 2236 et
2656 2182 2985 2236 medicinam
3021 2181 3270 2234 invenies
3306 2179 3480 2232 morbi
3517 2189 3784 2247 tempore,
3825 2175 4001 2229 multa

2411 2275 2794 2344 praeferentem
2835 2274 3253 2333 medicamenta,
3289 2272 3460 2325 multo
3501 2271 3670 2339 magis
3706 2280 3756 2322 et
3796 2269 3851 2320 in
3897 2268 4004 2322 hoc

2410 2367 2554 2436 quod
2579 2368 2779 2420 anima:
2807 2365 3110 2434 profectum
3133 2375 3188 2419 et
3211 2365 3496 2418 sanitatem
3520 2372 3760 2430 pra-stat.
3790 2360 4002 2425 Quam-

2412 2461 2603 2514 obrem
2632 2460 2890 2512 virtutem
2923 2458 3086 2526 hujus
3117 2457 3463 2510 intendamus
3496 2454 3819 2508 sanctionis.

2484 2552 2711 2605 Locutus
2759 2562 2832 2604 est
2878 2550 3136 2603 Dominus
3177 2550 3246 2600 ad
3279 2549 3488 2616 Moysen
3515 2549 3690 2599 dicens
3713 2562 3731 2599 :
3767 2546 4006 2611 Loquere

2414 2642 2540 2710 ﬁliis
2573 2642 2763 2695 Israel.
2808 2641 2864 2694 In
2901 2657 3010 2709 quo
3053 2641 3171 2694 loco
3219 2639 3361 2692 LXX
3398 2640 3686 2693 edderunt
3723 2655 3736 2689 :
3773 2637 3844 2689 Et
3875 2636 4007 2704 ﬁliis

2417 2732 2590 2788 Israel
2638 2735 2885 2803 loqueris,
2913 2736 3110 2786 dicens.
3143 2733 3262 2785 Non
3312 2748 3442 2800 ergo
3492 2731 3692 2784 frustra
3743 2731 4008 2798 superius

2414 2827 2671 2889 diximus,
2706 2828 2830 2895 quia
2877 2827 2945 2878 ad
2991 2826 3250 2895 p0pulum
3303 2824 3544 2893 gentium
3607 2837 3670 2875 ea
3709 2838 3834 2889 qum
3871 2831 4008 2874 tunc

2417 2913 2563 2966 dicta
2609 2923 2737 2966 sunt
2787 2914 3021 2967 maxime
3076 2914 3458 2982 pertinebant,
3507 2913 3669 2980 hujus
3721 2912 3870 2964 enim
3929 2910 4010 2962 rei

2418 3004 2696 3074 legislator
2740 3020 2970 3068 memor,
3004 3021 3114 3058 non
3154 3005 3294 3058 dixit
3337 3020 3484 3058 nunc
3525 3004 3830 3057 secundum
3868 3002 4009 3055 LXX

2419 3097 2715 3150 editionem
2750 3114 2762 3148 :
2790 3094 3025 3165 Loquere
3050 3096 3176 3164 ﬁliis
3197 3095 3400 3157 Israel;
3424 3096 3543 3157 sed,
3570 3106 3616 3148 et
3646 3094 3766 3147 ﬁliis
3793 3093 3974 3146 Israel
3994 3109 4012 3146 :

2423 3188 2528 3242 hoc
2551 3187 2870 3253 ostendens,
2903 3189 3029 3257 quia
3069 3203 3179 3241 non
3213 3187 3388 3240 solum
3429 3188 3531 3250 eis,
3574 3185 3669 3239 sed
3701 3193 3758 3238 et
3789 3184 3900 3237 illis
3930 3183 4014 3236 lo-

2425 3289 2642 3348 quatur,
2670 3280 2764 3348 qui
2811 3288 2942 3332 sunt
2984 3295 3048 3332 cx
3096 3279 3367 3348 gentibus,
3401 3277 3709 3332 communis
3746 3276 3896 3328 enim
3934 3274 4019 3329 eis

2427 3374 2539 3425 hinc
2577 3380 2663 3425 est
2693 3372 2995 3425 secundum
3030 3371 3284 3441 spiritum
3313 3370 3419 3423 lex.
3443 3368 3583 3434 Quid
3611 3378 3794 3422 autem
3827 3367 3946 3420 ait?

2496 3460 2598 3525 Qui
2628 3463 2804 3531 offeret
2845 3463 3116 3515 uictimam
3159 3460 3497 3529 pociﬁcorum
3534 3459 3782 3520 Domino,
3829 3459 4020 3527 olferat

2426 3552 2585 3604 simul
2633 3563 2682 3605 et
2728 3553 3069 3620 sacriﬁcium,
3095 3553 3150 3603 id
3187 3561 3282 3613 est,
3320 3561 3371 3603 et
3406 3550 3695 3602 libamenta
3727 3549 3868 3616 ejus.
3917 3547 4022 3601 Sc-

2427 3645 2666 3698 euudum
2706 3642 2845 3696 LXX
2876 3654 3060 3697 autem
3105 3642 3378 3711 :Oﬂ'erens
3420 3641 3737 3709 sacriﬁcium
3778 3639 4025 3692 salutare

2431 3736 2686 3798 Domino,
2733 3736 2910 3804 offeret
2958 3752 3147 3788 munus
3193 3751 3348 3786 suum
3401 3733 3625 3787 Domino
3657 3733 3720 3785 de
3753 3731 4025 3798 sacrificio

2427 3827 2656 3880 salutari
2681 3829 2815 3897 ejus.
2842 3828 2906 3881 Et
2923 3843 3086 3897 quam
3109 3827 3216 3881 hoc
3244 3827 3764 3896 interpretationem
3793 3825 4024 3883 habeat.

2431 3919 2748 3974 manifestat
2776 3921 2935 3990 plane
2964 3922 3108 3990 quod
3138 3921 3405 3989 sequitur.
3646 3901 3652 3906 ”

2502 4010 2710 4064 Tenebit
2753 4013 2995 4065 manibus
3037 4012 3246 4081 adipem
3285 4012 3489 4065 hostia.
3522 4009 3618 4064 Vel
3647 4011 3792 4064 sicut
3831 4009 3976 4064 LXX
4014 4028 4024 4061 :

2431 4099 2618 4152 Manus
2642 4099 2757 4165 ejus
2778 4100 2989 4168 offerent
3005 4109 3126 4153 exta
3150 4101 3396 4164 Domino,
3423 4099 3476 4154 id
3495 4109 3599 4160 est,
3629 4101 3813 4168 ipsum
3830 4115 4031 4168 quem-

2433 4190 2578 4257 piam
2611 4200 2829 4258 oportet
2860 4205 2925 4244 ea
2958 4206 3079 4260 qua:
3118 4191 3186 4245 ad
3225 4191 3471 4260 paciﬁca,
3505 4191 3591 4244 vel
3625 4191 3862 4243 salutem
3898 4205 4029 4258 per-

2437 4279 2610 4332 tinent
2657 4281 2896 4348 operari,
2941 4290 3128 4350 utpote
3181 4281 3276 4350 qui
3332 4280 3558 4335 alterius
3613 4280 3820 4342 studio,
3861 4282 4030 4333 amici

2435 4369 2612 4435 forte,
2654 4382 2749 4426 aut
2786 4375 3038 4444 cognati,
3087 4375 3282 4428 salvari
3337 4389 3446 4428 non
3499 4381 3700 4443 potest.
3740 4373 4030 4437 Quemad-

2437 4463 2659 4515 modum
2694 4463 2813 4518 haec
2847 4465 3106 4534 iniquitas
3137 4466 3310 4534 iniqui
3345 4481 3512 4533 super
3544 4480 3670 4518 eum
3699 4465 3829 4530 erit,
3867 4467 3953 4518 sic
3979 4477 4034 4518 ct

754 4555 978 4623 gislator
1010 4556 1235 4622 judicat,
1268 4563 1322 4608 et
1367 4556 1567 4623 peribit
1620 4556 1799 4608 anima
1849 4556 1964 4609 hinc
2005 4555 2072 4609 de
2121 4556 2334 4625 populis
2367 4597 2409 4654 Β
2432 4553 2638 4621 justitia
2663 4556 2796 4623 justi
2824 4572 2991 4625 super
3018 4572 3144 4610 eum
3169 4557 3292 4611 erit.
3320 4555 3607 4619 Quomodo
3645 4565 3774 4621 ante
3802 4565 4030 4624 oportet

756 4647 904 4711 suis,
957 4664 1054 4717 pro
1108 4663 1174 4700 eo
1225 4648 1368 4716 quod
1426 4649 1786 4702 intentionem
1839 4649 2030 4702 habuit
2075 4651 2333 4719 perdendi

757 4738 1008 4808 proximi.
1063 4737 1292 4808 Insuper
1335 4749 1391 4793 et
1436 4740 1540 4794 hoc
1586 4740 1831 4804 intende,
1876 4741 1969 4809 qui
2011 4756 2074 4794 ea
2115 4758 2235 4811 quae
2271 4743 2339 4798 de

759 4829 1049 4900 prohibitis
1083 4831 1219 4885 cibis
1247 4840 1351 4894 est,
1386 4839 1440 4884 et
1472 4842 1620 4886 tactu
1649 4833 2077 4895 immundorum,
2106 4834 2341 4887 sanctio-

759 4935 885 4975 nem
931 4913 1214 4974 insinuans
1257 4921 1473 4985 animaa,
1515 4921 1598 4974 lex
1636 4921 1970 4975 mentionem
2008 4922 2135 4976 facit
2170 4940 2182 4974 :
2214 4922 2341 4990 quia

761 5010 998 5066 maxime
1044 5025 1109 5063 ex
1155 5009 1410 5079 gentibus
1450 5010 1678 5079 populo,
1711 5012 1868 5080 cujus
1906 5026 2026 5064 esse
2069 5011 2342 5080 signiﬁca-

765 5105 969 5159 tionem
1017 5105 1307 5157 animalem
1362 5104 1635 5158 hominem
1686 5101 2182 5164 manifestavimus,
2228 5119 2346 5156 nios

763 5206 847 5250 est
883 5195 1138 5248 omnibus
1177 5193 1363 5248 vetitis
1401 5193 1566 5262 pollui
1615 5193 1947 5257 actionibus,
1982 5209 2013 5245 a
2053 5193 2251 5261 quibus
2286 5191 2350 5243 il-

764 5285 877 5340 lum
907 5287 1166 5338 recedere
1197 5282 1474 5352 praecepit.

844 5395 1002 5452 Vsus.
1033 5395 1225 5450 28-54.
1273 5413 1291 5445 α
1324 5393 1562 5448 Locutus
1595 5404 1680 5450 est
1716 5394 1982 5450 Dominus
2026 5394 2092 5448 ad
2135 5393 2352 5464 Moysen

765 5490 954 5546 dicens
986 5507 998 5541 :
1033 5489 1278 5557 Loquere
1309 5486 1432 5541 ﬁliis
1469 5487 1630 5541 |srael
1661 5507 1674 5541 :
1704 5488 1809 5553 Qui
1837 5489 2032 5542 oll'eret
2066 5488 2342 5541 victimam

767 5580 1116 5651 paciﬁcorum
1166 5577 1418 5642 Domino,
1453 5579 1645 5632 oﬁ'erat
1689 5580 1851 5632 simul
1904 5589 1959 5633 et
1997 5578 2345 5644 sacriﬁcium,

772 5671 822 5725 id
863 5680 947 5725 est
975 5677 1030 5724 et
1061 5667 1353 5721 libamenta
1399 5668 1536 5736 ejus,
1577 5669 1891 5738 tenebitque
1936 5668 2188 5722 manibus
2229 5666 2350 5721 adi-

840 5868 886 5905 ⁶³
917 5870 932 5925 I
963 5872 1106 5929 Petr.
1153 5893 1206 5943 γ,
1247 5875 1298 5928 8.
1378 5871 1420 5902 ⁸’⁵
1451 5870 1592 5925 l‘sal.
1631 5885 1733 5937 cxi,
1796 5868 1882 5924 l0.
1957 5867 2003 5898 ’°
2027 5867 2166 5924 Psal.
2201 5866 2241 5934 Ι,
2295 5866 2348 5918 5-

2437 4645 2670 4698 bostiam
2709 4646 3014 4700 celebrari?

2508 4736 2716 4790 Tenebit
2767 4739 3008 4790 manibus
3056 4739 3264 4806 adipem
3312 4737 3495 4790 hostile
3537 4747 3584 4790 et
3639 4737 4029 4804 pectusculum.

2437 4826 2532 4881 Vel
2579 4829 2881 4882 secundum
2923 4827 3060 4881 LXX
3093 4845 3106 4879 :
3137 4827 3326 4898 Oﬂ'eret
3372 4830 3583 4896 adipem
3619 4829 3708 4897 qui
3749 4839 3828 4880 es!
3871 4844 4036 4896 super

2437 4920 2815 4988 pectusculum,
2849 4929 2898 4972 et
2933 4922 3147 4988 pinnam
3176 4921 3393 4990 jecoris,
3423 4932 3471 4974 et
3503 4921 3680 4989 oﬂ'eret
3710 4936 3795 4984 ea,
3837 4931 3896 4972 ut
3937 4924 4040 4973 im-

2438 5021 2668 5080 ponatur
2701 5012 2756 5063 in
2789 5024 3066 5080 conspectu
3102 5012 3336 5066 Domini.
3371 5011 3753 5066 Pectusculum
3792 5011 4041 5080 appellat

2443 5100 2606 5155 ﬁdem
2650 5113 2707 5157 et
2749 5099 3158 5168 conﬁdentiam,
3187 5104 3323 5172 quia
3368 5105 3485 5157 haec
3531 5103 3842 5157 fortitudini
3900 5119 4043 5157 con-

2443 5193 2631 5262 juncta
2680 5206 2827 5249 sunt.
2867 5194 3154 5251 Fortitudo
3204 5204 3384 5249 autem
3441 5195 3714 5257 animalis,
3757 5194 4042 5262 perfectos

2448 5285 2736 5355 designare
2780 5287 2938 5351 solet,
2969 5302 3094 5341 nam
3132 5297 3185 5341 ct
3225 5287 3490 5341 Dominus
3521 5287 3587 5339 ad
3622 5285 3725 5338 Job
3752 5287 3827 5338 ita
3863 5287 4047 5355 loqui-

2455 5387 2562 5433 tur.
2605 5377 2858 5449 Nunquid
2903 5379 3154 5449 pra-bebis
3198 5394 3327 5447 equo
3368 5379 3754 5448 fortitudinem.
3790 5386 3892 5428 aut
3939 5379 4048 5430 cir-

2452 5471 2725 5524 cumdabis
2779 5471 2911 5524 collo
2968 5472 3082 5540 ejus
3123 5471 3385 5524 hinnitum
3414 5470 3482 5520 ⁹¹.
3538 5467 3854 5521 Secundum
3898 5466 4048 5519 LXX

2457 5572 2637 5617 autem
2677 5563 2830 5616 addit.
2860 5582 2871 5616 :
2907 5562 3339 5632 Circumposuisti
3381 5571 3560 5613 autem
3588 5561 3637 5611 ei
3665 5574 3819 5611 cuine
3857 5574 4050 5610 armo-

2458 5678 2574 5714 rum
2603 5676 2782 5730 genus,
2812 5659 2978 5727 gloria
3011 5669 3186 5710 autem
3216 5655 3436 5714 rectoris
3465 5653 3578 5722 ejus
3602 5652 3859 5706 audacia.
3885 5649 4050 5715 Quod

2424 5865 2468 5895 "
2510 5863 2610 5917 Job
2635 5878 2819 5929 xxxix,
2849 5860 2936 5914 l9.
