4218 6450
210 414 313 477 859

1357 400 1437 477 IN
1486 418 1923 479 LEVITICUM.
1966 442 2030 453 —-
2070 420 2216 480 LIB.
2252 420 2333 478 1t.

3369 416 3474 480 870

206 526 353 579 enim
389 522 666 592 prmsumit
718 534 771 576 rt
820 523 1004 586 audet,
1040 539 1104 577 ex
1158 523 1477 579 fortitudine
1522 536 1575 580 et
1623 527 1789 580 couﬁ-
1828 549 1865 602 Α
1968 527 2033 580 Et
2068 528 2189 580 dedi
2216 526 2393 580 Aaron
2440 525 2699 581 sacerdoti
2730 535 2777 580 et
2807 526 2932 596 ﬁliis
2961 526 3096 594 eius.
3158 524 3472 580 Secundum

208 616 394 669 dcntia
436 615 534 681 ﬁt;
588 616 714 684 qttia
763 625 945 670 autent
994 632 1117 671 cum
1153 618 1220 671 de
1261 618 1529 671 sacriﬁcio
1569 618 1792 671 salutari

207 708 638 777 prteeiperetur,
714 710 951 773 ventris,
1003 713 1329 775 ct'rcnum,
1372 720 1428 765 et
1480 712 1681 773 lumbi,
1740 720 1793 765 et

209 800 732 870 pinum,ethepatis,
781 813 836 856 et
868 804 1062 873 adipis,
1089 814 1143 857 et
1177 804 1440 858 fetuorum
1475 806 1791 857 memoriam

208 892 355 956 fecit,
384 895 571 948 omisit
619 904 799 949 autem
848 897 1247 964 pectusculum,
1286 898 1379 951 sed
1426 905 1481 949 et
1528 913 1738 950 armum
1777 915 1790 950 :

206 987 416 1039 variare
469 988 745 1051 videlicet,
798 988 940 1041 sicut
991 989 1197 1042 dietmn
1248 1000 1350 1049 est.
1397 990 1791 1059 legislationem

210 1077 422 1141 volens,
464 1086 519 1130 et
581 1087 796 1148 tempus
854 1080 955 1132 sibi
1013 1096 1234 1134 servare
1283 1084 1350 1135 de
1399 1082 1601 1135 eisdem
1660 1082 1795 1151 ipsis

208 1167 529 1235 frequenter
585 1178 853 1238 prtecepta
907 1171 1092 1223 dandi.
1145 1171 1282 1224 lit-ce
1328 1172 1475 1224 enim
1515 1186 1662 1225 nunc
1707 1188 1791 1235 ea,

205 1277 328 1329 qure
360 1262 514 1329 prius
544 1277 650 1314 non
682 1263 838 1324 dixit,
871 1264 1145 1331 exposuit.

281 1354 488 1407 Tenebit
541 1356 781 1411 manibus
828 1358 1034 1423 adipem
1083 1356 1289 1419 Itastia',
1320 1364 1366 1408 ct
1416 1355 1791 1424 pectttsrulmn.

209 1443 307 1498 Vel
332 1448 471 1499 sicut
510 1445 646 1499 LXX
685 1465 697 1501 :
736 1448 957 1516 Adipem
987 1463 1144 1515 super
1172 1448 1551 1515 pectuscalum,
1588 1457 1643 1500 et
1675 1448 1796 1516 pin-

208 1554 335 1591 nam
393 1539 609 1606 hepatis
667 1539 989 1607 praecipiens
1040 1538 1249 1591 oderri.
1307 1537 1411 1591 Per
1462 1539 1705 1607 pinnam,
1745 1547 1798 1591 et

209 1646 392 1693 renes,
424 1634 583 1684 etiam
613 1633 678 1685 ad
718 1631 948 1684 aliorum
978 1648 1099 1701 quae
1124 1633 1235 1701 jam
1271 1632 1413 1685 dicta
1445 1641 1593 1693 sunt,
1627 1634 1796 1687 semel

214 1723 533 1774 memoriam
576 1739 677 1775 nos
724 1724 1013 1776 reducens.
1047 1723 1151 1777 Per
1183 1726 1557 1793 pectusculum
1589 1732 1791 1785 autem,

210 1813 369 1866 ﬁdem
399 1815 691 1883 designans
721 1825 775 1868 et
809 1814 1218 1879 conﬁdentiam,
1260 1832 1422 1886 quant
1459 1817 1647 1870 offerri
1688 1816 1796 1869 Do-

1897 620 2149 687 supcrius
2176 620 2428 673 videlicet
2456 620 2655 674 dictant
2686 619 3026 674 divisionem.
3064 619 3256 674 Totius
3286 633 3471 673 antem

1897 710 2061 779 hujus
2092 711 2332 766 mandati
2362 712 2709 765 conﬁrmatio
2739 713 3010 780 sequitur.

1967 802 2098 871 Lege
2132 813 2380 871 perpetua
2404 812 2478 856 est
2498 820 2528 855 a
2554 803 2677 871 [iliis
2702 803 2892 857 Israel.
2918 804 3036 855 Non
3060 813 3142 857 est
3163 802 3309 857 enim
3339 811 3474 855 tctu-

1894 908 2017 961 pus,
2058 910 2167 962 quo
2216 910 2323 949 non
2379 896 2502 949 ﬁdei
2564 909 2618 949 et
2670 897 2899 950 actionis
2962 896 3288 950 oblationem
3345 907 3474 962 spe-

1894 985 2106 1039 cialiter
2136 986 2277 1039 Deus
2303 987 2370 1040 ab
2400 988 2483 1041 his
2519 988 2609 1057 qui
2636 987 2931 1049 salvantur,
2970 986 3228 1055 accipiat.
3276 984 3474 1039 Paulus

1894 1077 2099 1147 quippe
2153 1078 2229 1131 ait
2270 1093 2459 1131 omnes
2486 1081 2576 1148 qtti
2633 1080 2925 1132 virtutibus
2963 1078 3259 1147 pollebant,
3308 1075 3473 1129 veluti

1895 1168 2050 1230 Abel,
2078 1168 2259 1220 Enocb
2291 1176 2347 1220 et
2370 1168 2481 1221 Noe
2505 1209 2518 1231 ,
2556 1178 2610 1222 et
2641 1184 2997 1238 quoscunque
3028 1184 3151 1223 cum
3183 1168 3287 1221 illis
3332 1182 3470 1221 con-

1896 1261 2229 1320 numeravit,
2258 1260 2440 1328 perﬁci
2469 1277 2567 1329 per
2597 1262 2755 1314 ﬁdem
2787 1262 2856 1313 ’⁵.

1974 1370 1992 1401 ‹
2050 1351 2177 1406 [hee
2205 1361 2287 1406 est
2311 1352 2496 1405 unctio
2526 1353 2706 1405 Aaron
2730 1363 2783 1406 et
2811 1352 3042 1406 ﬁliorum
3074 1352 3193 1420 ejus
3225 1352 3276 1403 in
3307 1366 3473 1405 ciere-

1897 1443 2094 1495 moniis
2136 1444 2371 1504 Domini,
2407 1444 2494 1496 die
2518 1458 2623 1512 qua
2647 1444 2847 1497 obtulit
2878 1459 2971 1497 eos
2999 1444 3205 1513 Moyses
3262 1451 3319 1494 ut
3385 1459 3473 1495 sa-

1896 1532 2136 1585 cerdotio
2160 1532 2533 1602 fungerentur,
2556 1544 2610 1587 et
2642 1550 2762 1602 quae
2794 1534 3052 1602 prtecepit
3093 1533 3207 1585 dari
3235 1533 3312 1585 eis
3369 1531 3473 1584 Do-

1898 1624 2079 1675 minus
2102 1638 2131 1675 a
2162 1622 2287 1676 ﬁliis
2312 1624 2470 1676 Israel
2499 1624 2756 1693 religione
2792 1632 3055 1693 perpetua
3077 1623 3129 1677 in
3167 1624 3474 1694 generaliu-

1897 1712 2060 1765 nibus
2088 1711 2221 1764 suis.
2257 1730 2273 1762 ι

1968 1800 2187 1869 liaqua:
2244 1803 2388 1856 dicta
2429 1812 2575 1862 sunt,
2630 1802 2882 1856 videntur
2946 1804 3349 1871 quodammodo
3402 1806 3471 1881 ad

210 1905 361 1957 mino
395 1906 527 1969 vult,
569 1907 636 1959 ab
679 1922 746 1959 eo
791 1907 880 1975 qui
928 1909 1122 1961 salvari
1174 1910 1470 1974 desiderat,
1508 1910 1633 1978 quia
1679 1910 1791 1963 sine

1896 1891 2206 1945 unctionem
2266 1893 2608 1945 sacerdotum
2639 1895 2932 1962 pertinere,
2960 1895 3054 1948 sed
3088 1891 3277 1947 nonin
3332 1909 3470 1963 pra!—

209 1994 311 2062 ﬁde
345 1997 663 2063 impossibile
695 2007 767 2049 est
800 2014 890 2050 nos
924 1998 1133 2068 placere
1161 1999 1269 2053 Deo
1297 1984 1366 2055 ’ἢ

281 2083 423 2150 Quid
454 2096 634 2139 autem
674 2088 757 2140 his
799 2088 1039 2143 addidit“?

286 2176 476 2227 Tradat
528 2178 806 2241 sacerdoti,
874 2180 965 2249 qui
1003 2181 1229 2235 adolcbit
1275 2184 1483 2251 adipem
1519 2200 1674 2252 suprr
1704 2183 1788 2235 al-

210 2275 327 2318 tare
347 2308 359 2318 .
388 2266 553 2321 llectc
593 2268 829 2325 diximus
869 2273 1038 2333 enim,
1068 2274 1194 2340 quia
1230 2290 1391 2329 omne
1422 2283 1664 2329 nostrum
1697 2276 1787 2329 de-

211 2359 472 2412 siderium
508 2361 883 2414 holocaustum
924 2362 1035 2416 ﬁeri
1068 2364 1202 2418 vult.

285 2451 652 2505 Pectusculunt
702 2465 878 2506 autem
924 2457 1021 2508 erit
1066 2457 1242 2510 Aaron
1294 2468 1343 2512 et
1390 2460 1618 2527 ﬁliorum
1652 2461 1783 2529 ejus.

208 2546 404 2597 Aratus
446 2560 646 2613 quoque
684 2546 866 2599 dexter
920 2549 984 2600 de
1039 2550 1377 2617 paci/iceram
1428 2552 1607 2604 hostiis
1646 2554 1787 2605 cadit

209 2633 264 2684 in
294 2634 542 2701 primitiis
574 2636 878 2689 sacerdotis.
911 2636 1109 2692 Armus
1143 2643 1331 2693 dexter
1361 2642 1603 2695 actiones
1633 2642 1788 2696 bonae

210 2732 360 2777 sunt.
412 2724 549 2794 Ergo
606 2736 659 2779 et
710 2727 891 2790 ﬁdem,
928 2737 981 2781 et
1034 2731 1279 2785 actiones
1327 2733 1522 2787 oﬁcrre
1573 2744 1789 2803 oportet

210 2830 357 2879 eum,
392 2818 484 2884 qui
531 2818 728 2872 salvari
776 2822 912 2873 vult.
959 2820 1064 2874 Sed
1103 2823 1226 2892 quia
1258 2826 1631 2892 pectusculutn
1663 2825 1787 2880 ﬁliis

215 2909 395 2961 Aaron
448 2908 745 2978 deputavit,
784 2912 874 2981 qui
926 2914 1187 2967 sublimes
1230 2915 1338 2969 vita
1387 2926 1532 2980 sunt,
1574 2933 1785 2971 armum

211 3006 395 3051 autem
453 2999 699 3053 dextrum
757 3003 1045 3066 sacerdoti,
1094 3007 1186 3072 qui
1244 3007 1533 3075 imaginem
1582 3006 1787 3061 Christi

214 3095 383 3151 tenet,
417 3098 635 3158 propter
669 3092 813 3159 quod
852 3093 1001 3146 solus
1045 3096 1296 3149 sacerdos
1328 3096 1430 3149 hoc
1462 3098 1784 3153 sacriﬁcium

211 3180 475 3249 perﬁcere
521 3189 718 3250 potest,
750 3184 934 3238 oﬂ‘erri
983 3196 1168 3255 aperte
1203 3187 1475 3257 legislator
1502 3191 1740 3243 ostendit
1771 3208 1784 3243 :
1815 3223 1857 3279 ε

208 3269 340 3338 quia
373 3271 596 3324 credere
624 3273 867 3340 quidem,
903 3283 956 3328 et
1003 3291 1305 3344 proponere
1344 3279 1505 3340 bona,
1536 3288 1786 3333 nostrum

208 3370 313 3422 est,
350 3358 463 3413 sive
497 3360 737 3429 Incipere
779 3376 881 3427 ea;
913 3364 1172 3431 operibus
1199 3373 1381 3418 autem
1425 3365 1705 3434 perﬁcere,
1736 3375 1791 3420 et

207 3451 280 3505 ad
309 3450 471 3504 ﬁnem
501 3452 800 3521 perducere
827 3469 889 3507 ea
928 3470 1046 3521 quae
1077 3466 1252 3524 empta
1284 3467 1431 3521 sunt,
1462 3458 1564 3511 hoc
1593 3459 1791 3513 divina:

206 3554 297 3598 est
324 3547 530 3615 gratiae.
570 3546 800 3615 PrOpter
836 3550 979 3617 quod
1015 3531 1157 3603 dixit
1183 3551 1383 3605 Paulus
1411 3571 1423 3605 :
1459 3550 1583 3605 Non
1609 3552 1787 3606 volen-

208 3637 300 3701 tis,
335 3653 502 3706 neque
539 3640 817 3702 currentis,
848 3641 939 3692 sed
967 3642 1258 3695 ntiserentis
1287 3653 1361 3696 est
1388 3643 1488 3697 Dei
1508 3645 1574 3695 ”.
1606 3644 1789 3697 Solius

205 3726 357 3778 enim
404 3727 524 3794 ejus
569 3735 652 3779 est
695 3728 928 3797 dirigere
972 3728 1237 3782 actiones.
1287 3730 1515 3799 Propter
1557 3730 1701 3799 quod
1732 3738 1789 3784 et

207 3816 496 3869 brachium
541 3816 657 3886 ipse
703 3817 796 3871 Dei
848 3820 1186 3885 nominatur,
1239 3821 1314 3875 ait
1366 3822 1509 3874 enim
1548 3822 1728 3875 'lsaias
1770 3838 1785 3875 :

212 3905 457 3971 Domine,
489 3908 605 3977 quis
654 3910 874 3962 credidit
926 3911 1133 3962 auditui
1183 3922 1380 3973 nostro,
1420 3922 1467 3964 et
1514 3913 1784 3965 brachium

211 3998 425 4050 Domini
469 4000 552 4050 cui
606 3999 893 4052 revelatum
924 4010 996 4053 est
1028 4001 1104 4053 "“i
1151 4001 1217 4055 Ut
1260 4003 1352 4070 qui
1397 4018 1524 4073 ergo
1558 4004 1675 4073 ipse
1703 4012 1787 4057 est

205 4104 399 4143 verum
450 4088 757 4149 brachium.
806 4099 950 4144 recte
995 4100 1243 4146 nostrum
1287 4108 1521 4159 armum,
1563 4108 1680 4157 seu,
1718 4101 1787 4167 'ut

209 4180 355 4234 LXX
384 4182 595 4243 dicunt,
625 4182 908 4236 brachium
940 4184 1166 4253 accepit.
1196 4183 1398 4239 Deinde
1429 4185 1783 4240 intentionem

206 4279 454 4323 nostram
488 4271 722 4325 dilatans
754 4272 1037 4342 legislator
1069 4274 1310 4329 subdidit
1345 4292 1359 4329 :
1402 4274 1503 4340 Qui
1542 4276 1783 4329 obtulerit

200 4360 517 4427 sanguinem
555 4370 603 4413 et
647 4361 855 4428 adipem
899 4362 1130 4430 ﬁliorum
1183 4364 1381 4428 Aaron,
1422 4367 1530 4434 ipse
1578 4366 1783 4419 habebit

203 4464 417 4501 armum
449 4449 690 4501 dextrum
718 4450 774 4501 in
802 4451 1039 4517 portione
1070 4468 1188 4505 sua.
1218 4452 1470 4508 Christus
1498 4464 1581 4509 est
1610 4454 1780 4518 enim,

1894 1983 2034 2036 senti
2089 1984 2156 2038 de
2218 1984 2321 2038 hac
2380 1984 2648 2038 disserere
2703 1986 2974 2056 lcgislator
3034 1995 3393 2057 proposuerat
3453 2004 3467 2039 :

1888 2092 2051 2144 quatn
2114 2078 2257 2131 enim
2293 2093 2415 2131 omn
2459 2080 2714 2133 unctione
2761 2082 3102 2135 sacerdotum
3156 2081 3468 2135 societatem

1891 2169 2091 2222 habent
2127 2184 2189 2222 ea
2225 2185 2345 2238 quae
2380 2170 2632 2238 pra-dicta
2687 2180 2833 2234 sunt,
2864 2171 3167 2225 sacriﬁcia?
3210 2174 3316 2226 Sed
3378 2186 3470 2225 so-

1890 2262 2167 2315 lummodo
2200 2276 2390 2315 eorum
2441 2276 2561 2329 qum
2606 2262 2854 2330 superius
2902 2263 2969 2316 ab
3003 2278 3067 2317 eo
3122 2264 3265 2317 dicta
3317 2272 3465 2326 sunt,

1890 2357 2005 2409 vult
2030 2356 2318 2409 ostendere
2350 2356 2687 2426 dignitatem,
2718 2367 2771 2410 et
2804 2366 2964 2424 quem
2996 2357 3302 2427 profectum
3330 2373 3471 2426 prae-

1889 2456 2033 2500 stent
2064 2447 2148 2499 his
2201 2447 2292 2515 qui
2332 2462 2393 2500 ea
2435 2447 2767 2501 custodiunt.
2803 2447 2956 2513 Quod
3010 2449 3155 2501 enim
3191 2448 3305 2502 ait:
3345 2448 3469 2503 Iltrc

1888 2545 1967 2589 est
2002 2538 2176 2589 unctio
2214 2536 2391 2588 Aaron
2426 2545 2475 2589 et
2512 2535 2741 2603 filiorum
2772 2539 2885 2605 ejus
2909 2539 2962 2589 in
3000 2539 3322 2591 crcremoniis
3362 2539 3469 2592 Do-

1879 2628 2037 2678 vmini.
2071 2626 2148 2679 Ad
2172 2626 2448 2694 superiora
2484 2626 2584 2678 hoc
2623 2628 2873 2687 reddidit.
2901 2636 2957 2680 ut
2990 2638 3045 2680 tu
3088 2643 3467 2697 cognosceres.

1888 2716 2014 2776 quia
2048 2716 2361 2769 custodiens
2410 2729 2749 2783 quaecunque
2794 2716 2877 2770 lex
2910 2717 3160 2786 superius
3211 2717 3363 2777 dixit,
3404 2718 3471 2771 ad

1887 2805 2184 2859 sacerdotis
2214 2806 2426 2875 proﬁcit
2446 2809 2780 2879 dignitatem,
2824 2816 2879 2861 et
2902 2807 3171 2861 studendo
3200 2823 3262 2863 ea
3292 2809 3472 2861 valcas

1888 2897 2067 2967 regale
2091 2900 2477 2963 sacerdotium,
2502 2915 2635 2971 gens
2689 2908 2875 2953 sancta
2917 2899 3060 2953 dici:
3094 2899 3250 2953 aliter
3286 2911 3467 2955 autem

1890 3002 2262 3057 nequaquam.

1964 3078 2090 3133 Παῖς
2116 3090 2190 3133 est
2223 3081 2361 3134 enim
2390 3081 2565 3133 unctio
2594 3082 2648 3133 in
2681 3080 3003 3135 cteremoniis
3036 3080 3269 3135 Domini.
3301 3081 3463 3137 Vide-

1888 3170 2019 3225 licet
2086 3187 2150 3226 ex
2207 3172 2702 3236 observationibus,
2751 3187 2874 3241 qua:
2917 3173 2971 3226 in
3012 3172 3288 3243 praedictis
3342 3186 3475 3229 sunt

1890 3263 2178 3332 descriptae
2206 3262 2503 3317 sacriﬁciis.
2526 3263 2749 3332 Propter
2777 3264 2920 3332 quod
2948 3264 3153 3319 addidit
3178 3283 3192 3318 :

1958 3354 2021 3407 In
2042 3355 2126 3407 die
2149 3370 2253 3423 qua
2284 3354 2466 3406 obtulit
2496 3370 2583 3407 eos
2617 3353 2833 3422 Moyses,
2867 3363 2925 3407 ut
2959 3355 3254 3408 sacerdotio
3286 3358 3472 3426 funge-

1888 3459 2071 3504 rentur
2129 3457 2178 3502 et
2225 3464 2343 3518 qua
2384 3450 2629 3517 prwcepit
2686 3449 2807 3501 dari
2854 3450 2929 3502 eis
2982 3448 3293 3502 Dominusa
3343 3450 3472 3517 filiis

1888 3542 2072 3597 Israel.
2107 3541 2244 3611 Ergo
2270 3541 2326 3594 in
2357 3541 2440 3594 his
2472 3540 2631 3594 nobis
2653 3540 2966 3593 unctionem
2994 3540 3165 3606 dedit,
3190 3550 3245 3594 et
3275 3541 3330 3594 in
3354 3542 3471 3596 istis

1886 3650 1985 3687 nos
2012 3634 2217 3686 vocarit
2260 3632 2421 3695 Deus,
2445 3633 2533 3686 die
2564 3647 2668 3700 qua
2702 3631 2899 3685 obtulit
2946 3646 3063 3686 eos.
3096 3630 3327 3697 Quando
3368 3647 3471 3687 au-

1887 3734 1994 3780 tem
2021 3724 2301 3789 hoe?Qua
2332 3723 2419 3777 die
2458 3723 2612 3776 unxit
2646 3736 2761 3786 eos,
2796 3733 2855 3776 ut
2905 3723 3210 3777 sacerdotio
3270 3722 3466 3795 funge-

1888 3826 2096 3879 rentur,
2130 3816 2183 3869 id
2213 3824 2295 3869 est
2348 3830 2453 3884 qua
2498 3814 2587 3868 die
2634 3815 2754 3869 illos
2784 3830 2851 3869 ex
2910 3815 3038 3869 ﬁliis
3086 3816 3252 3869 Israel
3289 3818 3467 3881 unxit,

1886 3922 1984 3977 per
2024 3907 2335 3961 unctionem
2402 3906 2607 3961 scilicet
2661 3922 2782 3975 qua:
2830 3922 2979 3961 nunc
3020 3908 3165 3962 dicta
3220 3916 3324 3963 est.
3361 3910 3467 3972 Qui

1886 4002 2033 4054 enim
2097 4000 2383 4055 sublimius
2433 3999 2647 4062 vivunt,
2679 4012 2778 4052 seu
2838 4006 3257 4062 conversantur,
3324 4008 3471 4053 recte

1886 4092 2035 4146 omni
2066 4091 2479 4146 exeeilentiores
2512 4098 2642 4143 sunt
2673 4090 2895 4158 populo.
2920 4088 3073 4143 Unde
3100 4098 3155 4143 et
3180 4089 3342 4143 nimis
3374 4106 3472 4160 op-

1886 4191 2122 4253 portune
2173 4182 2446 4252 legislator
2492 4180 2773 4234 subdidit:
2809 4179 3078 4250 Religione
3126 4191 3375 4249 perpetua
3413 4183 3468 4233 in

1886 4274 2306 4344 generationibus
2323 4274 2521 4326 vestris.
2536 4270 2817 4337 Quatenus
2835 4282 2892 4326 tu
2904 4271 3092 4331 scires.
3122 4274 3247 4341 quia
3272 4273 3470 4326 incon-

1884 4381 2043 4420 cussa
2063 4366 2177 4419 haec
2194 4366 2338 4433 apud
2354 4364 2521 4418 Deum
2542 4363 2732 4433 religio
2758 4373 2861 4425 est,
2884 4373 2943 4416 ut
2968 4379 3145 4432 neque
3179 4364 3465 4433 dignitate,

1886 4472 2063 4525 neque
2077 4455 2365 4524 sapientia,
2394 4471 2572 4523 neque
2600 4456 2921 4524 cognatione
2958 4455 3252 4523 iustorum,
3291 4471 3469 4524 neque

204 4539 605 4609 intelligibilem
655 4542 973 4609 sanguinem
1026 4543 1397 4611 paeiﬁcorum.
1440 4553 1494 4599 et
1545 4547 1781 4613 adipem,
1815 4555 1859 4608 ι)
1888 4546 1990 4599 alia
2020 4546 2183 4598 simili
2205 4561 2273 4598 ex
2301 4560 2360 4598 re
2381 4544 2604 4614 populo,
2629 4544 2715 4598 vel
2746 4545 2990 4613 plurimis
3005 4544 3272 4597 excellere
3299 4546 3472 4612 possit

203 4631 463 4685 videlicet
505 4633 736 4699 animas,
771 4640 828 4686 et
859 4634 1126 4687 desideria
1153 4636 1472 4689 salutarium
1507 4637 1778 4702 oﬂ'crens;

200 4722 301 4791 qui
332 4732 417 4775 est
450 4723 671 4789 quidem
700 4724 767 4777 de
801 4724 927 4777 ﬁliis
955 4725 1159 4792 Aaron,
1190 4743 1298 4781 non
1343 4737 1559 4798 propter
1586 4745 1785 4801 cogna-

202 4814 439 4873 :.ionem,
474 4815 570 4867 sed
603 4824 824 4883 propter
861 4818 1134 4886 propriam
1178 4820 1496 4890 dignitatem
1534 4824 1786 4878 sacerdos

199 4902 525 4970 singularis,
556 4912 611 4957 et
642 4904 694 4958 in
728 4907 983 4961 omnibus
1016 4910 1321 4978 praecipuus
1350 4928 1365 4967 :
1400 4911 1452 4963 iu
1501 4912 1620 4979 ejus
1663 4928 1787 4981 por-

202 4998 418 5052 tionem
446 5012 630 5052 armus
657 5000 861 5064 dexter,
891 5017 987 5055 seu
1015 5003 1297 5058 brachium
1327 5006 1595 5069 dextrum,
1622 5006 1675 5061 id
1702 5017 1784 5061 est

198 5087 391 5141 omnis
423 5087 566 5142 bona
612 5090 753 5144 actio
783 5100 839 5144 et
870 5094 1049 5155 oneris
1081 5094 1310 5149 eﬂ‘eetus
1352 5098 1568 5152 transit.
1612 5099 1775 5154 lleca-

204 5177 447 5248 pitulans
471 5190 650 5233 autem
679 5196 799 5248 qua:
824 5182 966 5236 dicta
998 5193 1142 5249 sunt,
1170 5186 1372 5240 addidit
1415 5204 1428 5239 :

283 5264 647 5321 Pectusculum
677 5269 817 5323 enim
844 5272 1086 5326 elationis
1122 5279 1245 5344 (seu
1272 5276 1571 5329 secundum
1618 5277 1779 5341 LXX,

198 5358 610 5426 propositionis)
660 5368 708 5411 et
761 5376 970 5411 armum
1033 5364 1385 5429 separationis
1434 5364 1531 5416 tuli
1562 5381 1594 5417 ιι
1656 5365 1783 5433 ﬁliis

193 5444 398 5509 Israel,
430 5447 494 5499 de
536 5447 717 5499 hostiis
769 5464 949 5501 eorum
1010 5450 1264 5517 paciﬁcis.
1310 5451 1447 5517 Quia
1495 5453 1675 5517 ﬁdem,
1726 5467 1778 5509 et

193 5536 502 5601 actionem,
538 5538 866 5593 oblationem
918 5542 1209 5608 specialem
1262 5545 1330 5597 de
1381 5546 1621 5613 paciﬁcis
1680 5562 1776 5601 seu

193 5626 534 5682 salutaribus
572 5629 849 5684 sacriﬁciis
888 5632 1018 5685 vult.
1054 5633 1278 5701 Propter
1300 5637 1443 5704 quod
1461 5637 1633 5691 dixit:

276 5818 322 5848 ⁵³
354 5816 519 5873 Hebr.
554 5836 624 5885 SI,
657 5820 709 5874 6.
787 5823 830 5852 ’³
860 5822 1015 5879 Rom.
1051 5842 1120 5889 tx,
1184 5828 1265 5881 l6.
1344 5830 1388 5863 ’δ
1436 5828 1538 5886 lsa.
1567 5846 1716 5899 mn,
1754 5832 1801 5884 1.

1883 4639 2024 4707 quis,
2040 4639 2141 4693 nisi
2158 4654 2219 4693 ea
2237 4647 2521 4693 assecutus
2534 4638 2716 4703 fuerit,
2738 4654 2857 4708 quae
2881 4639 2933 4692 i'u
2956 4638 3469 4707 superioribussunt

1885 4740 2173 4799 praecepta.
2206 4728 2296 4785 Sic
2321 4731 2465 4784 enim
2492 4731 2758 4799 quispiam
2792 4738 2848 4783 et
2888 4729 3144 4783 sacerdos
3183 4729 3242 4782 ﬁt
3272 4745 3470 4783 secun-

1884 4820 2011 4871 dum
2046 4820 2428 4889 cognationem
2461 4820 2664 4873 Christi
2719 4820 2830 4874 veri
2867 4820 3186 4883 sacerdotis,
3218 4820 3310 4888 qui
3369 4821 3469 4873 im-

1884 4910 2207 4963 maeulatam
2239 4918 2293 4964 et
2334 4909 2632 4978 perfectam
2684 4908 3078 4963 demonstravit
3114 4910 3300 4963 vitam.
3356 4909 3467 4962 Sed

1884 5002 2009 5069 quia
2051 5002 2365 5055 unctionem
2416 5016 2511 5070 per
2544 5016 2606 5054 ea
2635 5016 2757 5069 qua:
2794 5001 3046 5070 superius
3097 5001 3259 5070 plane
3321 5001 3469 5056 dicta

1884 5100 2033 5153 sunt,
2063 5091 2344 5153 intellexit,
2375 5106 2496 5159 quae
2525 5093 2937 5159 subsequuntur
2956 5092 3285 5160 approbant.

1956 5180 2118 5236 Vens.
2154 5184 2242 5247 57,
2265 5182 2353 5236 '58.
2395 5203 2411 5233 ιι
2444 5181 2519 5235 Ita
2554 5191 2638 5235 est
2674 5182 2757 5235 lex
2813 5182 3111 5236 holocausti
3169 5192 3224 5236 et
3261 5182 3467 5236 sacriﬁ-

1883 5272 1952 5326 cii
1989 5286 2087 5341 pro
2110 5281 2336 5340 peccato
2355 5280 2519 5340 atque
2558 5271 2778 5337 dedcto,
2812 5278 2867 5325 et
2887 5286 2987 5341 pro
3028 5271 3463 5333 consecratione,

1882 5372 1939 5416 et
1970 5362 2321 5431 paciﬁcorum
2377 5362 2632 5428 victimis,
2658 5378 2794 5432 quas
2854 5365 3138 5419 constituit
3192 5364 3464 5419 Dominus

1883 5453 2049 5524 Moysi
2080 5453 2135 5507 in
2158 5463 2343 5509 monte
2372 5454 2546 5519 Sinai,
2574 5454 2793 5523 quando
2817 5456 3095 5509 mandavit
3122 5456 3245 5509 ﬁliis
3275 5457 3461 5521 Israel,

1886 5555 1941 5599 ut
1975 5546 2240 5602 oﬁ'errent
2264 5548 2567 5603 oblationes
2617 5563 2744 5604 suas
2793 5550 3019 5605 Domino
3066 5548 3357 5604 iudeserto
3378 5544 3465 5602 8i-

1889 5654 1996 5691 ΙΙίὶΙ.
2037 5658 2053 5689 ι

1900 5832 1944 5862 ’³⁵
1978 5832 2143 5889 llebr.
2188 5850 2265 5900 XI,
2326 5835 2341 5886 t
2403 5848 2552 5904 seqq.
