  <div class='ocr_page' id='page_1' title='image "/cluster/home/n/w/nwhite01/storage/ocr_20150623/93/nnc1.0046980059/434.png"; bbox 0 0 4218 6450; ppageno 0'>
   <div class='ocr_carea' id='block_1_1' title="bbox 292 437 2365 516">
    <p class='ocr_par' dir='ltr' id='par_1_1' title="bbox 292 437 2365 516">
     <span class='ocr_line' id='line_1_1' title="bbox 292 437 2365 516; baseline -0.01 -1"><span class='ocrx_word' id='word_1_1' title='bbox 292 454 361 516; x_wconf 74' lang='lat'><strong>73</strong></span> <span class='ocrx_word' id='word_1_2' title='bbox 1148 464 1159 473; x_wconf 88' lang='lat'><strong><em>&#39;</em></strong></span> <span class='ocrx_word' id='word_1_3' title='bbox 1408 444 1483 502; x_wconf 69' lang='grc' dir='ltr'><strong>ΙΝ</strong></span> <span class='ocrx_word' id='word_1_4' title='bbox 1524 437 1956 503; x_wconf 60' lang='lat' dir='ltr'><strong>LE‘v’iTIlIUM.</strong></span> <span class='ocrx_word' id='word_1_5' title='bbox 2101 438 2245 499; x_wconf 77' lang='lat' dir='ltr'><strong>LIB.</strong></span> <span class='ocrx_word' id='word_1_6' title='bbox 2290 439 2365 498; x_wconf 84' lang='lat' dir='ltr'><strong>il.</strong></span> 
     </span>
    </p>
   </div>
   <div class='ocr_carea' id='block_1_2' title="bbox 3407 456 3511 533">
    <p class='ocr_par' dir='ltr' id='par_1_2' title="bbox 3407 456 3511 533">
     <span class='ocr_line' id='line_1_2' title="bbox 3407 456 3511 533; baseline 0.019 -16"><span class='ocrx_word' id='word_1_7' title='bbox 3407 456 3511 533; x_wconf 70' lang='lat' dir='ltr'><strong>sn</strong></span> 
     </span>
    </p>
   </div>
   <div class='ocr_carea' id='block_1_3' title="bbox 256 553 3519 636">
    <p class='ocr_par' dir='ltr' id='par_1_3' title="bbox 256 553 3519 636">
     <span class='ocr_line' id='line_1_3' title="bbox 256 553 3519 636; baseline 0.001 -13"><span class='ocrx_word' id='word_1_8' title='bbox 256 568 494 624; x_wconf 82' lang='lat' dir='ltr'><strong>eundum</strong></span> <span class='ocrx_word' id='word_1_9' title='bbox 533 560 691 624; x_wconf 68' lang='lat' dir='ltr'><strong>LXX,</strong></span> <span class='ocrx_word' id='word_1_10' title='bbox 733 560 986 629; x_wconf 76' lang='lat' dir='ltr'><strong>superius</strong></span> <span class='ocrx_word' id='word_1_11' title='bbox 1030 556 1254 614; x_wconf 77' lang='lat' dir='ltr'><strong>dixisset</strong></span> <span class='ocrx_word' id='word_1_12' title='bbox 1293 570 1303 603; x_wconf 93' lang='lat'>:</span> <span class='ocrx_word' id='word_1_13' title='bbox 1359 554 1601 608; x_wconf 75' lang='lat' dir='ltr'><strong>(Ionvoco</strong></span> <span class='ocrx_word' id='word_1_14' title='bbox 1633 554 1703 605; x_wconf 87' lang='lat' dir='ltr'><strong>ad</strong></span> <span class='ocrx_word' id='word_1_15' title='bbox 1744 553 1836 619; x_wconf 62' lang='grc' dir='ltr'><strong>λα·</strong></span> <span class='ocrx_word' id='word_1_16' title='bbox 1869 586 1911 636; x_wconf 58' lang='grc' dir='ltr'><strong>Α</strong></span> <span class='ocrx_word' id='word_1_17' title='bbox 1942 568 2059 603; x_wconf 70' lang='lat' dir='ltr'><strong>eum</strong></span> <span class='ocrx_word' id='word_1_18' title='bbox 2087 554 2312 611; x_wconf 82' lang='lat' dir='ltr'><strong>boltheo.</strong></span> <span class='ocrx_word' id='word_1_19' title='bbox 2348 562 2395 603; x_wconf 86' lang='lat' dir='ltr'><strong>et</strong></span> <span class='ocrx_word' id='word_1_20' title='bbox 2430 554 2648 607; x_wconf 76' lang='lat' dir='ltr'><strong>inducas</strong></span> <span class='ocrx_word' id='word_1_21' title='bbox 2679 556 2881 610; x_wconf 85' lang='lat' dir='ltr'><strong>tunica.</strong></span> <span class='ocrx_word' id='word_1_22' title='bbox 2935 559 3091 624; x_wconf 81' lang='lat' dir='ltr'><strong>Quod</strong></span> <span class='ocrx_word' id='word_1_23' title='bbox 3115 560 3255 617; x_wconf 78' lang='lat' dir='ltr'><strong>LXX</strong></span> <span class='ocrx_word' id='word_1_24' title='bbox 3282 576 3519 625; x_wconf 79' lang='lat' dir='ltr'><strong>transtu-</strong></span> 
     </span>
    </p>
   </div>
   <div class='ocr_carea' id='block_1_4' title="bbox 258 646 1833 715">
    <p class='ocr_par' dir='ltr' id='par_1_4' title="bbox 258 646 1833 715">
     <span class='ocr_line' id='line_1_4' title="bbox 258 646 1833 715; baseline -0.013 0"><span class='ocrx_word' id='word_1_25' title='bbox 258 677 391 715; x_wconf 84' lang='lat' dir='ltr'><strong>uuas</strong></span> <span class='ocrx_word' id='word_1_26' title='bbox 422 654 744 713; x_wconf 59' lang='lat' dir='ltr'><strong>tabernaculi</strong></span> <span class='ocrx_word' id='word_1_27' title='bbox 773 651 1074 712; x_wconf 82' lang='lat' dir='ltr'><strong>testimonii,</strong></span> <span class='ocrx_word' id='word_1_28' title='bbox 1100 648 1187 702; x_wconf 84' lang='lat' dir='ltr'><strong>hic</strong></span> <span class='ocrx_word' id='word_1_29' title='bbox 1223 648 1327 702; x_wconf 87' lang='lat' dir='ltr'><strong>ait:</strong></span> <span class='ocrx_word' id='word_1_30' title='bbox 1363 646 1674 701; x_wconf 67' lang='lat' dir='ltr'><strong>Convocavit</strong></span> <span class='ocrx_word' id='word_1_31' title='bbox 1709 660 1833 697; x_wconf 86' lang='lat' dir='ltr'><strong>con-</strong></span> 
     </span>
    </p>
   </div>
   <div class='ocr_carea' id='block_1_5' title="bbox 256 738 1837 826">
    <p class='ocr_par' dir='ltr' id='par_1_5' title="bbox 256 738 1837 826">
     <span class='ocr_line' id='line_1_5' title="bbox 256 738 1837 826; baseline -0.012 -19"><span class='ocrx_word' id='word_1_32' title='bbox 256 754 635 826; x_wconf 81' lang='lat' dir='ltr'><strong>gregationem,</strong></span> <span class='ocrx_word' id='word_1_33' title='bbox 662 764 770 801; x_wconf 88' lang='lat' dir='ltr'><strong>non</strong></span> <span class='ocrx_word' id='word_1_34' title='bbox 799 746 863 799; x_wconf 86' lang='lat' dir='ltr'><strong>ad</strong></span> <span class='ocrx_word' id='word_1_35' title='bbox 889 746 1105 814; x_wconf 83' lang='lat' dir='ltr'><strong>januas,</strong></span> <span class='ocrx_word' id='word_1_36' title='bbox 1136 742 1230 795; x_wconf 88' lang='lat' dir='ltr'><strong>sed</strong></span> <span class='ocrx_word' id='word_1_37' title='bbox 1291 742 1363 793; x_wconf 88' lang='lat' dir='ltr'><strong>ad</strong></span> <span class='ocrx_word' id='word_1_38' title='bbox 1388 740 1621 809; x_wconf 84' lang='lat' dir='ltr'><strong>jauuam</strong></span> <span class='ocrx_word' id='word_1_39' title='bbox 1656 738 1837 790; x_wconf 81' lang='lat' dir='ltr'><strong>taber-</strong></span> 
     </span>
    </p>
   </div>
   <div class='ocr_carea' id='block_1_6' title="bbox 258 828 1836 898">
    <p class='ocr_par' dir='ltr' id='par_1_6' title="bbox 258 828 1836 898">
     <span class='ocr_line' id='line_1_6' title="bbox 258 828 1836 898; baseline -0.01 0"><span class='ocrx_word' id='word_1_40' title='bbox 258 845 438 898; x_wconf 87' lang='lat' dir='ltr'><strong>naculi</strong></span> <span class='ocrx_word' id='word_1_41' title='bbox 469 840 755 895; x_wconf 70' lang='lat' dir='ltr'><strong>testimonii</strong></span> <span class='ocrx_word' id='word_1_42' title='bbox 783 855 801 891; x_wconf 93' lang='lat'><em>:</em></span> <span class='ocrx_word' id='word_1_43' title='bbox 830 838 1135 891; x_wconf 86' lang='lat' dir='ltr'><strong>admonens</strong></span> <span class='ocrx_word' id='word_1_44' title='bbox 1169 848 1334 886; x_wconf 80' lang='lat' dir='ltr'><strong>aures</strong></span> <span class='ocrx_word' id='word_1_45' title='bbox 1359 838 1578 885; x_wconf 87' lang='lat' dir='ltr'><strong>nostras</strong></span> <span class='ocrx_word' id='word_1_46' title='bbox 1609 828 1836 883; x_wconf 90' lang='lat' dir='ltr'><strong>eviden-</strong></span> 
     </span>
    </p>
   </div>
   <div class='ocr_carea' id='block_1_7' title="bbox 259 923 1839 1005">
    <p class='ocr_par' dir='ltr' id='par_1_7' title="bbox 259 923 1839 1005">
     <span class='ocr_line' id='line_1_7' title="bbox 259 923 1839 1005; baseline -0.011 -13"><span class='ocrx_word' id='word_1_47' title='bbox 259 935 519 1005; x_wconf 63' lang='lat' dir='ltr'><strong>ter-,quod</strong></span> <span class='ocrx_word' id='word_1_48' title='bbox 563 933 934 1003; x_wconf 75' lang='lat' dir='ltr'><strong>apostolorum</strong></span> <span class='ocrx_word' id='word_1_49' title='bbox 980 928 1267 989; x_wconf 72' lang='lat' dir='ltr'><strong>doctrinm,</strong></span> <span class='ocrx_word' id='word_1_50' title='bbox 1291 940 1428 996; x_wconf 90' lang='lat' dir='ltr'><strong>quas</strong></span> <span class='ocrx_word' id='word_1_51' title='bbox 1482 938 1604 979; x_wconf 87' lang='lat' dir='ltr'><strong>esse</strong></span> <span class='ocrx_word' id='word_1_52' title='bbox 1642 923 1839 992; x_wconf 85' lang='lat' dir='ltr'><strong>januas</strong></span> 
     </span>
    </p>
   </div>
   <div class='ocr_carea' id='block_1_8' title="bbox 259 1014 1833 1090">
    <p class='ocr_par' dir='ltr' id='par_1_8' title="bbox 259 1014 1833 1090">
     <span class='ocr_line' id='line_1_8' title="bbox 259 1014 1833 1090; baseline -0.01 -9"><span class='ocrx_word' id='word_1_53' title='bbox 259 1026 592 1082; x_wconf 78' lang='lat' dir='ltr'><strong>tabernaculi</strong></span> <span class='ocrx_word' id='word_1_54' title='bbox 638 1021 936 1077; x_wconf 72' lang='lat' dir='ltr'><strong>testimonii</strong></span> <span class='ocrx_word' id='word_1_55' title='bbox 994 1019 1310 1090; x_wconf 71' lang='lat' dir='ltr'><strong>prmcedens</strong></span> <span class='ocrx_word' id='word_1_56' title='bbox 1349 1032 1531 1071; x_wconf 84' lang='lat' dir='ltr'><strong>sermo</strong></span> <span class='ocrx_word' id='word_1_57' title='bbox 1564 1014 1833 1085; x_wconf 88' lang='lat' dir='ltr'><strong>exposuit,</strong></span> 
     </span>
    </p>
   </div>
   <div class='ocr_carea' id='block_1_9' title="bbox 264 1108 1839 1181">
    <p class='ocr_par' dir='ltr' id='par_1_9' title="bbox 264 1108 1839 1181">
     <span class='ocr_line' id='line_1_9' title="bbox 264 1108 1839 1181; baseline -0.01 -6"><span class='ocrx_word' id='word_1_58' title='bbox 264 1130 314 1177; x_wconf 71' lang='lat' dir='ltr'><strong>et</strong></span> <span class='ocrx_word' id='word_1_59' title='bbox 350 1118 551 1171; x_wconf 70' lang='lat' dir='ltr'><strong>Christi</strong></span> <span class='ocrx_word' id='word_1_60' title='bbox 588 1114 853 1178; x_wconf 87' lang='lat' dir='ltr'><strong>doctrina,</strong></span> <span class='ocrx_word' id='word_1_61' title='bbox 896 1122 1025 1167; x_wconf 87' lang='lat' dir='ltr'><strong>sunt</strong></span> <span class='ocrx_word' id='word_1_62' title='bbox 1046 1112 1219 1181; x_wconf 86' lang='lat' dir='ltr'><strong>ipsius</strong></span> <span class='ocrx_word' id='word_1_63' title='bbox 1272 1111 1473 1180; x_wconf 69' lang='lat' dir='ltr'><strong>lingua:</strong></span> <span class='ocrx_word' id='word_1_64' title='bbox 1510 1108 1729 1172; x_wconf 61' lang='lat' dir='ltr'><strong>infusae,</strong></span> <span class='ocrx_word' id='word_1_65' title='bbox 1784 1118 1839 1161; x_wconf 81' lang='lat' dir='ltr'><strong>et</strong></span> 
     </span>
    </p>
   </div>
   <div class='ocr_carea' id='block_1_10' title="bbox 256 1202 1840 1277">
    <p class='ocr_par' dir='ltr' id='par_1_10' title="bbox 256 1202 1840 1277">
     <span class='ocr_line' id='line_1_10' title="bbox 256 1202 1840 1277; baseline -0.008 -12"><span class='ocrx_word' id='word_1_66' title='bbox 256 1227 321 1266; x_wconf 82' lang='lat' dir='ltr'><strong>ex</strong></span> <span class='ocrx_word' id='word_1_67' title='bbox 355 1211 439 1264; x_wconf 88' lang='lat' dir='ltr'><strong>his</strong></span> <span class='ocrx_word' id='word_1_68' title='bbox 477 1224 543 1263; x_wconf 87' lang='lat' dir='ltr'><strong>ex</strong></span> <span class='ocrx_word' id='word_1_69' title='bbox 571 1208 772 1277; x_wconf 84' lang='lat' dir='ltr'><strong>quibus</strong></span> <span class='ocrx_word' id='word_1_70' title='bbox 801 1208 916 1275; x_wconf 91' lang='lat' dir='ltr'><strong>ipse</strong></span> <span class='ocrx_word' id='word_1_71' title='bbox 956 1204 1163 1259; x_wconf 91' lang='lat' dir='ltr'><strong>docuit.</strong></span> <span class='ocrx_word' id='word_1_72' title='bbox 1205 1202 1678 1269; x_wconf 82' lang='lat' dir='ltr'><strong>Quemadmodum</strong></span> <span class='ocrx_word' id='word_1_73' title='bbox 1712 1216 1840 1269; x_wconf 77' lang='lat' dir='ltr'><strong>ergo</strong></span> 
     </span>
    </p>
   </div>
   <div class='ocr_carea' id='block_1_11' title="bbox 259 1291 1838 1367">
    <p class='ocr_par' dir='ltr' id='par_1_11' title="bbox 259 1291 1838 1367">
     <span class='ocr_line' id='line_1_11' title="bbox 259 1291 1838 1367; baseline -0.007 -11"><span class='ocrx_word' id='word_1_74' title='bbox 259 1305 401 1356; x_wconf 86' lang='lat' dir='ltr'><strong>inter</strong></span> <span class='ocrx_word' id='word_1_75' title='bbox 422 1301 620 1354; x_wconf 91' lang='lat' dir='ltr'><strong>multas</strong></span> <span class='ocrx_word' id='word_1_76' title='bbox 643 1300 859 1367; x_wconf 81' lang='lat' dir='ltr'><strong>jamtas,</strong></span> <span class='ocrx_word' id='word_1_77' title='bbox 887 1305 941 1350; x_wconf 86' lang='lat' dir='ltr'><strong>et</strong></span> <span class='ocrx_word' id='word_1_78' title='bbox 964 1312 1126 1349; x_wconf 88' lang='lat' dir='ltr'><strong>unam</strong></span> <span class='ocrx_word' id='word_1_79' title='bbox 1169 1295 1415 1365; x_wconf 85' lang='lat' dir='ltr'><strong>jannam,</strong></span> <span class='ocrx_word' id='word_1_80' title='bbox 1449 1294 1564 1347; x_wconf 85' lang='lat' dir='ltr'><strong>sola</strong></span> <span class='ocrx_word' id='word_1_81' title='bbox 1592 1291 1709 1346; x_wconf 71' lang='lat' dir='ltr'><strong>haec</strong></span> <span class='ocrx_word' id='word_1_82' title='bbox 1734 1292 1838 1346; x_wconf 78' lang='lat' dir='ltr'><strong>dil-</strong></span> 
     </span>
    </p>
   </div>
   <div class='ocr_carea' id='block_1_12' title="bbox 258 1384 1838 1460">
    <p class='ocr_par' dir='ltr' id='par_1_12' title="bbox 258 1384 1838 1460">
     <span class='ocr_line' id='line_1_12' title="bbox 258 1384 1838 1460; baseline -0.007 -13"><span class='ocrx_word' id='word_1_83' title='bbox 258 1394 487 1447; x_wconf 79' lang='lat' dir='ltr'><strong>ferentia</strong></span> <span class='ocrx_word' id='word_1_84' title='bbox 514 1400 618 1455; x_wconf 90' lang='lat' dir='ltr'><strong>est,</strong></span> <span class='ocrx_word' id='word_1_85' title='bbox 643 1391 768 1458; x_wconf 87' lang='lat' dir='ltr'><strong>quia</strong></span> <span class='ocrx_word' id='word_1_86' title='bbox 790 1390 891 1443; x_wconf 76' lang='lat' dir='ltr'><strong>illze</strong></span> <span class='ocrx_word' id='word_1_87' title='bbox 910 1388 1128 1457; x_wconf 80' lang='lat' dir='ltr'><strong>quidem</strong></span> <span class='ocrx_word' id='word_1_88' title='bbox 1148 1388 1332 1441; x_wconf 70' lang='lat' dir='ltr'><strong>multm</strong></span> <span class='ocrx_word' id='word_1_89' title='bbox 1349 1394 1496 1447; x_wconf 88' lang='lat' dir='ltr'><strong>sunt,</strong></span> <span class='ocrx_word' id='word_1_90' title='bbox 1518 1384 1635 1460; x_wconf 56' lang='lat' dir='ltr'><strong>hinc</strong></span> <span class='ocrx_word' id='word_1_91' title='bbox 1655 1394 1838 1438; x_wconf 88' lang='lat' dir='ltr'><strong>autem</strong></span> 
     </span>
    </p>
   </div>
   <div class='ocr_carea' id='block_1_13' title="bbox 258 1473 1841 1549">
    <p class='ocr_par' dir='ltr' id='par_1_13' title="bbox 258 1473 1841 1549">
     <span class='ocr_line' id='line_1_13' title="bbox 258 1473 1841 1549; baseline -0.008 -11"><span class='ocrx_word' id='word_1_92' title='bbox 258 1501 363 1538; x_wconf 83' lang='lat' dir='ltr'><strong>una</strong></span> <span class='ocrx_word' id='word_1_93' title='bbox 417 1491 523 1546; x_wconf 90' lang='lat' dir='ltr'><strong>est,</strong></span> <span class='ocrx_word' id='word_1_94' title='bbox 627 1482 705 1537; x_wconf 87' lang='lat' dir='ltr'><strong>sic</strong></span> <span class='ocrx_word' id='word_1_95' title='bbox 760 1479 1132 1549; x_wconf 74' lang='lat' dir='ltr'><strong>apostolorum</strong></span> <span class='ocrx_word' id='word_1_96' title='bbox 1196 1491 1481 1532; x_wconf 87' lang='lat' dir='ltr'><strong>sermones</strong></span> <span class='ocrx_word' id='word_1_97' title='bbox 1535 1484 1592 1529; x_wconf 90' lang='lat' dir='ltr'><strong>et</strong></span> <span class='ocrx_word' id='word_1_98' title='bbox 1632 1473 1841 1529; x_wconf 86' lang='lat' dir='ltr'><strong>doctri-</strong></span> 
     </span>
    </p>
   </div>
   <div class='ocr_carea' id='block_1_14' title="bbox 258 1565 1839 1631">
    <p class='ocr_par' dir='ltr' id='par_1_14' title="bbox 258 1565 1839 1631">
     <span class='ocr_line' id='line_1_14' title="bbox 258 1565 1839 1631; baseline -0.008 -1"><span class='ocrx_word' id='word_1_99' title='bbox 258 1593 341 1631; x_wconf 81' lang='lat' dir='ltr'><strong>me</strong></span> <span class='ocrx_word' id='word_1_100' title='bbox 386 1574 526 1628; x_wconf 84' lang='lat' dir='ltr'><strong>nihil</strong></span> <span class='ocrx_word' id='word_1_101' title='bbox 585 1589 615 1628; x_wconf 85' lang='lat' dir='ltr'><strong>a</strong></span> <span class='ocrx_word' id='word_1_102' title='bbox 668 1571 872 1626; x_wconf 84' lang='lat' dir='ltr'><strong>Christi</strong></span> <span class='ocrx_word' id='word_1_103' title='bbox 921 1570 1169 1625; x_wconf 78' lang='lat' dir='ltr'><strong>doctrina</strong></span> <span class='ocrx_word' id='word_1_104' title='bbox 1213 1568 1664 1631; x_wconf 85' lang='lat' dir='ltr'><strong>dill&#39;ernntaliud,</strong></span> <span class='ocrx_word' id='word_1_105' title='bbox 1732 1565 1839 1621; x_wconf 87' lang='lat' dir='ltr'><strong>nisi</strong></span> 
     </span>
    </p>
   </div>
   <div class='ocr_carea' id='block_1_15' title="bbox 255 1660 1840 1738">
    <p class='ocr_par' dir='ltr' id='par_1_15' title="bbox 255 1660 1840 1738">
     <span class='ocr_line' id='line_1_15' title="bbox 255 1660 1840 1738; baseline -0.007 -16"><span class='ocrx_word' id='word_1_106' title='bbox 255 1670 381 1738; x_wconf 87' lang='lat' dir='ltr'><strong>quia</strong></span> <span class='ocrx_word' id='word_1_107' title='bbox 423 1684 590 1721; x_wconf 88' lang='lat' dir='ltr'><strong>unum</strong></span> <span class='ocrx_word' id='word_1_108' title='bbox 626 1666 968 1719; x_wconf 87' lang='lat' dir='ltr'><strong>Dominicum</strong></span> <span class='ocrx_word' id='word_1_109' title='bbox 1027 1665 1252 1719; x_wconf 86' lang='lat' dir='ltr'><strong>verbum</strong></span> <span class='ocrx_word' id='word_1_110' title='bbox 1299 1672 1406 1726; x_wconf 85' lang='lat' dir='ltr'><strong>est,</strong></span> <span class='ocrx_word' id='word_1_111' title='bbox 1438 1662 1507 1715; x_wconf 91' lang='lat' dir='ltr'><strong>de</strong></span> <span class='ocrx_word' id='word_1_112' title='bbox 1547 1676 1657 1730; x_wconf 92' lang='lat' dir='ltr'><strong>quo</strong></span> <span class='ocrx_word' id='word_1_113' title='bbox 1690 1660 1840 1713; x_wconf 86' lang='lat' dir='ltr'><strong>Pan-</strong></span> 
     </span>
    </p>
   </div>
   <div class='ocr_carea' id='block_1_16' title="bbox 260 1753 1844 1822">
    <p class='ocr_par' dir='ltr' id='par_1_16' title="bbox 260 1753 1844 1822">
     <span class='ocr_line' id='line_1_16' title="bbox 260 1753 1844 1822; baseline -0.008 -6"><span class='ocrx_word' id='word_1_114' title='bbox 260 1762 343 1816; x_wconf 93' lang='lat' dir='ltr'><strong>lns</strong></span> <span class='ocrx_word' id='word_1_115' title='bbox 362 1762 480 1814; x_wconf 85' lang='lat' dir='ltr'><strong>ait:</strong></span> <span class='ocrx_word' id='word_1_116' title='bbox 520 1760 671 1813; x_wconf 82' lang='lat' dir='ltr'><strong>Vivus</strong></span> <span class='ocrx_word' id='word_1_117' title='bbox 701 1768 775 1812; x_wconf 89' lang='lat' dir='ltr'><strong>est</strong></span> <span class='ocrx_word' id='word_1_118' title='bbox 848 1758 987 1811; x_wconf 78' lang='lat' dir='ltr'><strong>enim</strong></span> <span class='ocrx_word' id='word_1_119' title='bbox 1044 1756 1142 1809; x_wconf 84' lang='lat' dir='ltr'><strong>Dei</strong></span> <span class='ocrx_word' id='word_1_120' title='bbox 1184 1770 1375 1817; x_wconf 82' lang='lat' dir='ltr'><strong>sermo,</strong></span> <span class='ocrx_word' id='word_1_121' title='bbox 1426 1763 1475 1807; x_wconf 89' lang='lat' dir='ltr'><strong>et</strong></span> <span class='ocrx_word' id='word_1_122' title='bbox 1531 1753 1734 1822; x_wconf 69' lang='lat' dir='ltr'><strong>eﬁicoaz,</strong></span> <span class='ocrx_word' id='word_1_123' title='bbox 1795 1760 1844 1803; x_wconf 85' lang='lat' dir='ltr'><strong>et</strong></span> 
     </span>
    </p>
   </div>
   <div class='ocr_carea' id='block_1_17' title="bbox 258 1848 1845 1921">
    <p class='ocr_par' dir='ltr' id='par_1_17' title="bbox 258 1848 1845 1921">
     <span class='ocr_line' id='line_1_17' title="bbox 258 1848 1845 1921; baseline -0.006 -15"><span class='ocrx_word' id='word_1_124' title='bbox 258 1854 467 1906; x_wconf 79' lang='lat' dir='ltr'><strong>acutior</strong></span> <span class='ocrx_word' id='word_1_125' title='bbox 495 1853 637 1906; x_wconf 87' lang='lat' dir='ltr'><strong>omni</strong></span> <span class='ocrx_word' id='word_1_126' title='bbox 687 1851 864 1921; x_wconf 81' lang='lat' dir='ltr'><strong>gladio</strong></span> <span class='ocrx_word' id='word_1_127' title='bbox 916 1849 1137 1917; x_wconf 70' lang='lat' dir='ltr'><strong>armipiti</strong></span> <span class='ocrx_word' id='word_1_128' title='bbox 1167 1851 1206 1901; x_wconf 84' lang='lat'><strong>&#39;.</strong></span> <span class='ocrx_word' id='word_1_129' title='bbox 1262 1849 1328 1901; x_wconf 80' lang='lat' dir='ltr'><strong>Et</strong></span> <span class='ocrx_word' id='word_1_130' title='bbox 1359 1848 1551 1901; x_wconf 80' lang='lat' dir='ltr'><strong>Petrus</strong></span> <span class='ocrx_word' id='word_1_131' title='bbox 1584 1859 1709 1899; x_wconf 89' lang='lat' dir='ltr'><strong>cum</strong></span> <span class='ocrx_word' id='word_1_132' title='bbox 1736 1858 1845 1897; x_wconf 65' lang='lat' dir='ltr'><strong>cm-</strong></span> 
     </span>
    </p>
   </div>
   <div class='ocr_carea' id='block_1_18' title="bbox 1942 640 3517 727">
    <p class='ocr_par' dir='ltr' id='par_1_18' title="bbox 1942 640 3517 727">
     <span class='ocr_line' id='line_1_18' title="bbox 1942 640 3517 727; baseline 0.015 -36"><span class='ocrx_word' id='word_1_133' title='bbox 1942 642 2121 696; x_wconf 82' lang='lat' dir='ltr'><strong>lerunt</strong></span> <span class='ocrx_word' id='word_1_134' title='bbox 2146 658 2159 694; x_wconf 89' lang='lat'>:</span> <span class='ocrx_word' id='word_1_135' title='bbox 2204 640 2269 697; x_wconf 76' lang='lat' dir='ltr'><strong>Et</strong></span> <span class='ocrx_word' id='word_1_136' title='bbox 2300 644 2473 696; x_wconf 88' lang='lat' dir='ltr'><strong>induit</strong></span> <span class='ocrx_word' id='word_1_137' title='bbox 2507 660 2626 699; x_wconf 85' lang='lat' dir='ltr'><strong>eum</strong></span> <span class='ocrx_word' id='word_1_138' title='bbox 2656 649 2912 714; x_wconf 80' lang='lat' dir='ltr'><strong>tunicam,</strong></span> <span class='ocrx_word' id='word_1_139' title='bbox 2942 660 2991 705; x_wconf 87' lang='lat' dir='ltr'><strong>et</strong></span> <span class='ocrx_word' id='word_1_140' title='bbox 3018 656 3289 719; x_wconf 73' lang='lat' dir='ltr'><strong>pra-cinxit</strong></span> <span class='ocrx_word' id='word_1_141' title='bbox 3310 674 3517 727; x_wconf 74' lang='lat' dir='ltr'><strong>sonora,</strong></span> 
     </span>
    </p>
   </div>
   <div class='ocr_carea' id='block_1_19' title="bbox 1939 735 3524 820">
    <p class='ocr_par' dir='ltr' id='par_1_19' title="bbox 1939 735 3524 820">
     <span class='ocr_line' id='line_1_19' title="bbox 1939 735 3524 820; baseline 0.016 -36"><span class='ocrx_word' id='word_1_142' title='bbox 1939 744 1987 785; x_wconf 81' lang='lat' dir='ltr'><strong>et</strong></span> <span class='ocrx_word' id='word_1_143' title='bbox 2014 736 2217 788; x_wconf 76' lang='lat' dir='ltr'><strong>vestivit</strong></span> <span class='ocrx_word' id='word_1_144' title='bbox 2247 735 2398 788; x_wconf 85' lang='lat' dir='ltr'><strong>illum</strong></span> <span class='ocrx_word' id='word_1_145' title='bbox 2431 738 2739 807; x_wconf 80' lang='lat' dir='ltr'><strong>hypodytin.</strong></span> <span class='ocrx_word' id='word_1_146' title='bbox 2774 738 2873 795; x_wconf 79' lang='lat' dir='ltr'><strong>llic</strong></span> <span class='ocrx_word' id='word_1_147' title='bbox 2902 745 3191 801; x_wconf 79' lang='lat' dir='ltr'><strong>manifeste</strong></span> <span class='ocrx_word' id='word_1_148' title='bbox 3248 748 3524 820; x_wconf 77' lang='lat' dir='ltr'><strong>Unigeniti</strong></span> 
     </span>
    </p>
   </div>
   <div class='ocr_carea' id='block_1_20' title="bbox 1939 828 3521 906">
    <p class='ocr_par' dir='ltr' id='par_1_20' title="bbox 1939 828 3521 906">
     <span class='ocr_line' id='line_1_20' title="bbox 1939 828 3521 906; baseline 0.014 -27"><span class='ocrx_word' id='word_1_149' title='bbox 1939 828 2257 897; x_wconf 74' lang='lat' dir='ltr'><strong>exsequitur</strong></span> <span class='ocrx_word' id='word_1_150' title='bbox 2277 829 2732 898; x_wconf 86' lang='lat' dir='ltr'><strong>incarnationem,</strong></span> <span class='ocrx_word' id='word_1_151' title='bbox 2763 833 2856 904; x_wconf 90' lang='lat' dir='ltr'><strong>qui</strong></span> <span class='ocrx_word' id='word_1_152' title='bbox 2914 838 3040 906; x_wconf 86' lang='lat' dir='ltr'><strong>quia</strong></span> <span class='ocrx_word' id='word_1_153' title='bbox 3076 848 3247 895; x_wconf 91' lang='lat' dir='ltr'><strong>totum</strong></span> <span class='ocrx_word' id='word_1_154' title='bbox 3273 855 3521 901; x_wconf 87' lang='lat' dir='ltr'><strong>nostrum</strong></span> 
     </span>
    </p>
   </div>
   <div class='ocr_carea' id='block_1_21' title="bbox 1942 920 3528 1006">
    <p class='ocr_par' dir='ltr' id='par_1_21' title="bbox 1942 920 3528 1006">
     <span class='ocr_line' id='line_1_21' title="bbox 1942 920 3528 1006; baseline 0.011 -33"><span class='ocrx_word' id='word_1_155' title='bbox 1942 920 2253 974; x_wconf 87' lang='lat' dir='ltr'><strong>incarnatus</strong></span> <span class='ocrx_word' id='word_1_156' title='bbox 2274 930 2359 975; x_wconf 91' lang='lat' dir='ltr'><strong>est</strong></span> <span class='ocrx_word' id='word_1_157' title='bbox 2394 920 2693 986; x_wconf 89' lang='lat' dir='ltr'><strong>hominem,</strong></span> <span class='ocrx_word' id='word_1_158' title='bbox 2732 926 2989 981; x_wconf 82' lang='lat' dir='ltr'><strong>tunicam</strong></span> <span class='ocrx_word' id='word_1_159' title='bbox 3049 928 3197 983; x_wconf 86' lang='lat' dir='ltr'><strong>indui</strong></span> <span class='ocrx_word' id='word_1_160' title='bbox 3248 943 3303 987; x_wconf 90' lang='lat' dir='ltr'><strong>et</strong></span> <span class='ocrx_word' id='word_1_161' title='bbox 3355 937 3528 1006; x_wconf 75' lang='lat' dir='ltr'><strong>hypo-</strong></span> 
     </span>
    </p>
   </div>
   <div class='ocr_carea' id='block_1_22' title="bbox 1940 1011 3528 1084">
    <p class='ocr_par' dir='ltr' id='par_1_22' title="bbox 1940 1011 3528 1084">
     <span class='ocr_line' id='line_1_22' title="bbox 1940 1011 3528 1084; baseline 0.014 -23"><span class='ocrx_word' id='word_1_162' title='bbox 1940 1011 2087 1080; x_wconf 84' lang='lat' dir='ltr'><strong>dytin</strong></span> <span class='ocrx_word' id='word_1_163' title='bbox 2101 1012 2318 1066; x_wconf 83' lang='lat' dir='ltr'><strong>dicitur.</strong></span> <span class='ocrx_word' id='word_1_164' title='bbox 2340 1013 2543 1083; x_wconf 83' lang='lat' dir='ltr'><strong>Duplex</strong></span> <span class='ocrx_word' id='word_1_165' title='bbox 2562 1016 2804 1069; x_wconf 90' lang='lat' dir='ltr'><strong>estenim</strong></span> <span class='ocrx_word' id='word_1_166' title='bbox 2821 1026 3005 1072; x_wconf 90' lang='lat' dir='ltr'><strong>nostra</strong></span> <span class='ocrx_word' id='word_1_167' title='bbox 3028 1022 3271 1075; x_wconf 83' lang='lat' dir='ltr'><strong>conditio</strong></span> <span class='ocrx_word' id='word_1_168' title='bbox 3290 1045 3298 1077; x_wconf 89' lang='lat'>:</span> <span class='ocrx_word' id='word_1_169' title='bbox 3316 1038 3367 1079; x_wconf 79' lang='lat' dir='ltr'><strong>ct</strong></span> <span class='ocrx_word' id='word_1_170' title='bbox 3387 1046 3528 1084; x_wconf 88' lang='lat' dir='ltr'><strong>unus</strong></span> 
     </span>
    </p>
   </div>
   <div class='ocr_carea' id='block_1_23' title="bbox 1940 1104 3525 1185">
    <p class='ocr_par' dir='ltr' id='par_1_23' title="bbox 1940 1104 3525 1185">
     <span class='ocr_line' id='line_1_23' title="bbox 1940 1104 3525 1185; baseline 0.013 -28"><span class='ocrx_word' id='word_1_171' title='bbox 1940 1104 2159 1171; x_wconf 88' lang='lat' dir='ltr'><strong>quidem</strong></span> <span class='ocrx_word' id='word_1_172' title='bbox 2178 1106 2233 1159; x_wconf 91' lang='lat' dir='ltr'><strong>in</strong></span> <span class='ocrx_word' id='word_1_173' title='bbox 2253 1107 2410 1160; x_wconf 88' lang='lat' dir='ltr'><strong>nobis</strong></span> <span class='ocrx_word' id='word_1_174' title='bbox 2434 1107 2602 1161; x_wconf 91' lang='lat' dir='ltr'><strong>estde</strong></span> <span class='ocrx_word' id='word_1_175' title='bbox 2633 1108 2857 1174; x_wconf 84' lang='lat' dir='ltr'><strong>pulvere</strong></span> <span class='ocrx_word' id='word_1_176' title='bbox 2886 1126 2899 1160; x_wconf 89' lang='lat'>:</span> <span class='ocrx_word' id='word_1_177' title='bbox 2934 1111 3070 1165; x_wconf 78' lang='lat' dir='ltr'><strong>alter</strong></span> <span class='ocrx_word' id='word_1_178' title='bbox 3100 1115 3372 1185; x_wconf 68' lang='lat' dir='ltr'><strong>cmlestis;</strong></span> <span class='ocrx_word' id='word_1_179' title='bbox 3431 1124 3525 1177; x_wconf 90' lang='lat' dir='ltr'><strong>sed</strong></span> 
     </span>
    </p>
   </div>
   <div class='ocr_carea' id='block_1_24' title="bbox 1942 1198 3525 1272">
    <p class='ocr_par' dir='ltr' id='par_1_24' title="bbox 1942 1198 3525 1272">
     <span class='ocr_line' id='line_1_24' title="bbox 1942 1198 3525 1272; baseline 0.011 -22"><span class='ocrx_word' id='word_1_180' title='bbox 1942 1206 2122 1250; x_wconf 83' lang='lat' dir='ltr'><strong>tamen</strong></span> <span class='ocrx_word' id='word_1_181' title='bbox 2157 1212 2298 1251; x_wconf 88' lang='lat' dir='ltr'><strong>unus</strong></span> <span class='ocrx_word' id='word_1_182' title='bbox 2334 1208 2582 1267; x_wconf 88' lang='lat' dir='ltr'><strong>uterque.</strong></span> <span class='ocrx_word' id='word_1_183' title='bbox 2616 1198 2706 1253; x_wconf 84' lang='lat' dir='ltr'><strong>Ait</strong></span> <span class='ocrx_word' id='word_1_184' title='bbox 2745 1199 2892 1253; x_wconf 91' lang='lat' dir='ltr'><strong>enim</strong></span> <span class='ocrx_word' id='word_1_185' title='bbox 2956 1201 3163 1272; x_wconf 75' lang='lat' dir='ltr'><strong>Moyses</strong></span> <span class='ocrx_word' id='word_1_186' title='bbox 3195 1223 3208 1258; x_wconf 92' lang='lat'>:</span> <span class='ocrx_word' id='word_1_187' title='bbox 3262 1208 3525 1267; x_wconf 77' lang='lat' dir='ltr'><strong>Fat-movit</strong></span> 
     </span>
    </p>
   </div>
   <div class='ocr_carea' id='block_1_25' title="bbox 1951 1289 3523 1365">
    <p class='ocr_par' dir='ltr' id='par_1_25' title="bbox 1951 1289 3523 1365">
     <span class='ocr_line' id='line_1_25' title="bbox 1951 1289 3523 1365; baseline 0.012 -25"><span class='ocrx_word' id='word_1_188' title='bbox 1951 1289 2082 1341; x_wconf 82' lang='lat' dir='ltr'><strong>Deus</strong></span> <span class='ocrx_word' id='word_1_189' title='bbox 2106 1289 2365 1343; x_wconf 82' lang='lat' dir='ltr'><strong>hominem</strong></span> <span class='ocrx_word' id='word_1_190' title='bbox 2388 1290 2592 1343; x_wconf 78' lang='lat' dir='ltr'><strong>delimo</strong></span> <span class='ocrx_word' id='word_1_191' title='bbox 2620 1301 2809 1356; x_wconf 60' lang='lat' dir='ltr'><strong>terror;</strong></span> <span class='ocrx_word' id='word_1_192' title='bbox 2862 1292 2952 1348; x_wconf 81' lang='lat' dir='ltr'><strong>hic</strong></span> <span class='ocrx_word' id='word_1_193' title='bbox 2983 1306 3067 1350; x_wconf 87' lang='lat' dir='ltr'><strong>est</strong></span> <span class='ocrx_word' id='word_1_194' title='bbox 3092 1311 3223 1365; x_wconf 65' lang='lat' dir='ltr'><strong>ergo</strong></span> <span class='ocrx_word' id='word_1_195' title='bbox 3259 1308 3523 1359; x_wconf 85' lang='lat' dir='ltr'><strong>terrenus.</strong></span> 
     </span>
    </p>
   </div>
   <div class='ocr_carea' id='block_1_26' title="bbox 1945 1374 3529 1463">
    <p class='ocr_par' dir='ltr' id='par_1_26' title="bbox 1945 1374 3529 1463">
     <span class='ocr_line' id='line_1_26' title="bbox 1945 1374 3529 1463; baseline 0.007 -35"><span class='ocrx_word' id='word_1_196' title='bbox 1945 1374 2011 1429; x_wconf 80' lang='lat' dir='ltr'><strong>Et</strong></span> <span class='ocrx_word' id='word_1_197' title='bbox 2036 1378 2318 1447; x_wconf 75' lang='lat' dir='ltr'><strong>insuﬂlavit</strong></span> <span class='ocrx_word' id='word_1_198' title='bbox 2342 1381 2396 1431; x_wconf 83' lang='lat' dir='ltr'><strong>in</strong></span> <span class='ocrx_word' id='word_1_199' title='bbox 2418 1381 2608 1449; x_wconf 79' lang='lat' dir='ltr'><strong>[aciem</strong></span> <span class='ocrx_word' id='word_1_200' title='bbox 2632 1380 2748 1451; x_wconf 80' lang='lat' dir='ltr'><strong>ejus</strong></span> <span class='ocrx_word' id='word_1_201' title='bbox 2794 1384 3039 1452; x_wconf 84' lang='lat' dir='ltr'><strong>spiritum</strong></span> <span class='ocrx_word' id='word_1_202' title='bbox 3106 1389 3297 1456; x_wconf 64' lang='lat' dir='ltr'><strong>vitae“;</strong></span> <span class='ocrx_word' id='word_1_203' title='bbox 3364 1409 3529 1463; x_wconf 80' lang='lat' dir='ltr'><strong>aper-</strong></span> 
     </span>
    </p>
   </div>
   <div class='ocr_carea' id='block_1_27' title="bbox 1945 1468 3531 1546">
    <p class='ocr_par' dir='ltr' id='par_1_27' title="bbox 1945 1468 3531 1546">
     <span class='ocr_line' id='line_1_27' title="bbox 1945 1468 3531 1546; baseline 0.012 -23"><span class='ocrx_word' id='word_1_204' title='bbox 1945 1468 2153 1524; x_wconf 80' lang='lat' dir='ltr'><strong>tissime</strong></span> <span class='ocrx_word' id='word_1_205' title='bbox 2200 1471 2290 1525; x_wconf 89' lang='lat' dir='ltr'><strong>hic</strong></span> <span class='ocrx_word' id='word_1_206' title='bbox 2313 1471 2553 1527; x_wconf 67' lang='lat' dir='ltr'><strong>ctrlestis</strong></span> <span class='ocrx_word' id='word_1_207' title='bbox 2569 1482 2673 1527; x_wconf 88' lang='lat' dir='ltr'><strong>est.</strong></span> <span class='ocrx_word' id='word_1_208' title='bbox 2710 1475 2777 1528; x_wconf 82' lang='lat' dir='ltr'><strong>Et</strong></span> <span class='ocrx_word' id='word_1_209' title='bbox 2806 1478 2977 1546; x_wconf 83' lang='lat' dir='ltr'><strong>factus</strong></span> <span class='ocrx_word' id='word_1_210' title='bbox 3017 1490 3092 1533; x_wconf 82' lang='lat' dir='ltr'><strong>cst</strong></span> <span class='ocrx_word' id='word_1_211' title='bbox 3132 1482 3285 1536; x_wconf 79' lang='lat' dir='ltr'><strong>homo</strong></span> <span class='ocrx_word' id='word_1_212' title='bbox 3324 1486 3378 1538; x_wconf 86' lang='lat' dir='ltr'><strong>in</strong></span> <span class='ocrx_word' id='word_1_213' title='bbox 3408 1494 3531 1542; x_wconf 87' lang='lat' dir='ltr'><strong>ani-</strong></span> 
     </span>
    </p>
   </div>
   <div class='ocr_carea' id='block_1_28' title="bbox 1947 1566 3531 1645">
    <p class='ocr_par' dir='ltr' id='par_1_28' title="bbox 1947 1566 3531 1645">
     <span class='ocr_line' id='line_1_28' title="bbox 1947 1566 3531 1645; baseline 0.012 -27"><span class='ocrx_word' id='word_1_214' title='bbox 1947 1582 2089 1618; x_wconf 89' lang='lat' dir='ltr'><strong>mam</strong></span> <span class='ocrx_word' id='word_1_215' title='bbox 2112 1566 2287 1619; x_wconf 84' lang='lat' dir='ltr'><strong>vivom</strong></span> <span class='ocrx_word' id='word_1_216' title='bbox 2309 1568 2330 1597; x_wconf 75' lang='lat'>’</span> <span class='ocrx_word' id='word_1_217' title='bbox 2358 1581 2370 1616; x_wconf 74' lang='grc' dir='ltr'>ε</span> <span class='ocrx_word' id='word_1_218' title='bbox 2416 1582 2585 1621; x_wconf 89' lang='lat' dir='ltr'><strong>unum</strong></span> <span class='ocrx_word' id='word_1_219' title='bbox 2615 1568 2763 1623; x_wconf 88' lang='lat' dir='ltr'><strong>enim</strong></span> <span class='ocrx_word' id='word_1_220' title='bbox 2790 1570 2994 1624; x_wconf 84' lang='lat' dir='ltr'><strong>animal</strong></span> <span class='ocrx_word' id='word_1_221' title='bbox 3041 1580 3290 1645; x_wconf 85' lang='lat' dir='ltr'><strong>uterque.</strong></span> <span class='ocrx_word' id='word_1_222' title='bbox 3321 1578 3423 1643; x_wconf 87' lang='lat' dir='ltr'><strong>Qui</strong></span> <span class='ocrx_word' id='word_1_223' title='bbox 3484 1584 3531 1637; x_wconf 88' lang='lat' dir='ltr'><strong>si</strong></span> 
     </span>
    </p>
   </div>
   <div class='ocr_carea' id='block_1_29' title="bbox 1943 1657 3531 1746">
    <p class='ocr_par' dir='ltr' id='par_1_29' title="bbox 1943 1657 3531 1746">
     <span class='ocr_line' id='line_1_29' title="bbox 1943 1657 3531 1746; baseline 0.012 -37"><span class='ocrx_word' id='word_1_224' title='bbox 1943 1657 2165 1727; x_wconf 88' lang='lat' dir='ltr'><strong>quidem</strong></span> <span class='ocrx_word' id='word_1_225' title='bbox 2193 1674 2252 1713; x_wconf 91' lang='lat' dir='ltr'><strong>se</strong></span> <span class='ocrx_word' id='word_1_226' title='bbox 2282 1660 2347 1712; x_wconf 87' lang='lat' dir='ltr'><strong>ad</strong></span> <span class='ocrx_word' id='word_1_227' title='bbox 2380 1674 2666 1730; x_wconf 83' lang='lat' dir='ltr'><strong>corporea,</strong></span> <span class='ocrx_word' id='word_1_228' title='bbox 2693 1671 2750 1717; x_wconf 89' lang='lat' dir='ltr'><strong>et</strong></span> <span class='ocrx_word' id='word_1_229' title='bbox 2770 1663 3531 1746; x_wconf 39' lang='lat' dir='ltr'><strong>voluptateslconvertatcar-</strong></span> 
     </span>
    </p>
   </div>
   <div class='ocr_carea' id='block_1_30' title="bbox 1946 1750 3535 1828">
    <p class='ocr_par' dir='ltr' id='par_1_30' title="bbox 1946 1750 3535 1828">
     <span class='ocr_line' id='line_1_30' title="bbox 1946 1750 3535 1828; baseline 0.011 -25"><span class='ocrx_word' id='word_1_230' title='bbox 1946 1750 2099 1804; x_wconf 85' lang='lat' dir='ltr'><strong>nales</strong></span> <span class='ocrx_word' id='word_1_231' title='bbox 2151 1767 2164 1803; x_wconf 87' lang='lat'><strong>:</strong></span> <span class='ocrx_word' id='word_1_232' title='bbox 2228 1761 2374 1806; x_wconf 90' lang='lat' dir='ltr'><strong>totus</strong></span> <span class='ocrx_word' id='word_1_233' title='bbox 2397 1753 2562 1808; x_wconf 88' lang='lat' dir='ltr'><strong>homo</strong></span> <span class='ocrx_word' id='word_1_234' title='bbox 2609 1764 2886 1822; x_wconf 78' lang='lat' dir='ltr'><strong>terrrnus,</strong></span> <span class='ocrx_word' id='word_1_235' title='bbox 2936 1758 3091 1828; x_wconf 82' lang='lat' dir='ltr'><strong>quasi</strong></span> <span class='ocrx_word' id='word_1_236' title='bbox 3151 1763 3424 1817; x_wconf 78' lang='lat' dir='ltr'><strong>exstincto</strong></span> <span class='ocrx_word' id='word_1_237' title='bbox 3476 1777 3535 1821; x_wconf 84' lang='lat' dir='ltr'><strong>et</strong></span> 
     </span>
    </p>
   </div>
   <div class='ocr_carea' id='block_1_31' title="bbox 1945 1843 3532 1917">
    <p class='ocr_par' dir='ltr' id='par_1_31' title="bbox 1945 1843 3532 1917">
     <span class='ocr_line' id='line_1_31' title="bbox 1945 1843 3532 1917; baseline 0.011 -21"><span class='ocrx_word' id='word_1_238' title='bbox 1945 1843 2207 1898; x_wconf 84' lang='lat' dir='ltr'><strong>com-lose</strong></span> <span class='ocrx_word' id='word_1_239' title='bbox 2227 1844 2437 1900; x_wconf 72' lang='lat' dir='ltr'><strong>caelesti</strong></span> <span class='ocrx_word' id='word_1_240' title='bbox 2463 1848 2900 1917; x_wconf 85' lang='lat' dir='ltr'><strong>nuncupabitur;</strong></span> <span class='ocrx_word' id='word_1_241' title='bbox 2959 1851 3003 1905; x_wconf 88' lang='lat' dir='ltr'><strong>si</strong></span> <span class='ocrx_word' id='word_1_242' title='bbox 3035 1862 3218 1908; x_wconf 89' lang='lat' dir='ltr'><strong>autem</strong></span> <span class='ocrx_word' id='word_1_243' title='bbox 3242 1855 3387 1911; x_wconf 87' lang='lat' dir='ltr'><strong>circa</strong></span> <span class='ocrx_word' id='word_1_244' title='bbox 3416 1859 3532 1914; x_wconf 85' lang='lat' dir='ltr'><strong>sola</strong></span> 
     </span>
    </p>
   </div>
   <div class='ocr_carea' id='block_1_32' title="bbox 260 1919 3531 2017">
    <p class='ocr_par' dir='ltr' id='par_1_32' title="bbox 260 1919 3531 2017">
     <span class='ocr_line' id='line_1_32' title="bbox 260 1919 3531 2017; baseline 0.002 -16"><span class='ocrx_word' id='word_1_245' title='bbox 260 1947 392 2001; x_wconf 86' lang='lat' dir='ltr'><strong>teris</strong></span> <span class='ocrx_word' id='word_1_246' title='bbox 418 1919 823 2016; x_wconf 73' lang='lat' dir='ltr'><strong>apostolisait:</strong></span> <span class='ocrx_word' id='word_1_247' title='bbox 881 1942 1001 1996; x_wconf 82' lang='lat' dir='ltr'><strong>Non</strong></span> <span class='ocrx_word' id='word_1_248' title='bbox 1060 1951 1134 1995; x_wconf 83' lang='lat' dir='ltr'><strong>est</strong></span> <span class='ocrx_word' id='word_1_249' title='bbox 1166 1956 1377 2009; x_wconf 69' lang='lat' dir='ltr'><strong>(equam</strong></span> <span class='ocrx_word' id='word_1_250' title='bbox 1409 1940 1708 2009; x_wconf 85' lang='lat' dir='ltr'><strong>relinquere</strong></span> <span class='ocrx_word' id='word_1_251' title='bbox 1756 1951 1845 1991; x_wconf 89' lang='lat' dir='ltr'><strong>vos</strong></span> <span class='ocrx_word' id='word_1_252' title='bbox 1880 1930 1921 1988; x_wconf 83' lang='grc' dir='ltr'><strong>Β</strong></span> <span class='ocrx_word' id='word_1_253' title='bbox 1948 1947 2238 1989; x_wconf 85' lang='lat' dir='ltr'><strong>versemur</strong></span> <span class='ocrx_word' id='word_1_254' title='bbox 2270 1919 2471 1992; x_wconf 74' lang='lat' dir='ltr'><strong>anima:</strong></span> <span class='ocrx_word' id='word_1_255' title='bbox 2524 1938 2885 2008; x_wconf 82' lang='lat' dir='ltr'><strong>prolicientla,</strong></span> <span class='ocrx_word' id='word_1_256' title='bbox 2950 1943 3426 2017; x_wconf 89' lang='lat' dir='ltr'><strong>concedamusque</strong></span> <span class='ocrx_word' id='word_1_257' title='bbox 3478 1952 3531 2008; x_wconf 93' lang='lat' dir='ltr'><strong>ci</strong></span> 
     </span>
    </p>
   </div>
   <div class='ocr_carea' id='block_1_33' title="bbox 256 2030 1838 2099">
    <p class='ocr_par' dir='ltr' id='par_1_33' title="bbox 256 2030 1838 2099">
     <span class='ocr_line' id='line_1_33' title="bbox 256 2030 1838 2099; baseline -0.006 -7"><span class='ocrx_word' id='word_1_258' title='bbox 256 2040 471 2093; x_wconf 82' lang='lat' dir='ltr'><strong>verbum</strong></span> <span class='ocrx_word' id='word_1_259' title='bbox 495 2038 609 2099; x_wconf 89' lang='lat' dir='ltr'><strong>Dei,</strong></span> <span class='ocrx_word' id='word_1_260' title='bbox 640 2047 688 2091; x_wconf 89' lang='lat' dir='ltr'><strong>et</strong></span> <span class='ocrx_word' id='word_1_261' title='bbox 730 2038 1038 2090; x_wconf 86' lang='lat' dir='ltr'><strong>ministrare</strong></span> <span class='ocrx_word' id='word_1_262' title='bbox 1075 2037 1267 2088; x_wconf 79' lang='lat' dir='ltr'><strong>mensis</strong></span> <span class='ocrx_word' id='word_1_263' title='bbox 1293 2037 1336 2088; x_wconf 79' lang='lat'><strong>&#39;.</strong></span> <span class='ocrx_word' id='word_1_264' title='bbox 1368 2033 1424 2086; x_wconf 92' lang='lat' dir='ltr'><strong>In</strong></span> <span class='ocrx_word' id='word_1_265' title='bbox 1452 2032 1656 2088; x_wconf 83' lang='lat' dir='ltr'><strong>multas</strong></span> <span class='ocrx_word' id='word_1_266' title='bbox 1689 2030 1838 2085; x_wconf 88' lang='lat' dir='ltr'><strong>enim</strong></span> 
     </span>
    </p>
   </div>
   <div class='ocr_carea' id='block_1_34' title="bbox 256 2124 1843 2203">
    <p class='ocr_par' dir='ltr' id='par_1_34' title="bbox 256 2124 1843 2203">
     <span class='ocr_line' id='line_1_34' title="bbox 256 2124 1843 2203; baseline -0.006 -17"><span class='ocrx_word' id='word_1_267' title='bbox 256 2132 465 2203; x_wconf 73' lang='lat' dir='ltr'><strong>linguas</strong></span> <span class='ocrx_word' id='word_1_268' title='bbox 513 2142 568 2187; x_wconf 91' lang='lat' dir='ltr'><strong>et</strong></span> <span class='ocrx_word' id='word_1_269' title='bbox 592 2132 909 2187; x_wconf 76' lang='lat' dir='ltr'><strong>differentes</strong></span> <span class='ocrx_word' id='word_1_270' title='bbox 955 2130 1189 2184; x_wconf 84' lang='lat' dir='ltr'><strong>divisum</strong></span> <span class='ocrx_word' id='word_1_271' title='bbox 1256 2139 1359 2181; x_wconf 79' lang='lat' dir='ltr'><strong>est.</strong></span> <span class='ocrx_word' id='word_1_272' title='bbox 1401 2126 1533 2191; x_wconf 78' lang='lat' dir='ltr'><strong>Qme</strong></span> <span class='ocrx_word' id='word_1_273' title='bbox 1585 2139 1710 2179; x_wconf 91' lang='lat' dir='ltr'><strong>cum</strong></span> <span class='ocrx_word' id='word_1_274' title='bbox 1761 2124 1843 2192; x_wconf 76' lang='lat' dir='ltr'><strong>ia-</strong></span> 
     </span>
    </p>
   </div>
   <div class='ocr_carea' id='block_1_35' title="bbox 255 2217 1837 2292">
    <p class='ocr_par' dir='ltr' id='par_1_35' title="bbox 255 2217 1837 2292">
     <span class='ocr_line' id='line_1_35' title="bbox 255 2217 1837 2292; baseline -0.005 -13"><span class='ocrx_word' id='word_1_275' title='bbox 255 2241 379 2279; x_wconf 77' lang='lat' dir='ltr'><strong>nuae</strong></span> <span class='ocrx_word' id='word_1_276' title='bbox 428 2234 648 2292; x_wconf 80' lang='lat' dir='ltr'><strong>propter</strong></span> <span class='ocrx_word' id='word_1_277' title='bbox 687 2222 1093 2276; x_wconf 88' lang='lat' dir='ltr'><strong>multitudinem</strong></span> <span class='ocrx_word' id='word_1_278' title='bbox 1114 2221 1243 2281; x_wconf 86' lang='lat' dir='ltr'><strong>sint.</strong></span> <span class='ocrx_word' id='word_1_279' title='bbox 1259 2220 1327 2274; x_wconf 85' lang='lat' dir='ltr'><strong>ad</strong></span> <span class='ocrx_word' id='word_1_280' title='bbox 1368 2234 1537 2274; x_wconf 89' lang='lat' dir='ltr'><strong>unum</strong></span> <span class='ocrx_word' id='word_1_281' title='bbox 1557 2217 1837 2273; x_wconf 90' lang='lat' dir='ltr'><strong>introitum</strong></span> 
     </span>
    </p>
   </div>
   <div class='ocr_carea' id='block_1_36' title="bbox 257 2312 1835 2384">
    <p class='ocr_par' dir='ltr' id='par_1_36' title="bbox 257 2312 1835 2384">
     <span class='ocr_line' id='line_1_36' title="bbox 257 2312 1835 2384; baseline -0.005 -11"><span class='ocrx_word' id='word_1_282' title='bbox 257 2319 402 2379; x_wconf 74' lang='lat' dir='ltr'><strong>vltze.</strong></span> <span class='ocrx_word' id='word_1_283' title='bbox 441 2317 493 2371; x_wconf 89' lang='lat' dir='ltr'><strong>id</strong></span> <span class='ocrx_word' id='word_1_284' title='bbox 524 2327 609 2372; x_wconf 90' lang='lat' dir='ltr'><strong>est</strong></span> <span class='ocrx_word' id='word_1_285' title='bbox 626 2316 826 2370; x_wconf 82' lang='lat' dir='ltr'><strong>Christi</strong></span> <span class='ocrx_word' id='word_1_286' title='bbox 877 2316 1124 2384; x_wconf 74' lang='lat' dir='ltr'><strong>ianuam,</strong></span> <span class='ocrx_word' id='word_1_287' title='bbox 1188 2315 1467 2369; x_wconf 83' lang='lat' dir='ltr'><strong>deducunt</strong></span> <span class='ocrx_word' id='word_1_288' title='bbox 1510 2312 1835 2368; x_wconf 87' lang='lat' dir='ltr'><strong>auditorem.</strong></span> 
     </span>
    </p>
   </div>
   <div class='ocr_carea' id='block_1_37' title="bbox 328 2404 1839 2481">
    <p class='ocr_par' dir='ltr' id='par_1_37' title="bbox 328 2404 1839 2481">
     <span class='ocr_line' id='line_1_37' title="bbox 328 2404 1839 2481; baseline -0.005 -17"><span class='ocrx_word' id='word_1_289' title='bbox 328 2410 763 2481; x_wconf 80' lang='lat' dir='ltr'><strong>Congregataqttc</strong></span> <span class='ocrx_word' id='word_1_290' title='bbox 788 2410 930 2462; x_wconf 91' lang='lat' dir='ltr'><strong>omni</strong></span> <span class='ocrx_word' id='word_1_291' title='bbox 962 2409 1117 2461; x_wconf 90' lang='lat' dir='ltr'><strong>turba</strong></span> <span class='ocrx_word' id='word_1_292' title='bbox 1148 2420 1273 2461; x_wconf 88' lang='lat' dir='ltr'><strong>ante</strong></span> <span class='ocrx_word' id='word_1_293' title='bbox 1296 2409 1433 2477; x_wconf 76' lang='lat' dir='ltr'><strong>fores</strong></span> <span class='ocrx_word' id='word_1_294' title='bbox 1463 2407 1538 2460; x_wconf 88' lang='lat' dir='ltr'><strong>ait</strong></span> <span class='ocrx_word' id='word_1_295' title='bbox 1564 2420 1579 2458; x_wconf 90' lang='lat'><strong>:</strong></span> <span class='ocrx_word' id='word_1_296' title='bbox 1604 2404 1705 2458; x_wconf 85' lang='lat' dir='ltr'><strong>Hic</strong></span> <span class='ocrx_word' id='word_1_297' title='bbox 1764 2412 1839 2457; x_wconf 88' lang='lat' dir='ltr'><strong>est</strong></span> 
     </span>
    </p>
   </div>
   <div class='ocr_carea' id='block_1_38' title="bbox 256 2490 1838 2570">
    <p class='ocr_par' dir='ltr' id='par_1_38' title="bbox 256 2490 1838 2570">
     <span class='ocr_line' id='line_1_38' title="bbox 256 2490 1838 2570; baseline -0.008 -14"><span class='ocrx_word' id='word_1_298' title='bbox 256 2518 448 2565; x_wconf 92' lang='lat' dir='ltr'><strong>sermo,</strong></span> <span class='ocrx_word' id='word_1_299' title='bbox 480 2515 632 2570; x_wconf 84' lang='lat' dir='ltr'><strong>quem</strong></span> <span class='ocrx_word' id='word_1_300' title='bbox 654 2499 817 2567; x_wconf 86' lang='lat' dir='ltr'><strong>jussit</strong></span> <span class='ocrx_word' id='word_1_301' title='bbox 852 2496 1107 2551; x_wconf 77' lang='lat' dir='ltr'><strong>Dominus</strong></span> <span class='ocrx_word' id='word_1_302' title='bbox 1149 2498 1289 2564; x_wconf 81' lang='lat' dir='ltr'><strong>ﬁeri.</strong></span> <span class='ocrx_word' id='word_1_303' title='bbox 1317 2494 1453 2562; x_wconf 88' lang='lat' dir='ltr'><strong>Quis</strong></span> <span class='ocrx_word' id='word_1_304' title='bbox 1472 2507 1657 2549; x_wconf 86' lang='lat' dir='ltr'><strong>sermo</strong></span> <span class='ocrx_word' id='word_1_305' title='bbox 1712 2490 1838 2553; x_wconf 87' lang='lat' dir='ltr'><strong>ille,</strong></span> 
     </span>
    </p>
   </div>
   <div class='ocr_carea' id='block_1_39' title="bbox 254 2572 1838 2663">
    <p class='ocr_par' dir='ltr' id='par_1_39' title="bbox 254 2572 1838 2663">
     <span class='ocr_line' id='line_1_39' title="bbox 254 2572 1838 2663; baseline -0.008 -16"><span class='ocrx_word' id='word_1_306' title='bbox 254 2572 325 2647; x_wconf 68' lang='lat' dir='ltr'><strong>et</strong></span> <span class='ocrx_word' id='word_1_307' title='bbox 346 2608 455 2663; x_wconf 88' lang='lat' dir='ltr'><strong>quo</strong></span> <span class='ocrx_word' id='word_1_308' title='bbox 482 2591 691 2645; x_wconf 88' lang='lat' dir='ltr'><strong>scilicet</strong></span> <span class='ocrx_word' id='word_1_309' title='bbox 730 2588 897 2642; x_wconf 83' lang='lat' dir='ltr'><strong>David</strong></span> <span class='ocrx_word' id='word_1_310' title='bbox 930 2588 1147 2642; x_wconf 77' lang='lat' dir='ltr'><strong>dicebat</strong></span> <span class='ocrx_word' id='word_1_311' title='bbox 1179 2605 1189 2639; x_wconf 95' lang='lat'>:</span> <span class='ocrx_word' id='word_1_312' title='bbox 1256 2587 1513 2641; x_wconf 85' lang='lat' dir='ltr'><strong>Dominus</strong></span> <span class='ocrx_word' id='word_1_313' title='bbox 1543 2586 1690 2639; x_wconf 83' lang='lat' dir='ltr'><strong>dabit</strong></span> <span class='ocrx_word' id='word_1_314' title='bbox 1722 2599 1838 2639; x_wconf 81' lang='lat' dir='ltr'><strong>ver-</strong></span> 
     </span>
    </p>
   </div>
   <div class='ocr_carea' id='block_1_40' title="bbox 257 2678 1839 2753">
    <p class='ocr_par' dir='ltr' id='par_1_40' title="bbox 257 2678 1839 2753">
     <span class='ocr_line' id='line_1_40' title="bbox 257 2678 1839 2753; baseline -0.004 -15"><span class='ocrx_word' id='word_1_315' title='bbox 257 2686 379 2738; x_wconf 77' lang='lat' dir='ltr'><strong>bum</strong></span> <span class='ocrx_word' id='word_1_316' title='bbox 416 2682 892 2753; x_wconf 80' lang='lat' dir='ltr'><strong>evangelizantibus</strong></span> <span class='ocrx_word' id='word_1_317' title='bbox 941 2681 1187 2734; x_wconf 86' lang='lat' dir='ltr'><strong>virtutem</strong></span> <span class='ocrx_word' id='word_1_318' title='bbox 1239 2683 1463 2735; x_wconf 84' lang='lat' dir='ltr'><strong>multant</strong></span> <span class='ocrx_word' id='word_1_319' title='bbox 1496 2680 1557 2732; x_wconf 67' lang='grc'><strong>³⁸3</strong></span> <span class='ocrx_word' id='word_1_320' title='bbox 1622 2678 1729 2733; x_wconf 86' lang='lat' dir='ltr'><strong>Sed</strong></span> <span class='ocrx_word' id='word_1_321' title='bbox 1785 2686 1839 2731; x_wconf 87' lang='lat' dir='ltr'><strong>et</strong></span> 
     </span>
    </p>
   </div>
   <div class='ocr_carea' id='block_1_41' title="bbox 262 2769 1837 2843">
    <p class='ocr_par' dir='ltr' id='par_1_41' title="bbox 262 2769 1837 2843">
     <span class='ocr_line' id='line_1_41' title="bbox 262 2769 1837 2843; baseline -0.004 -15"><span class='ocrx_word' id='word_1_322' title='bbox 262 2774 454 2829; x_wconf 86' lang='lat' dir='ltr'><strong>Petrus</strong></span> <span class='ocrx_word' id='word_1_323' title='bbox 485 2774 697 2843; x_wconf 84' lang='lat' dir='ltr'><strong>planius</strong></span> <span class='ocrx_word' id='word_1_324' title='bbox 722 2774 798 2826; x_wconf 89' lang='lat' dir='ltr'><strong>ait</strong></span> <span class='ocrx_word' id='word_1_325' title='bbox 840 2790 854 2825; x_wconf 90' lang='lat'><strong>:</strong></span> <span class='ocrx_word' id='word_1_326' title='bbox 895 2770 1008 2824; x_wconf 80' lang='lat' dir='ltr'><strong>Hoc</strong></span> <span class='ocrx_word' id='word_1_327' title='bbox 1038 2781 1112 2824; x_wconf 88' lang='lat' dir='ltr'><strong>est</strong></span> <span class='ocrx_word' id='word_1_328' title='bbox 1141 2771 1352 2824; x_wconf 78' lang='lat' dir='ltr'><strong>verbum</strong></span> <span class='ocrx_word' id='word_1_329' title='bbox 1384 2772 1523 2840; x_wconf 86' lang='lat' dir='ltr'><strong>quod</strong></span> <span class='ocrx_word' id='word_1_330' title='bbox 1543 2769 1837 2823; x_wconf 84' lang='lat' dir='ltr'><strong>annuntia-</strong></span> 
     </span>
    </p>
   </div>
   <div class='ocr_carea' id='block_1_42' title="bbox 260 2864 1840 2937">
    <p class='ocr_par' dir='ltr' id='par_1_42' title="bbox 260 2864 1840 2937">
     <span class='ocr_line' id='line_1_42' title="bbox 260 2864 1840 2937; baseline -0.003 -17"><span class='ocrx_word' id='word_1_331' title='bbox 260 2879 371 2921; x_wconf 78' lang='lat' dir='ltr'><strong>tum</strong></span> <span class='ocrx_word' id='word_1_332' title='bbox 399 2876 475 2920; x_wconf 89' lang='lat' dir='ltr'><strong>est</strong></span> <span class='ocrx_word' id='word_1_333' title='bbox 507 2867 669 2920; x_wconf 86' lang='lat' dir='ltr'><strong>vobis.</strong></span> <span class='ocrx_word' id='word_1_334' title='bbox 701 2866 1061 2937; x_wconf 78' lang='lat' dir='ltr'><strong>Evangelicus</strong></span> <span class='ocrx_word' id='word_1_335' title='bbox 1100 2864 1367 2932; x_wconf 78' lang='lat' dir='ltr'><strong>siquidem</strong></span> <span class='ocrx_word' id='word_1_336' title='bbox 1402 2877 1644 2933; x_wconf 70' lang='lat' dir='ltr'><strong>praesens</strong></span> <span class='ocrx_word' id='word_1_337' title='bbox 1660 2876 1840 2917; x_wconf 86' lang='lat' dir='ltr'><strong>sermo</strong></span> 
     </span>
    </p>
   </div>
   <div class='ocr_carea' id='block_1_43' title="bbox 257 2956 1837 3030">
    <p class='ocr_par' dir='ltr' id='par_1_43' title="bbox 257 2956 1837 3030">
     <span class='ocr_line' id='line_1_43' title="bbox 257 2956 1837 3030; baseline -0.003 -16"><span class='ocrx_word' id='word_1_338' title='bbox 257 2968 362 3023; x_wconf 90' lang='lat' dir='ltr'><strong>est,</strong></span> <span class='ocrx_word' id='word_1_339' title='bbox 396 2960 521 3030; x_wconf 89' lang='lat' dir='ltr'><strong>quia</strong></span> <span class='ocrx_word' id='word_1_340' title='bbox 547 2968 596 3013; x_wconf 91' lang='lat' dir='ltr'><strong>et</strong></span> <span class='ocrx_word' id='word_1_341' title='bbox 633 2959 953 3028; x_wconf 73' lang='lat' dir='ltr'><strong>Evangelica</strong></span> <span class='ocrx_word' id='word_1_342' title='bbox 985 2967 1117 3013; x_wconf 86' lang='lat' dir='ltr'><strong>sunt</strong></span> <span class='ocrx_word' id='word_1_343' title='bbox 1143 2958 1212 3011; x_wconf 86' lang='lat' dir='ltr'><strong>ab</strong></span> <span class='ocrx_word' id='word_1_344' title='bbox 1256 2972 1328 3012; x_wconf 87' lang='lat' dir='ltr'><strong>eo</strong></span> <span class='ocrx_word' id='word_1_345' title='bbox 1360 2956 1687 3011; x_wconf 86' lang='lat' dir='ltr'><strong>annuntiata</strong></span> <span class='ocrx_word' id='word_1_346' title='bbox 1720 2971 1837 3025; x_wconf 82' lang='lat' dir='ltr'><strong>my—</strong></span> 
     </span>
    </p>
   </div>
   <div class='ocr_carea' id='block_1_44' title="bbox 257 3048 1840 3121">
    <p class='ocr_par' dir='ltr' id='par_1_44' title="bbox 257 3048 1840 3121">
     <span class='ocr_line' id='line_1_44' title="bbox 257 3048 1840 3121; baseline -0.004 -14"><span class='ocrx_word' id='word_1_347' title='bbox 257 3054 447 3114; x_wconf 84' lang='lat' dir='ltr'><strong>steria,</strong></span> <span class='ocrx_word' id='word_1_348' title='bbox 469 3052 667 3121; x_wconf 88' lang='lat' dir='ltr'><strong>quibus</strong></span> <span class='ocrx_word' id='word_1_349' title='bbox 696 3061 751 3105; x_wconf 89' lang='lat' dir='ltr'><strong>et</strong></span> <span class='ocrx_word' id='word_1_350' title='bbox 771 3050 939 3119; x_wconf 78' lang='lat' dir='ltr'><strong>gratia</strong></span> <span class='ocrx_word' id='word_1_351' title='bbox 963 3050 1107 3103; x_wconf 89' lang='lat' dir='ltr'><strong>inest</strong></span> <span class='ocrx_word' id='word_1_352' title='bbox 1129 3049 1490 3119; x_wconf 84' lang='lat' dir='ltr'><strong>baptismatis.</strong></span> <span class='ocrx_word' id='word_1_353' title='bbox 1538 3048 1840 3103; x_wconf 83' lang='lat' dir='ltr'><strong>Cousuevit</strong></span> 
     </span>
    </p>
   </div>
   <div class='ocr_carea' id='block_1_45' title="bbox 260 3141 1843 3216">
    <p class='ocr_par' dir='ltr' id='par_1_45' title="bbox 260 3141 1843 3216">
     <span class='ocr_line' id='line_1_45' title="bbox 260 3141 1843 3216; baseline -0.003 -16"><span class='ocrx_word' id='word_1_354' title='bbox 260 3145 403 3200; x_wconf 90' lang='lat' dir='ltr'><strong>enim</strong></span> <span class='ocrx_word' id='word_1_355' title='bbox 436 3144 712 3216; x_wconf 74' lang='lat' dir='ltr'><strong>legislator</strong></span> <span class='ocrx_word' id='word_1_356' title='bbox 731 3144 947 3214; x_wconf 85' lang='lat' dir='ltr'><strong>quoties</strong></span> <span class='ocrx_word' id='word_1_357' title='bbox 988 3143 1483 3198; x_wconf 88' lang='lat' dir='ltr'><strong>ecclesiastieorum</strong></span> <span class='ocrx_word' id='word_1_358' title='bbox 1540 3141 1843 3213; x_wconf 88' lang='lat' dir='ltr'><strong>mysterio-</strong></span> 
     </span>
    </p>
   </div>
   <div class='ocr_carea' id='block_1_46' title="bbox 260 3235 1836 3309">
    <p class='ocr_par' dir='ltr' id='par_1_46' title="bbox 260 3235 1836 3309">
     <span class='ocr_line' id='line_1_46' title="bbox 260 3235 1836 3309; baseline -0.003 -18"><span class='ocrx_word' id='word_1_359' title='bbox 260 3255 379 3293; x_wconf 86' lang='lat' dir='ltr'><strong>rum</strong></span> <span class='ocrx_word' id='word_1_360' title='bbox 409 3237 669 3293; x_wconf 89' lang='lat' dir='ltr'><strong>describit</strong></span> <span class='ocrx_word' id='word_1_361' title='bbox 714 3237 1023 3309; x_wconf 67' lang='lat' dir='ltr'><strong>mnigmata,</strong></span> <span class='ocrx_word' id='word_1_362' title='bbox 1069 3238 1269 3292; x_wconf 88' lang='lat' dir='ltr'><strong>talibus</strong></span> <span class='ocrx_word' id='word_1_363' title='bbox 1327 3236 1405 3291; x_wconf 90' lang='lat' dir='ltr'><strong>uti</strong></span> <span class='ocrx_word' id='word_1_364' title='bbox 1469 3235 1836 3291; x_wconf 85' lang='lat' dir='ltr'><strong>sermonibus.</strong></span> 
     </span>
    </p>
   </div>
   <div class='ocr_carea' id='block_1_47' title="bbox 1949 2029 3533 2110">
    <p class='ocr_par' dir='ltr' id='par_1_47' title="bbox 1949 2029 3533 2110">
     <span class='ocr_line' id='line_1_47' title="bbox 1949 2029 3533 2110; baseline 0.013 -29"><span class='ocrx_word' id='word_1_365' title='bbox 1949 2029 2315 2102; x_wconf 80' lang='lat' dir='ltr'><strong>principatum</strong></span> <span class='ocrx_word' id='word_1_366' title='bbox 2338 2048 2545 2104; x_wconf 79' lang='lat' dir='ltr'><strong>gerere,</strong></span> <span class='ocrx_word' id='word_1_367' title='bbox 2575 2042 2631 2089; x_wconf 86' lang='lat' dir='ltr'><strong>et</strong></span> <span class='ocrx_word' id='word_1_368' title='bbox 2656 2033 2925 2092; x_wconf 85' lang='lat' dir='ltr'><strong>dominari</strong></span> <span class='ocrx_word' id='word_1_369' title='bbox 2980 2040 3218 2110; x_wconf 84' lang='lat' dir='ltr'><strong>corpori,</strong></span> <span class='ocrx_word' id='word_1_370' title='bbox 3250 2053 3399 2099; x_wconf 90' lang='lat' dir='ltr'><strong>recte</strong></span> <span class='ocrx_word' id='word_1_371' title='bbox 3422 2061 3533 2103; x_wconf 74' lang='lat' dir='ltr'><strong>cm-</strong></span> 
     </span>
    </p>
   </div>
   <div class='ocr_carea' id='block_1_48' title="bbox 1950 2123 3533 2203">
    <p class='ocr_par' dir='ltr' id='par_1_48' title="bbox 1950 2123 3533 2203">
     <span class='ocr_line' id='line_1_48' title="bbox 1950 2123 3533 2203; baseline 0.013 -27"><span class='ocrx_word' id='word_1_372' title='bbox 1950 2123 2098 2179; x_wconf 86' lang='lat' dir='ltr'><strong>lestis</strong></span> <span class='ocrx_word' id='word_1_373' title='bbox 2144 2124 2366 2190; x_wconf 89' lang='lat' dir='ltr'><strong>dicitur,</strong></span> <span class='ocrx_word' id='word_1_374' title='bbox 2426 2136 2615 2195; x_wconf 90' lang='lat' dir='ltr'><strong>utpote</strong></span> <span class='ocrx_word' id='word_1_375' title='bbox 2682 2139 2901 2184; x_wconf 88' lang='lat' dir='ltr'><strong>terreno</strong></span> <span class='ocrx_word' id='word_1_376' title='bbox 2973 2131 3243 2203; x_wconf 77' lang='lat' dir='ltr'><strong>neglecto.</strong></span> <span class='ocrx_word' id='word_1_377' title='bbox 3301 2134 3533 2203; x_wconf 84' lang='lat' dir='ltr'><strong>Quando</strong></span> 
     </span>
    </p>
   </div>
   <div class='ocr_carea' id='block_1_49' title="bbox 1947 2215 3536 2294">
    <p class='ocr_par' dir='ltr' id='par_1_49' title="bbox 1947 2215 3536 2294">
     <span class='ocr_line' id='line_1_49' title="bbox 1947 2215 3536 2294; baseline 0.011 -25"><span class='ocrx_word' id='word_1_378' title='bbox 1947 2215 2118 2270; x_wconf 82' lang='lat' dir='ltr'><strong>Adam</strong></span> <span class='ocrx_word' id='word_1_379' title='bbox 2149 2231 2246 2288; x_wconf 90' lang='lat' dir='ltr'><strong>per</strong></span> <span class='ocrx_word' id='word_1_380' title='bbox 2275 2217 2698 2274; x_wconf 86' lang='lat' dir='ltr'><strong>inobedientiam</strong></span> <span class='ocrx_word' id='word_1_381' title='bbox 2726 2220 2945 2287; x_wconf 90' lang='lat' dir='ltr'><strong>cecidit,</strong></span> <span class='ocrx_word' id='word_1_382' title='bbox 2985 2225 3175 2294; x_wconf 86' lang='lat' dir='ltr'><strong>procul</strong></span> <span class='ocrx_word' id='word_1_383' title='bbox 3205 2226 3374 2283; x_wconf 91' lang='lat' dir='ltr'><strong>dubio</strong></span> <span class='ocrx_word' id='word_1_384' title='bbox 3426 2240 3536 2286; x_wconf 88' lang='lat' dir='ltr'><strong>ter-</strong></span> 
     </span>
    </p>
   </div>
   <div class='ocr_carea' id='block_1_50' title="bbox 1948 2308 3532 2393">
    <p class='ocr_par' dir='ltr' id='par_1_50' title="bbox 1948 2308 3532 2393">
     <span class='ocr_line' id='line_1_50' title="bbox 1948 2308 3532 2393; baseline 0.011 -32"><span class='ocrx_word' id='word_1_385' title='bbox 1948 2323 2115 2363; x_wconf 88' lang='lat' dir='ltr'><strong>renus</strong></span> <span class='ocrx_word' id='word_1_386' title='bbox 2130 2308 2358 2365; x_wconf 73' lang='lat' dir='ltr'><strong>effectus</strong></span> <span class='ocrx_word' id='word_1_387' title='bbox 2395 2320 2502 2378; x_wconf 87' lang='lat' dir='ltr'><strong>est,</strong></span> <span class='ocrx_word' id='word_1_388' title='bbox 2540 2321 2594 2368; x_wconf 90' lang='lat' dir='ltr'><strong>et</strong></span> <span class='ocrx_word' id='word_1_389' title='bbox 2637 2323 2927 2385; x_wconf 85' lang='lat' dir='ltr'><strong>propterea</strong></span> <span class='ocrx_word' id='word_1_390' title='bbox 2985 2317 3211 2374; x_wconf 79' lang='lat' dir='ltr'><strong>audivit.</strong></span> <span class='ocrx_word' id='word_1_391' title='bbox 3259 2318 3419 2375; x_wconf 84' lang='lat' dir='ltr'><strong>Terra</strong></span> <span class='ocrx_word' id='word_1_392' title='bbox 3454 2340 3532 2393; x_wconf 87' lang='lat' dir='ltr'><strong>es,</strong></span> 
     </span>
    </p>
   </div>
   <div class='ocr_carea' id='block_1_51' title="bbox 1947 2406 3536 2482">
    <p class='ocr_par' dir='ltr' id='par_1_51' title="bbox 1947 2406 3536 2482">
     <span class='ocr_line' id='line_1_51' title="bbox 1947 2406 3536 2482; baseline 0.006 -23"><span class='ocrx_word' id='word_1_393' title='bbox 1947 2413 1997 2459; x_wconf 91' lang='lat' dir='ltr'><strong>et</strong></span> <span class='ocrx_word' id='word_1_394' title='bbox 2027 2406 2082 2459; x_wconf 90' lang='lat' dir='ltr'><strong>in</strong></span> <span class='ocrx_word' id='word_1_395' title='bbox 2114 2415 2312 2461; x_wconf 88' lang='lat' dir='ltr'><strong>terram</strong></span> <span class='ocrx_word' id='word_1_396' title='bbox 2346 2407 2446 2462; x_wconf 85' lang='lat' dir='ltr'><strong>ibis</strong></span> <span class='ocrx_word' id='word_1_397' title='bbox 2467 2409 2489 2441; x_wconf 83' lang='lat'><strong>’</strong></span> <span class='ocrx_word' id='word_1_398' title='bbox 2508 2412 2561 2475; x_wconf 74' lang='grc' dir='ltr'><strong>’ς</strong></span> <span class='ocrx_word' id='word_1_399' title='bbox 2590 2409 2642 2464; x_wconf 93' lang='lat' dir='ltr'><strong>id</strong></span> <span class='ocrx_word' id='word_1_400' title='bbox 2689 2418 2772 2465; x_wconf 89' lang='lat' dir='ltr'><strong>est</strong></span> <span class='ocrx_word' id='word_1_401' title='bbox 2793 2410 3031 2465; x_wconf 80' lang='lat' dir='ltr'><strong>dilexisti</strong></span> <span class='ocrx_word' id='word_1_402' title='bbox 3060 2412 3304 2482; x_wconf 86' lang='lat' dir='ltr'><strong>corporis</strong></span> <span class='ocrx_word' id='word_1_403' title='bbox 3342 2431 3536 2471; x_wconf 89' lang='lat' dir='ltr'><strong>corru-</strong></span> 
     </span>
    </p>
   </div>
   <div class='ocr_carea' id='block_1_52' title="bbox 1948 2496 3534 2574">
    <p class='ocr_par' dir='ltr' id='par_1_52' title="bbox 1948 2496 3534 2574">
     <span class='ocr_line' id='line_1_52' title="bbox 1948 2496 3534 2574; baseline 0.009 -24"><span class='ocrx_word' id='word_1_404' title='bbox 1948 2496 2216 2566; x_wconf 89' lang='lat' dir='ltr'><strong>ptionem,</strong></span> <span class='ocrx_word' id='word_1_405' title='bbox 2250 2499 2421 2555; x_wconf 87' lang='lat' dir='ltr'><strong>habes</strong></span> <span class='ocrx_word' id='word_1_406' title='bbox 2457 2516 2677 2571; x_wconf 74' lang='lat' dir='ltr'><strong>pmnam</strong></span> <span class='ocrx_word' id='word_1_407' title='bbox 2712 2514 2939 2574; x_wconf 89' lang='lat' dir='ltr'><strong>peccato</strong></span> <span class='ocrx_word' id='word_1_408' title='bbox 2960 2513 3057 2559; x_wconf 90' lang='lat' dir='ltr'><strong>tuo</strong></span> <span class='ocrx_word' id='word_1_409' title='bbox 3081 2506 3339 2561; x_wconf 85' lang='lat' dir='ltr'><strong>similem.</strong></span> <span class='ocrx_word' id='word_1_410' title='bbox 3372 2508 3534 2563; x_wconf 76' lang='lat' dir='ltr'><strong>Chri-</strong></span> 
     </span>
    </p>
   </div>
   <div class='ocr_carea' id='block_1_53' title="bbox 1948 2592 3533 2665">
    <p class='ocr_par' dir='ltr' id='par_1_53' title="bbox 1948 2592 3533 2665">
     <span class='ocr_line' id='line_1_53' title="bbox 1948 2592 3533 2665; baseline 0.009 -22"><span class='ocrx_word' id='word_1_411' title='bbox 1948 2598 2068 2644; x_wconf 88' lang='lat' dir='ltr'><strong>stus</strong></span> <span class='ocrx_word' id='word_1_412' title='bbox 2090 2598 2274 2647; x_wconf 88' lang='lat' dir='ltr'><strong>autem</strong></span> <span class='ocrx_word' id='word_1_413' title='bbox 2302 2592 2553 2648; x_wconf 89' lang='lat' dir='ltr'><strong>induitur</strong></span> <span class='ocrx_word' id='word_1_414' title='bbox 2580 2596 2800 2665; x_wconf 82' lang='lat' dir='ltr'><strong>quidem</strong></span> <span class='ocrx_word' id='word_1_415' title='bbox 2825 2606 3127 2658; x_wconf 83' lang='lat' dir='ltr'><strong>terrenum.</strong></span> <span class='ocrx_word' id='word_1_416' title='bbox 3150 2598 3201 2652; x_wconf 90' lang='lat' dir='ltr'><strong>id</strong></span> <span class='ocrx_word' id='word_1_417' title='bbox 3251 2608 3335 2652; x_wconf 62' lang='lat' dir='ltr'><strong>est</strong></span> <span class='ocrx_word' id='word_1_418' title='bbox 3379 2602 3533 2657; x_wconf 83' lang='lat' dir='ltr'><strong>illum</strong></span> 
     </span>
    </p>
   </div>
   <div class='ocr_carea' id='block_1_54' title="bbox 1947 2681 3534 2758">
    <p class='ocr_par' dir='ltr' id='par_1_54' title="bbox 1947 2681 3534 2758">
     <span class='ocr_line' id='line_1_54' title="bbox 1947 2681 3534 2758; baseline 0.008 -24"><span class='ocrx_word' id='word_1_419' title='bbox 1947 2681 2039 2750; x_wconf 91' lang='lat' dir='ltr'><strong>qui</strong></span> <span class='ocrx_word' id='word_1_420' title='bbox 2061 2682 2128 2736; x_wconf 91' lang='lat' dir='ltr'><strong>de</strong></span> <span class='ocrx_word' id='word_1_421' title='bbox 2151 2693 2292 2738; x_wconf 88' lang='lat' dir='ltr'><strong>terra</strong></span> <span class='ocrx_word' id='word_1_422' title='bbox 2319 2694 2403 2738; x_wconf 93' lang='lat' dir='ltr'><strong>est</strong></span> <span class='ocrx_word' id='word_1_423' title='bbox 2430 2695 2669 2741; x_wconf 84' lang='lat' dir='ltr'><strong>veterem</strong></span> <span class='ocrx_word' id='word_1_424' title='bbox 2696 2688 2996 2745; x_wconf 88' lang='lat' dir='ltr'><strong>hominem.</strong></span> <span class='ocrx_word' id='word_1_425' title='bbox 3025 2704 3189 2758; x_wconf 91' lang='lat' dir='ltr'><strong>quem</strong></span> <span class='ocrx_word' id='word_1_426' title='bbox 3220 2692 3385 2745; x_wconf 86' lang='lat' dir='ltr'><strong>etiam</strong></span> <span class='ocrx_word' id='word_1_427' title='bbox 3456 2696 3497 2745; x_wconf 87' lang='lat' dir='ltr'><strong>si</strong></span> <span class='ocrx_word' id='word_1_428' title='bbox 3518 2721 3534 2732; x_wconf 92' lang='lat'><strong>-</strong></span> 
     </span>
    </p>
   </div>
   <div class='ocr_carea' id='block_1_55' title="bbox 1949 2771 3535 2847">
    <p class='ocr_par' dir='ltr' id='par_1_55' title="bbox 1949 2771 3535 2847">
     <span class='ocr_line' id='line_1_55' title="bbox 1949 2771 3535 2847; baseline 0.007 -23"><span class='ocrx_word' id='word_1_429' title='bbox 1949 2772 2061 2825; x_wconf 91' lang='lat' dir='ltr'><strong>mul</strong></span> <span class='ocrx_word' id='word_1_430' title='bbox 2092 2771 2263 2827; x_wconf 83' lang='lat' dir='ltr'><strong>alIixit</strong></span> <span class='ocrx_word' id='word_1_431' title='bbox 2281 2775 2452 2838; x_wconf 79' lang='lat' dir='ltr'><strong>cruci;</strong></span> <span class='ocrx_word' id='word_1_432' title='bbox 2484 2775 2561 2830; x_wconf 87' lang='lat' dir='ltr'><strong>ait</strong></span> <span class='ocrx_word' id='word_1_433' title='bbox 2584 2777 2785 2847; x_wconf 84' lang='lat' dir='ltr'><strong>quippe</strong></span> <span class='ocrx_word' id='word_1_434' title='bbox 2814 2777 3047 2832; x_wconf 75' lang='lat' dir='ltr'><strong>Paulus:</strong></span> <span class='ocrx_word' id='word_1_435' title='bbox 3095 2778 3231 2844; x_wconf 83' lang='lat' dir='ltr'><strong>Quin</strong></span> <span class='ocrx_word' id='word_1_436' title='bbox 3258 2795 3403 2834; x_wconf 75' lang='lat' dir='ltr'><strong>cetus</strong></span> <span class='ocrx_word' id='word_1_437' title='bbox 3443 2789 3535 2835; x_wconf 83' lang='lat' dir='ltr'><strong>ho-</strong></span> 
     </span>
    </p>
   </div>
   <div class='ocr_carea' id='block_1_56' title="bbox 1949 2866 3534 2941">
    <p class='ocr_par' dir='ltr' id='par_1_56' title="bbox 1949 2866 3534 2941">
     <span class='ocr_line' id='line_1_56' title="bbox 1949 2866 3534 2941; baseline 0.01 -26"><span class='ocrx_word' id='word_1_438' title='bbox 1949 2879 2035 2915; x_wconf 87' lang='lat' dir='ltr'><strong>mo</strong></span> <span class='ocrx_word' id='word_1_439' title='bbox 2063 2874 2239 2920; x_wconf 85' lang='lat' dir='ltr'><strong>noster</strong></span> <span class='ocrx_word' id='word_1_440' title='bbox 2256 2866 2418 2920; x_wconf 84' lang='lat' dir='ltr'><strong>simul</strong></span> <span class='ocrx_word' id='word_1_441' title='bbox 2444 2868 2726 2936; x_wconf 73' lang='lat' dir='ltr'><strong>cruciﬁxus</strong></span> <span class='ocrx_word' id='word_1_442' title='bbox 2782 2880 2878 2933; x_wconf 84' lang='lat' dir='ltr'><strong>est,</strong></span> <span class='ocrx_word' id='word_1_443' title='bbox 2912 2881 2969 2924; x_wconf 87' lang='lat' dir='ltr'><strong>ut</strong></span> <span class='ocrx_word' id='word_1_444' title='bbox 3003 2870 3309 2926; x_wconf 79' lang='lat' dir='ltr'><strong>destruatur</strong></span> <span class='ocrx_word' id='word_1_445' title='bbox 3348 2894 3534 2941; x_wconf 78' lang='lat' dir='ltr'><strong>corpus</strong></span> 
     </span>
    </p>
   </div>
   <div class='ocr_carea' id='block_1_57' title="bbox 1948 2957 3534 3036">
    <p class='ocr_par' dir='ltr' id='par_1_57' title="bbox 1948 2957 3534 3036">
     <span class='ocr_line' id='line_1_57' title="bbox 1948 2957 3534 3036; baseline 0.008 -26"><span class='ocrx_word' id='word_1_446' title='bbox 1948 2958 2152 3024; x_wconf 75' lang='lat' dir='ltr'><strong>peccati</strong></span> <span class='ocrx_word' id='word_1_447' title='bbox 2178 2957 2240 3012; x_wconf 79' lang='lat'><strong>“.</strong></span> <span class='ocrx_word' id='word_1_448' title='bbox 2284 2958 2512 3014; x_wconf 90' lang='lat' dir='ltr'><strong>lndutus</strong></span> <span class='ocrx_word' id='word_1_449' title='bbox 2568 2970 2653 3015; x_wconf 91' lang='lat' dir='ltr'><strong>est</strong></span> <span class='ocrx_word' id='word_1_450' title='bbox 2702 2971 2886 3018; x_wconf 89' lang='lat' dir='ltr'><strong>autem</strong></span> <span class='ocrx_word' id='word_1_451' title='bbox 2917 2972 2974 3018; x_wconf 90' lang='lat' dir='ltr'><strong>et</strong></span> <span class='ocrx_word' id='word_1_452' title='bbox 3012 2965 3314 3028; x_wconf 67' lang='lat' dir='ltr'><strong>caelestem.</strong></span> <span class='ocrx_word' id='word_1_453' title='bbox 3371 2986 3534 3036; x_wconf 85' lang='lat' dir='ltr'><strong>quem</strong></span> 
     </span>
    </p>
   </div>
   <div class='ocr_carea' id='block_1_58' title="bbox 1950 3050 3528 3128">
    <p class='ocr_par' dir='ltr' id='par_1_58' title="bbox 1950 3050 3528 3128">
     <span class='ocr_line' id='line_1_58' title="bbox 1950 3050 3528 3128; baseline 0.009 -25"><span class='ocrx_word' id='word_1_454' title='bbox 1950 3050 2068 3120; x_wconf 89' lang='lat' dir='ltr'><strong>ipse</strong></span> <span class='ocrx_word' id='word_1_455' title='bbox 2101 3051 2417 3106; x_wconf 83' lang='lat' dir='ltr'><strong>insuﬂlavit.</strong></span> <span class='ocrx_word' id='word_1_456' title='bbox 2448 3051 2554 3107; x_wconf 89' lang='lat' dir='ltr'><strong>Sed</strong></span> <span class='ocrx_word' id='word_1_457' title='bbox 2582 3053 2712 3123; x_wconf 86' lang='lat' dir='ltr'><strong>quia</strong></span> <span class='ocrx_word' id='word_1_458' title='bbox 2745 3054 2880 3109; x_wconf 91' lang='lat' dir='ltr'><strong>nihil</strong></span> <span class='ocrx_word' id='word_1_459' title='bbox 2936 3057 3047 3128; x_wconf 83' lang='lat' dir='ltr'><strong>egit</strong></span> <span class='ocrx_word' id='word_1_460' title='bbox 3095 3066 3375 3113; x_wconf 91' lang='lat' dir='ltr'><strong>terrenum</strong></span> <span class='ocrx_word' id='word_1_461' title='bbox 3423 3064 3528 3117; x_wconf 77' lang='lat' dir='ltr'><strong>hic.</strong></span> 
     </span>
    </p>
   </div>
   <div class='ocr_carea' id='block_1_59' title="bbox 1950 3143 3535 3218">
    <p class='ocr_par' dir='ltr' id='par_1_59' title="bbox 1950 3143 3535 3218">
     <span class='ocr_line' id='line_1_59' title="bbox 1950 3143 3535 3218; baseline 0.009 -23"><span class='ocrx_word' id='word_1_462' title='bbox 1950 3158 2053 3197; x_wconf 90' lang='lat' dir='ltr'><strong>nec</strong></span> <span class='ocrx_word' id='word_1_463' title='bbox 2070 3143 2408 3214; x_wconf 86' lang='lat' dir='ltr'><strong>corruptioni</strong></span> <span class='ocrx_word' id='word_1_464' title='bbox 2470 3146 2801 3215; x_wconf 79' lang='lat' dir='ltr'><strong>proximum,</strong></span> <span class='ocrx_word' id='word_1_465' title='bbox 2842 3150 3032 3218; x_wconf 91' lang='lat' dir='ltr'><strong>procul</strong></span> <span class='ocrx_word' id='word_1_466' title='bbox 3075 3150 3246 3205; x_wconf 78' lang='lat' dir='ltr'><strong>dubio</strong></span> <span class='ocrx_word' id='word_1_467' title='bbox 3294 3159 3535 3209; x_wconf 67' lang='lat' dir='ltr'><strong>t‘mlestl!</strong></span> 
     </span>
    </p>
   </div>
   <div class='ocr_carea' id='block_1_60' title="bbox 1950 3232 3538 3305">
    <p class='ocr_par' dir='ltr' id='par_1_60' title="bbox 1950 3232 3538 3305">
     <span class='ocr_line' id='line_1_60' title="bbox 1950 3232 3538 3305; baseline 0.009 -20"><span class='ocrx_word' id='word_1_468' title='bbox 1950 3232 2173 3296; x_wconf 87' lang='lat' dir='ltr'><strong>dicitur;</strong></span> <span class='ocrx_word' id='word_1_469' title='bbox 2206 3233 2308 3287; x_wconf 86' lang='lat' dir='ltr'><strong>hoc</strong></span> <span class='ocrx_word' id='word_1_470' title='bbox 2333 3232 2530 3287; x_wconf 85' lang='lat' dir='ltr'><strong>Paulus</strong></span> <span class='ocrx_word' id='word_1_471' title='bbox 2553 3250 2837 3305; x_wconf 87' lang='lat' dir='ltr'><strong>exponens</strong></span> <span class='ocrx_word' id='word_1_472' title='bbox 2886 3237 3019 3293; x_wconf 88' lang='lat' dir='ltr'><strong>dicit</strong></span> <span class='ocrx_word' id='word_1_473' title='bbox 3056 3257 3070 3293; x_wconf 89' lang='lat'><strong>:</strong></span> <span class='ocrx_word' id='word_1_474' title='bbox 3123 3239 3336 3296; x_wconf 77' lang='lat' dir='ltr'><strong>Primus</strong></span> <span class='ocrx_word' id='word_1_475' title='bbox 3382 3251 3538 3299; x_wconf 79' lang='lat' dir='ltr'><strong>homo</strong></span> 
     </span>
    </p>
   </div>
   <div class='ocr_carea' id='block_1_61' title="bbox 260 3297 3536 3407">
    <p class='ocr_par' dir='ltr' id='par_1_61' title="bbox 260 3297 3536 3407">
     <span class='ocr_line' id='line_1_61' title="bbox 260 3297 3536 3407; baseline 0 -23"><span class='ocrx_word' id='word_1_476' title='bbox 260 3330 391 3385; x_wconf 80' lang='lat' dir='ltr'><strong>Nam</strong></span> <span class='ocrx_word' id='word_1_477' title='bbox 414 3340 469 3385; x_wconf 90' lang='lat' dir='ltr'><strong>et</strong></span> <span class='ocrx_word' id='word_1_478' title='bbox 505 3346 631 3386; x_wconf 89' lang='lat' dir='ltr'><strong>cum</strong></span> <span class='ocrx_word' id='word_1_479' title='bbox 656 3331 722 3386; x_wconf 90' lang='lat' dir='ltr'><strong>de</strong></span> <span class='ocrx_word' id='word_1_480' title='bbox 740 3346 937 3385; x_wconf 88' lang='lat' dir='ltr'><strong>manna</strong></span> <span class='ocrx_word' id='word_1_481' title='bbox 960 3332 1248 3394; x_wconf 88' lang='lat' dir='ltr'><strong>scriberet,</strong></span> <span class='ocrx_word' id='word_1_482' title='bbox 1279 3330 1427 3400; x_wconf 88' lang='lat' dir='ltr'><strong>quod</strong></span> <span class='ocrx_word' id='word_1_483' title='bbox 1447 3329 1589 3400; x_wconf 73' lang='lat' dir='ltr'><strong>gerit</strong></span> <span class='ocrx_word' id='word_1_484' title='bbox 1617 3328 1841 3398; x_wconf 78' lang='lat' dir='ltr'><strong>ﬁguram</strong></span> <span class='ocrx_word' id='word_1_485' title='bbox 1870 3297 1913 3355; x_wconf 67' lang='grc' dir='ltr'><strong>θ</strong></span> <span class='ocrx_word' id='word_1_486' title='bbox 1950 3327 2015 3378; x_wconf 85' lang='lat' dir='ltr'><strong>de</strong></span> <span class='ocrx_word' id='word_1_487' title='bbox 2042 3337 2183 3379; x_wconf 86' lang='lat' dir='ltr'><strong>terra</strong></span> <span class='ocrx_word' id='word_1_488' title='bbox 2205 3336 2464 3392; x_wconf 77' lang='lat' dir='ltr'><strong>terrenus,</strong></span> <span class='ocrx_word' id='word_1_489' title='bbox 2489 3335 2746 3382; x_wconf 85' lang='lat' dir='ltr'><strong>secundus</strong></span> <span class='ocrx_word' id='word_1_490' title='bbox 2769 3330 2833 3383; x_wconf 91' lang='lat' dir='ltr'><strong>de</strong></span> <span class='ocrx_word' id='word_1_491' title='bbox 2865 3332 2993 3384; x_wconf 73' lang='lat' dir='ltr'><strong>caelo</strong></span> <span class='ocrx_word' id='word_1_492' title='bbox 3041 3334 3264 3388; x_wconf 75' lang='lat' dir='ltr'><strong>ett-testis</strong></span> <span class='ocrx_word' id='word_1_493' title='bbox 3298 3340 3357 3400; x_wconf 70' lang='grc' dir='ltr'><strong>λι,</strong></span> <span class='ocrx_word' id='word_1_494' title='bbox 3386 3341 3536 3407; x_wconf 81' lang='lat' dir='ltr'><strong>quod</strong></span> 
     </span>
    </p>
   </div>
   <div class='ocr_carea' id='block_1_62' title="bbox 256 3418 1847 3493">
    <p class='ocr_par' dir='ltr' id='par_1_62' title="bbox 256 3418 1847 3493">
     <span class='ocr_line' id='line_1_62' title="bbox 256 3418 1847 3493; baseline -0.005 -17"><span class='ocrx_word' id='word_1_495' title='bbox 256 3425 436 3493; x_wconf 90' lang='lat' dir='ltr'><strong>panis,</strong></span> <span class='ocrx_word' id='word_1_496' title='bbox 476 3424 566 3493; x_wconf 92' lang='lat' dir='ltr'><strong>qui</strong></span> <span class='ocrx_word' id='word_1_497' title='bbox 597 3423 663 3477; x_wconf 90' lang='lat' dir='ltr'><strong>de</strong></span> <span class='ocrx_word' id='word_1_498' title='bbox 692 3425 830 3477; x_wconf 65' lang='lat' dir='ltr'><strong>coelo</strong></span> <span class='ocrx_word' id='word_1_499' title='bbox 855 3424 1159 3486; x_wconf 86' lang='lat' dir='ltr'><strong>descendit.</strong></span> <span class='ocrx_word' id='word_1_500' title='bbox 1213 3422 1443 3477; x_wconf 83' lang='lat' dir='ltr'><strong>verbum</strong></span> <span class='ocrx_word' id='word_1_501' title='bbox 1474 3421 1642 3476; x_wconf 86' lang='lat' dir='ltr'><strong>etiam</strong></span> <span class='ocrx_word' id='word_1_502' title='bbox 1675 3418 1745 3473; x_wconf 90' lang='lat' dir='ltr'><strong>de</strong></span> <span class='ocrx_word' id='word_1_503' title='bbox 1779 3432 1847 3470; x_wconf 86' lang='lat' dir='ltr'><strong>eo</strong></span> 
     </span>
    </p>
   </div>
   <div class='ocr_carea' id='block_1_63' title="bbox 257 3510 1837 3583">
    <p class='ocr_par' dir='ltr' id='par_1_63' title="bbox 257 3510 1837 3583">
     <span class='ocr_line' id='line_1_63' title="bbox 257 3510 1837 3583; baseline -0.006 -16"><span class='ocrx_word' id='word_1_504' title='bbox 257 3514 434 3567; x_wconf 87' lang='lat' dir='ltr'><strong>simile</strong></span> <span class='ocrx_word' id='word_1_505' title='bbox 466 3514 825 3583; x_wconf 73' lang='lat' dir='ltr'><strong>praesentibus</strong></span> <span class='ocrx_word' id='word_1_506' title='bbox 851 3513 1007 3582; x_wconf 90' lang='lat' dir='ltr'><strong>ponit</strong></span> <span class='ocrx_word' id='word_1_507' title='bbox 1046 3512 1277 3567; x_wconf 85' lang='lat' dir='ltr'><strong>:dicens</strong></span> <span class='ocrx_word' id='word_1_508' title='bbox 1334 3510 1480 3566; x_wconf 90' lang='lat' dir='ltr'><strong>enim</strong></span> <span class='ocrx_word' id='word_1_509' title='bbox 1544 3526 1556 3562; x_wconf 90' lang='lat'><strong>:</strong></span> <span class='ocrx_word' id='word_1_510' title='bbox 1608 3510 1709 3563; x_wconf 81' lang='lat' dir='ltr'><strong>Hic</strong></span> <span class='ocrx_word' id='word_1_511' title='bbox 1762 3518 1837 3560; x_wconf 84' lang='lat' dir='ltr'><strong>est</strong></span> 
     </span>
    </p>
   </div>
   <div class='ocr_carea' id='block_1_64' title="bbox 247 3600 1850 3674">
    <p class='ocr_par' dir='ltr' id='par_1_64' title="bbox 247 3600 1850 3674">
     <span class='ocr_line' id='line_1_64' title="bbox 247 3600 1850 3674; baseline -0.004 -16"><span class='ocrx_word' id='word_1_512' title='bbox 247 3608 409 3669; x_wconf 80' lang='lat' dir='ltr'><strong>&#39;panis</strong></span> <span class='ocrx_word' id='word_1_513' title='bbox 433 3622 588 3674; x_wconf 80' lang='lat' dir='ltr'><strong>quem</strong></span> <span class='ocrx_word' id='word_1_514' title='bbox 617 3605 759 3657; x_wconf 83' lang='lat' dir='ltr'><strong>dedit</strong></span> <span class='ocrx_word' id='word_1_515' title='bbox 790 3605 931 3658; x_wconf 83' lang='lat' dir='ltr'><strong>vobis</strong></span> <span class='ocrx_word' id='word_1_516' title='bbox 996 3604 1248 3657; x_wconf 86' lang='lat' dir='ltr'><strong>Dominus</strong></span> <span class='ocrx_word' id='word_1_517' title='bbox 1302 3604 1572 3657; x_wconf 81' lang='lat' dir='ltr'><strong>comedere</strong></span> <span class='ocrx_word' id='word_1_518' title='bbox 1598 3602 1639 3658; x_wconf 71' lang='grc' dir='ltr'><strong>δ.</strong></span> <span class='ocrx_word' id='word_1_519' title='bbox 1699 3600 1850 3655; x_wconf 82' lang='lat' dir='ltr'><strong>illico</strong></span> 
     </span>
    </p>
   </div>
   <div class='ocr_carea' id='block_1_65' title="bbox 258 3695 1822 3769">
    <p class='ocr_par' dir='ltr' id='par_1_65' title="bbox 258 3695 1822 3769">
     <span class='ocr_line' id='line_1_65' title="bbox 258 3695 1822 3769; baseline -0.004 -16"><span class='ocrx_word' id='word_1_520' title='bbox 258 3699 495 3753; x_wconf 76' lang='lat' dir='ltr'><strong>subdidit</strong></span> <span class='ocrx_word' id='word_1_521' title='bbox 518 3715 532 3748; x_wconf 71' lang='grc' dir='ltr'><strong><em>τ</em></strong></span> <span class='ocrx_word' id='word_1_522' title='bbox 557 3698 667 3751; x_wconf 82' lang='lat' dir='ltr'><strong>Hoc</strong></span> <span class='ocrx_word' id='word_1_523' title='bbox 682 3708 756 3751; x_wconf 89' lang='lat' dir='ltr'><strong>est</strong></span> <span class='ocrx_word' id='word_1_524' title='bbox 782 3701 988 3751; x_wconf 81' lang='lat' dir='ltr'><strong>verbum</strong></span> <span class='ocrx_word' id='word_1_525' title='bbox 1017 3702 1153 3764; x_wconf 88' lang='lat' dir='ltr'><strong>quod</strong></span> <span class='ocrx_word' id='word_1_526' title='bbox 1177 3700 1380 3750; x_wconf 87' lang='lat' dir='ltr'><strong>locutus</strong></span> <span class='ocrx_word' id='word_1_527' title='bbox 1404 3706 1486 3769; x_wconf 40' lang='lat' dir='ltr'><strong>est,</strong></span> <span class='ocrx_word' id='word_1_528' title='bbox 1528 3695 1779 3748; x_wconf 84' lang='lat' dir='ltr'><strong>Dominus</strong></span> <span class='ocrx_word' id='word_1_529' title='bbox 1802 3695 1822 3723; x_wconf 81' lang='grc'>³</span> 
     </span>
    </p>
   </div>
   <div class='ocr_carea' id='block_1_66' title="bbox 258 3788 1842 3860">
    <p class='ocr_par' dir='ltr' id='par_1_66' title="bbox 258 3788 1842 3860">
     <span class='ocr_line' id='line_1_66' title="bbox 258 3788 1842 3860; baseline -0.005 -15"><span class='ocrx_word' id='word_1_530' title='bbox 258 3790 363 3845; x_wconf 86' lang='lat' dir='ltr'><strong>Sed</strong></span> <span class='ocrx_word' id='word_1_531' title='bbox 378 3792 505 3860; x_wconf 87' lang='lat' dir='ltr'><strong>quid</strong></span> <span class='ocrx_word' id='word_1_532' title='bbox 521 3791 777 3845; x_wconf 88' lang='lat' dir='ltr'><strong>estetiam</strong></span> <span class='ocrx_word' id='word_1_533' title='bbox 795 3790 938 3859; x_wconf 90' lang='lat' dir='ltr'><strong>quod</strong></span> <span class='ocrx_word' id='word_1_534' title='bbox 950 3805 1095 3842; x_wconf 87' lang='lat' dir='ltr'><strong>nunc</strong></span> <span class='ocrx_word' id='word_1_535' title='bbox 1108 3793 1330 3857; x_wconf 76' lang='lat' dir='ltr'><strong>exponit</strong></span> <span class='ocrx_word' id='word_1_536' title='bbox 1346 3791 1511 3843; x_wconf 78' lang='lat' dir='ltr'><strong>Deum</strong></span> <span class='ocrx_word' id='word_1_537' title='bbox 1531 3788 1842 3857; x_wconf 69' lang='lat' dir='ltr'><strong>prsecipere.</strong></span> 
     </span>
    </p>
   </div>
   <div class='ocr_carea' id='block_1_67' title="bbox 1952 3416 3538 3489">
    <p class='ocr_par' dir='ltr' id='par_1_67' title="bbox 1952 3416 3538 3489">
     <span class='ocr_line' id='line_1_67' title="bbox 1952 3416 3538 3489; baseline 0.01 -19"><span class='ocrx_word' id='word_1_538' title='bbox 1952 3416 2166 3470; x_wconf 89' lang='lat' dir='ltr'><strong>duobus</strong></span> <span class='ocrx_word' id='word_1_539' title='bbox 2208 3417 2383 3472; x_wconf 89' lang='lat' dir='ltr'><strong>modis</strong></span> <span class='ocrx_word' id='word_1_540' title='bbox 2403 3417 2576 3489; x_wconf 80' lang='lat' dir='ltr'><strong>accipi</strong></span> <span class='ocrx_word' id='word_1_541' title='bbox 2613 3428 2850 3489; x_wconf 77' lang='lat' dir='ltr'><strong>oportet.</strong></span> <span class='ocrx_word' id='word_1_542' title='bbox 2908 3419 3124 3479; x_wconf 86' lang='lat' dir='ltr'><strong>Primus</strong></span> <span class='ocrx_word' id='word_1_543' title='bbox 3159 3425 3308 3481; x_wconf 91' lang='lat' dir='ltr'><strong>enim</strong></span> <span class='ocrx_word' id='word_1_544' title='bbox 3372 3431 3538 3485; x_wconf 89' lang='lat' dir='ltr'><strong>homo</strong></span> 
     </span>
    </p>
   </div>
   <div class='ocr_carea' id='block_1_68' title="bbox 1953 3509 3525 3592">
    <p class='ocr_par' dir='ltr' id='par_1_68' title="bbox 1953 3509 3525 3592">
     <span class='ocr_line' id='line_1_68' title="bbox 1953 3509 3525 3592; baseline 0.011 -30"><span class='ocrx_word' id='word_1_545' title='bbox 1953 3518 2157 3571; x_wconf 82' lang='lat' dir='ltr'><strong>noster,</strong></span> <span class='ocrx_word' id='word_1_546' title='bbox 2212 3509 2265 3563; x_wconf 89' lang='lat' dir='ltr'><strong>id</strong></span> <span class='ocrx_word' id='word_1_547' title='bbox 2305 3521 2391 3563; x_wconf 89' lang='lat' dir='ltr'><strong>est</strong></span> <span class='ocrx_word' id='word_1_548' title='bbox 2422 3525 2644 3581; x_wconf 81' lang='lat' dir='ltr'><strong>corpus,</strong></span> <span class='ocrx_word' id='word_1_549' title='bbox 2667 3527 2733 3566; x_wconf 86' lang='lat' dir='ltr'><strong>ex</strong></span> <span class='ocrx_word' id='word_1_550' title='bbox 2774 3523 2919 3568; x_wconf 90' lang='lat' dir='ltr'><strong>terra</strong></span> <span class='ocrx_word' id='word_1_551' title='bbox 2942 3513 3206 3573; x_wconf 80' lang='lat' dir='ltr'><strong>formatus</strong></span> <span class='ocrx_word' id='word_1_552' title='bbox 3245 3532 3348 3580; x_wconf 90' lang='lat' dir='ltr'><strong>est.</strong></span> <span class='ocrx_word' id='word_1_553' title='bbox 3406 3540 3525 3592; x_wconf 76' lang='lat' dir='ltr'><strong>pro~</strong></span> 
     </span>
    </p>
   </div>
   <div class='ocr_carea' id='block_1_69' title="bbox 1953 3600 3537 3670">
    <p class='ocr_par' dir='ltr' id='par_1_69' title="bbox 1953 3600 3537 3670">
     <span class='ocr_line' id='line_1_69' title="bbox 1953 3600 3537 3670; baseline 0.01 -16"><span class='ocrx_word' id='word_1_554' title='bbox 1953 3610 2073 3663; x_wconf 85' lang='lat' dir='ltr'><strong>pter</strong></span> <span class='ocrx_word' id='word_1_555' title='bbox 2100 3600 2245 3669; x_wconf 89' lang='lat' dir='ltr'><strong>quod</strong></span> <span class='ocrx_word' id='word_1_556' title='bbox 2294 3612 2545 3655; x_wconf 86' lang='lat' dir='ltr'><strong>terrenus</strong></span> <span class='ocrx_word' id='word_1_557' title='bbox 2610 3601 2789 3657; x_wconf 89' lang='lat' dir='ltr'><strong>dictus</strong></span> <span class='ocrx_word' id='word_1_558' title='bbox 2827 3618 2956 3658; x_wconf 88' lang='lat' dir='ltr'><strong>est:</strong></span> <span class='ocrx_word' id='word_1_559' title='bbox 3029 3608 3209 3662; x_wconf 85' lang='lat' dir='ltr'><strong>anima</strong></span> <span class='ocrx_word' id='word_1_560' title='bbox 3274 3627 3407 3666; x_wconf 81' lang='lat' dir='ltr'><strong>vero</strong></span> <span class='ocrx_word' id='word_1_561' title='bbox 3466 3615 3537 3670; x_wconf 81' lang='lat' dir='ltr'><strong>de</strong></span> 
     </span>
    </p>
   </div>
   <div class='ocr_carea' id='block_1_70' title="bbox 1952 3692 3534 3769">
    <p class='ocr_par' dir='ltr' id='par_1_70' title="bbox 1952 3692 3534 3769">
     <span class='ocr_line' id='line_1_70' title="bbox 1952 3692 3534 3769; baseline 0.006 -23"><span class='ocrx_word' id='word_1_562' title='bbox 1952 3693 2109 3752; x_wconf 62' lang='lat' dir='ltr'><strong>celo.</strong></span> <span class='ocrx_word' id='word_1_563' title='bbox 2128 3692 2223 3746; x_wconf 85' lang='lat' dir='ltr'><strong>Dei</strong></span> <span class='ocrx_word' id='word_1_564' title='bbox 2254 3701 2338 3746; x_wconf 77' lang='lat' dir='ltr'><strong>est</strong></span> <span class='ocrx_word' id='word_1_565' title='bbox 2368 3693 2512 3746; x_wconf 90' lang='lat' dir='ltr'><strong>enim</strong></span> <span class='ocrx_word' id='word_1_566' title='bbox 2546 3693 2861 3750; x_wconf 83' lang='lat' dir='ltr'><strong>insuﬂlatio.</strong></span> <span class='ocrx_word' id='word_1_567' title='bbox 2896 3695 3110 3753; x_wconf 78' lang='lat' dir='ltr'><strong>Rursus</strong></span> <span class='ocrx_word' id='word_1_568' title='bbox 3134 3702 3345 3769; x_wconf 85' lang='lat' dir='ltr'><strong>primus</strong></span> <span class='ocrx_word' id='word_1_569' title='bbox 3369 3704 3534 3759; x_wconf 81' lang='lat' dir='ltr'><strong>homo</strong></span> 
     </span>
    </p>
   </div>
   <div class='ocr_carea' id='block_1_71' title="bbox 1953 3784 3534 3865">
    <p class='ocr_par' dir='ltr' id='par_1_71' title="bbox 1953 3784 3534 3865">
     <span class='ocr_line' id='line_1_71' title="bbox 1953 3784 3534 3865; baseline 0.009 -28"><span class='ocrx_word' id='word_1_570' title='bbox 1953 3784 2276 3839; x_wconf 85' lang='lat' dir='ltr'><strong>mobediens</strong></span> <span class='ocrx_word' id='word_1_571' title='bbox 2309 3784 2478 3838; x_wconf 83' lang='lat' dir='ltr'><strong>Adam</strong></span> <span class='ocrx_word' id='word_1_572' title='bbox 2502 3799 2568 3838; x_wconf 81' lang='lat' dir='ltr'><strong>ex</strong></span> <span class='ocrx_word' id='word_1_573' title='bbox 2603 3792 2744 3839; x_wconf 87' lang='lat' dir='ltr'><strong>terra</strong></span> <span class='ocrx_word' id='word_1_574' title='bbox 2787 3800 3063 3852; x_wconf 87' lang='lat' dir='ltr'><strong>terrenus,</strong></span> <span class='ocrx_word' id='word_1_575' title='bbox 3098 3794 3223 3861; x_wconf 87' lang='lat' dir='ltr'><strong>quia</strong></span> <span class='ocrx_word' id='word_1_576' title='bbox 3276 3800 3534 3865; x_wconf 69' lang='lat' dir='ltr'><strong>operibus</strong></span> 
     </span>
    </p>
   </div>
   <div class='ocr_carea' id='block_1_72' title="bbox 330 3850 3519 3949">
    <p class='ocr_par' dir='ltr' id='par_1_72' title="bbox 330 3850 3519 3949">
     <span class='ocr_line' id='line_1_72' title="bbox 330 3850 3519 3949; baseline 0.003 -18"><span class='ocrx_word' id='word_1_577' title='bbox 330 3850 624 3948; x_wconf 63' lang='lat' dir='ltr'><strong>Statimque</strong></span> <span class='ocrx_word' id='word_1_578' title='bbox 653 3850 839 3935; x_wconf 69' lang='lat' dir='ltr'><strong>obtulit</strong></span> <span class='ocrx_word' id='word_1_579' title='bbox 874 3882 1052 3935; x_wconf 78' lang='lat' dir='ltr'><strong>Aaron</strong></span> <span class='ocrx_word' id='word_1_580' title='bbox 1078 3894 1124 3933; x_wconf 88' lang='lat' dir='ltr'><strong>et</strong></span> <span class='ocrx_word' id='word_1_581' title='bbox 1154 3850 1289 3946; x_wconf 78' lang='lat' dir='ltr'><strong>filios</strong></span> <span class='ocrx_word' id='word_1_582' title='bbox 1324 3884 1461 3941; x_wconf 76' lang='lat' dir='ltr'><strong>eius.</strong></span> <span class='ocrx_word' id='word_1_583' title='bbox 1525 3850 1745 3949; x_wconf 72' lang='lat' dir='ltr'><strong>cumque</strong></span> <span class='ocrx_word' id='word_1_584' title='bbox 1764 3881 1845 3931; x_wconf 70' lang='grc' dir='ltr'><strong>ιιι-</strong></span> <span class='ocrx_word' id='word_1_585' title='bbox 1875 3850 1902 3939; x_wconf 55' lang='grc' dir='ltr'><em>δ</em></span> <span class='ocrx_word' id='word_1_586' title='bbox 1953 3873 2190 3939; x_wconf 81' lang='lat' dir='ltr'><strong>pulveris</strong></span> <span class='ocrx_word' id='word_1_587' title='bbox 2208 3874 2563 3944; x_wconf 87' lang='lat' dir='ltr'><strong>semetipsum</strong></span> <span class='ocrx_word' id='word_1_588' title='bbox 2593 3876 2897 3947; x_wconf 87' lang='lat' dir='ltr'><strong>deputavit,</strong></span> <span class='ocrx_word' id='word_1_589' title='bbox 2934 3850 3209 3938; x_wconf 78' lang='lat' dir='ltr'><strong>secundus</strong></span> <span class='ocrx_word' id='word_1_590' title='bbox 3237 3850 3519 3943; x_wconf 42' lang='lat' dir='ltr'><strong>manu}...</strong></span> 
     </span>
    </p>
   </div>
   <div class='ocr_carea' id='block_1_73' title="bbox 258 3973 1849 4044">
    <p class='ocr_par' dir='ltr' id='par_1_73' title="bbox 258 3973 1849 4044">
     <span class='ocr_line' id='line_1_73' title="bbox 258 3973 1849 4044; baseline -0.003 -14"><span class='ocrx_word' id='word_1_591' title='bbox 258 3980 409 4031; x_wconf 71' lang='lat' dir='ltr'><strong>cisset</strong></span> <span class='ocrx_word' id='word_1_592' title='bbox 432 3993 536 4029; x_wconf 88' lang='lat' dir='ltr'><strong>eos.</strong></span> <span class='ocrx_word' id='word_1_593' title='bbox 567 3976 797 4039; x_wconf 82' lang='lat' dir='ltr'><strong>Quando</strong></span> <span class='ocrx_word' id='word_1_594' title='bbox 811 3980 878 4042; x_wconf 90' lang='lat' dir='ltr'><strong>is,</strong></span> <span class='ocrx_word' id='word_1_595' title='bbox 903 3976 994 4044; x_wconf 90' lang='lat' dir='ltr'><strong>qui</strong></span> <span class='ocrx_word' id='word_1_596' title='bbox 1020 3989 1147 4028; x_wconf 90' lang='lat' dir='ltr'><strong>vere</strong></span> <span class='ocrx_word' id='word_1_597' title='bbox 1176 3985 1260 4028; x_wconf 84' lang='lat' dir='ltr'><strong>est</strong></span> <span class='ocrx_word' id='word_1_598' title='bbox 1286 3975 1564 4029; x_wconf 88' lang='lat' dir='ltr'><strong>sacerdos.</strong></span> <span class='ocrx_word' id='word_1_599' title='bbox 1593 3973 1849 4027; x_wconf 79' lang='lat' dir='ltr'><strong>Christus</strong></span> 
     </span>
    </p>
   </div>
   <div class='ocr_carea' id='block_1_74' title="bbox 260 4064 1846 4136">
    <p class='ocr_par' dir='ltr' id='par_1_74' title="bbox 260 4064 1846 4136">
     <span class='ocr_line' id='line_1_74' title="bbox 260 4064 1846 4136; baseline -0.004 -14"><span class='ocrx_word' id='word_1_600' title='bbox 260 4069 488 4123; x_wconf 82' lang='lat' dir='ltr'><strong>oﬂ‘ertur</strong></span> <span class='ocrx_word' id='word_1_601' title='bbox 517 4066 663 4121; x_wconf 81' lang='lat' dir='ltr'><strong>Patri</strong></span> <span class='ocrx_word' id='word_1_602' title='bbox 704 4068 1042 4122; x_wconf 85' lang='lat' dir='ltr'><strong>:oblationis</strong></span> <span class='ocrx_word' id='word_1_603' title='bbox 1063 4082 1210 4120; x_wconf 80' lang='lat' dir='ltr'><strong>enim</strong></span> <span class='ocrx_word' id='word_1_604' title='bbox 1267 4072 1386 4136; x_wconf 84' lang='lat' dir='ltr'><strong>ejus</strong></span> <span class='ocrx_word' id='word_1_605' title='bbox 1434 4068 1599 4120; x_wconf 86' lang='lat' dir='ltr'><strong>etiam</strong></span> <span class='ocrx_word' id='word_1_606' title='bbox 1660 4064 1846 4119; x_wconf 73' lang='lat' dir='ltr'><strong>Daniel</strong></span> 
     </span>
    </p>
   </div>
   <div class='ocr_carea' id='block_1_75' title="bbox 260 4156 1842 4220">
    <p class='ocr_par' dir='ltr' id='par_1_75' title="bbox 260 4156 1842 4220">
     <span class='ocr_line' id='line_1_75' title="bbox 260 4156 1842 4220; baseline -0.006 -5"><span class='ocrx_word' id='word_1_607' title='bbox 260 4162 531 4220; x_wconf 84' lang='lat' dir='ltr'><strong>meminit.</strong></span> <span class='ocrx_word' id='word_1_608' title='bbox 562 4174 686 4214; x_wconf 89' lang='lat' dir='ltr'><strong>cum</strong></span> <span class='ocrx_word' id='word_1_609' title='bbox 717 4159 849 4215; x_wconf 90' lang='lat' dir='ltr'><strong>dicit</strong></span> <span class='ocrx_word' id='word_1_610' title='bbox 884 4177 894 4209; x_wconf 92' lang='lat'><strong><em>:</em></strong></span> <span class='ocrx_word' id='word_1_611' title='bbox 940 4158 1005 4212; x_wconf 85' lang='lat' dir='ltr'><strong>Et</strong></span> <span class='ocrx_word' id='word_1_612' title='bbox 1040 4175 1154 4212; x_wconf 89' lang='lat' dir='ltr'><strong>ecce</strong></span> <span class='ocrx_word' id='word_1_613' title='bbox 1180 4170 1235 4212; x_wconf 85' lang='lat' dir='ltr'><strong>ut</strong></span> <span class='ocrx_word' id='word_1_614' title='bbox 1268 4156 1440 4212; x_wconf 81' lang='lat' dir='ltr'><strong>Filius</strong></span> <span class='ocrx_word' id='word_1_615' title='bbox 1468 4159 1696 4211; x_wconf 82' lang='lat' dir='ltr'><strong>hominis</strong></span> <span class='ocrx_word' id='word_1_616' title='bbox 1726 4172 1842 4209; x_wconf 84' lang='lat' dir='ltr'><strong>cum</strong></span> 
     </span>
    </p>
   </div>
   <div class='ocr_carea' id='block_1_76' title="bbox 262 4249 1841 4319">
    <p class='ocr_par' dir='ltr' id='par_1_76' title="bbox 262 4249 1841 4319">
     <span class='ocr_line' id='line_1_76' title="bbox 262 4249 1841 4319; baseline -0.003 -14"><span class='ocrx_word' id='word_1_617' title='bbox 262 4254 479 4306; x_wconf 83' lang='lat' dir='ltr'><strong>nubibus</strong></span> <span class='ocrx_word' id='word_1_618' title='bbox 499 4252 634 4311; x_wconf 72' lang='lat' dir='ltr'><strong>caeli,</strong></span> <span class='ocrx_word' id='word_1_619' title='bbox 660 4261 707 4303; x_wconf 85' lang='lat' dir='ltr'><strong>et</strong></span> <span class='ocrx_word' id='word_1_620' title='bbox 733 4267 896 4319; x_wconf 87' lang='lat' dir='ltr'><strong>usque</strong></span> <span class='ocrx_word' id='word_1_621' title='bbox 946 4251 1015 4303; x_wconf 88' lang='lat' dir='ltr'><strong>ad</strong></span> <span class='ocrx_word' id='word_1_622' title='bbox 1050 4249 1315 4304; x_wconf 78' lang='lat' dir='ltr'><strong>Vetustum</strong></span> <span class='ocrx_word' id='word_1_623' title='bbox 1348 4252 1554 4303; x_wconf 85' lang='lat' dir='ltr'><strong>dierum</strong></span> <span class='ocrx_word' id='word_1_624' title='bbox 1586 4250 1841 4315; x_wconf 84' lang='lat' dir='ltr'><strong>pervenit,</strong></span> 
     </span>
    </p>
   </div>
   <div class='ocr_carea' id='block_1_77' title="bbox 267 4341 1844 4412">
    <p class='ocr_par' dir='ltr' id='par_1_77' title="bbox 267 4341 1844 4412">
     <span class='ocr_line' id='line_1_77' title="bbox 267 4341 1844 4412; baseline -0.001 -18"><span class='ocrx_word' id='word_1_625' title='bbox 267 4353 308 4395; x_wconf 77' lang='lat' dir='ltr'><strong>3t</strong></span> <span class='ocrx_word' id='word_1_626' title='bbox 331 4342 536 4396; x_wconf 88' lang='lat' dir='ltr'><strong>oblatus</strong></span> <span class='ocrx_word' id='word_1_627' title='bbox 571 4353 644 4395; x_wconf 87' lang='lat' dir='ltr'><strong>est</strong></span> <span class='ocrx_word' id='word_1_628' title='bbox 672 4346 727 4394; x_wconf 85' lang='lat' dir='ltr'><strong>in</strong></span> <span class='ocrx_word' id='word_1_629' title='bbox 757 4352 1037 4410; x_wconf 81' lang='lat' dir='ltr'><strong>conspectu</strong></span> <span class='ocrx_word' id='word_1_630' title='bbox 1060 4342 1174 4412; x_wconf 84' lang='lat' dir='ltr'><strong>ejus</strong></span> <span class='ocrx_word' id='word_1_631' title='bbox 1204 4342 1246 4406; x_wconf 78' lang='lat'><strong>‘,</strong></span> <span class='ocrx_word' id='word_1_632' title='bbox 1279 4341 1450 4396; x_wconf 87' lang='lat' dir='ltr'><strong>nostri</strong></span> <span class='ocrx_word' id='word_1_633' title='bbox 1475 4341 1663 4408; x_wconf 88' lang='lat' dir='ltr'><strong>utique</strong></span> <span class='ocrx_word' id='word_1_634' title='bbox 1681 4355 1844 4394; x_wconf 83' lang='lat' dir='ltr'><strong>causa</strong></span> 
     </span>
    </p>
   </div>
   <div class='ocr_carea' id='block_1_78' title="bbox 259 4430 1848 4504">
    <p class='ocr_par' dir='ltr' id='par_1_78' title="bbox 259 4430 1848 4504">
     <span class='ocr_line' id='line_1_78' title="bbox 259 4430 1848 4504; baseline -0.002 -16"><span class='ocrx_word' id='word_1_635' title='bbox 259 4442 316 4491; x_wconf 84' lang='lat' dir='ltr'><strong>et</strong></span> <span class='ocrx_word' id='word_1_636' title='bbox 341 4434 649 4497; x_wconf 88' lang='lat' dir='ltr'><strong>nobiscum,</strong></span> <span class='ocrx_word' id='word_1_637' title='bbox 683 4442 745 4501; x_wconf 88' lang='lat' dir='ltr'><strong>et</strong></span> <span class='ocrx_word' id='word_1_638' title='bbox 766 4442 991 4504; x_wconf 91' lang='lat' dir='ltr'><strong>propter</strong></span> <span class='ocrx_word' id='word_1_639' title='bbox 1022 4448 1124 4488; x_wconf 90' lang='lat' dir='ltr'><strong>nos</strong></span> <span class='ocrx_word' id='word_1_640' title='bbox 1180 4433 1432 4487; x_wconf 82' lang='lat' dir='ltr'><strong>on‘ertur.</strong></span> <span class='ocrx_word' id='word_1_641' title='bbox 1466 4430 1763 4501; x_wconf 81' lang='lat' dir='ltr'><strong>PrOpterea</strong></span> <span class='ocrx_word' id='word_1_642' title='bbox 1792 4441 1848 4485; x_wconf 79' lang='lat' dir='ltr'><strong>et</strong></span> 
     </span>
    </p>
   </div>
   <div class='ocr_carea' id='block_1_79' title="bbox 258 4524 1847 4590">
    <p class='ocr_par' dir='ltr' id='par_1_79' title="bbox 258 4524 1847 4590">
     <span class='ocr_line' id='line_1_79' title="bbox 258 4524 1847 4590; baseline 0 -11"><span class='ocrx_word' id='word_1_643' title='bbox 258 4540 407 4580; x_wconf 88' lang='lat' dir='ltr'><strong>nunc</strong></span> <span class='ocrx_word' id='word_1_644' title='bbox 442 4540 721 4579; x_wconf 87' lang='lat' dir='ltr'><strong>eumeum</strong></span> <span class='ocrx_word' id='word_1_645' title='bbox 750 4524 877 4580; x_wconf 78' lang='lat' dir='ltr'><strong>ﬁliis</strong></span> <span class='ocrx_word' id='word_1_646' title='bbox 897 4524 1012 4581; x_wconf 89' lang='lat' dir='ltr'><strong>suis</strong></span> <span class='ocrx_word' id='word_1_647' title='bbox 1064 4525 1198 4580; x_wconf 90' lang='lat' dir='ltr'><strong>dicit</strong></span> <span class='ocrx_word' id='word_1_648' title='bbox 1248 4526 1515 4590; x_wconf 88' lang='lat' dir='ltr'><strong>oblatum,</strong></span> <span class='ocrx_word' id='word_1_649' title='bbox 1569 4539 1695 4579; x_wconf 89' lang='lat' dir='ltr'><strong>cum</strong></span> <span class='ocrx_word' id='word_1_650' title='bbox 1759 4524 1847 4579; x_wconf 83' lang='lat' dir='ltr'><strong>his</strong></span> 
     </span>
    </p>
   </div>
   <div class='ocr_carea' id='block_1_80' title="bbox 258 4621 1917 4706">
    <p class='ocr_par' dir='ltr' id='par_1_80' title="bbox 258 4621 1917 4706">
     <span class='ocr_line' id='line_1_80' title="bbox 258 4621 1917 4706; baseline -0.002 -31"><span class='ocrx_word' id='word_1_651' title='bbox 258 4622 529 4687; x_wconf 87' lang='lat' dir='ltr'><strong>videlicet,</strong></span> <span class='ocrx_word' id='word_1_652' title='bbox 581 4622 673 4692; x_wconf 92' lang='lat' dir='ltr'><strong>qui</strong></span> <span class='ocrx_word' id='word_1_653' title='bbox 703 4621 1022 4677; x_wconf 81' lang='lat' dir='ltr'><strong>sublimiora</strong></span> <span class='ocrx_word' id='word_1_654' title='bbox 1070 4622 1309 4692; x_wconf 88' lang='lat' dir='ltr'><strong>sapiunt,</strong></span> <span class='ocrx_word' id='word_1_655' title='bbox 1342 4630 1397 4677; x_wconf 89' lang='lat' dir='ltr'><strong>et</strong></span> <span class='ocrx_word' id='word_1_656' title='bbox 1426 4622 1522 4691; x_wconf 86' lang='lat' dir='ltr'><strong>qui</strong></span> <span class='ocrx_word' id='word_1_657' title='bbox 1557 4621 1841 4675; x_wconf 89' lang='lat' dir='ltr'><strong>imitantur</strong></span> <span class='ocrx_word' id='word_1_658' title='bbox 1872 4650 1917 4706; x_wconf 67' lang='grc' dir='ltr'>υ</span> 
     </span>
    </p>
   </div>
   <div class='ocr_carea' id='block_1_81' title="bbox 258 4711 1835 4784">
    <p class='ocr_par' dir='ltr' id='par_1_81' title="bbox 258 4711 1835 4784">
     <span class='ocr_line' id='line_1_81' title="bbox 258 4711 1835 4784; baseline -0.004 -15"><span class='ocrx_word' id='word_1_659' title='bbox 258 4717 406 4776; x_wconf 82' lang='lat' dir='ltr'><strong>eum,</strong></span> <span class='ocrx_word' id='word_1_660' title='bbox 435 4728 699 4784; x_wconf 89' lang='lat' dir='ltr'><strong>quantum</strong></span> <span class='ocrx_word' id='word_1_661' title='bbox 732 4713 814 4768; x_wconf 78' lang='lat' dir='ltr'><strong>las</strong></span> <span class='ocrx_word' id='word_1_662' title='bbox 841 4722 928 4769; x_wconf 87' lang='lat' dir='ltr'><strong>est</strong></span> <span class='ocrx_word' id='word_1_663' title='bbox 958 4713 1295 4775; x_wconf 75' lang='lat' dir='ltr'><strong>horninibus,</strong></span> <span class='ocrx_word' id='word_1_664' title='bbox 1336 4713 1479 4767; x_wconf 89' lang='lat' dir='ltr'><strong>sicut</strong></span> <span class='ocrx_word' id='word_1_665' title='bbox 1507 4711 1710 4766; x_wconf 79' lang='lat' dir='ltr'><strong>Paulus</strong></span> <span class='ocrx_word' id='word_1_666' title='bbox 1725 4712 1835 4765; x_wconf 85' lang='lat' dir='ltr'><strong>ait:</strong></span> 
     </span>
    </p>
   </div>
   <div class='ocr_carea' id='block_1_82' title="bbox 263 4803 1843 4876">
    <p class='ocr_par' dir='ltr' id='par_1_82' title="bbox 263 4803 1843 4876">
     <span class='ocr_line' id='line_1_82' title="bbox 263 4803 1843 4876; baseline -0.001 -16"><span class='ocrx_word' id='word_1_667' title='bbox 263 4808 561 4862; x_wconf 85' lang='lat' dir='ltr'><strong>lmitatores</strong></span> <span class='ocrx_word' id='word_1_668' title='bbox 618 4806 721 4859; x_wconf 87' lang='lat' dir='ltr'><strong>mei</strong></span> <span class='ocrx_word' id='word_1_669' title='bbox 782 4814 967 4870; x_wconf 89' lang='lat' dir='ltr'><strong>estote,</strong></span> <span class='ocrx_word' id='word_1_670' title='bbox 1015 4806 1149 4860; x_wconf 86' lang='lat' dir='ltr'><strong>sicut</strong></span> <span class='ocrx_word' id='word_1_671' title='bbox 1187 4814 1240 4861; x_wconf 85' lang='lat' dir='ltr'><strong>et</strong></span> <span class='ocrx_word' id='word_1_672' title='bbox 1282 4821 1375 4876; x_wconf 79' lang='lat' dir='ltr'><strong>ego</strong></span> <span class='ocrx_word' id='word_1_673' title='bbox 1410 4803 1603 4861; x_wconf 77' lang='lat' dir='ltr'><strong>Christi</strong></span> <span class='ocrx_word' id='word_1_674' title='bbox 1624 4805 1663 4860; x_wconf 88' lang='grc'><strong>⁷.</strong></span> <span class='ocrx_word' id='word_1_675' title='bbox 1731 4803 1843 4859; x_wconf 83' lang='lat' dir='ltr'><strong>Sed</strong></span> 
     </span>
    </p>
   </div>
   <div class='ocr_carea' id='block_1_83' title="bbox 258 4897 1840 4983">
    <p class='ocr_par' dir='ltr' id='par_1_83' title="bbox 258 4897 1840 4983">
     <span class='ocr_line' id='line_1_83' title="bbox 258 4897 1840 4983; baseline -0.003 -29"><span class='ocrx_word' id='word_1_676' title='bbox 258 4899 460 4955; x_wconf 85' lang='lat' dir='ltr'><strong>oblatio</strong></span> <span class='ocrx_word' id='word_1_677' title='bbox 495 4900 610 4968; x_wconf 89' lang='lat' dir='ltr'><strong>ipsa</strong></span> <span class='ocrx_word' id='word_1_678' title='bbox 645 4914 739 4969; x_wconf 89' lang='lat' dir='ltr'><strong>per</strong></span> <span class='ocrx_word' id='word_1_679' title='bbox 769 4899 1102 4983; x_wconf 76' lang='lat' dir='ltr'><strong>baptismum</strong></span> <span class='ocrx_word' id='word_1_680' title='bbox 1136 4898 1468 4965; x_wconf 83' lang='lat' dir='ltr'><strong>celebratur,</strong></span> <span class='ocrx_word' id='word_1_681' title='bbox 1524 4897 1670 4968; x_wconf 89' lang='lat' dir='ltr'><strong>quod</strong></span> <span class='ocrx_word' id='word_1_682' title='bbox 1720 4897 1797 4952; x_wconf 87' lang='lat' dir='ltr'><strong>ait</strong></span> <span class='ocrx_word' id='word_1_683' title='bbox 1826 4914 1840 4949; x_wconf 89' lang='lat'><strong>:</strong></span> 
     </span>
    </p>
   </div>
   <div class='ocr_carea' id='block_1_84' title="bbox 326 4990 1843 5062">
    <p class='ocr_par' dir='ltr' id='par_1_84' title="bbox 326 4990 1843 5062">
     <span class='ocr_line' id='line_1_84' title="bbox 326 4990 1843 5062; baseline 0.001 -16"><span class='ocrx_word' id='word_1_684' title='bbox 326 4991 567 5062; x_wconf 80' lang='lat' dir='ltr'><strong>Cumque</strong></span> <span class='ocrx_word' id='word_1_685' title='bbox 592 4992 809 5046; x_wconf 86' lang='lat' dir='ltr'><strong>lavisset</strong></span> <span class='ocrx_word' id='word_1_686' title='bbox 832 5008 939 5047; x_wconf 87' lang='lat' dir='ltr'><strong>eos.</strong></span> <span class='ocrx_word' id='word_1_687' title='bbox 967 4991 1163 5046; x_wconf 78' lang='lat' dir='ltr'><strong>Certus</strong></span> <span class='ocrx_word' id='word_1_688' title='bbox 1183 5007 1243 5046; x_wconf 88' lang='lat' dir='ltr'><strong>es</strong></span> <span class='ocrx_word' id='word_1_689' title='bbox 1272 5002 1478 5055; x_wconf 86' lang='lat' dir='ltr'><strong>autem,</strong></span> <span class='ocrx_word' id='word_1_690' title='bbox 1510 4990 1654 5062; x_wconf 89' lang='lat' dir='ltr'><strong>quod</strong></span> <span class='ocrx_word' id='word_1_691' title='bbox 1680 4990 1843 5047; x_wconf 85' lang='lat' dir='ltr'><strong>Chri-</strong></span> 
     </span>
    </p>
   </div>
   <div class='ocr_carea' id='block_1_85' title="bbox 258 5082 1841 5154">
    <p class='ocr_par' dir='ltr' id='par_1_85' title="bbox 258 5082 1841 5154">
     <span class='ocr_line' id='line_1_85' title="bbox 258 5082 1841 5154; baseline 0.002 -18"><span class='ocrx_word' id='word_1_692' title='bbox 258 5094 375 5137; x_wconf 75' lang='lat' dir='ltr'><strong>stus</strong></span> <span class='ocrx_word' id='word_1_693' title='bbox 400 5083 469 5137; x_wconf 92' lang='lat' dir='ltr'><strong>ad</strong></span> <span class='ocrx_word' id='word_1_694' title='bbox 504 5082 799 5138; x_wconf 86' lang='lat' dir='ltr'><strong>sacrandas</strong></span> <span class='ocrx_word' id='word_1_695' title='bbox 819 5098 988 5152; x_wconf 86' lang='lat' dir='ltr'><strong>aquas</strong></span> <span class='ocrx_word' id='word_1_696' title='bbox 1032 5082 1379 5154; x_wconf 84' lang='lat' dir='ltr'><strong>baptismatis</strong></span> <span class='ocrx_word' id='word_1_697' title='bbox 1408 5082 1606 5149; x_wconf 87' lang='lat' dir='ltr'><strong>nostri,</strong></span> <span class='ocrx_word' id='word_1_698' title='bbox 1640 5083 1694 5138; x_wconf 89' lang='lat' dir='ltr'><strong>in</strong></span> <span class='ocrx_word' id='word_1_699' title='bbox 1716 5084 1841 5139; x_wconf 82' lang='lat' dir='ltr'><strong>Jor-</strong></span> 
     </span>
    </p>
   </div>
   <div class='ocr_carea' id='block_1_86' title="bbox 259 5172 1842 5247">
    <p class='ocr_par' dir='ltr' id='par_1_86' title="bbox 259 5172 1842 5247">
     <span class='ocr_line' id='line_1_86' title="bbox 259 5172 1842 5247; baseline 0.003 -20"><span class='ocrx_word' id='word_1_700' title='bbox 259 5179 394 5229; x_wconf 70' lang='lat' dir='ltr'><strong>tlane</strong></span> <span class='ocrx_word' id='word_1_701' title='bbox 432 5184 518 5229; x_wconf 86' lang='lat' dir='ltr'><strong>est</strong></span> <span class='ocrx_word' id='word_1_702' title='bbox 565 5172 731 5229; x_wconf 77' lang='lat' dir='ltr'><strong>ﬂuvio</strong></span> <span class='ocrx_word' id='word_1_703' title='bbox 761 5174 1084 5245; x_wconf 82' lang='lat' dir='ltr'><strong>baptizatus.</strong></span> <span class='ocrx_word' id='word_1_704' title='bbox 1118 5174 1226 5231; x_wconf 88' lang='lat' dir='ltr'><strong>Sed</strong></span> <span class='ocrx_word' id='word_1_705' title='bbox 1277 5175 1396 5231; x_wconf 63' lang='lat' dir='ltr'><strong>hac</strong></span> <span class='ocrx_word' id='word_1_706' title='bbox 1421 5175 1642 5247; x_wconf 88' lang='lat' dir='ltr'><strong>quidem</strong></span> <span class='ocrx_word' id='word_1_707' title='bbox 1689 5190 1842 5231; x_wconf 88' lang='lat' dir='ltr'><strong>com-</strong></span> 
     </span>
    </p>
   </div>
   <div class='ocr_carea' id='block_1_87' title="bbox 256 5266 1844 5338">
    <p class='ocr_par' dir='ltr' id='par_1_87' title="bbox 256 5266 1844 5338">
     <span class='ocr_line' id='line_1_87' title="bbox 256 5266 1844 5338; baseline 0.001 -16"><span class='ocrx_word' id='word_1_708' title='bbox 256 5268 443 5323; x_wconf 89' lang='lat' dir='ltr'><strong>munia</strong></span> <span class='ocrx_word' id='word_1_709' title='bbox 465 5277 594 5321; x_wconf 88' lang='lat' dir='ltr'><strong>sunt</strong></span> <span class='ocrx_word' id='word_1_710' title='bbox 625 5268 803 5321; x_wconf 82' lang='lat' dir='ltr'><strong>Aaron</strong></span> <span class='ocrx_word' id='word_1_711' title='bbox 836 5281 960 5322; x_wconf 91' lang='lat' dir='ltr'><strong>cum</strong></span> <span class='ocrx_word' id='word_1_712' title='bbox 992 5266 1119 5323; x_wconf 79' lang='lat' dir='ltr'><strong>filiis</strong></span> <span class='ocrx_word' id='word_1_713' title='bbox 1134 5268 1275 5338; x_wconf 88' lang='lat' dir='ltr'><strong>ejus.</strong></span> <span class='ocrx_word' id='word_1_714' title='bbox 1318 5266 1539 5324; x_wconf 88' lang='lat' dir='ltr'><strong>Christo</strong></span> <span class='ocrx_word' id='word_1_715' title='bbox 1588 5266 1844 5323; x_wconf 88' lang='lat' dir='ltr'><strong>videlicet</strong></span> 
     </span>
    </p>
   </div>
   <div class='ocr_carea' id='block_1_88' title="bbox 254 5357 1843 5430">
    <p class='ocr_par' dir='ltr' id='par_1_88' title="bbox 254 5357 1843 5430">
     <span class='ocr_line' id='line_1_88' title="bbox 254 5357 1843 5430; baseline 0 -17"><span class='ocrx_word' id='word_1_716' title='bbox 254 5359 579 5423; x_wconf 83' lang='lat' dir='ltr'><strong>nobiscum;</strong></span> <span class='ocrx_word' id='word_1_717' title='bbox 609 5357 899 5427; x_wconf 88' lang='lat' dir='ltr'><strong>sequentia</strong></span> <span class='ocrx_word' id='word_1_718' title='bbox 967 5373 1101 5414; x_wconf 87' lang='lat' dir='ltr'><strong>vero</strong></span> <span class='ocrx_word' id='word_1_719' title='bbox 1148 5374 1519 5430; x_wconf 83' lang='lat' dir='ltr'><strong>nequaquam.</strong></span> <span class='ocrx_word' id='word_1_720' title='bbox 1556 5357 1843 5414; x_wconf 71' lang='lat' dir='ltr'><strong>Excedunt</strong></span> 
     </span>
    </p>
   </div>
   <div class='ocr_carea' id='block_1_89' title="bbox 253 5449 1842 5523">
    <p class='ocr_par' dir='ltr' id='par_1_89' title="bbox 253 5449 1842 5523">
     <span class='ocr_line' id='line_1_89' title="bbox 253 5449 1842 5523; baseline -0.001 -18"><span class='ocrx_word' id='word_1_721' title='bbox 253 5453 459 5523; x_wconf 85' lang='lat' dir='ltr'><strong>quippe</strong></span> <span class='ocrx_word' id='word_1_722' title='bbox 489 5466 610 5513; x_wconf 84' lang='lat' dir='ltr'><strong>nos.</strong></span> <span class='ocrx_word' id='word_1_723' title='bbox 638 5458 803 5520; x_wconf 88' lang='lat' dir='ltr'><strong>atque</strong></span> <span class='ocrx_word' id='word_1_724' title='bbox 832 5449 1148 5506; x_wconf 85' lang='lat' dir='ltr'><strong>sublimiora</strong></span> <span class='ocrx_word' id='word_1_725' title='bbox 1211 5451 1374 5506; x_wconf 89' lang='lat' dir='ltr'><strong>nobis</strong></span> <span class='ocrx_word' id='word_1_726' title='bbox 1422 5460 1574 5514; x_wconf 85' lang='lat' dir='ltr'><strong>sunt.</strong></span> <span class='ocrx_word' id='word_1_727' title='bbox 1628 5449 1842 5523; x_wconf 78' lang='lat' dir='ltr'><strong>solique</strong></span> 
     </span>
    </p>
   </div>
   <div class='ocr_carea' id='block_1_90' title="bbox 257 5522 1785 5622">
    <p class='ocr_par' dir='ltr' id='par_1_90' title="bbox 257 5522 1785 5622">
     <span class='ocr_line' id='line_1_90' title="bbox 257 5522 1785 5622; baseline -0.012 -24"><span class='ocrx_word' id='word_1_728' title='bbox 257 5522 436 5611; x_wconf 82' lang='lat' dir='ltr'><strong>primo</strong></span> <span class='ocrx_word' id='word_1_729' title='bbox 452 5558 517 5598; x_wconf 89' lang='lat' dir='ltr'><strong>ac</strong></span> <span class='ocrx_word' id='word_1_730' title='bbox 540 5559 671 5598; x_wconf 86' lang='lat' dir='ltr'><strong>vero</strong></span> <span class='ocrx_word' id='word_1_731' title='bbox 699 5543 965 5599; x_wconf 84' lang='lat' dir='ltr'><strong>sacerdoti</strong></span> <span class='ocrx_word' id='word_1_732' title='bbox 993 5534 1413 5615; x_wconf 56' lang='lat' dir='ltr'><strong>competenti”.</strong></span> <span class='ocrx_word' id='word_1_733' title='bbox 1750 5522 1785 5622; x_wconf 32' lang='grc'><strong>⁸⁸</strong></span> 
     </span>
    </p>
   </div>
   <div class='ocr_carea' id='block_1_91' title="bbox 337 5633 1842 5707">
    <p class='ocr_par' dir='ltr' id='par_1_91' title="bbox 337 5633 1842 5707">
     <span class='ocr_line' id='line_1_91' title="bbox 337 5633 1842 5707; baseline 0.003 -22"><span class='ocrx_word' id='word_1_734' title='bbox 337 5633 647 5703; x_wconf 76' lang='lat' dir='ltr'><strong>Vesttvitqus</strong></span> <span class='ocrx_word' id='word_1_735' title='bbox 685 5633 982 5703; x_wconf 76' lang='lat' dir='ltr'><strong>pontiﬁcem</strong></span> <span class='ocrx_word' id='word_1_736' title='bbox 1046 5636 1299 5690; x_wconf 75' lang='lat' dir='ltr'><strong>subucula</strong></span> <span class='ocrx_word' id='word_1_737' title='bbox 1351 5636 1513 5699; x_wconf 84' lang='lat' dir='ltr'><strong>linea,</strong></span> <span class='ocrx_word' id='word_1_738' title='bbox 1562 5636 1842 5707; x_wconf 72' lang='lat' dir='ltr'><strong>accingeris</strong></span> 
     </span>
    </p>
   </div>
   <div class='ocr_carea' id='block_1_92' title="bbox 330 5815 1284 5884">
    <p class='ocr_par' dir='ltr' id='par_1_92' title="bbox 330 5815 1284 5884">
     <span class='ocr_line' id='line_1_92' title="bbox 330 5815 1284 5884; baseline 0.006 -13"><span class='ocrx_word' id='word_1_739' title='bbox 330 5815 340 5844; x_wconf 83' lang='grc'><strong><em>³</em></strong></span> <span class='ocrx_word' id='word_1_740' title='bbox 377 5815 539 5873; x_wconf 76' lang='lat' dir='ltr'><strong>Hebr.</strong></span> <span class='ocrx_word' id='word_1_741' title='bbox 594 5834 671 5884; x_wconf 81' lang='lat' dir='ltr'><strong>tv,</strong></span> <span class='ocrx_word' id='word_1_742' title='bbox 721 5816 807 5872; x_wconf 71' lang='grc' dir='ltr'><strong>η.</strong></span> <span class='ocrx_word' id='word_1_743' title='bbox 921 5821 941 5851; x_wconf 81' lang='lat'><strong>’</strong></span> <span class='ocrx_word' id='word_1_744' title='bbox 967 5820 1087 5877; x_wconf 77' lang='lat' dir='ltr'><strong>Art.</strong></span> <span class='ocrx_word' id='word_1_745' title='bbox 1128 5838 1203 5880; x_wconf 79' lang='lat' dir='ltr'><strong>Vl.</strong></span> <span class='ocrx_word' id='word_1_746' title='bbox 1229 5822 1284 5879; x_wconf 73' lang='grc'><strong>2.</strong></span> 
     </span>
    </p>
   </div>
   <div class='ocr_carea' id='block_1_93' title="bbox 459 5980 1148 6047">
    <p class='ocr_par' dir='ltr' id='par_1_93' title="bbox 459 5980 1148 6047">
     <span class='ocr_line' id='line_1_93' title="bbox 459 5980 1148 6047; baseline 0.007 -6"><span class='ocrx_word' id='word_1_747' title='bbox 459 5980 737 6043; x_wconf 66' lang='lat' dir='ltr'><strong>Panos.</strong></span> <span class='ocrx_word' id='word_1_748' title='bbox 770 5983 889 6044; x_wconf 76' lang='lat' dir='ltr'><strong>Gs.</strong></span> <span class='ocrx_word' id='word_1_749' title='bbox 928 5984 1148 6047; x_wconf 73' lang='lat' dir='ltr'><strong>XCIII.</strong></span> 
     </span>
    </p>
   </div>
   <div class='ocr_carea' id='block_1_94' title="bbox 1402 5823 1941 5893">
    <p class='ocr_par' dir='ltr' id='par_1_94' title="bbox 1402 5823 1941 5893">
     <span class='ocr_line' id='line_1_94' title="bbox 1402 5823 1941 5893; baseline 0.006 -16"><span class='ocrx_word' id='word_1_750' title='bbox 1402 5824 1422 5855; x_wconf 87' lang='grc'>⁸</span> <span class='ocrx_word' id='word_1_751' title='bbox 1450 5823 1591 5879; x_wconf 78' lang='lat' dir='ltr'><strong>Psal.</strong></span> <span class='ocrx_word' id='word_1_752' title='bbox 1622 5841 1793 5893; x_wconf 77' lang='lat' dir='ltr'><strong>txvn,</strong></span> <span class='ocrx_word' id='word_1_753' title='bbox 1853 5825 1941 5880; x_wconf 72' lang='grc' dir='ltr'><strong>η.</strong></span> 
     </span>
    </p>
   </div>
   <div class='ocr_carea' id='block_1_95' title="bbox 254 5886 2003 5958">
    <p class='ocr_par' dir='ltr' id='par_1_95' title="bbox 254 5886 2003 5958">
     <span class='ocr_line' id='line_1_95' title="bbox 254 5886 2003 5958; baseline 0.005 -18"><span class='ocrx_word' id='word_1_754' title='bbox 254 5889 277 5922; x_wconf 66' lang='grc'><strong>⁵⁸</strong></span> <span class='ocrx_word' id='word_1_755' title='bbox 315 5886 543 5957; x_wconf 81' lang='lat' dir='ltr'><strong>Philipp.</strong></span> <span class='ocrx_word' id='word_1_756' title='bbox 578 5903 674 5955; x_wconf 87' lang='lat' dir='ltr'><strong>tu,</strong></span> <span class='ocrx_word' id='word_1_757' title='bbox 704 5889 791 5944; x_wconf 81' lang='lat' dir='ltr'><strong>l‘l.</strong></span> <span class='ocrx_word' id='word_1_758' title='bbox 859 5889 881 5921; x_wconf 83' lang='lat'>&#39;</span> <span class='ocrx_word' id='word_1_759' title='bbox 911 5890 1047 5947; x_wconf 82' lang='lat' dir='ltr'><strong>Gen.</strong></span> <span class='ocrx_word' id='word_1_760' title='bbox 1079 5908 1137 5947; x_wconf 79' lang='grc' dir='ltr'><strong>ιι.</strong></span> <span class='ocrx_word' id='word_1_761' title='bbox 1169 5896 1219 5949; x_wconf 78' lang='grc'><strong>’1.</strong></span> <span class='ocrx_word' id='word_1_762' title='bbox 1291 5896 1310 5925; x_wconf 79' lang='grc'><strong><em>⁸</em></strong></span> <span class='ocrx_word' id='word_1_763' title='bbox 1347 5895 1477 5949; x_wconf 83' lang='lat' dir='ltr'><strong>ibid.</strong></span> <span class='ocrx_word' id='word_1_764' title='bbox 1557 5896 1600 5928; x_wconf 86' lang='lat'><strong>&quot;</strong></span> <span class='ocrx_word' id='word_1_765' title='bbox 1629 5886 1885 5958; x_wconf 46' lang='lat' dir='ltr'><strong>Geufm.</strong></span> <span class='ocrx_word' id='word_1_766' title='bbox 1926 5898 2003 5952; x_wconf 86' lang='lat' dir='ltr'><strong>I9.</strong></span> 
     </span>
    </p>
   </div>
   <div class='ocr_carea' id='block_1_96' title="bbox 1954 3966 3535 4048">
    <p class='ocr_par' dir='ltr' id='par_1_96' title="bbox 1954 3966 3535 4048">
     <span class='ocr_line' id='line_1_96' title="bbox 1954 3966 3535 4048; baseline 0.011 -29"><span class='ocrx_word' id='word_1_767' title='bbox 1954 3984 2069 4027; x_wconf 85' lang='lat' dir='ltr'><strong>vus.</strong></span> <span class='ocrx_word' id='word_1_768' title='bbox 2102 3977 2186 4022; x_wconf 89' lang='lat' dir='ltr'><strong>est</strong></span> <span class='ocrx_word' id='word_1_769' title='bbox 2210 3966 2480 4030; x_wconf 88' lang='lat' dir='ltr'><strong>Christus.</strong></span> <span class='ocrx_word' id='word_1_770' title='bbox 2514 3969 2605 4038; x_wconf 91' lang='lat' dir='ltr'><strong>qui</strong></span> <span class='ocrx_word' id='word_1_771' title='bbox 2636 3969 2703 4024; x_wconf 89' lang='lat' dir='ltr'><strong>de</strong></span> <span class='ocrx_word' id='word_1_772' title='bbox 2733 3973 2871 4025; x_wconf 58' lang='lat' dir='ltr'><strong>coelo</strong></span> <span class='ocrx_word' id='word_1_773' title='bbox 2897 3983 3002 4038; x_wconf 91' lang='lat' dir='ltr'><strong>est,</strong></span> <span class='ocrx_word' id='word_1_774' title='bbox 3036 3990 3144 4029; x_wconf 90' lang='lat' dir='ltr'><strong>non</strong></span> <span class='ocrx_word' id='word_1_775' title='bbox 3198 3978 3373 4032; x_wconf 85' lang='lat' dir='ltr'><strong>solum</strong></span> <span class='ocrx_word' id='word_1_776' title='bbox 3410 3998 3535 4048; x_wconf 79' lang='lat' dir='ltr'><strong>quia</strong></span> 
     </span>
    </p>
   </div>
   <div class='ocr_carea' id='block_1_97' title="bbox 1949 4060 3535 4137">
    <p class='ocr_par' dir='ltr' id='par_1_97' title="bbox 1949 4060 3535 4137">
     <span class='ocr_line' id='line_1_97' title="bbox 1949 4060 3535 4137; baseline 0.009 -23"><span class='ocrx_word' id='word_1_777' title='bbox 1949 4060 2015 4114; x_wconf 90' lang='lat' dir='ltr'><strong>de</strong></span> <span class='ocrx_word' id='word_1_778' title='bbox 2046 4062 2186 4115; x_wconf 71' lang='lat' dir='ltr'><strong>caalo</strong></span> <span class='ocrx_word' id='word_1_779' title='bbox 2209 4061 2514 4126; x_wconf 88' lang='lat' dir='ltr'><strong>descendit,</strong></span> <span class='ocrx_word' id='word_1_780' title='bbox 2547 4063 2641 4117; x_wconf 89' lang='lat' dir='ltr'><strong>sed</strong></span> <span class='ocrx_word' id='word_1_781' title='bbox 2691 4078 2815 4130; x_wconf 71' lang='lat' dir='ltr'><strong>quia</strong></span> <span class='ocrx_word' id='word_1_782' title='bbox 2849 4077 2903 4119; x_wconf 84' lang='lat' dir='ltr'><strong>et</strong></span> <span class='ocrx_word' id='word_1_783' title='bbox 2929 4065 3249 4137; x_wconf 75' lang='lat' dir='ltr'><strong>dignitatem</strong></span> <span class='ocrx_word' id='word_1_784' title='bbox 3295 4077 3535 4128; x_wconf 57' lang='lat' dir='ltr'><strong>certes-ns</strong></span> 
     </span>
    </p>
   </div>
   <div class='ocr_carea' id='block_1_98' title="bbox 1951 4154 3506 4231">
    <p class='ocr_par' dir='ltr' id='par_1_98' title="bbox 1951 4154 3506 4231">
     <span class='ocr_line' id='line_1_98' title="bbox 1951 4154 3506 4231; baseline 0.008 -23"><span class='ocrx_word' id='word_1_785' title='bbox 1951 4154 2215 4216; x_wconf 84' lang='lat' dir='ltr'><strong>servavit,</strong></span> <span class='ocrx_word' id='word_1_786' title='bbox 2240 4154 2370 4209; x_wconf 89' lang='lat' dir='ltr'><strong>dum</strong></span> <span class='ocrx_word' id='word_1_787' title='bbox 2404 4170 2506 4211; x_wconf 90' lang='lat' dir='ltr'><strong>nec</strong></span> <span class='ocrx_word' id='word_1_788' title='bbox 2529 4165 2809 4211; x_wconf 86' lang='lat' dir='ltr'><strong>terrenum</strong></span> <span class='ocrx_word' id='word_1_789' title='bbox 2874 4157 3078 4229; x_wconf 78' lang='lat' dir='ltr'><strong>aliquid</strong></span> <span class='ocrx_word' id='word_1_790' title='bbox 3119 4174 3379 4231; x_wconf 85' lang='lat' dir='ltr'><strong>operatus</strong></span> <span class='ocrx_word' id='word_1_791' title='bbox 3427 4180 3506 4220; x_wconf 88' lang='lat' dir='ltr'><strong>est</strong></span> 
     </span>
    </p>
   </div>
   <div class='ocr_carea' id='block_1_99' title="bbox 1952 4247 3507 4322">
    <p class='ocr_par' dir='ltr' id='par_1_99' title="bbox 1952 4247 3507 4322">
     <span class='ocr_line' id='line_1_99' title="bbox 1952 4247 3507 4322; baseline 0.008 -22"><span class='ocrx_word' id='word_1_792' title='bbox 1952 4262 2051 4301; x_wconf 89' lang='lat' dir='ltr'><strong>nec</strong></span> <span class='ocrx_word' id='word_1_793' title='bbox 2077 4247 2417 4316; x_wconf 88' lang='lat' dir='ltr'><strong>corruptioni</strong></span> <span class='ocrx_word' id='word_1_794' title='bbox 2460 4248 2792 4318; x_wconf 82' lang='lat' dir='ltr'><strong>proximum.</strong></span> <span class='ocrx_word' id='word_1_795' title='bbox 2819 4250 2960 4322; x_wconf 80' lang='lat' dir='ltr'><strong>Ergo</strong></span> <span class='ocrx_word' id='word_1_796' title='bbox 2978 4258 3216 4308; x_wconf 85' lang='lat' dir='ltr'><strong>tunicam</strong></span> <span class='ocrx_word' id='word_1_797' title='bbox 3250 4256 3337 4310; x_wconf 88' lang='lat' dir='ltr'><strong>hic</strong></span> <span class='ocrx_word' id='word_1_798' title='bbox 3358 4266 3507 4312; x_wconf 83' lang='lat' dir='ltr'><strong>terre</strong></span> 
     </span>
    </p>
   </div>
   <div class='ocr_carea' id='block_1_100' title="bbox 1949 4340 3528 4414">
    <p class='ocr_par' dir='ltr' id='par_1_100' title="bbox 1949 4340 3528 4414">
     <span class='ocr_line' id='line_1_100' title="bbox 1949 4340 3528 4414; baseline 0.006 -19"><span class='ocrx_word' id='word_1_799' title='bbox 1949 4358 2079 4395; x_wconf 90' lang='lat' dir='ltr'><strong>nmn</strong></span> <span class='ocrx_word' id='word_1_800' title='bbox 2110 4340 2382 4410; x_wconf 89' lang='lat' dir='ltr'><strong>appellat;</strong></span> <span class='ocrx_word' id='word_1_801' title='bbox 2407 4341 2475 4397; x_wconf 90' lang='lat' dir='ltr'><strong>de</strong></span> <span class='ocrx_word' id='word_1_802' title='bbox 2508 4342 2620 4396; x_wconf 92' lang='lat' dir='ltr'><strong>Iino</strong></span> <span class='ocrx_word' id='word_1_803' title='bbox 2662 4344 2834 4407; x_wconf 87' lang='lat' dir='ltr'><strong>enim,</strong></span> <span class='ocrx_word' id='word_1_804' title='bbox 2866 4347 3013 4414; x_wconf 87' lang='lat' dir='ltr'><strong>quod</strong></span> <span class='ocrx_word' id='word_1_805' title='bbox 3036 4356 3122 4401; x_wconf 86' lang='lat' dir='ltr'><strong>est</strong></span> <span class='ocrx_word' id='word_1_806' title='bbox 3153 4362 3221 4402; x_wconf 80' lang='lat' dir='ltr'><strong>ex</strong></span> <span class='ocrx_word' id='word_1_807' title='bbox 3256 4361 3421 4411; x_wconf 89' lang='lat' dir='ltr'><strong>terra.</strong></span> <span class='ocrx_word' id='word_1_808' title='bbox 3445 4362 3528 4405; x_wconf 88' lang='lat' dir='ltr'><strong>tu-</strong></span> 
     </span>
    </p>
   </div>
   <div class='ocr_carea' id='block_1_101' title="bbox 1948 4430 3532 4507">
    <p class='ocr_par' dir='ltr' id='par_1_101' title="bbox 1948 4430 3532 4507">
     <span class='ocr_line' id='line_1_101' title="bbox 1948 4430 3532 4507; baseline 0.008 -23"><span class='ocrx_word' id='word_1_809' title='bbox 1948 4432 2066 4485; x_wconf 89' lang='lat' dir='ltr'><strong>nica</strong></span> <span class='ocrx_word' id='word_1_810' title='bbox 2098 4430 2239 4485; x_wconf 79' lang='lat' dir='ltr'><strong>iacta</strong></span> <span class='ocrx_word' id='word_1_811' title='bbox 2267 4441 2385 4495; x_wconf 86' lang='lat' dir='ltr'><strong>est;</strong></span> <span class='ocrx_word' id='word_1_812' title='bbox 2415 4432 2491 4486; x_wconf 89' lang='lat' dir='ltr'><strong>ait</strong></span> <span class='ocrx_word' id='word_1_813' title='bbox 2515 4434 2665 4487; x_wconf 88' lang='lat' dir='ltr'><strong>enim</strong></span> <span class='ocrx_word' id='word_1_814' title='bbox 2697 4451 2712 4487; x_wconf 88' lang='lat'><strong>:</strong></span> <span class='ocrx_word' id='word_1_815' title='bbox 2745 4433 2825 4507; x_wconf 68' lang='lat' dir='ltr'><strong>Et</strong></span> <span class='ocrx_word' id='word_1_816' title='bbox 2843 4436 2963 4507; x_wconf 74' lang='lat' dir='ltr'><strong>fecit</strong></span> <span class='ocrx_word' id='word_1_817' title='bbox 3004 4437 3079 4491; x_wconf 88' lang='lat' dir='ltr'><strong>eis</strong></span> <span class='ocrx_word' id='word_1_818' title='bbox 3100 4439 3307 4494; x_wconf 87' lang='lat' dir='ltr'><strong>tunicas</strong></span> <span class='ocrx_word' id='word_1_819' title='bbox 3324 4441 3532 4506; x_wconf 82' lang='lat' dir='ltr'><strong>lineas;</strong></span> 
     </span>
    </p>
   </div>
   <div class='ocr_carea' id='block_1_102' title="bbox 1950 4501 3536 4604">
    <p class='ocr_par' dir='ltr' id='par_1_102' title="bbox 1950 4501 3536 4604">
     <span class='ocr_line' id='line_1_102' title="bbox 1950 4501 3536 4604; baseline 0.008 -27"><span class='ocrx_word' id='word_1_820' title='bbox 1950 4524 2265 4595; x_wconf 79' lang='lat' dir='ltr'><strong>hypodytim</strong></span> <span class='ocrx_word' id='word_1_821' title='bbox 2290 4532 2474 4580; x_wconf 89' lang='lat' dir='ltr'><strong>autem</strong></span> <span class='ocrx_word' id='word_1_822' title='bbox 2504 4501 2959 4598; x_wconf 64' lang='lat' dir='ltr'><strong>ctelestem,.quia</strong></span> <span class='ocrx_word' id='word_1_823' title='bbox 2998 4529 3287 4602; x_wconf 83' lang='lat' dir='ltr'><strong>hypodytis</strong></span> <span class='ocrx_word' id='word_1_824' title='bbox 3315 4501 3536 4604; x_wconf 79' lang='lat' dir='ltr'><strong>poderis</strong></span> 
     </span>
    </p>
   </div>
   <div class='ocr_carea' id='block_1_103' title="bbox 1948 4617 3535 4691">
    <p class='ocr_par' dir='ltr' id='par_1_103' title="bbox 1948 4617 3535 4691">
     <span class='ocr_line' id='line_1_103' title="bbox 1948 4617 3535 4691; baseline 0.007 -21"><span class='ocrx_word' id='word_1_825' title='bbox 1948 4624 2055 4681; x_wconf 90' lang='lat' dir='ltr'><strong>est,</strong></span> <span class='ocrx_word' id='word_1_826' title='bbox 2092 4617 2256 4672; x_wconf 89' lang='lat' dir='ltr'><strong>simul</strong></span> <span class='ocrx_word' id='word_1_827' title='bbox 2290 4626 2473 4673; x_wconf 83' lang='lat' dir='ltr'><strong>autem</strong></span> <span class='ocrx_word' id='word_1_828' title='bbox 2502 4628 2559 4673; x_wconf 90' lang='lat' dir='ltr'><strong>et</strong></span> <span class='ocrx_word' id='word_1_829' title='bbox 2612 4619 3001 4691; x_wconf 85' lang='lat' dir='ltr'><strong>hyacinthinus</strong></span> <span class='ocrx_word' id='word_1_830' title='bbox 3042 4632 3147 4679; x_wconf 85' lang='lat' dir='ltr'><strong>est.</strong></span> <span class='ocrx_word' id='word_1_831' title='bbox 3209 4623 3309 4681; x_wconf 87' lang='lat' dir='ltr'><strong>Hic</strong></span> <span class='ocrx_word' id='word_1_832' title='bbox 3349 4635 3535 4682; x_wconf 86' lang='lat' dir='ltr'><strong>autem</strong></span> 
     </span>
    </p>
   </div>
   <div class='ocr_carea' id='block_1_104' title="bbox 1952 4708 3537 4783">
    <p class='ocr_par' dir='ltr' id='par_1_104' title="bbox 1952 4708 3537 4783">
     <span class='ocr_line' id='line_1_104' title="bbox 1952 4708 3537 4783; baseline 0.009 -21"><span class='ocrx_word' id='word_1_833' title='bbox 1952 4708 2103 4762; x_wconf 88' lang='lat' dir='ltr'><strong>color</strong></span> <span class='ocrx_word' id='word_1_834' title='bbox 2134 4709 2258 4764; x_wconf 61' lang='lat' dir='ltr'><strong>coeli</strong></span> <span class='ocrx_word' id='word_1_835' title='bbox 2283 4719 2390 4774; x_wconf 85' lang='lat' dir='ltr'><strong>est,</strong></span> <span class='ocrx_word' id='word_1_836' title='bbox 2418 4711 2564 4782; x_wconf 88' lang='lat' dir='ltr'><strong>quod</strong></span> <span class='ocrx_word' id='word_1_837' title='bbox 2603 4726 2736 4768; x_wconf 88' lang='lat' dir='ltr'><strong>vero</strong></span> <span class='ocrx_word' id='word_1_838' title='bbox 2767 4722 2853 4768; x_wconf 87' lang='lat' dir='ltr'><strong>est</strong></span> <span class='ocrx_word' id='word_1_839' title='bbox 2910 4714 3062 4771; x_wconf 87' lang='lat' dir='ltr'><strong>color</strong></span> <span class='ocrx_word' id='word_1_840' title='bbox 3112 4717 3257 4783; x_wconf 58' lang='grc' dir='ltr'><strong>εαξη,</strong></span> <span class='ocrx_word' id='word_1_841' title='bbox 3309 4718 3415 4776; x_wconf 87' lang='lat' dir='ltr'><strong>hoc</strong></span> <span class='ocrx_word' id='word_1_842' title='bbox 3451 4729 3537 4777; x_wconf 89' lang='lat' dir='ltr'><strong>est</strong></span> 
     </span>
    </p>
   </div>
   <div class='ocr_carea' id='block_1_105' title="bbox 1951 4790 3538 4880">
    <p class='ocr_par' dir='ltr' id='par_1_105' title="bbox 1951 4790 3538 4880">
     <span class='ocr_line' id='line_1_105' title="bbox 1951 4790 3538 4880; baseline 0.008 -27"><span class='ocrx_word' id='word_1_843' title='bbox 1951 4801 2093 4856; x_wconf 85' lang='lat' dir='ltr'><strong>actio</strong></span> <span class='ocrx_word' id='word_1_844' title='bbox 2122 4801 2385 4863; x_wconf 68' lang='lat' dir='ltr'><strong>caelestis.</strong></span> <span class='ocrx_word' id='word_1_845' title='bbox 2426 4802 2638 4858; x_wconf 88' lang='lat' dir='ltr'><strong>scilicet</strong></span> <span class='ocrx_word' id='word_1_846' title='bbox 2667 4812 2724 4858; x_wconf 88' lang='lat' dir='ltr'><strong>et</strong></span> <span class='ocrx_word' id='word_1_847' title='bbox 2752 4790 3127 4871; x_wconf 79' lang='lat' dir='ltr'><strong>subsistentia,</strong></span> <span class='ocrx_word' id='word_1_848' title='bbox 3147 4818 3375 4878; x_wconf 85' lang='lat' dir='ltr'><strong>propter</strong></span> <span class='ocrx_word' id='word_1_849' title='bbox 3389 4810 3538 4880; x_wconf 87' lang='lat' dir='ltr'><strong>quod</strong></span> 
     </span>
    </p>
   </div>
   <div class='ocr_carea' id='block_1_106' title="bbox 1951 4893 3537 4974">
    <p class='ocr_par' dir='ltr' id='par_1_106' title="bbox 1951 4893 3537 4974">
     <span class='ocr_line' id='line_1_106' title="bbox 1951 4893 3537 4974; baseline 0.005 -24"><span class='ocrx_word' id='word_1_850' title='bbox 1951 4905 2007 4950; x_wconf 92' lang='lat' dir='ltr'><strong>et</strong></span> <span class='ocrx_word' id='word_1_851' title='bbox 2035 4895 2276 4952; x_wconf 64' lang='lat' dir='ltr'><strong>caelestis</strong></span> <span class='ocrx_word' id='word_1_852' title='bbox 2295 4894 2519 4952; x_wconf 89' lang='lat' dir='ltr'><strong>dicitur.</strong></span> <span class='ocrx_word' id='word_1_853' title='bbox 2568 4893 2735 4951; x_wconf 73' lang='lat' dir='ltr'><strong>Multa</strong></span> <span class='ocrx_word' id='word_1_854' title='bbox 2762 4908 2945 4953; x_wconf 88' lang='lat' dir='ltr'><strong>autem</strong></span> <span class='ocrx_word' id='word_1_855' title='bbox 2998 4906 3057 4954; x_wconf 91' lang='lat' dir='ltr'><strong>et</strong></span> <span class='ocrx_word' id='word_1_856' title='bbox 3094 4900 3200 4956; x_wconf 88' lang='lat' dir='ltr'><strong>alia</strong></span> <span class='ocrx_word' id='word_1_857' title='bbox 3246 4902 3537 4974; x_wconf 71' lang='lat' dir='ltr'><strong>hypodytis</strong></span> 
     </span>
    </p>
   </div>
   <div class='ocr_carea' id='block_1_107' title="bbox 1952 4987 3537 5063">
    <p class='ocr_par' dir='ltr' id='par_1_107' title="bbox 1952 4987 3537 5063">
     <span class='ocr_line' id='line_1_107' title="bbox 1952 4987 3537 5063; baseline 0.004 -20"><span class='ocrx_word' id='word_1_858' title='bbox 1952 4987 2119 5043; x_wconf 87' lang='lat' dir='ltr'><strong>habet</strong></span> <span class='ocrx_word' id='word_1_859' title='bbox 2141 4988 2409 5059; x_wconf 68' lang='lat' dir='ltr'><strong>signantia</strong></span> <span class='ocrx_word' id='word_1_860' title='bbox 2438 4987 2715 5043; x_wconf 73' lang='lat' dir='ltr'><strong>cmlestem</strong></span> <span class='ocrx_word' id='word_1_861' title='bbox 2770 4988 3071 5055; x_wconf 86' lang='lat' dir='ltr'><strong>hominem,</strong></span> <span class='ocrx_word' id='word_1_862' title='bbox 3125 5007 3247 5063; x_wconf 69' lang='lat' dir='ltr'><strong>quae</strong></span> <span class='ocrx_word' id='word_1_863' title='bbox 3305 4994 3359 5048; x_wconf 85' lang='lat' dir='ltr'><strong>in</strong></span> <span class='ocrx_word' id='word_1_864' title='bbox 3397 5007 3537 5051; x_wconf 76' lang='lat' dir='ltr'><strong>con-</strong></span> 
     </span>
    </p>
   </div>
   <div class='ocr_carea' id='block_1_108' title="bbox 1951 5079 3535 5152">
    <p class='ocr_par' dir='ltr' id='par_1_108' title="bbox 1951 5079 3535 5152">
     <span class='ocr_line' id='line_1_108' title="bbox 1951 5079 3535 5152; baseline 0.006 -17"><span class='ocrx_word' id='word_1_865' title='bbox 1951 5082 2257 5137; x_wconf 85' lang='lat' dir='ltr'><strong>structione</strong></span> <span class='ocrx_word' id='word_1_866' title='bbox 2277 5079 2637 5143; x_wconf 86' lang='lat' dir='ltr'><strong>tabernaculi.</strong></span> <span class='ocrx_word' id='word_1_867' title='bbox 2667 5094 2792 5135; x_wconf 87' lang='lat' dir='ltr'><strong>cum</strong></span> <span class='ocrx_word' id='word_1_868' title='bbox 2824 5082 3193 5152; x_wconf 79' lang='lat' dir='ltr'><strong>pontiﬁcalem</strong></span> <span class='ocrx_word' id='word_1_869' title='bbox 3218 5086 3411 5143; x_wconf 88' lang='lat' dir='ltr'><strong>stolam</strong></span> <span class='ocrx_word' id='word_1_870' title='bbox 3438 5102 3535 5145; x_wconf 81' lang='lat' dir='ltr'><strong>es-</strong></span> 
     </span>
    </p>
   </div>
   <div class='ocr_carea' id='block_1_109' title="bbox 1952 5172 3539 5248">
    <p class='ocr_par' dir='ltr' id='par_1_109' title="bbox 1952 5172 3539 5248">
     <span class='ocr_line' id='line_1_109' title="bbox 1952 5172 3539 5248; baseline 0.005 -20"><span class='ocrx_word' id='word_1_871' title='bbox 1952 5174 2220 5245; x_wconf 84' lang='lat' dir='ltr'><strong>planaret.</strong></span> <span class='ocrx_word' id='word_1_872' title='bbox 2256 5172 2532 5242; x_wconf 74' lang='lat' dir='ltr'><strong>legislator</strong></span> <span class='ocrx_word' id='word_1_873' title='bbox 2574 5176 2846 5246; x_wconf 84' lang='lat' dir='ltr'><strong>exposuit.</strong></span> <span class='ocrx_word' id='word_1_874' title='bbox 2910 5175 2985 5231; x_wconf 87' lang='lat' dir='ltr'><strong>De</strong></span> <span class='ocrx_word' id='word_1_875' title='bbox 3034 5177 3236 5248; x_wconf 82' lang='lat' dir='ltr'><strong>quibus</strong></span> <span class='ocrx_word' id='word_1_876' title='bbox 3292 5178 3539 5238; x_wconf 89' lang='lat' dir='ltr'><strong>dicemus</strong></span> 
     </span>
    </p>
   </div>
   <div class='ocr_carea' id='block_1_110' title="bbox 1951 5264 3538 5339">
    <p class='ocr_par' dir='ltr' id='par_1_110' title="bbox 1951 5264 3538 5339">
     <span class='ocr_line' id='line_1_110' title="bbox 1951 5264 3538 5339; baseline 0.005 -19"><span class='ocrx_word' id='word_1_877' title='bbox 1951 5280 2077 5320; x_wconf 90' lang='lat' dir='ltr'><strong>cum</strong></span> <span class='ocrx_word' id='word_1_878' title='bbox 2125 5265 2271 5319; x_wconf 78' lang='lat' dir='ltr'><strong>Deus</strong></span> <span class='ocrx_word' id='word_1_879' title='bbox 2294 5264 2578 5331; x_wconf 86' lang='lat' dir='ltr'><strong>annuerit,</strong></span> <span class='ocrx_word' id='word_1_880' title='bbox 2600 5274 2661 5319; x_wconf 91' lang='lat' dir='ltr'><strong>ut</strong></span> <span class='ocrx_word' id='word_1_881' title='bbox 2715 5279 2836 5320; x_wconf 88' lang='lat' dir='ltr'><strong>eam</strong></span> <span class='ocrx_word' id='word_1_882' title='bbox 2906 5264 3072 5322; x_wconf 86' lang='lat' dir='ltr'><strong>etiam</strong></span> <span class='ocrx_word' id='word_1_883' title='bbox 3126 5283 3251 5339; x_wconf 67' lang='lat' dir='ltr'><strong>qua</strong></span> <span class='ocrx_word' id='word_1_884' title='bbox 3294 5269 3408 5325; x_wconf 85' lang='lat' dir='ltr'><strong>illic</strong></span> <span class='ocrx_word' id='word_1_885' title='bbox 3450 5278 3538 5329; x_wconf 84' lang='lat' dir='ltr'><strong>est</strong></span> 
     </span>
    </p>
   </div>
   <div class='ocr_carea' id='block_1_111' title="bbox 1950 5355 3536 5431">
    <p class='ocr_par' dir='ltr' id='par_1_111' title="bbox 1950 5355 3536 5431">
     <span class='ocr_line' id='line_1_111' title="bbox 1950 5355 3536 5431; baseline 0.003 -19"><span class='ocrx_word' id='word_1_886' title='bbox 1950 5356 2417 5429; x_wconf 82' lang='lat' dir='ltr'><strong>dispensationem</strong></span> <span class='ocrx_word' id='word_1_887' title='bbox 2448 5356 2852 5428; x_wconf 74' lang='lat' dir='ltr'><strong>contingamus.</strong></span> <span class='ocrx_word' id='word_1_888' title='bbox 2871 5355 3027 5415; x_wconf 79' lang='lat' dir='ltr'><strong>Nunc</strong></span> <span class='ocrx_word' id='word_1_889' title='bbox 3061 5368 3245 5429; x_wconf 84' lang='lat' dir='ltr'><strong>autem</strong></span> <span class='ocrx_word' id='word_1_890' title='bbox 3272 5375 3536 5431; x_wconf 64' lang='lat' dir='ltr'><strong>quacun-</strong></span> 
     </span>
    </p>
   </div>
   <div class='ocr_carea' id='block_1_112' title="bbox 1949 5447 3538 5521">
    <p class='ocr_par' dir='ltr' id='par_1_112' title="bbox 1949 5447 3538 5521">
     <span class='ocr_line' id='line_1_112' title="bbox 1949 5447 3538 5521; baseline 0 -15"><span class='ocrx_word' id='word_1_891' title='bbox 1949 5464 2057 5521; x_wconf 85' lang='lat' dir='ltr'><strong>que</strong></span> <span class='ocrx_word' id='word_1_892' title='bbox 2084 5449 2154 5505; x_wconf 88' lang='lat' dir='ltr'><strong>ad</strong></span> <span class='ocrx_word' id='word_1_893' title='bbox 2185 5448 2295 5505; x_wconf 83' lang='lat' dir='ltr'><strong>hoc</strong></span> <span class='ocrx_word' id='word_1_894' title='bbox 2309 5447 2457 5518; x_wconf 89' lang='lat' dir='ltr'><strong>quod</strong></span> <span class='ocrx_word' id='word_1_895' title='bbox 2491 5458 2574 5503; x_wconf 85' lang='lat' dir='ltr'><strong>est</strong></span> <span class='ocrx_word' id='word_1_896' title='bbox 2595 5447 2651 5503; x_wconf 91' lang='lat' dir='ltr'><strong>in</strong></span> <span class='ocrx_word' id='word_1_897' title='bbox 2698 5447 2981 5510; x_wconf 83' lang='lat' dir='ltr'><strong>manibus.</strong></span> <span class='ocrx_word' id='word_1_898' title='bbox 3009 5450 3320 5506; x_wconf 81' lang='lat' dir='ltr'><strong>necessaria</strong></span> <span class='ocrx_word' id='word_1_899' title='bbox 3342 5450 3538 5509; x_wconf 81' lang='lat' dir='ltr'><strong>videa-</strong></span> 
     </span>
    </p>
   </div>
   <div class='ocr_carea' id='block_1_113' title="bbox 1951 5542 3540 5614">
    <p class='ocr_par' dir='ltr' id='par_1_113' title="bbox 1951 5542 3540 5614">
     <span class='ocr_line' id='line_1_113' title="bbox 1951 5542 3540 5614; baseline 0.001 -15"><span class='ocrx_word' id='word_1_900' title='bbox 1951 5552 2059 5608; x_wconf 88' lang='lat' dir='ltr'><strong>tur,</strong></span> <span class='ocrx_word' id='word_1_901' title='bbox 2091 5542 2490 5613; x_wconf 84' lang='lat' dir='ltr'><strong>comprehensa</strong></span> <span class='ocrx_word' id='word_1_902' title='bbox 2508 5549 2636 5597; x_wconf 88' lang='lat' dir='ltr'><strong>sunt</strong></span> <span class='ocrx_word' id='word_1_903' title='bbox 2662 5550 2723 5597; x_wconf 88' lang='lat' dir='ltr'><strong>ut</strong></span> <span class='ocrx_word' id='word_1_904' title='bbox 2742 5544 3065 5613; x_wconf 69' lang='lat' dir='ltr'><strong>prcbaretur</strong></span> <span class='ocrx_word' id='word_1_905' title='bbox 3089 5546 3215 5614; x_wconf 83' lang='lat' dir='ltr'><strong>quia</strong></span> <span class='ocrx_word' id='word_1_906' title='bbox 3248 5553 3540 5613; x_wconf 76' lang='lat' dir='ltr'><strong>utrumque</strong></span> 
     </span>
    </p>
   </div>
   <div class='ocr_carea' id='block_1_114' title="bbox 1953 5633 3541 5706">
    <p class='ocr_par' dir='ltr' id='par_1_114' title="bbox 1953 5633 3541 5706">
     <span class='ocr_line' id='line_1_114' title="bbox 1953 5633 3541 5706; baseline -0.001 -14"><span class='ocrx_word' id='word_1_907' title='bbox 1953 5645 2201 5692; x_wconf 79' lang='lat' dir='ltr'><strong>nostrum</strong></span> <span class='ocrx_word' id='word_1_908' title='bbox 2227 5633 2482 5691; x_wconf 87' lang='lat' dir='ltr'><strong>Christus</strong></span> <span class='ocrx_word' id='word_1_909' title='bbox 2509 5633 2751 5706; x_wconf 78' lang='lat' dir='ltr'><strong>suscepit</strong></span> <span class='ocrx_word' id='word_1_910' title='bbox 2772 5635 3075 5700; x_wconf 86' lang='lat' dir='ltr'><strong>hominem,</strong></span> <span class='ocrx_word' id='word_1_911' title='bbox 3109 5645 3164 5691; x_wconf 82' lang='lat' dir='ltr'><strong>et</strong></span> <span class='ocrx_word' id='word_1_912' title='bbox 3182 5635 3541 5692; x_wconf 78' lang='lat' dir='ltr'><strong>manifestum</strong></span> 
     </span>
    </p>
   </div>
   <div class='ocr_carea' id='block_1_115' title="bbox 2051 5820 3549 5950">
    <p class='ocr_par' dir='ltr' id='par_1_115' title="bbox 2051 5820 3549 5950">
     <span class='ocr_line' id='line_1_115' title="bbox 2051 5820 3549 5950; baseline 0.005 -3"><span class='ocrx_word' id='word_1_913' title='bbox 2051 5825 2072 5857; x_wconf 43' lang='grc' dir='ltr'>δ</span> <span class='ocrx_word' id='word_1_914' title='bbox 2102 5823 2420 5950; x_wconf 51' lang='grc' dir='ltr'><strong>εἲῧάοὶιιωῖ</strong></span> <span class='ocrx_word' id='word_1_915' title='bbox 2460 5822 2548 5947; x_wconf 45' lang='grc' dir='ltr'><strong>ἰδ’</strong></span> <span class='ocrx_word' id='word_1_916' title='bbox 2608 5820 2833 5947; x_wconf 52' lang='lat' dir='ltr'><strong>&quot;.tii‘iii</strong></span> <span class='ocrx_word' id='word_1_917' title='bbox 2868 5821 2957 5947; x_wconf 52' lang='grc' dir='ltr'><strong>’ξᾶ</strong></span> <span class='ocrx_word' id='word_1_918' title='bbox 3008 5822 3091 5948; x_wconf 56' lang='grc' dir='ltr'><strong>ιτ.</strong></span> <span class='ocrx_word' id='word_1_919' title='bbox 3125 5821 3264 5879; x_wconf 52' lang='lat' dir='ltr'><strong>Dm</strong></span> <span class='ocrx_word' id='word_1_920' title='bbox 3305 5837 3405 5887; x_wconf 53' lang='grc' dir='ltr'><strong>ω’</strong></span> <span class='ocrx_word' id='word_1_921' title='bbox 3451 5820 3549 5880; x_wconf 52' lang='grc' dir='ltr'><strong>’δ’</strong></span> 
     </span>
     <span class='ocr_line' id='line_1_116' title="bbox 2091 5903 3095 5950; baseline 0.003 -3"><span class='ocrx_word' id='word_1_922' title='bbox 2091 5903 2104 5928; x_wconf 74' lang='grc'>¹</span> <span class='ocrx_word' id='word_1_923' title='bbox 2323 5934 2335 5947; x_wconf 78' lang='grc' dir='ltr'><strong>ο</strong></span> <span class='ocrx_word' id='word_1_924' title='bbox 2370 5910 2443 5950; x_wconf 66' lang='grc' dir='ltr'><strong>ν.</strong></span> <span class='ocrx_word' id='word_1_925' title='bbox 2517 5932 2526 5944; x_wconf 77' lang='grc' dir='ltr'>ι</span> <span class='ocrx_word' id='word_1_926' title='bbox 2752 5924 2766 5945; x_wconf 78' lang='grc' dir='ltr'><strong><em>ι</em></strong></span> <span class='ocrx_word' id='word_1_927' title='bbox 2838 5932 2851 5948; x_wconf 85' lang='lat' dir='ltr'><strong>s</strong></span> <span class='ocrx_word' id='word_1_928' title='bbox 2963 5932 2978 5950; x_wconf 75' lang='grc' dir='ltr'><strong>ο</strong></span> <span class='ocrx_word' id='word_1_929' title='bbox 3085 5934 3095 5945; x_wconf 77' lang='grc' dir='ltr'>ι</span> 
     </span>
    </p>
   </div>
   <div class='ocr_carea' id='block_1_116' title="bbox 2091 5903 3095 5959">
    <p class='ocr_par' dir='ltr' id='par_1_116' title="bbox 2091 5903 3095 5959">
     <span class='ocr_line' id='line_1_117' title="bbox 2091 5903 3095 5959; baseline -0.006 -8"><span class='ocrx_word' id='word_1_930' title='bbox 2091 5903 2132 5928; x_wconf 73' lang='grc'><strong>’⁸</strong></span> <span class='ocrx_word' id='word_1_931' title='bbox 2178 5903 2335 5950; x_wconf 82' lang='lat' dir='ltr'><strong>ltom.</strong></span> <span class='ocrx_word' id='word_1_932' title='bbox 2370 5909 2443 5959; x_wconf 87' lang='lat' dir='ltr'><strong>vt,</strong></span> <span class='ocrx_word' id='word_1_933' title='bbox 2474 5903 2526 5947; x_wconf 70' lang='grc' dir='ltr'><strong>υ.</strong></span> <span class='ocrx_word' id='word_1_934' title='bbox 2608 5903 2649 5926; x_wconf 91' lang='lat'><strong>&quot;</strong></span> <span class='ocrx_word' id='word_1_935' title='bbox 2681 5903 2697 5945; x_wconf 91' lang='grc' dir='ltr'><strong>Ι</strong></span> <span class='ocrx_word' id='word_1_936' title='bbox 2724 5903 2851 5948; x_wconf 69' lang='lat' dir='ltr'><strong>tior.</strong></span> <span class='ocrx_word' id='word_1_937' title='bbox 2888 5908 2978 5959; x_wconf 74' lang='lat' dir='ltr'><strong>xv,</strong></span> <span class='ocrx_word' id='word_1_938' title='bbox 3008 5903 3095 5948; x_wconf 77' lang='lat' dir='ltr'><strong>s1.</strong></span> 
     </span>
    </p>
   </div>
   <div class='ocr_carea' id='block_1_117' title="bbox 3180 5982 3257 6045">
    <p class='ocr_par' dir='ltr' id='par_1_117' title="bbox 3180 5982 3257 6045">
     <span class='ocr_line' id='line_1_118' title="bbox 3180 5982 3257 6045; baseline 0.026 -2"><span class='ocrx_word' id='word_1_939' title='bbox 3180 5982 3257 6045; x_wconf 70' lang='lat'><strong><em>28</em></strong></span> 
     </span>
    </p>
   </div>
  </div>
