4218 6450
258 405 361 471 877

1401 387 1483 459 ΙΝ
1517 395 2063 458 LEVITICUM..-—
2101 397 2247 458 LIB.
2285 400 2366 460 II.

3410 397 3518 461 873

259 512 436 579 LXX;
468 513 534 568 Et
553 512 744 582 posuit,
770 509 966 574 inquit,
986 525 1140 577 super
1175 515 1332 578 caput
1402 507 1516 575 ejus
1584 507 1820 559 mitram.
1852 508 1897 566 Α
1925 521 2032 575 quc
2069 506 2413 562 sanetiflcans
2457 503 2781 575 aspersisset
2823 504 2991 559 altare
3035 512 3245 577 septem
3281 506 3510 571 vicibus.

256 604 364 660 Sed
392 604 520 674 quia
549 613 604 658 et
637 602 824 657 'mitrze
853 602 969 656 sive
1019 600 1233 671 eydaris
1287 597 1661 667 operationem
1717 612 1827 650 non

257 695 591 768 ignoramus,
627 701 682 749 et
707 693 912 748 Christi
942 703 1108 763 caput
1127 707 1250 747 esse
1281 690 1495 744 Patrem
1514 688 1825 756 didicimus,

257 788 544 842 audiamus
589 787 734 857 quod
763 786 1030 856 sequitur.

330 895 396 950 Et
413 911 570 964 super
599 911 716 948 eam
746 903 928 948 contra
963 897 1186 965 frontem
1218 896 1388 963 posuit
1427 895 1686 948 laminam
1731 910 1831 946 au-

260 1003 424 1049 ream,
444 995 801 1039 consecratam
832 987 887 1038 in
928 986 1426 1053 sanctiﬁcationem,
1471 985 1608 1038 sicut
1643 999 1836 1054 prlece-

257 1086 407 1147 perat
433 1078 480 1129 ei
506 1075 782 1130 Dominus.
821 1075 940 1130 Non
970 1077 1172 1131 frustra
1207 1093 1396 1131 eorum
1424 1091 1546 1146 quae
1576 1077 1835 1146 precepit

262 1168 526 1222 Dominus
579 1167 769 1238 Moysi,
807 1169 1127 1222 memoriam
1188 1168 1339 1233 facit,
1374 1168 1468 1221 sed
1499 1182 1831 1222 commemo-

261 1277 382 1316 rare
410 1277 511 1316 nos
539 1277 623 1325 ea,
647 1277 769 1330 quae
808 1261 878 1316 de
906 1261 1107 1316 lamina
1138 1261 1193 1315 in
1218 1261 1555 1316 tabernaculi
1579 1271 1833 1326 constru-

260 1354 442 1407 ctione
475 1353 618 1409 dicta
639 1362 786 1417 sunt,
821 1354 1009 1408 volens
1044 1369 1057 1405 :
1115 1354 1226 1409 illic
1287 1353 1435 1407 enim
1475 1362 1664 1423 aperte
1716 1355 1836 1423 ejus

260 1445 490 1508 utilitas,
523 1454 578 1499 et
610 1446 784 1500 virtus
805 1446 980 1515 posita
1011 1454 1097 1500 est
1121 1460 1245 1500 cum
1273 1444 1406 1499 dicit
1435 1461 1449 1497 :

334 1551 520 1606 Facies
541 1561 590 1606 et
625 1551 826 1606 lamina
857 1554 920 1606 de
936 1569 1070 1606 auro
1102 1551 1401 1622 purissimo,
1427 1552 1484 1605 in
1511 1567 1616 1622 qua
1646 1544 1837 1621 sculpis

256 1659 414 1711 opere
467 1642 734 1696 ccelatoris
781 1651 1026 1695 sanctum
1061 1641 1312 1696 Domino.
1345 1642 1442 1698 Vel
1471 1641 1614 1698 sicut
1655 1643 1832 1698 LXX:

259 1735 325 1789 Et
355 1736 514 1806 facies
536 1735 793 1789 laminam
824 1751 1044 1789 auream
1061 1752 1250 1804 puram
1281 1776 1295 1798 ,
1329 1744 1378 1790 et
1406 1735 1660 1806 formabis
1690 1737 1747 1790 in
1776 1752 1836 1790 ea

260 1828 627 1896 formationem
649 1827 805 1897 signi,
837 1829 1170 1881 sanctitatem
1191 1826 1626 1892 Domini..Quam
1653 1836 1835 1883 autem

260 1919 660 1985 formationem,
695 1919 778 1974 vel
807 1919 950 1989 quod
976 1919 1213 1990 signum,
1239 1919 1349 1990 jam
1379 1935 1490 1974 non
1512 1919 1682 1985 dicit;
1706 1920 1836 1976 dicit

261 2022 443 2078 autem
487 2020 542 2067 et
572 2013 626 2067 in
654 2013 760 2068 alio
793 2013 933 2068 loco.
981 2013 1236 2067 Fecerunt
1280 2022 1329 2067 et
1371 2013 1633 2067 laminam
1670 2028 1836 2068 sacrm

260 2108 610 2162 uenerationis
669 2109 732 2162 de
767 2124 901 2161 auro
952 2108 1253 2178 purissimo,
1329 2108 1747 2178 scripserunth
1781 2107 1838 2160 in

261 2214 324 2252 ea
376 2215 530 2269 opere
557 2199 846 2269 gctnmario
886 2208 1127 2253 sanctum
1161 2199 1372 2253 Domini
1401 2201 1467 2254 ⁸¹.
1519 2199 1835 2254 Second-um

261 2289 397 2345 LXX
443 2299 625 2346 autem
651 2309 663 2344 :
686 2291 754 2345 Et
782 2292 903 2361 fecit
933 2291 1183 2344 laminam
1211 2307 1450 2354 auream,
1476 2293 1837 2346 deductionem

261 2385 382 2436 auri
409 2384 550 2452 puri,
583 2384 988 2452 redemptionem
1020 2384 1212 2460 sancti,
1245 2393 1292 2436 et
1322 2383 1591 2453 insculpsit
1637 2384 1838 2439 litteras

260 2477 585 2546 deformatos
613 2475 796 2546 signis,
841 2475 1178 2530 sanctitatem
1228 2474 1469 2529 Domino.
1523 2474 1629 2531 Sed
1656 2485 1837 2532 tamen

261 2582 372 2621 non
404 2566 537 2622 dicit
569 2581 690 2636 qum
724 2575 880 2621 erant
917 2567 1047 2636 ipsa:
1079 2565 1292 2632 litterae,
1345 2581 1451 2622 nec
1501 2566 1685 2622 videre
1736 2582 1839 2624 nec

259 2659 451 2714 audire
481 2675 792 2729 possumus.
829 2659 977 2712 Illam
1017 2674 1147 2728 ergo
1174 2669 1358 2713 notam
1379 2659 1649 2728 significat
1673 2660 1837 2715 etiam

260 2750 536 2816 formatio,
568 2751 636 2806 de
668 2767 774 2820 qua
803 2751 1004 2805 Paulus
1028 2750 1162 2806 dicit
1198 2750 1334 2816 :Qui
1363 2769 1481 2806 cum
1505 2752 1573 2806 sit
1595 2752 1840 2823 splendor

261 2841 444 2911 gloria:
460 2851 510 2894 et
537 2842 711 2913 ﬁgura
742 2843 1052 2897 substantia:
1083 2845 1198 2914 ejus
1221 2844 1288 2897 ".
1318 2843 1456 2909 Quia
1485 2845 1634 2899 enim
1670 2845 1838 2899 multa

260 2934 332 2989 de
374 2934 748 2990 incarnatione
781 2933 1060 3006 Unigeniti
1113 2935 1167 2989 in
1199 2935 1302 2990 hac
1358 2935 1641 2990 sanctione
1695 2936 1837 2991 dicta

259 3032 411 3088 sunt,
441 3036 502 3080 ut
529 3042 638 3080 non
666 3027 848 3081 omnia
879 3027 1102 3082 humilia
1129 3028 1196 3082 de
1221 3042 1288 3083 eo
1311 3034 1592 3098 putentur,
1624 3028 1690 3082 ad
1714 3029 1839 3083 sub-

261 3118 514 3171 stantiam
540 3118 802 3172 incarnati
823 3117 982 3172 Verbi
1010 3118 1360 3188 principium,
1382 3118 1450 3172 de
1470 3133 1580 3187 quo
1602 3115 1840 3173 Joannes

260 3211 480 3264 dicebat
511 3228 522 3263 :
555 3209 616 3264 In
646 3211 906 3280 principio
935 3219 1048 3264 erat
1107 3210 1329 3265 Verbum
1349 3253 1365 3277 ,
1397 3220 1447 3265 et
1476 3210 1695 3265 Verbum
1725 3221 1840 3266 erat

263 3303 407 3368 apud
445 3300 630 3362 Deum,
662 3310 711 3354 et
742 3301 882 3355 Deus
903 3293 1017 3355 erat
1047 3301 1269 3356 Verbum
1298 3301 1367 3364 ",
1409 3301 1696 3357 sublevare
1740 3316 1842 3356 nos

265 3391 536 3460 legislator
570 3390 775 3454 volens,
807 3389 1044 3452 mitram,
1065 3389 1179 3443 sive
1204 3387 1441 3458 cydarim
1469 3402 1635 3457 super
1655 3396 1836 3457 caput,

264 3492 488 3551 propter
519 3490 726 3550 patrem
752 3479 1090 3535 memoravit.
1145 3478 1248 3533 Per
1278 3478 1533 3532 laminam
1591 3485 1648 3532 et
1699 3478 1840 3534 scul-

264 3583 506 3642 pturam,
535 3587 635 3627 seu
673 3570 1054 3625 formationem
1091 3568 1535 3624 sanctiﬁcationis
1574 3568 1839 3623 incarnati

268 3663 362 3718 Dei
391 3663 575 3728 Verbi,
609 3662 704 3732 qui
744 3671 800 3717 et
837 3661 1090 3717 sacerdos
1114 3669 1301 3716 noster
1323 3659 1498 3714 factus
1530 3668 1634 3723 est,
1666 3659 1842 3729 digni~

267 3763 430 3812 tatem
471 3756 525 3809 in
572 3754 858 3825 principio,
912 3769 1075 3824 quam
1125 3752 1287 3806 simul
1318 3767 1442 3806 cum
1485 3751 1643 3806 Patre
1678 3753 1842 3807 habet

266 3846 619 3902 manifestum
656 3855 766 3912 est,
813 3845 941 3914 quia
964 3842 1235 3914 exposuit.
1271 3843 1499 3911 Propter
1523 3843 1667 3913 quod
1695 3844 1838 3897 illam

265 3948 318 3992 et
348 3953 511 4008 super
525 3937 761 4008 cydarim
787 3953 883 3992 seu
903 3937 1116 3990 mitram
1136 3946 1193 3991 et
1215 3947 1406 3991 contra
1433 3934 1627 3990 faciem
1668 3937 1840 3990 mittas

267 4029 380 4083 sive
408 4028 620 4098 cydaris
649 4027 899 4096 imponit,
922 4026 1057 4083 dicit
1084 4037 1268 4081 autem
1302 4045 1314 4079 :

335 4120 650 4190 Ligabisque
670 4136 788 4173 eam
818 4120 948 4173 vitta
979 4120 1340 4188 hyacinthina.
1372 4118 1497 4174 Sive
1536 4119 1840 4175 secundum

259 4211 411 4265 LXX
444 4231 457 4265 :
484 4211 554 4265 Et
590 4212 979 4279 superimponas
1009 4212 1290 4280 hyacintho
1324 4222 1520 4266 retorto
1548 4232 1563 4267 :
1616 4212 1840 4283 hyacin-

266 4305 421 4358 thum
466 4312 758 4367 retortum,
821 4303 1213 4357 humanitatem
1260 4303 1466 4358 Christi
1521 4305 1836 4382 intelligens

269 4411 368 4464 pro
408 4411 474 4448 eo
520 4395 664 4465 quod
721 4395 1158 4464 inseparabiliter
1191 4395 1480 4462 conjuncta
1509 4404 1593 4449 est
1639 4395 1834 4450 divini~

262 4489 386 4542 tati.

343 4599 407 4653 Et
437 4602 536 4654 erit
565 4617 725 4669 super
767 4601 966 4653 tiaram
1011 4600 1290 4653 imminens
1342 4600 1502 4669 fronti
1556 4599 1838 4668 pontiﬁcis.

270 4694 361 4747 Vel
388 4693 530 4747 sicut
551 4692 731 4747 LXX:
767 4693 837 4746 Et
866 4693 964 4746 erit
994 4708 1152 4760 super
1182 4694 1394 4745 mitram
1421 4700 1602 4745 contra
1650 4692 1842 4762 faciem

261 4788 457 4841 mitra.
501 4785 619 4840 Erit
661 4800 828 4856 super
870 4785 1117 4847 mitram,
1169 4784 1262 4854 qui
1293 4785 1456 4839 Pater
1496 4785 1551 4838 in
1595 4783 1754 4849 Filio,
1786 4790 1845 4838 et

259 4878 435 4932 filius
468 4879 522 4931 in
569 4877 747 4931 Patre.
789 4875 851 4930 Et
897 4884 1025 4930 ante
1071 4876 1264 4931 faciem
1310 4876 1505 4930 mitrae.
1541 4875 1645 4942 Qui
1694 4875 1841 4930 enim

258 4972 413 5024 videt
441 4969 659 5030 Filium,
692 4969 777 5022 hic
805 4968 988 5021 videre
1011 4976 1066 5022 et
1098 4967 1307 5020 Patrem
1362 4967 1560 5021 dicitur
1592 4984 1605 5021 :
1647 4981 1845 5036 quem-

255 5059 558 5114 admodum
615 5057 864 5124 Philippo
895 5056 963 5111 de
1003 5055 1163 5110 Patre
1198 5054 1539 5125 percontanti
1583 5054 1839 5110 Christus

255 5148 405 5219 apud
459 5147 723 5202 Iasonem
756 5148 803 5177 ’δ
856 5145 1168 5214 respondet.
1232 5145 1370 5215 Ergo
1449 5144 1629 5199 omnis
1685 5159 1837 5198 nunc

264 5240 476 5296 sanctio
514 5238 801 5294 evidenter
834 5240 885 5292 in
911 5237 1494 5309 Unigenitiexplanata
1521 5244 1606 5291 est
1632 5245 1841 5307 myste-

261 5330 428 5385 rium.

332 5439 494 5494 Vens.
533 5439 711 5494 lO-ll.
749 5457 771 5490 ‹
795 5437 1023 5492 Τιιιίιοι
1057 5438 1234 5492 oleum
1266 5437 1556 5502 unctionis,
1579 5452 1688 5507 quo
1714 5436 1840 5491 lini-

263 5533 344 5589 vit
375 5531 784 5587 tabernaculum
818 5545 944 5584 cum
971 5529 1126 5584 omni
1159 5529 1494 5600 supellectile
1516 5545 1634 5583 sua.
1671 5529 1837 5585 Cum-

327 5757 370 5787 "
403 5754 570 5807 Exod.
605 5769 787 5815 χχχιι,
818 5752 906 5806 29.
985 5752 1027 5782 "
1047 5749 1217 5804 Hebr.
1250 5766 1287 5807 ι.
1329 5749 1380 5799 5.

256 5829 305 5860 ³⁷
349 5826 450 5878 lsa.
481 5841 589 5886 LXI,
628 5824 676 5876 l.
752 5823 796 5854 "
833 5823 990 5875 Deut.
1016 5837 1170 5886 xvm,
1209 5821 1286 5871 l5.

1933 597 2086 652 unxit
2118 596 2269 661 illud,
2311 607 2367 654 et
2391 597 2575 652 omnia
2627 613 2753 650 vasa
2804 598 2944 667 ejus.
3002 598 3241 656 Labrum
3297 617 3515 673 quoque

1931 706 2054 746 eum
2079 690 2194 745 basi
2227 705 2324 744 sua
2371 690 2895 745 sanctiticavitolco.
2941 709 2959 742 ι

2002 779 2113 852 Ego
2143 781 2362 837 visiones
2413 782 2781 852 multiplicavi,
2816 793 2864 836 et
2914 785 2968 836 in
3021 786 3262 841 manibus
3288 788 3514 857 prophe-

1935 883 2111 927 tarum
2137 875 2462 929 assimilatas
2491 892 2607 929 sum
2629 876 2694 940 ”,
2723 883 3010 945 propterea
3048 888 3175 932 ante
3209 879 3424 935 locutus
3458 881 3516 935 in

1931 965 2213 1038 prophetis
2234 967 2471 1032 dicebat,
2500 976 2561 1021 ut
2581 975 2940 1038 cognosceret
2964 967 3031 1032 is,
3048 969 3140 1038 qui
3160 970 3280 1040 ejus
3298 971 3517 1026 volebat

1934 1057 2073 1111 scire
2105 1059 2384 1128 mysteria,
2409 1059 2553 1127 quod
2584 1074 2696 1113 non
2732 1074 2827 1129 per
2856 1074 3019 1114 unam
3053 1060 3374 1131 imaginem,
3414 1078 3516 1117 nec

1935 1161 2031 1220 per
2051 1165 2224 1202 unum
2260 1146 2533 1220 quoddam
2584 1150 2824 1220 signum,
2882 1151 2978 1205 sed
3031 1167 3129 1220 per
3163 1153 3354 1219 multa,
3386 1155 3515 1224 quia

1935 1249 1992 1294 et
2009 1240 2177 1294 multa
2211 1249 2489 1310 operatur,
2516 1241 2751 1295 maxime
2778 1256 2877 1311 per
2901 1256 3120 1296 carnem
3143 1244 3515 1314 dispensatam

1933 1330 2004 1384 ab
2032 1345 2120 1394 eo,
2152 1330 2382 1385 salutem
2443 1330 2728 1385 hominum
2775 1333 3223 1400 comprehensuri
3275 1351 3514 1392 eramus.

1933 1420 2003 1474 Et
2033 1422 2174 1476 sicut
2193 1438 2299 1477 non
2324 1423 2500 1476 solum
2527 1431 2729 1493 pastor,
2757 1423 2850 1478 sed
2883 1433 2940 1478 et
2966 1425 3108 1485 ovis.
3141 1436 3197 1480 et
3238 1430 3513 1492 sacerdos,

1841 1508 1846 1518 ’
1937 1521 1992 1567 ct
2015 1512 2215 1567 ostium
2239 1498 2444 1568 dicitur
2479 1530 2497 1568 -:
2539 1525 2724 1584 pascor
2756 1515 2998 1584 quidem,
3035 1518 3205 1586 utqui
3238 1519 3516 1572 hominem

1937 1606 2208 1660 convertit
2264 1607 2380 1661 sive
2429 1606 2645 1661 ieduxit
2691 1617 3012 1673 errantem;
3045 1609 3169 1662 ovis
3214 1621 3419 1676 autem,
3457 1621 3518 1665 ut

1932 1697 2029 1766 qui
2059 1712 2159 1768 pro
2189 1699 2349 1752 nobis
2371 1698 2700 1753 sacriﬁcium
2731 1699 2907 1755 factus
2921 1710 3050 1767 est;
3084 1703 3339 1776 sacerdos
3365 1718 3514 1767 vero,

1940 1796 2003 1843 ut
2030 1788 2121 1858 qui
2167 1789 2523 1859 semetipsum
2551 1790 2768 1855 obtulit,
2818 1792 3020 1846 ostium
3072 1801 3278 1859 autem,
3322 1803 3381 1848 ut
3419 1797 3516 1864 qui

1869 1860 1909 1914 Β
1941 1879 2079 1933 viam
2099 1878 2256 1934 nobis
2273 1872 2511 1934 ostendit
2525 1880 2768 1936 scientia:
2789 1898 2803 1948 ;
2827 1882 2903 1936 sic
2921 1882 3044 1952 ejus
3068 1884 3346 1953 prophetae
3364 1860 3518 1941 multi

1938 1971 2349 2027 similitudinem
2381 1971 2640 2038 afferunt,
2675 1983 2733 2030 et
2773 1975 3071 2046 unicuique
3105 1978 3357 2046 quaedam
3399 1995 3519 2035 ονο-

1933 2064 2050 2118 dita
2082 2061 2230 2131 sunt,
2265 2054 2324 2119 ut
2351 2075 2552 2120 nostra:
2578 2067 3002 2138 dispensationis
3026 2069 3355 2138 signiﬁcaret
3385 2087 3521 2141 epe-

1936 2156 2228 2212 rationem.
2264 2154 2400 2212 [line
2424 2158 2550 2227 quia
2575 2158 2693 2228 ipse
2721 2165 2843 2213 erat
2867 2159 2959 2228 qui
2988 2161 3224 2232 ungebat
3258 2175 3375 2227 eos,
3405 2162 3522 2232 ipse

1933 2250 2028 2320 ‘qui
2061 2252 2386 2322 ungebatur,
2419 2267 2630 2322 ungens
2667 2251 2837 2308 verbo
2862 2252 3184 2319 divinitatis,
3216 2256 3518 2311 secundum

1937 2344 2102 2413 quam
2127 2339 2179 2397 ei
2201 2343 2719 2399 umniaeommunia
2743 2359 2868 2400 cum
2897 2345 3054 2400 l’atre
3077 2356 3132 2401 et
3159 2343 3366 2417 Spiritu
3389 2356 3523 2405 sum

1938 2450 1968 2488 a
1995 2431 2106 2504 quo
2146 2433 2277 2505 ungi
2314 2433 2526 2488 dicitur
2557 2434 2716 2502 (nam
2753 2433 2919 2498 David
2973 2446 3520 2511 patremungentem

1934 2522 2090 2587 dixit,
2115 2538 2239 2577 cum
2265 2522 2342 2577 ait
2369 2541 2381 2575 :
2411 2522 2695 2592 Propterea
2713 2525 2862 2578 unxit
2892 2534 2941 2580 te
2954 2526 3118 2594 Deus,
3151 2527 3288 2583 Deus
3318 2540 3436 2585 tuus
3454 2532 3519 2599 ";

1847 2667 1851 2673 ,
1941 2613 2106 2669 Isaias
2133 2614 2316 2670 antem
2357 2615 2671 2670 unctionem
2705 2612 2826 2671 Filii
2869 2617 2939 2671 ad
2998 2614 3261 2689 Spirllum
3313 2624 3520 2687 retulit,

1938 2706 2167 2762 dicens:
2203 2706 2435 2777 Spiritus
2491 2706 2700 2761 Domini
2748 2725 2906 2779 super
2961 2727 3067 2778 me,
3117 2728 3179 2766 eo
3204 2715 3342 2783 quod
3372 2717 3522 2770 unxit

1944 2807 2029 2852 me
2051 2799 2118 2854 ’⁷.
2149 2798 2280 2866 Qua:
2307 2809 2487 2856 autem
2521 2800 2757 2855 Pater-et
2805 2799 3066 2872 Spiritus,
3102 2804 3217 2860 haec
3241 2807 3436 2862 eadem
3468 2818 3524 2862 et

1943 2892 2109 2947 Filius
2135 2888 2314 2958 facit);
2332 2908 2462 2963 ergo
2481 2892 2696 2947 ratione
2716 2893 3017 2949 divinitatis
3064 2895 3178 2965 ipse
3201 2905 3293 2953 est
3320 2911 3522 2954 semct-

1942 2986 2117 3055 ipsum
2175 2998 2405 3054 ungens,
2429 2992 2485 3038 et
2512 2984 2627 3054 ipse
2644 2993 2732 3039 est
2753 2983 2844 3054 qui
2876 2985 3096 3056 ungitur
3115 2986 3524 3057 dispensatione

1942 3074 2321 3131 humanitatis.
2371 3072 2635 3131 Similiter
2693 3075 2857 3141 oﬂ‘ert
2887 3086 2943 3132 et
2987 3077 3219 3134 otl'crtur
3248 3098 3262 3133 :
3287 3081 3433 3137 unde
3468 3092 3524 3138 et

1870 3197 1914 3256 ο
1945 3167 2134 3223 Daniel
2161 3168 2406 3224 oblatum
2423 3162 2581 3224 illum
2601 3169 2820 3240 quidem
2845 3169 3011 3237 videt,
3038 3188 3145 3226 non
3181 3173 3314 3229 vidit
3335 3184 3520 3229 autem

1944 3262 2034 3332 qui
2069 3277 2194 3317 eum
2223 3262 2446 3328 obtulit,
2505 3262 2630 3333 quia
2691 3263 2806 3334 ipse
2859 3271 2993 3328 erat,
3023 3266 3115 3334 qui
3167 3267 3520 3337 semetipsum

1941 3351 2224 3407 offerebat.
2261 3353 2398 3423 Ergo
2428 3362 2484 3406 ut
2510 3352 2752 3408 salvetur
2778 3350 3072 3424 ﬁgurarum
3117 3356 3336 3421 veritas,
3370 3358 3524 3428 ungit

1940 3444 2158 3513 quidem
2188 3452 2244 3498 et
2272 3441 2432 3498 offert
2467 3440 2699 3515 Moyses,
2721 3444 3018 3514 imaginem
3051 3453 3105 3500 et
3157 3445 3275 3514 ipse
3315 3445 3521 3502 Christi

1942 3552 2158 3608 gerens,
2191 3537 2258 3591 de
2305 3552 2416 3606 quo
2443 3536 2650 3592 ludatis
2694 3537 2947 3591 diccbat:
3006 3536 3326 3607 Prophetam
3374 3542 3520 3595 vobis

1940 3628 2214 3682 suscitabit
2253 3626 2505 3680 Dominus
2539 3628 2604 3680 de
2656 3626 2910 3696 fratribus
2949 3628 3130 3681 vestris
3159 3629 3294 3682 sicut
3342 3647 3424 3684 me
3448 3632 3515 3684 ".

1941 3717 2097 3784 Quod
2132 3719 2396 3773 Dominus
2443 3717 2508 3772 ad
2544 3719 2903 3788 semetipsum
2957 3718 3204 3774 referens
3259 3722 3518 3777 dice-bat:

1941 3809 1999 3864 Si
2027 3812 2302 3865 crederetis
2336 3809 2526 3881 Moysi,
2553 3812 2830 3864 crederetis
2866 3813 3042 3880 utique
3073 3822 3122 3866 et
3153 3814 3301 3878 mihi,
3347 3815 3411 3868 de
3435 3833 3524 3870 me

1942 3904 2080 3956 enim
2112 3898 2201 3955 ille
2227 3902 2438 3971 scripsit
2475 3902 2542 3956 ²⁹.
2568 3901 2750 3956 Aaron
2782 3909 2964 3957 autem
2995 3903 3215 3968 iterum,
3265 3916 3323 3958 ut
3351 3905 3521 3975 ﬁgura

1941 3995 2055 4049 Iveri
2091 3993 2411 4059 sacerdotis,
2447 3988 2688 4065 ungitur,
2731 4003 2785 4048 et
2809 4003 2998 4064 aperta
3034 3997 3292 4052 est-illius
3346 3999 3523 4068 imago

1943 4085 2207 4156 mysterii.
2250 4084 2505 4156 Aspergit
2527 4099 2655 4155 ergo
2685 4083 2897 4155 Moyses
2922 4084 3121 4147 altare.
3147 4101 3354 4157 corpus
3366 4087 3525 4140 vide-

1942 4178 2070 4232 licet
2089 4175 2454 4241 Dominicum,
2487 4174 2689 4246 septies
2709 4193 2732 4228 -:
2759 4175 2889 4246 quia
2919 4173 3131 4230 Domini
3167 4177 3375 4243 unctio,
3411 4187 3524 4234 tota

1942 4279 2020 4322 est
2059 4265 2295 4336 Spiritus
2319 4264 2626 4336 plenitudo,
2649 4265 2742 4335 qui
2777 4265 2834 4320 in
2858 4275 3070 4336 septem
3103 4267 3524 4336 operationibus

1942 4359 2279 4430 designatur,
2344 4355 2807 4427 quemadmodum
2861 4355 3030 4412 Isaias
3059 4355 3196 4412 dixit
3228 4359 3294 4413 '°.
3358 4358 3526 4430 Ungit

1940 4461 2125 4507 autem
2158 4458 2217 4506 et
2261 4448 2447 4505 omnia
2473 4466 2601 4506 vasa
2651 4451 2793 4520 ejus,
2845 4460 2956 4504 tam
3008 4451 3306 4520 apostolos,
3357 4469 3522 4523 quam

1873 4555 1914 4614 Β
1941 4559 2038 4598 eos
2068 4538 2160 4613 qui
2211 4543 2292 4597 eis
2339 4542 2395 4597 in
2427 4551 2639 4597 tantum
2664 4543 2915 4597 similiter
2955 4542 3172 4611 vivunt,
3224 4553 3282 4598 ut
3327 4545 3523 4599 domus

1943 4636 2166 4700 Christi,
2195 4646 2256 4690 et
2288 4652 2414 4693 vasa
2465 4645 2615 4691 recte
2648 4635 3018 4692 nominentur.
3058 4637 3146 4691 Sic
3173 4646 3228 4691 et
3259 4637 3524 4691 Dominus

1937 4725 2170 4781 Paulum
2219 4725 2448 4794 eligens,
2502 4727 2728 4780 Ananiae
2789 4725 2972 4782 dixit:
3043 4727 3203 4790 Vade,
3249 4728 3375 4797 quia
3433 4745 3549 4804 vas.

1945 4818 2210 4872 electionis
2233 4815 2360 4872 mihi
2387 4827 2460 4872 est
2486 4820 2612 4877 iste.
2644 4828 2702 4871 ut
2718 4828 2901 4888 .portet
2925 4835 3112 4873 nomen
3141 4837 3314 4874 meum
3340 4837 3524 4875 coram

1945 4907 2202 4978 gentibus,
2236 4916 2285 4960 et
2310 4903 2543 4978 regibus,
2582 4916 2633 4961 et
2658 4907 2788 4976 ﬁliis
2820 4907 2996 4961 Israel
3028 4909 3094 4964 ".
3116 4909 3435 4964 Sanctiﬁcat
3458 4921 3516 4964 et

1942 4996 2200 5060 luterem,
2224 4997 2342 5052 sive
2364 4995 2598 5064 labrum,
2643 4999 2915 5068 baptisma
2949 4999 3208 5055 videlicet
3241 5017 3367 5056 cum
3403 5001 3522 5058 basi

1945 5103 2063 5152 sua,
2099 5072 2197 5156 per
2214 5087 2379 5159 quam
2415 5083 2766 5157 intelligimus
2791 5089 3192 5159 penitentiam.
3223 5090 3524 5162 Supposita

1942 5189 2031 5233 est
2064 5177 2246 5233 autem
2277 5176 2394 5233 haec
2419 5178 2752 5248 baptismati,
2787 5183 2911 5248 quia
2954 5183 3181 5250 gratiam
3211 5183 3332 5252 ejus
3359 5199 3525 5254 quam

1946 5286 2091 5342 saepe
2127 5281 2314 5326 nostro
2345 5271 2576 5326 facim-us
2598 5266 2838 5327 titubare
2883 5273 3189 5336 mendacio,
3223 5290 3322 5344 per
3350 5277 3526 5344 pinni-

1947 5364 2175 5419 tentiam
2199 5360 2543 5434 cerrigimus.
2573 5373 2630 5418 et
2651 5360 2922 5418 fulcimus.

2011 5455 2080 5509 Et
2104 5455 2501 5510 taberna-culum
2531 5471 2650 5509 cum
2679 5457 2821 5508 omni
2857 5457 3176 5524 supellectile
3204 5470 3301 5511 sua
3324 5463 3529 5512 sancti-

1943 5547 2139 5614 ﬁcavit.
2179 5533 2617 5601 sanctificatione
2642 5548 2788 5601 enim
2812 5557 3020 5615 nostra,
3050 5564 3286 5617 superna
3308 5563 3530 5617 quoque

1462 5747 1507 5779 ”
1530 5747 1690 5802 Joan.
1739 5763 1777 5809 ι,
1812 5746 1834 5800 l

1941 5747 1987 5778 "
2011 5747 2174 5801 Joan.
2210 5763 2320 5808 xxv,
2358 5745 2412 5808 9.
2484 5749 2528 5780 "
2557 5728 2697 5802 Osee
2739 5763 2834 5811 ιιι.
2869 5749 2956 5804 10.
3039 5744 3082 5779 ³⁸
3118 5746 3266 5806 Psal.
3289 5748 3522 5815 utv,8.

1367 5819 1412 5851 ’⁵
1436 5818 1593 5872 Joan.
1621 5835 1671 5883 v,
1701 5818 1786 5872 46.
1869 5818 1913 5850 ⁸⁸
1941 5816 2042 5872 lsa.
2069 5833 2146 5883 ιι,
2186 5819 2233 5881 l,
2267 5818 2317 5870 Ξ.
2395 5818 2437 5848 ³¹
2468 5820 2589 5873 Act.
2617 5833 2692 5884 sx,
2721 5818 2807 5873 15.
