4218 6450
265 409 365 478 881

1417 410 1500 472 ΙΝ
1535 410 1977 472 LEVITICUM.
2016 433 2076 442 ο-
2115 411 2260 468 LIB.
2305 411 2388 468 ll.

3426 411 3530 476 882

268 531 450 585 ﬁcium
477 529 623 584 aliud
671 528 726 584 in
774 530 1090 584 iioiocausto
1150 529 1339 584 arietis
1398 526 1660 598 praecepit
1693 525 1837 581 ﬁeri.
1867 530 1916 586 Α
2011 527 2214 594 Aperte
2240 523 2358 578 haec
2378 523 2590 577 sanctio
2625 538 2815 578 eorum
2849 540 2971 593 qua:
3000 525 3145 578 circa
3169 539 3271 578 nos
3295 535 3529 594 aguntur

269 621 572 676 Cruciﬁxus
612 621 758 674 enim
778 621 1016 676 mundus
1041 630 1097 676 ct
1125 620 1448 676 renuntians
1476 617 1680 673 mundo
1704 633 1840 672 cono

271 715 524 778 versatio,
570 729 692 784 qua:
734 723 818 768 est
865 706 1264 778 holocaustum,
1329 715 1606 770 Christum
1669 706 1836 785 liabet

271 804 555 874 primitias,
579 805 963 874 doctorumque
993 815 1047 860 et
1082 805 1410 876 exemplum,
1451 813 1672 874 propter
1699 801 1845 873 quod

273 895 437 950 dixit:
478 893 580 959 Qui
617 912 719 948 non
759 898 950 964 accipit
1005 914 1228 959 crucem,
1261 906 1309 949 et
1338 897 1578 967 sequitur
1606 911 1706 956 me,
1729 909 1846 946 non

275 999 346 1041 est
375 1005 455 1040 me
484 989 672 1058 dignus
694 988 736 1018 ³⁸
765 1007 778 1053 ;
813 989 862 1043 id
896 977 999 1052 est,
1036 989 1129 1058 qui
1151 989 1228 1044 sic
1249 1005 1356 1043 non
1383 988 1663 1043 renuntiat
1687 1001 1847 1039 mun-

277 1094 361 1144 ω,
395 1079 532 1133 sicut
554 1095 582 1132 a
613 1095 698 1133 me
730 1080 775 1132 ei
826 1080 1083 1133 traditum
1129 1089 1231 1145 est,
1286 1081 1391 1134 hoc
1423 1089 1509 1133 est
1546 1079 1692 1133 enim
1716 1092 1846 1130 eum

276 1171 449 1237 sequi,
484 1184 592 1222 non
616 1177 700 1222 est
724 1185 810 1224 me
838 1170 1054 1242 dignus.
1087 1168 1193 1225 Sed
1220 1171 1377 1242 cujus
1398 1169 1473 1224 rei
1504 1169 1677 1242 gratia.
1708 1167 1846 1224 divi-

275 1255 422 1308 ditur
448 1259 823 1312 holocaustum
853 1259 876 1310 ?

349 1345 511 1400 Pedes
566 1360 740 1401 autent
788 1351 900 1418 ejus
955 1363 1002 1404 et
1042 1353 1312 1418 intestina,
1375 1353 1490 1408 sive
1546 1351 1849 1407 secundum

277 1434 436 1498 LXX,
480 1451 672 1496 ventur.
710 1441 976 1497 tat-antur.
1025 1444 1406 1514 lnterpretatio
1439 1444 1850 1499 bolocautoma—

277 1529 364 1594 tis,
401 1545 522 1598 qua:
563 1535 613 1583 in
645 1533 802 1586 initio
834 1533 953 1588 libri
981 1535 1118 1590 facta
1148 1546 1252 1600 est,
1303 1536 1637 1591 suﬂicienter
1665 1537 1852 1605 exple-

276 1621 392 1674 vit:
441 1624 584 1690 quod
640 1632 822 1678 autem
856 1636 1107 1682 immutat
1161 1627 1230 1681 de
1279 1627 1565 1693 sacriﬁcio,
1607 1628 1712 1681 hoc
1751 1641 1850 1714 ne:

274 1715 511 1768 cessarie
545 1717 766 1777 dicitur,
801 1719 924 1786 quia
962 1719 1033 1772 ibi
1081 1720 1299 1798 quidem
1326 1731 1509 1802 partes
1545 1719 1667 1774 ﬁeri
1691 1717 1848 1772 obla-

275 1805 483 1860 tionum
515 1807 667 1870 dixit,
692 1825 892 1879 corpus
918 1827 1014 1879 per
1041 1811 1144 1866 hoc
1169 1811 1484 1882 signiﬁcans
1513 1820 1566 1866 et
1611 1812 1848 1865 animam

274 1895 473 1951 debere
498 1897 703 1960 oll‘erri.
729 1902 782 1954 in
812 1902 968 1956 nobis
996 1914 1178 1957 autem
1219 1903 1301 1957 ba:
1322 1902 1640 1964 divisiones.
1663 1911 1851 1973 utpote

274 2003 395 2055 qua:
445 1988 545 2042 sibi
579 1990 813 2045 invicem
841 2003 966 2048 sunt
996 1998 1306 2060 contrariae,
1353 1997 1657 2050 secundum
1701 1996 1850 2065 quod

279 2078 475 2132 Paulus
503 2080 596 2136 ait.
627 2084 979 2138 nominantur
1008 2085 1087 2150 3';
1123 2089 1176 2139 in
1237 2086 1458 2143 Christo
1516 2098 1702 2143 autem
1740 2105 1850 2143 non

277 2180 403 2225 sunt
423 2172 735 2235 divisiones,
768 2175 1043 2230 hominem
1069 2179 1270 2248 quippe
1286 2181 1546 2234 mundum
1577 2198 1606 2234 a
1629 2191 1853 2248 peccato

280 2275 596 2317 incarnatus
626 2275 727 2330 est,
757 2267 850 2334 qui
881 2283 988 2320 non
1012 2279 1095 2322 est
1123 2269 1330 2325 divisus
1368 2288 1421 2324 in
1449 2273 1704 2340 operibus
1732 2290 1854 2328 car-

280 2351 385 2413 uis,
422 2351 620 2420 quibus
650 2353 969 2408 adversatur
1000 2358 1245 2427 spiritus,
1287 2370 1508 2428 propter
1555 2364 1700 2429 quod
1754 2379 1854 2420 nec

277 2443 605 2498 divisionum
629 2443 683 2498 in
714 2461 779 2499 eo
847 2449 1113 2502 sacriﬁcio
1168 2452 1250 2503 lex
1327 2452 1642 2506 memoriam
1701 2452 1850 2508 fecit.

281 2534 384 2588 Pro
417 2550 483 2590 eo
511 2547 689 2592 autem
742 2543 886 2608 quod
946 2541 1171 2595 vitulum
1215 2543 1439 2610 quidem
1498 2549 1550 2597 in
1605 2555 1849 2614 peccato.

279 2626 503 2679 arietem
529 2639 710 2682 autem
746 2630 803 2683 in
831 2631 1208 2685 holocaustum
1235 2639 1489 2687 sacerdos
1511 2627 1724 2700 oﬁ‘eret,
1752 2637 1851 2691 hoc

282 2715 527 2772 absolute
557 2720 643 2773 lex
668 2721 952 2791 signiﬁcat,
988 2734 1047 2777 ut
1071 2726 1195 2793 quia
1237 2701 1580 2780 conversatio
1609 2728 1850 2796 perfecta

283 2822 378 2874 per
416 2809 867 2867 bolocautomatis
925 2815 1258 2870 oblationem
1305 2823 1669 2890 cognoscitur.
1704 2823 1852 2875 aries

282 2903 589 2954 necessario
612 2903 664 2956 in
695 2906 1023 2959 sacrilicium
1066 2907 1323 2963 oll‘cratur
1357 2929 1371 2975 ;
1410 2913 1496 2965 hic
1524 2927 1726 2982 quippe
1755 2914 1853 2966 du-

281 2997 462 3040 catum
503 2989 746 3057 praebere
791 2992 984 3048 ovibus
1013 2996 1276 3050 euntibus
1336 2999 1391 3051 in
1425 3015 1645 3068 pascua,
1698 3012 1753 3055 et
1789 3004 1854 3055 ad

261 3092 558 3146 egressum
595 3080 1004 3152 ingressumque
1030 3102 1059 3138 a
1092 3088 1282 3151 caulis,
1316 3098 1371 3143 et
1410 3090 1462 3143 in
1492 3091 1674 3145 caulas
1695 3093 1853 3156 solet,

1945 616 2329 686 mysteriorum
2385 615 2610 684 exponit
2650 614 3025 680 traditionem,
3074 625 3131 671 et
3162 616 3363 686 pascha
3416 633 3531 686 my-

1946 706 2162 765 sticum.
2201 706 2346 776 quod
2369 705 2620 762 Christus
2662 722 2788 762 cum
2817 701 3102 776 discipulis
3129 708 3244 762 suis
3268 708 3527 766 comedit,

1947 798 2211 868 signiﬁcat
2236 802 2379 868 quod
2400 799 2593 854 docent
2617 815 2679 853 ea
2702 815 2820 869 qum
2846 814 2941 867 per
2967 809 3150 868 partes
3181 799 3235 852 in
3265 799 3532 854 sacriﬁcio

1947 892 2128 961 peragi
2155 892 2574 962 priecipiuntur.

2017 983 2214 1037 Obtulit
2242 994 2291 1037 et
2326 985 2544 1059 arietem
2572 987 2856 1038 secundum
2896 987 2946 1038 iri
2983 984 3424 1038 consecrationem
3446 1001 3534 1036 5th

1951 1076 2236 1128 cerdotum.
2253 1074 2396 1130 LXX
2415 1085 2596 1130 autem
2629 1075 2797 1130 edunt
2822 1092 2835 1126 :
2867 1075 3065 1130 Obtulit
3091 1075 3286 1146 Moyses
3309 1061 3530 1127 arie‘tem

1949 1165 2232 1217 secundum
2262 1166 2648 1250 explicqtionis.
2693 1167 2858 1221 Recte
2908 1181 3100 1220 eorum
3148 1167 3293 1235 quod
3346 1166 3398 1218 in
3433 1182 3533 1219 nos

1951 1256 2278 1311 celebratum
2313 1259 2758 1330 est-mysterium,
2795 1257 3124 1313 sacriﬁcium.
3152 1257 3533 1326 explicationis

1953 1351 2294 1418 appellatur;
2345 1350 2524 1418 ipsum
2563 1351 2709 1404 cnim
2769 1365 2868 1404 nos
2931 1349 3158 1417 perfecit
3208 1365 3332 1404 cum
3384 1349 3533 1418 prius

1953 1440 2241 1496 fuissemus
2259 1440 2455 1494 inﬁrmi
2476 1456 2490 1506 ;
2512 1449 2565 1494 et
2587 1441 2656 1494 ab
2685 1439 3005 1516 imperfecta
3030 1440 3185 1494 lactis
3202 1440 3525 1516 educatione

1955 1531 2227 1602 produxit,
2254 1532 2307 1587 id
2335 1542 2419 1587 est
2455 1533 2524 1586 ab
2546 1548 2610 1587 ea
2641 1509 2771 1602 quas
2807 1533 2860 1586 in
2885 1509 3003 1603 rege
3029 1542 3132 1592 est.
3162 1532 3230 1586 de
3256 1511 3359 1600 qua
3391 1531 3533 1583 Pan»

1953 1625 2039 1678 lus
2064 1623 2191 1678 dicit
2217 1643 2230 1676 :
2263 1623 2442 1678 Omnis
2468 1624 2606 1677 enim
2635 1624 2722 1693 qui
2755 1623 2906 1678 lactis
2935 1635 3012 1677 est
3044 1625 3328 1693 particeps,
3351 1639 3533 1691 expers

1953 1725 2028 1768 est
2049 1717 2304 1770 sermonis
2336 1717 2575 1782 iustitiw,
2610 1716 2862 1784 parvulus
2880 1717 3016 1768 enim
3036 1726 3109 1769 est
3133 1716 3196 1768 ⁵ο.
3219 1716 3285 1772 Et
3309 1730 3496 1768 rursus
3519 1735 3530 1770 :

1919 1883 1922 1888 _
1955 1807 2103 1860 Nihil
2124 1817 2300 1861 autem
2323 1809 2393 1861 ad
2410 1810 2696 1878 perfectum
2730 1808 2956 1862 addtarit
2988 1807 3091 1871 lex,
3121 1807 3534 1860 subintroduetio

1909 1895 1926 1921 ’⁸
1955 1907 2130 1951 autem
2179 1899 2554 1970 majorisgspei
2610 1916 2726 1970 qua:
2763 1901 2891 1953 data
2942 1908 3038 1964 est,
3073 1900 3128 1951 in
3179 1899 3278 1953 hac
3328 1915 3418 1951 nos
3448 1915 3535 1968 Spe

1955 1991 2222 2044 constituit
2260 1991 2323 2042 "l.
2386 1990 2771 2045 Verumtarnen
2820 1990 3148 2046 sacriﬁcium
3209 1992 3312 2045 lioc
3362 2006 3519 2044 eam.

1955 2097 2072 2152 qua:
2103 2081 2245 2137 dicta
2285 2092 2370 2137 est
2401 2082 2572 2153 major
2598 2099 2744 2154 spes,
2793 2098 2891 2153 per
2921 2099 3084 2154 quam
3138 2097 3357 2152 semper
3406 2098 3529 2151 pro~

1957 2176 2282 2244 pinquamus
2303 2176 2369 2230 ad
2400 2177 2747 2232 serviendum
2780 2177 2908 2239 Deo,
2943 2177 3138 2232 innuit.
3180 2175 3292 2230 Cur
3350 2185 3530 2229 auten-

1955 2271 2118 2334 aries,
2144 2271 2417 2324 secundus
2461 2271 2551 2326 hic
2604 2285 2753 2324 nunc
2794 2269 2938 2325 aries
2979 2269 3340 2324 nominatur?
3399 2267 3532 2335 Quia

1957 2360 2204 2416 videlicet
2226 2361 2382 2430 prius
2407 2361 2692 2432 ﬁguratam
2730 2377 2911 2428 ovem,
2942 2376 3068 2415 cum
3121 2359 3384 2430 apostolis
3423 2375 3535 2414 coe—

1957 2469 2095 2508 naris
2133 2453 2396 2509 Dominus
2426 2464 2614 2524 postea
2655 2470 2815 2508 suum
2855 2453 3054 2508 obtulit
3105 2451 3454 2509 sacriﬁcium.
3481 2462 3534 2504 et

1959 2544 2200 2598 secundo
2232 2544 2375 2599 sicut
2421 2559 2580 2598 ovem
2610 2543 2728 2614 ipse
2755 2543 3114 2614 semetipsum
3146 2541 3366 2606 occidit,
3392 2542 3532 2608 quo»:

1957 2633 2333 2687 demonstrant
2361 2633 2667 2703 sequentia.
2754 2672 2756 2674 τ

2034 2721 2427 2793 Posueruntque
2455 2722 2635 2778 Aaron
2655 2734 2702 2777 et
2731 2724 2829 2793 ﬁlii
2854 2741 2967 2792 ejus
2985 2740 3172 2777 manus
3211 2739 3335 2777 suas
3383 2740 3536 2792 super

1961 2824 2114 2884 caput
2130 2816 2261 2884 ejus.
2296 2814 2457 2877 Quem
2477 2831 2597 2868 cum
2618 2816 2936 2868 immolasset
2961 2813 3185 2884 Moyses.
3209 2813 3532 2869 Necessarie

1959 2905 2120 2959 simul
2153 2921 2276 2960 cum
2305 2906 2483 2961 Aaron
2515 2914 2569 2960 et
2622 2906 2716 2961 ﬁlii
2746 2905 2865 2976 ejus
2915 2920 3079 2975 super
3139 2915 3304 2975 caput
3351 2906 3537 2958 arietis

1963 3011 2156 3051 manus
2189 2998 2496 3067 imponunt,
2551 2999 2677 3071 quia
2727 3013 3076 3053 communem
3135 3011 3344 3051 caenam
3380 2996 3538 3050 festi-

1967 3088 2141 3142 vitatis
2172 3085 2449 3142 Paschalis
2494 3104 2618 3142 cum
2666 3088 2778 3142 suis
2810 3087 3062 3142 Christus
3086 3087 3365 3156 discipulis
3391 3088 3530 3141 cele-

282 3167 421 3222 sirut
447 3180 500 3224 et
524 3171 775 3248 Christus
805 3175 916 3228 dux
945 3177 1196 3244 perlecta:
1223 3183 1656 3238 conversationis
1691 3194 1795 3246 est,
1827 3203 1854 3238 a
1885 3218 1925 3274 C
1962 3181 2154 3234 bravit.
2181 3180 2318 3235 Cum
2360 3181 2509 3234 enim
2555 3178 2818 3250 quosdam
2859 3180 3247 3248 discipulorum
3296 3179 3362 3233 ad
3395 3195 3533 3249 pra»

280 3274 389 3328 quo
413 3261 916 3334 videlicetsumpsit
939 3267 1245 3333 exordium,
1276 3282 1438 3343 atque
1484 3273 1608 3328 ideo
1649 3275 1856 3330 intrare

286 3366 384 3418 per
402 3367 482 3414 se,
511 3361 566 3406 et
594 3355 744 3409 exire
773 3357 964 3411 ovibus
993 3360 1362 3430 praecipiebat.

355 3441 513 3497 Vens.
547 3445 734 3501 22-29.
768 3445 978 3504 Obtulit
1025 3462 1081 3506 et
1132 3452 1360 3509 arietem
1411 3457 1735 3526 secundum,
1802 3461 1858 3516 in

284 3538 750 3594 consecrationem
809 3543 1193 3611 sacerdotum,
1242 3562 1651 3624 posueruutqne
1693 3571 1858 3626 super

283 3635 442 3693 caput
463 3628 582 3694 ejus
603 3629 802 3693 Aaron,
824 3640 878 3684 et
899 3631 992 3686 ﬁlii
1010 3633 1130 3704 ejus
1147 3650 1341 3690 manus
1360 3654 1506 3696 suas.
1531 3640 1706 3706 Quem
1731 3662 1854 3701 cum

283 3714 616 3772 immolasset
670 3719 898 3791 Moyses.
940 3741 1163 3781 sumens
1192 3728 1260 3782 de
1329 3733 1613 3802 sanguine,
1684 3716 1857 3808 tetigit

280 3817 584 3862 extremum
628 3813 882 3868 auricula:
905 3815 1109 3871 dextra:
1141 3819 1322 3874 Aaron
1362 3831 1417 3876 et
1457 3824 1702 3893 pollicem
1741 3845 1857 3884 ma-

284 3913 385 3951 nus
418 3902 536 3968 ejus
565 3902 787 3963 dextras.
819 3906 1070 3962 similiter
1100 3921 1156 3964 et
1177 3912 1328 3978 pedis
1357 3913 1557 3979 dextri,
1588 3918 1858 3976 obtulitet

283 3988 419 4044 ‘ilios
446 3992 643 4047 Aaron.
677 3995 922 4066 Cumque
943 4000 1008 4052 de
1039 4001 1306 4070 sanguine
1351 4007 1540 4061 arie.is
1591 4007 1854 4066 immolati

282 4082 542 4152 tetigisset
589 4095 891 4141 extremum
943 4091 1200 4146 auricula:
1259 4095 1594 4167 singulorum
1626 4101 1852 4170 dextrae,

277 4179 325 4224 et
369 4173 595 4240 pollices
612 4193 803 4233 manus
835 4195 901 4235 ac
956 4183 1109 4250 pedis
1147 4186 1346 4251 dextri,
1419 4191 1686 4260 reliquum
1715 4193 1854 4250 ludit

277 4277 444 4330 super
469 4265 638 4322 altare
666 4270 718 4322 in
764 4273 1014 4328 circuitu.
1049 4277 1274 4347 Adipem
1312 4295 1440 4335 vero
1490 4294 1545 4338 et
1600 4287 1851 4353 caudam,

276 4367 604 4426 omnemque
627 4361 1008 4431 pinguedinem
1035 4383 1157 4436 quae
1189 4371 1366 4439 operit
1404 4373 1681 4442 intestina,
1725 4380 1856 4436 reti-

274 4445 790 4518 culumquejecoris,
817 4465 869 4509 et
885 4455 1023 4512 duos
1043 4475 1201 4514 renes
1223 4478 1346 4516 cuni
1360 4453 1612 4536 adipibus
1631 4470 1764 4535 suis,
1801 4481 1854 4525 et

1962 3271 2296 3337 parationcm
2335 3271 2551 3334 domus,
2581 3271 2635 3326 in
2660 3287 2765 3341 qua
2800 3269 3006 3325 Pascha
3029 3270 3402 3326 celebraturus
3420 3279 3538 3324 erat

1964 3360 2241 3428 dirigeret,
2275 3361 2354 3416 sic
2387 3363 2508 3416 ait:
2569 3361 2737 3416 Dicite
2779 3360 3162 3431 patrifamilias
3229 3362 3352 3430 quia
3404 3377 3522 3413 ma-

1958 3453 2120 3522 gister
2169 3453 2332 3504 dicit.
2377 3449 2472 3505 Ubi
2521 3461 2594 3505 est
2637 3452 2983 3506 diversorium
3043 3451 3130 3505 ubi
3168 3468 3366 3520 pascia
3420 3467 3540 3504 cum

1956 3542 2232 3610 discipulis
2287 3542 2415 3596 meis
2468 3543 2778 3596 manducent
2804 3543 2894 3595 "‘l
2947 3542 3054 3597 Sed
3100 3540 3308 3612 Moyses
3364 3540 3538 3596 sacri-

1958 3632 2140 3688 ﬁcium
2176 3635 2281 3689 hoc
2307 3633 2567 3694 celebrat.
2598 3635 2723 3704 quia
2757 3634 2926 3705 magis
2947 3634 3015 3689 ab
3049 3633 3168 3689 aliis
3191 3635 3306 3702 ipse
3330 3632 3535 3686 Chi-isti
3617 3646 3624 3652 ·

1959 3723 2182 3793 ﬁguram
2209 3724 2364 3792 gerit.
2400 3723 2550 3778 'i‘une
2568 3733 2748 3778 autem
2766 3725 3006 3779 maxime
3030 3723 3354 3779 saeiﬁcium
3375 3737 3535 3778 suum

1955 3812 2205 3868 Christus
2236 3813 2549 3880 celebravit,
2581 3815 2723 3869 unde
2747 3824 2803 3868 et
2833 3815 2964 3870 illud
2994 3815 3212 3884 incipit;
3241 3814 3366 3868 vide
3389 3814 3535 3868 enim

1957 3905 2264 3975 sequentia.

2028 3994 2193 4061 Quem
2224 4012 2343 4050 cum
2381 3997 2701 4051 immolasset
2753 3996 2973 4066 Moyses,
3025 4013 3238 4050 sumens
3292 4000 3356 4050 de
3407 4013 3537 4050 san-

1955 4081 2129 4158 guine,
2187 4090 2355 4160 tetigit
2385 4098 2674 4142 extremum
2718 4088 2973 4142 auricula:
3012 4089 3209 4142 dextra:
3262 4088 3442 4141 Aaron
3487 4098 3537 4142 et

1954 4176 2193 4244 pollicem
2223 4193 2410 4231 manus
2435 4178 2548 4248 ejus
2571 4179 2769 4232 dextrae
2803 4179 3044 4231 similiter
3085 4189 3131 4231 et
3158 4178 3302 4247 pedis
3341 4179 3534 4242 dextri,

1957 4269 2141 4324 obtulit
2163 4279 2214 4324 et
2260 4270 2396 4338 ﬁlios
2445 4270 2644 4325 Aaron.
2689 4269 2922 4338 Cumque
2965 4278 3028 4324 de
3055 4271 3314 4341 sanguine
3354 4272 3538 4325 arietis

1955 4359 2214 4413 immolati
2265 4362 2510 4431 tetigisset
2565 4371 2850 4415 extremum
2910 4362 3167 4416 auricula:
3213 4363 3537 4430 singulorum

1955 4451 2152 4504 dextra
2171 4461 2218 4504 et
2235 4451 2447 4519 pollices
2473 4467 2660 4504 manus
2678 4468 2740 4504 ac
2754 4454 2900 4520 pedis
2919 4453 3111 4516 dextri,
3129 4453 3382 4520 reliquum
3402 4454 3537 4520 fudit

274 4551 429 4591 armo
452 4540 642 4596 dextro
697 4549 987 4613 separavit.
1030 4549 1252 4607 Tollens
1297 4565 1480 4611 autem
1510 4559 1578 4614 de
1612 4562 1853 4617 canistro

1957 4554 2116 4607 super
2143 4538 2316 4597 altare
2363 4555 2456 4608 per
2483 4541 2783 4594 circuitum.
2834 4539 2968 4608 Quis
2989 4541 3350 4596 sit~sacrilicii
3374 4542 3536 4611 hujus

273 4639 768 4724 azymorum,quod
795 4647 912 4691 erat
938 4655 1120 4696 coram
1150 4643 1397 4712 Domino,
1424 4665 1618 4718 panem
1649 4655 1856 4724 absque

275 4719 547 4776 fermento
574 4733 631 4779 et
655 4727 970 4798 collyriuam
995 4748 1347 4804 conspersam
1396 4741 1536 4807 oleo,
1567 4719 1855 4816 laganum-

272 4825 401 4880 que,
443 4815 626 4882 posuit
653 4833 818 4887 super
838 4822 1046 4892 adipes,
1091 4834 1147 4880 et
1177 4843 1388 4884 arumm
1430 4815 1706 4897 dextrum.
1743 4847 1856 4893 tra-

273 4899 411 4995 deus
439 4903 600 4958 simul
623 4909 806 4962 omnia
831 4910 1009 4966 Aaron
1033 4924 1088 4968 et
1119 4916 1243 4972 ﬁliis
1257 4919 1396 4988 ejus.
1427 4919 1528 4986 Qui
1557 4935 1846 4995 postquam

273 4991 674 5051 levaveruntea
700 5013 881 5055 coram
939 5003 1184 5071 Domino,
1246 5025 1459 5065 rursum
1495 4991 1747 5086 suscepta
1779 5019 1848 5072 de

273 5083 528 5141 manibus
550 5101 763 5151 eorum,
801 5091 1038 5150 adolevit
1088 5114 1252 5166 super
1305 5103 1474 5158 altare
1517 5083 1845 5171 holocausti.

272 5191 340 5230 eo
384 5179 528 5246 quod
570 5187 997 5243 consecrationis
1043 5203 1186 5245 esset
1238 5195 1458 5253 oblatio.
1512 5215 1562 5250 Ill
1618 5201 1845 5257 odorem

273 5271 557 5326 suavitatis
608 5276 856 5332 sacriﬁcii
888 5280 1120 5336 Domini.
1172 5284 1395 5340 'l'ulitet
1440 5295 1844 5357 pectusculum,

271 5359 492 5415 elevans
521 5362 648 5420 illud
677 5382 860 5425 coram
919 5371 1165 5440 Domino,
1206 5376 1271 5431 de
1331 5384 1505 5435 ariete
1551 5399 1844 5439 consecra-

275 5451 442 5508 tionis
494 5455 546 5510 iu
580 5471 786 5527 partem
814 5477 992 5530 suam,
1047 5467 1187 5522 sicut
1245 5474 1501 5540 priet-epit
1558 5474 1605 5526 ci
1662 5476 1845 5531 [iniui-

274 5561 398 5600 nus.
437 5566 456 5597 :o

335 5723 379 5754 ³⁸
411 5727 600 5784 Matth.
629 5747 676 5790 χ.
713 5733 800 5788 58.

881 5736 922 5765 ⁸³
961 5735 1235 5811 lloiu._vu,
1279 5739 1294 5792 l
1333 5759 1480 5811 seqq.
1594 5750 1626 5772 *‘
1664 5747 1823 5801 Hebr.

272 5811 394 5863 xxv,
440 5797 527 5851 12.

603 5800 648 5832 “
681 5800 818 5858 Psal.
868 5821 1049 5873 χχχιχ,
1102 5809 1152 5861 5.

1861 5767 1909 5814 τ’,
1946 5750 2027 5804 15.
2106 5752 2141 5781 ³⁸
2175 5749 2334 5804 llcbr.
2371 5769 2456 5804 γὴ.
2504 5752 2580 5804 lli.

1958 4629 2204 4695 eﬁcctus,
2237 4631 2424 4684 unctio
2452 4632 2666 4686 aurium
2699 4643 2764 4687 et
2782 4648 3066 4696 manuum,
3101 4634 3410 4702 pedumque
3437 4635 3534 4687 de-

1958 4730 2223 4776 monstrat
2250 4739 2264 4777 :
2304 4737 2402 4792 pro
2421 4723 2726 4779 obedientia
2745 4726 2949 4795 quippe
2965 4735 3170 4787 “OSll‘tl,
3194 4726 3338 4779 actio
3367 4725 3531 4792 bona,

1954 4821 2116 4882 atque
2150 4817 2494 4871 conversatio
2514 4816 2842 4872 celebratur.
2879 4817 3036 4872 Unde
3056 4826 3112 4872 et
3140 4832 3300 4872 aures
3330 4825 3559 4872 nostra:

1955 4913 2251 4974 unguntur,
2326 4915 2381 4960 ut
2439 4906 2807 4962 inobedientia
2886 4908 3054 4962 Adam
3106 4917 3356 4963 carentes
3401 4906 3535 4964 Uni-

1955 4995 2121 5064 geniti
2154 4997 2519 5053 obedientiam
2578 5009 3003 5069 consequantur.
3039 4997 3167 5055 Pest
3210 5000 3326 5054 haec
3349 5007 3535 5054 extre-

1954 5103 2040 5141 ma
2071 5105 2329 5144 manuum
2377 5102 2652 5162 unguntur
2680 5100 2734 5144 et
2773 5092 2993 5160 pedum,
3042 5092 3166 5162 quia
3199 5107 3308 5146 non
3358 5091 3572 5162 solum-q

1956 5195 2172 5242 manus,
2205 5181 2300 5235 sed
2327 5191 2382 5235 et
2405 5181 2570 5250 pedes
2603 5196 2704 5249 pro
2736 5183 2951 5236 actione
2995 5181 3362 5252 accipiuntur,
3388 5182 3535 5250 quod

1957 5273 2216 5338 probatur
2262 5289 2328 5328 ex
2358 5289 2423 5328 eo
2473 5274 2616 5342 quod
2653 5273 2817 5328 David
2859 5273 3030 5328 dicit:
3066 5273 3164 5327 Pes
3202 5289 3347 5327 meus
3391 5274 3534 5327 stetit

1953 5364 2007 5416 in
2058 5366 2140 5417 via
2201 5375 2340 5418 recta
2367 5367 2428 5417 "'.
2473 5363 2534 5420 Et
2585 5382 2818 5421 rursus:
2851 5365 3052 5419 Statuit
3103 5382 3266 5436 supra
3328 5374 3534 5433 petram

1958 5458 2110 5516 pedes
2144 5469 2282 5506 uicos
2303 5453 2368 5507 ".
2405 5452 2538 5518 Quia
2573 5465 2752 5508 autem
2785 5455 3032 5510 actiones
3062 5456 3324 5526 quasdam
3362 5455 3534 5506 bonas

1953 5546 2212 5611 quasdam
2233 5555 2414 5600 autem
2443 5547 2608 5600 malas
2642 5546 2924 5609 habemus,
2952 5545 3247 5616 etliguram
3267 5544 3546 5598 malorum

2700 5753 2740 5783 ”
2783 5753 2911 5806 Luc.
2953 5768 3080 5810 xm.
3126 5751 3202 5805 ll.
3314 5751 3359 5781 ⁴³
3391 5749 3530 5806 Psal.
