4218 6450
201 437 305 504 885

1334 440 1411 499 ΙΝ
1454 437 1887 498 LEV'lTICUM.

1972 462 2004 471 -
2044 437 2190 497 LIB.
2239 439 2316 496 Ii.
3359 446 3461 508 88b

201 554 403 617 ﬁcium,
453 569 678 610 necesse
726 562 809 609 est
855 563 912 610 ut
943 562 998 610 et
1024 555 1156 609 ﬁdes
1188 571 1311 625 lpSI,
1338 570 1458 624 qum
1492 555 1545 607 in
1575 570 1641 609 co
1669 562 1774 616 est,
1807 558 1852 615 Α
1883 555 2060 608 Aaron
2095 564 2150 609 et
2185 554 2280 608 ﬁlii
2313 556 2432 624 ejus
2482 555 2773 608 'Llllllcdtﬂl‘
2803 569 2919 609 cos.
2961 555 3234 625 Quidquid
3281 568 3462 616 autem

199 648 508 716 deputetur.
570 649 847 700 Assumens
903 664 1024 718 ergo
1077 655 1417 715 unguentum,
1476 656 1524 699 et
1564 648 1779 716 sangni‘

203 756 315 792 nem
340 740 430 809 qui
469 749 582 793 erat
613 741 667 792 in
696 741 880 802 altari,
907 742 1130 810 aspersit
1155 757 1309 808 super
1339 737 1518 793 Aaron
1549 748 1597 792 et
1619 742 1776 792 vesti-

202 840 375 884 menta
412 813 542 898 “eius
592 841 639 885 et
695 850 852 902 super
891 834 1022 900 ﬁlios
1085 834 1218 902 ejus,
1267 850 1330 884 oc
1378 841 1541 886 vestes
1580 846 1777 884 eorum.

201 921 432 992 Cumque
464 925 842 992 sanctiﬁcasset
887 941 970 978 eos
1001 930 1052 976 in
1083 927 1272 978 vestita:
1306 941 1418 978 suo.
1466 922 1623 988 Quod
1647 921 1781 975 Uni-

203 1012 366 1079 geniti
399 1012 636 1079 sanguis,
693 1022 748 1066 et
779 1013 964 1066 unctio
1009 1013 1260 1082 Sptritus,
1316 1015 1479 1065 unius
1511 1012 1619 1064 sint
1650 1027 1780 1080 opc~

207 1103 602 1173 rationisatquc
628 1105 858 1168 virtutis,
891 1114 947 1159 et
978 1105 1140 1158 nimis
1179 1113 1324 1157 recte
1353 1106 1535 1158 oleum
1570 1104 1782 1159 unctio-

205 1196 307 1252 nis.
339 1204 394 1247 et
423 1198 739 1265 sanguinem
773 1197 979 1262 altaris,
1016 1199 1067 1250 id
1109 1206 1206 1259 est,
1241 1197 1502 1251 Dominicn
1537 1199 1784 1267 corporis

207 1287 478 1355 legislator
524 1289 761 1352 unxerit,
805 1290 930 1344 audi
963 1290 1228 1345 Joannem
1288 1290 1603 1346 dicentem:
1660 1291 1782 1345 Tria
1817 1363 1819 1365 ι

203 1388 322 1430 sunt
362 1397 477 1448 qua:
511 1383 862 1435 testimonium
920 1384 1174 1451 prwbent,
1227 1391 1273 1435 et
1317 1396 1419 1437 tres
1449 1400 1610 1436 unum
1640 1393 1780 1448 sunt,

205 1467 452 1536 Spiritus,
485 1475 718 1542 sanguis,
747 1483 795 1526 rt
827 1475 1042 1544 aqua".
1106 1474 1286 1528 Unum
1319 1475 1466 1529 enim
1529 1475 1783 1530 cﬁ'ectum

206 1562 650 1618 sanctiﬁcationis
684 1565 905 1619 habent.
942 1565 1164 1620 Multum
1193 1576 1340 1621 recte
1370 1575 1574 1621 vestem
1603 1569 1786 1622 Aaron

206 1654 274 1702 ab
311 1651 464 1704 stolis
497 1653 730 1707 ﬁliorum
772 1659 952 1710 Aaron
983 1655 1067 1710 lex
1099 1656 1390 1726 separavit.
1423 1657 1555 1711 Nam
1589 1659 1689 1713 etsi
1719 1659 1786 1713 ad

206 1742 562 1796 imitationem
619 1745 832 1801 Domini
895 1757 1126 1811 vestem,
1175 1749 1270 1818 qui
1321 1750 1388 1804 ab
1423 1765 1489 1804 eo
1545 1750 1785 1819 adoptati

206 1848 416 1899 sumus,
449 1835 732 1900 habemus,
767 1854 958 1894 verum
987 1849 1170 1895 tamen
1199 1847 1463 1910 quantum
1512 1842 1782 1911 pontificis

1887 644 2152 715 reliquum
2205 645 2368 701 fuerit
2414 646 2480 700 de
2505 661 2667 700 carne
2691 655 2746 701 et
2775 646 2842 702 de
2876 647 3133 717 panibus,
3161 649 3302 720 ignis
3331 669 3463 706 con.

1884 739 2066 792 sumit.
2117 738 2192 792 De
2254 739 2394 794 ostio
2449 754 2666 810 quoque
2726 740 3061 795 tabernaculi
3105 757 3216 796 non
3250 745 3468 797 exibitis

1885 836 2092 896 septem
2149 830 2343 884 diebus
2399 846 2572 900 usque
2617 831 2687 886 ad
2734 831 2878 886 diem
2933 848 3042 899 quo
3095 834 3465 902 complebitur

1887 927 2102 987 tempus
2127 921 2557 976 consecrationis
2600 930 2816 976 vestrae.
2853 919 3075 992 Septem
3098 923 3244 977 enim
3274 925 3468 980 diebus

1888 1006 2072 1059 (untur
2108 1011 2470 1073 consecratio,
2524 1011 2668 1064 sicut
2709 1021 2764 1065 et
2818 1012 2873 1065 in
2920 1014 3210 1081 praesentia
3265 1014 3466 1068 factum

1889 1110 2100 1192 cst.tut
2140 1101 2275 1155 ritus
2314 1102 2564 1156 sacriﬁcii
2619 1105 3004 1172 compleretur.
3062 1107 3160 1160 Dic
3205 1123 3268 1160 ac
3308 1122 3469 1161 nocte

1889 1192 2179 1246 manebitis
2237 1194 2290 1246 in
2355 1194 2704 1250 tabernaculo
2759 1198 3117 1252 observantes
3194 1201 3469 1255 custodia;

1890 1280 2123 1346 Domini,
2177 1299 2246 1338 ne
2294 1285 2642 1352 moriamini;
2682 1288 2759 1342 sic
2791 1289 2938 1343 enim
2971 1291 3105 1343 mihi
3137 1302 3466 1360 pra-ceptum

1888 1384 1987 1428 est.
2053 1374 2430 1448 Feceruntque
2491 1379 2670 1434 Aaron
2722 1390 2777 1435 et
2816 1381 2910 1436 ﬁlii
2956 1384 3076 1452 ejus
3110 1395 3305 1439 cuncta
3351 1402 3471 1454 qum

1888 1467 2146 1536 praecepit
2178 1467 2442 1524 Dominus
2489 1487 2586 1540 per
2614 1487 2832 1526 manum
2868 1472 3051 1543 Moysi.
3095 1495 3110 1524 ι

1961 1556 2238 1628 Praecipua
2301 1547 2780 1632 nunctlegislator
2846 1565 3134 1634 providit,
3181 1567 3469 1621 discrevit-

1890 1665 1994 1719 que
2027 1652 2304 1720 mysteria,
2334 1663 2389 1708 et
2423 1655 2719 1726 ﬁguraliter
2750 1672 2847 1726 per
2883 1674 2944 1712 ea
2990 1675 3111 1728 tina:
3140 1676 3289 1714 nunc
3335 1678 3471 1715 eou-

1866 1741 2182 1820 templatus
2213 1753 2329 1805 est,
2383 1747 2619 1810 tradidit,
2675 1747 2815 1801 intra
2867 1748 3164 1804 Ecclesiam
3224 1766 3287 1804 ea
3344 1768 3468 1820 per~

1880 1815 1978 1885 'ﬁci
2021 1841 2075 1886 et
2116 1835 2426 1902 nullatenus
2482 1837 2832 1907 profanorum
2880 1842 3069 1896 usibus
3131 1853 3188 1896 et
3251 1845 3475 1898 auribus

205 1925 421 1980 diﬁ'erat
463 1929 650 1994 vestis,
704 1947 800 2000 per
850 1933 1124 1987 anteriora
1165 1933 1477 1992 didicimus.
1527 1943 1622 1987 aut
1651 1933 1778 2003 quid

1892 1924 2169 1993 publicari,
2215 1943 2315 1982 nec
2335 1929 2559 1983 cuilibet
2611 1931 2814 1986 volenti
2867 1933 3194 2002 profanandi
3230 1951 3290 1989 ea
3351 1951 3471 1990 esse

207 2018 294 2081 sit,
330 2025 384 2073 et
417 2036 578 2090 quam
625 2023 925 2093 multiplex.
982 2023 1245 2080 Tunicam
1280 2025 1426 2079 enim
1475 2025 1618 2080 illam
1652 2025 1789 2079 dixit

207 2109 409 2166 habere
451 2113 919 2182 superhumeralc,
969 2124 1025 2171 et
1055 2117 1338 2182 rationale,
1378 2118 1528 2188 unde
1561 2128 1707 2174 recte
1737 2129 1790 2172 et

205 2219 353 2257 nunc
386 2203 668 2272 pluraliter
697 2209 1031 2262 nominatur.
1062 2209 1138 2263 Ea
1169 2219 1350 2264 autem
1381 2225 1501 2280 qua:
1532 2220 1617 2264 est
1649 2209 1789 2264 ﬁlio-

205 2311 328 2348 rum
377 2296 579 2360 Aaron,
626 2298 726 2352 etsi
787 2298 1076 2355 uniformis
1125 2309 1207 2356 est
1260 2300 1462 2366 tunica,
1515 2315 1695 2355 tamen
1732 2311 1788 2355 ct

208 2387 320 2454 ipsa
355 2395 456 2441 est.
501 2386 605 2441 Sed
649 2389 774 2458 quia
829 2391 1027 2446 multas
1056 2391 1287 2446 virtutes
1315 2407 1422 2445 una
1456 2392 1661 2457 tunica,
1691 2408 1787 2446 seu

206 2477 345 2530 stola
397 2479 580 2542 habet,
625 2479 828 2534 Christi
859 2480 1005 2534 enim
1037 2483 1218 2536 tunica
1264 2483 1379 2537 sive
1405 2485 1564 2556 stola,
1595 2499 1702 2552 qua
1735 2485 1789 2538 bi

209 2570 301 2638 qui
350 2571 419 2625 ab
481 2589 545 2626 ec
619 2574 767 2628 uncti
848 2584 994 2640 sunt,
1067 2575 1368 2631 induuntur
1439 2579 1788 2648 adoptionem

207 2662 431 2728 habere,
482 2665 948 2734 incorruptionem
1016 2651 1238 2731 habere,
1294 2678 1349 2722 et
1413 2669 1465 2722 in
1519 2669 1670 2724 ccelis
1701 2685 1790 2724 re-

209 2753 416 2820 quiem,
463 2763 520 2807 et
546 2754 647 2807 alia
677 2754 801 2808 talia
828 2756 1193 2826 cognoscitur.
1226 2766 1515 2826 propterea
1548 2757 1790 2827 appella-

211 2853 302 2896 tur
347 2845 528 2900 tunica
581 2846 695 2899 sive
747 2847 904 2909 stola,
950 2846 1078 2901 licet
1109 2863 1214 2900 una
1253 2849 1323 2902 sit
1350 2849 1621 2902 omnium.
1655 2848 1790 2912 Qui-

209 2952 414 3006 cunque
466 2939 602 2990 enim
635 2939 688 2990 in
727 2938 930 2993 Christo
974 2940 1232 3010 baptizati
1278 2957 1478 3005 sumus,
1526 2940 1792 2995 Christum

211 3027 384 3079 induti
437 3030 696 3081 sumus”.
746 3030 850 3083 Sed
907 3041 1086 3085 tamen
1137 3041 1362 3101 propter
1398 3032 1788 3086 abundantiam

211 3119 503 3185 donorum,
529 3137 649 3190 qua:
684 3137 748 3175 ex
785 3139 846 3176 ea
879 3131 1008 3176 sunt
1048 3123 1351 3192 pluraliter,
1387 3125 1703 3178 nominatur
1735 3133 1792 3178 et

210 3212 378 3266 nimis
423 3223 588 3275 recte,
623 3223 845 3284 propter
873 3216 1156 3270 veritatem
1183 3233 1304 3285 qua:
1331 3217 1384 3270 in
1412 3232 1476 3270 ea
1506 3216 1788 3288 ﬁguratur.

214 3298 481 3370 Figurans
538 3318 657 3356 eam
707 3303 900 3366 forma,
933 3306 1051 3359 sine
1074 3307 1427 3369 districtione
1468 3307 1601 3371 acri,
1647 3310 1788 3362 viam

213 3407 338 3459 quae
393 3393 444 3445 in
486 3408 547 3447 ea
596 3405 699 3456 est,
741 3397 1158 3464 praetermittere
1201 3399 1431 3467 cogitur.
1477 3398 1613 3453 Ecce
1647 3402 1793 3454 enim

213 3498 341 3538 cum
373 3485 658 3540 uniformis
685 3487 755 3540 sit
780 3490 981 3552 tunica,
1015 3490 1127 3543 sive
1156 3490 1294 3543 stola
1327 3490 1557 3545 ﬁliorum
1589 3494 1793 3558 Aaron,

214 3575 414 3630 multas
466 3587 677 3637 tamen.
719 3589 774 3632 et
816 3595 919 3632 non
968 3596 1128 3633 unam
1179 3581 1417 3635 tunicam
1463 3583 1794 3638 nominavit.

217 3665 278 3719 Si
305 3677 486 3720 autem
511 3668 898 3738 intelligibilem
923 3666 1247 3724 shiietiﬁcari
1275 3671 1452 3727 Aaron
1477 3675 1795 3744 aspersione

213 3759 500 3827 sanguinis
558 3769 612 3812 et
662 3761 766 3814 olei
824 3761 1214 3830 cognovimus,
1286 3780 1393 3817 non
1459 3765 1794 3820 admiremur

213 3847 363 3912 quod
392 3846 594 3900 dictum
628 3859 730 3912 est,
777 3849 890 3918 ipse
922 3851 1067 3904 enim
1100 3853 1352 3908 Christus
1389 3857 1453 3908 ad
1487 3859 1796 3912 sanctiﬁca-

218 3935 426 3988 tionem
486 3949 748 4002 nostram,
781 3941 1096 4009 aspersione
1149 3946 1349 4013 proprii
1389 3949 1672 4012 sanguinis
1713 3951 1794 4004 vi-

215 4023 434 4087 delicet,
494 4027 805 4093 passionem
838 4045 990 4084 suam
1046 4048 1142 4100 pro
1171 4035 1330 4087 nobis
1376 4037 1593 4092 obtulit.
1638 4039 1796 4095 Unde

218 4113 360 4166 ﬁlios
393 4117 571 4168 Aaron
603 4126 657 4170 et
689 4119 902 4173 tunicas
937 4135 1035 4174 seu
1066 4122 1232 4177 stolas
1263 4139 1385 4176 cum
1435 4126 1616 4181 Aaron
1658 4127 1798 4182 dixit

216 4206 565 4269 sanctiﬁcari,
601 4210 723 4277 quia
757 4225 1095 4282 quaecunque
1141 4214 1194 4266 in
1242 4216 1399 4269 nobis
1445 4217 1795 4288 contingunt,

216 4297 288 4351 ad
325 4312 470 4363 eum,
513 4307 572 4352 ut
605 4310 768 4370 caput
809 4302 1017 4356 scilicet
1057 4304 1223 4358 totius
1261 4310 1507 4376 corporis
1537 4325 1796 4364 necessa-

221 4387 306 4442 rio
334 4389 688 4444 reducuntur.
717 4391 800 4446 Ad
831 4392 1208 4462 probationem
1233 4403 1418 4449 autem
1448 4412 1643 4452 eorum
1672 4415 1796 4468 quae

219 4480 366 4534 dicta
419 4489 565 4546 sunt,
624 4482 834 4538 Domini
889 4501 1168 4540 sumamus
1214 4487 1423 4551 verba;
1480 4503 1606 4542 cum
1652 4491 1800 4545 enim

1847 2262 1870 2296 Α

1890 2013 2225 2087 facultatem.
2255 2013 2410 2072 Unde
2437 2020 2563 2087 quia
2609 2020 3018 2074 tabernaculum
3052 2021 3347 2076 testimonii
3377 2023 3471 2075 Dei

1889 2105 2087 2160 caelum
2113 2084 2255 2172 iasse,
2289 2109 2484 2163 atrium
2509 2120 2690 2164 autem
2722 2112 3059 2167 tabernaculi
3091 2113 3255 2183 hujus
3288 2112 3475 2168 Eccle-

1892 2198 2046 2263 siam,
2101 2200 2225 2269 quia
2265 2202 2378 2270 ipsa
2425 2213 2506 2256 est
2538 2215 2664 2258 ante
2698 2204 2818 2258 οωιί
2868 2205 3150 2260 introitum
3189 2207 3470 2272 collocata,

1893 2289 2006 2358 ipsa
2069 2290 2368 2346 Jerusalem
2426 2293 2630 2364 quippe
2675 2296 2914 2351 caelestis
2960 2306 3106 2351 tenet
3159 2299 3472 2369 imaginem,

1892 2384 2032 2438 sicut
2083 2383 2212 2437 olim
2260 2386 2637 2455 praidiximus,
2683 2390 2830 2442 intus
2867 2391 2920 2443 in
2965 2406 3187 2444 carnem
3219 2391 3471 2445 sacriﬁcii

1891 2475 2050 2544 coqui
2078 2477 2353 2548 praicepit.
2390 2481 2476 2532 Ait
2505 2479 2651 2534 enim
2680 2498 2692 2533 :

1969 2568 2222 2637 Prwcepit
2248 2572 2320 2624 eis
2349 2573 2525 2626 dicens
2550 2588 2568 2626 :
2600 2573 2814 2643 Coquite
2843 2591 3025 2628 carnes
3055 2588 3180 2628 ante
3212 2579 3349 2647 fures
3391 2586 3475 2630 ta~

1892 2660 2186 2726 bernaculi,
2220 2675 2269 2717 et
2292 2665 2365 2717 ibi
2394 2666 2654 2718 comedite
2675 2683 2784 2719 eas.
2820 2666 2904 2729 Et,
2925 2669 3287 2723 sicutaddunt
3315 2670 3474 2728 LXX.

1892 2756 1947 2807 in
2002 2755 2113 2810 loco
2167 2769 2370 2812 sancto.
2433 2759 2529 2814 Est
2584 2769 2765 2816 autem
2815 2762 2969 2817 locus
3015 2774 3242 2818 sanctus
3284 2767 3476 2826 altare,

1894 2844 1966 2898 ibi
2015 2847 2158 2900 enim
2210 2848 2440 2903 Sanctus
2490 2860 2802 2905 sanctorum
2841 2855 3151 2921 requiescit.
3207 2854 3310 2908 Sed
3347 2858 3478 2926 quid

1895 2937 2139 2992 addidit?

1966 3026 2031 3079 Et
2081 3028 2153 3080 ibi
2182 3031 2403 3082 comedit
2443 3046 2550 3083 eas.
2591 3031 2763 3084 Panas
2804 3050 3007 3103 quoque
3050 3039 3478 3102 consecrationis,

1896 3112 2033 3174 sive,
2081 3122 2139 3167 ut
2196 3113 2338 3168 LXX
2371 3116 2562 3178 edunt,
2611 3129 2657 3170 ct
2700 3136 2864 3188 panos
2901 3123 2993 3190 qui
3021 3135 3139 3183 sunt
3165 3126 3220 3179 in
3249 3128 3484 3184 canistro

1897 3209 2382 3273 consummationis,
2408 3212 2563 3275 edite,
2596 3215 2731 3265 sicut
2764 3217 3010 3282 pracepit
3042 3218 3169 3271 mihi
3194 3218 3476 3275 Dominus.

1897 3296 2079 3348 Aaron
2116 3307 2165 3349 et
2210 3297 2311 3364 ﬁlii
2350 3299 2464 3366 ejus
2509 3303 2775 3354 comedent
2804 3319 2906 3354 eos.
2942 3303 3230 3368 Quomodo
3266 3324 3397 3378 ergo
3423 3311 3476 3362 in

1897 3387 1980 3442 his
2030 3403 2138 3442 non
2192 3390 2508 3446 admiranda
2560 3395 2629 3448 sit
2676 3395 2941 3464 sapientia
2975 3398 3480 3466 spiritus?nullam

1895 3482 2100 3552 quippe
2148 3482 2483 3539 dubietatem
2517 3488 2827 3555 huiusmodi
2860 3489 3162 3546 intellectui
3197 3493 3429 3563 deliquit
3468 3516 3477 3546 :

1897 3583 2186 3641 propterea
2219 3590 2412 3628 carnes
2457 3591 2581 3629 cum
2614 3577 2846 3644 panibus
2878 3581 3090 3634 comedi
3128 3583 3477 3652 przecipiens,

1899 3675 1958 3717 ut
1985 3681 2084 3719 nos
2116 3665 2568 3736 intelligeremus,
2618 3667 2749 3721 illud
2789 3669 2858 3724 ab
2885 3687 2952 3724 eo
2986 3674 3308 3741 mysterium
3350 3675 3482 3738 dici,

1897 3757 2040 3826 quod
2074 3757 2234 3810 simul
2273 3759 2448 3826 panis,
2477 3767 2531 3813 et
2569 3775 2698 3813 caro
2721 3768 2820 3818 est.
2857 3762 2996 3814 sicut
3041 3778 3244 3832 corpus
3276 3765 3484 3820 Christi

1901 3848 2056 3914 panis
2097 3849 2226 3909 vini,
2263 3849 2353 3917 qui
2405 3849 2474 3903 de
2508 3849 2647 3903 coelo
2693 3851 2998 3906 descendit.
3053 3853 3283 3923 Propter
3337 3858 3483 3924 quod

1901 3940 2027 3992 lilia:
2078 3942 2377 3994 secundum
2414 3941 2552 3994 LXX
2594 3942 2912 4006 editionem,
2947 3960 3143 3999 carnes
3177 3961 3355 4009 mane,
3386 3963 3486 4016 pa—

1899 4048 1996 4085 nes
2031 4043 2212 4086 autem
2255 4033 2465 4101 vesperi
2507 4033 2825 4089 deferebant
2867 4038 3014 4090 corvi
3046 4053 3306 4106 superne,
3340 4054 3474 4108 prac-

1901 4125 2136 4193 ﬁgurare
2189 4127 2294 4180 hoc
2357 4127 2676 4196 mysterium
2735 4126 2967 4181 Domino
3019 4131 3277 4184 volente:
3333 4131 3479 4200 quod

1900 4215 2048 4269 intus
2089 4225 2304 4286 oportet
2365 4215 2420 4270 in
2475 4217 2739 4283 Ecclesia,
2782 4216 2839 4270 in
2894 4218 3013 4271 loco
3044 4228 3256 4279 sancto,
3295 4220 3345 4273 id
3373 4227 3477 4284 est,

1900 4309 1967 4360 ad
1999 4309 2169 4361 altare
2208 4309 2370 4377 coqui
2394 4317 2448 4362 et
2473 4308 2725 4363 comedi:
2777 4308 2905 4362 alibi
2949 4325 3081 4364 vero
3112 4325 3480 4378 nequaquam.

1903 4398 2133 4481 Propter
2200 4399 2347 4468 quod
2426 4400 2626 4452 Paulus
2697 4399 3003 4454 Corinthiis
3075 4402 3480 4470 praecipiebat.

1905 4489 2340 4543 Convenientibus
2387 4498 2564 4542 autem
2605 4490 2746 4542 vobis
2785 4491 2840 4542 in
2879 4506 3062 4554 unum,
3107 4491 3228 4558 jam
3269 4507 3372 4543 non
3411 4501 3484 4544 est

221 4569 620 4641 cruciﬁgendus
668 4583 814 4628 esset
856 4591 955 4645 pro
992 4577 1170 4639 nobis,
1225 4578 1340 4632 haec
1382 4579 1485 4632 sub
1535 4581 1799 4636 orationis
1830 4599 1879 4656 ο
1911 4579 2238 4634 ﬂaminicam
2272 4597 2472 4634 canam
2525 4582 2848 4634 manducare
2882 4598 2900 4634 :
2953 4583 3308 4652 unusquisque
3351 4585 3489 4635 enim

223 4663 435 4729 forma,
485 4664 550 4718 ad
588 4665 960 4720 instruendam
1008 4668 1370 4722 obedientiam
1429 4673 1800 4741 apostolorum

223 4756 362 4809 dixit
390 4778 399 4809 :
431 4756 575 4810 Sicut
613 4775 692 4812 me
732 4760 868 4812 misit
895 4759 1058 4813 Pater
1086 4761 1141 4812 in
1165 4763 1435 4828 mundum,
1475 4773 1524 4816 et
1551 4781 1640 4834 ego
1679 4765 1804 4820 misi

223 4863 312 4899 eos
355 4847 409 4899 in
449 4849 719 4911 mundum,
766 4859 813 4902 et
841 4867 935 4918 pro
965 4853 1038 4904 eis
1076 4868 1168 4921 ego
1215 4853 1482 4921 sanctiﬁco
1527 4857 1802 4925 meipsum,

224 4945 285 4989 ut
367 4938 469 4990 sint
538 4949 588 4991 et
650 4941 748 5006 ipsi
819 4942 1136 5010 sancti/irati
1190 4943 1260 5033 in‘
1298 4944 1601 4998 veritate“.
1666 4946 1807 5017 Ergo

225 5030 929 5097 apertesanctiﬁcationem
980 5030 1305 5089 sacriﬁcium
1334 5035 1480 5105 quod
1514 5051 1614 5106 pro
1644 5039 1806 5094 nobis

224 5120 468 5185 obtulit,
527 5137 596 5176 ex
649 5138 757 5192 quo
813 5133 867 5178 et
928 5125 1086 5179 nobis
1136 5126 1493 5182 sanctiﬁcatio
1551 5129 1806 5198 proﬁcit,

227 5212 546 5280 appellavit.

310 5300 466 5356 Vens.
531 5305 720 5360 3l-56.
777 5326 795 5357 ι
855 5306 1102 5376 Cumque
1161 5309 1549 5364 sanctiﬁcassct
1600 5327 1695 5366 eos
1754 5315 1810 5367 in

227 5395 432 5448 vcsﬁtu
490 5411 588 5449 suo
645 5400 898 5466 praecepit
953 5399 1033 5454 eis
1082 5400 1307 5453 dicens:
1365 5400 1593 5470 Coquite
1622 5417 1814 5460 carnes

227 5494 361 5541 ante
409 5487 552 5541 fores
596 5489 945 5554 tabernaculi,
991 5500 1046 5546 et
1076 5493 1149 5545 ibi
1183 5493 1450 5548 comedite
1489 5511 1600 5549 eas.
1637 5495 1815 5551 Panes

227 5595 450 5650 quoque
495 5585 917 5638 consecrationis
973 5585 1150 5649 edite,
1209 5586 1300 5655 qui
1372 5588 1528 5653 positi
1586 5597 1712 5642 sunt
1760 5589 1814 5642 in

230 5676 476 5730 canistro
538 5677 678 5732 sicut
729 5679 990 5749 pmcepit
1044 5680 1177 5734 mihi
1233 5681 1516 5747 Dominus,
1571 5683 1812 5738 dicens:

311 5848 353 5876 "
389 5850 588 5906 lioan.
618 5871 668 5910 v.
707 5852 757 5906 8.
837 5856 880 5885 "
915 5853 1083 5908 Galat.
1115 5871 1195 5908 Ill.
1218 5855 1282 5907 9.7

1383 5858 1426 5886 ⁸’”
1459 5856 1610 5912 Joan.
1647 5875 1772 5918 xvii,
1813 5861 1893 5916 l8.
1936 5861 1992 5913 l9

1909 4688 2064 4724 suam
2100 4688 2302 4724 coenam
2349 4673 2620 4740 prwsumit
2652 4674 2722 4726 ad
2769 4676 3220 4727 manducandum.
3252 4675 3320 4727 Et
3352 4675 3492 4727 alius

1911 4765 2121 4828 quidem
2165 4765 2348 4825 esurit,
2383 4765 2521 4818 alius
2552 4775 2729 4818 autent
2773 4766 2946 4819 ebrius
2985 4776 3079 4820 est.
3115 4768 3370 4836 Nunquid
3393 4769 3486 4820 do-

1914 4873 2025 4910 mos
2053 4874 2157 4909 non
2193 4858 2391 4909 habetis
2412 4857 2482 4910 ad
2501 4859 2930 4910 manducandum
2958 4868 3008 4911 et
3049 4860 3348 4923 bibendum,
3396 4871 3492 4912 aut

1920 4951 2206 5005 Ecclesium
2257 4952 2352 5005 Dei
2417 4953 2680 5020 despicitis
2698 4953 2779 5005 "?
2833 4953 2901 5006 Et
2950 4953 3055 5007 hoc
3105 4954 3249 5016 ideo,
3281 4961 3343 5008 ut
3377 4954 3490 5008 illic

1915 5043 2163 5096 absolute
2201 5044 2425 5113 mystica
2465 5059 2620 5098 caena
2651 5044 2875 5100 deberet
2904 5045 3188 5099 celebrari.
3223 5045 3408 5098 Aaron
3437 5056 3492 5099 et

1918 5133 2010 5186 ﬁlii
2059 5133 2178 5202 ejus
2216 5135 2346 5187 illud
2373 5144 2520 5188 recte
2562 5137 2880 5198 comedunt,
2911 5136 3021 5190 nisi
3052 5137 3202 5190 enim
3237 5135 3492 5189 Christus

1918 5233 2139 5294 rogatus
2186 5239 2282 5278 ore
2334 5225 2696 5288 sacerdotum,
2753 5225 2869 5293 ipse
2925 5226 3133 5279 venerit
3177 5235 3234 5279 et
3278 5239 3493 5278 emnam

1918 5315 2339 5370 sanctiﬁcaverit
2363 5331 2444 5380 ea,
2479 5333 2598 5386 qua:
2628 5326 2883 5386 aguntur,
2932 5317 3244 5370 nullatenus
3287 5316 3494 5370 sacriﬁ-

1920 5410 2064 5463 cium
2094 5408 2435 5464 Dominicum
2465 5409 2620 5463 ﬁunt.
2656 5408 2763 5462 Sed
2812 5411 2914 5462 hoc
2937 5409 3081 5478 quod
3113 5409 3382 5477 reliquum
3414 5415 3497 5460 est

1922 5503 1989 5557 de
2023 5503 2298 5566 carnibus,
2349 5513 2406 5556 et
2442 5503 2695 5571 panibus,
2730 5503 2783 5554 in
2813 5503 2934 5571 igne
2963 5503 3176 5556 incendi
3212 5499 3493 5570 prmcepit.

1921 5594 2077 5659 Quod
2109 5610 2257 5648 nunc
2293 5594 2545 5648 videmus
2587 5595 2750 5647 etiam
2800 5592 3133 5648 sensibiliter
3173 5593 3225 5645 in
3259 5590 3495 5645 Ecclesia

1925 5685 2059 5751 ﬁeri,
2115 5687 2333 5757 ignique
2366 5685 2503 5739 tradi
2559 5699 2900 5754 quascunque
2935 5699 3220 5739 remanere
3250 5681 3493 5752 contige-

2091 5861 2130 5890 (⁵⁸
2166 5857 2326 5911 lCor.
2366 5872 2441 5918 ιι.
2474 5855 2664 5911 (ΞΟ-Ἡ.
