4218 6450
743 357 848 420 837

1940 371 2300 432 HESYCHII
2342 374 2810 437 PRESBYTERI

3908 385 4019 448 88S

746 472 816 527 rit
837 473 1240 546 lneonsumpta,
1284 494 1394 534 non
1438 482 1664 537 omnino
1696 500 1758 538 ea
1791 502 1911 555 qu:
1955 504 2060 542 una
2091 489 2201 554 die,
2241 490 2324 546 vel
2353 496 2397 552 Α
2427 509 2606 560 suam,
2629 496 3042 567 reprehendens
3086 496 3340 552 dicebat:
3390 499 3581 554 Omnes
3609 511 3858 570 quotquot
3889 513 4019 554 ante

746 565 980 632 duabus,
1045 579 1139 626 aut
1182 573 1368 627 multis
1395 586 1609 630 servata
1645 588 1811 642 sunt;
1846 580 1990 635 sicut
2025 584 2172 637 enim
2223 599 2319 653 apo

746 668 914 727 paret,
959 675 1070 715 non
1104 661 1208 718 hoc
1255 663 1530 736 legislator
1555 670 1834 740 prmcepit,
1889 673 1986 727 sed
2011 674 2155 743 quod
2187 673 2317 728 reli~

741 765 908 818 quum
933 761 1038 816 est,
1065 754 1285 811 incendi
1333 758 1508 826 jubet.
1562 761 1685 815 Dies
1729 772 1912 818 autem
1943 781 2050 818 non
2076 781 2317 821 comme-

741 843 996 907 moravit,
1054 854 1114 899 ut
1176 863 1515 919 qurecunque
1575 855 1952 926 cujuscunque
2009 859 2087 911 rei
2155 874 2318 914 causa

741 942 1058 1003 emergente
1108 940 1471 996 remanserint
1518 942 1924 1014 inconsumpta,
1956 947 2072 1003 sive
2105 957 2320 1019 tempus

740 1024 797 1076 ln
849 1040 1011 1080 causa
1054 1028 1146 1091 sit,
1197 1029 1314 1085 sive
1357 1034 1489 1102 quid
1521 1035 1667 1090 aliud
1699 1035 1884 1103 fuerit,
1922 1039 2064 1109 ignis
2099 1056 2238 1110 opus
2264 1051 2322 1097 et

740 1118 1089 1186 consumptio
1125 1119 1236 1176 ﬁat.
1279 1122 1423 1193 Ergo
1473 1140 1538 1179 ex
1580 1127 1683 1182 hoc
1713 1130 1857 1197 quod
1885 1131 2063 1200 agitur
2093 1132 2322 1186 sensibi-

741 1201 884 1266 liter,
919 1204 1244 1276 significatio
1279 1212 1564 1281 cujusdam
1602 1217 1956 1288 intelligibilis
1987 1221 2085 1284 rei,
2115 1223 2195 1276 eis
2224 1222 2318 1294 qui

743 1290 1052 1358 intendunt,
1102 1300 1350 1365 provenit
1403 1319 1416 1355 :
1465 1313 1524 1358 ut
1577 1307 1796 1374 quando
1825 1307 1891 1361 ad
1922 1290 2317 1366 comestionem

739 1384 989 1439 sacriﬁcii
1035 1387 1320 1448 deﬁcimus
1373 1403 1430 1448 et
1483 1397 1770 1454 comedere
1790 1399 1924 1454 illud
1957 1401 2169 1473 integra
2209 1419 2316 1458 non

740 1493 1033 1547 possumus
1057 1494 1240 1540 mente
1271 1486 1453 1543 forsan
1475 1489 1827 1560 lassescente,
1857 1494 1972 1550 sive
2001 1495 2316 1563 deﬁciente,

742 1578 924 1624 utrum
981 1588 1044 1627 ea
1091 1590 1212 1644 quas
1260 1577 1537 1646 videntur,
1569 1597 1769 1653 corpus
1807 1595 2063 1656 oporteat
2087 1588 2317 1660 intelligi

742 1659 978 1727 Domini,
1015 1663 1069 1718 in
1117 1668 1262 1737 quod
1309 1671 1482 1727 oculis
1525 1689 1627 1728 nec
1662 1677 1840 1746 angeli
1905 1689 2142 1748 possunt
2184 1659 2320 1750 pro-

743 1753 984 1822 spicere,
1011 1773 1120 1813 non
1151 1761 1381 1832 relinqui
1411 1802 1426 1827 ,
1457 1766 1553 1820 sed
1583 1767 1748 1822 etiam
1769 1769 1910 1825 tradi
1937 1786 2001 1826 ea
2032 1773 2144 1843 igni
2162 1789 2323 1844 oporo

2427 603 2510 640 me
2551 601 2818 653 venerunt,
2878 589 3022 657 [ures
3077 592 3313 660 fuerunt,
3357 602 3404 646 et
3449 593 3717 659 latrones,
3774 611 3860 646 seu
3909 610 4015 645 non

2425 681 2710 733 audierunt
2728 698 2813 734 eos
2835 699 2952 735 oves
2968 683 3031 734 ⁸⁷.
3062 681 3128 736 Et
3153 694 3278 754 post
3308 684 3422 738 bare
3449 685 3690 739 subdidit
3717 702 3728 736 :
3760 683 3870 754 Ego
3897 701 4014 736 sum

2427 772 2637 831 ostium.
2670 788 2762 840 per
2790 789 2871 826 me
2891 773 2938 825 si
2965 775 3080 842 quis
3102 775 3398 838 intraverit,
3440 776 3764 845 ingredietur
3785 786 3833 827 et
3865 793 4010 844 egre-

2424 861 2619 923 dietur,
2657 871 2705 914 et
2753 878 2950 930 pascua
2991 864 3297 918 inveniet".
3341 866 3646 938 lngressum
3681 884 3776 936 per
3805 875 4011 919 semct-

2427 951 2629 1020 ipsum,
2699 954 2748 1006 ei
2800 970 3081 1025 egressum
3130 957 3441 1014 divinarum
3479 960 4006 1029 Scripturarumap-

2427 1041 2637 1110 pellans
2682 1044 3008 1113 profectum.
3057 1044 3160 1111 Qui
3211 1057 3398 1103 autem
3449 1050 3743 1118 completio
3794 1051 4006 1103 dierum

2428 1133 2518 1188 illa
2549 1135 2785 1190 maxime
2809 1134 3031 1201 dicitur,
3077 1138 3241 1207 plane
3275 1155 3375 1209 per
3406 1139 3606 1194 Lucam
3640 1143 3867 1210 spiritus
3901 1151 4005 1192 tra-

2427 1224 2549 1280 dit:
2599 1225 2668 1280 Et
2719 1227 2844 1279 dum
2906 1228 3292 1297 complerentur
3322 1232 3433 1286 dies
3479 1231 3823 1295 Pentecostes,
3862 1243 4008 1284 erant

2427 1331 2604 1368 omnes
2630 1315 2824 1369 simul:
2853 1317 3028 1386 {actus
3059 1327 3132 1371 est
3159 1329 3339 1372 autem
3370 1331 3579 1388 repente
3601 1322 3665 1373 de
3689 1322 3814 1375 melo
3835 1338 4007 1384 sonus,

2429 1415 2683 1475 tanquam
2717 1408 3040 1462 advenientis
3084 1410 3303 1477 spiritus
3331 1413 3667 1474 vehementis,
3712 1422 3762 1463 et
3799 1413 4007 1477 replerit

2429 1505 2594 1550 totam
2623 1499 2863 1565 domum,
2893 1500 2949 1552 in
2976 1517 3080 1571 qua
3111 1503 3399 1556 sedebant:
3432 1512 3480 1556 et
3522 1513 3887 1571 apparuerunt
3911 1505 4009 1553 illis

2427 1589 2712 1657 dispertita:
2756 1589 2970 1660 linguae,
3021 1592 3158 1644 sicut
3184 1593 3342 1664 ignis,
3369 1594 3604 1662 seditque
3639 1609 3801 1660 supra
3824 1593 4001 1660 singu-

2428 1679 2506 1732 los
2561 1696 2764 1741 eorum,
2820 1691 2870 1734 et
2911 1681 3096 1750 repleti
3139 1692 3262 1735 sunt
3300 1699 3478 1736 omnes
3513 1681 3717 1751 Spiritu
3748 1683 4004 1735 sancto".

2427 1767 2546 1822 Non
2603 1768 2803 1822 frustra
2869 1785 3000 1840 ergo
3054 1770 3172 1826 dies
3234 1772 3620 1842 completionis
3677 1771 3914 1833 dierum,
3961 1781 4010 1823 ct

744 1855 822 1898 tet
848 1848 1094 1917 Spiritus,
1134 1862 1194 1906 ut
1228 1869 1292 1909 ea
1347 1858 1625 1924 comedat,
1670 1875 1791 1929 qua
1847 1862 2006 1919 nobis
2069 1874 2200 1920 sum
2251 1881 2320 1919 ex
2351 1853 2400 1914 Β
2427 1859 2914 1914 consummationis
2951 1861 3306 1918 Pentecostes
3353 1863 3577 1923 dicitur,
3618 1862 3714 1917 sed
3766 1873 3824 1916 ut
3864 1877 4008 1916 com-

742 1937 1057 1996 inﬁrmitate
1125 1943 1414 2001 inesibilia.
1459 1947 1744 2015 Quomodo
1797 1962 1983 2009 autem
2041 1955 2316 2022 comedat,

742 2045 867 2084 cum
913 2035 1355 2104 c0gitaverimus,
1409 2042 1598 2096 virtuti
1633 2044 1859 2114 spiritus
1888 2062 2014 2102 esse
2037 2048 2323 2118 possibilia

741 2135 827 2182 ea,
858 2139 980 2191 quae
1014 2125 1172 2180 nobis
1200 2127 1557 2197 impossibilia
1597 2133 1876 2191 videntur.
1917 2135 2074 2192 Unde
2099 2147 2156 2192 et
2184 2139 2323 2194 sub-

742 2223 1035 2281 sequenter
1073 2217 1355 2290 disputare
1397 2223 1677 2295 legislator
1712 2228 1945 2284 videtur.
2002 2229 2141 2288 Dicit
2173 2233 2320 2287 enim

740 2315 854 2359 ιιρε

812 2391 890 2445 De
931 2397 1062 2448 ostio
1103 2415 1306 2472 quoque
1359 2405 1688 2462 tabernaculi
1736 2426 1837 2464 non
1865 2413 2074 2468 exibitis
2121 2425 2319 2486 septem

741 2484 938 2541 diebus.
1019 2488 1238 2560 Septem
1297 2499 1427 2552 cur?
1490 2499 1627 2566 Quia
1686 2506 2140 2578 quinquagesima
2179 2484 2322 2566 dies

741 2579 1056 2645 septenario
1106 2601 1336 2641 numero
1381 2591 1434 2644 in
1482 2595 1781 2666 semetipso
1829 2599 2214 2669 multiplicato,
2266 2611 2322 2658 et

745 2682 855 2722 uno
882 2670 930 2724 ei
971 2672 1183 2743 adjecto
1211 2679 1509 2748 perﬁcitur.
1553 2683 1706 2742 Unde
1750 2697 1806 2743 et
1854 2689 2319 2747 hebdomadarum

741 2771 864 2815 eam
917 2761 1266 2824 festivitatem
1313 2773 1456 2842 apud
1508 2773 1728 2846 Moysen
1772 2779 1922 2842 dici,
1969 2781 2323 2839 manifestant

741 2857 1060 2923 sequentia;
1126 2861 1202 2915 ait
1228 2863 1398 2928 enim,
1453 2868 1758 2923 secundum
1809 2870 1988 2927 LXX:
2054 2875 2224 2945 Usque
2251 2877 2324 2929 ad

741 2943 879 2998 diem
909 2950 1264 3020 completionis
1291 2957 1674 3028 quinquaginta
1703 2962 1926 3027 dierum,
1960 2943 2320 3033 pentecosten

743 3035 970 3108 dicens;
1009 3047 1246 3114 complet
1283 3047 1433 3102 enim
1483 3053 1858 3120 septenarium
1914 3070 2206 3112 numerum
2264 3059 2318 3113 in

741 3132 1038 3200 semetipso
1115 3137 1553 3206 multiplicatum.
1630 3144 1698 3199 Et
1765 3146 1923 3215 cuius
2009 3148 2087 3201 rei
2143 3150 2316 3219 gratia

741 3219 953 3280 dierum
979 3233 1463 3289 consummationis
1501 3235 1779 3303 dicuntur,
1808 3241 2094 3310 sequentia
2132 3217 2320 3300 osten-
2347 3217 2391 3277 θ

741 3314 897 3370 dunL

813 3405 1020 3477 Septem
1043 3414 1184 3468 enim
1201 3415 1384 3471 diebus
1399 3418 1584 3487 ﬁnitur
1602 3425 1943 3488 consecratio,
1957 3425 2064 3479 sive
2082 3442 2325 3481 consum-

742 3497 931 3563 matio,
947 3499 1081 3554 sicut
1103 3501 1155 3554 in
1181 3507 1582 3571 praesentiarum
1604 3509 1803 3578 factum
1824 3519 1921 3564 est.
1941 3509 2078 3577 Quia
2103 3529 2211 3568 non
2237 3530 2324 3569 se-

746 3587 851 3640 mel
878 3604 972 3644 eos
993 3596 1341 3651 consecravit
1374 3599 1660 3669 sanguine.
1691 3611 1747 3656 et
1772 3603 2038 3671 panibus;
2066 3605 2144 3660 sic
2174 3607 2321 3661 enim

742 3679 1097 3749 cognovimus
1122 3682 1176 3736 in
1195 3687 1637 3755 praecedentibus
1655 3701 1929 3760 peractam
1953 3695 2323 3749 consecratio-

741 3786 868 3825 nem
891 3788 986 3827 seu
1021 3780 1574 3836 consummationem.
1597 3782 1692 3838 llis
1713 3785 1911 3839 similia
1935 3795 1986 3840 et
2015 3785 2189 3842 Lucas
2213 3798 2324 3842 tra-

744 3861 856 3927 dit;
893 3863 970 3916 ait
1002 3865 1148 3920 enim
1199 3866 1269 3922 de
1302 3869 1551 3938 Domino,
1595 3881 1652 3927 et
1683 3874 2000 3945 discipulis:
2038 3877 2241 3945 Quibus
2268 3891 2315 3934 et

746 3959 1086 4022 prasentavit
1112 3961 1450 4030 semetipsum
1480 3974 1596 4032 post
1629 3976 1848 4021 mortem
1873 3985 2028 4022 suam
2058 3972 2116 4023 in
2144 3973 2324 4026 multis

745 4050 1090 4115 argumentis,
1112 4067 1204 4118 per
1232 4053 1342 4106 dies
1372 4056 1728 4125 quadraginta
1747 4075 2009 4128 apparens
2040 4064 2136 4130 eis,
2169 4074 2216 4117 et
2249 4066 2325 4118 lo-

749 4154 911 4208 quens
928 4141 992 4194 de
1013 4158 1169 4212 regno
1191 4143 1309 4210 Dei,
1333 4157 1381 4199 et
1416 4161 1737 4214 ronvescens,
1769 4153 2016 4221 pra-cepit
2038 4155 2104 4207 ab
2136 4154 2314 4210 Hiero-

747 4229 965 4301 solymis
989 4249 1052 4286 ne
1072 4234 1417 4302 discederent,
1432 4240 1522 4292 sed
1543 4235 1906 4310 exspectarent
1924 4249 2323 4314 promissionem

747 4323 996 4391 patris".
1048 4324 1243 4381 Cernis
1273 4330 1548 4397 quomodo
1590 4335 1970 4400 consecrabat,
2016 4339 2131 4393 sive
2159 4341 2324 4410 perﬁ-

746 4415 926 4472 ciebat
972 4432 1089 4482 eos,
1130 4435 1404 4490 apparens
1435 4424 1535 4489 eis,
1571 4435 1628 4480 et
1670 4427 1876 4483 docens
1904 4429 1972 4484 de
2000 4447 2170 4503 regno
2201 4434 2321 4500 Dei,

743 4517 801 4562 et
828 4523 1188 4566 convescens.
1220 4512 1420 4569 Dicens
1449 4524 1630 4571 autem
1671 4518 1739 4573 ab
1782 4519 2170 4595 Hierosolymis
2208 4542 2320 4581 non

746 4599 1048 4666 discedere,
1099 4617 1211 4657 non
1251 4607 1512 4675 praecepit
1557 4608 1780 4678 januam
1827 4584 2162 4669 tabernaculi
2195 4632 2322 4686 pro-
2351 4584 2403 4644 υ

748 4689 898 4759 gredi
936 4690 1022 4745 vel
1070 4693 1278 4763 egredi.
1315 4694 1370 4750 id
1399 4705 1502 4763 est,
1543 4712 1654 4753 non
1681 4700 1950 4770 permittit
1998 4705 2319 4774 praedicare,

747 4796 917 4852 usque
955 4781 1086 4837 dum
1135 4786 1554 4853 promissionem
1603 4792 1845 4860 spiritus,
1901 4811 2023 4865 quae
2069 4797 2211 4853 facta
2241 4810 2326 4855 est

745 4873 1194 4946 quinquagesima
1246 4878 1354 4942 die,
1404 4882 1735 4952 acciperent.
1781 4884 1902 4941 Non
1947 4899 2133 4945 autem
2173 4892 2327 4947 exire

747 4967 815 5022 de
841 4968 1009 5037 janua
1042 4969 1378 5026 tabernaculi
1413 4976 1730 5041 testimonii,
1764 4994 1958 5036 vacare
1986 4994 2072 5037 est
2099 4999 2129 5038 a
2157 4985 2326 5040 verbo

748 5059 1033 5125 doctrinas,
1072 5069 1128 5115 et
1159 5077 1268 5117 non
1290 5064 1585 5132 praedicare
1605 5068 1907 5134 evidenter.
1934 5074 2062 5142 quia
2085 5075 2322 5130 hostium

747 5153 1102 5222 semetipsum
1135 5153 1407 5222 Christus,
1439 5165 1628 5228 utpote
1657 5159 1748 5230 qui
1774 5161 1990 5218 initium
2019 5176 2104 5220 est
2139 5170 2322 5224 omnis

749 5243 918 5299 divini
947 5246 1121 5311 verbi,
1153 5256 1208 5302 et
1238 5247 1501 5315 scientias,
1536 5251 1853 5309 insinuavit.
1885 5253 2114 5314 Introire
2140 5270 2326 5316 autem

749 5336 874 5406 ejus
897 5338 1118 5402 ostium,
1160 5348 1217 5394 et
1243 5342 1446 5412 egredi,
1482 5352 1543 5397 ut
1573 5360 1902 5413 prmumere
1936 5347 1992 5404 in
2016 5349 2136 5420 ipso
2166 5352 2326 5409 intel-

748 5427 1008 5500 ligsmus,
1046 5430 1160 5499 ipse
1187 5431 1343 5488 nobis
1377 5435 1596 5490 tradidit
1620 5438 1836 5506 quando
1858 5441 2119 5510 quosdam
2145 5444 2320 5501 aliena

749 5519 1031 5585 docentes,
1061 5529 1117 5576 et
1155 5523 1209 5577 in
1241 5541 1427 5580 errore
1462 5527 1758 5594 mittentes,
1804 5540 1931 5587 ante
1971 5537 2320 5604 praesentiam

2423 1951 2720 2024 pletionem
2750 1953 2975 2022 quidem
3021 1955 3236 2009 dierum
3268 1965 3621 2025 septenarum
3667 1956 3897 2016 habens,
3927 1970 4012 2025 ge-

2423 2060 2552 2100 rens
2617 2055 2803 2100 autem
2849 2047 3080 2117 spiritus
3153 2048 3554 2118 plenitudinem
3631 2049 3867 2117 implens
3921 2061 4010 2100 eos

2423 2138 2781 2209 perfectione,
2828 2140 3030 2210 quibus
3076 2139 3400 2196 infundebat
3443 2141 3717 2210 spiritum.
3769 2138 3924 2205 Quod
3970 2138 4010 2192 si

2422 2231 2654 2298 dicatur,
2700 2232 2826 2303 quia
2879 2232 3239 2303 quadraginta
3283 2233 3504 2303 quidem
3561 2233 3680 2288 dies
3724 2248 3849 2286 cum
3879 2246 4011 2301 apo-

2423 2323 2597 2387 stolis,
2629 2323 2918 2393 perﬁciens
2956 2339 3052 2379 eos
3077 2325 3332 2380 Christus
3369 2325 3471 2378 fuit
3515 2344 3528 2378 :
3576 2325 3666 2395 qui
3701 2334 3889 2377 autem
3924 2338 4008 2376 se-

2421 2416 2662 2471 cundum
2705 2416 2874 2487 legem
2909 2426 3036 2470 sunt
3060 2416 3417 2486 perfectionis
3447 2427 3654 2486 septem
3689 2417 3831 2474 dics.
3867 2415 4011 2467 int-2-

2423 2524 2615 2579 gram,
2678 2509 2820 2563 sicut
2883 2509 3164 2572 diximus,
3244 2508 3605 2563 Pentecosten
3671 2506 4010 2561 describunt.

2422 2601 2718 2657 Sciendum
2754 2611 2836 2656 est
2877 2603 3004 2672 quia
3051 2617 3154 2656 nec
3197 2602 3250 2655 in
3301 2601 3498 2655 mediis
3545 2601 3685 2654 inter
3722 2597 4012 2652 Ascensiu-

2423 2711 2549 2751 nem
2583 2702 2640 2749 et
2669 2693 3034 2749 Pentecosten
3085 2693 3300 2760 diebus,
3334 2694 3402 2748 ab
3433 2692 3693 2763 apostolis
3725 2702 4012 2759 separatus

2422 2799 2537 2844 est:
2593 2803 2722 2842 nam
2777 2787 3052 2857 quomodo
3111 2786 3250 2841 dixit
3282 2786 3398 2841 eis:
3463 2786 3594 2838 Ecce
3625 2800 3719 2853 ego
3750 2782 4012 2834 vobiscum

2419 2894 2538 2932 sum
2571 2876 2811 2931 omnibus
2840 2877 3018 2929 diebus
3034 2877 3111 2929 “?
3165 2877 3228 2930 Et
3265 2892 3457 2930 rursus
3490 2891 3503 2926 :
3560 2874 3681 2926 Non
3715 2872 4011 2938 relinquam

2421 2984 2508 3022 vos
2542 2968 2821 3037 orphanos,
2859 2966 3066 3019 veniant
3099 2968 3169 3020 ad
3201 2984 3288 3021 vos
3304 2969 3368 3020 ⁸¹.
3395 2965 3693 3034 Propterea
3735 2962 4014 3033 lcgislator

2423 3060 2700 3113 subdidit:
3678 3145 3690 3151 _
3935 3143 3946 3151 _

2494 3148 2639 3205 Sicut
2672 3152 2728 3204 in
2762 3153 3164 3220 pra'sentiarnm
3201 3153 3398 3222 factum
3432 3157 3525 3210 est,
3560 3155 3615 3197 ut
3645 3145 3776 3197 ritus
3804 3141 4012 3209 sacriﬁ-

2423 3241 2492 3294 cii
2521 3241 2890 3311 compleretur.
2925 3240 3046 3303 Vel,
3074 3241 3216 3294 sicut
3245 3237 3408 3298 LXX,
3444 3234 3510 3288 In
3544 3235 3628 3287 die
3650 3235 3744 3285 hoc
3765 3230 3844 3282 sic
3877 3247 4014 3298 prir-

2425 3335 2556 3402 cepit
2605 3335 2859 3388 Dominus
2889 3337 3082 3405 facere,
3115 3342 3174 3386 ut
3210 3332 3343 3386 detis
3371 3346 3467 3398 pro
3492 3328 3655 3381 vobis.
3696 3326 3753 3381 In
3791 3342 3900 3397 qua
3928 3324 4016 3378 die

2423 3427 2570 3480 enim
2607 3426 2827 3481 tradidit
2855 3441 3026 3480 cinna:
3082 3422 3424 3494 mysterium,
3467 3419 3521 3473 in
3564 3419 3760 3516 eadem
3797 3417 3890 3516 die
3919 3416 4012 3516 de:

2423 3517 2830 3588 precationem,
2889 3517 3006 3571 sive
3060 3512 3500 3584 propitiationem
3564 3506 3896 3568 insinuavit,
3963 3504 4014 3557 id

2423 3616 2527 3673 est,
2584 3617 2932 3678 peccatorum
3002 3603 3419 3666 remissionem,
3485 3600 3716 3655 dicens:
3786 3596 3892 3650 llic
3943 3605 4014 3648 est

2425 3715 2571 3754 meus
2607 3699 2828 3769 sanguis
2856 3697 2974 3751 noui
3021 3695 3345 3760 testamenti,
3379 3695 3470 3764 qui
3500 3710 3595 3762 pro
3621 3692 3801 3746 multis
3849 3691 4015 3758 επακ-

2422 3791 2596 3857 detur,
2645 3791 2702 3846 in
2746 3790 3096 3843 remissionem
3152 3797 3486 3858 peccatorum
3503 3788 3569 3838 ".
3609 3783 3804 3837 Verbis
3843 3782 4010 3836 etiam

2424 3882 2577 3954 ipsis,
2611 3884 2675 3939 e‘a
2710 3898 2832 3953 qua:
2871 3882 2926 3936 in
2975 3879 3269 3951 Evangelio
3295 3879 3496 3949 scripta
3524 3886 3689 3942 sunt;
3742 3872 4014 3945 pradicit,

2423 3977 2568 4032 sicut
2653 3989 2992 4046 cognoscere
3070 3989 3137 4028 ex
3211 3973 3298 4027 bis
3374 3986 3495 4042 quae
3598 3969 4016 4036 subsequuntur

2423 4077 2601 4139 potes.

2502 4161 2596 4216 Die
2627 4179 2691 4214 ac
2716 4169 2862 4215 nocte
2891 4160 3170 4214 manebitis
3212 4161 3268 4213 in
3309 4155 3670 4212 tabernaculo.
3718 4151 3841 4214 Vel,
3877 4150 4017 4206 sicut

2423 4253 2604 4309 LXX:
2641 4255 2724 4308 Ad
2771 4254 3005 4323 januam
3049 4249 3380 4306 tabernaculi
3438 4246 3724 4302 testimonii
3771 4243 4014 4342 sedebitis

2422 4357 2615 4416 septem
2643 4346 2844 4411 diebus,
2875 4346 2960 4399 die
2993 4361 3056 4397 ac
3081 4353 3250 4398 nocte.
3291 4341 3557 4398 Dominus
3585 4353 3715 4391 vero
3747 4335 4017 4438 apostolis

2425 4441 2502 4493 ait
2533 4458 2547 4495 :
2582 4439 2675 4492 Vos
2698 4449 2875 4492 autem
2915 4438 3156 4491 sedebitis
3189 4437 3245 4489 in
3297 4435 3532 4497 civitate,
3568 4447 3729 4497 usque
3767 4429 3897 4481 dum
3934 4429 4017 4478 in-

2427 4532 2670 4585 duamini
2699 4531 2890 4584 uirtute
2917 4546 2980 4584 ea:
3007 4528 3199 4593 alto“,
3225 4527 3306 4581 sic
3331 4526 3494 4595 plane
3525 4520 3787 4581 sedebitis,
3822 4518 3924 4571 ait.
3953 4516 4019 4571 Et

2427 4622 2543 4692 ipse
2586 4620 2881 4690 discipulos
2910 4617 3311 4674 hebdomadam
3341 4614 3575 4676 dierum,
3615 4609 3752 4664 nihil
3787 4616 4018 4678 agentes

2426 4727 2670 4777 manere,
2705 4721 2758 4766 et
2786 4726 2894 4764 non
2926 4708 3224 4780 praedicare
3277 4704 3551 4777 pmcepit.
3590 4699 3746 4756 Unde
3797 4713 3867 4751 ex
3904 4707 4016 4763 toto

2427 4821 2537 4860 non
2587 4804 2852 4858 docentes
2899 4801 3212 4872 apostolos,
3264 4807 3556 4866 antequam
3603 4793 4016 4862 complerentur

2427 4894 2672 4966 praedicti
2702 4894 2820 4949 dies
2855 4892 3196 4955 invenimus;
3245 4887 3535 4958 completis
3572 4894 3752 4940 autem
3791 4882 4015 4942 diebus,

2429 4985 2625 5040 Petrus
2657 4999 2783 5039 mox
2814 4982 3256 5054 praedicationem
3285 4978 3537 5074 incipit,“
3547 4973 3771 5074 quando
3799 4982 3856 5074 et
3913 4972 4018 5074 .adi-

2424 5078 2551 5133 ditas
2601 5086 2732 5133 sunt
2784 5076 2982 5131 animm
3028 5074 3248 5129 circiter
3301 5071 3403 5128 tria
3446 5069 3649 5123 millia:
3688 5065 3770 5119 sic
3806 5072 3864 5119 et
3912 5065 4015 5163 ipsi

2426 5187 2524 5241 per
2567 5169 2778 5240 singula
2815 5168 3131 5223 mandatum
3173 5166 3279 5220 hoc
3307 5162 3717 5258 custodierunt,
3754 5167 3810 5211 et
3837 5170 4020 5258 maxi-

2428 5280 2516 5320 me
2549 5268 2602 5319 in
2632 5263 2711 5319 eis
2749 5263 3091 5333 complentur
3129 5275 3214 5324 ea,
3247 5274 3369 5330 qua:
3433 5256 3490 5312 in
3544 5247 4017 5319 subsequentibus

2428 5355 2709 5410 dicuntur.

2501 5447 2837 5501 Observantes
2866 5443 3146 5496 custodias'
3177 5439 3407 5501 Domini,
3454 5446 3510 5489 ut
3542 5451 3644 5486 non
3681 5430 4015 5483 moriamini.

2432 5539 2519 5594 Sic
2583 5540 2723 5593 enim
2789 5538 2914 5591 mihi
2990 5534 3237 5605 pratcepit
3298 5531 3568 5586 Dominus.
3657 5524 4022 5590 Feceruntque

821 5723 871 5813 τε
897 5723 1014 5813 ‘A'ct.
1051 5740 1086 5789 ι,
1118 5726 1172 5789 3,
1340 5727 1565 5813 "‘loa-n.
1607 5748 1658 5793 x,
1687 5731 1738 5786 8.
1813 5732 2016 5813 'fjbid.
2046 5739 2099 5797 9.
2179 5746 2224 5776 "
2257 5745 2335 5802 Ac

2424 5763 2478 5813 ιι,
2510 5746 2627 5802 l-‘5.
2694 5747 2739 5777 ‘°
2769 5744 2957 5800 Matth.
2988 5755 3177 5806 xxvut,
3211 5736 3305 5793 το.
3381 5736 3423 5768 "
3455 5731 3619 5800 δοίη.
3645 5744 3759 5799 xw,
3795 5723 3884 5781 18.

825 5794 871 5828 ι’
896 5792 1059 5851 Marc.
1090 5813 1202 5867 xiv,
1229 5798 1325 5856 ‘14.
1394 5800 1455 5876 ⁸³,
1495 5801 1629 5858 Luc.
1649 5792 1806 5872 νκιιγ,
1831 5805 1919 5863 ιθ.
