4218 6450
234 446 339 510 889

1381 448 1462 510 IN
1502 448 1945 512 LEVITICUM.
1978 476 2044 485 —
2083 451 2231 512 LIB.
2267 451 2352 510 II.

3390 447 3494 514 890

228 570 407 623 Aaron
437 573 486 620 et
517 565 612 630 ﬁlii
643 565 758 634 eius
787 574 974 620 cuneta
996 606 1011 632 ,
1055 579 1171 632 qua
1201 562 1401 618 locutus
1443 573 1518 619 est
1563 564 1819 621 Dominus
1850 570 1893 627 Α
1919 566 2012 636 qui
2048 566 2180 622 dicti
2210 574 2362 630 sunt,
2394 563 2670 619 aediﬁcans
2715 561 3076 618 vocationem.
3116 559 3272 618 Tune
3295 563 3498 634 quippe

232 679 322 729 per
349 674 563 713 manum
597 658 785 729 Moysi.
824 659 879 713 Si
907 658 1168 728 quaeritur
1205 672 1305 711 cur
1334 656 1516 712 Aaron
1549 657 1674 713 ﬁliis
1697 659 1811 712 suis

231 752 546 821 conjungat,
599 749 908 804 invenietur
931 764 1095 802 causa
1127 748 1354 802 omnino
1384 749 1718 811 necessaria,
1752 755 1810 802 et

233 844 296 896 ad
330 842 403 896 rei
431 840 920 894 considerationem
953 848 1280 908 Opportuna.
1318 839 1436 892 Non
1486 839 1632 893 enim
1662 839 1812 893 exire

233 935 299 988 de
343 934 506 1002 janua
553 931 884 985 tabernaculi
933 929 1250 994 testimonii,
1300 929 1482 992 idest,
1528 945 1638 984 non
1671 930 1813 984 inte-

236 1025 336 1078 rim
367 1023 644 1078 attrectari
675 1022 1043 1092 evangelicam
1093 1021 1564 1091 praedicationem,
1595 1021 1682 1075 his
1714 1020 1811 1090 qui

235 1113 476 1185 praedicti
517 1123 645 1169 sunt
693 1114 971 1182 praecepit.
1023 1113 1161 1168 Cum
1207 1127 1336 1183 ergo
1362 1111 1614 1168 Christus
1640 1127 1813 1181 appa-

237 1207 345 1261 ruit
371 1205 649 1275 apostolis,
681 1219 834 1258 suam
858 1204 1081 1274 januam
1111 1218 1221 1256 non
1253 1202 1662 1272 egrediebatur,
1693 1201 1812 1272 ipse

234 1293 500 1364 siquidem
556 1302 690 1357 erat,
741 1292 833 1364 qui
874 1302 929 1346 et
972 1292 1354 1362 prmdicandus
1380 1301 1520 1366 _erat
1547 1289 1605 1346 et'
1628 1292 1720 1361 qui
1758 1291 1813 1346 in

238 1386 497 1456 apostolis
548 1385 886 1456 loquebatur.
932 1383 1224 1453 Pr0pterea
1277 1399 1400 1439 cum
1452 1382 1578 1437 ﬁliis
1607 1391 1663 1438 et
1695 1383 1814 1450 ipse

239 1477 418 1531 Aaron
461 1477 793 1540 consecrari,
819 1491 916 1530 seu
949 1474 1318 1530 consummari
1345 1474 1647 1529 dicebatur.
1681 1471 1817 1538 Quis

239 1568 308 1622 sit
348 1576 528 1622 autem
568 1582 895 1622 consecrans
933 1567 1047 1621 sive
1080 1579 1470 1620 consummans
1516 1563 1813 1635 legislator,

240 1673 579 1727 nequaquam
599 1658 870 1723 subdidit;
908 1659 982 1711 ait
1019 1657 1189 1718 enim.
1243 1656 1450 1726 Septem
1487 1658 1667 1711 diebus
1695 1657 1818 1726 ﬁni-

243 1760 330 1803 tur
375 1752 719 1812 consecratio,
760 1751 872 1804 sive
909 1749 1210 1805 secundum
1241 1748 1404 1816 LXX,
1434 1749 1816 1804 consummavit

241 1858 429 1895 manus
451 1851 671 1907 vestras,
696 1843 828 1895 sicut
863 1851 912 1895 et
943 1843 1083 1911 fecit.
1126 1825 1469 1896 Manifestum
1488 1851 1572 1896 est
1610 1851 1814 1907 autem,

1916 660 2070 729 prius
2092 665 2454 714 convocatum
2483 665 2569 710 est
2593 653 2850 709 Ecclesiae
2875 655 3270 722 spectaculum,
3303 654 3361 709 in
3385 670 3494 725 qua

1915 749 2270 820 intelligibilis
2307 749 2513 811 Aaron,
2565 746 2619 800 id
2653 753 2736 800 est
2776 744 3047 812 Christus,
3088 746 3345 801 sacerdos
3372 760 3495 801 esse

1914 843 2156 898 creditur
2195 864 2206 898 :
2252 841 2347 895 ﬁlii
2384 849 2568 894 autem
2615 840 2755 909 ejus,
2789 837 2880 907 qui
2921 837 3172 892 sublimis
3201 848 3333 893 sunt-
3359 854 3497 894 con-

1916 937 2258 998 versationis,
2287 944 2342 989 et
2367 933 2489 987 ideo
2517 933 2804 986 sacerdotii
2833 930 3104 996 ministri,
3135 938 3193 984 et
3233 944 3498 999 coopera-

1916 1038 2063 1084 tores
2078 1035 2224 1083 sunt.
2236 1025 2498 1095 Majorum
2514 1032 2643 1077 natu
2657 1032 2838 1077 autem
2855 1023 3044 1086 Israel,
3057 1021 3502 1091 presbyterorum

1917 1122 2052 1175 ordo
2072 1129 2176 1184 est,
2193 1135 2262 1173 ex
2293 1118 2379 1172 bis
2397 1117 2598 1186 quippe
2625 1130 2825 1184 corpus
2853 1113 3108 1168 Ecclesiae
3128 1110 3504 1181 componitur.

1917 1211 2024 1267 Sed
2052 1211 2235 1266 Aaron
2269 1208 2490 1279 quidem
2520 1205 2733 1277 accepit
2768 1205 2845 1260 ibi
2871 1204 3100 1259 vitulum
3126 1217 3225 1274 pro
3253 1209 3499 1273 peccato,

1917 1303 2214 1359 etarietem
2235 1301 2293 1356 in
2316 1301 2719 1360 holocaustum,
2743 1306 3040 1366 utrumque
3071 1293 3502 1357 immaculatum,

1918 1404 1974 1451 et
2028 1393 2227 1450 obtulit
2285 1407 2474 1448 coram
2529 1389 2782 1444 Domino.
2839 1387 2997 1442 'I‘unc
3055 1387 3202 1442 enim
3255 1385 3508 1441 Christus

1918 1483 2243 1540 sacriﬁcium
2272 1497 2430 1538 suum
2460 1482 2804 1535 innotescere
2836 1478 3022 1549 cmpit,
3049 1493 3120 1532 ex
3152 1491 3261 1547 quo
3280 1477 3509 1546 spiritus

1918 1576 2238 1641 adveniens,
2296 1573 2550 1637 Parthos,
2605 1579 2661 1625 et
2721 1571 2929 1632 Medos.
2991 1578 3048 1625 et
3101 1568 3382 1632 Elamitas,
3444 1576 3501 1620 et

1919 1665 2164 1722 omnium
2187 1664 2431 1736 gentium
2454 1661 2742 1733 primitias,
2762 1660 2828 1714 ad
2847 1660 3216 1729 apostolorum
3233 1645 3504 1714 caanaculi

1920 1757 2205 1827 superiora
2235 1756 2474 1826 collegit.
2506 1754 2732 1823 Accepit
2754 1762 2939 1807 autem
2970 1759 3024 1806 et
3065 1750 3203 1805 ordo
3236 1749 3511 1819 majorum

1923 1859 2053 1904 natu
2099 1847 2292 1914 Israel,
2348 1861 2511 1915 quem
2564 1843 3009 1915 presbyterorum
3062 1855 3185 1896 esse
3245 1839 3506 1901 diximus,

245 1935 387 2002 quod
415 1935 528 2005 ipse
555 1945 672 1990 erat
707 1936 798 2006 qui
829 1935 967 1990 ﬁlios
993 1935 1372 1999 consecrabat,
1410 1935 1525 1990 sive
1563 1934 1818 2006 perﬁcie-
1852 1917 1895 1973 Β
1931 1949 2118 2010 utpote
2147 1941 2264 2010 ipse
2298 1947 2521 2002 sortem,
2556 1945 2610 1991 et
2638 1935 2866 2006 ﬁguram
2897 1934 3182 1988 doctorum
3213 1947 3426 2001 gerens,
3454 1939 3511 1983 et

246 2027 355 2088 bat,
393 2027 487 2096 qui
532 2036 586 2081 et
611 2027 795 2097 perﬁci
824 2029 878 2081 in
929 2028 1010 2082 eis
1033 2029 1147 2083 sive
1180 2027 1511 2096 consecrari,
1540 2037 1727 2100 utpote
1768 2027 1826 2084 in

245 2118 506 2174 membris
553 2119 810 2190 propriis,
849 2119 1156 2175 dicebatur.

857 2271 1086 2328 CAPUT
1120 2273 1218 2328 IX.

317 2387 477 2444 Vsus.
524 2389 639 2444 1-4.
707 2388 919 2443 «Facto
969 2399 1152 2444 autem
1205 2398 1398 2445 octavo
1451 2389 1542 2446 die
1609 2387 1829 2446 vocavit

245 2481 456 2553 Moyses
517 2483 698 2535 Aaron
749 2491 804 2537 et
870 2481 1010 2536 ﬁlios
1072 2483 1213 2552 ejus,
1279 2497 1343 2538 ac
1399 2484 1632 2552 majores
1694 2491 1827 2537 natu

245 2572 435 2636 Israel,
493 2572 740 2641 dixitque
796 2572 862 2625 ad
911 2571 1091 2626 Aaron
1133 2589 1145 2624 :
1190 2571 1384 2626 Tollite
1437 2571 1670 2627 vitulum
1727 2588 1828 2642 pro

247 2674 493 2736 peccato,
565 2674 621 2718 et
677 2665 904 2718 arietem
970 2663 1022 2717 in
1084 2663 1492 2730 holocaustum,
1565 2674 1828 2736 utrosque

247 2757 648 2823 immaculatos,
694 2766 748 2811 et
787 2757 926 2810 oder
969 2756 1090 2811 illos
1132 2771 1315 2810 coram
1364 2756 1611 2811 Domino.
1659 2758 1727 2812 Et
1760 2757 1828 2812 ad

247 2847 392 2900 ﬁlios
425 2844 592 2900 Israel
627 2845 868 2916 loqueris
912 2863 924 2898 :
971 2843 1166 2899 Tollite
1197 2845 1408 2899 hircum
1453 2861 1551 2914 pro
1579 2859 1826 2916 peccato,

249 2946 305 2990 et
331 2937 581 2998 vitulum,
610 2945 772 3006 atque
799 2953 996 3006 agnum
1026 2937 1340 2991 anniculnm
1368 2946 1423 2991 et
1455 2938 1574 2992 sine
1596 2938 1828 3002 macula,

251 3026 304 3080 in
336 3027 740 3092 holocaustum,
769 3028 986 3090 bovem,
1015 3036 1070 3080 et
1094 3028 1318 3082 arietem
1351 3043 1450 3097 pro
1479 3029 1741 3097 pacilicis,
1776 3037 1831 3082 ct

251 3119 531 3172 immolate
553 3134 646 3173 eos
668 3134 849 3173 coram
865 3119 1097 3174 Domino
1117 3120 1170 3172 in
1186 3119 1454 3173 sacriﬁcio
1473 3120 1828 3189 singulorum,

250 3212 483 3264 similam
531 3212 652 3265 oleo
698 3227 1049 3280 conspersam
1098 3212 1410 3278 offerentes,
1472 3213 1631 3267 hodie
1681 3214 1828 3267 enim

255 3301 515 3359 Dominus
539 3305 824 3374 apparebit
859 3306 1034 3358 vobis.
1079 3323 1097 3355 s

323 3395 478 3448 Sicut
520 3395 811 3464 aliquando
860 3395 1038 3466 imago
1088 3395 1341 3449 animalis
1379 3395 1688 3465 cujusdam,
1733 3406 1830 3453 aut

253 3487 466 3558 virgulti
504 3487 642 3543 forte
687 3487 1022 3559 depingitur,
1070 3496 1165 3542 aut
1210 3487 1471 3542 scribitur
1505 3495 1600 3542 aut
1631 3488 1684 3542 in
1716 3505 1828 3545 tere

252 3578 595 3648 exprimitur,
630 3587 686 3634 et
724 3593 835 3632 non
864 3579 1088 3649 quidem
1131 3588 1317 3648 aperta
1352 3579 1408 3632 in
1445 3579 1602 3634 initio
1632 3595 1830 3650 opera-

260 3670 438 3732 tionis,
488 3677 582 3724 aut
631 3670 934 3738 scripturae,
991 3678 1084 3724 aut
1139 3668 1263 3723 aeris
1303 3671 1587 3738 expressio
1614 3680 1720 3737 est,
1773 3673 1829 3727 in

257 3775 512 3830 processu
540 3770 722 3814 autem
757 3761 958 3830 operis,
997 3759 1300 3830 participali
1335 3769 1632 3832 augmento
1663 3762 1829 3833 perﬁ-

257 3852 416 3917 citur,
464 3852 544 3907 sic
575 3861 630 3906 et
673 3866 1012 3922 quaecunque
1059 3853 1336 3923 legislator
1381 3869 1528 3910 nunc
1575 3854 1630 3908 in
1659 3853 1830 3927 ﬁgura

256 3948 478 4018 exponit
543 3947 772 4002 clariora
838 3947 1213 4002 additamento
1290 3963 1504 4016 eorum,
1559 3965 1683 4018 qua:
1733 3965 1833 4019 per

259 4049 437 4108 partes
483 4041 680 4103 sancit,
717 4048 774 4094 et
817 4039 1063 4110 planiora
1101 4039 1258 4094 ﬁnnt.
1321 4038 1459 4104 Quia
1512 4055 1642 4110 ergo
1685 4041 1830 4094 diem

256 4129 763 4191 consummationis,
830 4145 928 4184 seu
984 4129 1417 4184 consecrationis
1468 4129 1829 4184 Pentecosten

258 4219 478 4291 intelligi
509 4229 752 4289 oportet,
779 4220 1142 4284 ostendimus,
1161 4230 1217 4274 et
1244 4220 1372 4290 quia
1401 4236 1574 4289 usque
1604 4221 1672 4275 ad
1704 4236 1831 4275 eum

255 4313 401 4369 diem
448 4311 727 4365 Dominico
771 4311 1025 4367 mandato
1069 4311 1383 4382 praedicatio
1434 4311 1663 4367 inhibita
1722 4321 1830 4376 est,

267 4414 545 4476 propterea
584 4420 695 4459 non
728 4403 879 4458 exire
906 4403 1130 4474 januam
1166 4403 1503 4459 tabernaculi
1531 4403 1828 4459 testimonii

262 4498 398 4552 ﬁlios
429 4497 607 4552 Aaron
653 4496 932 4565 praecepit.
979 4494 1450 4551 Considerandum
1506 4504 1592 4551 est
1650 4496 1830 4566 qualia

256 4587 623 4644 consummari
647 4596 703 4642 et
727 4588 780 4640 in
813 4587 916 4642 hac
938 4587 1026 4642 die
1051 4587 1135 4641 lex
1185 4587 1464 4656 praecepit.
1496 4584 1649 4640 Diem
1680 4585 1828 4639 enim

257 4689 510 4737 octavum
555 4680 914 4735 Pentecosten
976 4678 1230 4748 appellat,
1287 4680 1414 4748 quia
1469 4679 1827 4734 Pentecostes

256 4773 374 4827 dies
417 4771 611 4826 incidit
654 4771 710 4826 in
759 4772 881 4836 hac,
913 4786 1019 4840 qua
1057 4770 1307 4826 Salvator
1349 4770 1665 4834 resurrexit,
1707 4784 1827 4839 quas

258 4879 379 4921 esse
399 4871 586 4919 octava
608 4863 881 4918 creditur:
911 4864 1036 4932 quia
1062 4863 1287 4932 ﬁguram
1305 4860 1444 4932 gerit
1464 4860 1827 4932 primitiarum

258 4955 452 5017 futuri,
505 4954 600 5010 sed
641 4963 698 5009 et
750 4953 1237 5008 consummationis
1283 4951 1568 5023 praesentis
1614 4951 1825 5017 saeculi,

257 5063 379 5118 qua:
413 5047 466 5100 in
493 5054 700 5116 septem
727 5045 1022 5100 revolvitur
1043 5046 1261 5100 diebus.

329 5136 679 5194 Pentecostes
709 5146 890 5191 autem
921 5136 1159 5191 circulus
1179 5137 1281 5190 sub
1306 5135 1564 5205 praedicto
1593 5151 1830 5192 numero

258 5240 365 5298 est,
407 5247 536 5302 ergo
578 5237 727 5284 recte
777 5229 970 5284 incidit
1012 5229 1066 5281 in
1111 5229 1365 5298 praesenti
1416 5229 1636 5284 saeculo.
1682 5228 1831 5283 Con-

260 5321 702 5383 summationem,
743 5319 1011 5390 simulque
1064 5319 1516 5377 resurrectionem
1565 5319 1833 5390 signiﬁcat

262 5415 612 5469 Pentecostes
645 5412 762 5467 dies
795 5430 808 5465 :
860 5412 1146 5482 oportebat
1189 5412 1356 5476 enim,
1403 5418 1466 5464 ut
1498 5409 1552 5464 in
1599 5425 1705 5480 qua
1743 5411 1832 5465 die

260 5504 498 5559 surrexit
551 5503 804 5558 Christus
852 5503 906 5557 in
979 5502 1168 5557 eadem
1226 5512 1281 5556 et
1336 5502 1472 5557 ritus
1519 5503 1825 5558 adveniret.

261 5595 418 5670 Tunc
463 5610 590 5666 ergo
628 5595 809 5650 vocari
862 5593 1062 5658 Aaron,
1111 5604 1166 5649 et
1195 5594 1332 5648 ﬁlios
1361 5595 1480 5664 ejus
1507 5603 1564 5650 et
1601 5596 1830 5664 majores

265 5695 394 5743 natu
422 5686 587 5742 Israel
611 5686 705 5752 ait,
728 5686 1019 5742 Ecclesium
1043 5685 1463 5756 quodammodo;
1493 5700 1589 5756 per
1613 5701 1827 5754 eorum,

271 5932 281 5941 ⁸
329 5866 377 5900 ⁸⁸
412 5863 457 5922 ll
477 5864 603 5921 Cor.
626 5879 709 5933 tu,
737 5863 824 5921 l7.
898 5865 940 5896 “
967 5863 1088 5919 Act.
1125 5879 1184 5931 ιι,
1209 5862 1266 5916 ὅ.

1930 2033 2021 2104 qui
2059 2031 2128 2086 ad
2165 2031 2443 2086 docendos
2481 2044 2584 2083 nos
2626 2027 2770 2081 utilis
2813 2034 2898 2094 est
2939 2025 3214 2093 vitamque
3244 2021 3510 2092 perﬁcere

1931 2127 1988 2181 in
2012 2125 2254 2181 Ecclesia
2278 2122 2722 2179 convenientium
2748 2129 2948 2190 potest.
2996 2117 3129 2184 Qua:
3160 2125 3342 2171 autem
3380 2123 3511 2170 sunt

1932 2213 2047 2268 haec
2070 2227 2191 2282 qua:
2217 2210 2471 2281 accepit?

1999 2305 2220 2361 Hircum
2272 2321 2367 2374 pro
2424 2311 2658 2372 peccato.
2728 2300 2836 2356 Pro
2885 2298 3210 2372 paenitentia
3253 2298 3510 2355 videlicet

1930 2396 2284 2453 sacriﬁcium.

1997 2487 2068 2544 Et
2096 2489 2320 2544 vitulum
2369 2496 2418 2542 et
2465 2503 2662 2558 agnum
2699 2485 3010 2539 anniculam
3048 2485 3104 2538 in
3141 2483 3508 2539 holocaustum

1928 2583 2317 2637 inmaculatos.
2349 2579 2651 2636 Perfectam
2678 2579 2947 2638 videlicet.
2979 2587 3035 2632 et
3065 2587 3508 2632 consummatam

1931 2677 2120 2741 vitam,
2157 2677 2274 2730 sive
2321 2674 2818 2736 conversationem,
2857 2687 2979 2741 qua:
3032 2687 3132 2740 per
3175 2671 3404 2736 hostias,
3457 2670 3510 2724 id

1931 2777 2015 2823 est
2039 2783 2136 2837 per
2160 2767 2479 2822 holocausta
2519 2764 2877 2834 signiﬁcatur.

2003 2858 2071 2912 Et
2092 2859 2290 2922 bovem,
2321 2867 2370 2911 et
2393 2858 2610 2910 arietem
2639 2872 2733 2925 pro
2769 2854 3020 2924 paciﬁcis.
3055 2852 3163 2907 Sed
3193 2852 3260 2906 ad
3307 2849 3512 2905 sacriﬁ-

1931 2951 2077 3006 cium
2125 2949 2363 3003 salutare
2410 2965 2425 3001 :
2470 2948 2802 3002 mediocrem
2852 2947 3346 3007 conversationem,
3389 2957 3511 3012 qum

1931 3052 2114 3097 tamen
2157 3049 2336 3111 potest
2373 3040 2583 3095 salvare
2622 3054 2718 3093 eos
2760 3038 2852 3108 qui
2895 3037 3152 3099 oﬁ‘erunt,
3181 3038 3319 3090 sicnt
3348 3049 3514 3104 supra

1932 3135 2191 3191 diximus.
2240 3133 2438 3188 Coram
2498 3130 2728 3185 Domino
2779 3139 2961 3184 autem
3017 3129 3200 3184 omnia
3254 3127 3512 3197 praecepit

1884 3283 1895 3296 ,
1936 3227 2097 3282 ﬁeri:
2148 3234 2367 3296 oportet
2414 3223 2616 3293 quippe
2666 3239 2827 3276 omne
2861 3221 3078 3276 virtutis
3120 3235 3280 3291 opus,
3328 3226 3513 3288 utpote

1931 3319 2150 3374 vidente
2173 3318 2303 3380 Deo,
2325 3315 2530 3386 peragi,
2553 3323 2608 3369 et
2634 3329 2742 3367 non
2766 3313 3066 3382 corrumpi,
3093 3327 3270 3380 neque
3293 3309 3473 3364 vitiari
3497 3327 3510 3361 :

1931 3426 2056 3467 cum
2089 3409 2483 3480 perniiscemus
2514 3405 2565 3460 ei
2604 3405 2936 3461 voluntatem
2964 3414 3231 3458 nostram.

2002 3501 2338 3570 Sacriﬁcium
2388 3500 2580 3553 simila
2641 3512 2934 3563 conspersa
2977 3494 3112 3549 oleo.
3162 3490 3513 3561 Thcologiam

1930 3605 2056 3644 cum
2115 3590 2484 3658 eleemosyna,
2552 3585 2658 3640 hoc
2717 3583 2866 3638 enim
2926 3582 3186 3653 praedicta
3248 3577 3513 3635 sacriﬁcia

1932 3681 2210 3738 subtiliter
2259 3679 2420 3734 nobis
2470 3678 2600 3732 olim
2653 3676 2901 3731 discussa
2945 3674 3324 3729 innotuerunt.
3371 3669 3514 3736 Quid

1930 3782 2113 3829 autem
2143 3771 2230 3826 his
2255 3785 2401 3824 nunc
2428 3769 2715 3824 subdidit?

2001 3863 2140 3929 Quia
2187 3863 2340 3915 hodie
2388 3859 2647 3914 Dominus
2690 3858 2968 3930 apparebit
3005 3857 3166 3911 vobis.
3215 3853 3331 3910 Hoc
3380 3869 3514 3910 con-

1931 3955 2105 4011 clusio
2133 3962 2190 4008 et
2219 3952 2468 4022 probatio
2498 3958 2602 4015 est,
2647 3951 2776 4020 quia
2800 3951 2869 4005 de
2900 3951 3223 4004 Pentecoste
3255 3946 3513 4016 praedicta

1933 4047 2116 4102 omnia
2159 4044 2524 4100 dicebantur:
2560 4042 2612 4096 in
2641 4059 2705 4097 ea
2733 4041 2881 4097 enim
2929 4040 3010 4094 eis
3051 4039 3304 4108 apparuit
3333 4036 3513 4092 Domi-

1935 4155 2060 4204 nus,
2112 4138 2339 4207 spiritus
2388 4136 2663 4200 videlicet,
2725 4135 2793 4189 de
2844 4148 2954 4202 quo
3003 4131 3207 4187 Paulus
3257 4131 3511 4186 diccbat:

1933 4234 2188 4289 Dominus
2237 4238 2417 4282 autem
2478 4228 2697 4296 spiritus
2748 4236 2826 4281 est
2854 4227 2919 4278 “.
2978 4223 3269 4289 Quomodo
3329 4229 3513 4275 autem

1933 4321 2218 4392 apparebit
2244 4320 2299 4373 in
2328 4319 2430 4380 eis,
2448 4318 2585 4373 dixit
2608 4317 2816 4372 Lucas:
2841 4317 2973 4370 Visa
2993 4326 3114 4370 sunt
3135 4315 3209 4369 eis
3229 4313 3516 4384 dispertita:

1933 4413 2163 4484 lingua,
2229 4413 2363 4466 sicut
2421 4410 2590 4482 ignis,
2647 4417 2696 4462 et
2753 4411 2998 4462 sederunt
3054 4423 3222 4476 supra
3279 4405 3515 4475 singulos

1935 4521 2118 4559 eorum
2141 4505 2208 4557 “.

1866 4616 1909 4669 ι)
2008 4594 2172 4648 νεεδ.
2212 4593 2263 4647 5.
2309 4610 2326 4642 ι
2366 4587 2632 4644 Tulerunt
2676 4602 2808 4656 ergo
2859 4595 3059 4642 cuncta
3101 4601 3224 4655 quae
3275 4584 3516 4656 jusserat

1928 4685 2136 4756 Moyses
2189 4682 2257 4737 ad
2309 4679 2513 4736 ostium
2571 4677 2928 4742 tabernaculi,
2985 4692 3109 4732 cum
3195 4674 3270 4729 ibi
3335 4673 3517 4728 omnis

1929 4783 2105 4833 staret
2135 4772 2455 4828 multitudo.
2497 4789 2516 4821 ι

1999 4868 2203 4937 Aperte
2237 4864 2328 4920 hic
2365 4862 2663 4918 Ecclesiam
2695 4859 2973 4929 exposuit.

1999 4959 2082 5012 Ad
2100 4951 2669 5012 ostium‘tubernaculi.
2691 4950 2809 5018 Vel,
2829 4952 2970 5005 sicut
2999 4948 3161 5014 LXX,
3189 4959 3312 5003 ante
3337 4947 3515 5002 taber-

1932 5049 2183 5105 naculum
2215 5047 2520 5110 testimonii,
2558 5043 2816 5099 videlicet
2838 5041 2989 5098 cmli.
3011 5039 3068 5095 Si
3096 5040 3242 5096 enim
3273 5038 3514 5093 Ecclesia

1930 5135 2236 5207 frequentia
2269 5142 2355 5190 est
2382 5132 2704 5203 angelorum
2736 5129 3172 5201 primitivorum,
3197 5127 3290 5197 qui
3322 5125 3512 5207 scripti

1929 5198 2059 5283 sunt
2091 5226 2146 5280 in
2177 5223 2330 5279 cmlis
2354 5198 2484 5277 ante
2516 5198 2935 5276 taberna—culum
2972 5214 3300 5278 testimonii,
3339 5215 3394 5269 id
3429 5198 3516 5269 est

1929 5327 2058 5373 ante
2092 5316 2287 5372 {aciem
2319 5314 2466 5379 cmli,
2517 5314 2597 5368 sic
2655 5311 2802 5369 enim
2837 5319 2894 5364 et
2922 5309 3117 5380 Aquila
3167 5317 3292 5361 ante
3321 5307 3514 5378 faciem

1932 5411 2320 5479 interpretatus
2364 5416 2470 5469 est,
2515 5405 2618 5460 hoc
2650 5401 2794 5470 quod
2820 5401 3028 5455 dictum
3070 5407 3174 5464 est,
3211 5397 3515 5453 secundum

1939 5501 2098 5566 LXX,
2126 5511 2248 5553 ante
2280 5499 2580 5552 Dominum.
2615 5495 2670 5550 Si
2705 5510 2837 5566 ergo
2868 5494 2941 5548 ita
2981 5501 3088 5553 est.
3129 5507 3231 5562 pro
3267 5505 3335 5545 eo
3366 5489 3512 5558 quod

1931 5595 2005 5650 ad
2030 5594 2175 5648 illam
2197 5609 2255 5647 se
2272 5590 2748 5646 conversationem
2772 5597 2919 5658 apta,
2943 5593 3071 5640 ante
3103 5581 3511 5638 tabernaculum

1939 5695 2087 5740 recte
2117 5681 2450 5753 intelligitur.
2492 5679 2588 5734 llic
2617 5688 2798 5734 autem
2837 5676 3017 5733 omnis
3053 5672 3365 5739 multitudo,
3397 5669 3512 5726 sive
