4218 6450
736 412 837 471 891

1926 405 2283 466 HESYCHII
2324 402 2798 464 PRESBYTERJ

3873 403 3985 465 ω

728 532 997 591 synagoga
1024 522 1207 572 omnis
1236 518 1465 581 accedit,
1500 518 1552 571 id
1583 533 1769 581 est,ea
1796 536 1919 588 qua
1945 536 2012 574 ex
2038 535 2296 573 man-nus
2331 524 2362 571 λ
2397 518 2573 571 Iactus
2610 528 2695 571 est
2730 516 3068 587 propitiatzo.
3126 515 3235 569 Sed
3276 528 3327 569 et
3376 532 3475 583 pro
3522 528 3833 583 semetipso,
3879 533 3979 570 cur

729 621 787 665 et
817 612 1057 679 undique
1088 619 1173 662 est
1204 611 1569 680 congregatio,
1604 611 1782 665 omnis
1816 613 2018 680 quippe
2066 614 2300 665 contrita

728 702 945 755 anima.
998 713 1053 754 et
1101 702 1281 755 omnis
1327 711 1577 771 peccator
1604 745 1617 761 ,
1653 705 1833 756 omnis
1873 704 2301 757 misericordiam

730 794 1094 847 necessariam
1122 792 1346 857 habens,
1375 798 1555 848 onmis
1576 797 1644 848 ab
1667 812 1851 850 errore
1872 812 1930 850 se
1952 808 2299 861 convertens,

728 886 785 937 in
838 884 941 936 hac
970 883 1209 938 Ecclesia
1243 898 1626 954 congregatur,
1682 903 1791 939 non
1834 888 2010 941 solum
2050 903 2169 949 eos,
2208 889 2300 957 qui

726 975 795 1027 de
829 976 1025 1044 plateis
1073 985 1125 1029 et
1158 976 1291 1030 vicis
1332 986 1481 1040 sunt,
1525 978 1621 1031 sed
1652 987 1708 1031 et
1736 992 1831 1031 eos
1877 980 1969 1047 q‘ti
1999 980 2068 1033 de
2098 980 2221 1041 viis,
2247 988 2303 1033 et

727 1066 796 1119 de
837 1068 1061 1135 sepibus
1112 1068 1291 1121 vocari
1323 1071 1669 1137 praecipiens.
1711 1080 1770 1122 ut
1816 1071 2049 1139 regalem
2088 1086 2299 1126 orenam

730 1158 1097 1224 ingredientes
1124 1157 1442 1227 implerent.

800 1245 1102 1302 Vens.6..i
1138 1250 1227 1301 Ait
1276 1250 1525 1321 Iloyses:
1574 1251 1681 1306 Iste
1738 1264 1824 1307 est
1877 1269 2079 1322 sermo,
2137 1272 2300 1323 quem

731 1342 986 1408 nrzcepit
1036 1339 1333 1403 ,Domiuus‘,
1396 1340 1579 1405 facite
1665 1352 1720 1396 et
1785 1345 2073 1413 apparebit
2146 1347 2301 1400 vobis

728 1429 898 1497 gloria
930 1430 1071 1497 ejus.
1110 1449 1128 1481 ι

796 1520 1033 1573 Gloriam
1059 1536 1181 1576 esse
1202 1524 1413 1578 Domini
1439 1527 1710 1594 spiritum,
1746 1529 2035 1584 manifeste
2055 1531 2300 1585 ostendit

728 1610 873 1676 quod
912 1608 1110 1666 Paulus
1164 1614 1235 1667 ad
1280 1615 1596 1670 Corinthios
1648 1619 1867 1687 scripsit
1908 1639 1919 1671 :
1970 1620 2075 1673 Nos
2122 1638 2298 1676 omnes

727 1696 961 1749 revelata
991 1701 1127 1765 [acie
1144 1701 1369 1768 gloriam
1389 1704 1596 1757 Domini
1611 1708 1956 1772 speculantes,
1981 1711 2037 1761 in
2060 1712 2299 1763 unde:

722 1786 1009 1855 imaginem
1058 1793 1521 1858 transformamur,
1575 1798 1639 1848 de
1702 1798 1869 1867 gloria
1932 1802 1985 1852 in
2050 1802 2294 1871 glorians,

730 1878 869 1928 sicut
897 1894 929 1929 ιι
961 1878 1172 1931 Domini
1215 1882 1400 1949 spiritu
1438 1885 1504 1936 “.
1561 1884 1629 1939 Ut
1677 1900 1808 1957 ergo
1852 1889 2020 1959 gloria
2080 1891 2295 1945 Domini

725 1968 1027 2031 videretur,
1063 1971 1113 2024 id
1140 1983 1243 2033 cst,
1278 1984 1337 2025 ut
1358 1975 1623 2044 adventus
1655 1979 2021 2032 celebraretur
2049 1982 2295 2049 spiritus,

725 2055 828 2109 iste
858 2067 941 2110 est
991 2074 1188 2121 sermo,
1245 2062 1442 2131 inquit,
1480 2080 1641 2133 quem
1693 2071 1953 2138 praecepit
1998 2070 2294 2127 Dominus:

726 2147 911 2202 Facite
938 2151 1191 2206 videlicet
1214 2156 1474 2224 mysticus
1506 2158 1575 2211 de
1606 2174 1718 2228 quo
1748 2173 2084 2231 preci-perat
2116 2164 2299 2221 Domi-

726 2254 849 2291 nus.
914 2240 1024 2295 Hoc
1090 2246 1249 2313 facite
1305 2248 1359 2299 in
1414 2265 1588 2302 ineant
1649 2259 2200 2312 commemorationem
2227 2261 2294 2313 ⁸⁷.

722 2325 1042 2384 Sermonem
1080 2344 1260 2387 autem
1308 2336 1578 2406 legislator
1607 2354 1674 2393 ex
1719 2346 2115 2400 consuetudine
2164 2348 2295 2404 illud

722 2430 902 2485 vocat,
920 2424 1046 2490 quia
1072 2424 1194 2492 plus
1223 2441 1478 2482 sermone
1501 2431 1749 2487 subsistit
1775 2433 1939 2505 hujus
1960 2436 2296 2507 dispensatio

722 2513 988 2581 mysterii,
1013 2516 1247 2570 maxime
1271 2517 1552 2575 Dominico
1580 2522 1751 2577 verbo
1776 2538 1839 2577 ea
1859 2541 1983 2594 qua
2010 2539 2292 2597 apparent,

722 2602 777 2656 in
806 2603 956 2659 aliud
983 2606 1184 2675 aliquid
1212 2611 1391 2679 majus
1429 2620 1485 2665 et
1529 2613 1870 2686 intelligihile
1908 2619 2293 2676 transferente.

722 2692 877 2749 Unde
946 2711 1073 2751 cum
1152 2715 1350 2754 manna
1432 2704 1725 2773 imaginem
1781 2710 1940 2777 panis
1996 2712 2140 2776 vita,
2203 2714 2293 2782 qui

721 2790 1006 2843 descendit
1050 2792 1119 2844 de
1172 2794 1332 2853 (τωιο.
1388 2807 1748 2865 pncseutaret
1791 2818 1806 2853 :
1862 2800 1968 2854 llic
2003 2814 2079 2856 est
2118 2807 2292 2870 panis,

721 2878 819 2941 ait,
864 2895 1016 2945 quem
1056 2882 1197 2934 dedit
1243 2886 1385 2939 vobis
1434 2886 1689 2941 Dominus
1726 2892 1797 2943 ad
1828 2895 2202 2949 comedendum
2225 2898 2292 2961 ",

721 2968 810 3021 hic
834 2978 919 3022 est
942 2984 1121 3024 sermo
1146 2988 1307 3040 quem
1337 2978 1623 3032 constituit
1666 2980 1950 3037 Dominus.
1984 2982 2123 3048 Quid
2165 3002 2297 3058 ergo

721 3072 789 3110 ex
831 3060 935 3123 his,
985 3077 1107 3130 quae
1150 3065 1292 3119 dicta
1332 3078 1481 3133 sunt,
1536 3068 1812 3141 legislator
1859 3074 2145 3144 signiﬁcat,
2188 3080 2294 3133 nisi

721 3151 848 3216 quia
880 3152 1001 3205 sine
1041 3154 1209 3209 dubio
1249 3158 1537 3226 agentibus
1559 3160 1639 3214 eis
1671 3170 1921 3218 sanctum
1957 3168 2292 3236 mysterium,

723 3250 779 3295 et
799 3242 1132 3300 Dominicam
1167 3264 1381 3303 canam
1412 3253 1837 3319 celebrantibus,
1878 3258 2103 3314 advenit
2135 3263 2296 3331 spiri-

728 3349 814 3387 tus
850 3335 1053 3399 “(Quod
1100 3346 1202 3394 etsi
1255 3357 1363 3394 non
1394 3345 1609 3409 planius
1656 3350 1965 3416 expositum
2010 3352 2298 3418 habemus,

725 3427 895 3482 multa
944 3447 1145 3501 quippe
1208 3435 1393 3489 studio
1444 3440 1726 3493 brevntatis
1772 3440 2054 3511 Scriptura
2118 3448 2299 3501 divina

726 3528 1086 3585 praetermmt.
1147 3541 1268 3591 qua:
1321 3534 1399 3578 tas
1456 3540 1628 3582 estex
1681 3531 1800 3585 aliis
1844 3534 2119 3602 colligere.
2174 3538 2303 3592 Erat

726 3627 870 3665 enim
902 3627 1018 3669 dies
1048 3634 1139 3682 qui
1172 3625 1473 3686 appellatur
1504 3623 1839 3691 Domtntcus,
1866 3628 1919 3680 in
1946 3646 2056 3696 quo
2084 3641 2302 3700 oporte-

725 3704 818 3758 bat
847 3706 1020 3759 modis
1046 3710 1301 3763 omnibus
1319 3726 1479 3781 agere
1495 3716 1771 3782 apostolos
1793 3720 2020 3788 mystica
2042 3733 2097 3775 et
2125 3738 2298 3777 sacra.

726 3792 859 3847 Nam
887 3808 943 3849 et
970 3813 1069 3851 nos
1100 3799 1315 3853 illorum
1348 3814 1642 3872 sequentes
1666 3809 2037 3878 traditionem,
2064 3814 2304 3870 Domini-

723 3900 843 3939 cam
916 3888 1061 3942 diem
1145 3891 1345 3946 divinis
1419 3897 1781 3952 conventibus
1872 3913 2299 3970 sequestramus.

724 3977 1039 4035 Invenimus
1114 3992 1297 4037 autem
1373 3996 1429 4039 et
1496 3987 1777 4044 Christum
1858 3993 2109 4049 similiter
2179 4008 2302 4067 post

718 4074 1182 4127 resurrectionem
1226 4090 1256 4128 a
1286 4079 1539 4142 mortuis,
1585 4095 1683 4149 per
1710 4084 1960 4151 mysticae
2007 4101 2201 4153 cmnte,
2247 4099 2303 4144 et

718 4161 882 4229 panis
962 4162 1286 4218 fractionem
1366 4167 1834 4226 manifestatum:
1898 4176 2046 4242 quod
2114 4188 2303 4247 aperte

692 4253 944 4337 'quidem
980 4252 1176 4320 Lucas,
1212 4256 1427 4326 plenius
1463 4269 1646 4315 tamen
1668 4262 1834 4318 etiam
1860 4264 2102 4323 Joannes
2132 4284 2303 4324 evan-

718 4342 919 4413 ,gelista
948 4346 1129 4400 tradit.

800 4432 959 4489 Vens.
994 4435 1044 4487 7.
1079 4456 1098 4487 ι
1144 4437 1281 4491 Dixit
1330 4438 1396 4493 ad
1434 4438 1615 4495 Aaron
1649 4460 1663 4496 :
1706 4443 1921 4501 Accede
1953 4448 2021 4502 ad
2048 4450 2221 4506 altare
2249 4460 2305 4507 et

2408 611 2529 665 hoc.
2562 622 2685 661 cum
2736 605 3180 677 propitiationern
3224 621 3335 657 non
3366 614 3541 675 egeat.
3578 607 3747 675 magis
3796 616 3980 658 aute-

2404 714 2520 767 tpsc
2579 708 2805 767 prastet
2868 699 3315 769 pwpitiationcm
3362 698 3385 727 ’θ
3448 698 3553 749 δεεΙ
3612 709 3669 749 ut
3732 709 3979 750 Mm

2407 800 2685 847 peccatum
2744 790 3069 859 suscipiens.
3116 790 3279 842 etiam
3321 806 3418 859 pro
3462 804 3757 858 semetpso
3784 792 3980 858 depre-

2404 893 2559 979 catur
2594 899 2609 935 :
2642 884 2929 937 evidenter
2956 884 3103 935 enim
3146 882 3249 934 hoc
3296 880 3533 935 hominis
3567 894 3669 935 εμι.
3700 894 3753 935 et
3780 882 3893 937 Dei.
3912 874 3977 934 id

2404 976 2507 1038 est,
2549 977 2688 1030 sicut
2732 976 2971 1029 DOIIIlDES
3026 977 3461 1046 propinationem
3511 977 3875 1043 suscipiet-tis,
3924 988 3977 1028 ει

2404 1068 2545 1120 sicut
2600 1064 2695 1119 Dei
2754 1068 2970 1120 sibimet
3030 1067 3361 1132 prastantis.
3423 1067 3573 1117 Alter
3620 1067 3747 1117 enin
3816 1068 3975 1118 boun-

2403 1154 2723 1222 sibimetipsi
2756 1153 3201 1221 propinationem
3238 1162 3497 1220 prmstare
3530 1168 3637 1203 non
3668 1164 3843 1220 potes.

2474 1245 2634 1299 Vens.
2684 1244 2833 1298 8-H.
2904 1265 2923 1294 c
2968 1245 3274 1312 Statimque
3340 1249 3517 1296 Aaron
3584 1246 3851 1296 accedens
3910 1250 3976 1297 ad

2403 1338 2591 1401 altare,
2635 1338 2934 1390 immolarit
2980 1337 3207 1389 vitulum
3264 1354 3363 1405 pro
3407 1351 3631 1404 peccato
3672 1352 3793 1399 sco,
3821 1338 3977 1400 cujus

2400 1430 2719 1497 sanguinem
2778 1429 3094 1481 obtulerunt
3140 1430 3190 1481 ei
3235 1429 3329 1481 ﬁlii
3374 1430 3477 1482 sui.
3519 1428 3576 1483 In
3616 1445 3723 1498 quo
3764 1430 3975 1499 ﬁngens

2399 1521 2648 1590 digitum,
2688 1520 2863 1588 tetigit
2888 1536 3091 1573 cornua
3111 1522 3321 1579 altaris.
3360 1530 3415 1571 et
3440 1520 3583 1574 fudit
3609 1522 3887 1573 residuum
3913 1523 3977 1573 ad

2402 1611 2571 1663 basim
2592 1610 3093 1679 cjus.Adipemque
3118 1628 3182 1664 ac
3217 1616 3569 1677 renunculos,
3603 1626 3656 1668 et
3690 1620 3977 1668 reticulum

2395 1698 2617 1763 jccoris,
2647 1712 2769 1766 qua:
2796 1710 2923 1751 sunt
2950 1717 3047 1767 pro
3066 1716 3311 1767 peccato,
3334 1705 3569 1757 adolevit
3597 1721 3761 1773 super
3785 1708 3975 1767 altare,

2400 1789 2541 1841 sicut
2584 1803 2913 1859 pmepent
2965 1793 3235 1845 Dominus
3280 1795 3467 1861 Moysi.
3519 1794 3724 1850 Carnes
3754 1814 3884 1850 rere
3926 1810 3974 1849 et

2403 1879 2598 1945 pellem
2623 1880 2745 1946 ejus
2767 1890 2916 1932 extra
2954 1892 3131 1933 castra
3165 1883 3463 1936 combussit
3508 1884 3640 1953 igni.
3679 1884 3979 1937 Immobvzt

2400 1981 2453 2022 et
2503 1971 2805 2025 holocausti
2861 1983 3153 2025 victimam.
3202 1973 3637 2043 Obiulcruntque
3686 1979 3734 2028 ei
3766 1977 3862 2029 itii
3896 1977 3976 2029 sui

2399 2078 2721 2131 sanguznem
2742 2066 2863 2133 ejus
2884 2084 2891 2111 τ
2916 2081 3078 2131 quem
3104 2066 3244 2119 fudit
3272 2083 3437 2136 super
3458 2068 3641 2121 altaris
3664 2072 3974 2122 circuitum.

2401 2152 2577 2220 Ipsam
2597 2155 2759 2206 etiam
2788 2154 3018 2207 hostiam
3044 2157 3096 2207 in
3126 2156 3297 2209 frusta
3315 2162 3609 2216 concisam,
3628 2174 3751 2209 cum
3778 2176 3877 2226 cap
3906 2172 3975 2213 te.

2398 2254 2453 2297 et
2488 2247 2749 2299 membris
2778 2249 3006 2315 singulis
3056 2249 3393 2303 obtulerunt.
3424 2252 3557 2314 Qua:
3594 2254 3775 2304 omnia
3812 2268 3975 2316 super

2398 2337 2567 2390 altare
2598 2340 2861 2392 cremavit
2888 2341 3018 2410 igni,
3057 2341 3181 2394 lotis
3207 2342 3360 2409 prius
3387 2356 3527 2410 aqua
3586 2344 3887 2406 intestinis,
3924 2350 3978 2394 et

2398 2428 2649 2496 pedibus.
2688 2448 2707 2478 s

2406 2524 2409 2529 “
2472 2521 2536 2572 lit
2561 2521 2718 2588 cujus
2747 2521 2822 2573 rei
2858 2522 3031 2589 gratia
3077 2522 3193 2573 hac
3221 2532 3385 2574 etiam
3415 2522 3467 2574 in
3496 2522 3599 2574 hoc
3638 2522 3760 2575 loco
3804 2538 3883 2574 εειιΔ
3904 2525 3978 2576 ri—

2399 2611 2517 2664 ﬁcia
2538 2623 2893 2679 peraguntur,
2915 2616 3170 2680 superius
3184 2612 3442 2666 diximus.
3459 2613 3575 2665 Non
3596 2630 3727 2683 ergo
3748 2630 3979 2668 nccexse

2397 2712 2500 2764 est,
2553 2702 2750 2755 iterum
2798 2719 2991 2756 eorum
3051 2704 3301 2757 virtutem
3352 2722 3448 2774 per
3508 2707 3715 2776 singula
3770 2708 3975 2765 dicere.

2396 2808 2515 2862 qua?
2540 2792 2593 2846 in
2636 2794 2739 2846 hoc
2767 2795 3035 2850 sacriﬁcio
3066 2807 3396 2864 peraguntur
3427 2817 3439 2857 ;
3476 2814 3600 2851 cum
3632 2800 3761 2851 olim
3787 2815 3848 2850 ca
3882 2816 3978 2865 per

2396 2883 2646 2937 ordinem
2689 2884 3113 2938 discusserimus
3177 2896 3233 2939 et
3306 2888 3467 2954 cujus
3511 2890 3975 2956 comparationem

2398 2988 2587 3047 gerunt
2611 2979 2747 3031 nihil
2781 2980 3207 3032 intermittentes
3229 2981 3652 3033 ostenderimus.
3688 2979 3751 3033 Et
3782 2998 3947 3049 quem

2397 3069 2687 3123 admodum
2711 3072 2763 3122 in
2782 3071 2994 3123 Domini
3017 3071 3305 3132 sacriﬁcio,
3332 3074 3476 3140 quod
3502 3088 3625 3126 eum
3656 3090 3826 3125 unum
3880 3074 3976 3128 sit.

2400 3173 2508 3210 non
2550 3170 2759 3226 tantum
2790 3162 2949 3213 nobis
2997 3171 3347 3228 peccatorum
3396 3173 3661 3230 praestans
3696 3163 3977 3215 remissio-

2401 3264 2549 3310 nem,
2604 3252 2701 3302 sed
2753 3258 2809 3302 et
2856 3250 3018 3304 vitam
3078 3251 3377 3328 perfectam
3432 3253 3485 3304 in
3528 3253 3895 3321 philosophia,
3926 3264 3981 3305 et

2402 3351 2836 3393 consummatam
2887 3340 3149 3403 efﬁciens,
3192 3344 3498 3395 necessarie
3527 3354 3581 3395 et
3622 3346 3675 3396 in
3714 3344 3968 3398 vitulum.

2400 3431 2493 3498 qui
2540 3446 2640 3498 pro
2683 3440 2906 3499 peccato
2948 3442 3052 3496 est,
3093 3441 3149 3485 et
3213 3432 3266 3485 in
3308 3434 3534 3486 arietem
3570 3435 3737 3496 hunc,
3780 3434 3875 3502 qui
3926 3434 3979 3485 iu

2404 3520 2779 3574 holocaustum
2812 3522 3148 3585 immolatur,
3182 3532 3398 3590 oportet
3430 3524 3671 3592 reputari
3698 3542 3711 3575 :
3749 3526 3899 3576 unde
3929 3534 3983 3576 et

2406 3614 2459 3665 in
2489 3628 2718 3680 persona
2777 3614 3076 3666 sacerdotis
3100 3623 3397 3682 utrumque
3428 3605 3787 3683 perspicimus
3828 3616 3981 3667 obla-

2404 3712 2516 3757 tum
2545 3725 2557 3756 :
2582 3704 2695 3773 jam
2722 3720 2853 3773 ergo
2890 3714 2945 3756 et
2972 3705 3037 3757 ad
3068 3706 3459 3773 subsequentia
3484 3707 3791 3760 veniamus.

2474 3793 2634 3847 Vsus.
2669 3794 2859 3847 lli-2|.
2899 3814 2916 3842 ι
2954 3794 3020 3847 Et
3068 3810 3168 3862 pro
3217 3805 3443 3862 peccato
3488 3797 3674 3865 populi
3718 3797 3980 3853 offerens,

2402 3883 2664 3938 mactavit
2690 3883 2928 3947 hircum,
2960 3885 3285 3952 expiatoque
3332 3885 3510 3949 altari,
3548 3886 3675 3939 fecit
3724 3886 3985 3940 holocau-

2402 3986 2571 4040 stum,
2600 3977 2807 4031 addens
2850 3978 2905 4030 in
2960 3978 3230 4032 sacriﬁcio
3270 3980 3564 4033 libamenta
3610 3995 3733 4047 qua:
3776 3982 3986 4047 pariter

2402 4067 2721 4127 oderantur,
2786 4076 2841 4119 et
2904 4066 3129 4119 adoleus
3177 4083 3239 4121 ea
3304 4084 3470 4137 super
3533 4068 3722 4132 altare,
3778 4070 3987 4137 absque

2406 4158 2751 4213 caeremoniis
2824 4159 3132 4212 holocausti
3193 4159 3466 4211 matutini.
3548 4157 3860 4212 lmmolavit
3935 4169 3988 4211 et

2401 4250 2597 4306 bovem
2645 4260 2810 4317 atque
2880 4252 3130 4316 arietem,
3192 4251 3398 4304 hostias
3462 4250 3717 4320 paciﬁcas
3774 4251 3985 4320 populi.

2404 4341 2838 4410 Obtulez‘untque
2882 4342 2933 4395 ei
2978 4340 3071 4393 ﬁlii
3109 4340 3194 4393 sui
3236 4343 3577 4412 sanguinem,
3625 4359 3789 4410 quem
3838 4343 3988 4397 fudit

2405 4447 2568 4501 super
2603 4432 2771 4485 altare
2815 4432 2869 4484 in
2916 4432 3186 4484 circuitu:
3235 4431 3450 4500 adipem
3488 4443 3669 4486 autem
3701 4424 3885 4496 Bovis,
3936 4441 3990 4486 et

720 4525 944 4580 imiuola
979 4542 1077 4596 pro
1110 4539 1335 4597 peccato
1364 4540 1477 4597 tuo,
1512 4533 1753 4589 offerens
1798 4518 2201 4609 holocaustum,
2243 4553 2301 4599 οι
2332 4542 2375 4597 ο
2403 4526 2631 4581 caudam
2657 4525 2863 4589 arietis,
2905 4524 3345 4593 renunculosque
3388 4538 3513 4577 cum
3561 4524 3818 4593 adipibus
3849 4525 3988 4586 suis,

721 4616 1023 4685 deprecare
1044 4634 1142 4686 pro
1169 4629 1243 4683 te,
1266 4630 1318 4672 et
1345 4636 1445 4689 pro
1470 4625 1688 4692 populo,
1713 4640 1949 4697 cumque
1979 4634 2303 4688 mactaveris

728 4707 963 4759 hostiam
1007 4708 1237 4778 populi,
1290 4725 1383 4764 ora
1433 4728 1533 4781 pro
1580 4729 1667 4779 eo,
1718 4718 1862 4770 sicut
1905 4720 2151 4789 praecipit
2198 4722 2306 4776 Do-

727 4812 927 4849 InillllS.
972 4815 990 4846 ι

801 4886 899 4941 Ubi
935 4896 1121 4943 nostra
1153 4891 1435 4945 translatio
1466 4893 1682 4961 planius
1706 4894 1891 4960 habet,
1927 4914 2022 4968 pro
2050 4908 2101 4953 te
2138 4912 2191 4954 et
2214 4919 2310 4970 pro

730 4980 938 5048 populo,
970 4997 1066 5049 pro
1092 4983 1275 5051 teipse,
1306 4992 1354 5037 et
1377 5000 1473 5051 pro
1502 4986 1656 5041 domo
1682 4998 1772 5042 tua
1795 4988 1939 5043 LXX
1988 4990 2301 5049 ediderunt.

730 5071 834 5135 Qui
896 5080 1080 5125 autem
1142 5082 1271 5127 suut
1331 5075 1525 5131 domus
1589 5077 1945 5150 iutelligibilis
2009 5084 2310 5140 sacerdotis

733 5160 897 5214 Paulo
926 5161 1165 5227 dicente,
1197 5178 1491 5232 cognosce;
1527 5169 1603 5221 ait
1639 5170 1785 5226 enim
1824 5189 1837 5224 :
1872 5170 2105 5227 Christus
2131 5184 2310 5228 autem

730 5262 785 5305 ut
811 5253 952 5321 ﬁlius
984 5255 1039 5307 in
1066 5257 1221 5310 domo
1257 5274 1355 5311 sua
1376 5258 1418 5290 ”
1440 5276 1455 5323 ;
1480 5274 1602 5328 quae
1634 5261 1830 5317 domus
1876 5278 1979 5319 nos
2009 5279 2221 5332 sumus,
2261 5267 2310 5321 si

733 5344 985 5400 ﬁduciam
1014 5356 1072 5401 et
1126 5347 1352 5418 gloriam
1402 5351 1517 5420 spei
1579 5368 1750 5422 usque
1790 5354 1856 5408 ad
1893 5353 2055 5409 ﬁnem
2098 5356 2310 5412 ﬁrmam

738 5437 1086 5492 retineamus.
1113 5438 1253 5509 Ergo
1282 5441 1335 5494 hi
1358 5442 1449 5510 qui
1481 5442 1853 5511 profecerunt,
1877 5454 1934 5500 et
1956 5447 2313 5515 perfectiores

740 5537 890 5590 sunt,
936 5528 1133 5583 domus
1170 5530 1290 5599 ejus
1338 5531 1479 5600 juste
1525 5534 1869 5602 appellantur
1916 5553 1929 5589 :
1981 5552 2079 5605 pro
2113 5540 2315 5607 quibus

736 5618 1077 5687 deprecatur,
1109 5628 1165 5674 et
1195 5636 1292 5690 pro
1323 5623 1469 5676 omni
1503 5626 1721 5693 p0pulo,
1757 5635 1943 5693 utpote
1991 5628 2082 5695 qui
2124 5640 2313 5685 nostra

2404 4627 2460 4672 et
2539 4617 2825 4670 reticulum
2882 4614 3105 4682 jecoris,
3158 4624 3461 4682 posuerunt
3521 4630 3685 4683 super
3744 4624 3990 4680 guttura.

2403 4708 2647 4777 Cumque
2676 4710 2899 4762 cremati
2929 4716 3114 4760 essent
3138 4707 3326 4776 adipes
3355 4721 3524 4774 super
3540 4707 3731 4768 altare,
3764 4716 3991 4774 pectora

2405 4816 2616 4865 eorum,
2652 4810 2707 4854 et
2740 4816 2921 4853 armos
2951 4801 3174 4852 dextros
3210 4800 3483 4867 separavit
3526 4797 3729 4856 Aaron,
3764 4798 3995 4851 eleians

2407 4909 2588 4948 coram
2628 4894 2875 4953 Domino,
2906 4893 3047 4945 sicut
3072 4897 3406 4960 praeceperat
3435 4890 3484 4944 ei
3512 4889 3745 4958 Moyses.
3788 4906 3807 4937 ι

2479 4985 2645 5051 Cujus
2692 4983 2916 5053 ﬁguram
2968 4998 3029 5035 ea
3089 4996 3209 5049 qua;
3261 4981 3402 5035 dicta
3469 4987 3597 5033 stult
3647 4979 3915 5034 habeant.
3944 4988 3999 5033 et

2406 5075 2864 5145 quemadmodum
2929 5089 3026 5141 pro
3096 5082 3321 5141 peccato
3397 5071 3583 5123 hircus
3645 5071 4000 5139 poenitentia

2407 5166 2732 5223 sacrificium
2783 5166 3068 5234 signiﬁcet,
3137 5165 3451 5218 holocausta
3506 5171 3685 5214 autem
3738 5162 3995 5214 cruciﬁxi

2408 5262 2875 5317 conversationem
2907 5278 2920 5312 :
2948 5257 3298 5326 Theulogiam
3320 5271 3448 5309 vero
3479 5255 3676 5308 similia
3704 5297 3714 5304 .
3751 5254 4000 5307 salutare

2418 5363 2620 5413 autem.
2679 5368 2775 5406 seu
2826 5351 3175 5420 paciﬁcorum
3241 5346 3590 5406 sacriﬁcium,
3651 5346 3820 5397 vitam
3874 5361 4003 5413 qua:

2420 5463 2521 5501 nos
2570 5446 2778 5499 salvare
2825 5451 3019 5512 potest.
3061 5440 3224 5495 etiam
3281 5438 3627 5492 mediocriter
3670 5437 4001 5504 sapientes:

2422 5538 2809 5594 sacriﬁciorum
2827 5535 3096 5589 discussio
3116 5533 3447 5603 praecedens,
3475 5530 3790 5584 unctionem
3814 5544 4008 5582 sacer-

2424 5628 2566 5684 dotis
2615 5626 2872 5681 ostendit.
2923 5624 3061 5694 Ergo
3111 5623 3202 5693 qui
3262 5622 3425 5691 hujus
3475 5619 3771 5674 sanctionis
3824 5618 4007 5673 nescit

818 5815 862 5847 “
890 5813 930 5869 ιι
956 5814 1082 5872 (Lor.
1122 5831 1202 5880 ιιι,
1232 5818 1294 5871 l8
1390 5821 1431 5848 ‘7
1466 5819 1593 5875 Luc.
1632 5838 1759 5877 xm.
1800 5823 1882 5873 lii.
1963 5824 2003 5847 "‘
2040 5824 2208 5876 Exod.
2247 5842 2301 5875 χι

2406 5824 2478 5876 lii,
2548 5825 2587 5849 5"
2624 5819 2785 5874 llihr.
2822 5834 2899 5878 ιιι.
2932 5817 2985 5869 6.
