4218 6450
290 434 394 498 893

1417 444 1497 505 IN
1536 445 1969 507 LEVITICUM.
2005 473 2072 484 ·-
2104 448 2248 512 LIB.
2282 450 2368 512 II.

3421 446 3528 510 894

287 550 747 622 explanationem,
803 557 913 614 illic
967 575 1090 614 cum
1155 560 1456 615 subtilitate
1505 561 1848 630 perquirens.
1881 565 1925 621 Α
1955 561 2117 617 etiam
2147 563 2347 618 Paulus
2372 563 2660 620 intellexit.
2700 563 2839 621 Dicit
2867 577 3050 622 autem
3081 567 3160 622 sic
3198 583 3211 621 :
3243 565 3366 621 Volo
3387 567 3528 622 viros

274 637 451 698 'etiam
510 645 626 702 hac
684 663 782 718 per
819 650 1029 722 singula
1082 652 1254 707 sciet.‘
1293 652 1424 707 lllnd
1471 663 1650 708 autem
1703 669 1851 707 nunc
1890 690 1894 694 -

287 738 593 793 necessarie
618 742 885 808 addimus,
931 744 1107 799 sancti
1137 745 1372 815 Spiritus
1405 746 1461 800 in
1493 747 1847 803 Pentecosten

286 830 600 895 provenisse
629 833 1060 901 descensionem,
1090 852 1213 892 cum
1244 837 1300 891 in
1341 854 1508 893 unum
1542 840 1847 910 congregati

284 929 470 974 essent
543 926 811 994 apostoli,
876 929 1058 983 omnia
1121 945 1241 999 qua
1309 933 1608 990 secundum
1673 933 1849 1004 legem

282 1010 539 1068 Ecclesia
569 1027 809 1086 agerent,
838 1019 1144 1088 signiﬁcare
1169 1024 1532 1078 consideravit
1554 1023 1846 1096 legislator,

283 1112 429 1160 recte
475 1109 784 1175 pracedere
836 1113 1135 1168 sacerdotis
1190 1113 1476 1180 sacriﬁcia,
1534 1131 1597 1171 ac
1647 1117 1848 1172 deinde

282 1197 574 1253 subinferri
611 1201 794 1270 populi
833 1205 1130 1274 pracepit:
1159 1215 1376 1276 Oportet
1411 1208 1556 1263 enim
1589 1208 1846 1268 Ecclesia

279 1287 584 1344 doctrinam
614 1307 641 1345 a
667 1294 933 1349 sacriﬁcio
963 1295 1230 1367 Unigeniti
1265 1298 1543 1365 inchoare,
1579 1309 1636 1355 ut
1671 1299 1844 1354 intro-

279 1380 544 1436 ducantur
593 1384 874 1451 docentes,
927 1388 1055 1456 quid
1104 1390 1261 1444 nobis
1317 1391 1500 1461 passio
1559 1392 1842 1447 Dominica

275 1469 586 1539 profecerit,
629 1484 724 1529 aut
768 1477 1096 1532 contulerit:
1144 1489 1306 1551 atque
1351 1482 1424 1537 ita
1473 1483 1844 1538 subinl‘eratur

277 1574 456 1615 sermo
479 1564 837 1632 paenitentia.
863 1583 1024 1637 quem
1041 1585 1234 1626 omnes
1255 1573 1462 1642 utique,
1486 1583 1546 1628 ut
1563 1574 1836 1640 homines,

277 1655 645 1707 necessarium
701 1656 985 1714 habemus.
1042 1659 1198 1716 Unde
1254 1673 1311 1718 et
1357 1664 1622 1720 Dominus
1672 1681 1839 1720 unam

274 1745 576 1799 doctrinam
605 1749 879 1816 pradicat,
915 1751 970 1806 id
1016 1762 1100 1807 est
1130 1755 1526 1823 paenitentiam,
1558 1763 1838 1827 totumque

272 1837 546 1906 perfectus
558 1840 849 1896 subinferri
863 1858 1034 1898 conve
1043 1847 1324 1912 rsationes,
1339 1855 1503 1916 atque
1517 1847 1837 1919 the010giam

272 1930 380 1984 illis
411 1932 856 1999 permiscendas:
897 1937 1081 1992 subdit
1102 1947 1306 2002 autem,
1339 1949 1392 1994 et
1414 1956 1535 2010 qua
1567 1941 1840 2012 corrigen-

271 2031 376 2086 tes,
425 2023 540 2078 sive
597 2026 746 2080 uncti
798 2028 992 2083 salvari
1042 2045 1356 2099 possumus,
1420 2033 1670 2101 quamvis
1727 2049 1838 2088 non

270 2116 580 2170 sublimiter
645 2133 1052 2175 conversemur.
1132 2120 1192 2176 ln
1259 2123 1344 2178 his
1409 2123 1553 2178 enim
1623 2133 1839 2194 oportet

272 2206 568 2263 Ecclesiam
633 2213 982 2283 congregari,
1057 2225 1112 2270 et
1181 2214 1672 2272 manifestationem
1741 2215 1836 2271 Dei

267 2303 454 2374 gloria
476 2306 772 2375 suscipere.
794 2308 921 2364 Hac
943 2311 1062 2365 sine
1083 2309 1248 2365 dubio
1269 2311 1461 2367 diebus
1486 2310 1836 2369 Pentecostes

267 2396 504 2449 maxime
529 2397 760 2467 agebant
790 2399 1037 2469 discipuli
1069 2399 1306 2466 Domini,
1358 2412 1580 2473 propter
1606 2406 1747 2473 quod
1778 2405 1832 2459 in

269 2503 439 2541 unum
472 2497 602 2542 tunc
642 2491 854 2544 collecti
895 2501 1068 2556 erant,
1117 2493 1260 2560 quod
1311 2495 1622 2552 manifestat
1660 2497 1836 2552 Lucas

265 2578 455 2634 dicens
481 2599 494 2635 :
521 2581 588 2634 Et
617 2583 741 2636 dum
769 2583 1148 2650 complerentur
1164 2585 1277 2639 dies
1297 2585 1643 2652 Pentecostes,
1679 2599 1832 2643 erant

265 2683 442 2722 omnes
457 2669 616 2722 simul
635 2671 966 2735 _ttnanimiter
984 2672 1050 2723 7°.
1076 2671 1215 2736 Quid
1237 2681 1420 2727 autem
1449 2682 1604 2728 erant
1622 2673 1830 2728 collecti

264 2776 446 2831 agere,
497 2762 598 2816 nisi
647 2777 711 2816 ea
759 2764 936 2818 modis
978 2765 1254 2829 omnibus,
1307 2781 1427 2833 qua
1470 2765 1613 2820 dicta
1663 2765 1834 2820 sunt?

261 2850 400 2904 Nam
454 2851 558 2906 etsi
602 2853 779 2920 palam
818 2868 929 2906 non
996 2853 1386 2920 praedicabant,
1440 2865 1495 2909 et
1545 2865 1830 2925 propterea

263 2943 411 2998 intus
437 2951 612 3007 erant,
643 2944 694 2996 in
715 2945 1089 3013 superioribus
1119 2945 1390 3010 sedentes,
1409 2951 1640 3000 necdum
1665 2947 1829 3002 verba

263 3034 698 3094 disseminantes,
733 3035 848 3089 sive
892 3034 1067 3103 palam
1106 3036 1412 3104 loquentes,
1440 3036 1565 3106 quia
1597 3037 1829 3092 de'ostio

264 3125 593 3180 tabernaculi
615 3127 912 3180 testimonii
936 3141 1044 3180 non
1067 3135 1223 3181 erant
1246 3127 1384 3196 jussi
1417 3129 1622 3198 egredi,
1655 3144 1828 3198 usque

1953 669 2105 707 orare
2133 656 2184 708 in
2211 657 2354 708 omni
2377 655 2507 717 loco,
2533 655 2765 710 levantes
2786 673 2952 725 puras
2974 674 3163 711 manus
3185 657 3244 705 τί.
3272 656 3528 713 Tendens

1951 741 2064 796 sive
2088 743 2274 798 levans
2319 760 2448 815 ergo
2501 762 2718 811 manus,
2752 746 3030 816 benedixit
3064 747 3184 801 illos
3222 765 3236 800 :
3271 749 3396 817 quia
3430 762 3528 816 per

1950 832 2272 890 levationem
2293 852 2572 900 manuum,
2595 853 2690 906 per
2717 837 3020 892 orationem
3052 839 3321 901 videlicet,
3342 852 3525 891 sacer-

1949 925 2102 981 dotes
2127 928 2328 997 p0pulo
2357 927 2707 982 benedicunt.
2760 927 2864 983 Sed
2896 928 3042 983 unde
3086 928 3522 983 benedictionem

1949 1027 2205 1087 prastent
2231 1019 2528 1074 ostendunt
2556 1021 2864 1090 sequentia.

2018 1107 2178 1163 Vens.
2204 1110 2293 1164 27).
2344 1127 2363 1161 ι
2399 1110 2638 1182 lngressi
2701 1120 2883 1166 autem
2955 1111 3162 1180 Moyses
3222 1118 3277 1164 et
3338 1110 3522 1162 Aaron

1945 1200 2350 1276 tabernaculum
2426 1203 2720 1257 testimonii
2747 1241 2761 1264 ,
2827 1209 2892 1271 ζει
2964 1201 3225 1270 deinceps
3293 1199 3521 1278 egressi,

1946 1292 2343 1347 benedixerunt
2374 1293 2596 1363 populo.
2637 1312 2656 1346 ι
3377 1343 3408 1359 ,

2014 1383 2376 1448 Quamobrem
2418 1384 2570 1454 prius
2638 1382 2691 1437 in
2753 1385 3160 1440 tabernaculum
3221 1385 3516 1441 testimonii

1944 1474 2340 1544 ingrediuntur,
2388 1483 2443 1529 et
2489 1484 2675 1545 postea
2730 1475 3164 1530 benedictionem
3207 1477 3515 1545 prastant?

1941 1571 2044 1627 nisi
2069 1580 2128 1626 ut
2153 1587 2262 1626 non
2296 1571 2623 1641 ignoremus,
2649 1573 2773 1640 quia
2805 1573 2871 1626 de
2909 1571 3227 1642 intelligihilt
3255 1572 3512 1625 taberna-

1941 1663 2081 1726 culo,
2119 1660 2373 1714 videlicet
2427 1660 2494 1715 de
2535 1662 2694 1725 cmlo,
2738 1661 3171 1716 benedictionem
3228 1659 3522 1729 proferunt

1940 1752 2268 1814 sacerdotes,
2301 1751 2550 1806 dicentes
2579 1752 2722 1806 sicut
2750 1753 2947 1807 Paulus
2972 1768 2985 1804 :
3016 1751 3328 1806 Benedictus
3354 1751 3510 1812 Deus,

1939 1853 1987 1898 et
2032 1842 2195 1896 Pater
2243 1841 2453 1895 Domini
2497 1843 2661 1895 nostri
2705 1841 2833 1895 Jesu
2860 1842 3075 1908 Christi,
3125 1844 3214 1912 qui
3255 1843 3517 1894 benedixit

1943 1952 2034 1988 nos
2064 1936 2117 1988 in
2155 1937 2297 1988 omni
2329 1936 2683 1989 benedictione
2721 1935 3011 2004 spirituali,
3055 1936 3109 1987 in
3137 1934 3420 1988 coelestibus
3460 1934 3515 1985 in

1940 2025 2139 2080 Christo
2158 2027 2223 2080 ⁷⁸.
2247 2026 2362 2080 Hoc
2387 2026 2532 2080 enim
2565 2026 2722 2080 nobis
2753 2035 2808 2080 et
2840 2041 2956 2096 ipse
2989 2027 3205 2080 tradens
3229 2025 3508 2086 Dominus,

1937 2120 2176 2188 quinque
2210 2133 2400 2188 panes,
2449 2127 2504 2172 et
2553 2134 2745 2172 rursus
2785 2128 2995 2188 septem
3035 2117 3387 2179 benedicens,
3442 2116 3507 2168 ad

1936 2210 2134 2263 calum
2174 2209 2518 2279 respiciebat.
2549 2209 2660 2262 Cur
2713 2218 2896 2264 autem
2950 2225 3063 2264 non
3118 2210 3267 2262 solus
3304 2209 3507 2272 Aaron,

1935 2301 2027 2356 sed
2075 2310 2130 2354 ct
2170 2300 2378 2372 Moyses
2422 2299 2780 2371 Synagogam,
2832 2316 2929 2356 seu
2977 2300 3234 2370 p0pulum
3283 2297 3508 2351 benedi-

1933 2394 2103 2447 cunt?
2133 2393 2235 2448 nisi
2269 2401 2328 2448 ut
2368 2393 2680 2454 discamus,
2720 2394 2845 2462 quia
2893 2408 3002 2446 non
3046 2391 3267 2462 propria
3307 2390 3507 2444 virtute

1932 2487 2245 2541 sacerdotes
2261 2486 2697 2540 benedictionem
2718 2495 2998 2554 prastant,
3022 2484 3116 2537 sed
3137 2485 3260 2552 quia
3282 2482 3508 2550 ﬁguram

1933 2579 2120 2634 lerunt
2165 2577 2396 2643 Christi,
2436 2587 2666 2648 possunt
2709 2584 2930 2646 propter
2983 2592 3108 2629 eum
3154 2574 3245 2644 qui
3293 2574 3345 2626 in
3376 2573 3508 2642 ipsis

1930 2679 2032 2735 est,
2059 2680 2319 2741 prastare
2360 2671 2760 2725 benedictionis
2801 2667 3218 2738 plenitudinem.
3253 2665 3409 2720 Unde
3450 2673 3506 2718 et

1931 2762 2160 2834 Moyses,
2192 2772 2381 2831 utpote
2438 2765 2522 2816 cui
2553 2763 2728 2832 imago
2782 2771 2867 2815 est
2920 2759 3131 2815 Domini
3180 2759 3382 2812 credita
3439 2757 3506 2810 ad

1929 2852 2358 2907 benedicendum
2407 2863 2552 2906 recte
2586 2851 3092 2921 comprehenditur.
3131 2849 3236 2903 Sed
3289 2857 3344 2900 et
3377 2848 3506 2901 illud

1928 2959 2023 3012 per
2073 2959 2135 2998 ea
2179 2959 2300 3012 qua
2341 2943 2481 2997 dicta
2526 2952 2672 3008 sunt,
2729 2944 2808 2995 lex
2858 2942 3118 3013 signiﬁcat
3168 2959 3180 2992 :
3224 2940 3346 3009 quia
3395 2956 3504 2993 non

1926 3034 2100 3088 solum
2133 3033 2178 3088 is
2203 3034 2296 3102 qui
2320 3034 2686 3088 sacerdotium
2716 3033 2944 3087 sortitus
2976 3042 3080 3095 est,
3113 3032 3204 3085 sed
3234 3042 3288 3084 ct
3324 3031 3505 3083 omnis

1923 3129 2106 3197 justus
2148 3126 2428 3183 Christum
2474 3129 2682 3182 habens
2728 3129 2782 3181 in
2828 3128 3140 3196 semetipso,
3189 3136 3242 3180 et
3279 3126 3501 3195 ﬁguram

259 3216 388 3270 dum
439 3215 510 3270 de
577 3216 792 3271 excelso
863 3216 1221 3271 induerentur
1288 3216 1522 3288 Spiritus
1579 3221 1820 3277 virtute:
1854 3248 1896 3306 ρ
1933 3218 2140 3272 Domini
2183 3219 2265 3273 sui
2312 3233 2410 3288 per
2455 3219 2651 3272 bonam
2707 3220 3197 3279 conversationem,
3242 3216 3504 3284 quemad-
3557 3247 3560 3250 ~

259 3318 628 3364 vetumtamen
655 3310 710 3363 in
735 3311 1045 3378 semetipsis
1075 3310 1200 3379 quia
1229 3309 1345 3366 hac
1371 3312 1620 3381 agebant,
1653 3314 1828 3367 mani-

259 3395 460 3450 festum
508 3404 625 3450 est:
652 3405 708 3450 et
739 3411 1076 3466 quacunque
1118 3398 1314 3452 decent
1357 3398 1678 3465 Ecclesium,
1708 3415 1826 3454 me-

259 3488 420 3542 ditari
449 3503 558 3542 non
575 3488 861 3545 cessabant
882 3496 942 3542 ut
969 3489 1144 3557 ipsum
1166 3488 1420 3549 videlicet
1445 3489 1501 3542 in
1519 3491 1828 3560 semetipsis

261 3577 526 3632 haberent
553 3576 853 3643 Christum,
889 3580 979 3647 qui
1030 3587 1114 3634 est
1159 3588 1321 3649 caput
1351 3581 1629 3636 Ecclesia.
1673 3581 1827 3637 Unde

257 3673 314 3719 et
336 3664 611 3720 Matthiam
631 3667 696 3720 ad
712 3667 1095 3735 apostolatum,
1112 3682 1235 3721 cum
1253 3669 1613 3724 concinnatus
1633 3669 1828 3725 fuisset

258 3755 452 3811 Petrus
483 3765 537 3812 et
579 3759 952 3828 proposuisset
980 3760 1176 3815 divina
1205 3760 1500 3831 Scriptura
1528 3762 1826 3831 expositio-

257 3863 406 3913 nem,
456 3857 617 3918 atque
671 3850 997 3916 testimonia,
1044 3860 1187 3905 sorte
1239 3862 1654 3920 separaverunt.
1701 3851 1825 3907 Sive

256 3949 438 3993 autem
486 3939 818 4006 concionari,
863 3941 916 3995 id
953 3950 1036 3996 est
1078 3943 1339 4011 populum
1378 3941 1676 4006 exhortari,
1708 3943 1825 3998 sive

267 4028 552 4097 prophetas
569 4029 618 4081 in
629 4031 932 4098 terpretari.
945 4031 1182 4086 etcleros
1196 4032 1425 4094 sociare,
1443 4033 1823 4088 ecclesiastica

257 4122 678 4191 dispensationis
707 4129 761 4175 et
788 4122 997 4178 ordinis
1027 4121 1150 4176 fuit.
1178 4122 1318 4194 Ergo
1341 4123 1686 4180 manifestum
1717 4135 1819 4190 est,

255 4214 384 4282 quia
429 4214 882 4282 quemadmodum
927 4215 982 4267 in
1029 4213 1301 4284 chlesias
1357 4215 1570 4270 collecti
1628 4214 1682 4270 in
1718 4216 1822 4271 illis

255 4305 450 4359 diebus
497 4313 672 4366 erant,
721 4309 865 4374 quod
921 4314 977 4358 et
1025 4306 1296 4376 legislator
1343 4307 1519 4362 modis
1569 4308 1824 4362 omnibus

255 4393 546 4463 signiﬁcari
600 4396 979 4461 considerans,
1038 4405 1441 4466 consequenter
1489 4407 1545 4452 et
1585 4413 1649 4452 ea
1701 4414 1823 4469 qua

251 4485 665 4553 subsequuntur
697 4485 902 4539 addidit
928 4504 941 4540 :

1929 3309 2149 3364 modum
2178 3309 2382 3380 Moyses
2410 3309 2700 3371 exsistens,
2733 3310 2962 3363 idoneus
2983 3319 3068 3362 est
3097 3309 3162 3362 ad
3193 3307 3500 3362 donandum

1927 3397 2382 3452 benedictionem.
2437 3396 2564 3450 llac
2604 3412 2732 3468 ergo
2774 3397 3056 3465 discipulis
3088 3396 3296 3450 Domini
3334 3411 3500 3466 agen-

1931 3491 2094 3553 tibus,
2157 3489 2380 3557 spiritus
2431 3487 2671 3552 advenit,
2744 3495 2968 3557 propter
3022 3486 3164 3556 quod
3218 3486 3504 3540 audiamus

1929 3579 2234 3646 sequentia.
3147 3593 3153 3599 ’

1996 3667 2158 3722 Vens.
2199 3668 2290 3723 24.
2362 3689 2380 3718 α
2413 3668 2786 3743 Apparuitque
2847 3668 3014 3739 gloria
3079 3668 3291 3740 Domini
3347 3671 3498 3725 omni

1927 3759 2282 3815 multitudini.
2335 3760 2400 3814 Et
2454 3775 2584 3815 ecce
2647 3760 2787 3831 ignis
2858 3774 3110 3830 egressus
3165 3776 3195 3813 a
3251 3759 3502 3820 Domino,

1926 3851 2208 3936 devoravit
2257 3851 2654 3915 holocaustum,
2707 3859 2762 3906 et
2809 3849 3023 3920 adipem
3055 3851 3145 3919 qui
3178 3858 3295 3903 erat
3340 3865 3506 3917 super

1925 3936 2112 3991 altare.
2166 3937 2321 4002 Quod
2386 3954 2506 3992 cum
2569 3938 2836 3992 vidissent
2889 3939 3090 4002 turba,
3144 3939 3506 3993 laudaverunt

1927 4027 2215 4082 Dominum
2248 4041 2470 4082 ruentes
2509 4028 2563 4081 in
2599 4028 2766 4083 facies
2801 4043 2951 4082 suas.
2991 4047 3009 4079 ι

1996 4117 2162 4173 Putas
2188 4133 2259 4174 ne
2305 4120 2483 4188 aliqua
2530 4120 2985 4189 interpretatione
3019 4119 3304 4189 praesentia
3341 4120 3502 4174 verba

1924 4209 2248 4280 legislatoris
2310 4225 2447 4279 opus
2513 4210 2720 4265 habent
2762 4210 2786 4263 l
2844 4209 2963 4280 Ipsa
3031 4226 3266 4280 namque
3322 4211 3502 4266 verbis

1925 4302 2256 4356 concordant
2303 4300 2410 4367 his,
2459 4316 2582 4370 qua
2630 4309 2761 4355 sunt
2795 4301 2863 4356 de
2907 4302 3148 4357 adventu
3181 4302 3417 4372 Spiritus
3447 4303 3502 4358 in

1925 4391 2237 4461 apostolicis
2261 4392 2477 4446 actibus
2499 4392 2724 4461 scripta.

1995 4483 2253 4553 Apparuit
2282 4485 2440 4548 enim,
2471 4485 2660 4553 inquit,
2701 4485 2873 4555 gloria
2912 4484 3120 4539 Domini
3147 4486 3290 4538 omni
3321 4485 3501 4538 multi-

322 4566 484 4627 Vens.
513 4574 601 4628 22.
638 4593 657 4626 ι
687 4576 754 4628 Et
797 4577 1026 4630 tendens
1058 4592 1283 4631 manum
1318 4586 1506 4632 contra
1533 4578 1816 4648 p0pulum,
1854 4573 1896 4628 Ι)
1924 4575 2112 4629 tudini.
2144 4573 2448 4639 Quomodo,
2495 4575 2640 4629 dicat
2693 4574 2918 4630 forsitan
2963 4576 3232 4644 quispiam
3256 4576 3278 4628 ?
3302 4574 3502 4644 Utique

253 4666 530 4721 benedixit
575 4667 646 4720 ei.
681 4667 876 4736 Sicque
904 4669 1188 4738 completis
1217 4670 1409 4724 hostiis
1435 4686 1533 4740 pro
1570 4679 1816 4742 peccato,

254 4766 306 4812 et.
338 4757 690 4822 holocaustis,
721 4767 777 4812 et
807 4759 1062 4828 paciﬁcis,
1097 4760 1394 4816 descendit.
1430 4779 1449 4813 ι

319 4848 563 4915 Intende,
614 4849 739 4920 quia
788 4864 1005 4904 omnem
1065 4852 1220 4908 nobis
1274 4853 1555 4909 evidenter
1591 4855 1816 4924 ﬁguram

247 4941 503 4997 Ecclesia
561 4943 678 4998 vult
739 4958 1064 5011 exponere:
1121 4960 1248 4998 nam
1310 4954 1593 5015 postquam
1655 4949 1814 5015 dixit,

245 5033 528 5089 descendit
551 5044 834 5104 postquam
863 5034 990 5089 fecit
1009 5049 1108 5105 pro
1126 5045 1368 5106 peccato,
1393 5049 1448 5091 et
1466 5038 1813 5107 holocaustis,

252 5134 305 5180 et
338 5125 603 5195 paciﬁcis,
645 5126 883 5180 ostendit
910 5126 1034 5195 quia
1072 5127 1491 5197 completionem
1519 5129 1819 5185 sacriﬁcio-

154 5268 157 5270 _
250 5230 393 5276 arum,
431 5214 697 5270 intellexit
733 5215 1127 5286 expositionem
1176 5231 1387 5281 eorum,
1435 5224 1490 5270 et
1528 5227 1816 5286 propterea

243 5305 404 5369 dixit,
423 5305 706 5369 descendit,
733 5319 829 5375 per
847 5304 1259 5360 descensionem
1279 5304 1610 5359 doctoralem
1630 5305 1815 5359 sedem

242 5395 558 5466 designans,
608 5396 674 5449 de
720 5411 826 5464 qua
855 5402 975 5464 post
1027 5395 1424 5465 expositionem
1476 5396 1813 5462 sacerdotes,

244 5487 444 5558 quibus
515 5486 683 5557 ﬁgura
759 5487 1112 5557 intelligibilis
1182 5488 1356 5540 Aaron
1425 5489 1629 5543 credita
1691 5499 1813 5553 est,

246 5578 604 5642 descendunt,
654 5587 709 5632 et
751 5595 849 5645 per
893 5579 1195 5634 orationem
1244 5594 1437 5633 manus
1493 5580 1560 5633 ad
1618 5580 1814 5634 calum

243 5669 446 5726 levant.
501 5669 867 5725 Elevationem
939 5673 1086 5726 enim
1145 5688 1443 5732 manuum,
1511 5674 1816 5726 orationem

315 5845 360 5882 ’°
385 5847 506 5902 Act.
542 5862 600 5913 it,
640 5849 687 5901 l.
762 5850 798 5879 ⁷¹
841 5847 1021 5902 lTim.
1055 5865 1113 5915 ll,
1141 5851 1190 5904 8.
1229 5849 1271 5879 "
1300 5850 1342 5903 ll
1373 5851 1495 5907 Cor.
1525 5868 1557 5914 ι,
1593 5851 1642 5901 3.

1926 4664 2068 4727 talis,
2140 4665 2353 4734 qualem
2423 4665 2679 4720 Ezechiel
2744 4681 2909 4735 super
2983 4665 3259 4720 Cherubin
3330 4667 3500 4719 visam

1921 4758 2232 4828 descripsit,
2257 4767 2352 4812 aut
2376 4758 2592 4827 qualem
2617 4757 2893 4820 Micliaas,
2923 4757 3009 4812 vel
3033 4757 3199 4811 Isaias
3227 4775 3241 4812 :
3265 4774 3500 4826 quorum

1923 4865 2065 4903 unus
2115 4848 2337 4919 quidem
2398 4848 2665 4918 Seraphin
2727 4850 2784 4902 in
2845 4849 3119 4913 circuitu,
3178 4849 3316 4904 alter
3372 4865 3503 4908 vero

1919 4939 2194 4995 caelestem
2224 4939 2525 4994 exercitum
2548 4940 2703 4995 vidit.
2733 4939 2840 4995 Sed
2864 4956 3208 5010 nequaquam
3239 4942 3340 4995 fuit
3370 4957 3498 5007 una,

1918 5046 2038 5100 qua
2059 5031 2332 5096 omnibus,
2353 5040 2409 5085 et
2427 5031 2626 5102 ubique
2651 5031 2983 5102 spiritalibus
3018 5034 3270 5101 apparuit
3308 5033 3498 5102 gloria,

1920 5123 2012 5176 sed
2051 5121 2368 5177 differentes
2397 5122 2652 5188 visiones,
2690 5131 2883 5192 utpote
2918 5123 3501 5193 incomprehensibiles

1917 5218 2193 5288 prabebat
2243 5218 2590 5272 videntibus:
2621 5231 2866 5287 prasens
2919 5227 3100 5271 tamen
3152 5216 3343 5270 similis
3382 5221 3501 5269 erat

1919 5309 2015 5373 illi,
2047 5308 2172 5378 quia
2215 5309 2571 5378 intelligibilis
2613 5323 2868 5378 egressus
2911 5319 2996 5362 est
3031 5308 3176 5378 ignis
3208 5323 3236 5360 a
3269 5307 3501 5361 Domino

1919 5402 2007 5456 die
2030 5401 2403 5464 Pentecostes,
2438 5410 2663 5470 propter
2693 5401 2840 5470 quod
2863 5401 2973 5454 ait:

1990 5493 2250 5561 Apparuit
2278 5495 2442 5564 gloria
2468 5495 2702 5558 Domini,
2729 5502 2775 5546 et
2798 5508 3031 5562 egressus
3053 5501 3129 5546 est
3159 5493 3292 5563 ignis
3312 5510 3345 5546 a
3366 5493 3498 5547 Deo.

1926 5585 2062 5654 Ergo
2126 5586 2178 5639 in
2247 5588 2425 5655 specie
2454 5586 2594 5656 ignis
2652 5589 2921 5654 apparuit,
2953 5583 3412 5655 quemadmodum
3444 5591 3502 5637 et

1927 5674 2099 5729 Lucas
2131 5678 2351 5746 exponit
2383 5696 2394 5729 :
2442 5677 2505 5730 lit
2541 5679 2710 5748 {actus
2740 5687 2814 5731 est
2842 5681 2903 5731 de
2932 5678 3057 5732 calo
3093 5693 3252 5731 sonus
3281 5675 3498 5745 spiritus
