4218 6450
203 416 309 480 897

1343 411 1426 471 IN
1474 411 1917 474 LEVITICUM.
1959 437 2024 448 --
2067 414 2215 476 LIB.
2247 414 2329 474 II.

3364 417 3476 484 898

283 548 299 581 ι
348 527 570 583 Vocavit
637 535 821 582 autem
881 523 1090 598 Moyses
1147 523 1430 578 Mizaelem
1493 535 1548 580 et
1622 524 1792 580 Elisa-
1825 535 1866 586 Α
1898 529 2229 590 moriamini,
2265 533 2320 581 et
2348 542 2512 597 super
2559 542 2778 583 omnem
2827 535 3031 583 cretum
3087 526 3296 584 oriatur
3329 529 3475 586 indi-

205 622 353 690 phan
405 619 543 674 ﬁlios
593 617 781 675 Ozibel
821 619 1000 688 patrui
1039 618 1240 683 Aaron,
1276 626 1332 671 et
1381 617 1457 671 ait
1510 618 1578 672 ad
1640 634 1735 673 eos
1775 637 1787 672 :

209 711 306 775 ite,
361 711 531 766 tollite
551 712 750 765 fratres
779 721 993 766 vestros
1036 710 1104 766 de
1140 706 1437 780 conspectu
1469 711 1788 776 sanctuarii,

207 813 263 858 et
311 812 589 873 asportate
651 812 804 859 extra
863 813 1079 870 castra.
1142 801 1448 872 Statimque
1506 812 1793 874 pergentes

209 897 449 952 tulerunt
492 912 587 952 eos
627 897 771 951 sicut
808 897 1099 966 jacebant,
1149 894 1377 949 vestitos
1451 895 1609 949 lineis
1644 895 1790 949 tuni-

207 987 306 1052 cis,
343 995 400 1042 et
445 988 727 1057 ejeeerunt
756 987 919 1054 foras,
951 997 1011 1041 ut
1049 987 1150 1042 sibi
1179 986 1358 1041 fuerat
1382 987 1727 1057 imperatum.
1767 1005 1786 1038 ι

277 1079 360 1132 Ab
395 1079 481 1134 his
522 1080 737 1148 quieos
763 1079 1067 1149 ejecerunt,
1118 1094 1214 1133 eos
1267 1077 1362 1148 qui
1393 1078 1616 1140 sublati,
1674 1081 1791 1133 sive

207 1170 366 1241 ejecti
395 1179 545 1236 sunt,
585 1170 855 1239 intellige.
898 1169 1003 1234 Qui
1035 1177 1218 1223 autem
1246 1168 1489 1229 fuerunt,
1539 1168 1631 1237 qui
1666 1183 1790 1223 sus-

207 1258 496 1313 tulerunt?
556 1258 741 1313 blizael
775 1267 833 1313 et
889 1257 1207 1328 Elisaphan,
1259 1258 1375 1313 sive
1425 1256 1682 1331 Misaddai
1737 1267 1792 1313 et

207 1348 525 1419 Elisaphan,
559 1366 797 1420 quorum
834 1365 976 1404 unus
992 1350 1296 1403 attrectatio
1316 1348 1437 1410 Dei,
1461 1349 1511 1403 id
1545 1358 1629 1404 est
1661 1349 1789 1404 Mis-

207 1440 364 1494 addai
402 1459 415 1496 :
454 1441 744 1511 Elisaphan
801 1448 983 1494 autem
1020 1440 1112 1493 Dei
1140 1442 1241 1493 mei
1274 1439 1486 1509 specula
1517 1440 1787 1509 interpre-

209 1536 372 1583 tatur.
392 1529 713 1600 Quicunque
730 1546 858 1601 ergo
892 1531 992 1584 scit
1025 1539 1316 1585 attrectare
1348 1531 1539 1594 Deum,
1565 1531 1788 1600 insuper

209 1631 390 1676 autem
445 1631 500 1677 et
548 1623 839 1692 SpCt'ulat‘i,
907 1630 964 1676 et
1026 1621 1229 1677 Cbrisﬁ
1301 1623 1524 1692 quidem
1566 1639 1785 1678 carnem

209 1727 598 1772 contrectare:
642 1717 914 1787 speculari
963 1727 1145 1771 autem
1206 1732 1304 1786 per
1348 1718 1538 1772 oculos
1586 1718 1787 1772 mentis

210 1809 1007 1874 divinilatem,sicutThomas
1049 1825 1211 1863 manu
1271 1818 1618 1863 contrectans
1662 1824 1786 1862 car-

210 1920 357 1968 nem,
390 1913 446 1957 et
475 1902 580 1957 ﬁde
602 1902 895 1972 speculans
917 1901 1283 1966 divinitatem,
1315 1901 1530 1957 dicebat
1561 1917 1574 1953 :
1605 1901 1780 1955 Domi-

210 2013 308 2050 nus
343 2013 489 2050 meus
519 2004 568 2048 et
613 1995 750 2048 Deus
775 2010 922 2047 meus
944 1994 1010 2047 ⁸⁵.
1043 1990 1341 2064 Hicignem
1370 1994 1561 2049 aliena
1585 1993 1790 2048 doctri-

209 2103 295 2142 me
321 2087 557 2152 auferre,
590 2096 645 2141 et
696 2085 898 2156 ejicere
941 2085 1090 2139 illum
1131 2101 1254 2140 cum
1301 2084 1524 2152 tunicis,
1576 2101 1606 2140 a
1654 2085 1794 2140 facie

210 2189 524 2235 sanctorum
559 2187 766 2250 potest,
815 2178 942 2248 quia
997 2193 1249 2249 personae
1304 2189 1616 2233 sanctorum
1666 2185 1795 2232 sunt

211 2269 521 2326 sacerdotes
540 2286 552 2321 :
570 2269 765 2324 tunicae
784 2285 844 2321 ai;
863 2284 963 2323 aem
981 2268 1350 2334 sacerdotum,
1366 2266 1710 2323 conversatio
1739 2277 1794 2321 et

211 2365 343 2428 vita,
385 2380 507 2433 quae
534 2363 588 2417 in
626 2362 918 2418 sacerdotii
941 2361 1246 2416 induuntur
1277 2360 1648 2432 habitu.Ergo
1670 2375 1793 2415 cum

211 2457 542 2522 sacerdotio,
571 2455 714 2526 quod
756 2456 806 2510 ei
837 2462 985 2510 sorte
1036 2454 1280 2517 obvenit,
1329 2469 1360 2508 a
1410 2453 1663 2526 portione
1709 2469 1794 2508 sa-

212 2552 476 2608 cerdotali
501 2551 870 2622 expelluntur,
900 2565 1011 2605 non
1041 2550 1218 2605 solum
1258 2558 1440 2605 autem
1470 2563 1501 2604 a
1535 2549 1792 2605 sacerdo-

212 2653 351 2710 tum,
381 2643 478 2698 sed
495 2652 550 2698 et
572 2641 776 2714 populi,
807 2641 955 2696 unde
987 2641 1192 2696 addicit
1220 2659 1235 2696 :

286 2734 456 2788 Extra
519 2731 942 2787 tabernacut’um.
988 2730 1432 2786 Tabernaeulum
1478 2731 1623 2786 enim
1677 2728 1791 2793 Dei,

211 2825 473 2880 Ecclesiae
499 2825 733 2895 populus
752 2833 837 2880 est
875 2841 888 2877 :
921 2824 1014 2878 ﬁlii
1036 2832 1217 2878 autem
1250 2822 1428 2894 patrui
1455 2824 1658 2886 Aaron,
1681 2823 1795 2877 sive

214 2917 398 2971 fratris
424 2915 626 2981 Aaron,
663 2916 715 2969 hi
740 2914 831 2985 qui
851 2916 967 2970 haec
985 2914 1096 2969 [ες-μί
1126 2931 1166 2968 -e
1198 2921 1447 2984 possunt,
1485 2913 1788 2967 rationabi-

212 3012 339 3065 liter
372 3009 746 3064 nominantur.
775 3009 832 3062 Si
862 3009 1006 3063 enim
1043 3018 1197 3079 pater
1229 3007 1584 3077 intelligibilis
1610 3008 1794 3060 Aaron

213 3104 382 3158 David
411 3113 512 3168 est,
547 3113 603 3158 et
652 3119 748 3172 per
780 3119 904 3157 eum
954 3118 1115 3157 omne
1150 3118 1348 3172 corpus
1407 3103 1794 3173 prophetarum

212 3196 476 3250 creditur.
502 3195 804 3263 ngzhetiaz
829 3194 1027 3265 quippe
1041 3209 1163 3248 eum
1197 3193 1545 3249 manifestum
1566 3193 1794 3260 faciunt,
1823 3215 1864 3271 ο

214 3297 379 3357 atque
403 3287 804 3357 quodammodo
868 3287 1247 3356 .goorantibus
1292 3287 1529 3357 pariunt.
1599 3287 1792 3342 Frater

213 3387 393 3433 autem
421 3393 711 3449 germanus
739 3386 813 3440 et,
845 3386 904 3430 ut
930 3377 1002 3429 ita
1025 3376 1256 3442 dicatur,
1296 3377 1465 3432 frater
1489 3378 1792 3448 prophetiae

214 3469 564 3539 Evangelium
595 3477 719 3522 est:
752 3467 932 3522 omnia
999 3467 1141 3520 enim
1209 3484 1328 3537 qua:
1373 3469 1429 3522 in
1485 3468 1792 3540 Evangeliis

213 3572 333 3616 acta
374 3572 523 3627 sunt,
547 3576 576 3614 a
599 3559 886 3630 prophetis
917 3560 1176 3629 przedicta
1218 3569 1364 3614 sunt.
1402 3560 1790 3630 Propterquod

212 3648 536 3722 prophetico
558 3666 809 3706 sermone
827 3652 1068 3719 adjuvari
1084 3651 1150 3704 ad
1166 3649 1459 3720 perfectam
1479 3651 1788 3720 scientiam,

211 3746 336 3814 quia
375 3744 542 3798 frater
561 3744 783 3798 fratrem
811 3745 1094 3813 adjuvans,
1127 3743 1267 3798 sicut
1296 3742 1489 3798 civitas
1515 3743 1670 3799 firma
1688 3745 1792 3800 Pe-

215 3846 334 3890 trus
361 3836 654 3905 prmcepit;
700 3836 776 3889 ait
809 3837 956 3889 enim
989 3851 1004 3890 :
1045 3833 1314 3887 Habemus
1349 3833 1635 3902 ﬁrmiorem
1665 3852 1793 3906 pro-

213 3928 476 3996 plteticum
505 3943 818 3989 sermonem,
843 3927 928 3978 cui
963 3926 1267 3996 benefacitis
1293 3927 1639 3992 intendentes,
1657 3929 1790 3981 sicut

214 4021 440 4073 lncerme
455 4020 508 4071 in
540 4020 752 4071 obscuro
776 4018 908 4080 loco,
944 4034 1104 4088 usque
1136 4018 1262 4070 dum
1286 4019 1395 4071 dies
1430 4017 1723 4086 illucescat,
1740 4032 1791 4073 et

214 4108 422 4177 Lucifer
445 4110 652 4162 oriatur
681 4107 737 4159 in
768 4106 1009 4160 cordibus
1040 4108 1223 4160 vestris
1244 4107 1322 4173 '3;
1370 4106 1423 4162 id
1486 4118 1570 4162 est
1617 4123 1790 4178 usque

211 4198 340 4252 dum
371 4201 423 4250 in
455 4198 611 4251 vobis
641 4196 953 4267 evangelica
1013 4197 1242 4252 scientia
1271 4198 1491 4252 clarcat.
1521 4199 1641 4254 Filii
1678 4198 1791 4253 fra-

214 4289 314 4342 tris
339 4289 509 4358 patris
535 4289 737 4355 Aaron,
773 4289 911 4342 bene
942 4298 997 4342 et
1025 4287 1190 4342 nimis
1217 4297 1345 4356 apte
1376 4287 1455 4353 hi,
1480 4287 1571 4358 qui
1619 4304 1792 4344 evan-

213 4379 442 4448 gelicam
471 4380 945 4435 conversationem
983 4379 1344 4444 didicerunt,
1409 4379 1689 4447 dicuntur,
1737 4390 1794 4436 et

215 4469 316 4521 bos
341 4469 430 4538 qui
463 4469 567 4523 alia
601 4470 822 4534 docent,
850 4485 1080 4539 arguere
1139 4478 1195 4523 et
1248 4471 1539 4539 repellere,
1585 4480 1792 4544 utpote

1875 608 2104 690 'guatio.
2157 621 2377 675 Fratres
2424 618 2612 685 vestri,
2671 628 2727 674 et
2751 618 2934 675 omnis
2997 619 3195 675 domus
3239 619 3476 676 ﬁliorum

1897 712 2063 766 Israel
2098 711 2357 782 plangant
2396 711 2730 776 incendium,
2777 712 2922 780 quod
2947 710 3213 766 Dominus
3244 711 3479 767 suscita-

1895 803 1991 857 vit.
2017 803 2127 858 Vos
2152 813 2336 859 autem
2379 820 2490 858 non
2538 803 2860 876 egredimini
2915 804 3062 858 fores
3114 804 3476 870 tabernaculi,

1894 896 2130 964 alioquin
2151 897 2416 966 peribitis,
2446 896 2624 950 oleum
2650 895 2853 965 quippe
2871 905 3071 950 sancta:
3104 895 3378 949 unctionis
3392 904 3480 951 est

1894 1004 2060 1058 super
2072 1004 2184 1043 vos.
2203 988 2304 1054 Qui
2320 987 2568 1043 fecerunt
2585 988 2931 1057 omniajuxta
2945 987 3476 1058 prteceptumMoysi.

1963 1074 2084 1128 Non
2118 1074 2431 1144 ignoramus
2457 1074 2587 1143 quid
2623 1074 2849 1145 cydares
2879 1073 3193 1145 signiﬁcent
3221 1074 3478 1128 sacerdo-

1893 1174 2033 1233 tum,
2069 1167 2279 1221 scilicet
2299 1167 2427 1236 quia
2457 1165 2639 1220 omnis
2668 1165 2773 1218 viri
2823 1173 2989 1235 caput
3020 1165 3295 1230 Christus,
3315 1173 3482 1235 caput

1891 1256 2090 1312 Christi
2137 1259 2505 1324 autem,Deus
2541 1277 2556 1314 :
2584 1257 2894 1312 necessarie
2920 1257 3132 1329 cydaris
3153 1257 3479 1324 signiﬁcatio

1891 1350 2290 1419 quadammodo
2320 1358 2404 1406 est
2449 1349 2608 1405 simul
2667 1347 2941 1421 Unigeniti
2996 1348 3374 1410 humanitatis,
3425 1355 3482 1403 et

1890 1440 2193 1498 divinitatis
2223 1459 2236 1495 :
2263 1442 2367 1497 hoc
2396 1443 2543 1497 enim
2573 1451 2627 1496 et
2675 1457 2772 1510 per
2792 1440 3477 1512 cydariscompositioncm

1889 1535 2142 1604 superius
2174 1534 2691 1588 demonsrravimus.
2713 1535 2854 1602 Ergo
2889 1540 3479 1602 quae-oporteatcusto-

1888 1623 2007 1678 dire
2039 1623 2350 1678 sacerdotes
2379 1633 2433 1678 et
2468 1624 2722 1677 doctores
2753 1622 3013 1692 praecepit
3047 1640 3060 1675 :
3086 1623 3140 1676 ivl
3174 1631 3354 1684 est,ut
3375 1638 3479 1678 nec

1889 1715 2229 1770 divinitatem
2261 1715 2487 1777 Christi,
2511 1731 2613 1769 nec
2676 1715 3074 1770 humanitatem
3109 1724 3334 1785 negent,
3374 1728 3479 1770 nec

1888 1805 2286 1870 coutradicant,
2312 1805 2438 1874 quia
2467 1804 2609 1859 Deus
2638 1820 2706 1859 ex
2739 1805 2874 1869 Deo,
2904 1812 2960 1859 et
2988 1805 3226 1859 Verbum
3269 1813 3353 1859 est
3409 1821 3481 1862 ex

1893 1896 2070 1950 Patre.
2107 1894 2220 1951 Hoc
2247 1909 2328 1951 est
2358 1897 2504 1952 enim
2544 1897 2786 1968 cydarim
2814 1912 2923 1951 non
2963 1896 3183 1952 auferre
3209 1915 3239 1951 e
3275 1897 3477 1967 capite,

1893 1989 2151 2044 videlicet
2171 2006 2283 2044 non
2318 1989 2529 2044 nudare
2579 1989 3155 2060 intelligibilicydare.
3213 1988 3321 2045 Sed
3377 2006 3483 2046 nec

1895 2080 2368 2150 diSpensationem
2439 2089 2697 2145 renuant,
2762 2090 2857 2136 aut
2915 2081 3320 2151 blasphement.
3376 2081 3480 2149 Qui

1875 2175 2038 2228 enim
2064 2174 2270 2229 Christi
2295 2174 2757 2245 dispensationem
2781 2174 3186 2244 blaSphemant,
3222 2177 3481 2230 sacerdo-

1897 2265 2058 2320 talem
2093 2276 2354 2336 rumpunt
2383 2267 2576 2322 stolam
2608 2281 2623 2320 :
2671 2266 2798 2337 quia
2827 2281 3018 2322 omnes
3049 2267 3268 2337 quidem
3294 2269 3476 2324 homi-

1894 2370 1996 2411 nes
2019 2355 2112 2426 qui
2146 2356 2199 2410 in
2231 2356 2514 2412 Christum
2559 2357 2931 2423 crediderunt,
2966 2358 3140 2413 multo
3159 2359 3332 2429 magis
3379 2376 3481 2415 au-

1896 2458 2004 2504 tem
2043 2449 2358 2504 sacerdotes
2395 2457 2522 2505 sunt
2550 2448 2640 2519 qui
2684 2448 2967 2505 Christum
3009 2449 3352 2506 induerunt:
3403 2453 3480 2507 si-

1893 2541 2114 2612 quidem
2132 2541 2444 2612 quicunque
2471 2540 2526 2596 in
2544 2540 2765 2597 Christo
2794 2541 3052 2612 baptizati
3087 2558 3298 2607 sumus,
3318 2543 3481 2600 Chri-

1896 2641 2038 2686 stum
2072 2633 2369 2698 induimur,
2413 2633 2531 2687 hazc
2584 2640 2811 2704 agentes
2840 2633 3175 2700 sacerdotes,
3212 2649 3316 2689 nec
3360 2650 3482 2690 mo-

1896 2726 2124 2788 rientur,
2175 2741 2274 2780 nec
2332 2725 2738 2796 congregationi
2818 2725 3257 2796 superinducunt
3317 2727 3476 2783 iram.

1895 2816 2316 2885 l’rrepositurum
2346 2817 2488 2874 enim
2515 2815 2640 2868 vitia
2690 2813 3077 2869 oll‘endiculum
3106 2824 3238 2869 sunt
3287 2817 3479 2885 subje-

1895 2907 2286 2970 ctis,-etmulto
2310 2907 2480 2977 magis
2510 2907 2795 2961 doctorum
2832 2907 3117 2976 discipulis
3157 2923 3346 2962 eorum
3383 2906 3480 2962 ira!

1896 3001 1988 3053 Dei
2019 3000 2157 3053 ﬁunt
2178 3000 2410 3054 occasio.
2445 2997 2675 3068 Pr0pter
2717 2998 2862 3068 quod
2916 3007 2972 3052 et
3004 3013 3223 3054 omnem
3253 3000 3478 3055 domum

1897 3091 2085 3157 lsrael,
2126 3106 2344 3145 omnem
2391 3090 2643 3145 videlicet
2701 3089 3022 3155 Ecclesiam,
3082 3092 3341 3162 plangere
3392 3092 3479 3146 in-

1896 3178 2146 3231 cendium
2174 3193 2282 3246 quo
2305 3178 2510 3232 incensi
2533 3189 2662 3232 sunt
2691 3193 2720 3232 a
2750 3177 2859 3231 Deo
2879 3179 2995 3232 vult
3023 3197 3036 3231 :
3061 3180 3187 3248 quia
3215 3182 3476 3236 damnum

1899 3269 2154 3324 Ecclesia!
2210 3271 2374 3324 unius
2421 3269 2676 3334 membri,
2735 3277 2791 3323 et
2820 3270 3112 3339 cujuslibet
3166 3286 3326 3326 casus
3371 3280 3477 3336 est,

1897 3370 2103 3432 quanto
2131 3363 2299 3432 magis
2331 3362 2639 3426 doctorum,
2715 3371 2770 3416 et
2795 3360 3138 3416 sacerdotum
3203 3364 3481 3432 perditio?

1900 3455 1976 3509 Ita
2008 3465 2068 3509 ut
2098 3453 2298 3509 Paulus
2327 3455 2395 3509 de
2413 3470 2477 3509 eo
2495 3455 2588 3525 qui
2617 3454 2919 3509 fornicatus
2947 3455 3145 3520 fuerat,
3179 3456 3478 3512 Corinthiis

1899 3545 2104 3599 scribat
2135 3561 2148 3596 :
2183 3544 2250 3598 Et
2271 3561 2360 3598 vos
2391 3544 2569 3614 inﬂati
2605 3545 2750 3609 estis,
2786 3554 2836 3597 et
2891 3560 2995 3597 non
3044 3546 3216 3615 magis
3277 3545 3476 3600 luctum

1898 3636 2156 3690 habuistis
2190 3635 2255 3690 ".
2285 3635 2338 3689 Si
2388 3644 2568 3688 autem
2620 3650 2732 3687 uno
2779 3651 2843 3688 ex
2892 3634 3095 3704 populo
3150 3636 3472 3701 fornicante,

1899 3743 2117 3782 omnem
2172 3727 2468 3781 Ecclesiam
2523 3727 2708 3796 lugere
2750 3727 3029 3796 praecepit,
3077 3728 3248 3782 multo
3305 3729 3477 3799 magis

1898 3824 2117 3893 quando
2141 3823 2477 3888 sacerdotes,
2520 3831 2576 3876 et
2622 3825 2873 3876 doctores
2907 3823 3068 3893 impie
3095 3835 3337 3895 agentes,
3391 3828 3473 3879 vei

1899 3915 2345 3985 blasphemantes
2384 3915 2757 3968 inveniuntur.
2788 3914 2883 3969 llis
2923 3915 2995 3969 ita
3024 3931 3082 3970 se
3122 3917 3474 3982 bal-cutibus,

1898 4007 2029 4062 illud
2051 4007 2219 4076 quaeri
2242 4015 2479 4076 Oportet,
2507 4006 2779 4075 quomodo
2809 4022 2932 4061 cum
2959 4023 3058 4076 per
3075 4009 3476 4077 pra-cedentem

1899 4097 2262 4158 sanctionem,
2291 4105 2504 4165 septem
2525 4095 2671 4150 solos
2695 4096 2812 4150 dies
2850 4111 2960 4149 non
2989 4097 3171 4168 egredi
3194 4097 3261 4151 de
3296 4101 3477 4154 taber-

1898 4194 2100 4248 naculo
2129 4192 2430 4249 testimonii
2463 4192 2836 4262 praecepisset,
2889 4192 2975 4246 his
3000 4193 3306 4263 completis,
3361 4195 3479 4250 hzec

1899 4285 2046 4340 enim
2067 4285 2122 4338 in
2148 4291 2335 4338 octava
2367 4281 2455 4336 die
2479 4289 2735 4352 aguntur,
2783 4296 2973 4334 rursus
2993 4281 3073 4337 eis
3097 4282 3303 4352 Moyses
3335 4299 3480 4352 pra:-

1898 4377 2062 4447 cepit,
2095 4375 2163 4429 de
2200 4374 2340 4428 ostio
2371 4372 2704 4428 tabernaculi
2743 4386 2854 4426 non
2903 4373 3129 4442 egredi?
3181 4373 3298 4427 Non
3349 4391 3481 4446 ergo

1899 4467 2173 4523 contraria
2211 4466 2310 4520 sibi
2363 4467 2557 4530 sancit,
2627 4464 2722 4519 sed
2788 4465 3137 4518 manifestum
3199 4474 3283 4519 est
3333 4466 3479 4534 quod

213 4559 511 4630 perfectam
531 4561 793 4616 habentes
830 4563 1136 4626 scientiam,
1168 4562 1481 4616 necessario
1509 4571 1638 4616 sunt
1671 4562 1788 4617 dis-
1821 4564 1869 4622 D
1895 4557 2062 4612 alium
2087 4555 2177 4611 hic
2207 4554 2286 4609 eis
2315 4568 2594 4625 egressum
2657 4555 2781 4606 ostii
2816 4552 3150 4606 tabernaculi
3182 4553 3478 4607 testimonii

213 4650 397 4718 positi.
450 4650 528 4704 De
547 4667 656 4720 quo
709 4649 947 4705 Joannes
976 4651 1210 4705 dicebat.
1259 4649 1439 4705 Omnis
1469 4652 1559 4722 qui
1596 4667 1794 4719 praere-

209 4744 312 4802 dit.
338 4752 385 4795 et
411 4759 518 4796 non
540 4752 713 4796 manet
734 4744 787 4796 in
809 4744 1049 4797 doctrina
1081 4741 1298 4804 Christi,
1342 4742 1508 4797 Deum
1557 4760 1658 4797 non
1694 4745 1794 4798 Ita-

211 4835 315 4887 bet.
352 4831 454 4898 Qui
503 4845 679 4888 manet
713 4836 769 4888 in
797 4836 1058 4899 doctrina,
1080 4834 1163 4887 hic
1185 4844 1232 4887 et
1267 4833 1438 4903 ﬁlium
1489 4845 1538 4888 et
1589 4844 1795 4904 patrem

211 4927 387 4980 habet.
420 4926 479 4980 Si
502 4929 617 4998 quis
647 4928 784 4981 venit
815 4929 885 4981 ad
934 4944 1041 4993 vos,
1090 4937 1138 4980 et
1175 4927 1312 4981 hanc
1341 4928 1638 4982 doctrinam
1692 4945 1794 4982 non

212 5019 419 5087 aﬂ'eret,
448 5020 608 5072 nolite
639 5021 871 5089 recipere
901 5037 1018 5074 eum
1043 5022 1096 5073 in
1143 5021 1377 5085 domum,
1411 5037 1502 5075 nec
1521 5021 1570 5073 ei
1594 5022 1794 5075 dixeri-

212 5108 430 5173 tis,Ave
453 5108 522 5162 “.
557 5106 699 5179 Ergo
750 5109 1030 5179 proprium
1077 5117 1163 5163 est
1208 5122 1421 5171 eorum,
1476 5108 1568 5176 qui
1615 5107 1793 5162 edocti

212 5211 341 5254 sunt
374 5202 741 5271 evangelicam
774 5202 1100 5263 doctrinam,
1138 5215 1234 5255 eos
1264 5199 1356 5271 qui
1387 5200 1694 5254 adulterina
1741 5211 1798 5257 et

211 5288 393 5341 aliena
434 5289 753 5358 praedicant,
785 5305 815 5343 a
848 5289 987 5344 facie
1032 5298 1345 5343 sanctorum
1373 5297 1428 5342 et
1459 5289 1793 5344 tabernaculi

209 5381 487 5448 expellere
522 5392 684 5452 atque
718 5383 1007 5452 projicere.

292 5471 453 5527 "Isne.
482 5472 535 5538 6,
565 5473 617 5528 7.
656 5491 676 5525 ι
713 5473 954 5529 Locutus
980 5483 1067 5530 est
1091 5475 1302 5544 Moyses
1331 5474 1397 5530 ad
1437 5475 1618 5529 Aaron
1645 5484 1700 5530 et
1727 5474 1792 5529 ad

213 5568 461 5632 Eleazar,
488 5575 653 5639 atque
677 5567 744 5622 ad
775 5567 1015 5622 Ithamar
1033 5567 1172 5622 ﬁlios
1201 5567 1322 5637 ejus
1359 5584 1371 5620 :
1402 5564 1593 5636 Capita
1613 5574 1794 5621 vestra

211 5659 387 5717 nolite
407 5659 615 5714 nudare
639 5667 695 5714 et
728 5659 1047 5715 vestimenta
1075 5659 1245 5714 nolite
1273 5657 1633 5728 scindere,ne
1652 5660 1794 5716 forte

1902 4647 2164 4721 praecepit
2185 4646 2480 4702 custodire.
2504 4644 2639 4700 Nam
2669 4643 2909 4698 addidit:

1979 4738 2042 4794 Ut
2073 4754 2175 4790 non
2200 4736 2526 4790 moriemini.
2557 4735 2717 4804 Atqui
2738 4736 2853 4790 hac
2887 4751 2997 4788 non
3025 4735 3242 4805 scripsit
3269 4738 3323 4790 in
3381 4753 3478 4791 su-

1902 4831 2208 4902 perioribus
2235 4844 2249 4883 :
2281 4829 2421 4900 Ergo
2447 4829 2818 4884 additamenta
2842 4832 3308 4896 comminationis,
3331 4833 3476 4886 aliud

1903 4924 2178 4994 quidpiam
2221 4938 2280 4978 se
2319 4923 2564 4977 sanxisse
2619 4921 2986 4994 signiﬁcavit:
3045 4924 3169 4991 quia
3223 4925 3368 4977 enim
3420 4935 3479 4979 ut

1905 5015 2084 5086 ignem
2100 5015 2289 5068 aliena:
2312 5013 2575 5068 doctrina:
2603 5013 2898 5068 offerentes
2920 5014 3138 5082 quidam
3166 5015 3480 5068 sacerdotes

1895 5106 2196 5178 perierunt.
2228 5106 2366 5162 Aliis
2389 5121 2502 5160 non
2557 5107 2706 5159 exire
2734 5105 2958 5175 ianuam
2984 5106 3248 5170 scientiae,
3283 5107 3477 5160 videli-
3531 5128 3542 5143 ι

1896 5203 1983 5252 cet
2014 5195 2240 5263 Christi,
2268 5206 2323 5251 et
2351 5195 2658 5250 traditionis
2695 5196 2836 5265 ejus,
2887 5211 2988 5265 per
3017 5211 3081 5249 ea
3133 5212 3254 5265 qua:
3331 5197 3476 5250 dicta
3519 5220 3526 5232 -

1897 5298 2026 5344 sunt
2050 5289 2329 5358 praecepit,
2367 5287 2418 5341 id
2442 5296 2525 5341 est
2554 5301 2666 5341 non
2690 5287 2992 5357 transgredi
3026 5303 3144 5340 eam
3181 5303 3340 5356 quam
3362 5288 3479 5356 ipse

1896 5380 2175 5436 mandavit
2241 5378 2706 5450 pmdicationem,
2780 5379 2875 5433 sed
2928 5379 3083 5449 sequi
3133 5379 3478 5434 Dominicum

1900 5480 2236 5545 praeceptum
2258 5486 2357 5540 per
2386 5471 2568 5526 omnia
2603 5489 2616 5527 :
2653 5471 2734 5525 sic
2757 5470 2904 5524 enim
2941 5471 3316 5541 unusquisque
3369 5485 3480 5525 non

1898 5566 2182 5623 morietur.
2212 5563 2326 5619 Hoc
2350 5564 2731 5618 sacerdotibus
2750 5565 3043 5642 praecepit,
3063 5564 3262 5634 quibus
3279 5572 3338 5618 ut
3359 5578 3479 5617 ma-

1896 5659 2098 5731 gistris,
2116 5666 2171 5714 ct
2192 5657 2637 5728 pmdicatoribus
2684 5656 2836 5712 verbi
2864 5657 3224 5712 ministerium
3244 5671 3308 5711 ex
3336 5655 3485 5712 dono

291 5832 512 5890 "Joan.
550 5848 642 5901 xx,
678 5831 769 5889 28.
848 5834 894 5866 ”
925 5831 970 5890 Il
999 5829 1147 5888 Petr.
1178 5821 1337 5898 1,19:
1401 5832 1447 5866 ⁸⁸
1472 5831 1689 5887 "103m
1723 5832 1776 5898 9.

1892 5877 1898 5888 .
1975 5834 2020 5866 ’π
2052 5832 2218 5888 lCor.
2261 5849 2315 5896 ν,
2338 5831 2394 5884 2.
