  <div class='ocr_page' id='page_1' title='image "/cluster/home/n/w/nwhite01/storage/ocr_20150623/93/nnc1.0046980059/447.png"; bbox 0 0 4218 6450; ppageno 0'>
   <div class='ocr_carea' id='block_1_1' title="bbox 726 428 840 492">
    <p class='ocr_par' dir='ltr' id='par_1_1' title="bbox 726 428 840 492">
     <span class='ocr_line' id='line_1_1' title="bbox 726 428 840 492; baseline 0 0"><span class='ocrx_word' id='word_1_1' title='bbox 726 428 840 492; x_wconf 80' lang='lat'><strong>899</strong></span> 
     </span>
    </p>
   </div>
   <div class='ocr_carea' id='block_1_2' title="bbox 1914 417 2798 482">
    <p class='ocr_par' dir='ltr' id='par_1_2' title="bbox 1914 417 2798 482">
     <span class='ocr_line' id='line_1_2' title="bbox 1914 417 2798 482; baseline 0.002 -2"><span class='ocrx_word' id='word_1_2' title='bbox 1914 417 2274 480; x_wconf 79' lang='lat' dir='ltr'><strong>HESYCHII</strong></span> <span class='ocrx_word' id='word_1_3' title='bbox 2323 417 2798 482; x_wconf 83' lang='lat' dir='ltr'><strong>PRESBYTERI</strong></span> 
     </span>
    </p>
   </div>
   <div class='ocr_carea' id='block_1_3' title="bbox 3892 424 4004 489">
    <p class='ocr_par' dir='ltr' id='par_1_3' title="bbox 3892 424 4004 489">
     <span class='ocr_line' id='line_1_3' title="bbox 3892 424 4004 489; baseline 0 0"><span class='ocrx_word' id='word_1_4' title='bbox 3892 424 4004 489; x_wconf 83' lang='lat'><strong>900</strong></span> 
     </span>
    </p>
   </div>
   <div class='ocr_carea' id='block_1_4' title="bbox 725 536 4004 613">
    <p class='ocr_par' dir='ltr' id='par_1_4' title="bbox 725 536 4004 613">
     <span class='ocr_line' id='line_1_4' title="bbox 725 536 4004 613; baseline -0.002 -15"><span class='ocrx_word' id='word_1_5' title='bbox 725 540 949 613; x_wconf 76' lang='lat' dir='ltr'><strong>rpiritus</strong></span> <span class='ocrx_word' id='word_1_6' title='bbox 1000 538 1264 594; x_wconf 78' lang='lat' dir='ltr'><strong>creditum</strong></span> <span class='ocrx_word' id='word_1_7' title='bbox 1315 547 1421 604; x_wconf 88' lang='lat' dir='ltr'><strong>est,</strong></span> <span class='ocrx_word' id='word_1_8' title='bbox 1448 537 1516 591; x_wconf 90' lang='lat' dir='ltr'><strong>de</strong></span> <span class='ocrx_word' id='word_1_9' title='bbox 1564 551 1673 607; x_wconf 92' lang='lat' dir='ltr'><strong>quo</strong></span> <span class='ocrx_word' id='word_1_10' title='bbox 1711 551 1857 590; x_wconf 89' lang='lat' dir='ltr'><strong>nunc</strong></span> <span class='ocrx_word' id='word_1_11' title='bbox 1887 536 2166 606; x_wconf 81' lang='lat' dir='ltr'><strong>legislator</strong></span> <span class='ocrx_word' id='word_1_12' title='bbox 2194 537 2304 594; x_wconf 75' lang='lat' dir='ltr'><strong>ait:</strong></span> <span class='ocrx_word' id='word_1_13' title='bbox 2339 546 2383 601; x_wconf 73' lang='grc' dir='ltr'><strong>Α</strong></span> <span class='ocrx_word' id='word_1_14' title='bbox 2412 546 2596 591; x_wconf 83' lang='lat' dir='ltr'><strong>autem</strong></span> <span class='ocrx_word' id='word_1_15' title='bbox 2621 546 2838 608; x_wconf 80' lang='lat' dir='ltr'><strong>oportet</strong></span> <span class='ocrx_word' id='word_1_16' title='bbox 2887 553 3136 608; x_wconf 63' lang='lat' dir='ltr'><strong>quarere</strong></span> <span class='ocrx_word' id='word_1_17' title='bbox 3165 539 3309 610; x_wconf 86' lang='lat' dir='ltr'><strong>quod</strong></span> <span class='ocrx_word' id='word_1_18' title='bbox 3371 553 3497 593; x_wconf 86' lang='lat' dir='ltr'><strong>eum</strong></span> <span class='ocrx_word' id='word_1_19' title='bbox 3564 553 3627 592; x_wconf 84' lang='lat' dir='ltr'><strong>ea</strong></span> <span class='ocrx_word' id='word_1_20' title='bbox 3693 553 3816 606; x_wconf 78' lang='lat' dir='ltr'><strong>qua:</strong></span> <span class='ocrx_word' id='word_1_21' title='bbox 3865 537 4004 607; x_wconf 72' lang='lat' dir='ltr'><strong>legis</strong></span> 
     </span>
    </p>
   </div>
   <div class='ocr_carea' id='block_1_5' title="bbox 797 623 2311 704">
    <p class='ocr_par' dir='ltr' id='par_1_5' title="bbox 797 623 2311 704">
     <span class='ocr_line' id='line_1_5' title="bbox 797 623 2311 704; baseline -0.007 -15"><span class='ocrx_word' id='word_1_22' title='bbox 797 634 981 690; x_wconf 81' lang='lat' dir='ltr'><strong>Oleum</strong></span> <span class='ocrx_word' id='word_1_23' title='bbox 1008 635 1198 704; x_wconf 73' lang='lat' dir='ltr'><strong>quippe</strong></span> <span class='ocrx_word' id='word_1_24' title='bbox 1229 623 1429 685; x_wconf 75' lang='lat' dir='ltr'><strong>sancite</strong></span> <span class='ocrx_word' id='word_1_25' title='bbox 1475 632 1735 684; x_wconf 87' lang='lat' dir='ltr'><strong>unctionis</strong></span> <span class='ocrx_word' id='word_1_26' title='bbox 1769 640 1842 684; x_wconf 88' lang='lat' dir='ltr'><strong>est</strong></span> <span class='ocrx_word' id='word_1_27' title='bbox 1871 646 2027 698; x_wconf 81' lang='lat' dir='ltr'><strong>super</strong></span> <span class='ocrx_word' id='word_1_28' title='bbox 2056 645 2159 683; x_wconf 75' lang='lat' dir='ltr'><strong>vos.</strong></span> <span class='ocrx_word' id='word_1_29' title='bbox 2199 629 2311 680; x_wconf 86' lang='lat' dir='ltr'><strong>llu—</strong></span> 
     </span>
    </p>
   </div>
   <div class='ocr_carea' id='block_1_6' title="bbox 720 724 2310 799">
    <p class='ocr_par' dir='ltr' id='par_1_6' title="bbox 720 724 2310 799">
     <span class='ocr_line' id='line_1_6' title="bbox 720 724 2310 799; baseline -0.004 -17"><span class='ocrx_word' id='word_1_30' title='bbox 720 730 814 799; x_wconf 87' lang='lat' dir='ltr'><strong>jus</strong></span> <span class='ocrx_word' id='word_1_31' title='bbox 848 739 1029 780; x_wconf 90' lang='lat' dir='ltr'><strong>autem</strong></span> <span class='ocrx_word' id='word_1_32' title='bbox 1065 727 1341 779; x_wconf 78' lang='lat' dir='ltr'><strong>unctionis</strong></span> <span class='ocrx_word' id='word_1_33' title='bbox 1376 733 1657 788; x_wconf 84' lang='lat' dir='ltr'><strong>virtutem,</strong></span> <span class='ocrx_word' id='word_1_34' title='bbox 1701 724 1939 778; x_wconf 79' lang='lat' dir='ltr'><strong>Joannes</strong></span> <span class='ocrx_word' id='word_1_35' title='bbox 1967 724 2122 776; x_wconf 89' lang='lat' dir='ltr'><strong>nobis</strong></span> <span class='ocrx_word' id='word_1_36' title='bbox 2142 739 2310 776; x_wconf 82' lang='lat' dir='ltr'><strong>evan-</strong></span> 
     </span>
    </p>
   </div>
   <div class='ocr_carea' id='block_1_7' title="bbox 729 817 2312 891">
    <p class='ocr_par' dir='ltr' id='par_1_7' title="bbox 729 817 2312 891">
     <span class='ocr_line' id='line_1_7' title="bbox 729 817 2312 891; baseline -0.004 -18"><span class='ocrx_word' id='word_1_37' title='bbox 729 822 920 891; x_wconf 84' lang='lat' dir='ltr'><strong>gelista</strong></span> <span class='ocrx_word' id='word_1_38' title='bbox 955 820 1315 880; x_wconf 82' lang='lat' dir='ltr'><strong>demonstrat,</strong></span> <span class='ocrx_word' id='word_1_39' title='bbox 1347 817 1536 871; x_wconf 89' lang='lat' dir='ltr'><strong>dicens</strong></span> <span class='ocrx_word' id='word_1_40' title='bbox 1569 835 1582 869; x_wconf 90' lang='lat'><strong>:</strong></span> <span class='ocrx_word' id='word_1_41' title='bbox 1617 817 1682 870; x_wconf 87' lang='lat' dir='ltr'><strong>Et</strong></span> <span class='ocrx_word' id='word_1_42' title='bbox 1715 835 1801 869; x_wconf 76' lang='lat' dir='ltr'><strong>eos</strong></span> <span class='ocrx_word' id='word_1_43' title='bbox 1829 817 2122 868; x_wconf 85' lang='lat' dir='ltr'><strong>unctionem</strong></span> <span class='ocrx_word' id='word_1_44' title='bbox 2152 833 2312 883; x_wconf 86' lang='lat' dir='ltr'><strong>quam</strong></span> 
     </span>
    </p>
   </div>
   <div class='ocr_carea' id='block_1_8' title="bbox 728 909 2313 980">
    <p class='ocr_par' dir='ltr' id='par_1_8' title="bbox 728 909 2313 980">
     <span class='ocr_line' id='line_1_8' title="bbox 728 909 2313 980; baseline -0.004 -13"><span class='ocrx_word' id='word_1_45' title='bbox 728 914 1002 980; x_wconf 82' lang='lat' dir='ltr'><strong>accepistis</strong></span> <span class='ocrx_word' id='word_1_46' title='bbox 1037 911 1101 962; x_wconf 92' lang='lat' dir='ltr'><strong>ab</strong></span> <span class='ocrx_word' id='word_1_47' title='bbox 1134 927 1213 972; x_wconf 89' lang='lat' dir='ltr'><strong>eo,</strong></span> <span class='ocrx_word' id='word_1_48' title='bbox 1247 919 1455 962; x_wconf 82' lang='lat' dir='ltr'><strong>moneat</strong></span> <span class='ocrx_word' id='word_1_49' title='bbox 1514 911 1570 962; x_wconf 85' lang='lat' dir='ltr'><strong>in</strong></span> <span class='ocrx_word' id='word_1_50' title='bbox 1609 910 1768 962; x_wconf 75' lang='lat' dir='ltr'><strong>vobis.</strong></span> <span class='ocrx_word' id='word_1_51' title='bbox 1830 909 1895 962; x_wconf 83' lang='lat' dir='ltr'><strong>Et</strong></span> <span class='ocrx_word' id='word_1_52' title='bbox 1948 926 2049 960; x_wconf 90' lang='lat' dir='ltr'><strong>non</strong></span> <span class='ocrx_word' id='word_1_53' title='bbox 2108 924 2313 960; x_wconf 81' lang='lat' dir='ltr'><strong>necesse</strong></span> 
     </span>
    </p>
   </div>
   <div class='ocr_carea' id='block_1_9' title="bbox 725 1001 2312 1071">
    <p class='ocr_par' dir='ltr' id='par_1_9' title="bbox 725 1001 2312 1071">
     <span class='ocr_line' id='line_1_9' title="bbox 725 1001 2312 1071; baseline -0.004 -13"><span class='ocrx_word' id='word_1_54' title='bbox 725 1007 947 1065; x_wconf 80' lang='lat' dir='ltr'><strong>habetis,</strong></span> <span class='ocrx_word' id='word_1_55' title='bbox 979 1014 1031 1056; x_wconf 90' lang='lat' dir='ltr'><strong>ut</strong></span> <span class='ocrx_word' id='word_1_56' title='bbox 1075 1004 1267 1071; x_wconf 89' lang='lat' dir='ltr'><strong>aliquis</strong></span> <span class='ocrx_word' id='word_1_57' title='bbox 1312 1008 1496 1056; x_wconf 85' lang='lat' dir='ltr'><strong>doceat</strong></span> <span class='ocrx_word' id='word_1_58' title='bbox 1543 1020 1656 1066; x_wconf 73' lang='lat' dir='ltr'><strong>eos,</strong></span> <span class='ocrx_word' id='word_1_59' title='bbox 1698 1005 1787 1055; x_wconf 80' lang='lat' dir='ltr'><strong>sed</strong></span> <span class='ocrx_word' id='word_1_60' title='bbox 1811 1003 1946 1054; x_wconf 81' lang='lat' dir='ltr'><strong>sicut</strong></span> <span class='ocrx_word' id='word_1_61' title='bbox 1979 1002 2154 1052; x_wconf 81' lang='lat' dir='ltr'><strong><em>unctio</em></strong></span> <span class='ocrx_word' id='word_1_62' title='bbox 2199 1001 2312 1068; x_wconf 83' lang='lat' dir='ltr'><strong>ejus</strong></span> 
     </span>
    </p>
   </div>
   <div class='ocr_carea' id='block_1_10' title="bbox 725 1095 2313 1158">
    <p class='ocr_par' dir='ltr' id='par_1_10' title="bbox 725 1095 2313 1158">
     <span class='ocr_line' id='line_1_10' title="bbox 725 1095 2313 1158; baseline -0.005 -8"><span class='ocrx_word' id='word_1_63' title='bbox 725 1099 868 1150; x_wconf 87' lang='lat' dir='ltr'><strong><em>docet</em></strong></span> <span class='ocrx_word' id='word_1_64' title='bbox 894 1115 983 1149; x_wconf 82' lang='lat' dir='ltr'><strong>vos</strong></span> <span class='ocrx_word' id='word_1_65' title='bbox 1017 1099 1080 1149; x_wconf 92' lang='lat' dir='ltr'><strong>de</strong></span> <span class='ocrx_word' id='word_1_66' title='bbox 1110 1095 1370 1158; x_wconf 88' lang='lat' dir='ltr'><strong>omnibus,</strong></span> <span class='ocrx_word' id='word_1_67' title='bbox 1424 1105 1471 1148; x_wconf 91' lang='lat' dir='ltr'><strong>et</strong></span> <span class='ocrx_word' id='word_1_68' title='bbox 1499 1111 1676 1147; x_wconf 73' lang='lat' dir='ltr'><strong>verum</strong></span> <span class='ocrx_word' id='word_1_69' title='bbox 1714 1104 1808 1158; x_wconf 86' lang='lat' dir='ltr'><strong>est,</strong></span> <span class='ocrx_word' id='word_1_70' title='bbox 1859 1104 1904 1146; x_wconf 90' lang='lat' dir='ltr'><strong>et</strong></span> <span class='ocrx_word' id='word_1_71' title='bbox 1935 1111 2033 1145; x_wconf 85' lang='lat' dir='ltr'><strong>non</strong></span> <span class='ocrx_word' id='word_1_72' title='bbox 2065 1103 2136 1145; x_wconf 83' lang='lat' dir='ltr'><strong>est</strong></span> <span class='ocrx_word' id='word_1_73' title='bbox 2167 1109 2313 1144; x_wconf 85' lang='lat' dir='ltr'><strong>men-</strong></span> 
     </span>
    </p>
   </div>
   <div class='ocr_carea' id='block_1_11' title="bbox 725 1185 2312 1255">
    <p class='ocr_par' dir='ltr' id='par_1_11' title="bbox 725 1185 2312 1255">
     <span class='ocr_line' id='line_1_11' title="bbox 725 1185 2312 1255; baseline -0.004 -13"><span class='ocrx_word' id='word_1_74' title='bbox 725 1191 934 1242; x_wconf 84' lang='lat' dir='ltr'><strong>dacium</strong></span> <span class='ocrx_word' id='word_1_75' title='bbox 967 1189 1032 1240; x_wconf 78' lang='grc'><strong>⁸⁸.</strong></span> <span class='ocrx_word' id='word_1_76' title='bbox 1067 1188 1190 1241; x_wconf 78' lang='lat' dir='ltr'><strong>II.rc</strong></span> <span class='ocrx_word' id='word_1_77' title='bbox 1232 1185 1444 1254; x_wconf 67' lang='lat' dir='ltr'><strong>Moyses</strong></span> <span class='ocrx_word' id='word_1_78' title='bbox 1491 1203 1587 1254; x_wconf 81' lang='lat' dir='ltr'><strong>per</strong></span> <span class='ocrx_word' id='word_1_79' title='bbox 1619 1186 1872 1255; x_wconf 78' lang='lat' dir='ltr'><strong>spiritum</strong></span> <span class='ocrx_word' id='word_1_80' title='bbox 1917 1186 2194 1254; x_wconf 54' lang='grc' dir='ltr'><strong>νηοί-υἷι,</strong></span> <span class='ocrx_word' id='word_1_81' title='bbox 2257 1196 2312 1236; x_wconf 85' lang='lat' dir='ltr'><strong>et</strong></span> 
     </span>
    </p>
   </div>
   <div class='ocr_carea' id='block_1_12' title="bbox 725 1278 2308 1351">
    <p class='ocr_par' dir='ltr' id='par_1_12' title="bbox 725 1278 2308 1351">
     <span class='ocr_line' id='line_1_12' title="bbox 725 1278 2308 1351; baseline -0.004 -15"><span class='ocrx_word' id='word_1_82' title='bbox 725 1284 965 1336; x_wconf 76' lang='lat' dir='ltr'><strong>Ecclesia</strong></span> <span class='ocrx_word' id='word_1_83' title='bbox 995 1283 1254 1335; x_wconf 82' lang='lat' dir='ltr'><strong>custodit.</strong></span> <span class='ocrx_word' id='word_1_84' title='bbox 1286 1282 1428 1351; x_wconf 82' lang='lat' dir='ltr'><strong>Ergo</strong></span> <span class='ocrx_word' id='word_1_85' title='bbox 1455 1291 1862 1349; x_wconf 89' lang='lat' dir='ltr'><strong>consequenter</strong></span> <span class='ocrx_word' id='word_1_86' title='bbox 1889 1278 2165 1349; x_wconf 84' lang='lat' dir='ltr'><strong>legislator</strong></span> <span class='ocrx_word' id='word_1_87' title='bbox 2180 1279 2308 1331; x_wconf 89' lang='lat' dir='ltr'><strong>sub-</strong></span> 
     </span>
    </p>
   </div>
   <div class='ocr_carea' id='block_1_13' title="bbox 720 1372 2053 1442">
    <p class='ocr_par' dir='ltr' id='par_1_13' title="bbox 720 1372 2053 1442">
     <span class='ocr_line' id='line_1_13' title="bbox 720 1372 2053 1442; baseline -0.005 -12"><span class='ocrx_word' id='word_1_88' title='bbox 720 1375 856 1430; x_wconf 70' lang='lat' dir='ltr'><strong>oniit</strong></span> <span class='ocrx_word' id='word_1_89' title='bbox 890 1393 900 1426; x_wconf 95' lang='lat'>:</span> <span class='ocrx_word' id='word_1_90' title='bbox 943 1372 1044 1438; x_wconf 86' lang='lat' dir='ltr'><strong><em>Qui</em></strong></span> <span class='ocrx_word' id='word_1_91' title='bbox 1076 1373 1484 1442; x_wconf 75' lang='lat' dir='ltr'><strong>[eceruntjuxta</strong></span> <span class='ocrx_word' id='word_1_92' title='bbox 1518 1382 1836 1441; x_wconf 70' lang='lat' dir='ltr'><strong>pra&#39;ceptum</strong></span> <span class='ocrx_word' id='word_1_93' title='bbox 1865 1372 2053 1440; x_wconf 81' lang='lat' dir='ltr'><strong>Moysi.</strong></span> 
     </span>
    </p>
   </div>
   <div class='ocr_carea' id='block_1_14' title="bbox 795 1463 2306 1533">
    <p class='ocr_par' dir='ltr' id='par_1_14' title="bbox 795 1463 2306 1533">
     <span class='ocr_line' id='line_1_14' title="bbox 795 1463 2306 1533; baseline -0.003 -15"><span class='ocrx_word' id='word_1_94' title='bbox 795 1466 956 1519; x_wconf 71' lang='lat' dir='ltr'><strong>Vens.</strong></span> <span class='ocrx_word' id='word_1_95' title='bbox 989 1467 1136 1520; x_wconf 86' lang='lat' dir='ltr'><strong>8-H.</strong></span> <span class='ocrx_word' id='word_1_96' title='bbox 1172 1484 1188 1516; x_wconf 77' lang='grc' dir='ltr'>ι</span> <span class='ocrx_word' id='word_1_97' title='bbox 1234 1463 1379 1517; x_wconf 89' lang='lat' dir='ltr'><strong>Dixit</strong></span> <span class='ocrx_word' id='word_1_98' title='bbox 1447 1481 1662 1533; x_wconf 90' lang='lat' dir='ltr'><strong>quoque</strong></span> <span class='ocrx_word' id='word_1_99' title='bbox 1698 1463 1962 1516; x_wconf 88' lang='lat' dir='ltr'><strong><em>Dominus</em></strong></span> <span class='ocrx_word' id='word_1_100' title='bbox 1991 1463 2056 1515; x_wconf 91' lang='lat' dir='ltr'><strong>ad</strong></span> <span class='ocrx_word' id='word_1_101' title='bbox 2089 1464 2306 1516; x_wconf 81' lang='lat' dir='ltr'><strong>Aaron:</strong></span> 
     </span>
    </p>
   </div>
   <div class='ocr_carea' id='block_1_15' title="bbox 723 1554 2309 1628">
    <p class='ocr_par' dir='ltr' id='par_1_15' title="bbox 723 1554 2309 1628">
     <span class='ocr_line' id='line_1_15' title="bbox 723 1554 2309 1628; baseline -0.003 -16"><span class='ocrx_word' id='word_1_102' title='bbox 723 1560 924 1614; x_wconf 78' lang='lat' dir='ltr'><strong>Vinum</strong></span> <span class='ocrx_word' id='word_1_103' title='bbox 951 1571 1003 1612; x_wconf 90' lang='lat' dir='ltr'><strong>et</strong></span> <span class='ocrx_word' id='word_1_104' title='bbox 1031 1575 1194 1613; x_wconf 91' lang='lat' dir='ltr'><strong>omne</strong></span> <span class='ocrx_word' id='word_1_105' title='bbox 1223 1559 1364 1628; x_wconf 89' lang='lat' dir='ltr'><strong>quod</strong></span> <span class='ocrx_word' id='word_1_106' title='bbox 1434 1558 1704 1612; x_wconf 74' lang='lat' dir='ltr'><strong>inebriare</strong></span> <span class='ocrx_word' id='word_1_107' title='bbox 1744 1565 1938 1626; x_wconf 87' lang='lat' dir='ltr'><strong>potest,</strong></span> <span class='ocrx_word' id='word_1_108' title='bbox 1966 1573 2074 1609; x_wconf 90' lang='lat' dir='ltr'><strong>non</strong></span> <span class='ocrx_word' id='word_1_109' title='bbox 2107 1554 2309 1608; x_wconf 84' lang='lat' dir='ltr'><strong>bibetis</strong></span> 
     </span>
    </p>
   </div>
   <div class='ocr_carea' id='block_1_16' title="bbox 723 1647 2308 1719">
    <p class='ocr_par' dir='ltr' id='par_1_16' title="bbox 723 1647 2308 1719">
     <span class='ocr_line' id='line_1_16' title="bbox 723 1647 2308 1719; baseline -0.005 -13"><span class='ocrx_word' id='word_1_110' title='bbox 723 1664 780 1706; x_wconf 90' lang='lat' dir='ltr'><strong>tu</strong></span> <span class='ocrx_word' id='word_1_111' title='bbox 809 1662 864 1705; x_wconf 92' lang='lat' dir='ltr'><strong>et</strong></span> <span class='ocrx_word' id='word_1_112' title='bbox 897 1652 988 1704; x_wconf 85' lang='lat' dir='ltr'><strong>lilii</strong></span> <span class='ocrx_word' id='word_1_113' title='bbox 1021 1651 1122 1713; x_wconf 93' lang='lat' dir='ltr'><strong>tui,</strong></span> <span class='ocrx_word' id='word_1_114' title='bbox 1157 1651 1374 1719; x_wconf 81' lang='lat' dir='ltr'><strong>quando</strong></span> <span class='ocrx_word' id='word_1_115' title='bbox 1399 1649 1612 1704; x_wconf 84' lang='lat' dir='ltr'><strong>intratis</strong></span> <span class='ocrx_word' id='word_1_116' title='bbox 1643 1651 1696 1702; x_wconf 89' lang='lat' dir='ltr'><strong>in</strong></span> <span class='ocrx_word' id='word_1_117' title='bbox 1723 1649 2133 1703; x_wconf 81' lang='lat' dir='ltr'><strong>tabernaculum</strong></span> <span class='ocrx_word' id='word_1_118' title='bbox 2163 1647 2308 1700; x_wconf 83' lang='lat' dir='ltr'><strong>testi-</strong></span> 
     </span>
    </p>
   </div>
   <div class='ocr_carea' id='block_1_17' title="bbox 723 1737 2304 1808">
    <p class='ocr_par' dir='ltr' id='par_1_17' title="bbox 723 1737 2304 1808">
     <span class='ocr_line' id='line_1_17' title="bbox 723 1737 2304 1808; baseline -0.005 -13"><span class='ocrx_word' id='word_1_119' title='bbox 723 1741 913 1805; x_wconf 83' lang='lat' dir='ltr'><strong>monii,</strong></span> <span class='ocrx_word' id='word_1_120' title='bbox 942 1757 1009 1795; x_wconf 91' lang='lat' dir='ltr'><strong>ne</strong></span> <span class='ocrx_word' id='word_1_121' title='bbox 1039 1739 1367 1802; x_wconf 89' lang='lat' dir='ltr'><strong>moriamini,</strong></span> <span class='ocrx_word' id='word_1_122' title='bbox 1394 1739 1521 1808; x_wconf 85' lang='lat' dir='ltr'><strong>quia</strong></span> <span class='ocrx_word' id='word_1_123' title='bbox 1556 1748 1885 1808; x_wconf 67' lang='lat' dir='ltr'><strong>prmeeptum</strong></span> <span class='ocrx_word' id='word_1_124' title='bbox 1914 1737 2304 1806; x_wconf 85' lang='lat' dir='ltr'><strong>sempiternum</strong></span> 
     </span>
    </p>
   </div>
   <div class='ocr_carea' id='block_1_18' title="bbox 725 1815 2303 1902">
    <p class='ocr_par' dir='ltr' id='par_1_18' title="bbox 725 1815 2303 1902">
     <span class='ocr_line' id='line_1_18' title="bbox 725 1815 2303 1902; baseline -0.004 -16"><span class='ocrx_word' id='word_1_125' title='bbox 725 1833 782 1886; x_wconf 92' lang='lat' dir='ltr'><strong>in</strong></span> <span class='ocrx_word' id='word_1_126' title='bbox 816 1832 1198 1902; x_wconf 71' lang='lat' dir='ltr'><strong>generationes</strong></span> <span class='ocrx_word' id='word_1_127' title='bbox 1229 1840 1462 1894; x_wconf 81' lang='lat' dir='ltr'><strong>vestras,</strong></span> <span class='ocrx_word' id='word_1_128' title='bbox 1485 1815 1573 1895; x_wconf 43' lang='lat' dir='ltr'><strong>et,‘</strong></span> <span class='ocrx_word' id='word_1_129' title='bbox 1607 1840 1665 1885; x_wconf 95' lang='lat' dir='ltr'><strong>ut</strong></span> <span class='ocrx_word' id='word_1_130' title='bbox 1723 1829 1967 1884; x_wconf 78' lang='lat' dir='ltr'><strong>habeatis</strong></span> <span class='ocrx_word' id='word_1_131' title='bbox 2020 1828 2303 1882; x_wconf 82' lang='lat' dir='ltr'><strong>scientiam</strong></span> 
     </span>
    </p>
   </div>
   <div class='ocr_carea' id='block_1_19' title="bbox 722 1921 2306 1992">
    <p class='ocr_par' dir='ltr' id='par_1_19' title="bbox 722 1921 2306 1992">
     <span class='ocr_line' id='line_1_19' title="bbox 722 1921 2306 1992; baseline -0.004 -12"><span class='ocrx_word' id='word_1_132' title='bbox 722 1926 1072 1981; x_wconf 89' lang='lat' dir='ltr'><strong>discernendi</strong></span> <span class='ocrx_word' id='word_1_133' title='bbox 1114 1926 1256 1978; x_wconf 87' lang='lat' dir='ltr'><strong>inter</strong></span> <span class='ocrx_word' id='word_1_134' title='bbox 1285 1933 1531 1977; x_wconf 75' lang='lat' dir='ltr'><strong>sai-ctum</strong></span> <span class='ocrx_word' id='word_1_135' title='bbox 1592 1935 1645 1976; x_wconf 89' lang='lat' dir='ltr'><strong>et</strong></span> <span class='ocrx_word' id='word_1_136' title='bbox 1706 1923 2019 1992; x_wconf 82' lang='lat' dir='ltr'><strong>profanum,</strong></span> <span class='ocrx_word' id='word_1_137' title='bbox 2055 1931 2110 1975; x_wconf 89' lang='lat' dir='ltr'><strong>et</strong></span> <span class='ocrx_word' id='word_1_138' title='bbox 2163 1921 2306 1974; x_wconf 82' lang='lat' dir='ltr'><strong>inter</strong></span> 
     </span>
    </p>
   </div>
   <div class='ocr_carea' id='block_1_20' title="bbox 720 2015 2302 2091">
    <p class='ocr_par' dir='ltr' id='par_1_20' title="bbox 720 2015 2302 2091">
     <span class='ocr_line' id='line_1_20' title="bbox 720 2015 2302 2091; baseline -0.003 -19"><span class='ocrx_word' id='word_1_139' title='bbox 720 2019 986 2091; x_wconf 85' lang='lat' dir='ltr'><strong>pollutum</strong></span> <span class='ocrx_word' id='word_1_140' title='bbox 1023 2028 1077 2072; x_wconf 91' lang='lat' dir='ltr'><strong>et</strong></span> <span class='ocrx_word' id='word_1_141' title='bbox 1101 2020 1381 2081; x_wconf 90' lang='lat' dir='ltr'><strong>mundum,</strong></span> <span class='ocrx_word' id='word_1_142' title='bbox 1404 2018 1753 2087; x_wconf 87' lang='lat' dir='ltr'><strong>doceatisque</strong></span> <span class='ocrx_word' id='word_1_143' title='bbox 1785 2017 2103 2070; x_wconf 73' lang='lat' dir='ltr'><strong>Iilioslsrael</strong></span> <span class='ocrx_word' id='word_1_144' title='bbox 2121 2015 2302 2069; x_wconf 88' lang='lat' dir='ltr'><strong>omnia</strong></span> 
     </span>
    </p>
   </div>
   <div class='ocr_carea' id='block_1_21' title="bbox 719 2106 2304 2179">
    <p class='ocr_par' dir='ltr' id='par_1_21' title="bbox 719 2106 2304 2179">
     <span class='ocr_line' id='line_1_21' title="bbox 719 2106 2304 2179; baseline -0.003 -17"><span class='ocrx_word' id='word_1_145' title='bbox 719 2108 961 2179; x_wconf 85' lang='lat' dir='ltr'><strong>legitima</strong></span> <span class='ocrx_word' id='word_1_146' title='bbox 997 2125 1136 2170; x_wconf 84' lang='lat' dir='ltr'><strong>mea,</strong></span> <span class='ocrx_word' id='word_1_147' title='bbox 1174 2124 1296 2177; x_wconf 68' lang='lat' dir='ltr'><strong>quae</strong></span> <span class='ocrx_word' id='word_1_148' title='bbox 1321 2108 1539 2162; x_wconf 83' lang='lat' dir='ltr'><strong>locutus</strong></span> <span class='ocrx_word' id='word_1_149' title='bbox 1575 2117 1660 2160; x_wconf 91' lang='lat' dir='ltr'><strong>est</strong></span> <span class='ocrx_word' id='word_1_150' title='bbox 1703 2106 1968 2161; x_wconf 87' lang='lat' dir='ltr'><strong>Dominus</strong></span> <span class='ocrx_word' id='word_1_151' title='bbox 1990 2107 2056 2160; x_wconf 85' lang='lat' dir='ltr'><strong>ad</strong></span> <span class='ocrx_word' id='word_1_152' title='bbox 2080 2122 2175 2160; x_wconf 85' lang='lat' dir='ltr'><strong>eos</strong></span> <span class='ocrx_word' id='word_1_153' title='bbox 2207 2121 2304 2174; x_wconf 89' lang='lat' dir='ltr'><strong>per</strong></span> 
     </span>
    </p>
   </div>
   <div class='ocr_carea' id='block_1_22' title="bbox 719 2198 1225 2268">
    <p class='ocr_par' dir='ltr' id='par_1_22' title="bbox 719 2198 1225 2268">
     <span class='ocr_line' id='line_1_22' title="bbox 719 2198 1225 2268; baseline -0.006 -15"><span class='ocrx_word' id='word_1_154' title='bbox 719 2215 943 2253; x_wconf 86' lang='lat' dir='ltr'><strong>manum</strong></span> <span class='ocrx_word' id='word_1_155' title='bbox 973 2198 1164 2268; x_wconf 79' lang='lat' dir='ltr'><strong>Moysi.</strong></span> <span class='ocrx_word' id='word_1_156' title='bbox 1207 2218 1225 2250; x_wconf 71' lang='grc' dir='ltr'><strong><em>ι</em></strong></span> 
     </span>
    </p>
   </div>
   <div class='ocr_carea' id='block_1_23' title="bbox 793 2306 2305 2378">
    <p class='ocr_par' dir='ltr' id='par_1_23' title="bbox 793 2306 2305 2378">
     <span class='ocr_line' id='line_1_23' title="bbox 793 2306 2305 2378; baseline 0 -18"><span class='ocrx_word' id='word_1_157' title='bbox 793 2306 943 2360; x_wconf 85' lang='lat' dir='ltr'><strong>Hanc</strong></span> <span class='ocrx_word' id='word_1_158' title='bbox 970 2323 1141 2376; x_wconf 88' lang='lat' dir='ltr'><strong>usque</strong></span> <span class='ocrx_word' id='word_1_159' title='bbox 1174 2323 1324 2361; x_wconf 88' lang='lat' dir='ltr'><strong>nunc</strong></span> <span class='ocrx_word' id='word_1_160' title='bbox 1371 2307 1546 2378; x_wconf 89' lang='lat' dir='ltr'><strong>legem</strong></span> <span class='ocrx_word' id='word_1_161' title='bbox 1580 2307 1632 2361; x_wconf 91' lang='lat' dir='ltr'><strong>in</strong></span> <span class='ocrx_word' id='word_1_162' title='bbox 1675 2306 1938 2361; x_wconf 83' lang='lat' dir='ltr'><strong>Ecclesiis</strong></span> <span class='ocrx_word' id='word_1_163' title='bbox 1967 2307 2180 2360; x_wconf 82' lang='lat' dir='ltr'><strong>invenis</strong></span> <span class='ocrx_word' id='word_1_164' title='bbox 2206 2322 2305 2360; x_wconf 89' lang='lat' dir='ltr'><strong>cu-</strong></span> 
     </span>
    </p>
   </div>
   <div class='ocr_carea' id='block_1_24' title="bbox 717 2399 2306 2468">
    <p class='ocr_par' dir='ltr' id='par_1_24' title="bbox 717 2399 2306 2468">
     <span class='ocr_line' id='line_1_24' title="bbox 717 2399 2306 2468; baseline 0 -14"><span class='ocrx_word' id='word_1_165' title='bbox 717 2400 911 2454; x_wconf 83' lang='lat' dir='ltr'><strong>stodiri</strong></span> <span class='ocrx_word' id='word_1_166' title='bbox 946 2399 1170 2468; x_wconf 74' lang='lat' dir='ltr'><strong>:Neque</strong></span> <span class='ocrx_word' id='word_1_167' title='bbox 1193 2402 1344 2453; x_wconf 90' lang='lat' dir='ltr'><strong>enim</strong></span> <span class='ocrx_word' id='word_1_168' title='bbox 1374 2399 1690 2454; x_wconf 87' lang='lat' dir='ltr'><strong>omnimodo</strong></span> <span class='ocrx_word' id='word_1_169' title='bbox 1734 2400 2014 2454; x_wconf 88' lang='lat' dir='ltr'><strong>abstinere</strong></span> <span class='ocrx_word' id='word_1_170' title='bbox 2081 2416 2111 2454; x_wconf 90' lang='lat' dir='ltr'><strong>a</strong></span> <span class='ocrx_word' id='word_1_171' title='bbox 2180 2400 2306 2454; x_wconf 86' lang='lat' dir='ltr'><strong>vino</strong></span> 
     </span>
    </p>
   </div>
   <div class='ocr_carea' id='block_1_25' title="bbox 719 2489 2302 2559">
    <p class='ocr_par' dir='ltr' id='par_1_25' title="bbox 719 2489 2302 2559">
     <span class='ocr_line' id='line_1_25' title="bbox 719 2489 2302 2559; baseline 0 -17"><span class='ocrx_word' id='word_1_172' title='bbox 719 2490 997 2559; x_wconf 67' lang='lat' dir='ltr'><strong>praecepit,</strong></span> <span class='ocrx_word' id='word_1_173' title='bbox 1032 2490 1126 2543; x_wconf 88' lang='lat' dir='ltr'><strong>sed</strong></span> <span class='ocrx_word' id='word_1_174' title='bbox 1159 2489 1378 2558; x_wconf 86' lang='lat' dir='ltr'><strong>quando</strong></span> <span class='ocrx_word' id='word_1_175' title='bbox 1407 2490 1474 2544; x_wconf 91' lang='lat' dir='ltr'><strong>ad</strong></span> <span class='ocrx_word' id='word_1_176' title='bbox 1524 2490 1931 2544; x_wconf 84' lang='lat' dir='ltr'><strong>tabernaculum</strong></span> <span class='ocrx_word' id='word_1_177' title='bbox 1985 2489 2302 2553; x_wconf 87' lang='lat' dir='ltr'><strong>testimonii,</strong></span> 
     </span>
    </p>
   </div>
   <div class='ocr_carea' id='block_1_26' title="bbox 717 2581 2304 2653">
    <p class='ocr_par' dir='ltr' id='par_1_26' title="bbox 717 2581 2304 2653">
     <span class='ocr_line' id='line_1_26' title="bbox 717 2581 2304 2653; baseline 0.002 -18"><span class='ocrx_word' id='word_1_178' title='bbox 717 2593 815 2635; x_wconf 84' lang='lat' dir='ltr'><strong>aut</strong></span> <span class='ocrx_word' id='word_1_179' title='bbox 847 2583 916 2635; x_wconf 87' lang='lat' dir='ltr'><strong>ad</strong></span> <span class='ocrx_word' id='word_1_180' title='bbox 939 2583 1109 2635; x_wconf 88' lang='lat' dir='ltr'><strong>altare</strong></span> <span class='ocrx_word' id='word_1_181' title='bbox 1136 2581 1505 2646; x_wconf 83' lang='lat' dir='ltr'><strong>ascendimus,</strong></span> <span class='ocrx_word' id='word_1_182' title='bbox 1542 2581 1594 2636; x_wconf 89' lang='lat' dir='ltr'><strong>id</strong></span> <span class='ocrx_word' id='word_1_183' title='bbox 1642 2591 1726 2636; x_wconf 89' lang='lat' dir='ltr'><strong>est</strong></span> <span class='ocrx_word' id='word_1_184' title='bbox 1765 2583 1987 2651; x_wconf 87' lang='lat' dir='ltr'><strong>quando</strong></span> <span class='ocrx_word' id='word_1_185' title='bbox 2015 2583 2304 2653; x_wconf 88' lang='lat' dir='ltr'><strong>quodcun-</strong></span> 
     </span>
    </p>
   </div>
   <div class='ocr_carea' id='block_1_27' title="bbox 724 2671 2298 2744">
    <p class='ocr_par' dir='ltr' id='par_1_27' title="bbox 724 2671 2298 2744">
     <span class='ocr_line' id='line_1_27' title="bbox 724 2671 2298 2744; baseline 0.005 -22"><span class='ocrx_word' id='word_1_186' title='bbox 724 2685 832 2740; x_wconf 85' lang='lat' dir='ltr'><strong>que</strong></span> <span class='ocrx_word' id='word_1_187' title='bbox 869 2671 1234 2723; x_wconf 85' lang='lat' dir='ltr'><strong>ministerium</strong></span> <span class='ocrx_word' id='word_1_188' title='bbox 1287 2671 1552 2724; x_wconf 69' lang='lat' dir='ltr'><strong>doctrinae</strong></span> <span class='ocrx_word' id='word_1_189' title='bbox 1613 2671 1858 2726; x_wconf 78' lang='lat' dir='ltr'><strong>ccelestis</strong></span> <span class='ocrx_word' id='word_1_190' title='bbox 1911 2674 2298 2744; x_wconf 89' lang='lat' dir='ltr'><strong>contingimus.</strong></span> 
     </span>
    </p>
   </div>
   <div class='ocr_carea' id='block_1_28' title="bbox 719 2761 2304 2832">
    <p class='ocr_par' dir='ltr' id='par_1_28' title="bbox 719 2761 2304 2832">
     <span class='ocr_line' id='line_1_28' title="bbox 719 2761 2304 2832; baseline 0.003 -18"><span class='ocrx_word' id='word_1_191' title='bbox 719 2761 1006 2815; x_wconf 80' lang='lat' dir='ltr'><strong>Ministerii</strong></span> <span class='ocrx_word' id='word_1_192' title='bbox 1027 2763 1196 2825; x_wconf 87' lang='lat' dir='ltr'><strong>enim,</strong></span> <span class='ocrx_word' id='word_1_193' title='bbox 1224 2762 1391 2815; x_wconf 88' lang='lat' dir='ltr'><strong>altare</strong></span> <span class='ocrx_word' id='word_1_194' title='bbox 1415 2761 1584 2832; x_wconf 91' lang='lat' dir='ltr'><strong>ﬁgura</strong></span> <span class='ocrx_word' id='word_1_195' title='bbox 1622 2774 1706 2816; x_wconf 88' lang='lat' dir='ltr'><strong>est</strong></span> <span class='ocrx_word' id='word_1_196' title='bbox 1739 2763 2187 2818; x_wconf 86' lang='lat' dir='ltr'><strong>:tabernaculum</strong></span> <span class='ocrx_word' id='word_1_197' title='bbox 2203 2780 2304 2819; x_wconf 89' lang='lat' dir='ltr'><strong>au-</strong></span> 
     </span>
    </p>
   </div>
   <div class='ocr_carea' id='block_1_29' title="bbox 723 2853 2304 2921">
    <p class='ocr_par' dir='ltr' id='par_1_29' title="bbox 723 2853 2304 2921">
     <span class='ocr_line' id='line_1_29' title="bbox 723 2853 2304 2921; baseline 0.004 -15"><span class='ocrx_word' id='word_1_198' title='bbox 723 2860 833 2906; x_wconf 82' lang='lat' dir='ltr'><strong>tem</strong></span> <span class='ocrx_word' id='word_1_199' title='bbox 871 2853 1193 2917; x_wconf 85' lang='lat' dir='ltr'><strong>testimonii,</strong></span> <span class='ocrx_word' id='word_1_200' title='bbox 1255 2854 1559 2916; x_wconf 71' lang='lat' dir='ltr'><strong>cmlestium</strong></span> <span class='ocrx_word' id='word_1_201' title='bbox 1602 2870 1785 2908; x_wconf 89' lang='lat' dir='ltr'><strong>rerum</strong></span> <span class='ocrx_word' id='word_1_202' title='bbox 1835 2859 2304 2921; x_wconf 82' lang='lat' dir='ltr'><strong>contreetationis,</strong></span> 
     </span>
    </p>
   </div>
   <div class='ocr_carea' id='block_1_30' title="bbox 722 2943 2304 3004">
    <p class='ocr_par' dir='ltr' id='par_1_30' title="bbox 722 2943 2304 3004">
     <span class='ocr_line' id='line_1_30' title="bbox 722 2943 2304 3004; baseline 0.004 -6"><span class='ocrx_word' id='word_1_203' title='bbox 722 2945 868 2998; x_wconf 88' lang='lat' dir='ltr'><strong>unde</strong></span> <span class='ocrx_word' id='word_1_204' title='bbox 899 2954 954 2999; x_wconf 90' lang='lat' dir='ltr'><strong>et</strong></span> <span class='ocrx_word' id='word_1_205' title='bbox 981 2943 1272 2998; x_wconf 88' lang='lat' dir='ltr'><strong>Timotheo</strong></span> <span class='ocrx_word' id='word_1_206' title='bbox 1320 2943 1520 2999; x_wconf 86' lang='lat' dir='ltr'><strong>Paulus</strong></span> <span class='ocrx_word' id='word_1_207' title='bbox 1583 2946 1874 3000; x_wconf 85' lang='lat' dir='ltr'><strong>scribebat.</strong></span> <span class='ocrx_word' id='word_1_208' title='bbox 1911 2948 2037 3002; x_wconf 81' lang='lat' dir='ltr'><strong>Vino</strong></span> <span class='ocrx_word' id='word_1_209' title='bbox 2101 2953 2304 3004; x_wconf 87' lang='lat' dir='ltr'><strong>modico</strong></span> 
     </span>
    </p>
   </div>
   <div class='ocr_carea' id='block_1_31' title="bbox 720 3039 2302 3111">
    <p class='ocr_par' dir='ltr' id='par_1_31' title="bbox 720 3039 2302 3111">
     <span class='ocr_line' id='line_1_31' title="bbox 720 3039 2302 3111; baseline 0.006 -22"><span class='ocrx_word' id='word_1_210' title='bbox 720 3047 885 3101; x_wconf 82' lang='lat' dir='ltr'><strong>utere,</strong></span> <span class='ocrx_word' id='word_1_211' title='bbox 927 3047 1139 3106; x_wconf 81' lang='lat' dir='ltr'><strong>propter</strong></span> <span class='ocrx_word' id='word_1_212' title='bbox 1167 3039 1492 3091; x_wconf 83' lang='lat' dir='ltr'><strong>stomachum</strong></span> <span class='ocrx_word' id='word_1_213' title='bbox 1531 3054 1698 3101; x_wconf 76' lang='lat' dir='ltr'><strong>suum,</strong></span> <span class='ocrx_word' id='word_1_214' title='bbox 1767 3051 1814 3093; x_wconf 83' lang='lat' dir='ltr'><strong>et</strong></span> <span class='ocrx_word' id='word_1_215' title='bbox 1861 3043 2157 3111; x_wconf 79' lang='lat' dir='ltr'><strong>frequentes</strong></span> <span class='ocrx_word' id='word_1_216' title='bbox 2183 3056 2302 3098; x_wconf 87' lang='lat' dir='ltr'><strong>tuas</strong></span> 
     </span>
    </p>
   </div>
   <div class='ocr_carea' id='block_1_32' title="bbox 718 3130 2299 3200">
    <p class='ocr_par' dir='ltr' id='par_1_32' title="bbox 718 3130 2299 3200">
     <span class='ocr_line' id='line_1_32' title="bbox 718 3130 2299 3200; baseline 0.006 -18"><span class='ocrx_word' id='word_1_217' title='bbox 718 3130 1058 3198; x_wconf 82' lang='lat' dir='ltr'><strong>inﬁrmitates</strong></span> <span class='ocrx_word' id='word_1_218' title='bbox 1094 3131 1160 3181; x_wconf 68' lang='grc' dir='ltr'><strong>η’.</strong></span> <span class='ocrx_word' id='word_1_219' title='bbox 1193 3131 1292 3195; x_wconf 88' lang='lat' dir='ltr'><strong>Qui</strong></span> <span class='ocrx_word' id='word_1_220' title='bbox 1315 3140 1500 3185; x_wconf 86' lang='lat' dir='ltr'><strong>autem</strong></span> <span class='ocrx_word' id='word_1_221' title='bbox 1536 3133 1750 3187; x_wconf 87' lang='lat' dir='ltr'><strong>modico</strong></span> <span class='ocrx_word' id='word_1_222' title='bbox 1786 3137 1978 3200; x_wconf 88' lang='lat' dir='ltr'><strong>utitur,</strong></span> <span class='ocrx_word' id='word_1_223' title='bbox 2016 3137 2108 3190; x_wconf 89' lang='lat' dir='ltr'><strong>hic</strong></span> <span class='ocrx_word' id='word_1_224' title='bbox 2157 3145 2299 3191; x_wconf 86' lang='lat' dir='ltr'><strong>tein-</strong></span> 
     </span>
    </p>
   </div>
   <div class='ocr_carea' id='block_1_33' title="bbox 2416 632 4004 703">
    <p class='ocr_par' dir='ltr' id='par_1_33' title="bbox 2416 632 4004 703">
     <span class='ocr_line' id='line_1_33' title="bbox 2416 632 4004 703; baseline -0.001 -18"><span class='ocrx_word' id='word_1_225' title='bbox 2416 643 2566 698; x_wconf 90' lang='lat' dir='ltr'><strong>sunt,</strong></span> <span class='ocrx_word' id='word_1_226' title='bbox 2591 633 2792 688; x_wconf 89' lang='lat' dir='ltr'><strong>docere</strong></span> <span class='ocrx_word' id='word_1_227' title='bbox 2832 633 2973 688; x_wconf 87' lang='lat' dir='ltr'><strong>ﬁlios</strong></span> <span class='ocrx_word' id='word_1_228' title='bbox 2995 632 3158 689; x_wconf 89' lang='lat' dir='ltr'><strong>Israel</strong></span> <span class='ocrx_word' id='word_1_229' title='bbox 3177 635 3492 689; x_wconf 88' lang='lat' dir='ltr'><strong>sacerdotes</strong></span> <span class='ocrx_word' id='word_1_230' title='bbox 3519 635 3803 703; x_wconf 66' lang='lat' dir='ltr'><strong>praeepit,</strong></span> <span class='ocrx_word' id='word_1_231' title='bbox 3846 633 4004 685; x_wconf 83' lang='lat' dir='ltr'><strong>Iocu-</strong></span> 
     </span>
    </p>
   </div>
   <div class='ocr_carea' id='block_1_34' title="bbox 2417 724 4003 800">
    <p class='ocr_par' dir='ltr' id='par_1_34' title="bbox 2417 724 4003 800">
     <span class='ocr_line' id='line_1_34' title="bbox 2417 724 4003 800; baseline -0.002 -20"><span class='ocrx_word' id='word_1_232' title='bbox 2417 736 2529 780; x_wconf 92' lang='lat' dir='ltr'><strong>tum</strong></span> <span class='ocrx_word' id='word_1_233' title='bbox 2553 743 2675 782; x_wconf 88' lang='lat' dir='ltr'><strong>esse</strong></span> <span class='ocrx_word' id='word_1_234' title='bbox 2705 728 2875 782; x_wconf 92' lang='lat' dir='ltr'><strong>Deum</strong></span> <span class='ocrx_word' id='word_1_235' title='bbox 2899 743 2999 798; x_wconf 87' lang='lat' dir='ltr'><strong>per</strong></span> <span class='ocrx_word' id='word_1_236' title='bbox 3039 727 3280 800; x_wconf 72' lang='lat' dir='ltr'><strong>Moysen,</strong></span> <span class='ocrx_word' id='word_1_237' title='bbox 3317 744 3426 782; x_wconf 90' lang='lat' dir='ltr'><strong>non</strong></span> <span class='ocrx_word' id='word_1_238' title='bbox 3468 743 3566 797; x_wconf 88' lang='lat' dir='ltr'><strong>per</strong></span> <span class='ocrx_word' id='word_1_239' title='bbox 3595 726 3854 796; x_wconf 81' lang='lat' dir='ltr'><strong>linguam,</strong></span> <span class='ocrx_word' id='word_1_240' title='bbox 3906 724 4003 778; x_wconf 86' lang='lat' dir='ltr'><strong>sed</strong></span> 
     </span>
    </p>
   </div>
   <div class='ocr_carea' id='block_1_35' title="bbox 2416 819 4004 889">
    <p class='ocr_par' dir='ltr' id='par_1_35' title="bbox 2416 819 4004 889">
     <span class='ocr_line' id='line_1_35' title="bbox 2416 819 4004 889; baseline -0.001 -18"><span class='ocrx_word' id='word_1_241' title='bbox 2416 832 2517 887; x_wconf 88' lang='lat' dir='ltr'><strong>per</strong></span> <span class='ocrx_word' id='word_1_242' title='bbox 2544 834 2765 872; x_wconf 85' lang='lat' dir='ltr'><strong>manum</strong></span> <span class='ocrx_word' id='word_1_243' title='bbox 2794 820 2945 873; x_wconf 80' lang='lat' dir='ltr'><strong>dicit.</strong></span> <span class='ocrx_word' id='word_1_244' title='bbox 2976 820 3084 873; x_wconf 85' lang='lat' dir='ltr'><strong>Aut</strong></span> <span class='ocrx_word' id='word_1_245' title='bbox 3114 821 3340 873; x_wconf 85' lang='lat' dir='ltr'><strong>omnino</strong></span> <span class='ocrx_word' id='word_1_246' title='bbox 3377 820 3696 889; x_wconf 81' lang='lat' dir='ltr'><strong>dignitatem</strong></span> <span class='ocrx_word' id='word_1_247' title='bbox 3730 819 3866 888; x_wconf 86' lang='lat' dir='ltr'><strong>legis</strong></span> <span class='ocrx_word' id='word_1_248' title='bbox 3909 832 4004 869; x_wconf 81' lang='lat' dir='ltr'><strong>os-</strong></span> 
     </span>
    </p>
   </div>
   <div class='ocr_carea' id='block_1_36' title="bbox 2417 908 4000 982">
    <p class='ocr_par' dir='ltr' id='par_1_36' title="bbox 2417 908 4000 982">
     <span class='ocr_line' id='line_1_36' title="bbox 2417 908 4000 982; baseline -0.001 -19"><span class='ocrx_word' id='word_1_249' title='bbox 2417 911 2644 964; x_wconf 89' lang='lat' dir='ltr'><strong>tendere</strong></span> <span class='ocrx_word' id='word_1_250' title='bbox 2681 911 2870 976; x_wconf 86' lang='lat' dir='ltr'><strong>voluit,</strong></span> <span class='ocrx_word' id='word_1_251' title='bbox 2899 912 3025 981; x_wconf 87' lang='lat' dir='ltr'><strong>quia</strong></span> <span class='ocrx_word' id='word_1_252' title='bbox 3064 913 3317 982; x_wconf 80' lang='lat' dir='ltr'><strong>exposuit</strong></span> <span class='ocrx_word' id='word_1_253' title='bbox 3369 912 3589 982; x_wconf 78' lang='lat' dir='ltr'><strong>quidem</strong></span> <span class='ocrx_word' id='word_1_254' title='bbox 3643 927 3762 963; x_wconf 88' lang='lat' dir='ltr'><strong>eam</strong></span> <span class='ocrx_word' id='word_1_255' title='bbox 3831 908 4000 973; x_wconf 85' lang='lat' dir='ltr'><strong>Deus,</strong></span> 
     </span>
    </p>
   </div>
   <div class='ocr_carea' id='block_1_37' title="bbox 2416 1004 4004 1077">
    <p class='ocr_par' dir='ltr' id='par_1_37' title="bbox 2416 1004 4004 1077">
     <span class='ocr_line' id='line_1_37' title="bbox 2416 1004 4004 1077; baseline 0.001 -20"><span class='ocrx_word' id='word_1_256' title='bbox 2416 1004 2634 1073; x_wconf 78' lang='lat' dir='ltr'><strong>scripsit</strong></span> <span class='ocrx_word' id='word_1_257' title='bbox 2664 1015 2845 1058; x_wconf 89' lang='lat' dir='ltr'><strong>autem</strong></span> <span class='ocrx_word' id='word_1_258' title='bbox 2899 1006 3126 1077; x_wconf 73' lang='lat' dir='ltr'><strong>Moyses,</strong></span> <span class='ocrx_word' id='word_1_259' title='bbox 3163 1007 3378 1076; x_wconf 82' lang='lat' dir='ltr'><strong>excepit</strong></span> <span class='ocrx_word' id='word_1_260' title='bbox 3399 1022 3529 1061; x_wconf 85' lang='lat' dir='ltr'><strong>vero</strong></span> <span class='ocrx_word' id='word_1_261' title='bbox 3562 1022 3703 1069; x_wconf 90' lang='lat' dir='ltr'><strong>eam,</strong></span> <span class='ocrx_word' id='word_1_262' title='bbox 3731 1005 3842 1058; x_wconf 85' lang='lat' dir='ltr'><strong>Deo</strong></span> <span class='ocrx_word' id='word_1_263' title='bbox 3879 1020 4004 1074; x_wconf 66' lang='lat' dir='ltr'><strong>qua</strong></span> 
     </span>
    </p>
   </div>
   <div class='ocr_carea' id='block_1_38' title="bbox 2414 1094 3102 1165">
    <p class='ocr_par' dir='ltr' id='par_1_38' title="bbox 2414 1094 3102 1165">
     <span class='ocr_line' id='line_1_38' title="bbox 2414 1094 3102 1165; baseline 0.004 -18"><span class='ocrx_word' id='word_1_264' title='bbox 2414 1094 2677 1162; x_wconf 87' lang='lat' dir='ltr'><strong>disposita</strong></span> <span class='ocrx_word' id='word_1_265' title='bbox 2697 1105 2825 1148; x_wconf 90' lang='lat' dir='ltr'><strong>sunt</strong></span> <span class='ocrx_word' id='word_1_266' title='bbox 2850 1097 3102 1165; x_wconf 88' lang='lat' dir='ltr'><strong>jubente.</strong></span> 
     </span>
    </p>
   </div>
   <div class='ocr_carea' id='block_1_39' title="bbox 2495 1182 4000 1256">
    <p class='ocr_par' dir='ltr' id='par_1_39' title="bbox 2495 1182 4000 1256">
     <span class='ocr_line' id='line_1_39' title="bbox 2495 1182 4000 1256; baseline 0.002 -21"><span class='ocrx_word' id='word_1_267' title='bbox 2495 1182 2659 1238; x_wconf 75' lang='lat' dir='ltr'><strong>Vens.</strong></span> <span class='ocrx_word' id='word_1_268' title='bbox 2683 1185 2868 1239; x_wconf 71' lang='lat'><strong>12-15.</strong></span> <span class='ocrx_word' id='word_1_269' title='bbox 2908 1205 2926 1236; x_wconf 75' lang='grc' dir='ltr'>ι</span> <span class='ocrx_word' id='word_1_270' title='bbox 2953 1186 3300 1256; x_wconf 83' lang='lat' dir='ltr'><strong>Locutusque</strong></span> <span class='ocrx_word' id='word_1_271' title='bbox 3335 1195 3418 1240; x_wconf 92' lang='lat' dir='ltr'><strong>est</strong></span> <span class='ocrx_word' id='word_1_272' title='bbox 3454 1187 3664 1256; x_wconf 72' lang='lat' dir='ltr'><strong>Moyses</strong></span> <span class='ocrx_word' id='word_1_273' title='bbox 3679 1185 3745 1238; x_wconf 92' lang='lat' dir='ltr'><strong>ad</strong></span> <span class='ocrx_word' id='word_1_274' title='bbox 3791 1188 4000 1244; x_wconf 88' lang='lat' dir='ltr'><strong>Aaron.</strong></span> 
     </span>
    </p>
   </div>
   <div class='ocr_carea' id='block_1_40' title="bbox 2413 1277 4003 1350">
    <p class='ocr_par' dir='ltr' id='par_1_40' title="bbox 2413 1277 4003 1350">
     <span class='ocr_line' id='line_1_40' title="bbox 2413 1277 4003 1350; baseline -0.001 -19"><span class='ocrx_word' id='word_1_275' title='bbox 2413 1287 2473 1331; x_wconf 89' lang='lat' dir='ltr'><strong>et</strong></span> <span class='ocrx_word' id='word_1_276' title='bbox 2505 1277 2571 1330; x_wconf 90' lang='lat' dir='ltr'><strong>ad</strong></span> <span class='ocrx_word' id='word_1_277' title='bbox 2604 1279 2849 1346; x_wconf 85' lang='lat' dir='ltr'><strong>Eleazar,</strong></span> <span class='ocrx_word' id='word_1_278' title='bbox 2875 1291 3036 1350; x_wconf 90' lang='lat' dir='ltr'><strong>atque</strong></span> <span class='ocrx_word' id='word_1_279' title='bbox 3068 1280 3308 1334; x_wconf 88' lang='lat' dir='ltr'><strong>Ithamar</strong></span> <span class='ocrx_word' id='word_1_280' title='bbox 3333 1282 3471 1334; x_wconf 89' lang='lat' dir='ltr'><strong>ﬁlios</strong></span> <span class='ocrx_word' id='word_1_281' title='bbox 3518 1281 3636 1348; x_wconf 83' lang='lat' dir='ltr'><strong>ejus</strong></span> <span class='ocrx_word' id='word_1_282' title='bbox 3663 1281 3755 1347; x_wconf 91' lang='lat' dir='ltr'><strong>qui</strong></span> <span class='ocrx_word' id='word_1_283' title='bbox 3793 1277 4003 1332; x_wconf 86' lang='lat' dir='ltr'><strong>residui</strong></span> 
     </span>
    </p>
   </div>
   <div class='ocr_carea' id='block_1_41' title="bbox 2419 1370 4005 1440">
    <p class='ocr_par' dir='ltr' id='par_1_41' title="bbox 2419 1370 4005 1440">
     <span class='ocr_line' id='line_1_41' title="bbox 2419 1370 4005 1440; baseline -0.003 -14"><span class='ocrx_word' id='word_1_284' title='bbox 2419 1382 2578 1426; x_wconf 88' lang='lat' dir='ltr'><strong>erant</strong></span> <span class='ocrx_word' id='word_1_285' title='bbox 2615 1390 2630 1426; x_wconf 91' lang='lat'><strong>:</strong></span> <span class='ocrx_word' id='word_1_286' title='bbox 2667 1371 2861 1426; x_wconf 82' lang='lat' dir='ltr'><strong>Tollite</strong></span> <span class='ocrx_word' id='word_1_287' title='bbox 2915 1373 3239 1426; x_wconf 87' lang='lat' dir='ltr'><strong>sacriﬁcium</strong></span> <span class='ocrx_word' id='word_1_288' title='bbox 3277 1373 3422 1440; x_wconf 90' lang='lat' dir='ltr'><strong>quod</strong></span> <span class='ocrx_word' id='word_1_289' title='bbox 3460 1372 3723 1425; x_wconf 79' lang='lat' dir='ltr'><strong>remansit</strong></span> <span class='ocrx_word' id='word_1_290' title='bbox 3752 1372 3822 1424; x_wconf 88' lang='lat' dir='ltr'><strong>de</strong></span> <span class='ocrx_word' id='word_1_291' title='bbox 3844 1370 4005 1423; x_wconf 85' lang='lat' dir='ltr'><strong>obla—</strong></span> 
     </span>
    </p>
   </div>
   <div class='ocr_carea' id='block_1_42' title="bbox 2417 1462 4004 1532">
    <p class='ocr_par' dir='ltr' id='par_1_42' title="bbox 2417 1462 4004 1532">
     <span class='ocr_line' id='line_1_42' title="bbox 2417 1462 4004 1532; baseline -0.002 -14"><span class='ocrx_word' id='word_1_292' title='bbox 2417 1466 2567 1519; x_wconf 86' lang='lat' dir='ltr'><strong>tione</strong></span> <span class='ocrx_word' id='word_1_293' title='bbox 2602 1465 2839 1526; x_wconf 88' lang='lat' dir='ltr'><strong>Domini,</strong></span> <span class='ocrx_word' id='word_1_294' title='bbox 2886 1472 2942 1518; x_wconf 89' lang='lat' dir='ltr'><strong>et</strong></span> <span class='ocrx_word' id='word_1_295' title='bbox 2971 1465 3241 1518; x_wconf 81' lang='lat' dir='ltr'><strong>comedite</strong></span> <span class='ocrx_word' id='word_1_296' title='bbox 3305 1465 3434 1517; x_wconf 91' lang='lat' dir='ltr'><strong>illud</strong></span> <span class='ocrx_word' id='word_1_297' title='bbox 3472 1463 3679 1532; x_wconf 87' lang='lat' dir='ltr'><strong>absque</strong></span> <span class='ocrx_word' id='word_1_298' title='bbox 3729 1462 4004 1516; x_wconf 78' lang='lat' dir='ltr'><strong>fermento</strong></span> 
     </span>
    </p>
   </div>
   <div class='ocr_carea' id='block_1_43' title="bbox 2395 1539 4005 1627">
    <p class='ocr_par' dir='ltr' id='par_1_43' title="bbox 2395 1539 4005 1627">
     <span class='ocr_line' id='line_1_43' title="bbox 2395 1539 4005 1627; baseline -0.002 -17"><span class='ocrx_word' id='word_1_299' title='bbox 2395 1539 2560 1627; x_wconf 85' lang='lat' dir='ltr'><strong>juxta</strong></span> <span class='ocrx_word' id='word_1_300' title='bbox 2591 1559 2782 1623; x_wconf 87' lang='lat' dir='ltr'><strong>altare,</strong></span> <span class='ocrx_word' id='word_1_301' title='bbox 2810 1558 2934 1625; x_wconf 90' lang='lat' dir='ltr'><strong>quia</strong></span> <span class='ocrx_word' id='word_1_302' title='bbox 2979 1557 3242 1610; x_wconf 89' lang='lat' dir='ltr'><strong>Sanctum</strong></span> <span class='ocrx_word' id='word_1_303' title='bbox 3276 1566 3589 1610; x_wconf 88' lang='lat' dir='ltr'><strong>sanctorum</strong></span> <span class='ocrx_word' id='word_1_304' title='bbox 3644 1564 3749 1608; x_wconf 88' lang='lat' dir='ltr'><strong>est.</strong></span> <span class='ocrx_word' id='word_1_305' title='bbox 3807 1555 4005 1607; x_wconf 77' lang='lat' dir='ltr'><strong>Conie-</strong></span> 
     </span>
    </p>
   </div>
   <div class='ocr_carea' id='block_1_44' title="bbox 2415 1647 4000 1716">
    <p class='ocr_par' dir='ltr' id='par_1_44' title="bbox 2415 1647 4000 1716">
     <span class='ocr_line' id='line_1_44' title="bbox 2415 1647 4000 1716; baseline -0.003 -13"><span class='ocrx_word' id='word_1_306' title='bbox 2415 1649 2556 1704; x_wconf 88' lang='lat' dir='ltr'><strong>detis</strong></span> <span class='ocrx_word' id='word_1_307' title='bbox 2587 1659 2772 1702; x_wconf 83' lang='lat' dir='ltr'><strong>autem</strong></span> <span class='ocrx_word' id='word_1_308' title='bbox 2805 1649 3008 1701; x_wconf 90' lang='lat' dir='ltr'><strong>inloco</strong></span> <span class='ocrx_word' id='word_1_309' title='bbox 3075 1659 3284 1711; x_wconf 77' lang='lat' dir='ltr'><strong>sant-to,</strong></span> <span class='ocrx_word' id='word_1_310' title='bbox 3336 1649 3478 1716; x_wconf 87' lang='lat' dir='ltr'><strong>quod</strong></span> <span class='ocrx_word' id='word_1_311' title='bbox 3533 1647 3720 1701; x_wconf 90' lang='lat' dir='ltr'><strong>datum</strong></span> <span class='ocrx_word' id='word_1_312' title='bbox 3743 1656 3830 1698; x_wconf 86' lang='lat' dir='ltr'><strong>est</strong></span> <span class='ocrx_word' id='word_1_313' title='bbox 3878 1647 4000 1710; x_wconf 87' lang='lat' dir='ltr'><strong>tibi,</strong></span> 
     </span>
    </p>
   </div>
   <div class='ocr_carea' id='block_1_45' title="bbox 2409 1740 4000 1807">
    <p class='ocr_par' dir='ltr' id='par_1_45' title="bbox 2409 1740 4000 1807">
     <span class='ocr_line' id='line_1_45' title="bbox 2409 1740 4000 1807; baseline -0.003 -12"><span class='ocrx_word' id='word_1_314' title='bbox 2409 1752 2464 1796; x_wconf 91' lang='lat' dir='ltr'><strong>et</strong></span> <span class='ocrx_word' id='word_1_315' title='bbox 2498 1741 2624 1795; x_wconf 90' lang='lat' dir='ltr'><strong>ﬁliis</strong></span> <span class='ocrx_word' id='word_1_316' title='bbox 2665 1742 2772 1794; x_wconf 90' lang='lat' dir='ltr'><strong>luis</strong></span> <span class='ocrx_word' id='word_1_317' title='bbox 2807 1742 2873 1794; x_wconf 90' lang='lat' dir='ltr'><strong>dc</strong></span> <span class='ocrx_word' id='word_1_318' title='bbox 2905 1741 3278 1794; x_wconf 86' lang='lat' dir='ltr'><strong>oblationibus</strong></span> <span class='ocrx_word' id='word_1_319' title='bbox 3333 1740 3567 1801; x_wconf 86' lang='lat' dir='ltr'><strong>Domini,</strong></span> <span class='ocrx_word' id='word_1_320' title='bbox 3617 1741 3757 1792; x_wconf 84' lang='lat' dir='ltr'><strong>sicut</strong></span> <span class='ocrx_word' id='word_1_321' title='bbox 3791 1755 4000 1807; x_wconf 64' lang='lat' dir='ltr'><strong>prece-</strong></span> 
     </span>
    </p>
   </div>
   <div class='ocr_carea' id='block_1_46' title="bbox 2415 1828 3998 1899">
    <p class='ocr_par' dir='ltr' id='par_1_46' title="bbox 2415 1828 3998 1899">
     <span class='ocr_line' id='line_1_46' title="bbox 2415 1828 3998 1899; baseline -0.002 -16"><span class='ocrx_word' id='word_1_322' title='bbox 2415 1840 2566 1899; x_wconf 89' lang='lat' dir='ltr'><strong>ptum</strong></span> <span class='ocrx_word' id='word_1_323' title='bbox 2594 1840 2677 1884; x_wconf 85' lang='lat' dir='ltr'><strong>est</strong></span> <span class='ocrx_word' id='word_1_324' title='bbox 2706 1830 2862 1884; x_wconf 92' lang='lat' dir='ltr'><strong>mihi.</strong></span> <span class='ocrx_word' id='word_1_325' title='bbox 2885 1829 3270 1883; x_wconf 88' lang='lat' dir='ltr'><strong>Pectusculum</strong></span> <span class='ocrx_word' id='word_1_326' title='bbox 3295 1845 3514 1898; x_wconf 90' lang='lat' dir='ltr'><strong>quoque</strong></span> <span class='ocrx_word' id='word_1_327' title='bbox 3553 1828 3697 1898; x_wconf 88' lang='lat' dir='ltr'><strong>quod</strong></span> <span class='ocrx_word' id='word_1_328' title='bbox 3747 1829 3998 1882; x_wconf 88' lang='lat' dir='ltr'><strong>oblatum</strong></span> 
     </span>
    </p>
   </div>
   <div class='ocr_carea' id='block_1_47' title="bbox 2407 1923 4001 1993">
    <p class='ocr_par' dir='ltr' id='par_1_47' title="bbox 2407 1923 4001 1993">
     <span class='ocr_line' id='line_1_47' title="bbox 2407 1923 4001 1993; baseline -0.001 -16"><span class='ocrx_word' id='word_1_329' title='bbox 2407 1933 2569 1978; x_wconf 80' lang='lat' dir='ltr'><strong>estet</strong></span> <span class='ocrx_word' id='word_1_330' title='bbox 2598 1939 2809 1977; x_wconf 90' lang='lat' dir='ltr'><strong>armum</strong></span> <span class='ocrx_word' id='word_1_331' title='bbox 2832 1923 2922 1992; x_wconf 91' lang='lat' dir='ltr'><strong>qui</strong></span> <span class='ocrx_word' id='word_1_332' title='bbox 2955 1935 3240 1993; x_wconf 79' lang='lat' dir='ltr'><strong>separatus</strong></span> <span class='ocrx_word' id='word_1_333' title='bbox 3273 1933 3377 1982; x_wconf 90' lang='lat' dir='ltr'><strong>est.</strong></span> <span class='ocrx_word' id='word_1_334' title='bbox 3411 1924 3584 1977; x_wconf 90' lang='lat' dir='ltr'><strong>edetis</strong></span> <span class='ocrx_word' id='word_1_335' title='bbox 3608 1924 3661 1976; x_wconf 82' lang='lat' dir='ltr'><strong>in</strong></span> <span class='ocrx_word' id='word_1_336' title='bbox 3697 1923 4001 1976; x_wconf 85' lang='lat' dir='ltr'><strong>locomun-</strong></span> 
     </span>
    </p>
   </div>
   <div class='ocr_carea' id='block_1_48' title="bbox 2405 2013 3998 2078">
    <p class='ocr_par' dir='ltr' id='par_1_48' title="bbox 2405 2013 3998 2078">
     <span class='ocr_line' id='line_1_48' title="bbox 2405 2013 3998 2078; baseline -0.003 -8"><span class='ocrx_word' id='word_1_337' title='bbox 2405 2017 2633 2070; x_wconf 87' lang='lat' dir='ltr'><strong>dissimo</strong></span> <span class='ocrx_word' id='word_1_338' title='bbox 2660 2025 2715 2070; x_wconf 91' lang='lat' dir='ltr'><strong>tu</strong></span> <span class='ocrx_word' id='word_1_339' title='bbox 2746 2025 2800 2069; x_wconf 92' lang='lat' dir='ltr'><strong>et</strong></span> <span class='ocrx_word' id='word_1_340' title='bbox 2841 2014 2934 2068; x_wconf 91' lang='lat' dir='ltr'><strong>ﬁlii</strong></span> <span class='ocrx_word' id='word_1_341' title='bbox 2966 2016 3064 2078; x_wconf 90' lang='lat' dir='ltr'><strong>tui,</strong></span> <span class='ocrx_word' id='word_1_342' title='bbox 3089 2031 3151 2068; x_wconf 90' lang='lat' dir='ltr'><strong>ac</strong></span> <span class='ocrx_word' id='word_1_343' title='bbox 3177 2015 3422 2069; x_wconf 67' lang='lat' dir='ltr'><strong>ﬁliaituae</strong></span> <span class='ocrx_word' id='word_1_344' title='bbox 3452 2027 3649 2069; x_wconf 86' lang='lat' dir='ltr'><strong>tecum.</strong></span> <span class='ocrx_word' id='word_1_345' title='bbox 3683 2013 3807 2069; x_wconf 84' lang='lat' dir='ltr'><strong>Tibi</strong></span> <span class='ocrx_word' id='word_1_346' title='bbox 3849 2015 3998 2068; x_wconf 84' lang='lat' dir='ltr'><strong>enim</strong></span> 
     </span>
    </p>
   </div>
   <div class='ocr_carea' id='block_1_49' title="bbox 2405 2108 3998 2178">
    <p class='ocr_par' dir='ltr' id='par_1_49' title="bbox 2405 2108 3998 2178">
     <span class='ocr_line' id='line_1_49' title="bbox 2405 2108 3998 2178; baseline 0.001 -18"><span class='ocrx_word' id='word_1_347' title='bbox 2405 2124 2469 2163; x_wconf 91' lang='lat' dir='ltr'><strong>ac</strong></span> <span class='ocrx_word' id='word_1_348' title='bbox 2507 2108 2695 2162; x_wconf 89' lang='lat' dir='ltr'><strong>liberis</strong></span> <span class='ocrx_word' id='word_1_349' title='bbox 2729 2109 2837 2162; x_wconf 90' lang='lat' dir='ltr'><strong>tuis</strong></span> <span class='ocrx_word' id='word_1_350' title='bbox 2866 2109 3104 2178; x_wconf 85' lang='lat' dir='ltr'><strong>reposita</strong></span> <span class='ocrx_word' id='word_1_351' title='bbox 3148 2120 3276 2162; x_wconf 89' lang='lat' dir='ltr'><strong>sunt</strong></span> <span class='ocrx_word' id='word_1_352' title='bbox 3305 2110 3372 2162; x_wconf 90' lang='lat' dir='ltr'><strong>de</strong></span> <span class='ocrx_word' id='word_1_353' title='bbox 3416 2109 3612 2162; x_wconf 90' lang='lat' dir='ltr'><strong>hostiis</strong></span> <span class='ocrx_word' id='word_1_354' title='bbox 3659 2109 3998 2162; x_wconf 87' lang='lat' dir='ltr'><strong>salutaribus</strong></span> 
     </span>
    </p>
   </div>
   <div class='ocr_carea' id='block_1_50' title="bbox 2407 2199 3996 2271">
    <p class='ocr_par' dir='ltr' id='par_1_50' title="bbox 2407 2199 3996 2271">
     <span class='ocr_line' id='line_1_50' title="bbox 2407 2199 3996 2271; baseline -0.001 -16"><span class='ocrx_word' id='word_1_355' title='bbox 2407 2201 2642 2255; x_wconf 91' lang='lat' dir='ltr'><strong>ﬁliorum</strong></span> <span class='ocrx_word' id='word_1_356' title='bbox 2681 2199 2865 2263; x_wconf 88' lang='lat' dir='ltr'><strong>Israel,</strong></span> <span class='ocrx_word' id='word_1_357' title='bbox 2892 2216 2957 2255; x_wconf 91' lang='lat' dir='ltr'><strong>eo</strong></span> <span class='ocrx_word' id='word_1_358' title='bbox 2986 2203 3132 2270; x_wconf 88' lang='lat' dir='ltr'><strong>quod</strong></span> <span class='ocrx_word' id='word_1_359' title='bbox 3187 2217 3422 2265; x_wconf 91' lang='lat' dir='ltr'><strong>armum,</strong></span> <span class='ocrx_word' id='word_1_360' title='bbox 3458 2213 3512 2255; x_wconf 91' lang='lat' dir='ltr'><strong>et</strong></span> <span class='ocrx_word' id='word_1_361' title='bbox 3546 2213 3756 2271; x_wconf 88' lang='lat' dir='ltr'><strong>pectus,</strong></span> <span class='ocrx_word' id='word_1_362' title='bbox 3783 2213 3840 2254; x_wconf 89' lang='lat' dir='ltr'><strong>et</strong></span> <span class='ocrx_word' id='word_1_363' title='bbox 3874 2202 3996 2254; x_wconf 87' lang='lat' dir='ltr'><strong>adi-</strong></span> 
     </span>
    </p>
   </div>
   <div class='ocr_carea' id='block_1_51' title="bbox 2406 2295 3988 2366">
    <p class='ocr_par' dir='ltr' id='par_1_51' title="bbox 2406 2295 3988 2366">
     <span class='ocr_line' id='line_1_51' title="bbox 2406 2295 3988 2366; baseline -0.001 -18"><span class='ocrx_word' id='word_1_364' title='bbox 2406 2312 2525 2365; x_wconf 89' lang='lat' dir='ltr'><strong>pes,</strong></span> <span class='ocrx_word' id='word_1_365' title='bbox 2552 2296 2642 2366; x_wconf 90' lang='lat' dir='ltr'><strong>qui</strong></span> <span class='ocrx_word' id='word_1_366' title='bbox 2673 2305 2986 2350; x_wconf 82' lang='lat' dir='ltr'><strong>cremantur</strong></span> <span class='ocrx_word' id='word_1_367' title='bbox 3015 2296 3070 2348; x_wconf 90' lang='lat' dir='ltr'><strong>in</strong></span> <span class='ocrx_word' id='word_1_368' title='bbox 3093 2295 3273 2359; x_wconf 84' lang='lat' dir='ltr'><strong>altari,</strong></span> <span class='ocrx_word' id='word_1_369' title='bbox 3301 2295 3496 2348; x_wconf 64' lang='lat' dir='ltr'><strong>elei-ali</strong></span> <span class='ocrx_word' id='word_1_370' title='bbox 3523 2295 3634 2348; x_wconf 91' lang='lat' dir='ltr'><strong>sint</strong></span> <span class='ocrx_word' id='word_1_371' title='bbox 3661 2311 3846 2349; x_wconf 81' lang='lat' dir='ltr'><strong>coram</strong></span> <span class='ocrx_word' id='word_1_372' title='bbox 3878 2295 3988 2346; x_wconf 81' lang='lat' dir='ltr'><strong>Do-</strong></span> 
     </span>
    </p>
   </div>
   <div class='ocr_carea' id='block_1_52' title="bbox 2411 2387 3995 2457">
    <p class='ocr_par' dir='ltr' id='par_1_52' title="bbox 2411 2387 3995 2457">
     <span class='ocr_line' id='line_1_52' title="bbox 2411 2387 3995 2457; baseline -0.001 -17"><span class='ocrx_word' id='word_1_373' title='bbox 2411 2389 2562 2442; x_wconf 91' lang='lat' dir='ltr'><strong>mino</strong></span> <span class='ocrx_word' id='word_1_374' title='bbox 2601 2399 2656 2442; x_wconf 92' lang='lat' dir='ltr'><strong>et</strong></span> <span class='ocrx_word' id='word_1_375' title='bbox 2687 2389 3002 2457; x_wconf 89' lang='lat' dir='ltr'><strong>pertineant</strong></span> <span class='ocrx_word' id='word_1_376' title='bbox 3033 2388 3098 2442; x_wconf 89' lang='lat' dir='ltr'><strong>ad</strong></span> <span class='ocrx_word' id='word_1_377' title='bbox 3130 2398 3202 2448; x_wconf 90' lang='lat' dir='ltr'><strong>te,</strong></span> <span class='ocrx_word' id='word_1_378' title='bbox 3230 2396 3285 2440; x_wconf 90' lang='lat' dir='ltr'><strong>et</strong></span> <span class='ocrx_word' id='word_1_379' title='bbox 3316 2387 3381 2441; x_wconf 88' lang='lat' dir='ltr'><strong>ad</strong></span> <span class='ocrx_word' id='word_1_380' title='bbox 3415 2387 3554 2440; x_wconf 90' lang='lat' dir='ltr'><strong>ﬁlios</strong></span> <span class='ocrx_word' id='word_1_381' title='bbox 3584 2398 3707 2442; x_wconf 91' lang='lat' dir='ltr'><strong>tuos</strong></span> <span class='ocrx_word' id='word_1_382' title='bbox 3731 2388 3849 2457; x_wconf 86' lang='lat' dir='ltr'><strong>lege</strong></span> <span class='ocrx_word' id='word_1_383' title='bbox 3868 2403 3995 2455; x_wconf 86' lang='lat' dir='ltr'><strong>per-</strong></span> 
     </span>
    </p>
   </div>
   <div class='ocr_carea' id='block_1_53' title="bbox 2401 2480 3404 2550">
    <p class='ocr_par' dir='ltr' id='par_1_53' title="bbox 2401 2480 3404 2550">
     <span class='ocr_line' id='line_1_53' title="bbox 2401 2480 3404 2550; baseline -0.002 -19"><span class='ocrx_word' id='word_1_384' title='bbox 2401 2491 2587 2550; x_wconf 79' lang='lat' dir='ltr'><strong>petua,</strong></span> <span class='ocrx_word' id='word_1_385' title='bbox 2616 2480 2757 2533; x_wconf 84' lang='lat' dir='ltr'><strong>sicut</strong></span> <span class='ocrx_word' id='word_1_386' title='bbox 2778 2480 3039 2548; x_wconf 66' lang='lat' dir='ltr'><strong>praecepit</strong></span> <span class='ocrx_word' id='word_1_387' title='bbox 3067 2481 3353 2532; x_wconf 85' lang='lat' dir='ltr'><strong>Dominus.</strong></span> <span class='ocrx_word' id='word_1_388' title='bbox 3385 2497 3404 2529; x_wconf 76' lang='grc' dir='ltr'><strong>ι</strong></span> 
     </span>
    </p>
   </div>
   <div class='ocr_carea' id='block_1_54' title="bbox 2405 2567 3993 2639">
    <p class='ocr_par' dir='ltr' id='par_1_54' title="bbox 2405 2567 3993 2639">
     <span class='ocr_line' id='line_1_54' title="bbox 2405 2567 3993 2639; baseline -0.001 -16"><span class='ocrx_word' id='word_1_389' title='bbox 2405 2588 2417 2596; x_wconf 86' lang='grc'><strong>·</strong></span> <span class='ocrx_word' id='word_1_390' title='bbox 2473 2569 2608 2635; x_wconf 82' lang='lat' dir='ltr'><strong>Quia</strong></span> <span class='ocrx_word' id='word_1_391' title='bbox 2629 2569 3002 2639; x_wconf 69' lang='lat' dir='ltr'><strong>pec’tusculum</strong></span> <span class='ocrx_word' id='word_1_392' title='bbox 3040 2567 3424 2624; x_wconf 88' lang='lat' dir='ltr'><strong>conﬁdentiam</strong></span> <span class='ocrx_word' id='word_1_393' title='bbox 3485 2569 3859 2632; x_wconf 82' lang='lat' dir='ltr'><strong>oﬂ&#39;erentium,</strong></span> <span class='ocrx_word' id='word_1_394' title='bbox 3936 2579 3993 2622; x_wconf 89' lang='lat' dir='ltr'><strong>et</strong></span> 
     </span>
    </p>
   </div>
   <div class='ocr_carea' id='block_1_55' title="bbox 2404 2661 3994 2756">
    <p class='ocr_par' dir='ltr' id='par_1_55' title="bbox 2404 2661 3994 2756">
     <span class='ocr_line' id='line_1_55' title="bbox 2404 2661 3994 2756; baseline -0.001 -39"><span class='ocrx_word' id='word_1_395' title='bbox 2404 2663 2564 2717; x_wconf 89' lang='lat' dir='ltr'><strong>ﬁdem</strong></span> <span class='ocrx_word' id='word_1_396' title='bbox 2602 2661 2919 2756; x_wconf 48' lang='lat' dir='ltr'><strong>Signiﬁcat:</strong></span> <span class='ocrx_word' id='word_1_397' title='bbox 2975 2675 3032 2717; x_wconf 91' lang='lat' dir='ltr'><strong>et</strong></span> <span class='ocrx_word' id='word_1_398' title='bbox 3111 2664 3418 2727; x_wconf 83' lang='lat' dir='ltr'><strong>brachium,</strong></span> <span class='ocrx_word' id='word_1_399' title='bbox 3471 2663 3751 2732; x_wconf 65' lang='lat' dir='ltr'><strong>promissa:</strong></span> <span class='ocrx_word' id='word_1_400' title='bbox 3796 2661 3868 2716; x_wconf 82' lang='lat' dir='ltr'><strong>ab</strong></span> <span class='ocrx_word' id='word_1_401' title='bbox 3909 2662 3994 2716; x_wconf 83' lang='lat' dir='ltr'><strong>eis</strong></span> 
     </span>
    </p>
   </div>
   <div class='ocr_carea' id='block_1_56' title="bbox 2406 2753 3990 2824">
    <p class='ocr_par' dir='ltr' id='par_1_56' title="bbox 2406 2753 3990 2824">
     <span class='ocr_line' id='line_1_56' title="bbox 2406 2753 3990 2824; baseline -0.001 -16"><span class='ocrx_word' id='word_1_402' title='bbox 2406 2753 2845 2809; x_wconf 78' lang='lat' dir='ltr'><strong>conversationis</strong></span> <span class='ocrx_word' id='word_1_403' title='bbox 2879 2755 3173 2817; x_wconf 83' lang='lat' dir='ltr'><strong>aetionem,</strong></span> <span class='ocrx_word' id='word_1_404' title='bbox 3235 2756 3706 2809; x_wconf 84' lang='lat' dir='ltr'><strong>etcorrectionein</strong></span> <span class='ocrx_word' id='word_1_405' title='bbox 3743 2769 3756 2804; x_wconf 89' lang='lat'><strong>:</strong></span> <span class='ocrx_word' id='word_1_406' title='bbox 3790 2753 3936 2824; x_wconf 32' lang='lat' dir='ltr'><strong>satis.</strong></span> <span class='ocrx_word' id='word_1_407' title='bbox 3958 2768 3990 2806; x_wconf 93' lang='lat' dir='ltr'><strong>a</strong></span> 
     </span>
    </p>
   </div>
   <div class='ocr_carea' id='block_1_57' title="bbox 2405 2845 3992 2916">
    <p class='ocr_par' dir='ltr' id='par_1_57' title="bbox 2405 2845 3992 2916">
     <span class='ocr_line' id='line_1_57' title="bbox 2405 2845 3992 2916; baseline -0.001 -17"><span class='ocrx_word' id='word_1_408' title='bbox 2405 2846 2636 2901; x_wconf 90' lang='lat' dir='ltr'><strong>nobisin</strong></span> <span class='ocrx_word' id='word_1_409' title='bbox 2661 2847 2747 2900; x_wconf 89' lang='lat' dir='ltr'><strong>his</strong></span> <span class='ocrx_word' id='word_1_410' title='bbox 2777 2862 2897 2916; x_wconf 75' lang='lat' dir='ltr'><strong>qua:</strong></span> <span class='ocrx_word' id='word_1_411' title='bbox 2926 2847 2994 2900; x_wconf 89' lang='lat' dir='ltr'><strong>de</strong></span> <span class='ocrx_word' id='word_1_412' title='bbox 3022 2846 3287 2901; x_wconf 86' lang='lat' dir='ltr'><strong>sacriﬁcio</strong></span> <span class='ocrx_word' id='word_1_413' title='bbox 3324 2845 3692 2915; x_wconf 86' lang='lat' dir='ltr'><strong>paciﬁcorum,</strong></span> <span class='ocrx_word' id='word_1_414' title='bbox 3719 2860 3814 2899; x_wconf 86' lang='lat' dir='ltr'><strong>seu</strong></span> <span class='ocrx_word' id='word_1_415' title='bbox 3842 2845 3992 2898; x_wconf 83' lang='lat' dir='ltr'><strong>salu-</strong></span> 
     </span>
    </p>
   </div>
   <div class='ocr_carea' id='block_1_58' title="bbox 2405 2939 3988 3010">
    <p class='ocr_par' dir='ltr' id='par_1_58' title="bbox 2405 2939 3988 3010">
     <span class='ocr_line' id='line_1_58' title="bbox 2405 2939 3988 3010; baseline -0.003 -18"><span class='ocrx_word' id='word_1_416' title='bbox 2405 2939 2502 2993; x_wconf 90' lang='lat' dir='ltr'><strong>tari</strong></span> <span class='ocrx_word' id='word_1_417' title='bbox 2532 2956 2628 3010; x_wconf 90' lang='lat' dir='ltr'><strong>per</strong></span> <span class='ocrx_word' id='word_1_418' title='bbox 2649 2951 2830 3009; x_wconf 86' lang='lat' dir='ltr'><strong>partes</strong></span> <span class='ocrx_word' id='word_1_419' title='bbox 2878 2941 3122 2994; x_wconf 90' lang='lat' dir='ltr'><strong>discussa</strong></span> <span class='ocrx_word' id='word_1_420' title='bbox 3179 2947 3328 3001; x_wconf 90' lang='lat' dir='ltr'><strong>sunt,</strong></span> <span class='ocrx_word' id='word_1_421' title='bbox 3385 2939 3816 2992; x_wconf 87' lang='lat' dir='ltr'><strong>demonstratum</strong></span> <span class='ocrx_word' id='word_1_422' title='bbox 3885 2946 3988 2989; x_wconf 88' lang='lat' dir='ltr'><strong>est.</strong></span> 
     </span>
    </p>
   </div>
   <div class='ocr_carea' id='block_1_59' title="bbox 2407 3029 3989 3102">
    <p class='ocr_par' dir='ltr' id='par_1_59' title="bbox 2407 3029 3989 3102">
     <span class='ocr_line' id='line_1_59' title="bbox 2407 3029 3989 3102; baseline -0.003 -16"><span class='ocrx_word' id='word_1_423' title='bbox 2407 3033 2512 3086; x_wconf 90' lang='lat' dir='ltr'><strong>Sed</strong></span> <span class='ocrx_word' id='word_1_424' title='bbox 2535 3033 2888 3102; x_wconf 87' lang='lat' dir='ltr'><strong>quamobrem</strong></span> <span class='ocrx_word' id='word_1_425' title='bbox 2920 3035 3099 3086; x_wconf 85' lang='lat' dir='ltr'><strong>Aaron</strong></span> <span class='ocrx_word' id='word_1_426' title='bbox 3124 3030 3318 3085; x_wconf 89' lang='lat' dir='ltr'><strong>etﬁliis</strong></span> <span class='ocrx_word' id='word_1_427' title='bbox 3347 3034 3486 3100; x_wconf 88' lang='lat' dir='ltr'><strong>ejus,</strong></span> <span class='ocrx_word' id='word_1_428' title='bbox 3542 3047 3604 3084; x_wconf 87' lang='lat' dir='ltr'><strong>ea</strong></span> <span class='ocrx_word' id='word_1_429' title='bbox 3666 3046 3789 3099; x_wconf 69' lang='lat' dir='ltr'><strong>qua:</strong></span> <span class='ocrx_word' id='word_1_430' title='bbox 3838 3029 3989 3082; x_wconf 79' lang='lat' dir='ltr'><strong>dicta</strong></span> 
     </span>
    </p>
   </div>
   <div class='ocr_carea' id='block_1_60' title="bbox 2405 3120 3989 3194">
    <p class='ocr_par' dir='ltr' id='par_1_60' title="bbox 2405 3120 3989 3194">
     <span class='ocr_line' id='line_1_60' title="bbox 2405 3120 3989 3194; baseline -0.004 -15"><span class='ocrx_word' id='word_1_431' title='bbox 2405 3136 2555 3190; x_wconf 89' lang='lat' dir='ltr'><strong>sunt,</strong></span> <span class='ocrx_word' id='word_1_432' title='bbox 2586 3125 2888 3194; x_wconf 75' lang='lat' dir='ltr'><strong>deputavit,</strong></span> <span class='ocrx_word' id='word_1_433' title='bbox 2918 3124 3030 3178; x_wconf 88' lang='lat' dir='ltr'><strong>illic</strong></span> <span class='ocrx_word' id='word_1_434' title='bbox 3057 3124 3201 3178; x_wconf 90' lang='lat' dir='ltr'><strong>enim</strong></span> <span class='ocrx_word' id='word_1_435' title='bbox 3227 3132 3282 3177; x_wconf 92' lang='lat' dir='ltr'><strong>et</strong></span> <span class='ocrx_word' id='word_1_436' title='bbox 3325 3138 3515 3176; x_wconf 87' lang='lat' dir='ltr'><strong>eorum</strong></span> <span class='ocrx_word' id='word_1_437' title='bbox 3577 3120 3989 3177; x_wconf 86' lang='lat' dir='ltr'><strong>distinctionem</strong></span> 
     </span>
    </p>
   </div>
   <div class='ocr_carea' id='block_1_61' title="bbox 720 3214 3992 3294">
    <p class='ocr_par' dir='ltr' id='par_1_61' title="bbox 720 3214 3992 3294">
     <span class='ocr_line' id='line_1_61' title="bbox 720 3214 3992 3294; baseline -0.004 -18"><span class='ocrx_word' id='word_1_438' title='bbox 720 3237 854 3291; x_wconf 89' lang='lat' dir='ltr'><strong>pore</strong></span> <span class='ocrx_word' id='word_1_439' title='bbox 884 3223 1175 3275; x_wconf 87' lang='lat' dir='ltr'><strong>ministerii</strong></span> <span class='ocrx_word' id='word_1_440' title='bbox 1204 3223 1459 3277; x_wconf 76' lang='lat' dir='ltr'><strong>videlicet</strong></span> <span class='ocrx_word' id='word_1_441' title='bbox 1483 3233 1539 3277; x_wconf 85' lang='lat' dir='ltr'><strong>et</strong></span> <span class='ocrx_word' id='word_1_442' title='bbox 1578 3225 1862 3289; x_wconf 73' lang='lat' dir='ltr'><strong>doctrinae,</strong></span> <span class='ocrx_word' id='word_1_443' title='bbox 1913 3227 1986 3279; x_wconf 72' lang='lat' dir='ltr'><strong>ab</strong></span> <span class='ocrx_word' id='word_1_444' title='bbox 2042 3229 2192 3280; x_wconf 78' lang='lat' dir='ltr'><strong>omni</strong></span> <span class='ocrx_word' id='word_1_445' title='bbox 2217 3227 2297 3281; x_wconf 70' lang='lat' dir='ltr'><strong>vi-</strong></span> <span class='ocrx_word' id='word_1_446' title='bbox 2323 3236 2368 3294; x_wconf 75' lang='grc' dir='ltr'><strong>ο</strong></span> <span class='ocrx_word' id='word_1_447' title='bbox 2411 3216 2690 3288; x_wconf 85' lang='lat' dir='ltr'><strong>legislator</strong></span> <span class='ocrx_word' id='word_1_448' title='bbox 2720 3216 2992 3284; x_wconf 83' lang='lat' dir='ltr'><strong>exposuit,</strong></span> <span class='ocrx_word' id='word_1_449' title='bbox 3029 3216 3174 3285; x_wconf 91' lang='lat' dir='ltr'><strong>quod</strong></span> <span class='ocrx_word' id='word_1_450' title='bbox 3199 3215 3254 3268; x_wconf 91' lang='lat' dir='ltr'><strong>hi</strong></span> <span class='ocrx_word' id='word_1_451' title='bbox 3281 3215 3501 3284; x_wconf 81' lang='lat' dir='ltr'><strong>quidem</strong></span> <span class='ocrx_word' id='word_1_452' title='bbox 3525 3214 3617 3283; x_wconf 89' lang='lat' dir='ltr'><strong>qui</strong></span> <span class='ocrx_word' id='word_1_453' title='bbox 3646 3216 3828 3266; x_wconf 80' lang='lat' dir='ltr'><strong>Aaron</strong></span> <span class='ocrx_word' id='word_1_454' title='bbox 3859 3222 3992 3265; x_wconf 89' lang='lat' dir='ltr'><strong>sunt</strong></span> 
     </span>
    </p>
   </div>
   <div class='ocr_carea' id='block_1_62' title="bbox 717 3314 2299 3372">
    <p class='ocr_par' dir='ltr' id='par_1_62' title="bbox 717 3314 2299 3372">
     <span class='ocr_line' id='line_1_62' title="bbox 717 3314 2299 3372; baseline 0.004 -6"><span class='ocrx_word' id='word_1_455' title='bbox 717 3314 962 3368; x_wconf 83' lang='lat' dir='ltr'><strong>uolentia</strong></span> <span class='ocrx_word' id='word_1_456' title='bbox 995 3323 1050 3368; x_wconf 90' lang='lat' dir='ltr'><strong>et</strong></span> <span class='ocrx_word' id='word_1_457' title='bbox 1094 3314 1358 3368; x_wconf 90' lang='lat' dir='ltr'><strong>ebrietate</strong></span> <span class='ocrx_word' id='word_1_458' title='bbox 1395 3331 1453 3368; x_wconf 91' lang='lat' dir='ltr'><strong>se</strong></span> <span class='ocrx_word' id='word_1_459' title='bbox 1485 3315 1742 3369; x_wconf 88' lang='lat' dir='ltr'><strong>abstinet.</strong></span> <span class='ocrx_word' id='word_1_460' title='bbox 1796 3316 2059 3370; x_wconf 88' lang='lat' dir='ltr'><strong>Similiter</strong></span> <span class='ocrx_word' id='word_1_461' title='bbox 2115 3326 2299 3372; x_wconf 89' lang='lat' dir='ltr'><strong>autem</strong></span> 
     </span>
    </p>
   </div>
   <div class='ocr_carea' id='block_1_63' title="bbox 721 3405 2302 3481">
    <p class='ocr_par' dir='ltr' id='par_1_63' title="bbox 721 3405 2302 3481">
     <span class='ocr_line' id='line_1_63' title="bbox 721 3405 2302 3481; baseline 0.005 -23"><span class='ocrx_word' id='word_1_462' title='bbox 721 3416 783 3460; x_wconf 85' lang='lat' dir='ltr'><strong>ut</strong></span> <span class='ocrx_word' id='word_1_463' title='bbox 813 3406 1126 3460; x_wconf 83' lang='lat' dir='ltr'><strong>sacerdotes</strong></span> <span class='ocrx_word' id='word_1_464' title='bbox 1150 3405 1204 3460; x_wconf 88' lang='lat' dir='ltr'><strong>hi</strong></span> <span class='ocrx_word' id='word_1_465' title='bbox 1234 3408 1325 3476; x_wconf 91' lang='lat' dir='ltr'><strong>qui</strong></span> <span class='ocrx_word' id='word_1_466' title='bbox 1357 3407 1579 3460; x_wconf 84' lang='lat' dir='ltr'><strong>student</strong></span> <span class='ocrx_word' id='word_1_467' title='bbox 1605 3407 1777 3478; x_wconf 91' lang='lat' dir='ltr'><strong>legem</strong></span> <span class='ocrx_word' id='word_1_468' title='bbox 1813 3411 2155 3473; x_wconf 86' lang='lat' dir='ltr'><strong>custodiunt,</strong></span> <span class='ocrx_word' id='word_1_469' title='bbox 2175 3428 2302 3481; x_wconf 89' lang='lat' dir='ltr'><strong>pro-</strong></span> 
     </span>
    </p>
   </div>
   <div class='ocr_carea' id='block_1_64' title="bbox 719 3496 2300 3570">
    <p class='ocr_par' dir='ltr' id='par_1_64' title="bbox 719 3496 2300 3570">
     <span class='ocr_line' id='line_1_64' title="bbox 719 3496 2300 3570; baseline 0.004 -20"><span class='ocrx_word' id='word_1_470' title='bbox 719 3506 844 3566; x_wconf 81' lang='lat' dir='ltr'><strong>pter</strong></span> <span class='ocrx_word' id='word_1_471' title='bbox 874 3496 1019 3565; x_wconf 91' lang='lat' dir='ltr'><strong>quod</strong></span> <span class='ocrx_word' id='word_1_472' title='bbox 1044 3512 1154 3550; x_wconf 90' lang='lat' dir='ltr'><strong>non</strong></span> <span class='ocrx_word' id='word_1_473' title='bbox 1186 3497 1362 3550; x_wconf 90' lang='lat' dir='ltr'><strong>solum</strong></span> <span class='ocrx_word' id='word_1_474' title='bbox 1402 3499 1604 3559; x_wconf 83' lang='lat' dir='ltr'><strong>Aaron,</strong></span> <span class='ocrx_word' id='word_1_475' title='bbox 1646 3497 1744 3551; x_wconf 87' lang='lat' dir='ltr'><strong>sed</strong></span> <span class='ocrx_word' id='word_1_476' title='bbox 1773 3507 1832 3552; x_wconf 92' lang='lat' dir='ltr'><strong>et</strong></span> <span class='ocrx_word' id='word_1_477' title='bbox 1863 3499 1989 3553; x_wconf 89' lang='lat' dir='ltr'><strong>ﬁliis</strong></span> <span class='ocrx_word' id='word_1_478' title='bbox 2015 3502 2157 3570; x_wconf 84' lang='lat' dir='ltr'><strong>ejus,</strong></span> <span class='ocrx_word' id='word_1_479' title='bbox 2204 3517 2300 3556; x_wconf 88' lang='lat' dir='ltr'><strong>su-</strong></span> 
     </span>
    </p>
   </div>
   <div class='ocr_carea' id='block_1_65' title="bbox 720 3588 2295 3657">
    <p class='ocr_par' dir='ltr' id='par_1_65' title="bbox 720 3588 2295 3657">
     <span class='ocr_line' id='line_1_65' title="bbox 720 3588 2295 3657; baseline 0.005 -15"><span class='ocrx_word' id='word_1_480' title='bbox 720 3590 968 3644; x_wconf 86' lang='lat' dir='ltr'><strong>blimiora</strong></span> <span class='ocrx_word' id='word_1_481' title='bbox 1002 3589 1261 3643; x_wconf 81' lang='lat' dir='ltr'><strong>videlicet</strong></span> <span class='ocrx_word' id='word_1_482' title='bbox 1276 3588 1512 3657; x_wconf 87' lang='lat' dir='ltr'><strong>adeptis,</strong></span> <span class='ocrx_word' id='word_1_483' title='bbox 1555 3590 1872 3644; x_wconf 89' lang='lat' dir='ltr'><strong>mandatum</strong></span> <span class='ocrx_word' id='word_1_484' title='bbox 1928 3592 2032 3646; x_wconf 90' lang='lat' dir='ltr'><strong>hoc</strong></span> <span class='ocrx_word' id='word_1_485' title='bbox 2053 3594 2295 3650; x_wconf 91' lang='lat' dir='ltr'><strong>tradidit.</strong></span> 
     </span>
    </p>
   </div>
   <div class='ocr_carea' id='block_1_66' title="bbox 718 3679 2295 3754">
    <p class='ocr_par' dir='ltr' id='par_1_66' title="bbox 718 3679 2295 3754">
     <span class='ocr_line' id='line_1_66' title="bbox 718 3679 2295 3754; baseline 0.003 -20"><span class='ocrx_word' id='word_1_486' title='bbox 718 3680 927 3734; x_wconf 90' lang='lat' dir='ltr'><strong>Similia</strong></span> <span class='ocrx_word' id='word_1_487' title='bbox 960 3689 1145 3734; x_wconf 87' lang='lat' dir='ltr'><strong>autem</strong></span> <span class='ocrx_word' id='word_1_488' title='bbox 1183 3680 1268 3732; x_wconf 88' lang='lat' dir='ltr'><strong>bis</strong></span> <span class='ocrx_word' id='word_1_489' title='bbox 1297 3689 1351 3733; x_wconf 88' lang='lat' dir='ltr'><strong>et</strong></span> <span class='ocrx_word' id='word_1_490' title='bbox 1371 3679 1572 3734; x_wconf 87' lang='lat' dir='ltr'><strong>Paulus</strong></span> <span class='ocrx_word' id='word_1_491' title='bbox 1624 3680 1693 3735; x_wconf 86' lang='lat' dir='ltr'><strong>ad</strong></span> <span class='ocrx_word' id='word_1_492' title='bbox 1734 3681 2005 3751; x_wconf 82' lang='lat' dir='ltr'><strong>Ephesios</strong></span> <span class='ocrx_word' id='word_1_493' title='bbox 2057 3685 2295 3754; x_wconf 88' lang='lat' dir='ltr'><strong>scripsit.</strong></span> 
     </span>
    </p>
   </div>
   <div class='ocr_carea' id='block_1_67' title="bbox 722 3770 2298 3841">
    <p class='ocr_par' dir='ltr' id='par_1_67' title="bbox 722 3770 2298 3841">
     <span class='ocr_line' id='line_1_67' title="bbox 722 3770 2298 3841; baseline 0.004 -17"><span class='ocrx_word' id='word_1_494' title='bbox 722 3770 902 3825; x_wconf 81' lang='lat' dir='ltr'><strong>Nolite</strong></span> <span class='ocrx_word' id='word_1_495' title='bbox 927 3773 1184 3826; x_wconf 82' lang='lat' dir='ltr'><strong>inebriari</strong></span> <span class='ocrx_word' id='word_1_496' title='bbox 1212 3772 1356 3831; x_wconf 79' lang='lat' dir='ltr'><strong>vino,</strong></span> <span class='ocrx_word' id='word_1_497' title='bbox 1381 3772 1435 3823; x_wconf 90' lang='lat' dir='ltr'><strong>in</strong></span> <span class='ocrx_word' id='word_1_498' title='bbox 1463 3788 1564 3841; x_wconf 87' lang='lat' dir='ltr'><strong>quo</strong></span> <span class='ocrx_word' id='word_1_499' title='bbox 1613 3782 1688 3825; x_wconf 89' lang='lat' dir='ltr'><strong>est</strong></span> <span class='ocrx_word' id='word_1_500' title='bbox 1725 3775 1897 3827; x_wconf 86' lang='lat' dir='ltr'><strong>omnis</strong></span> <span class='ocrx_word' id='word_1_501' title='bbox 1921 3774 2158 3836; x_wconf 72' lang='lat' dir='ltr'><strong>luxuria,</strong></span> <span class='ocrx_word' id='word_1_502' title='bbox 2207 3779 2298 3830; x_wconf 82' lang='lat' dir='ltr'><strong>sed</strong></span> 
     </span>
    </p>
   </div>
   <div class='ocr_carea' id='block_1_68' title="bbox 713 3860 2297 3936">
    <p class='ocr_par' dir='ltr' id='par_1_68' title="bbox 713 3860 2297 3936">
     <span class='ocr_line' id='line_1_68' title="bbox 713 3860 2297 3936; baseline 0.003 -20"><span class='ocrx_word' id='word_1_503' title='bbox 713 3864 888 3933; x_wconf 81' lang='lat' dir='ltr'><strong>magis</strong></span> <span class='ocrx_word' id='word_1_504' title='bbox 921 3863 1216 3932; x_wconf 88' lang='lat' dir='ltr'><strong>implemini</strong></span> <span class='ocrx_word' id='word_1_505' title='bbox 1242 3860 1447 3930; x_wconf 83' lang='lat' dir='ltr'><strong>Spiritu</strong></span> <span class='ocrx_word' id='word_1_506' title='bbox 1489 3874 1671 3916; x_wconf 81' lang='lat' dir='ltr'><strong>sancto</strong></span> <span class='ocrx_word' id='word_1_507' title='bbox 1697 3865 1779 3929; x_wconf 83' lang='lat'><strong>&quot;;</strong></span> <span class='ocrx_word' id='word_1_508' title='bbox 1815 3865 2065 3919; x_wconf 86' lang='lat' dir='ltr'><strong>hebetem</strong></span> <span class='ocrx_word' id='word_1_509' title='bbox 2096 3867 2297 3936; x_wconf 82' lang='lat' dir='ltr'><strong>quippe</strong></span> 
     </span>
    </p>
   </div>
   <div class='ocr_carea' id='block_1_69' title="bbox 713 3955 2294 4030">
    <p class='ocr_par' dir='ltr' id='par_1_69' title="bbox 713 3955 2294 4030">
     <span class='ocr_line' id='line_1_69' title="bbox 713 3955 2294 4030; baseline 0.004 -22"><span class='ocrx_word' id='word_1_510' title='bbox 713 3955 954 4009; x_wconf 88' lang='lat' dir='ltr'><strong>ebrietas</strong></span> <span class='ocrx_word' id='word_1_511' title='bbox 1003 3963 1244 4009; x_wconf 89' lang='lat' dir='ltr'><strong>mentem</strong></span> <span class='ocrx_word' id='word_1_512' title='bbox 1309 3955 1508 4019; x_wconf 88' lang='lat' dir='ltr'><strong>reddit,</strong></span> <span class='ocrx_word' id='word_1_513' title='bbox 1575 3967 1631 4010; x_wconf 90' lang='lat' dir='ltr'><strong>et</strong></span> <span class='ocrx_word' id='word_1_514' title='bbox 1675 3957 2024 4012; x_wconf 90' lang='lat' dir='ltr'><strong>sobrietatem</strong></span> <span class='ocrx_word' id='word_1_515' title='bbox 2072 3961 2189 4030; x_wconf 84' lang='lat' dir='ltr'><strong>ejus</strong></span> <span class='ocrx_word' id='word_1_516' title='bbox 2239 3962 2294 4015; x_wconf 90' lang='lat' dir='ltr'><strong>in</strong></span> 
     </span>
    </p>
   </div>
   <div class='ocr_carea' id='block_1_70' title="bbox 715 4046 2293 4122">
    <p class='ocr_par' dir='ltr' id='par_1_70' title="bbox 715 4046 2293 4122">
     <span class='ocr_line' id='line_1_70' title="bbox 715 4046 2293 4122; baseline 0.004 -21"><span class='ocrx_word' id='word_1_517' title='bbox 715 4046 963 4101; x_wconf 87' lang='lat' dir='ltr'><strong>deterius</strong></span> <span class='ocrx_word' id='word_1_518' title='bbox 990 4046 1174 4111; x_wconf 81' lang='lat' dir='ltr'><strong>vertit,</strong></span> <span class='ocrx_word' id='word_1_519' title='bbox 1208 4056 1271 4100; x_wconf 87' lang='lat' dir='ltr'><strong>ut</strong></span> <span class='ocrx_word' id='word_1_520' title='bbox 1296 4062 1408 4100; x_wconf 90' lang='lat' dir='ltr'><strong>non</strong></span> <span class='ocrx_word' id='word_1_521' title='bbox 1453 4047 1827 4118; x_wconf 87' lang='lat' dir='ltr'><strong>intelligantur</strong></span> <span class='ocrx_word' id='word_1_522' title='bbox 1860 4065 1982 4118; x_wconf 66' lang='lat' dir='ltr'><strong>qua:</strong></span> <span class='ocrx_word' id='word_1_523' title='bbox 2037 4061 2293 4122; x_wconf 84' lang='lat' dir='ltr'><strong>aguntur,</strong></span> 
     </span>
    </p>
   </div>
   <div class='ocr_carea' id='block_1_71' title="bbox 706 4135 2297 4213">
    <p class='ocr_par' dir='ltr' id='par_1_71' title="bbox 706 4135 2297 4213">
     <span class='ocr_line' id='line_1_71' title="bbox 706 4135 2297 4213; baseline 0.003 -21"><span class='ocrx_word' id='word_1_524' title='bbox 706 4153 840 4208; x_wconf 67' lang='lat' dir='ltr'><strong>quae</strong></span> <span class='ocrx_word' id='word_1_525' title='bbox 870 4137 1193 4192; x_wconf 89' lang='lat' dir='ltr'><strong>testiﬁcatur</strong></span> <span class='ocrx_word' id='word_1_526' title='bbox 1225 4135 1410 4201; x_wconf 88' lang='lat' dir='ltr'><strong>Isaias,</strong></span> <span class='ocrx_word' id='word_1_527' title='bbox 1437 4137 1629 4192; x_wconf 89' lang='lat' dir='ltr'><strong>dicens</strong></span> <span class='ocrx_word' id='word_1_528' title='bbox 1663 4156 1675 4192; x_wconf 86' lang='lat'><strong>:</strong></span> <span class='ocrx_word' id='word_1_529' title='bbox 1706 4138 1790 4192; x_wconf 80' lang='lat' dir='ltr'><strong>Va:</strong></span> <span class='ocrx_word' id='word_1_530' title='bbox 1842 4141 1930 4208; x_wconf 86' lang='lat' dir='ltr'><strong>qui</strong></span> <span class='ocrx_word' id='word_1_531' title='bbox 1981 4144 2297 4213; x_wconf 85' lang='lat' dir='ltr'><strong>consurgitis</strong></span> 
     </span>
    </p>
   </div>
   <div class='ocr_carea' id='block_1_72' title="bbox 725 4228 2296 4304">
    <p class='ocr_par' dir='ltr' id='par_1_72' title="bbox 725 4228 2296 4304">
     <span class='ocr_line' id='line_1_72' title="bbox 725 4228 2296 4304; baseline 0.003 -23"><span class='ocrx_word' id='word_1_532' title='bbox 725 4245 883 4281; x_wconf 80' lang='lat' dir='ltr'><strong>mane</strong></span> <span class='ocrx_word' id='word_1_533' title='bbox 902 4229 974 4281; x_wconf 82' lang='lat' dir='ltr'><strong>ad</strong></span> <span class='ocrx_word' id='word_1_534' title='bbox 1003 4228 1304 4281; x_wconf 79' lang='lat' dir='ltr'><strong>ebrietatem</strong></span> <span class='ocrx_word' id='word_1_535' title='bbox 1341 4229 1668 4294; x_wconf 62' lang='lat' dir='ltr'><strong>sectandam,</strong></span> <span class='ocrx_word' id='word_1_536' title='bbox 1695 4239 1742 4282; x_wconf 88' lang='lat' dir='ltr'><strong>et</strong></span> <span class='ocrx_word' id='word_1_537' title='bbox 1795 4232 2082 4299; x_wconf 85' lang='lat' dir='ltr'><strong>potandum</strong></span> <span class='ocrx_word' id='word_1_538' title='bbox 2137 4250 2296 4304; x_wconf 85' lang='lat' dir='ltr'><strong>usque</strong></span> 
     </span>
    </p>
   </div>
   <div class='ocr_carea' id='block_1_73' title="bbox 710 4320 2290 4393">
    <p class='ocr_par' dir='ltr' id='par_1_73' title="bbox 710 4320 2290 4393">
     <span class='ocr_line' id='line_1_73' title="bbox 710 4320 2290 4393; baseline 0.003 -21"><span class='ocrx_word' id='word_1_539' title='bbox 710 4320 788 4372; x_wconf 76' lang='lat' dir='ltr'><strong>ad</strong></span> <span class='ocrx_word' id='word_1_540' title='bbox 849 4335 1138 4386; x_wconf 73' lang='lat' dir='ltr'><strong>vesperum,</strong></span> <span class='ocrx_word' id='word_1_541' title='bbox 1186 4331 1241 4371; x_wconf 90' lang='lat' dir='ltr'><strong>ut</strong></span> <span class='ocrx_word' id='word_1_542' title='bbox 1279 4320 1434 4372; x_wconf 79' lang='lat' dir='ltr'><strong>vino</strong></span> <span class='ocrx_word' id='word_1_543' title='bbox 1479 4321 1726 4374; x_wconf 71' lang='lat' dir='ltr'><strong>a&#39;stuetis.</strong></span> <span class='ocrx_word' id='word_1_544' title='bbox 1791 4320 2009 4376; x_wconf 85' lang='lat' dir='ltr'><strong>Cithara</strong></span> <span class='ocrx_word' id='word_1_545' title='bbox 2070 4334 2117 4375; x_wconf 87' lang='lat' dir='ltr'><strong>et</strong></span> <span class='ocrx_word' id='word_1_546' title='bbox 2155 4324 2290 4393; x_wconf 79' lang='lat' dir='ltr'><strong>lyra,</strong></span> 
     </span>
    </p>
   </div>
   <div class='ocr_carea' id='block_1_74' title="bbox 705 4411 2290 4480">
    <p class='ocr_par' dir='ltr' id='par_1_74' title="bbox 705 4411 2290 4480">
     <span class='ocr_line' id='line_1_74' title="bbox 705 4411 2290 4480; baseline 0.003 -17"><span class='ocrx_word' id='word_1_547' title='bbox 705 4420 766 4464; x_wconf 66' lang='lat' dir='ltr'><strong>et</strong></span> <span class='ocrx_word' id='word_1_548' title='bbox 801 4419 1132 4479; x_wconf 82' lang='lat' dir='ltr'><strong>tympanum,</strong></span> <span class='ocrx_word' id='word_1_549' title='bbox 1161 4419 1209 4463; x_wconf 89' lang='lat' dir='ltr'><strong>et</strong></span> <span class='ocrx_word' id='word_1_550' title='bbox 1229 4411 1382 4474; x_wconf 88' lang='lat' dir='ltr'><strong>tibia,</strong></span> <span class='ocrx_word' id='word_1_551' title='bbox 1409 4420 1455 4462; x_wconf 92' lang='lat' dir='ltr'><strong>et</strong></span> <span class='ocrx_word' id='word_1_552' title='bbox 1495 4412 1672 4464; x_wconf 81' lang='lat' dir='ltr'><strong>vinum</strong></span> <span class='ocrx_word' id='word_1_553' title='bbox 1717 4412 1772 4464; x_wconf 88' lang='lat' dir='ltr'><strong>in</strong></span> <span class='ocrx_word' id='word_1_554' title='bbox 1803 4414 2048 4466; x_wconf 79' lang='lat' dir='ltr'><strong>conviviis</strong></span> <span class='ocrx_word' id='word_1_555' title='bbox 2087 4416 2290 4480; x_wconf 80' lang='lat' dir='ltr'><strong>uestris,</strong></span> 
     </span>
    </p>
   </div>
   <div class='ocr_carea' id='block_1_75' title="bbox 706 4502 2292 4572">
    <p class='ocr_par' dir='ltr' id='par_1_75' title="bbox 706 4502 2292 4572">
     <span class='ocr_line' id='line_1_75' title="bbox 706 4502 2292 4572; baseline 0.004 -18"><span class='ocrx_word' id='word_1_556' title='bbox 706 4510 920 4568; x_wconf 79' lang='lat' dir='ltr'><strong>etopus</strong></span> <span class='ocrx_word' id='word_1_557' title='bbox 967 4502 1176 4554; x_wconf 77' lang='lat' dir='ltr'><strong>Domini</strong></span> <span class='ocrx_word' id='word_1_558' title='bbox 1236 4517 1338 4554; x_wconf 83' lang='lat' dir='ltr'><strong>non</strong></span> <span class='ocrx_word' id='word_1_559' title='bbox 1397 4504 1672 4570; x_wconf 90' lang='lat' dir='ltr'><strong>respicitis.</strong></span> <span class='ocrx_word' id='word_1_560' title='bbox 1717 4520 1815 4557; x_wconf 78' lang='lat' dir='ltr'><strong>nec</strong></span> <span class='ocrx_word' id='word_1_561' title='bbox 1839 4521 1996 4572; x_wconf 80' lang='lat' dir='ltr'><strong>Opera</strong></span> <span class='ocrx_word' id='word_1_562' title='bbox 2039 4522 2292 4560; x_wconf 88' lang='lat' dir='ltr'><strong>manuum</strong></span> 
     </span>
    </p>
   </div>
   <div class='ocr_carea' id='block_1_76' title="bbox 2402 3305 3993 3378">
    <p class='ocr_par' dir='ltr' id='par_1_76' title="bbox 2402 3305 3993 3378">
     <span class='ocr_line' id='line_1_76' title="bbox 2402 3305 3993 3378; baseline -0.002 -16"><span class='ocrx_word' id='word_1_563' title='bbox 2402 3309 2520 3373; x_wconf 88' lang='lat' dir='ltr'><strong>ﬁlii,</strong></span> <span class='ocrx_word' id='word_1_564' title='bbox 2552 3309 2682 3378; x_wconf 92' lang='lat' dir='ltr'><strong>quid</strong></span> <span class='ocrx_word' id='word_1_565' title='bbox 2709 3318 2891 3361; x_wconf 89' lang='lat' dir='ltr'><strong>autem</strong></span> <span class='ocrx_word' id='word_1_566' title='bbox 2921 3310 3040 3378; x_wconf 87' lang='lat' dir='ltr'><strong>ipse</strong></span> <span class='ocrx_word' id='word_1_567' title='bbox 3074 3311 3252 3360; x_wconf 80' lang='lat' dir='ltr'><strong>Aaron</strong></span> <span class='ocrx_word' id='word_1_568' title='bbox 3285 3307 3450 3360; x_wconf 89' lang='lat' dir='ltr'><strong>habet</strong></span> <span class='ocrx_word' id='word_1_569' title='bbox 3475 3307 3831 3375; x_wconf 57' lang='lat' dir='ltr'><strong>praecipuum.</strong></span> <span class='ocrx_word' id='word_1_570' title='bbox 3890 3305 3993 3359; x_wconf 85' lang='lat' dir='ltr'><strong>Sa-</strong></span> 
     </span>
    </p>
   </div>
   <div class='ocr_carea' id='block_1_77' title="bbox 2403 3398 3991 3469">
    <p class='ocr_par' dir='ltr' id='par_1_77' title="bbox 2403 3398 3991 3469">
     <span class='ocr_line' id='line_1_77' title="bbox 2403 3398 3991 3469; baseline 0 -16"><span class='ocrx_word' id='word_1_571' title='bbox 2403 3398 2670 3454; x_wconf 90' lang='lat' dir='ltr'><strong>criﬁcium</strong></span> <span class='ocrx_word' id='word_1_572' title='bbox 2695 3399 2840 3453; x_wconf 90' lang='lat' dir='ltr'><strong>enim</strong></span> <span class='ocrx_word' id='word_1_573' title='bbox 2879 3401 3024 3469; x_wconf 84' lang='lat' dir='ltr'><strong>quod</strong></span> <span class='ocrx_word' id='word_1_574' title='bbox 3055 3401 3316 3453; x_wconf 90' lang='lat' dir='ltr'><strong>remansit</strong></span> <span class='ocrx_word' id='word_1_575' title='bbox 3354 3400 3420 3454; x_wconf 89' lang='lat' dir='ltr'><strong>de</strong></span> <span class='ocrx_word' id='word_1_576' title='bbox 3449 3400 3746 3464; x_wconf 85' lang='lat' dir='ltr'><strong>oblatione,</strong></span> <span class='ocrx_word' id='word_1_577' title='bbox 3773 3401 3892 3454; x_wconf 86' lang='lat' dir='ltr'><strong>sive</strong></span> <span class='ocrx_word' id='word_1_578' title='bbox 3921 3400 3991 3453; x_wconf 89' lang='lat' dir='ltr'><strong>ab</strong></span> 
     </span>
    </p>
   </div>
   <div class='ocr_carea' id='block_1_78' title="bbox 2403 3491 3991 3563">
    <p class='ocr_par' dir='ltr' id='par_1_78' title="bbox 2403 3491 3991 3563">
     <span class='ocr_line' id='line_1_78' title="bbox 2403 3491 3991 3563; baseline 0.001 -17"><span class='ocrx_word' id='word_1_579' title='bbox 2403 3491 2743 3546; x_wconf 88' lang='lat' dir='ltr'><strong>holocaustis</strong></span> <span class='ocrx_word' id='word_1_580' title='bbox 2793 3491 3030 3554; x_wconf 90' lang='lat' dir='ltr'><strong>Domini,</strong></span> <span class='ocrx_word' id='word_1_581' title='bbox 3084 3493 3186 3546; x_wconf 89' lang='lat' dir='ltr'><strong>hoc</strong></span> <span class='ocrx_word' id='word_1_582' title='bbox 3216 3493 3374 3558; x_wconf 84' lang='lat' dir='ltr'><strong>dixit,</strong></span> <span class='ocrx_word' id='word_1_583' title='bbox 3442 3493 3587 3562; x_wconf 86' lang='lat' dir='ltr'><strong>quod</strong></span> <span class='ocrx_word' id='word_1_584' title='bbox 3623 3503 3883 3563; x_wconf 81' lang='lat' dir='ltr'><strong>superest</strong></span> <span class='ocrx_word' id='word_1_585' title='bbox 3921 3495 3991 3548; x_wconf 78' lang='lat' dir='ltr'><strong>de</strong></span> 
     </span>
    </p>
   </div>
   <div class='ocr_carea' id='block_1_79' title="bbox 2403 3584 3988 3656">
    <p class='ocr_par' dir='ltr' id='par_1_79' title="bbox 2403 3584 3988 3656">
     <span class='ocr_line' id='line_1_79' title="bbox 2403 3584 3988 3656; baseline -0.003 -15"><span class='ocrx_word' id='word_1_586' title='bbox 2403 3586 2606 3641; x_wconf 89' lang='lat' dir='ltr'><strong>simila.</strong></span> <span class='ocrx_word' id='word_1_587' title='bbox 2630 3585 2835 3654; x_wconf 85' lang='lat' dir='ltr'><strong>Aperte</strong></span> <span class='ocrx_word' id='word_1_588' title='bbox 2856 3601 2985 3656; x_wconf 82' lang='lat' dir='ltr'><strong>ergo</strong></span> <span class='ocrx_word' id='word_1_589' title='bbox 3025 3586 3218 3654; x_wconf 80' lang='lat' dir='ltr'><strong>Aquila</strong></span> <span class='ocrx_word' id='word_1_590' title='bbox 3268 3585 3461 3647; x_wconf 88' lang='lat' dir='ltr'><strong>edidit,</strong></span> <span class='ocrx_word' id='word_1_591' title='bbox 3494 3585 3724 3639; x_wconf 89' lang='lat' dir='ltr'><strong>dicens:</strong></span> <span class='ocrx_word' id='word_1_592' title='bbox 3777 3584 3988 3638; x_wconf 67' lang='lat' dir='ltr'><strong>Donum</strong></span> 
     </span>
    </p>
   </div>
   <div class='ocr_carea' id='block_1_80' title="bbox 2399 3677 3991 3748">
    <p class='ocr_par' dir='ltr' id='par_1_80' title="bbox 2399 3677 3991 3748">
     <span class='ocr_line' id='line_1_80' title="bbox 2399 3677 3991 3748; baseline 0.001 -18"><span class='ocrx_word' id='word_1_593' title='bbox 2399 3679 2541 3748; x_wconf 75' lang='lat' dir='ltr'><strong>quod</strong></span> <span class='ocrx_word' id='word_1_594' title='bbox 2560 3677 2819 3746; x_wconf 81' lang='lat' dir='ltr'><strong>reliquum</strong></span> <span class='ocrx_word' id='word_1_595' title='bbox 2839 3687 2912 3729; x_wconf 89' lang='lat' dir='ltr'><strong>est</strong></span> <span class='ocrx_word' id='word_1_596' title='bbox 2945 3681 3008 3730; x_wconf 90' lang='lat' dir='ltr'><strong>de</strong></span> <span class='ocrx_word' id='word_1_597' title='bbox 3037 3677 3319 3747; x_wconf 77' lang='lat' dir='ltr'><strong>frumento.</strong></span> <span class='ocrx_word' id='word_1_598' title='bbox 3374 3679 3549 3748; x_wconf 89' lang='lat' dir='ltr'><strong>Hujus</strong></span> <span class='ocrx_word' id='word_1_599' title='bbox 3601 3678 3991 3747; x_wconf 76' lang='lat' dir='ltr'><strong>interpretatio</strong></span> 
     </span>
    </p>
   </div>
   <div class='ocr_carea' id='block_1_81' title="bbox 2400 3769 3985 3839">
    <p class='ocr_par' dir='ltr' id='par_1_81' title="bbox 2400 3769 3985 3839">
     <span class='ocr_line' id='line_1_81' title="bbox 2400 3769 3985 3839; baseline -0.003 -15"><span class='ocrx_word' id='word_1_600' title='bbox 2400 3779 2485 3824; x_wconf 85' lang='lat' dir='ltr'><strong>est</strong></span> <span class='ocrx_word' id='word_1_601' title='bbox 2514 3789 2527 3823; x_wconf 93' lang='lat'>:</span> <span class='ocrx_word' id='word_1_602' title='bbox 2554 3770 2717 3823; x_wconf 84' lang='lat' dir='ltr'><strong>etiam</strong></span> <span class='ocrx_word' id='word_1_603' title='bbox 2751 3771 2855 3823; x_wconf 87' lang='lat' dir='ltr'><strong>hoc</strong></span> <span class='ocrx_word' id='word_1_604' title='bbox 2885 3769 3031 3838; x_wconf 87' lang='lat' dir='ltr'><strong>quod</strong></span> <span class='ocrx_word' id='word_1_605' title='bbox 3053 3769 3330 3839; x_wconf 85' lang='lat' dir='ltr'><strong>legislatnr</strong></span> <span class='ocrx_word' id='word_1_606' title='bbox 3374 3769 3638 3830; x_wconf 77' lang='lat' dir='ltr'><strong>subdidit,</strong></span> <span class='ocrx_word' id='word_1_607' title='bbox 3673 3771 3748 3821; x_wconf 90' lang='lat' dir='ltr'><strong>ait</strong></span> <span class='ocrx_word' id='word_1_608' title='bbox 3778 3771 3931 3823; x_wconf 90' lang='lat' dir='ltr'><strong>enim</strong></span> <span class='ocrx_word' id='word_1_609' title='bbox 3971 3784 3985 3820; x_wconf 94' lang='lat'><strong>:</strong></span> 
     </span>
    </p>
   </div>
   <div class='ocr_carea' id='block_1_82' title="bbox 2474 3858 3980 3929">
    <p class='ocr_par' dir='ltr' id='par_1_82' title="bbox 2474 3858 3980 3929">
     <span class='ocr_line' id='line_1_82' title="bbox 2474 3858 3980 3929; baseline 0.001 -17"><span class='ocrx_word' id='word_1_610' title='bbox 2474 3859 2540 3912; x_wconf 84' lang='lat' dir='ltr'><strong>Et</strong></span> <span class='ocrx_word' id='word_1_611' title='bbox 2562 3861 2817 3913; x_wconf 88' lang='lat' dir='ltr'><strong>comedite</strong></span> <span class='ocrx_word' id='word_1_612' title='bbox 2836 3860 3030 3929; x_wconf 87' lang='lat' dir='ltr'><strong>absque</strong></span> <span class='ocrx_word' id='word_1_613' title='bbox 3045 3861 3298 3928; x_wconf 80' lang='lat' dir='ltr'><strong>fermento</strong></span> <span class='ocrx_word' id='word_1_614' title='bbox 3317 3861 3477 3928; x_wconf 71' lang='lat' dir='ltr'><strong>juxta</strong></span> <span class='ocrx_word' id='word_1_615' title='bbox 3525 3859 3714 3912; x_wconf 84' lang='lat' dir='ltr'><strong>altare.</strong></span> <span class='ocrx_word' id='word_1_616' title='bbox 3755 3858 3980 3929; x_wconf 81' lang='lat' dir='ltr'><strong>Ubique</strong></span> 
     </span>
    </p>
   </div>
   <div class='ocr_carea' id='block_1_83' title="bbox 2399 3949 3976 4019">
    <p class='ocr_par' dir='ltr' id='par_1_83' title="bbox 2399 3949 3976 4019">
     <span class='ocr_line' id='line_1_83' title="bbox 2399 3949 3976 4019; baseline -0.001 -14"><span class='ocrx_word' id='word_1_617' title='bbox 2399 3952 2704 4017; x_wconf 85' lang='lat' dir='ltr'><strong>doctrinam</strong></span> <span class='ocrx_word' id='word_1_618' title='bbox 2726 3951 3007 4019; x_wconf 66' lang='lat' dir='ltr'><strong>theologia:</strong></span> <span class='ocrx_word' id='word_1_619' title='bbox 3035 3951 3176 4004; x_wconf 87' lang='lat' dir='ltr'><strong>hanc</strong></span> <span class='ocrx_word' id='word_1_620' title='bbox 3216 3949 3487 4019; x_wconf 82' lang='lat' dir='ltr'><strong>signiﬁcat</strong></span> <span class='ocrx_word' id='word_1_621' title='bbox 3510 3949 3841 4003; x_wconf 88' lang='lat' dir='ltr'><strong>sacriﬁcium</strong></span> <span class='ocrx_word' id='word_1_622' title='bbox 3904 3950 3976 4003; x_wconf 82' lang='lat' dir='ltr'><strong>si—</strong></span> 
     </span>
    </p>
   </div>
   <div class='ocr_carea' id='block_1_84' title="bbox 2401 4021 3984 4112">
    <p class='ocr_par' dir='ltr' id='par_1_84' title="bbox 2401 4021 3984 4112">
     <span class='ocr_line' id='line_1_84' title="bbox 2401 4021 3984 4112; baseline -0.001 -14"><span class='ocrx_word' id='word_1_623' title='bbox 2401 4021 2546 4098; x_wconf 65' lang='lat' dir='ltr'><strong>mila:</strong></span> <span class='ocrx_word' id='word_1_624' title='bbox 2575 4044 2696 4098; x_wconf 90' lang='lat' dir='ltr'><strong>sine</strong></span> <span class='ocrx_word' id='word_1_625' title='bbox 2729 4043 2997 4098; x_wconf 80' lang='lat' dir='ltr'><strong>fermento</strong></span> <span class='ocrx_word' id='word_1_626' title='bbox 3017 4053 3446 4112; x_wconf 86' lang='lat' dir='ltr'><strong>esse,quantum</strong></span> <span class='ocrx_word' id='word_1_627' title='bbox 3503 4042 3571 4095; x_wconf 87' lang='lat' dir='ltr'><strong>ad</strong></span> <span class='ocrx_word' id='word_1_628' title='bbox 3643 4042 3984 4097; x_wconf 77' lang='lat' dir='ltr'><strong>exteriorem</strong></span> 
     </span>
    </p>
   </div>
   <div class='ocr_carea' id='block_1_85' title="bbox 2397 4135 3988 4204">
    <p class='ocr_par' dir='ltr' id='par_1_85' title="bbox 2397 4135 3988 4204">
     <span class='ocr_line' id='line_1_85' title="bbox 2397 4135 3988 4204; baseline 0.001 -15"><span class='ocrx_word' id='word_1_629' title='bbox 2397 4136 2708 4190; x_wconf 80' lang='lat' dir='ltr'><strong>doctrinam</strong></span> <span class='ocrx_word' id='word_1_630' title='bbox 2749 4137 2958 4200; x_wconf 87' lang='lat' dir='ltr'><strong>volens,</strong></span> <span class='ocrx_word' id='word_1_631' title='bbox 2991 4135 3242 4190; x_wconf 83' lang='lat' dir='ltr'><strong>similiter</strong></span> <span class='ocrx_word' id='word_1_632' title='bbox 3286 4136 3450 4189; x_wconf 89' lang='lat' dir='ltr'><strong>etiam</strong></span> <span class='ocrx_word' id='word_1_633' title='bbox 3512 4135 3830 4197; x_wconf 82' lang='lat' dir='ltr'><strong>ostendens,</strong></span> <span class='ocrx_word' id='word_1_634' title='bbox 3857 4137 3988 4204; x_wconf 85' lang='lat' dir='ltr'><strong>quia</strong></span> 
     </span>
    </p>
   </div>
   <div class='ocr_carea' id='block_1_86' title="bbox 2401 4227 3988 4298">
    <p class='ocr_par' dir='ltr' id='par_1_86' title="bbox 2401 4227 3988 4298">
     <span class='ocr_line' id='line_1_86' title="bbox 2401 4227 3988 4298; baseline 0.001 -17"><span class='ocrx_word' id='word_1_635' title='bbox 2401 4229 2735 4298; x_wconf 89' lang='lat' dir='ltr'><strong>participalis</strong></span> <span class='ocrx_word' id='word_1_636' title='bbox 2756 4228 3004 4297; x_wconf 64' lang='lat' dir='ltr'><strong>quaedam</strong></span> <span class='ocrx_word' id='word_1_637' title='bbox 3029 4227 3171 4297; x_wconf 87' lang='lat' dir='ltr'><strong>apud</strong></span> <span class='ocrx_word' id='word_1_638' title='bbox 3199 4242 3302 4281; x_wconf 89' lang='lat' dir='ltr'><strong>nos</strong></span> <span class='ocrx_word' id='word_1_639' title='bbox 3323 4235 3407 4280; x_wconf 91' lang='lat' dir='ltr'><strong>est</strong></span> <span class='ocrx_word' id='word_1_640' title='bbox 3438 4227 3705 4297; x_wconf 83' lang='lat' dir='ltr'><strong>theologia</strong></span> <span class='ocrx_word' id='word_1_641' title='bbox 3735 4244 3749 4278; x_wconf 92' lang='lat'><strong>:</strong></span> <span class='ocrx_word' id='word_1_642' title='bbox 3778 4227 3836 4280; x_wconf 89' lang='lat' dir='ltr'><strong>in</strong></span> <span class='ocrx_word' id='word_1_643' title='bbox 3867 4241 3988 4282; x_wconf 61' lang='lat' dir='ltr'><strong>oae-</strong></span> 
     </span>
    </p>
   </div>
   <div class='ocr_carea' id='block_1_87' title="bbox 2402 4317 3989 4390">
    <p class='ocr_par' dir='ltr' id='par_1_87' title="bbox 2402 4317 3989 4390">
     <span class='ocr_line' id='line_1_87' title="bbox 2402 4317 3989 4390; baseline -0.001 -18"><span class='ocrx_word' id='word_1_644' title='bbox 2402 4321 2469 4373; x_wconf 90' lang='lat' dir='ltr'><strong>lis</strong></span> <span class='ocrx_word' id='word_1_645' title='bbox 2495 4322 2701 4390; x_wconf 89' lang='lat' dir='ltr'><strong>quippe</strong></span> <span class='ocrx_word' id='word_1_646' title='bbox 2731 4321 2852 4389; x_wconf 88' lang='lat' dir='ltr'><strong>ejus</strong></span> <span class='ocrx_word' id='word_1_647' title='bbox 2881 4329 2966 4374; x_wconf 89' lang='lat' dir='ltr'><strong>est</strong></span> <span class='ocrx_word' id='word_1_648' title='bbox 2995 4319 3302 4390; x_wconf 91' lang='lat' dir='ltr'><strong>plenitudo.</strong></span> <span class='ocrx_word' id='word_1_649' title='bbox 3371 4317 3602 4388; x_wconf 88' lang='lat' dir='ltr'><strong>Propter</strong></span> <span class='ocrx_word' id='word_1_650' title='bbox 3663 4318 3810 4387; x_wconf 91' lang='lat' dir='ltr'><strong>quod</strong></span> <span class='ocrx_word' id='word_1_651' title='bbox 3877 4319 3989 4372; x_wconf 83' lang='lat' dir='ltr'><strong>hoc</strong></span> 
     </span>
    </p>
   </div>
   <div class='ocr_carea' id='block_1_88' title="bbox 2397 4409 3986 4481">
    <p class='ocr_par' dir='ltr' id='par_1_88' title="bbox 2397 4409 3986 4481">
     <span class='ocr_line' id='line_1_88' title="bbox 2397 4409 3986 4481; baseline -0.003 -15"><span class='ocrx_word' id='word_1_652' title='bbox 2397 4413 2542 4481; x_wconf 90' lang='lat' dir='ltr'><strong>quod</strong></span> <span class='ocrx_word' id='word_1_653' title='bbox 2573 4413 2834 4466; x_wconf 89' lang='lat' dir='ltr'><strong>remansit</strong></span> <span class='ocrx_word' id='word_1_654' title='bbox 2893 4411 2946 4464; x_wconf 90' lang='lat' dir='ltr'><strong>id</strong></span> <span class='ocrx_word' id='word_1_655' title='bbox 2974 4420 3058 4464; x_wconf 89' lang='lat' dir='ltr'><strong>est</strong></span> <span class='ocrx_word' id='word_1_656' title='bbox 3089 4411 3194 4465; x_wconf 88' lang='lat' dir='ltr'><strong>hoc</strong></span> <span class='ocrx_word' id='word_1_657' title='bbox 3223 4411 3368 4480; x_wconf 85' lang='lat' dir='ltr'><strong>quod</strong></span> <span class='ocrx_word' id='word_1_658' title='bbox 3424 4419 3697 4478; x_wconf 88' lang='lat' dir='ltr'><strong>superest,</strong></span> <span class='ocrx_word' id='word_1_659' title='bbox 3761 4409 3986 4462; x_wconf 81' lang='lat' dir='ltr'><strong>comedi</strong></span> 
     </span>
    </p>
   </div>
   <div class='ocr_carea' id='block_1_89' title="bbox 2399 4502 3987 4572">
    <p class='ocr_par' dir='ltr' id='par_1_89' title="bbox 2399 4502 3987 4572">
     <span class='ocr_line' id='line_1_89' title="bbox 2399 4502 3987 4572; baseline 0 -18"><span class='ocrx_word' id='word_1_660' title='bbox 2399 4503 2677 4572; x_wconf 51' lang='lat' dir='ltr'><strong>pra‘cepit,</strong></span> <span class='ocrx_word' id='word_1_661' title='bbox 2709 4513 2768 4556; x_wconf 92' lang='lat' dir='ltr'><strong>ut</strong></span> <span class='ocrx_word' id='word_1_662' title='bbox 2790 4502 3042 4556; x_wconf 89' lang='lat' dir='ltr'><strong>ostendat</strong></span> <span class='ocrx_word' id='word_1_663' title='bbox 3069 4517 3343 4555; x_wconf 90' lang='lat' dir='ltr'><strong>summum</strong></span> <span class='ocrx_word' id='word_1_664' title='bbox 3394 4503 3536 4571; x_wconf 91' lang='lat' dir='ltr'><strong>apud</strong></span> <span class='ocrx_word' id='word_1_665' title='bbox 3559 4517 3684 4553; x_wconf 87' lang='lat' dir='ltr'><strong>eum</strong></span> <span class='ocrx_word' id='word_1_666' title='bbox 3712 4516 3856 4562; x_wconf 89' lang='lat' dir='ltr'><strong>esse,</strong></span> <span class='ocrx_word' id='word_1_667' title='bbox 3892 4510 3987 4554; x_wconf 88' lang='lat' dir='ltr'><strong>at-</strong></span> 
     </span>
    </p>
   </div>
   <div class='ocr_carea' id='block_1_90' title="bbox 705 4569 3987 4664">
    <p class='ocr_par' dir='ltr' id='par_1_90' title="bbox 705 4569 3987 4664">
     <span class='ocr_line' id='line_1_90' title="bbox 705 4569 3987 4664; baseline 0.002 -26"><span class='ocrx_word' id='word_1_668' title='bbox 705 4586 831 4655; x_wconf 66' lang='lat' dir='ltr'><strong>ejus</strong></span> <span class='ocrx_word' id='word_1_669' title='bbox 861 4589 1208 4642; x_wconf 86' lang='lat' dir='ltr'><strong>consideratis</strong></span> <span class='ocrx_word' id='word_1_670' title='bbox 1238 4590 1308 4642; x_wconf 84' lang='grc'><strong>⁹¹.</strong></span> <span class='ocrx_word' id='word_1_671' title='bbox 1341 4588 1444 4664; x_wconf 86' lang='lat' dir='ltr'><strong>Qui</strong></span> <span class='ocrx_word' id='word_1_672' title='bbox 1476 4569 1659 4644; x_wconf 87' lang='lat' dir='ltr'><strong>autem</strong></span> <span class='ocrx_word' id='word_1_673' title='bbox 1712 4569 1881 4662; x_wconf 78' lang='lat' dir='ltr'><strong>opera</strong></span> <span class='ocrx_word' id='word_1_674' title='bbox 1923 4593 2136 4647; x_wconf 90' lang='lat' dir='ltr'><strong>Domini</strong></span> <span class='ocrx_word' id='word_1_675' title='bbox 2182 4611 2289 4648; x_wconf 89' lang='lat' dir='ltr'><strong>non</strong></span> <span class='ocrx_word' id='word_1_676' title='bbox 2325 4569 2369 4623; x_wconf 73' lang='grc' dir='ltr'><strong>θ</strong></span> <span class='ocrx_word' id='word_1_677' title='bbox 2395 4569 2502 4664; x_wconf 82' lang='lat' dir='ltr'><strong>que</strong></span> <span class='ocrx_word' id='word_1_678' title='bbox 2537 4569 3211 4664; x_wconf 77' lang='lat' dir='ltr'><strong>servari.0portetautem</strong></span> <span class='ocrx_word' id='word_1_679' title='bbox 3243 4610 3362 4648; x_wconf 85' lang='lat' dir='ltr'><strong>eam</strong></span> <span class='ocrx_word' id='word_1_680' title='bbox 3413 4569 3626 4647; x_wconf 78' lang='lat' dir='ltr'><strong>comedi</strong></span> <span class='ocrx_word' id='word_1_681' title='bbox 3689 4594 3844 4661; x_wconf 78' lang='lat' dir='ltr'><strong>juxta</strong></span> <span class='ocrx_word' id='word_1_682' title='bbox 3903 4594 3987 4646; x_wconf 79' lang='lat' dir='ltr'><strong>al-</strong></span> 
     </span>
    </p>
   </div>
   <div class='ocr_carea' id='block_1_91' title="bbox 715 4680 2291 4753">
    <p class='ocr_par' dir='ltr' id='par_1_91' title="bbox 715 4680 2291 4753">
     <span class='ocr_line' id='line_1_91' title="bbox 715 4680 2291 4753; baseline 0.004 -20"><span class='ocrx_word' id='word_1_683' title='bbox 715 4681 922 4744; x_wconf 84' lang='lat' dir='ltr'><strong>vident,</strong></span> <span class='ocrx_word' id='word_1_684' title='bbox 956 4680 1231 4748; x_wconf 88' lang='lat' dir='ltr'><strong>quomodo</strong></span> <span class='ocrx_word' id='word_1_685' title='bbox 1256 4680 1500 4734; x_wconf 82' lang='lat' dir='ltr'><strong>dividere</strong></span> <span class='ocrx_word' id='word_1_686' title='bbox 1537 4682 1681 4734; x_wconf 89' lang='lat' dir='ltr'><strong>inter</strong></span> <span class='ocrx_word' id='word_1_687' title='bbox 1721 4693 1908 4737; x_wconf 88' lang='lat' dir='ltr'><strong>sancta</strong></span> <span class='ocrx_word' id='word_1_688' title='bbox 1963 4694 2018 4738; x_wconf 92' lang='lat' dir='ltr'><strong>et</strong></span> <span class='ocrx_word' id='word_1_689' title='bbox 2046 4686 2291 4753; x_wconf 81' lang='lat' dir='ltr'><strong>profana,</strong></span> 
     </span>
    </p>
   </div>
   <div class='ocr_carea' id='block_1_92' title="bbox 706 4772 2292 4842">
    <p class='ocr_par' dir='ltr' id='par_1_92' title="bbox 706 4772 2292 4842">
     <span class='ocr_line' id='line_1_92' title="bbox 706 4772 2292 4842; baseline 0.005 -16"><span class='ocrx_word' id='word_1_690' title='bbox 706 4782 809 4826; x_wconf 65' lang='lat' dir='ltr'><strong>aut</strong></span> <span class='ocrx_word' id='word_1_691' title='bbox 849 4773 1052 4825; x_wconf 89' lang='lat' dir='ltr'><strong>munda</strong></span> <span class='ocrx_word' id='word_1_692' title='bbox 1088 4781 1145 4825; x_wconf 88' lang='lat' dir='ltr'><strong>et</strong></span> <span class='ocrx_word' id='word_1_693' title='bbox 1182 4772 1483 4834; x_wconf 86' lang='lat' dir='ltr'><strong>immunda,</strong></span> <span class='ocrx_word' id='word_1_694' title='bbox 1507 4774 1591 4827; x_wconf 89' lang='lat' dir='ltr'><strong>vel</strong></span> <span class='ocrx_word' id='word_1_695' title='bbox 1623 4775 1898 4842; x_wconf 90' lang='lat' dir='ltr'><strong>quomodo</strong></span> <span class='ocrx_word' id='word_1_696' title='bbox 1916 4777 2292 4840; x_wconf 88' lang='lat' dir='ltr'><strong>exhortari,et</strong></span> 
     </span>
    </p>
   </div>
   <div class='ocr_carea' id='block_1_93' title="bbox 719 4861 2291 4935">
    <p class='ocr_par' dir='ltr' id='par_1_93' title="bbox 719 4861 2291 4935">
     <span class='ocr_line' id='line_1_93' title="bbox 719 4861 2291 4935; baseline 0.004 -19"><span class='ocrx_word' id='word_1_697' title='bbox 719 4862 1039 4916; x_wconf 71' lang='lat' dir='ltr'><strong>illuminare</strong></span> <span class='ocrx_word' id='word_1_698' title='bbox 1061 4862 1320 4931; x_wconf 88' lang='lat' dir='ltr'><strong>populum</strong></span> <span class='ocrx_word' id='word_1_699' title='bbox 1369 4863 1434 4916; x_wconf 89' lang='lat' dir='ltr'><strong>de</strong></span> <span class='ocrx_word' id='word_1_700' title='bbox 1475 4861 1770 4933; x_wconf 88' lang='lat' dir='ltr'><strong>Scripturis</strong></span> <span class='ocrx_word' id='word_1_701' title='bbox 1828 4869 2090 4935; x_wconf 85' lang='lat' dir='ltr'><strong>possunt?</strong></span> <span class='ocrx_word' id='word_1_702' title='bbox 2137 4868 2291 4924; x_wconf 90' lang='lat' dir='ltr'><strong>Unde</strong></span> 
     </span>
    </p>
   </div>
   <div class='ocr_carea' id='block_1_94' title="bbox 713 4953 2286 5029">
    <p class='ocr_par' dir='ltr' id='par_1_94' title="bbox 713 4953 2286 5029">
     <span class='ocr_line' id='line_1_94' title="bbox 713 4953 2286 5029; baseline 0.005 -23"><span class='ocrx_word' id='word_1_703' title='bbox 713 4954 819 5006; x_wconf 83' lang='lat' dir='ltr'><strong>hoc</strong></span> <span class='ocrx_word' id='word_1_704' title='bbox 849 4954 1164 5007; x_wconf 89' lang='lat' dir='ltr'><strong>mandatum</strong></span> <span class='ocrx_word' id='word_1_705' title='bbox 1193 4953 1482 5006; x_wconf 86' lang='lat' dir='ltr'><strong>sublimius</strong></span> <span class='ocrx_word' id='word_1_706' title='bbox 1510 4954 1800 5009; x_wconf 88' lang='lat' dir='ltr'><strong>ostendere</strong></span> <span class='ocrx_word' id='word_1_707' title='bbox 1823 4959 2072 5026; x_wconf 90' lang='lat' dir='ltr'><strong>cupiens,</strong></span> <span class='ocrx_word' id='word_1_708' title='bbox 2109 4962 2286 5029; x_wconf 88' lang='lat' dir='ltr'><strong>ipsum</strong></span> 
     </span>
    </p>
   </div>
   <div class='ocr_carea' id='block_1_95' title="bbox 715 5043 2292 5119">
    <p class='ocr_par' dir='ltr' id='par_1_95' title="bbox 715 5043 2292 5119">
     <span class='ocr_line' id='line_1_95' title="bbox 715 5043 2292 5119; baseline 0.006 -22"><span class='ocrx_word' id='word_1_709' title='bbox 715 5046 820 5097; x_wconf 88' lang='lat' dir='ltr'><strong>hoc</strong></span> <span class='ocrx_word' id='word_1_710' title='bbox 843 5045 919 5097; x_wconf 89' lang='lat' dir='ltr'><strong>ait</strong></span> <span class='ocrx_word' id='word_1_711' title='bbox 944 5045 1185 5098; x_wconf 88' lang='lat' dir='ltr'><strong>loculum</strong></span> <span class='ocrx_word' id='word_1_712' title='bbox 1209 5044 1375 5098; x_wconf 79' lang='lat' dir='ltr'><strong>fuisse</strong></span> <span class='ocrx_word' id='word_1_713' title='bbox 1400 5043 1708 5099; x_wconf 88' lang='lat' dir='ltr'><strong>Dominum.</strong></span> <span class='ocrx_word' id='word_1_714' title='bbox 1725 5046 1832 5101; x_wconf 90' lang='lat' dir='ltr'><strong>Sed</strong></span> <span class='ocrx_word' id='word_1_715' title='bbox 1854 5048 2292 5119; x_wconf 88' lang='lat' dir='ltr'><strong>intende,quem-</strong></span> 
     </span>
    </p>
   </div>
   <div class='ocr_carea' id='block_1_96' title="bbox 707 5135 2286 5212">
    <p class='ocr_par' dir='ltr' id='par_1_96' title="bbox 707 5135 2286 5212">
     <span class='ocr_line' id='line_1_96' title="bbox 707 5135 2286 5212; baseline 0.006 -24"><span class='ocrx_word' id='word_1_716' title='bbox 707 5136 1002 5188; x_wconf 82' lang='lat' dir='ltr'><strong>admodum</strong></span> <span class='ocrx_word' id='word_1_717' title='bbox 1045 5151 1145 5189; x_wconf 91' lang='lat' dir='ltr'><strong>nec</strong></span> <span class='ocrx_word' id='word_1_718' title='bbox 1208 5135 1310 5189; x_wconf 87' lang='lat' dir='ltr'><strong>hoc</strong></span> <span class='ocrx_word' id='word_1_719' title='bbox 1350 5151 1380 5189; x_wconf 88' lang='lat' dir='ltr'><strong>a</strong></span> <span class='ocrx_word' id='word_1_720' title='bbox 1431 5135 1769 5192; x_wconf 88' lang='lat' dir='ltr'><strong>districtione</strong></span> <span class='ocrx_word' id='word_1_721' title='bbox 1814 5154 2008 5194; x_wconf 89' lang='lat' dir='ltr'><strong>eorum</strong></span> <span class='ocrx_word' id='word_1_722' title='bbox 2060 5158 2183 5212; x_wconf 67' lang='lat' dir='ltr'><strong>qua:</strong></span> <span class='ocrx_word' id='word_1_723' title='bbox 2233 5144 2286 5197; x_wconf 89' lang='lat' dir='ltr'><strong>in</strong></span> 
     </span>
    </p>
   </div>
   <div class='ocr_carea' id='block_1_97' title="bbox 710 5224 2288 5295">
    <p class='ocr_par' dir='ltr' id='par_1_97' title="bbox 710 5224 2288 5295">
     <span class='ocr_line' id='line_1_97' title="bbox 710 5224 2288 5295; baseline 0.009 -17"><span class='ocrx_word' id='word_1_724' title='bbox 710 5224 1041 5280; x_wconf 80' lang='lat' dir='ltr'><strong>Pentecoste</strong></span> <span class='ocrx_word' id='word_1_725' title='bbox 1072 5235 1190 5280; x_wconf 89' lang='lat' dir='ltr'><strong>acta</strong></span> <span class='ocrx_word' id='word_1_726' title='bbox 1223 5237 1372 5290; x_wconf 81' lang='lat' dir='ltr'><strong>sunt,</strong></span> <span class='ocrx_word' id='word_1_727' title='bbox 1422 5227 1659 5281; x_wconf 88' lang='lat' dir='ltr'><strong>alienum</strong></span> <span class='ocrx_word' id='word_1_728' title='bbox 1691 5231 1780 5283; x_wconf 89' lang='lat' dir='ltr'><strong>sit.</strong></span> <span class='ocrx_word' id='word_1_729' title='bbox 1810 5229 1965 5295; x_wconf 85' lang='lat' dir='ltr'><strong>Quod</strong></span> <span class='ocrx_word' id='word_1_730' title='bbox 1995 5234 2140 5287; x_wconf 87' lang='lat' dir='ltr'><strong>enim</strong></span> <span class='ocrx_word' id='word_1_731' title='bbox 2200 5237 2288 5292; x_wconf 90' lang='lat' dir='ltr'><strong>hic</strong></span> 
     </span>
    </p>
   </div>
   <div class='ocr_carea' id='block_1_98' title="bbox 707 5318 2289 5398">
    <p class='ocr_par' dir='ltr' id='par_1_98' title="bbox 707 5318 2289 5398">
     <span class='ocr_line' id='line_1_98' title="bbox 707 5318 2289 5398; baseline 0.008 -28"><span class='ocrx_word' id='word_1_732' title='bbox 707 5321 1108 5390; x_wconf 73' lang='lat' dir='ltr'><strong>praecepitnon</strong></span> <span class='ocrx_word' id='word_1_733' title='bbox 1150 5319 1287 5386; x_wconf 85' lang='lat' dir='ltr'><strong>ﬁeri,</strong></span> <span class='ocrx_word' id='word_1_734' title='bbox 1331 5318 1535 5372; x_wconf 82' lang='lat' dir='ltr'><strong>factum</strong></span> <span class='ocrx_word' id='word_1_735' title='bbox 1586 5335 1709 5376; x_wconf 89' lang='lat' dir='ltr'><strong>esse</strong></span> <span class='ocrx_word' id='word_1_736' title='bbox 1746 5324 2073 5391; x_wconf 83' lang='lat' dir='ltr'><strong>quibusdam</strong></span> <span class='ocrx_word' id='word_1_737' title='bbox 2109 5329 2289 5398; x_wconf 83' lang='lat' dir='ltr'><strong>suspi-</strong></span> 
     </span>
    </p>
   </div>
   <div class='ocr_carea' id='block_1_99' title="bbox 709 5410 2292 5482">
    <p class='ocr_par' dir='ltr' id='par_1_99' title="bbox 709 5410 2292 5482">
     <span class='ocr_line' id='line_1_99' title="bbox 709 5410 2292 5482; baseline 0.006 -18"><span class='ocrx_word' id='word_1_738' title='bbox 709 5410 987 5473; x_wconf 79' lang='lat' dir='ltr'><strong>cantibus,</strong></span> <span class='ocrx_word' id='word_1_739' title='bbox 1017 5412 1235 5479; x_wconf 84' lang='lat' dir='ltr'><strong>quando</strong></span> <span class='ocrx_word' id='word_1_740' title='bbox 1268 5412 1504 5479; x_wconf 86' lang='lat' dir='ltr'><strong>Spiritus</strong></span> <span class='ocrx_word' id='word_1_741' title='bbox 1555 5414 1723 5482; x_wconf 80' lang='lat' dir='ltr'><strong>gratia</strong></span> <span class='ocrx_word' id='word_1_742' title='bbox 1751 5416 1993 5480; x_wconf 78' lang='lat' dir='ltr'><strong>advenit,</strong></span> <span class='ocrx_word' id='word_1_743' title='bbox 2026 5428 2080 5472; x_wconf 88' lang='lat' dir='ltr'><strong>et</strong></span> <span class='ocrx_word' id='word_1_744' title='bbox 2103 5418 2292 5474; x_wconf 85' lang='lat' dir='ltr'><strong>dicen-</strong></span> 
     </span>
    </p>
   </div>
   <div class='ocr_carea' id='block_1_100' title="bbox 2398 4685 3982 4755">
    <p class='ocr_par' dir='ltr' id='par_1_100' title="bbox 2398 4685 3982 4755">
     <span class='ocr_line' id='line_1_100' title="bbox 2398 4685 3982 4755; baseline -0.001 -14"><span class='ocrx_word' id='word_1_745' title='bbox 2398 4699 2530 4748; x_wconf 88' lang='lat' dir='ltr'><strong>tare,</strong></span> <span class='ocrx_word' id='word_1_746' title='bbox 2571 4688 2622 4741; x_wconf 92' lang='lat' dir='ltr'><strong>id</strong></span> <span class='ocrx_word' id='word_1_747' title='bbox 2646 4697 2730 4741; x_wconf 89' lang='lat' dir='ltr'><strong>est</strong></span> <span class='ocrx_word' id='word_1_748' title='bbox 2760 4687 2962 4740; x_wconf 78' lang='lat' dir='ltr'><strong>Christi</strong></span> <span class='ocrx_word' id='word_1_749' title='bbox 2988 4701 3210 4755; x_wconf 87' lang='lat' dir='ltr'><strong>corpus,</strong></span> <span class='ocrx_word' id='word_1_750' title='bbox 3268 4702 3331 4740; x_wconf 84' lang='lat' dir='ltr'><strong>ex</strong></span> <span class='ocrx_word' id='word_1_751' title='bbox 3361 4701 3428 4739; x_wconf 93' lang='lat' dir='ltr'><strong>eo</strong></span> <span class='ocrx_word' id='word_1_752' title='bbox 3449 4685 3593 4740; x_wconf 88' lang='lat' dir='ltr'><strong>enim</strong></span> <span class='ocrx_word' id='word_1_753' title='bbox 3626 4685 3782 4738; x_wconf 89' lang='lat' dir='ltr'><strong>nobis</strong></span> <span class='ocrx_word' id='word_1_754' title='bbox 3815 4686 3982 4740; x_wconf 82' lang='lat' dir='ltr'><strong>theo-</strong></span> 
     </span>
    </p>
   </div>
   <div class='ocr_carea' id='block_1_101' title="bbox 2397 4779 3119 4850">
    <p class='ocr_par' dir='ltr' id='par_1_101' title="bbox 2397 4779 3119 4850">
     <span class='ocr_line' id='line_1_101' title="bbox 2397 4779 3119 4850; baseline -0.006 -16"><span class='ocrx_word' id='word_1_755' title='bbox 2397 4780 2535 4850; x_wconf 80' lang='lat' dir='ltr'><strong>logia</strong></span> <span class='ocrx_word' id='word_1_756' title='bbox 2556 4780 2735 4834; x_wconf 90' lang='lat' dir='ltr'><strong>omnis</strong></span> <span class='ocrx_word' id='word_1_757' title='bbox 2758 4779 3119 4832; x_wconf 90' lang='lat' dir='ltr'><strong>ministratur.</strong></span> 
     </span>
    </p>
   </div>
   <div class='ocr_carea' id='block_1_102' title="bbox 2463 4869 3982 4940">
    <p class='ocr_par' dir='ltr' id='par_1_102' title="bbox 2463 4869 3982 4940">
     <span class='ocr_line' id='line_1_102' title="bbox 2463 4869 3982 4940; baseline -0.001 -16"><span class='ocrx_word' id='word_1_758' title='bbox 2463 4870 2568 4924; x_wconf 86' lang='lat' dir='ltr'><strong>Sed</strong></span> <span class='ocrx_word' id='word_1_759' title='bbox 2597 4872 2734 4940; x_wconf 88' lang='lat' dir='ltr'><strong>quod</strong></span> <span class='ocrx_word' id='word_1_760' title='bbox 2761 4871 3014 4923; x_wconf 86' lang='lat' dir='ltr'><strong>remansit</strong></span> <span class='ocrx_word' id='word_1_761' title='bbox 3047 4870 3109 4923; x_wconf 85' lang='lat' dir='ltr'><strong>de</strong></span> <span class='ocrx_word' id='word_1_762' title='bbox 3130 4869 3307 4923; x_wconf 86' lang='lat' dir='ltr'><strong>simila</strong></span> <span class='ocrx_word' id='word_1_763' title='bbox 3337 4870 3518 4923; x_wconf 73' lang='lat' dir='ltr'><strong>Aaron</strong></span> <span class='ocrx_word' id='word_1_764' title='bbox 3543 4871 3642 4922; x_wconf 85' lang='lat' dir='ltr'><strong>erit</strong></span> <span class='ocrx_word' id='word_1_765' title='bbox 3669 4880 3717 4922; x_wconf 88' lang='lat' dir='ltr'><strong>et</strong></span> <span class='ocrx_word' id='word_1_766' title='bbox 3741 4869 3982 4938; x_wconf 75' lang='lat' dir='ltr'><strong>ﬁliorum</strong></span> 
     </span>
    </p>
   </div>
   <div class='ocr_carea' id='block_1_103' title="bbox 2396 4960 3982 5030">
    <p class='ocr_par' dir='ltr' id='par_1_103' title="bbox 2396 4960 3982 5030">
     <span class='ocr_line' id='line_1_103' title="bbox 2396 4960 3982 5030; baseline 0 -16"><span class='ocrx_word' id='word_1_767' title='bbox 2396 4962 2529 5030; x_wconf 82' lang='lat' dir='ltr'><strong>ejus.</strong></span> <span class='ocrx_word' id='word_1_768' title='bbox 2558 4961 2686 5025; x_wconf 75' lang='lat' dir='ltr'><strong>Qua:</strong></span> <span class='ocrx_word' id='word_1_769' title='bbox 2712 4978 2832 5014; x_wconf 81' lang='lat' dir='ltr'><strong>vero</strong></span> <span class='ocrx_word' id='word_1_770' title='bbox 2861 4963 2925 5014; x_wconf 90' lang='lat' dir='ltr'><strong>de</strong></span> <span class='ocrx_word' id='word_1_771' title='bbox 2953 4960 3229 5029; x_wconf 89' lang='lat' dir='ltr'><strong>sacriﬁciis</strong></span> <span class='ocrx_word' id='word_1_772' title='bbox 3263 4961 3606 5030; x_wconf 80' lang='lat' dir='ltr'><strong>paciﬁcorum</strong></span> <span class='ocrx_word' id='word_1_773' title='bbox 3627 4962 3734 5014; x_wconf 76' lang='lat' dir='ltr'><strong>sive</strong></span> <span class='ocrx_word' id='word_1_774' title='bbox 3764 4961 3982 5014; x_wconf 71' lang='lat' dir='ltr'><strong>saluta-</strong></span> 
     </span>
    </p>
   </div>
   <div class='ocr_carea' id='block_1_104' title="bbox 2399 5054 3980 5122">
    <p class='ocr_par' dir='ltr' id='par_1_104' title="bbox 2399 5054 3980 5122">
     <span class='ocr_line' id='line_1_104' title="bbox 2399 5054 3980 5122; baseline 0 -16"><span class='ocrx_word' id='word_1_775' title='bbox 2399 5055 2541 5108; x_wconf 81' lang='lat' dir='ltr'><strong>ribus</strong></span> <span class='ocrx_word' id='word_1_776' title='bbox 2574 5064 2695 5106; x_wconf 86' lang='lat' dir='ltr'><strong>sunt</strong></span> <span class='ocrx_word' id='word_1_777' title='bbox 2730 5057 2908 5106; x_wconf 82' lang='lat' dir='ltr'><strong>Aaron</strong></span> <span class='ocrx_word' id='word_1_778' title='bbox 2931 5063 2979 5106; x_wconf 88' lang='lat' dir='ltr'><strong>et</strong></span> <span class='ocrx_word' id='word_1_779' title='bbox 3007 5054 3237 5122; x_wconf 77' lang='lat' dir='ltr'><strong>ﬁliorum</strong></span> <span class='ocrx_word' id='word_1_780' title='bbox 3269 5054 3382 5120; x_wconf 87' lang='lat' dir='ltr'><strong>ejus</strong></span> <span class='ocrx_word' id='word_1_781' title='bbox 3425 5069 3444 5106; x_wconf 93' lang='lat'><em>:</em></span> <span class='ocrx_word' id='word_1_782' title='bbox 3504 5054 3620 5106; x_wconf 80' lang='lat' dir='ltr'><strong>sive</strong></span> <span class='ocrx_word' id='word_1_783' title='bbox 3671 5055 3980 5106; x_wconf 87' lang='lat' dir='ltr'><strong>secundum</strong></span> 
     </span>
    </p>
   </div>
   <div class='ocr_carea' id='block_1_105' title="bbox 2397 5143 3979 5213">
    <p class='ocr_par' dir='ltr' id='par_1_105' title="bbox 2397 5143 3979 5213">
     <span class='ocr_line' id='line_1_105' title="bbox 2397 5143 3979 5213; baseline -0.001 -14"><span class='ocrx_word' id='word_1_784' title='bbox 2397 5145 2537 5200; x_wconf 76' lang='lat' dir='ltr'><strong>LXX</strong></span> <span class='ocrx_word' id='word_1_785' title='bbox 2564 5157 2610 5200; x_wconf 83' lang='lat' dir='ltr'><strong>et</strong></span> <span class='ocrx_word' id='word_1_786' title='bbox 2638 5148 2815 5198; x_wconf 90' lang='lat' dir='ltr'><strong>domui</strong></span> <span class='ocrx_word' id='word_1_787' title='bbox 2848 5147 2982 5213; x_wconf 80' lang='lat' dir='ltr'><strong>eius,</strong></span> <span class='ocrx_word' id='word_1_788' title='bbox 3024 5147 3191 5198; x_wconf 87' lang='lat' dir='ltr'><strong>omnis</strong></span> <span class='ocrx_word' id='word_1_789' title='bbox 3225 5145 3463 5198; x_wconf 81' lang='lat' dir='ltr'><strong>uidelicet</strong></span> <span class='ocrx_word' id='word_1_790' title='bbox 3501 5144 3700 5213; x_wconf 81' lang='lat' dir='ltr'><strong>populi.</strong></span> <span class='ocrx_word' id='word_1_791' title='bbox 3733 5143 3979 5197; x_wconf 83' lang='lat' dir='ltr'><strong>Theolo-</strong></span> 
     </span>
    </p>
   </div>
   <div class='ocr_carea' id='block_1_106' title="bbox 2395 5233 3976 5308">
    <p class='ocr_par' dir='ltr' id='par_1_106' title="bbox 2395 5233 3976 5308">
     <span class='ocr_line' id='line_1_106' title="bbox 2395 5233 3976 5308; baseline -0.002 -18"><span class='ocrx_word' id='word_1_792' title='bbox 2395 5239 2494 5308; x_wconf 76' lang='lat' dir='ltr'><strong>gia:</strong></span> <span class='ocrx_word' id='word_1_793' title='bbox 2515 5239 2716 5306; x_wconf 87' lang='lat' dir='ltr'><strong>quippe</strong></span> <span class='ocrx_word' id='word_1_794' title='bbox 2742 5237 2963 5290; x_wconf 90' lang='lat' dir='ltr'><strong>studere</strong></span> <span class='ocrx_word' id='word_1_795' title='bbox 2989 5251 3098 5289; x_wconf 89' lang='lat' dir='ltr'><strong>non</strong></span> <span class='ocrx_word' id='word_1_796' title='bbox 3121 5236 3364 5289; x_wconf 82' lang='lat' dir='ltr'><strong>omnium</strong></span> <span class='ocrx_word' id='word_1_797' title='bbox 3387 5243 3490 5294; x_wconf 86' lang='lat' dir='ltr'><strong>est,</strong></span> <span class='ocrx_word' id='word_1_798' title='bbox 3515 5234 3612 5289; x_wconf 87' lang='lat' dir='ltr'><strong>sed</strong></span> <span class='ocrx_word' id='word_1_799' title='bbox 3634 5233 3976 5296; x_wconf 81' lang='lat' dir='ltr'><strong>sublimium,</strong></span> 
     </span>
    </p>
   </div>
   <div class='ocr_carea' id='block_1_107' title="bbox 2395 5326 3975 5397">
    <p class='ocr_par' dir='ltr' id='par_1_107' title="bbox 2395 5326 3975 5397">
     <span class='ocr_line' id='line_1_107' title="bbox 2395 5326 3975 5397; baseline -0.003 -15"><span class='ocrx_word' id='word_1_800' title='bbox 2395 5340 2450 5383; x_wconf 86' lang='lat' dir='ltr'><strong>et</strong></span> <span class='ocrx_word' id='word_1_801' title='bbox 2499 5328 3053 5397; x_wconf 85' lang='lat' dir='ltr'><strong>appropinquantium</strong></span> <span class='ocrx_word' id='word_1_802' title='bbox 3114 5326 3363 5389; x_wconf 89' lang='lat' dir='ltr'><strong>Domino,</strong></span> <span class='ocrx_word' id='word_1_803' title='bbox 3415 5336 3577 5394; x_wconf 86' lang='lat' dir='ltr'><strong>atque</strong></span> <span class='ocrx_word' id='word_1_804' title='bbox 3627 5340 3817 5379; x_wconf 89' lang='lat' dir='ltr'><strong>eorum</strong></span> <span class='ocrx_word' id='word_1_805' title='bbox 3880 5328 3975 5394; x_wconf 82' lang='lat' dir='ltr'><strong>qui</strong></span> 
     </span>
    </p>
   </div>
   <div class='ocr_carea' id='block_1_108' title="bbox 2392 5413 3977 5487">
    <p class='ocr_par' dir='ltr' id='par_1_108' title="bbox 2392 5413 3977 5487">
     <span class='ocr_line' id='line_1_108' title="bbox 2392 5413 3977 5487; baseline -0.002 -16"><span class='ocrx_word' id='word_1_806' title='bbox 2392 5427 2698 5487; x_wconf 79' lang='lat' dir='ltr'><strong>sequuntur</strong></span> <span class='ocrx_word' id='word_1_807' title='bbox 2718 5417 3016 5471; x_wconf 86' lang='lat' dir='ltr'><strong>Christum.</strong></span> <span class='ocrx_word' id='word_1_808' title='bbox 3040 5415 3312 5484; x_wconf 89' lang='lat' dir='ltr'><strong>Consequi</strong></span> <span class='ocrx_word' id='word_1_809' title='bbox 3343 5423 3524 5469; x_wconf 89' lang='lat' dir='ltr'><strong>autem</strong></span> <span class='ocrx_word' id='word_1_810' title='bbox 3574 5430 3693 5483; x_wconf 77' lang='lat' dir='ltr'><strong>qua:</strong></span> <span class='ocrx_word' id='word_1_811' title='bbox 3745 5413 3812 5468; x_wconf 86' lang='lat' dir='ltr'><strong>ad</strong></span> <span class='ocrx_word' id='word_1_812' title='bbox 3874 5429 3977 5483; x_wconf 83' lang='lat' dir='ltr'><strong>pa-</strong></span> 
     </span>
    </p>
   </div>
   <div class='ocr_carea' id='block_1_109' title="bbox 714 5497 3971 5580">
    <p class='ocr_par' dir='ltr' id='par_1_109' title="bbox 714 5497 3971 5580">
     <span class='ocr_line' id='line_1_109' title="bbox 714 5497 3971 5580; baseline 0.003 -28"><span class='ocrx_word' id='word_1_813' title='bbox 714 5498 878 5553; x_wconf 90' lang='lat' dir='ltr'><strong>tibus.</strong></span> <span class='ocrx_word' id='word_1_814' title='bbox 912 5497 1048 5564; x_wconf 82' lang='lat' dir='ltr'><strong>Quia</strong></span> <span class='ocrx_word' id='word_1_815' title='bbox 1072 5514 1240 5554; x_wconf 89' lang='lat' dir='ltr'><strong>musto</strong></span> <span class='ocrx_word' id='word_1_816' title='bbox 1269 5502 1552 5570; x_wconf 83' lang='lat' dir='ltr'><strong>plcnisunt</strong></span> <span class='ocrx_word' id='word_1_817' title='bbox 1582 5506 1656 5569; x_wconf 87' lang='lat' dir='ltr'><strong>lii,</strong></span> <span class='ocrx_word' id='word_1_818' title='bbox 1687 5504 1880 5579; x_wconf 76' lang='lat' dir='ltr'><strong>Petrus</strong></span> <span class='ocrx_word' id='word_1_819' title='bbox 1936 5518 1995 5562; x_wconf 83' lang='lat' dir='ltr'><strong>ut</strong></span> <span class='ocrx_word' id='word_1_820' title='bbox 2047 5511 2292 5580; x_wconf 86' lang='lat' dir='ltr'><strong>prohibi-</strong></span> <span class='ocrx_word' id='word_1_821' title='bbox 2388 5510 2568 5575; x_wconf 83' lang='lat' dir='ltr'><strong>ciﬁca,</strong></span> <span class='ocrx_word' id='word_1_822' title='bbox 2606 5526 2700 5563; x_wconf 89' lang='lat' dir='ltr'><strong>seu</strong></span> <span class='ocrx_word' id='word_1_823' title='bbox 2741 5510 2974 5563; x_wconf 83' lang='lat' dir='ltr'><strong>salutem</strong></span> <span class='ocrx_word' id='word_1_824' title='bbox 3029 5507 3328 5577; x_wconf 88' lang='lat' dir='ltr'><strong>pertinent,</strong></span> <span class='ocrx_word' id='word_1_825' title='bbox 3377 5508 3540 5561; x_wconf 83' lang='lat' dir='ltr'><strong>totius</strong></span> <span class='ocrx_word' id='word_1_826' title='bbox 3589 5506 3762 5577; x_wconf 80' lang='lat' dir='ltr'><strong>plebis</strong></span> <span class='ocrx_word' id='word_1_827' title='bbox 3816 5517 3971 5572; x_wconf 82' lang='lat' dir='ltr'><strong>sunt,</strong></span> 
     </span>
    </p>
   </div>
   <div class='ocr_carea' id='block_1_110' title="bbox 712 5592 2294 5671">
    <p class='ocr_par' dir='ltr' id='par_1_110' title="bbox 712 5592 2294 5671">
     <span class='ocr_line' id='line_1_110' title="bbox 712 5592 2294 5671; baseline 0.006 -26"><span class='ocrx_word' id='word_1_828' title='bbox 712 5600 827 5645; x_wconf 85' lang='lat' dir='ltr'><strong>tum</strong></span> <span class='ocrx_word' id='word_1_829' title='bbox 861 5592 1100 5658; x_wconf 76' lang='lat' dir='ltr'><strong>negavit,</strong></span> <span class='ocrx_word' id='word_1_830' title='bbox 1131 5594 1366 5649; x_wconf 87' lang='lat' dir='ltr'><strong>dicens:</strong></span> <span class='ocrx_word' id='word_1_831' title='bbox 1414 5596 1532 5650; x_wconf 73' lang='lat' dir='ltr'><strong>Non</strong></span> <span class='ocrx_word' id='word_1_832' title='bbox 1551 5599 1685 5651; x_wconf 86' lang='lat' dir='ltr'><strong>enim</strong></span> <span class='ocrx_word' id='word_1_833' title='bbox 1734 5599 1867 5652; x_wconf 86' lang='lat' dir='ltr'><strong>sicut</strong></span> <span class='ocrx_word' id='word_1_834' title='bbox 1922 5616 2009 5654; x_wconf 77' lang='lat' dir='ltr'><strong>vos</strong></span> <span class='ocrx_word' id='word_1_835' title='bbox 2056 5603 2294 5671; x_wconf 77' lang='lat' dir='ltr'><strong>suspica-</strong></span> 
     </span>
    </p>
   </div>
   <div class='ocr_carea' id='block_1_111' title="bbox 709 5683 2289 5750">
    <p class='ocr_par' dir='ltr' id='par_1_111' title="bbox 709 5683 2289 5750">
     <span class='ocr_line' id='line_1_111' title="bbox 709 5683 2289 5750; baseline 0.005 -13"><span class='ocrx_word' id='word_1_836' title='bbox 709 5683 864 5747; x_wconf 83' lang='lat' dir='ltr'><strong>mini,</strong></span> <span class='ocrx_word' id='word_1_837' title='bbox 896 5683 949 5735; x_wconf 80' lang='lat' dir='ltr'><strong>lii</strong></span> <span class='ocrx_word' id='word_1_838' title='bbox 967 5684 1096 5737; x_wconf 87' lang='lat' dir='ltr'><strong>ebrii</strong></span> <span class='ocrx_word' id='word_1_839' title='bbox 1124 5697 1267 5750; x_wconf 86' lang='lat' dir='ltr'><strong>sunt,</strong></span> <span class='ocrx_word' id='word_1_840' title='bbox 1297 5705 1411 5740; x_wconf 87' lang='lat' dir='ltr'><strong>cum</strong></span> <span class='ocrx_word' id='word_1_841' title='bbox 1434 5690 1499 5741; x_wconf 87' lang='lat' dir='ltr'><strong>sit</strong></span> <span class='ocrx_word' id='word_1_842' title='bbox 1566 5693 1692 5742; x_wconf 87' lang='lat' dir='ltr'><strong>hora</strong></span> <span class='ocrx_word' id='word_1_843' title='bbox 1738 5691 1840 5743; x_wconf 86' lang='lat' dir='ltr'><strong>diei</strong></span> <span class='ocrx_word' id='word_1_844' title='bbox 1877 5693 2031 5744; x_wconf 88' lang='lat' dir='ltr'><strong>tertia</strong></span> <span class='ocrx_word' id='word_1_845' title='bbox 2064 5693 2130 5744; x_wconf 67' lang='grc' dir='ltr'><strong>θ’.</strong></span> <span class='ocrx_word' id='word_1_846' title='bbox 2160 5693 2289 5746; x_wconf 89' lang='lat' dir='ltr'><strong>Illud</strong></span> 
     </span>
    </p>
   </div>
   <div class='ocr_carea' id='block_1_112' title="bbox 2391 5596 3974 5672">
    <p class='ocr_par' dir='ltr' id='par_1_112' title="bbox 2391 5596 3974 5672">
     <span class='ocr_line' id='line_1_112' title="bbox 2391 5596 3974 5672; baseline -0.003 -16"><span class='ocrx_word' id='word_1_847' title='bbox 2391 5619 2512 5672; x_wconf 74' lang='lat' dir='ltr'><strong>quae</strong></span> <span class='ocrx_word' id='word_1_848' title='bbox 2544 5604 2740 5655; x_wconf 84' lang='lat' dir='ltr'><strong>domus</strong></span> <span class='ocrx_word' id='word_1_849' title='bbox 2767 5601 3120 5672; x_wconf 78' lang='lat' dir='ltr'><strong>intelligibilis</strong></span> <span class='ocrx_word' id='word_1_850' title='bbox 3158 5600 3454 5654; x_wconf 86' lang='lat' dir='ltr'><strong>sacerdotis</strong></span> <span class='ocrx_word' id='word_1_851' title='bbox 3492 5598 3822 5653; x_wconf 83' lang='lat' dir='ltr'><strong>nominatur.</strong></span> <span class='ocrx_word' id='word_1_852' title='bbox 3877 5596 3974 5652; x_wconf 77' lang='lat' dir='ltr'><strong>Est</strong></span> 
     </span>
    </p>
   </div>
   <div class='ocr_carea' id='block_1_113' title="bbox 2391 5689 3970 5762">
    <p class='ocr_par' dir='ltr' id='par_1_113' title="bbox 2391 5689 3970 5762">
     <span class='ocr_line' id='line_1_113' title="bbox 2391 5689 3970 5762; baseline -0.003 -16"><span class='ocrx_word' id='word_1_853' title='bbox 2391 5703 2572 5746; x_wconf 88' lang='lat' dir='ltr'><strong>autem</strong></span> <span class='ocrx_word' id='word_1_854' title='bbox 2602 5691 2864 5756; x_wconf 84' lang='lat' dir='ltr'><strong>Ecclesia,</strong></span> <span class='ocrx_word' id='word_1_855' title='bbox 2900 5694 2967 5746; x_wconf 92' lang='lat' dir='ltr'><strong>de</strong></span> <span class='ocrx_word' id='word_1_856' title='bbox 2995 5708 3099 5761; x_wconf 88' lang='lat' dir='ltr'><strong>qua</strong></span> <span class='ocrx_word' id='word_1_857' title='bbox 3132 5700 3188 5745; x_wconf 89' lang='lat' dir='ltr'><strong>et</strong></span> <span class='ocrx_word' id='word_1_858' title='bbox 3213 5691 3411 5745; x_wconf 86' lang='lat' dir='ltr'><strong>Paulus</strong></span> <span class='ocrx_word' id='word_1_859' title='bbox 3441 5691 3614 5745; x_wconf 90' lang='lat' dir='ltr'><strong>dixit:</strong></span> <span class='ocrx_word' id='word_1_860' title='bbox 3659 5689 3727 5744; x_wconf 85' lang='lat' dir='ltr'><strong>In</strong></span> <span class='ocrx_word' id='word_1_861' title='bbox 3769 5706 3970 5762; x_wconf 79' lang='lat' dir='ltr'><strong>magna</strong></span> 
     </span>
    </p>
   </div>
   <div class='ocr_carea' id='block_1_114' title="bbox 781 5857 2302 5958">
    <p class='ocr_par' dir='ltr' id='par_1_114' title="bbox 781 5857 2297 5936">
     <span class='ocr_line' id='line_1_114' title="bbox 781 5857 2297 5936; baseline 0.004 -22"><span class='ocrx_word' id='word_1_862' title='bbox 781 5859 830 5892; x_wconf 80' lang='grc'><strong>⁸⁸</strong></span> <span class='ocrx_word' id='word_1_863' title='bbox 864 5857 883 5914; x_wconf 91' lang='grc' dir='ltr'><strong>Ι</strong></span> <span class='ocrx_word' id='word_1_864' title='bbox 925 5858 1082 5918; x_wconf 82' lang='lat' dir='ltr'><strong>Joan.</strong></span> <span class='ocrx_word' id='word_1_865' title='bbox 1116 5878 1181 5930; x_wconf 85' lang='lat' dir='ltr'><strong>tt,</strong></span> <span class='ocrx_word' id='word_1_866' title='bbox 1232 5862 1321 5918; x_wconf 72' lang='grc'><strong>27.</strong></span> <span class='ocrx_word' id='word_1_867' title='bbox 1389 5862 1443 5933; x_wconf 9' lang='grc' dir='ltr'><strong>ἴ⁸⁹</strong></span> <span class='ocrx_word' id='word_1_868' title='bbox 1477 5861 1660 5936; x_wconf 74' lang='lat' dir='ltr'><strong>I’I&#39;im.</strong></span> <span class='ocrx_word' id='word_1_869' title='bbox 1690 5881 1741 5929; x_wconf 67' lang='grc' dir='ltr'><strong>γ,</strong></span> <span class='ocrx_word' id='word_1_870' title='bbox 1764 5865 1856 5923; x_wconf 72' lang='lat'><strong>25.</strong></span> <span class='ocrx_word' id='word_1_871' title='bbox 1930 5867 1976 5897; x_wconf 82' lang='lat'><strong>&quot;</strong></span> <span class='ocrx_word' id='word_1_872' title='bbox 2010 5865 2209 5936; x_wconf 84' lang='lat' dir='ltr'><strong>Ephes.</strong></span> <span class='ocrx_word' id='word_1_873' title='bbox 2245 5884 2297 5933; x_wconf 73' lang='grc' dir='ltr'><strong>ν,</strong></span> 
     </span>
    </p>
   </div>
   <div class='ocr_carea' id='block_1_115' title="bbox 2405 5857 3508 5958">
    <p class='ocr_par' dir='ltr' id='par_1_115' title="bbox 2410 5865 3508 5936">
     <span class='ocr_line' id='line_1_115' title="bbox 2410 5865 3508 5936; baseline 0.004 -18"><span class='ocrx_word' id='word_1_874' title='bbox 2410 5906 2423 5918; x_wconf 96' lang='grc'>.</span> <span class='ocrx_word' id='word_1_875' title='bbox 2503 5871 2541 5899; x_wconf 73' lang='grc'><strong>’⁸</strong></span> <span class='ocrx_word' id='word_1_876' title='bbox 2570 5869 2706 5922; x_wconf 78' lang='lat' dir='ltr'><strong>l’sal.</strong></span> <span class='ocrx_word' id='word_1_877' title='bbox 2742 5886 2792 5933; x_wconf 69' lang='grc' dir='ltr'><strong>γ,</strong></span> <span class='ocrx_word' id='word_1_878' title='bbox 2833 5868 2919 5932; x_wconf 76' lang='lat' dir='ltr'><strong>il,</strong></span> <span class='ocrx_word' id='word_1_879' title='bbox 2951 5867 3035 5922; x_wconf 72' lang='lat' dir='ltr'><strong>I2.</strong></span> <span class='ocrx_word' id='word_1_880' title='bbox 3115 5869 3159 5900; x_wconf 84' lang='lat'><strong>&quot;</strong></span> <span class='ocrx_word' id='word_1_881' title='bbox 3188 5867 3308 5921; x_wconf 86' lang='lat' dir='ltr'><strong>Act.</strong></span> <span class='ocrx_word' id='word_1_882' title='bbox 3336 5865 3508 5936; x_wconf 73' lang='lat' dir='ltr'><strong>tt,l5.</strong></span> 
     </span>
    </p>
   </div>
  </div>
