4218 6450
255 432 360 496 905

1391 426 1469 484 IN
1507 422 2028 483 LEVITICUM.—
2061 422 2205 480 LIB.
2249 421 2362 479 IlI.

3397 421 3499 486 906

257 556 464 609 ponens
491 558 734 613 regnum.
773 542 902 598 dicit
929 562 944 596 ;
989 541 1309 608 Aspiciebam
1340 539 1394 589 in
1416 538 1611 591 visione
1642 535 1824 594 noctis,
1861 544 1898 596 Λ
1931 540 1984 585 ct
2020 531 2108 600 qui
2142 531 2379 599 leporem
2413 529 2725 589 comedunt,
2746 539 2796 582 et
2826 529 2915 597 qui
2946 529 3328 599 chirogivllum
3367 513 3380 581 έ
3408 549 3500 587 ru-

259 641 307 683 et
331 649 444 685 ecce
481 634 643 686 bestia
685 643 875 702 quarta
924 632 1186 692 terribilis,
1237 642 1393 699 atque
1440 628 1719 690 mirabilis,
1780 637 1826 679 et

260 725 408 794 {ortis
430 725 585 777 nimis
606 741 620 788 ;
653 730 830 780 dentes
847 727 1038 794 ferreos
1057 724 1273 778 habebat
1304 738 1539 790 magnos,
1563 722 1829 772 comedens

263 832 418 890 atque
446 823 820 885 comminuam,
858 829 906 874 et
956 820 1156 888 reliqua
1196 818 1408 886 pedibus
1462 817 1568 868 suis
1621 811 1828 865 concul-

263 929 388 966 caus
412 914 453 966 ‘.
488 913 843 982 Septuaginta
879 921 1060 965 autem
1125 909 1419 979 specialius
1457 907 1687 960 dicunt:
1726 905 1830 957 lfu-

263 1018 387 1070 gues
411 1004 483 1056 eis
505 1004 649 1056 aerei.
682 1001 815 1070 Quia
843 1002 1060 1071 crgoita
1081 1011 1181 1062 est,
1219 1000 1443 1069 ﬁgurate
1475 999 1830 1059 demonstrat,

263 1095 355 1163 qui
383 1095 491 1147 sint
519 1093 610 1163 qui
647 1108 705 1147 se
735 1094 802 1147 ad
842 1093 1247 1146 meditationem
1281 1092 1617 1144 dcvoveruut
1677 1088 1830 1158 legis,

265 1193 446 1237 utrum
487 1181 671 1236 mundi
731 1196 798 1234 an
831 1180 1093 1234 immundi
1131 1198 1144 1231 ε
1186 1177 1460 1231 ruminare
1509 1175 1654 1229 enim
1719 1189 1833 1234 eos,

265 1285 321 1329 et
348 1274 588 1328 dividere
614 1273 866 1343 ungulam
905 1271 1188 1341 praecepit.
1228 1269 1320 1323 Illa
1370 1279 1550 1322 autem
1583 1267 1835 1320 animalia

266 1367 521 1435 ungulam
568 1365 814 1427 ﬁndunt,
865 1379 1204 1434 quaecunque
1267 1377 1502 1432 unguem
1555 1377 1724 1431 usque
1772 1361 1839 1414 ad

269 1461 438 1530 ipsam
466 1459 774 1512 inferiorem
802 1457 1051 1512 dividunt
1079 1457 1294 1525 pellem.
1348 1455 1488 1523 Ergo
1519 1455 1606 1508 illc
1639 1455 1837 1508 munda

263 1551 520 1604 animalia
551 1549 805 1612 comedit,
843 1547 933 1616 qui
970 1563 1077 1600 non
1114 1545 1287 1599 solum
1320 1545 1614 1598 meditatur
1643 1544 1837 1613 legem,

267 1644 364 1698 sed
390 1653 444 1696 et
479 1643 733 1703 ruminat,
765 1640 818 1693 id
857 1649 942 1693 est
971 1639 1263 1701 reconlert,
1291 1645 1346 1690 et
1385 1645 1597 1690 eructat
1627 1637 1840 1690 actione

268 1745 432 1804 atque
459 1733 736 1803 operibus.
771 1730 1045 1786 Eructatio
1100 1731 1248 1784 enim
1309 1729 1600 1782 verborum
1639 1728 1753 1790 Dei,
1789 1737 1844 1782 et

272 1823 564 1879 ruminatio
624 1821 998 1876 mandatorum
1046 1829 1129 1876 est
1173 1827 1227 1874 et
1271 1820 1590 1874 exsecutio:
1628 1828 1846 1888 pr0pter

272 1915 413 1983 quod
448 1914 572 1966 audi
607 1911 768 1966 David
800 1912 1071 1966 dicentem
1127 1929 1141 1964 :

272 2007 485 2061 verbum
508 2007 720 2071 bonum,
757 2007 873 2059 dico
913 2021 1003 2076 ego
1053 2021 1213 2072 opera
1261 2021 1376 2058 mea
1417 2005 1527 2075 regi
1557 2005 1601 2060 ⁷.
1637 2004 1714 2057 Ad
1748 2005 1847 2056 dc-

275 2101 672 2154 nuutiationem
702 2114 890 2153 eorum
917 2113 1036 2166 quae
1090 2105 1418 2151 consecutus
1473 2105 1558 2150 est
1594 2110 1844 2164 operum,

280 2192 421 2245 hanc
462 2189 854 2243 eructationem
900 2187 1190 2244 honorum.
1225 2193 1388 2255 atque
1426 2185 1847 2238 ruminationem

283 2280 653 2348 proculdubio
686 2277 1101 2332 intellexit.Non
1137 2284 1318 2330 autem
1346 2275 1644 2334 rumiuarc,
1671 2275 1762 2328 sed
1799 2284 1853 2328 et

277 2374 522 2428 dividere
557 2371 690 2440 legis
715 2369 990 2440 ungulam.
1033 2377 1088 2422 et
1116 2369 1450 2438 distinguere
1488 2367 1722 2420 litteram
1784 2365 1853 2417 ab

279 2467 497 2536 spiritu,
542 2472 597 2518 et
630 2464 846 2518 tradere
905 2462 1150 2531 quaedam
1204 2461 1506 2515 secundum
1569 2459 1852 2512 historiam

278 2560 475 2618 solam.
508 2557 755 2626 quaedam
783 2556 1081 2609 secundum
1130 2552 1670 2621 contemplationem,
1705 2567 1854 2619 qum-

284 2655 404 2704 dam
444 2666 573 2704 vero
613 2648 914 2703 secundum
947 2657 1237 2714 utrumque
1281 2644 1606 2714 intelligere,
1667 2643 1854 2696 distri-

283 2754 424 2797 ctam
455 2742 825 2798 custodientes
863 2741 913 2794 in
947 2741 1027 2794 eis
1051 2738 1374 2793 divisionem
1405 2751 1542 2806 opus
1567 2736 1852 2790 habemus.

284 2835 386 2900 Qui
418 2835 566 2888 enim
595 2834 719 2887 talis
757 2841 860 2897 est,
895 2831 982 2885 hic
1006 2840 1417 2884 consummatus
1458 2838 1620 2897 atque
1675 2829 1857 2898 perfe-

284 2936 407 2980 ctus
433 2934 536 2985 est,
573 2934 627 2978 et
654 2932 941 2993 propterea
974 2921 1209 2974 mundus
1249 2929 1396 2974 recte
1443 2920 1663 2974 dicitur.
1726 2919 1860 2986 Qui-

284 3033 502 3087 cunque
536 3027 718 3071 autem
746 3031 910 3069 tinum
939 3015 1005 3069 de
1036 3014 1138 3079 his,
1167 3028 1287 3082 qurc
1316 3013 1459 3067 dicta
1494 3023 1642 3076 sunt,
1677 3014 1861 3068 minus

287 3113 473 3175 habet,
510 3111 596 3164 hic
627 3106 910 3162 manifeste
932 3105 1244 3159 immundus
1267 3112 1370 3166 est,
1401 3105 1540 3158 sicut
1564 3105 1676 3175 ipsa
1703 3105 1861 3159 docet

287 3204 421 3274 legis
456 3203 656 3264 littera,
690 3200 767 3253 ait
799 3199 946 3252 enim
981 3216 994 3252 :

362 3292 486 3346 Non
511 3291 788 3344 comedetis
810 3289 961 3352 illud,
1012 3291 1149 3343 inter
1204 3290 1476 3343 immunda
1520 3291 1854 3358 reputabitis.

289 3385 558 3456 Quidquid
585 3385 838 3444 ruminat,
878 3393 926 3436 et
949 3383 1102 3436 habet
1133 3384 1406 3454 ungulam,
1443 3385 1534 3437 sed
1556 3400 1659 3436 non
1680 3384 1865 3436 dividit

291 3493 406 3530 eam
447 3477 578 3528 sicut
623 3475 872 3540 camelus,
901 3484 947 3527 et
970 3484 1182 3532 cratera,
1210 3491 1312 3527 non
1329 3474 1628 3539 comedetis,
1655 3483 1704 3527 et
1729 3476 1868 3526 inter

288 3569 563 3621 immunda
605 3568 935 3636 reputabitis.
978 3568 1254 3621 Camelum
1308 3568 1594 3622 comedere
1653 3575 1869 3621 tumens

289 3676 389 3730 per
437 3659 747 3729 superbiant:
798 3657 1018 3714 Judaeus
1066 3668 1213 3713 recte
1272 3659 1613 3729 intelligitur,
1677 3658 1731 3712 id
1788 3666 1872 3712 est

291 3752 494 3806 Scriba:
555 3763 611 3806 et
665 3750 941 3816 Pliarisa‘i,
999 3752 1066 3805 ad
1119 3767 1257 3820 quos
1306 3751 1522 3806 dicebat
1564 3750 1866 3805 Dominus:

292 3844 579 3912 Liquantes
661 3844 900 3906 culicem,
984 3843 1246 3897 camelum
1299 3853 1474 3896 autem
1525 3843 1800 3912 glutientes
1825 3843 1868 3894 '.

293 3935 460 3988 Isaias
489 3935 650 3988 etiam
675 3934 849 3987 dixit:
889 3933 1013 3987 Ilwc
1044 3935 1182 3986 enim
1226 3935 1359 3986 dixit
1411 3934 1537 3986 mihi
1570 3932 1822 3986 Dominus
1853 3946 1871 3984 :

305 4023 469 4088 Vade,
496 4036 545 4079 et
593 4043 727 4094 pone
753 4027 1151 4096 speculatorem,
1188 4037 1234 4080 et
1279 4027 1619 4097 quodcunque
1662 4028 1871 4091 viderit,

287 4121 590 4174 annuntiet.
631 4120 698 4174 Et
719 4122 848 4174 vidit
872 4137 1083 4174 currum
1135 4123 1360 4174 duorum
1410 4123 1661 4191 equitum,
1688 4139 1875 4174 ascen-

292 4229 464 4267 sorem
499 4213 662 4278 asini,
703 4222 750 4266 et
781 4230 1108 4266 ascensorem
1166 4214 1418 4267 cameli”.
1476 4212 1579 4267 Per
1635 4214 1873 4278 asinum,

295 4309 537 4379 gentium
573 4326 586 4362 :
618 4323 714 4375 per
742 4308 1032 4367 camelum,
1064 4305 1343 4360 Judaicam
1401 4305 1873 4361 conversationem

295 4397 626 4467 signiﬁcans.
673 4394 891 4466 Figurat
941 4396 1105 4450 etiam
1132 4396 1370 4450 litteram
1394 4397 1548 4466 legis,
1578 4411 1878 4467 eorumque

294 4504 457 4559 grave
498 4488 689 4558 jugum
733 4487 992 4550 camelos,
1029 4497 1216 4557 utpote
1246 4490 1338 4558 qui
1369 4491 1652 4544 consuevit
1712 4507 1876 4546 onera

1932 625 2140 676 miuant
2176 624 2320 676 enim
2353 632 2408 675 ct
2437 623 2558 691 ipsi,
2593 624 2684 675 sed
2718 624 2972 693 ungulam
3004 641 3112 676 non
3143 624 3411 678 dividunt.
3443 626 3501 678 lu

1933 715 2173 783 populari
2257 723 2438 768 autem
2522 713 2886 776 multitudine,
2947 713 3258 768 Iudaeorum
3333 732 3505 786 genus

1935 817 2224 876 utrumque
2263 822 2384 860 esse
2414 807 2715 875 accipitur:
2742 808 2938 860 debilia
2966 808 3166 877 quippe
3215 823 3338 862 esse
3387 810 3507 862 ani-

1937 898 2091 950 malia
2113 899 2225 951 hinc
2254 898 2528 962 dicuntur,
2557 908 2694 952 teste
2723 898 2892 954 David
2947 909 2995 953 et
3017 899 3334 965 Salomone,
3355 914 3505 956 utro-

1935 1004 2162 1057 rumque
2213 990 2527 1043 auimalium
2574 991 2904 1045 debilitates.
2955 992 3244 1047 Salomone
3291 996 3507 1063 quidem

1937 1095 2058 1133 cum
2091 1081 2166 1134 ait
2205 1100 2215 1133 :
2253 1082 2591 1150 Lepusculus,
2630 1084 2766 1151 plebs
2798 1085 3052 1148 invalida,
3087 1089 3256 1153 posuit
3283 1089 3336 1140 in
3364 1098 3510 1155 petra

1938 1174 2105 1227 cubile
2126 1175 2221 1228 sibi
2251 1176 2310 1228 '°.
2360 1177 2528 1230 David
2563 1194 2690 1231 vero
2742 1196 2754 1230 :
2821 1178 2982 1232 Petra
3029 1181 3288 1250 refugium
3331 1182 3512 1233 crina-

1940 1266 2111 1327 riis“,
2143 1268 2256 1322 sive
2285 1269 2642 1341 chirogryllis,
2675 1286 2908 1341 quorum
2941 1287 3108 1324 unum
3135 1281 3218 1325 est
3271 1273 3428 1326 velox
3461 1284 3514 1327 ct

1943 1359 2210 1424 timidum,
2241 1377 2365 1416 cum
2394 1362 2726 1425 inﬁrmitate,
2757 1363 2806 1416 id
2831 1371 2915 1417 est
2939 1365 3123 1433 lepus:
3155 1364 3301 1418 aliud
3334 1374 3514 1419 autem

1942 1450 2118 1506 debile
2148 1453 2388 1525 quidem.
2411 1457 2504 1510 sed
2535 1473 2698 1525 rapax
2729 1466 2783 1510 et
2828 1457 3074 1518 bestiale,
3131 1465 3293 1526 atque
3325 1459 3516 1512 morti-

1945 1542 2117 1598 ferum
2142 1547 2350 1608 dicunt,
2372 1547 2422 1602 id
2447 1558 2530 1602 est
2549 1548 2924 1619 chirogryllus,
2957 1550 3101 1618 quod
3125 1551 3270 1604 omni
3300 1551 3518 1620 quidem

1945 1636 2175 1702 plebeio,
2204 1639 2435 1694 maxime
2466 1649 2647 1694 autem
2678 1641 2989 1696 Judaaorum
3024 1642 3168 1697 inest
3208 1644 3425 1713 populo,
3455 1645 3521 1698 de

1944 1727 2141 1794 quibus
2173 1729 2309 1783 dixit
2339 1730 2506 1785 David
2540 1749 2554 1785 :
2617 1732 2819 1786 Veloces
2857 1735 3008 1801 pedes
3040 1751 3218 1788 eorum
3247 1738 3317 1789 ad
3358 1738 3522 1806 eﬂ‘un-

1946 1821 2170 1873 dendum
2218 1824 2526 1892 sanguinem
2550 1824 2615 1878 ".
2677 1825 2874 1879 Timidi
2923 1835 3110 1881 autem
3164 1838 3424 1897 quantum
3471 1840 3527 1882 et

1205 1909 1481 1964 Eructavit
1532 1927 1620 1963 eor
1673 1926 1844 1962 meum
1879 1909 1917 1962 ll
1949 1912 2149 1965 inﬁrmi
2191 1913 2284 1967 ﬁlii
2327 1914 2640 1970 Judmorum
2695 1917 2823 1977 sint,
2893 1934 2996 1972 vox
3053 1919 3235 1973 divina
3288 1923 3527 1976 ostendit

1956 2019 2078 2057 cum
2113 2004 2243 2057 dicit
2273 2022 2286 2056 :
2322 2005 2410 2059 Vze
2434 2008 2689 2062 cordibus
2753 2009 3001 2079 trepidis,
3051 2020 3104 2064 et
3157 2013 3408 2066 manibus
3438 2031 3527 2067 rc-

1952 2096 2151 2150 missis.
2185 2097 2455 2166 lnjustitia
2506 2108 2688 2154 autem
2714 2110 2936 2170 quanta,
2969 2113 3024 2155 et
3055 2102 3242 2157 feritas
3273 2107 3414 2174 apud
3433 2123 3527 2160 eos

1951 2195 2087 2247 erat,
2123 2188 2250 2242 audi
2281 2188 2474 2242 lsaiam
2494 2189 2766 2244 dicentem
2809 2209 2821 2244 :
2847 2191 3114 2256 Quomodo
3143 2196 3282 2264 facta
3317 2208 3392 2248 est
3421 2214 3530 2249 me—

1955 2279 2116 2330 retrix
2148 2280 2330 2333 civitas
2354 2280 2520 2349 ﬁdelis
2543 2281 2702 2349 plena
2740 2283 2968 2351 judicii?
3007 2285 3220 2353 justitia
3275 2288 3533 2340 habitavit

1954 2369 2009 2420 in
2032 2386 2115 2433 ea,
2149 2388 2284 2424 nunc
2311 2382 2484 2426 autem
2511 2375 2791 2428 homicida:
2823 2375 2888 2427 ³³.
2917 2377 3045 2431 Post
3077 2378 3176 2432 hos
3213 2395 3365 2433 suem
3401 2381 3536 2434 dicit

1955 2477 2077 2516 esse.
2107 2464 2464 2529 immundum,
2497 2467 2624 2536 quia
2651 2468 2846 2521 dividit
2873 2471 3150 2538 ungulam,
3204 2480 3258 2525 ct
3285 2488 3391 2525 nou
3441 2490 3536 2526 ru-

1957 2557 2148 2610 minat.
2178 2556 2280 2622 Qui
2305 2573 2433 2628 ergo
2465 2560 2575 2612 sint
2609 2560 2698 2628 qui
2734 2561 3082 2623 aarnulcntur,
3138 2578 3202 2616 ac
3247 2575 3537 2633 propterea

1957 2648 2244 2702 comedere
2306 2650 2454 2704 illum
2522 2651 2823 2718 dicuntur,
2893 2654 3113 2708 Petrum
3173 2657 3537 2723 espositorcm

1959 2749 2014 2792 et
2061 2740 2378 2811 magistrum
2432 2745 2646 2814 suscipe
2691 2762 2704 2798 :
2757 2760 2882 2799 cum
2937 2747 3135 2816 quippe
3193 2748 3283 2816 qui
3376 2749 3540 2802 habet

1961 2834 2248 2889 scientiam
2306 2836 2637 2902 divinorum,
2682 2840 2776 2893 sed
2848 2855 2953 2893 non
3020 2842 3106 2894 illa
3152 2842 3294 2896 bene
3348 2844 3540 2907 utitur,

1962 2922 2374 2993 actionibusque
2409 2924 2721 2996 incongruis
2745 2942 2864 2980 eam
2907 2929 3103 2997 polluit
3149 2930 3379 3000 vitaeque
3433 2932 3541 2986 im-

1963 3014 2178 3068 mundae
2210 3017 2564 3084 semetipsum
2599 3018 2783 3072 tradit.
2814 3018 2976 3074 Suem
3009 3023 3172 3074 etiam
3202 3024 3314 3091 ipse
3357 3026 3543 3094 appel-

1964 3104 2094 3157 lavit
2119 3105 2307 3160 dicens
2334 3124 2346 3159 :
2384 3104 2577 3160 Melius
2618 3110 2798 3177 {uisset
2835 3112 2908 3164 eis
2935 3127 3034 3163 non
3061 3129 3363 3183 cognoscere
3401 3117 3544 3168 viam

1966 3195 2203 3261 ius-titius,
2237 3213 2397 3267 quam
2430 3199 2638 3267 cognita
2667 3216 2749 3263 ea,
2776 3209 2914 3252 retro
2945 3203 3130 3255 reuerti
3162 3221 3193 3255 a
3223 3207 3418 3258 tradito
3446 3207 3545 3260 sibi

1968 3297 2149 3340 sancto
2169 3290 2459 3342 mandato:
2485 3291 2697 3361 contigit
2715 3293 2855 3344 enim
2886 3292 2990 3346 illis
3026 3311 3103 3347 res
3133 3297 3236 3348 veri
3265 3299 3545 3364 proverbii,

1971 3375 2130 3430 Canis
2157 3393 2387 3432 reversus
2417 3381 2488 3434 ad
2505 3383 2756 3434 vomitum
2783 3399 2955 3448 suum,
2988 3394 3034 3436 et
3073 3403 3160 3439 sus
3187 3388 3294 3440 lota
3327 3391 3380 3442 in
3407 3391 3549 3444 tolu-

1973 3471 2122 3521 tabro
2153 3471 2365 3523 aeni“.
2403 3470 2539 3535 Quia
2572 3488 2700 3543 ergo
2735 3475 3076 3530 ostendimus
3131 3493 3258 3531 eum
3308 3480 3398 3546 qui
3445 3481 3548 3552 legi

1971 3577 2190 3630 Operam
2229 3563 2321 3616 dat
2351 3565 2627 3618 ruminare
2655 3566 2876 3630 debere,
2907 3567 2951 3622 is
2979 3569 3071 3637 qui
3100 3571 3220 3623 talis
3237 3581 3343 3637 est,
3363 3582 3551 3642 utpote

1974 3654 2244 3707 sordidam
2298 3656 2507 3709 habens
2568 3657 2756 3721 vitam,
2817 3666 2871 3711 et
2937 3674 3044 3712 non
3092 3662 3323 3731 impleas
3355 3664 3550 3734 legem,

1977 3754 2121 3798 recte
2137 3760 2247 3798 non
2274 3745 2552 3798 ruminare
2573 3762 2694 3814 quae
2721 3747 2855 3817 legis
2885 3757 3032 3810 sunt,
3065 3750 3285 3805 dicitur.
3316 3751 3469 3807 Unde
3499 3763 3554 3807 ct

1977 3837 2144 3892 vomit
2175 3848 2362 3908 utpote
2399 3837 2724 3908 indigestqu
2773 3841 2952 3894 cibqu
2983 3842 3356 3897 meditationis
3396 3844 3552 3915 legis,

1976 3940 2030 3983 et
2089 3931 2314 3986 minimc
2359 3932 2424 3986 ad
2474 3931 2730 3986 eﬁ‘ectum
2770 3933 3206 4001 pervenientem.
3262 3935 3422 4007 Ergo,
3453 3940 3554 3991 etsi

1978 4025 2235 4092 ungulam
2273 4023 2485 4088 dividit,
2531 4034 2585 4077 et
2611 4024 2848 4078 litteram
2883 4025 3125 4080 dividere
3156 4029 3281 4088 scit,
3311 4043 3339 4081 a
3363 4028 3556 4098 spiritu

1979 4122 2160 4167 tamen
2193 4116 2510 4169 immundus
2538 4125 2641 4170 est.
2672 4117 2776 4170 Sed
2810 4117 2938 4186 quid
2979 4117 3062 4171 his
3089 4134 3208 4188 qua:
3237 4119 3379 4174 dicta
3431 4132 3560 4176 sunt

1977 4207 2224 4261 addidit?

2053 4303 2254 4356 Horum
2292 4304 2538 4358 carnibus
2567 4319 2672 4358 non
2706 4305 3000 4366 vescemini,
3030 4323 3120 4360 nec
3150 4308 3411 4361 cadavera
3439 4324 3562 4361 ccu-

1982 4396 2214 4466 tingetis,
2251 4394 2376 4466 quia
2423 4397 2699 4450 immunda
2751 4407 2871 4450 sunt
2915 4399 3075 4450 vobis.
3119 4399 3231 4452 Nec
3272 4400 3563 4459 camelum.

1980 4503 2084 4542 nec
2130 4489 2396 4557 leporem,
2443 4505 2545 4544 nec
2591 4490 3002 4562 chirogryllum,
3046 4507 3147 4545 nec
3202 4507 3376 4557 suem,
3419 4492 3565 4545 inter

295 4590 515 4650 portare
553 4597 566 4633 :
631 4580 773 4634 unde
821 4595 1016 4635 servus
1060 4581 1335 4641 Abraham
1388 4583 1578 4637 decem
1640 4584 1877 4638 camelos
1913 4576 1956 4631 D
1988 4581 2191 4634 mlmda
2221 4579 2487 4650 judicavit
2521 4600 2534 4635 :
2567 4598 2664 4651 per
2710 4581 2827 4636 haec
2866 4583 3028 4636 etiam
3070 4592 3265 4637 caetera
3309 4583 3565 4636 animalia

294 4681 578 4742 portantes
606 4672 674 4727 de
704 4673 863 4726 bonis
907 4673 1111 4727 domini
1144 4675 1227 4728 sui
1288 4676 1356 4729 ad
1408 4674 1872 4745 dispensationem

296 4764 560 4820 Rebeccae
588 4764 764 4820 duxit.
798 4762 1126 4835 Figurabant
1160 4775 1342 4819 autem
1397 4767 1451 4820 hi
1506 4767 1694 4822 decem
1741 4783 1878 4838 prae-

294 4865 453 4924 cepta
484 4856 638 4927 legis,
674 4872 795 4925 quae
824 4872 933 4911 non
954 4856 1134 4911 omnia
1168 4857 1307 4912 bona
1341 4859 1451 4922 Dei,
1485 4860 1578 4914 sed
1609 4868 1788 4914 tamen
1812 4861 1880 4915 de

294 4948 552 5001 omnibus
585 4948 743 5002 bonis
769 4958 988 5018 gerunt,
1021 4960 1244 5019 pr0pter
1276 4951 1379 5005 hoc
1409 4953 1552 5020 quod
1587 4953 1882 5023 participa-

294 5042 404 5095 lem
429 5041 877 5110 iustiﬁcationem
907 5043 1071 5098 habet
1092 5044 1199 5097 lex.
1237 5044 1378 5114 Ergo
1409 5045 1611 5100 Scriba:
1645 5056 1700 5101 et
1738 5045 1880 5101 Pha-

295 5133 439 5188 risazi
476 5134 840 5189 ruminautem
880 5137 1196 5200 comedunt,
1232 5138 1356 5206 quia
1389 5139 1442 5191 in
1475 5139 1660 5209 legalis
1688 5141 1882 5195 litterae

295 5226 598 5296 gloriantur
627 5229 1008 5289 meditatione,
1037 5241 1091 5283 et
1121 5229 1177 5282 in
1220 5231 1369 5284 cultu
1406 5231 1651 5296 Sabbati,
1689 5233 1882 5302 puriﬁ-

296 5317 661 5386 catiouisque,
689 5327 744 5372 et
776 5319 1193 5386 sacriﬁciorum,
1225 5322 1565 5392 aliorumque
1600 5324 1882 5378 similium.

295 5408 567 5480 Ungulam
601 5420 781 5465 autem
821 5428 931 5466 non
957 5413 1208 5468 dividunt
1237 5431 1301 5468 ea
1337 5431 1456 5485 qua:
1498 5417 1566 5470 ab
1599 5417 1678 5471 eis
1699 5434 1886 5472 come-

296 5504 525 5566 duntur,
584 5519 763 5573 neque
805 5505 1126 5560 discernunt
1185 5507 1253 5561 ab
1305 5509 1498 5576 spiritu
1538 5509 1794 5571 litteram,
1825 5519 1882 5564 et

295 5604 585 5664 propterea
614 5611 805 5650 eorum
839 5597 1065 5651 scientia
1098 5598 1379 5652 immunda
1417 5608 1520 5654 est.
1549 5598 1706 5654 Tales
1755 5611 1884 5656 sunt

1932 4679 1943 4686 ’
1984 4673 2298 4744 designans,
2319 4690 2441 4743 qua:
2464 4673 2551 4727 lex
2575 4689 2639 4726 ex
2663 4673 2750 4727 his
2789 4689 2912 4743 quae
2937 4674 3080 4728 dicta
3122 4681 3249 4728 sunt
3280 4675 3567 4728 manifesta

1986 4763 2134 4819 fecit.
2171 4765 2301 4820 ldeo
2334 4782 2466 4837 ergo
2506 4767 2624 4821 hac
2665 4777 2898 4836 quatuor
2937 4781 3168 4820 numero
3201 4766 3399 4836 posuit,
3442 4768 3564 4836 quia

1988 4867 2226 4926 quatuor
2271 4868 2400 4914 sunt
2436 4859 2719 4929 generales
2753 4857 3005 4920 virtutes,
3045 4859 3425 4928 praedictorqu
3474 4874 3566 4911 au-

1992 4963 2100 5006 tem
2147 4953 2465 5015 animalium
2513 4950 2841 5022 signiﬁcatio
2883 4952 3179 5006 virtutibus
3224 4960 3391 5016 caret,
3433 4967 3567 5019 qua-

1992 5056 2116 5101 tuor
2151 5045 2352 5113 quippe
2385 5044 2677 5099 virtutibus
2718 5053 2800 5098 est
2835 5044 3131 5098 contraria.
3167 5043 3298 5095 Nam
3331 5042 3571 5095 camelos

1987 5138 2041 5191 in
2077 5133 2391 5188 Scribarum
2434 5143 2488 5188 et
2527 5134 2921 5187 l‘llariszcorum
2957 5133 3265 5202 superbiam
3295 5141 3568 5201 sumptus,

1986 5230 2270 5298 sapicnti:e
2324 5229 2634 5283 contrarius
2689 5237 2773 5282 est
2819 5246 2830 5280 :
2874 5228 3165 5281 stultorum
3231 5229 3432 5296 quippe
3491 5239 3575 5280 est

1984 5323 2266 5391 proprium
2293 5313 2599 5391 superbire.
2623 5320 2759 5387 Quia
2787 5331 2970 5375 autem
2996 5332 3224 5390 utroque
3251 5322 3354 5374 hoc:
3385 5321 3576 5373 morbo

1987 5413 2193 5468 Scriba:
2211 5427 2265 5469 et
2281 5414 2538 5469 Pharisaei
2561 5416 2912 5478 tenebantur,
2935 5415 3058 5468 audi
3083 5414 3148 5467 ad
3173 5430 3266 5467 eos
3285 5413 3574 5467 Dominum

1988 5507 2261 5561 dicentem
2307 5525 2318 5559 :
2359 5507 2520 5560 Stulti
2571 5516 2619 5560 et
2673 5509 2815 5570 carri,
2845 5508 2970 5577 quid
3021 5506 3197 5576 majus
3241 5515 3335 5568 est,
3377 5523 3578 5558 aurum

1993 5611 2084 5653 aut
2137 5601 2386 5671 templum
2426 5602 2563 5670 quod
2603 5601 2900 5670 sanctiﬁcat
2946 5618 3139 5655 aurum
3171 5600 3246 5652 ui‘?
3276 5602 3343 5655 Et
3388 5615 3580 5652 rursus

374 5801 560 5876 :Dan.
602 5803 773 5876 vuJ.
838 5785 879 5876 ζ’
902 5803 1048 5856 Psal.
1079 5818 1225 5876 xciv,
1251 5803 1319 5876 9..
1368 5803 1623 5876 i'_.\latth.
1653 5805 1920 5868 nilnil.
1999 5808 2018 5837 ’
2046 5805 2147 5876 Isa.
2182 5821 2292 5869 xxi,
2316 5805 2371 5858 6.
2450 5806 2493 5835 ‘°
2555 5806 2715 5864 Prov.
2749 5825 2877 5876 xxv,
2932 5809 3020 5865 ‘23.
3104 5812 3139 5840 “
3170 5809 3312 5863 Psal.
3347 5822 3458 5866 cm.
3489 5807 3581 5864 18.

299 5871 344 5900 ¹’
380 5870 525 5926 Psal.
557 5889 674 5936 χιιι,
701 5874 755 5926 5.
834 5873 877 5904 ¹³
905 5880 1003 5926 lsa.
1045 5891 1080 5934 ι,
1115 5875 1207 5927 2|.

543 5967 811 6029 PATROL.
853 5970 966 6028 Gn.
995 5967 1201 6028 XCIII.

1287 5875 1330 5905 ”
1363 5874 1549 5929 chtr.
1589 5892 1649 5940 ιι,
1675 5876 1766 5941 2|,
1802 5876 1894 5929 3‘3.

1979 5877 2021 5908 ιδ
2054 5875 2246 5931 Matth.
2289 5894 2439 5940 χχιιι,
2490 5877 2576 5933 17.

3183 5969 3258 6030 ‘29
