4218 6450
751 417 855 482 907

1959 407 2321 468 HESYCHII
2373 408 2845 468 PRESBYTEHI

3916 423 4030 484 908

749 531 1064 599 superbiam
1095 543 1285 582 eorum
1319 527 1418 576 hoc
1452 522 1613 575 modo
1647 522 1886 575 retundit
1925 542 1937 576 :
1974 524 2165 575 Amant
2197 525 2334 576 enim
2369 530 2408 584 Α
2442 525 2530 575 lite
2581 527 2808 592 gaudere
2855 529 2976 594 quia
3024 530 3280 582 (immania
3329 533 3466 585 vobis
3518 535 3891 602 subjiciuntur,
3937 549 4038 591 sed

751 623 949 688 primos
995 619 1262 674 accubitus
1307 619 1363 670 in
1407 617 1578 678 caenis,
1615 627 1663 668 et
1709 617 1909 683 primas
1955 616 2228 668 cathedras
2278 617 2331 668 in

753 711 1052 780 san/290955,
1095 719 1140 760 et
1180 707 1529 760 salutationes
1576 705 1629 756 in
1675 706 1806 773 foro,
1849 715 1895 758 et
1927 705 2101 757 vocari
2137 705 2201 756 ab
2236 704 2332 757 lto-

751 807 976 859 minibus
1026 803 1191 857 Rabbi
1231 805 1290 855 ’⁸.
1346 801 1434 854 Sic
1473 814 1601 869 ergo
1627 801 1777 852 stulti
1822 800 2039 867 quidam
2085 800 2150 852 de
2202 799 2332 867 ipsis

752 904 909 948 erant
963 905 1018 948 et
1072 893 1313 962 superbi.
1367 890 1547 958 Lepus
1608 899 1666 944 ut
1721 890 1974 955 timidus,
2027 890 2330 945 fortitudini

751 993 1056 1043 contrarius
1093 999 1178 1041 est
1216 1004 1227 1038 :
1265 986 1659 1056 chirogrylius,
1700 995 1758 1038 ut
1812 1001 1996 1055 rapax,
2035 986 2260 1054 justitite
2314 1004 2329 1040 :

750 1100 864 1148 sus,
903 1094 962 1138 ut
995 1085 1102 1138 vita
1139 1081 1354 1135 sordida
1409 1083 1616 1141 vivens,
1659 1089 1714 1133 et
1763 1080 2061 1141 immunda,
2101 1080 2168 1131 de
2223 1095 2329 1147 quo

749 1178 954 1230 dictum
999 1185 1084 1229 est
1123 1189 1136 1224 :
1178 1173 1330 1228 Sicut
1379 1171 1603 1225 circulus
1629 1188 1821 1225 aureus
1866 1174 1917 1224 in
1953 1173 2165 1224 naribus
2197 1172 2326 1232 suis,

749 1267 829 1319 sic
875 1266 1064 1318 mulier
1113 1265 1333 1334 pulchra
1387 1273 1433 1316 et
1485 1265 1635 1333 fatua
1673 1264 1733 1328 ³⁷,
1777 1263 2007 1317 castitati
2058 1261 2326 1314 contraria

748 1368 849 1410 est.
909 1357 1111 1409 llorum
1167 1370 1265 1407 nec
1307 1369 1502 1407 carnes
1554 1353 1924 1411 comedamus.
1967 1353 2016 1404 id
2071 1360 2174 1412 est,
2226 1366 2328 1403 nec

747 1463 911 1516 quam
957 1446 1212 1499 videntur
1255 1445 1457 1498 habere
1503 1444 1756 1497 virtutem
1790 1458 2104 1511 sequamur,
2136 1442 2190 1494 in
2227 1442 2325 1510 hy-

749 1543 951 1612 pocrisi
1002 1541 1146 1595 enim
1203 1540 1367 1600 illam,
1406 1549 1461 1594 ct
1503 1554 1609 1593 non
1655 1539 1709 1591 in
1752 1539 1980 1592 veritate
2025 1547 2324 1590 sectantur.

750 1632 917 1686 Multo
949 1634 1120 1699 magis
1149 1639 1330 1682 autem
1371 1627 1659 1682 morticina
1691 1642 1878 1681 eorum
1913 1625 2180 1695 tangenda
2215 1641 2322 1678 non

746 1734 894 1789 stitit,
914 1739 1013 1777 nec
1048 1723 1201 1777 malis
1229 1737 1418 1774 eorum
1450 1719 1961 1774 communicandum
1992 1717 2323 1778 actionibus,

747 1819 862 1885 ipsa
894 1815 1038 1869 enim
1075 1813 1386 1883 huiusmodi
1435 1811 1624 1880 procul
1665 1811 1834 1864 dubio
1876 1810 2163 1863 morticina
2197 1818 2322 1861 sunt

748 1908 872 1963 viri.

818 2003 979 2059 Vens.
1013 2000 1168 2057 9-12.
1207 2019 1224 2050 ι
1262 1997 1383 2052 lltec
1415 2008 1544 2052 sunt
1575 2013 1695 2067 quae
1725 1996 2019 2067 gignuntur
2049 1996 2102 2048 in
2145 1995 2318 2064 aquis,

743 2107 798 2152 et
834 2095 975 2151 vesci
1013 2095 1218 2149 licitmn
1251 2101 1355 2146 est.
1398 2091 1571 2146 Omne
1608 2091 1751 2159 quod
1787 2089 1950 2142 habet
1987 2088 2241 2157 pinnulas
2271 2097 2324 2140 ct

743 2201 998 2256 squamas
1032 2227 1047 2251 ,
1105 2194 1213 2238 tam
1269 2185 1321 2236 in
1379 2183 1536 2246 mari,
1585 2197 1748 2250 quam
1805 2181 1859 2234 in
1909 2179 2222 2233 ﬂun'iinibus
2268 2189 2321 2232 et

743 2280 950 2348 stagnis
983 2318 997 2340 ,
1040 2275 1388 2330 con'iedetis:
1430 2275 1696 2344 quidquid
1749 2284 1932 2328 autem
1983 2272 2238 2342 pinnulas
2269 2280 2322 2325 et

743 2384 997 2439 squamas
1031 2384 1140 2422 non
1179 2368 1364 2433 habet,
1391 2383 1578 2420 eorum
1611 2382 1730 2436 qua:
1762 2366 1818 2418 in
1851 2365 2006 2434 aquis
2037 2373 2324 2418 moventur

742 2476 798 2519 et
832 2466 1042 2527 vivunt,
1077 2464 1444 2519 abominabile
1483 2464 1639 2516 vobis
1677 2472 1732 2516 et
1773 2463 2167 2516 exsecrandum
2197 2461 2319 2513 erit.

741 2560 948 2614 (larnes
977 2547 1318 2610 eorumnton
1351 2554 1670 2616 comedetis,
1702 2564 1758 2608 et
1798 2553 2082 2607 morticina
2125 2552 2321 2606 vitabi-

745 2651 833 2702 tis.
864 2649 1074 2702 Cuncta
1104 2663 1227 2716 quae
1273 2661 1381 2700 non
1431 2647 1634 2699 habent
1671 2646 1926 2715 pinnulas
1975 2655 2030 2700 et
2068 2660 2320 2713 squamas

739 2739 794 2792 in
829 2741 986 2809 aquis
1018 2740 1221 2808 polluta
1252 2746 1430 2792 erunt.
1467 2756 1486 2786 ›

813 2831 886 2884 Ex
919 2845 984 2884 eo
1017 2831 1159 2898 quod
1197 2844 1306 2882 non
1336 2840 1523 2897 aperte
1567 2826 1751 2881 divina
1797 2826 2076 2895 Scriptura
2119 2839 2318 2895 genera

742 2923 973 2989 piscium
1019 2919 1291 2988 exposuit,
1328 2934 1358 2971 a
1399 2918 1601 2987 quibus
1642 2918 1906 2972 abstineri
1953 2918 2086 2979 vult,
2123 2932 2318 2986 super-

739 3017 904 3067 tluum
939 3021 1024 3066 est
1054 3012 1171 3065 hinc
1205 3011 1259 3064 in
1290 3011 1547 3079 prmsenti
1578 3025 1843 3077 quaerere,
1875 3025 2142 3078 nusquam
2172 3012 2316 3064 enim

739 3104 970 3169 piscium
1022 3103 1076 3156 in
1123 3117 1186 3156 ea
1240 3101 1587 3155 inveniemus
1629 3101 1912 3154 vocabula.
1958 3101 2315 3170 Semetipsam

741 3195 900 3249 etiam
929 3209 1058 3262 ergo
1093 3194 1147 3246 in
1181 3189 1284 3247 hoc
1313 3193 1556 3246 imitatur
1586 3192 1726 3245 loco.
1758 3192 2146 3245 Verumtamen
2185 3191 2312 3244 illud
2343 3212 2385 3270 ρ
2420 3193 2642 3251 propter
2697 3184 3058 3253 ignorantiam
3112 3203 3126 3238 :

738 3301 884 3340 nunc
918 3287 1093 3339 notari
1131 3292 1366 3353 Oportet,
1397 3283 1522 3352 quia
1564 3284 2022 3351 quemadmodum
2059 3284 2110 3335 in
2145 3299 2312 3352 spon-

742 3379 911 3431 taneis
939 3376 1243 3440 sacriﬁciis,
1278 3391 1399 3444 quae
1433 3385 1488 3428 et
1517 3376 1656 3427 dona
1693 3375 1967 3445 legislator
2002 3375 2311 3444 appellavit.

735 3469 1029 3537 aliquando
1071 3467 1290 3534 quidem
1339 3475 1655 3534 operatores
1699 3466 1852 3536 legis,
1887 3467 2179 3535 aliquando
2219 3481 2313 3519 au-

736 3572 842 3614 tem
876 3558 1172 3628 simplices.
1203 3558 1497 3624 aliquando
1541 3572 1670 3609 vero
1716 3558 2176 3626 contemplatorcs
2217 3572 2312 3624 per

737 3650 1070 3705 oblationum
1113 3649 1439 3718 signiﬁcavit
1485 3649 1696 3711 modos,
1737 3649 2026 3718 aliquando
2077 3664 2171 3702 cos
2218 3648 2309 3716 qui

732 3742 1012 3796 salvantur
1053 3757 1116 3793 ex
1167 3739 1444 3808 gentibus.
1487 3739 1685 3807 quibus
1734 3748 1791 3793 ct
1839 3739 2100 3794 sacriﬁcia
2130 3741 2196 3793 de
2231 3740 2306 3791 si-

732 3833 880 3894 mila,
932 3841 993 3885 ut
1039 3830 1400 3898 simplicibus,
1437 3829 1740 3896 deputavit,
1770 3830 1913 3898 quod
1961 3829 2200 3883 ostendit
2242 3844 2305 3880 ex

730 3940 796 3976 eo
839 3922 985 3991 quod
1028 3921 1182 3978 dicit.
1215 3918 1272 3973 Si
1319 3921 1498 3972 anima
1545 3920 1788 3972 obtulerit
1831 3921 2023 3972 donum
2065 3919 2305 3982 Domino,

730 4029 838 4066 non
870 4011 1096 4074 addens,
1122 4009 1176 4065 Si
1213 4012 1392 4066 anima
1426 4011 1489 4064 de
1515 4013 1708 4079 populo
1743 4022 1915 4075 terrm,
1956 4011 2309 4080 quemadmo-

726 4109 856 4161 dum
885 4105 939 4158 in
970 4105 1199 4159 aliorum
1228 4105 1617 4158 sacriﬁciorum
1637 4105 2108 4158 enuntiationibus
2136 4103 2304 4166 solet;

727 4192 872 4245 sicut
901 4206 1031 4261 ergo
1061 4189 1113 4242 in
1147 4190 1275 4253 illis,
1309 4191 1385 4244 sic
1416 4201 1470 4244 et
1501 4192 1589 4244 hic
1620 4207 1716 4260 per
1751 4191 1996 4244 ciborum
2026 4191 2306 4244 abstinen-

727 4284 881 4346 tiam,
931 4282 1118 4351 quales
1166 4282 1372 4336 debent
1423 4298 1544 4336 esse
1590 4284 1681 4353 qui
1725 4285 1897 4355 legem
1949 4284 2298 4346 meditantur,

728 4374 1019 4430 ostendere
1072 4375 1322 4442 cupiens,
1399 4390 1497 4444 per
1556 4377 1835 4429 ruminare
1892 4375 2193 4443 siquidem,
2249 4382 2305 4426 et

724 4467 978 4536 ungulam
1024 4466 1301 4529 dividere,
1342 4465 1591 4521 Judaeum
1650 4467 2006 4538 signiﬁcavit,
2058 4468 2151 4535 qui
2207 4467 2302 4519 dc-

2439 621 2662 683 gmutcte
2690 631 2736 669 et
2763 619 3038 683 exsultate,
3069 624 3194 685 quia
3228 626 3439 677 nomina
3468 635 3638 679 vestra
3669 629 3872 696 scripta
3901 644 4032 684 sunt

2437 711 2491 758 in
2531 709 2669 760 cmlis
2702 710 2766 759 ὀ.
2801 708 3039 764 Probant
3084 723 3266 766 autem
3319 716 3431 770 hazc
3478 719 3639 770 etiam
3682 719 3850 787 hujus
3895 738 4034 774 san-

2435 800 2634 853 ctiouis
2666 802 2850 862 verba,
2884 805 3038 857 aiunt
3067 807 3212 859 enim
3257 825 3269 859 :

2509 892 2635 945 lia'c
2664 904 2784 946 sunt
2810 912 2926 964 qum
2953 898 3237 967 gignuntur
3271 900 3326 951 in
3360 902 3532 969 aquis,
3561 913 3609 954 et
3639 905 3772 957 vesci
3810 906 4024 958 licitum

2435 993 2528 1034 est.
2563 982 2947 1053 lntclliguntur
2982 1003 3075 1056 per
3121 987 3236 1042 luce
3285 990 3336 1042 bi
3380 993 3474 1059 qui
3509 1007 3576 1045 ex
3613 996 3876 1062 gentibus
3915 1003 4027 1047 sal-

2435 1073 2540 1124 vati
2573 1084 2720 1141 sunt,
2759 1088 2944 1145 utpote
2987 1081 3454 1149 regenerationem
3488 1084 3750 1138 habentes
3788 1088 3846 1139 in
3881 1105 4024 1155 aqua

2431 1165 2792 1234 baptismatis,
2818 1170 2883 1223 de
2906 1172 3103 1239 quibus
3130 1183 3183 1227 ct
3207 1175 3371 1228 lsaias
3399 1176 3614 1230 dicebat
3640 1193 3653 1228 :
3680 1179 3815 1232 Ecce
3843 1196 3982 1249 gmw.
4001 1203 4022 1232 .s

2431 1260 2584 1326 quasi
2633 1262 2806 1314 simlw
2855 1263 3031 1314 stultw
3062 1267 3128 1316 ".
3190 1265 3336 1328 Sive,
3372 1278 3430 1320 ut
3462 1267 3621 1324 LXX.
3669 1269 3821 1320 Sicut
3861 1289 4020 1338 aqu:-

2433 1349 2633 1410 multa'.
2672 1363 2860 1421 gentes
2906 1356 3107 1408 multze.
3146 1356 3295 1410 l'ntle
3328 1367 3382 1410 et
3407 1358 3487 1412 eis
3513 1362 3856 1412 conveniunt
3897 1379 4018 1429 quc:

2429 1452 2751 1508 sequuntur.

2499 1533 2662 1586 Omne
2713 1546 2849 1605 quod
2897 1540 3051 1592 habet
3104 1541 3353 1608 pinnulas
3405 1553 3454 1594 et
3498 1559 3766 1611 squamas.
3808 1555 3923 1595 tant
3973 1547 4023 1592 ἔτι

2429 1627 2586 1687 mari,
2614 1644 2769 1695 quam
2810 1631 2861 1680 in
2904 1632 3208 1696 ﬂuminibus
3239 1642 3285 1684 et
3322 1635 3540 1702 stagnis,
3577 1637 3884 1687 comedetis.
3921 1635 4022 1686 Ea-

2429 1718 2550 1770 dem
2585 1721 2746 1771 etiam
2800 1721 2883 1772 his
2923 1723 3014 1789 qui
3067 1740 3130 1775 cx
3185 1725 3439 1792 gentibus
3481 1735 3626 1786 sunt,
3670 1727 3738 1778 de
3781 1728 4022 1779 medita—

2378 1879 2394 1899 ἱ
2431 1811 2577 1864 tione
2635 1815 2766 1883 legis
2818 1816 2938 1868 aliis
2989 1820 3247 1885 prtecepit
3298 1819 3500 1873 verbis.
3555 1818 3679 1872 Vult
3723 1821 3879 1873 enim
3930 1836 4022 1872 eo.

2429 1902 2628 1955 habere
2689 1905 2740 1956 in
2794 1907 3147 1960 meditatione
3204 1908 3336 1978 legis
3391 1909 3679 1977 pinnulas,
3735 1910 4021 1978 vitamque

2426 1992 2714 2046 sublimem
2760 2004 2922 2063 atque
2967 1997 3269 2061 cmlestem,
3303 1999 3396 2051 sed
3439 2001 3839 2068 expositionem
3886 2001 4022 2071 tegis

2428 2081 2552 2134 huic
2586 2083 2840 2150 similem,
2869 2097 3092 2155 propter
3130 2089 3274 2156 quod
3309 2104 3417 2142 non
3465 2090 3748 2157 pinnulam
3785 2089 4015 2149 habere.

2429 2177 2518 2227 sed
2567 2176 2823 2244 pinnulas
2868 2194 2962 2232 eos
3007 2181 3140 2234 vult.
3179 2181 3316 2246 Quia
3351 2192 3532 2236 autem
3575 2182 3882 2252 ignorantia
3925 2183 4011 2236 di-

2426 2265 2563 2319 vina:
2598 2266 2892 2336 Scriptura:
2923 2280 3112 2339 gentes
3138 2273 3468 2337 obtinuerat,
3496 2289 3604 2326 non
3635 2274 3786 2326 enim
3823 2289 4014 2327 susce-

2424 2370 2618 2427 perant
2646 2362 2841 2431 legem,
2873 2378 3052 2432 neque
3078 2366 3398 2433 pmphctas,
3425 2381 3528 2420 nec
3559 2366 3662 2420 alia
3694 2366 3746 2419 in
3776 2367 3861 2419 eis
3894 2378 4012 2420 erat

2423 2453 2649 2506 scientia
2685 2455 2869 2508 divina
2914 2457 3188 2519 subtilior,
3225 2472 3296 2511 ne
3334 2473 3465 2527 ergo
3507 2459 3611 2511 hoc
3654 2459 3850 2511 morbo
3884 2475 4012 2526 pei-

2422 2543 2662 2596 mancnti
2709 2554 2761 2598 et
2810 2555 3077 2614 perpetuo
3115 2547 3446 2610 laborarent,
3482 2563 3736 2616 squamas
3765 2564 3865 2602 eos
3900 2551 4009 2602 ha—

2420 2632 2553 2686 bere
2609 2635 2758 2699 vnlt,
2809 2651 2931 2704 qua:
2995 2636 3152 2691 facile
3208 2638 3575 2691 auferrentur.
3627 2638 3762 2703 Quia
3825 2649 4009 2692 autem

2420 2740 2660 2793 squamae
2695 2727 3072 2795 temporalem,
3107 2737 3163 2782 et
3195 2744 3301 2797 qua
3349 2729 3506 2782 facile
3543 2740 3816 2792 careatur,
3851 2730 4008 2799 igno-

2419 2821 2650 2872 rantiam
2692 2821 3018 2889 signiﬁcant,
3061 2822 3442 2876 demonstrant
3482 2839 3546 2876 ea
3583 2837 3705 2892 quae
3735 2823 3805 2876 de
3835 2822 4010 2876 Paulo

2418 2909 2690 2978 descripta
2724 2921 2869 2974 sunt,
2907 2912 2963 2965 in
2996 2914 3366 2981 apostolorum
3397 2914 3660 2979 Actibus;
3695 2930 3819 2967 cum
3857 2916 4006 2966 enim

2419 2999 2536 3052 zelo
2583 3000 2803 3069 judaico
2851 3002 3150 3056 Ecclesiam
3209 3015 3653 3073 persequeretur,
3703 3006 4010 3076 ignoraret-

2418 3105 2521 3158 que
2573 3106 2698 3144 eum
2737 3107 2899 3160 quem
2955 3095 3406 3163 persequebatur,
3450 3095 3608 3149 facile
3656 3097 3838 3149 caruit
3889 3095 4010 3150 zelo

3181 3201 3467 3256 p05tquam
3526 3189 3781 3256 cognovit
3842 3204 4005 3256 quem

2421 3283 2859 3342 persequeretur,
2907 3286 3133 3331 vocatus
3182 3292 3210 3329 a
3256 3277 3495 3338 Christo,
3533 3287 3588 3330 et
3627 3288 3920 3347 postquam
3957 3281 4007 3331 ei

2419 3363 2484 3417 ab
2517 3365 2725 3419 Anania
2758 3368 3190 3437 cvangelizatum
3221 3377 3323 3433 est,
3350 3370 3641 3422 ceciderunt
3672 3387 3914 3438 squamm
3941 3372 4006 3422 ab

2417 3458 2578 3510 oculis
2604 3459 2739 3527 ejus,
2767 3470 2814 3512 et
2853 3477 2972 3513 mox
2996 3462 3123 3513 vidit
3149 3462 3213 3516 ".
3241 3461 3380 3530 Ergo
3407 3462 3460 3513 in
3490 3462 3709 3515 modum
3743 3479 3974 3532 squama

2417 3563 2532 3599 rum
2580 3550 2998 3618 superjacebant
3041 3552 3305 3604 instantes
3348 3551 3399 3604 ci
3457 3555 3784 3620 temporales
3848 3554 4002 3623 igno-

2419 3639 2620 3691 rantim.
2681 3637 2834 3692 Unde
2886 3639 3050 3692 nimis
3098 3650 3498 3709 consequenter
3543 3641 3818 3712 legislator
3873 3644 4003 3696 sub-

2414 3729 2576 3782 illtlll:

2484 3820 2748 3892 Quidquid
2782 3833 2961 3876 autem
3000 3824 3250 3892 pinnulas
3294 3834 3386 3877 aut
3429 3841 3677 3888 squamas
3710 3842 3816 3878 non
3847 3828 4002 3880 nubet

2413 3929 2590 3966 eorum
2621 3929 2737 3983 qua:
2763 3915 2818 3966 in
2843 3916 2996 3984 aquis
3031 3926 3300 3969 moventur
3331 3926 3377 3969 et
3415 3918 3611 3978 vivunt,
3643 3917 4000 3971 abominabile

2410 4004 2550 4058 vobis
2568 4013 2616 4056 et
2636 4007 3012 4059 exsecrandum
3035 4007 3154 4060 erit.
3178 4005 3318 4060 Sunt
3339 4007 3485 4059 enim
3501 4007 3746 4075 quzedam
3764 4010 4004 4078 piscium

2410 4109 2628 4161 genera.
2657 4103 2850 4148 testam
2877 4111 2976 4163 pro
3003 4095 3142 4164 pelle
3174 4096 3432 4150 habentia
3465 4114 3478 4149 :
3507 4111 3739 4165 quorum
3769 4113 4002 4166 squama

2409 4185 2609 4239 auferri
2658 4201 2767 4240 non
2821 4197 3020 4256 potest.
3074 4187 3234 4242 Tales
3276 4195 3408 4240 sunt
3454 4190 3547 4256 qui
3591 4203 3696 4242 nec
3738 4205 4004 4258 squamas

2409 4275 2730 4344 ignorantiae
2761 4278 2928 4331 verbo
2957 4277 3050 4331 Dei
3083 4277 3382 4347 deponere,
3417 4293 3517 4332 nec
3548 4279 3787 4333 cultrum
3832 4283 4004 4350 spiri-

2409 4379 2496 4422 tus
2531 4369 2810 4438 suscipere
2847 4371 3153 4439 patiuntur.
3200 4369 3264 4424 lli
3296 4371 3400 4425 etsi
3439 4371 3494 4425 in
3529 4374 3663 4425 mari
3701 4373 4004 4429 invenian-

2409 4470 2498 4514 tur
2551 4463 2929 4531 baptismatis,
2983 4464 3086 4516 etsi
3140 4463 3196 4517 in
3245 4463 3562 4518 ﬂuminibus
3617 4467 3998 4532 poenitentiae,

728 4563 814 4616 het
862 4558 994 4629 legis
1047 4558 1274 4627 implere
1327 4559 1580 4612 mandata
1634 4560 1786 4613 etab
1820 4559 2017 4629 spiritu
2063 4558 2297 4611 litteram
2335 4544 2375 4596 D
2409 4553 2805 4608 abominabiles
2860 4563 2990 4607 sunt
3018 4555 3090 4625 _in
3133 4555 3388 4609 omnibus
3435 4571 3557 4625 qua:
3599 4569 3896 4612 moventur
3949 4573 4005 4616 et

726 4651 986 4715 dividere,
1015 4662 1070 4705 et
1113 4653 1284 4722 legem
1324 4653 1643 4721 spiritaliter
1690 4653 2014 4721 intelligere,
2049 4667 2143 4721 per
2185 4653 2301 4705 ha-c

719 4748 903 4794 autem
938 4755 1060 4808 qme
1108 4754 1254 4792 nunc
1295 4740 1438 4793 dicta
1485 4749 1632 4803 sunt,
1667 4740 1908 4793 ostendit
1943 4741 2010 4794 (le
2049 4739 2302 4810 gentibus

721 4849 779 4884 sc
812 4831 981 4900 loqui.
1016 4830 1172 4886 Unde
1207 4831 1483 4898 existimo,
1519 4847 1628 4885 non
1669 4832 1948 4901 expressis
1988 4831 2301 4886 nominibus

720 4919 949 4988 piscium
998 4920 1315 4974 memoriam
1353 4919 1571 4986 factam,
1604 4921 1732 4990 quia
1773 4935 1873 4974 nec
1910 4920 2131 4975 nomina
2175 4934 2302 4974 suo-

719 5025 835 5065 rum
885 5012 1050 5066 scribi
1094 5027 1260 5082 super
1314 5021 1517 5067 terram
1565 5014 1718 5083 cupit
1767 5013 2031 5078 Ecclesia,
2065 5014 2208 5067 unde
2246 5023 2301 5068 et

715 5103 803 5158 illa
847 5103 1013 5157 David
1056 5103 1130 5158 ait
1166 5123 1178 5159 :
1216 5103 1528 5158 Scribuntur
1575 5107 1684 5159 Itarc
1733 5107 1786 5158 in
1833 5106 2167 5174 generatione
2210 5107 2299 5157 αι-

713 5204 825 5248 tera
859 5195 924 5257 ".
954 5195 1209 5249 videlicet
1242 5194 1423 5250 futura
1459 5196 1512 5248 in
1540 5196 1710 5261 cretis,
1754 5197 1826 5249 ibi
1871 5197 2021 5250 enim
2063 5199 2294 5250 ﬁliorum

715 5286 831 5353 eius
884 5286 1085 5354 scripta
1144 5292 1273 5339 sunt
1327 5285 1573 5350 nomina,
1608 5285 1674 5339 de
1719 5301 1826 5354 qua
1866 5285 2066 5340 Paulus
2110 5286 2240 5341 dicit
2276 5306 2288 5339 :

707 5379 1008 5432 .iccessistis
1039 5380 1110 5431 ad
1139 5388 1363 5431 montem
1389 5376 1537 5443 Sion,
1567 5389 1614 5431 et
1645 5380 1714 5432 ad
1746 5380 2010 5433 civitatem
2046 5380 2138 5432 Dei
2171 5381 2290 5442 rivi,

705 5469 1002 5523 Jerusalem
1030 5470 1306 5532 ccclestt‘m,
1339 5480 1386 5523 et
1421 5469 1704 5522 multorum
1737 5470 1962 5523 millium
1989 5469 2295 5539 angelorum

709 5562 1019 5630 frequentia
1065 5571 1113 5615 et
1152 5562 1399 5617 Ecclesia!
1441 5564 1848 5632 primitivarmn,
1889 5562 1979 5632 qni
2019 5564 2296 5631 (ωηεν-ἱρή

704 5661 828 5705 sunt
858 5653 912 5703 in
947 5651 1088 5705 cmlis
1117 5652 1180 5704 ³³.
1221 5653 1285 5706 Ει
1320 5651 1583 5708 Dominus
1617 5653 1682 5706 ad
1719 5653 1996 5722 apostolos
2040 5653 2115 5705 ait
2146 5671 2157 5704 :
2191 5653 2297 5705 Νο-

780 5787 823 5819 "
858 5790 1049 5845 Matth.
1076 5808 1229 5860 χχιιι,
1266 5793 1317 5848 6.

1399 5795 1439 5825 ‘7
1478 5793 1638 5850 Prov.
1672 5811 1744 5858 x1,
1771 5793 1862 5849 2‘2.

709 5853 751 5884 "
784 5861 899 5915 Act.
937 5879 1006 5931 Ix,
1059 5863 1140 5916 18.

1941 5794 1984 5826 ³⁸
2017 5794 2159 5848 Psal.
2192 5811 2264 5858 Cl,
2298 5800 2380 5851 19.

2407 4643 2597 4697 vivunt
2642 4645 2698 4698 in
2741 4647 2916 4714 aquis.
2969 4646 3033 4700 Et
3073 4662 3197 4699 cum
3237 4647 3405 4700 vitam
3447 4647 3624 4701 sortiti
3666 4648 3780 4701 sint
3812 4649 3866 4701 in
3901 4650 4003 4704 ba-

2405 4736 2691 4804 ptismate,
2737 4738 3081 4792 vocationem
3160 4747 3346 4792 tamen
3407 4739 4000 4810 regenerationemque

2406 4836 2774 4898 corruperunt
2815 4846 2827 4881 :
2883 4831 3012 4883 dum
3049 4829 3308 4896 pinnulas
3341 4838 3398 4883 et
3437 4845 3691 4899 squamas
3738 4847 3851 4885 non
3897 4834 3999 4886 ba-

2405 4918 2556 4982 bcnt,
2608 4918 2895 4972 sublimem
2957 4918 3210 4974 videlicet
3266 4920 3455 4984 vitam,
3509 4922 3996 4993 cognitionemque

2402 5009 2739 5071 divinorum,
2780 5025 2902 5078 qua:
2951 5010 3192 5065 caelestis
3241 5019 3345 5076 est,
3385 5011 3481 5066 sed
3530 5027 3623 5066 cor
3669 5029 3880 5068 caecum
3943 5018 3995 5069 in

2403 5101 2709 5170 ignorantia
2755 5101 3002 5155 detinent
3031 5120 3044 5155 :
3072 5110 3127 5156 et
3165 5112 3453 5172 propterea
3488 5104 3543 5157 in
3577 5104 3662 5158 his
3692 5106 3785 5173 qui
3825 5122 3996 5176 squa-

2403 5209 2521 5248 mas
2571 5194 2794 5258 habent,
2846 5209 2958 5248 non
3002 5205 3458 5251 annumerantur.
3504 5195 3732 5253 Intende
3778 5211 3994 5261 autem.

2401 5291 2604 5353 quanta
2652 5282 2952 5338 subtilitate
3003 5299 3344 5350 sermonum,
3377 5295 3436 5341 ut
3469 5287 3723 5342 videlicet
3752 5293 3997 5346 maxima

2403 5391 2499 5444 per
2548 5389 2643 5429 eos
2692 5374 2949 5446 mysteria
3002 5383 3058 5429 et
3109 5375 3452 5432 admirabilia
3507 5377 3844 5447 signiﬁcans,
3913 5387 3997 5437 le-

2405 5469 2628 5537 gislator
2671 5469 2877 5535 utitur;
2909 5468 3154 5537 pinnulis
3197 5469 3341 5523 enim
3387 5485 3641 5539 squamas
3676 5475 3992 5543 conjunxit.

2404 5561 2528 5629 quia
2559 5559 3016 5628 quemadmodum
3049 5559 3314 5629 piscibus,
3340 5561 3539 5630 quibus
3567 5573 3693 5617 sunt
3722 5579 3993 5632 squauize,

2409 5653 2493 5704 his
2541 5661 2668 5705 sunt
2717 5652 3036 5707 omnimodo
3074 5661 3128 5706 et
3178 5652 3442 5720 piunulm,
3483 5655 3560 5710 sic
3594 5655 3794 5724 quibus
3839 5659 3994 5727 ignoo

3037 5800 3082 5829 ¹⁰
3120 5798 3254 5853 Luc.
3286 5816 3338 5862 x,
3381 5800 3468 5853 20.
3550 5799 3594 5831 "
3632 5799 3732 5854 lsa.
3769 5814 3861 5866 xL,
3901 5801 3986 5854 l5.

2465 5801 2505 5832 ¹⁹
2541 5797 2711 5854 llebr.
2735 5813 2831 5862 xu,
2866 5798 2956 5852 22.
