4218 6450
228 450 333 513 909

1356 450 1435 507 IN
1476 447 1909 507 LEVITICUM.
2048 448 2192 506 LIB.
2229 449 2320 505 Ill.

3377 453 3480 513 910

226 561 399 615 rantia
438 562 750 631 temporalis
789 569 893 620 est,
930 569 985 614 tl.
1027 575 1130 629 qua
1164 569 1446 627 propterea
1478 560 1585 613 cito
1617 558 1791 611 careri
1827 566 1866 617 τ’.
1898 567 2119 610 errante
2166 558 2362 624 privati
2407 568 2546 621 smn,
2596 562 3011 614 existimantium
3067 574 3324 631 quwstum
3375 581 3481 617 esse

224 653 396 724 possit
428 695 442 718 ,
486 656 570 709 his
618 664 674 709 et
724 654 961 725 cognitio
1013 653 1258 708 sublimis
1298 662 1353 706 et
1405 653 1512 706 vita
1560 653 1801 707 cmlestis

224 743 495 814 adjicitur.
532 745 732 799 llorum
762 761 893 815 ergo
926 744 1018 814 qui
1054 761 1163 799 non
1201 754 1330 799 sunt
1362 745 1517 809 tales,
1553 761 1654 799 nec
1682 762 1799 800 car-

225 852 322 890 nes
381 839 707 899 comedere,
763 838 859 891 sed
917 852 1019 892 nec
1070 837 1355 891 morticina
1399 844 1652 907 tangere,
1701 854 1803 892 nec

224 926 459 995 aliquam
515 927 957 981 communionem
1010 927 1237 981 omnino
1289 944 1412 982 cum
1464 928 1546 983 eis
1600 929 1804 983 habere

224 1025 462 1085 Oportet,
499 1020 643 1089 quod
700 1028 928 1074 testatur
970 1018 1191 1084 Paulus,
1230 1020 1460 1075 dicens:
1502 1019 1561 1075 Si
1613 1023 1681 1084 is,
1715 1023 1805 1091 qui

227 1114 395 1182 frater
440 1116 765 1178 nominatur,
809 1125 885 1169 est
935 1117 1244 1186 fornicator,
1297 1126 1390 1170 aut
1443 1134 1660 1179 avarus,
1711 1126 1803 1169 aut

227 1202 382 1255 idolis
422 1204 675 1270 serviens,
727 1214 819 1257 aut
870 1204 1187 1267 maledicus,
1242 1216 1335 1259 aut
1386 1208 1650 1271 ebriosus,
1711 1215 1804 1258 aut

229 1310 418 1362 rapax,
451 1312 569 1347 cum
593 1296 893 1365 hujusmodi
921 1313 1011 1349 nec
1039 1295 1209 1349 cibum
1232 1315 1436 1351 sumere
1459 1299 1523 1351 ³³.
1555 1298 1801 1359 Adulter,

228 1394 319 1438 aut
352 1402 566 1451 avarus,
596 1396 689 1440 aut
720 1387 991 1452 ebriosus,
1032 1397 1125 1442 aut
1152 1390 1446 1453 detractor,
1490 1406 1599 1443 non
1642 1389 1808 1443 habet

226 1476 517 1544 pinnulas,
568 1487 627 1531 ut
661 1479 829 1532 vitam
878 1479 1134 1534 videlicet
1183 1480 1390 1535 habens
1442 1481 1713 1536 sordidam
1752 1490 1808 1534 et

226 1567 584 1622 immundam.
643 1570 912 1623 Idolorum
963 1580 1146 1624 autem
1212 1571 1388 1626 cultor
1467 1572 1522 1626 in
1577 1572 1662 1626 his
1713 1572 1805 1642 qui

226 1676 481 1729 squamas
522 1663 746 1725 habent,
780 1679 889 1717 non
941 1672 1309 1734 computatur,
1343 1665 1535 1719 duram
1580 1666 1802 1736 quippe,

224 1761 282 1805 et
310 1752 362 1805 in
398 1769 605 1807 morem
638 1762 824 1819 testze,
869 1763 1032 1824 atque
1077 1756 1435 1811 insanabilem
1483 1756 1687 1811 habere
1727 1757 1807 1811 vi-

225 1844 385 1896 detur
437 1844 748 1900 divinorum
799 1846 1193 1916 ignorantiam,
1243 1848 1378 1902 alias
1424 1863 1801 1918 nequaquam,

1904 650 2151 714 pietatem
2193 650 2258 703 “.
2304 648 2412 702 llos
2452 666 2580 720 ergo
2622 651 2931 722 signiﬁcant
2970 670 3031 707 ea
3064 670 3185 723 quae
3216 671 3361 709 nunc
3398 657 3481 709 di-

1904 751 2187 794 numerata
2227 751 2357 797 sunt
2393 740 2668 807 animalia,
2713 744 2915 798 victum
2943 761 3008 799 ex
3039 746 3227 816 rapina
3253 749 3479 818 conqui-

1907 834 2098 887 rentia.
2135 834 2391 900 Quaedam
2425 846 2605 890 autem
2636 852 2702 890 ex
2738 838 2841 899 bis,
2872 837 3006 891 alias
3037 855 3166 894 aves
3196 840 3483 898 invadunt.

1904 935 1959 977 et
1993 941 2057 979 ex
2101 928 2485 981 venationibus
2522 943 2711 981 earum
2749 930 3105 997 nutriuntur;
3140 931 3244 985 alia
3273 950 3401 988 vero
3432 934 3485 987 in

1905 1016 2096 1070 domus
2148 1018 2537 1089 ingredientia,
2584 1021 2850 1091 diripiunt
2900 1037 3021 1091 quae
3073 1024 3376 1092 repererint
3418 1042 3488 1080 ne

1905 1109 2125 1176 quidem
2163 1113 2467 1179 gerentium
2504 1112 2748 1166 obsoniis
2784 1114 3087 1182 parcentia,
3121 1115 3321 1184 quibus
3361 1128 3491 1170 sunt

1907 1198 2112 1253 similes
2143 1202 2365 1269 quidam
2417 1200 2509 1271 qui
2557 1212 2848 1270 penetrant
2892 1204 3105 1269 domos,
3146 1214 3201 1258 et
3249 1206 3490 1275 captivas

1907 1294 2115 1348 ducunt
2153 1296 2502 1351 mulierculas
2535 1306 2790 1352 oneratas
2824 1298 3081 1367 peccatis,
3121 1314 3258 1369 quos
3294 1298 3490 1353 Paulus

1906 1390 2103 1459 arguit.
2139 1390 2338 1445 Vultur
2369 1392 2499 1447 rixis
2532 1402 2585 1446 et
2619 1393 2774 1447 bellis
2814 1396 3033 1462 gaudet,
3073 1402 3297 1464 propter
3326 1393 3490 1449 cada—

1906 1496 2032 1535 vera
2067 1483 2396 1552 prailiorum,
2430 1486 2482 1537 in
2510 1494 2717 1539 tantum
2747 1496 2807 1539 ut
2840 1486 3001 1540 etiam
3050 1494 3309 1556 sequatur
3334 1503 3491 1542 excr-

1906 1572 2097 1627 citum.
2131 1572 2249 1628 Non
2280 1590 2412 1645 ergo
2443 1584 2662 1644 oportet
2693 1575 2923 1629 aliorum
2954 1575 3172 1631 casibus
3204 1577 3353 1646 pasci
3407 1586 3495 1631 at-

1906 1678 2015 1731 que
2060 1664 2257 1718 nutriri
2306 1681 2430 1718 eum
2478 1665 2570 1735 qui
2617 1665 3063 1735 contemplationi
3108 1666 3201 1721 dat
3245 1684 3489 1737 operam.
3578 1694 3581 1695 ν

1906 1754 2125 1810 Corvini
2173 1772 2305 1838 vero
2339 1759 2556 1829 generis
2590 1759 2844 1814 animalia
2883 1769 3016 1815 sunt
3057 1760 3366 1817 all'ectionis
3395 1778 3490 1816 ex-

1908 1847 2102 1915 pertia,
2133 1851 2277 1918 quod
2321 1850 2674 1905 manifestum
2702 1861 2786 1905 est
2814 1867 2879 1906 ex
2912 1867 3001 1915 eo,
3028 1852 3171 1921 quod
3202 1854 3437 1907 emissus
3461 1872 3489 1906 a

226 1942 512 2002 postquam
585 1934 697 1990 Deo
762 1936 1091 2006 conjunctus
1159 1947 1279 2003 est,
1342 1939 1480 1994 ultra
1546 1942 1805 1995 servisset
1840 1916 1878 1973 u
1908 1939 2041 2003 Noe,
2069 1957 2133 1995 ex
2172 1942 2344 2011 prima
2384 1958 2509 1996 eum
2547 1958 2745 1998 corvus
2787 1943 3097 1999 avolationc
3126 1954 3494 2015 transgressus

228 2023 408 2077 idolis.

302 2114 463 2169 Vens.
501 2116 686 2173 {3-19.
722 2139 742 2172 ι
788 2119 914 2175 Ππο
963 2128 1091 2175 sunt
1135 2138 1255 2192 qua:
1291 2123 1359 2177 de
1394 2126 1588 2180 avibus
1622 2142 1804 2183 come-

222 2208 355 2263 dere
396 2226 505 2264 non
539 2212 770 2273 debetis.
800 2223 854 2268 et
888 2214 1100 2269 vitanda
1132 2226 1259 2271 sunt
1300 2219 1453 2272 vobis
1484 2238 1496 2271 :
1539 2222 1797 2289 aquilam,

226 2307 281 2352 et
307 2301 591 2370 gryphem,
620 2312 675 2356 et
704 2302 978 2358 halizetum
1007 2344 1021 2367 ,
1054 2315 1103 2357 et
1138 2304 1359 2358 milvum
1416 2321 1479 2360 ac
1511 2309 1802 2373 vulturem,

220 2391 379 2458 juxta
414 2406 588 2460 genus
627 2408 789 2447 suum
818 2409 832 2446 :
863 2402 917 2446 et
945 2408 1106 2446 omne
1143 2394 1351 2448 corvini
1399 2398 1613 2466 generis
1644 2397 1696 2451 in
1728 2398 1804 2452 si-

222 2480 590 2535 militudinem
634 2497 787 2536 suam
835 2499 847 2534 :
891 2484 1275 2547 struthionem,
1318 2494 1596 2551 noctuam,
1631 2496 1685 2541 et
1726 2488 1805 2540 la-

224 2588 367 2637 rum,
401 2583 456 2627 et
501 2574 816 2644 accipitrem
864 2576 1017 2644 juxta
1061 2591 1231 2646 genus
1281 2592 1464 2641 suum,
1505 2578 1803 2641 bubonem,

221 2674 280 2717 et
327 2668 654 2735 mergulum,
686 2677 742 2721 et
774 2667 909 2731 ibin,
945 2684 1197 2738 cycnum,
1233 2679 1288 2723 et
1324 2671 1719 2734 onocrotalum,
1750 2680 1811 2747 et

220 2757 674 2827 porphyrionem,
728 2759 1105 2825 herodionem,
1151 2770 1206 2816 et
1259 2763 1609 2817 charadrium
1650 2765 1805 2835 juxta

226 2860 398 2913 genus
434 2860 616 2909 suum,
651 2862 888 2917 upupam
916 2863 1156 2918 quoque,
1192 2860 1249 2903 et
1277 2851 1739 2920 vespertilionem.
1780 2871 1799 2901 ι

296 2934 408 2990 Nec
447 2953 637 2991 eorum
674 2940 765 3008 qui
800 2940 869 2995 ad
906 2942 1425 3012 contemplationem
1474 2953 1692 3007 vacant,
1726 2944 1806 2997 vi-

225 3036 337 3082 tam
386 3029 442 3081 in
490 3030 595 3083 hoc
652 3030 928 3102 legislator
980 3032 1345 3088 indiscussam
1405 3035 1657 3106 reliquit,
1711 3036 1808 3090 sed

222 3119 684 3186 quemadmodum
743 3120 799 3175 in
864 3121 1140 3177 oblatione
1228 3124 1616 3179 sacriﬁciorum
1684 3141 1806 3196 pro-

226 3211 406 3278 prium
432 3212 513 3265 eis
542 3213 674 3284 legis
702 3214 1002 3283 capitulum
1028 3216 1331 3286 deputavit,
1360 3218 1431 3271 ita
1451 3226 1508 3272 et
1537 3217 1591 3271 in
1625 3217 1805 3288 inqui-

220 3303 424 3356 sitione
485 3306 729 3360 ciborum
793 3307 931 3360 ﬁnes
982 3308 1061 3361 eis
1108 3308 1356 3377 proprios
1412 3309 1616 3374 dedit,
1668 3324 1806 3378 quos

229 3394 557 3459 producens,
603 3404 659 3448 et
713 3396 1074 3451 terribiliores
1123 3396 1349 3463 faciens,
1394 3415 1506 3452 non
1551 3400 1694 3454 sicut
1738 3401 1805 3454 de

231 3486 513 3551 pecmibus
543 3495 597 3539 et
634 3488 700 3541 de
736 3488 998 3557 piscibus,
1040 3490 1203 3543 etiam
1252 3492 1320 3545 de
1365 3492 1450 3544 his
1492 3492 1685 3547 sancit.
1730 3494 1804 3548 lbi

225 3577 371 3629 enim
404 3579 481 3631 ait
516 3598 527 3630 :
563 3579 683 3633 Htt'c
713 3591 832 3633 sunt
890 3582 1152 3634 animalia
1194 3600 1309 3652 qua:
1347 3586 1615 3638 comedere
1655 3586 1804 3639 debe-

223 3670 293 3722 tis
326 3672 389 3723 de
431 3673 630 3725 cunctis
675 3673 1036 3727 animantibus
1082 3685 1256 3728 terrm.
1296 3674 1359 3729 Et
1402 3692 1591 3730 rursus
1626 3697 1638 3730 :
1679 3677 1806 3731 Harc

229 3771 345 3812 sunt
392 3779 509 3830 qun-
556 3763 845 3831 gignuntur
895 3764 949 3815 in
998 3764 1168 3831 aquis,
1196 3774 1245 3816 et
1278 3765 1411 3817 uesci
1449 3766 1651 3818 licitum
1706 3777 1801 3820 est.

226 3851 325 3904 tlic
357 3862 538 3906 autem
577 3872 589 3906 :
628 3852 757 3906 Παίς
783 3866 904 3907 sunt
950 3872 1065 3924 qua:
1099 3856 1164 3909 de
1191 3857 1376 3910 avibus
1405 3859 1672 3911 comedere
1702 3876 1806 3912 non

219 3944 438 4004 debetis,
488 3955 537 3999 et
586 3948 804 4000 uitanda
843 3960 962 4001 sunt
1016 3949 1176 4002 vobis.
1218 3947 1354 4003 Vere
1400 3951 1805 4006 abominatione

218 4035 447 4103 dignum
497 4045 600 4101 est,
655 4047 711 4091 et
757 4038 912 4092 valde
967 4039 1111 4093 inter
1170 4041 1357 4095 illicita
1424 4051 1588 4113 atque
1642 4044 1805 4098 nimis

224 4125 471 4182 evitanda
502 4130 1031 4194 connumerandum,
1050 4132 1496 4201 contemplationi
1522 4140 1802 4188 vacantem

224 4219 533 4287 quempiam
589 4230 785 4289 sponte
834 4221 969 4276 tales
1023 4222 1224 4277 habere
1280 4224 1518 4279 maculas
1552 4266 1567 4288 ,
1616 4225 1805 4295 quales

218 4326 320 4379 per
386 4312 759 4368 dinumeratas
828 4328 957 4369 aves
1027 4313 1303 4387 legislator
1366 4316 1669 4387 signiﬁcat;
1728 4316 1805 4371 ait

221 4418 367 4457 enim
413 4421 429 4458 ε

291 4518 558 4588 Aquilam,
592 4529 640 4573 et
684 4522 956 4591 gryphem,
983 4532 1032 4575 et
1089 4523 1327 4577 aliwtum
1352 4565 1367 4587 ,
1409 4535 1455 4578 et
1483 4526 1698 4579 miluum
1742 4542 1804 4579 ac

1905 2043 2007 2096 est,
2035 2033 2120 2086 cui
2157 2033 2350 2088 similis
2408 2032 2578 2090 Judas
2624 2037 2767 2090 circa
2816 2052 2978 2091 suum
3028 2038 3345 2109 magistrum
3392 2037 3494 2093 fuit

1903 2133 1958 2177 et
2003 2124 2313 2179 Dominum.
2367 2124 2616 2180 Strutbio
2669 2126 2787 2180 avis
2832 2126 3051 2196 quidem
3109 2137 3211 2194 est,
3257 2128 3353 2183 sed
3392 2146 3492 2184 vo-

1905 2216 2016 2270 lare
2052 2232 2162 2271 non
2195 2226 2395 2285 potest,
2426 2225 2705 2287 totamque
2732 2218 2897 2272 vitam
2926 2235 3080 2275 suam
3110 2220 3257 2275 circa
3288 2229 3488 2275 terram

1904 2320 2158 2379 occupat,
2210 2310 2401 2380 quales
2447 2322 2579 2367 sunt
2628 2312 2850 2382 quidam
2906 2312 3019 2368 Deo
3070 2313 3387 2379 militantes,
3437 2326 3493 2367 et.

1905 2401 2088 2456 saeculi
2124 2417 2182 2456 se
2217 2403 2451 2473 negotiis
2492 2403 2858 2473 implicantcs.
2906 2404 3171 2459 Noctuam
3206 2420 3359 2470 vero,
3390 2421 3491 2477 pro

1904 2510 2011 2563 qua
2042 2493 2399 2565 Septuaginta
2429 2495 2647 2564 γλαῦκα
2673 2498 2949 2566 dixerunt,
2972 2499 3116 2553 hanc
3142 2506 3397 2554 asserunt
3435 2500 3490 2553 in

1905 2595 2068 2640 nocte
2092 2587 2237 2641 acuti
2259 2602 2383 2641 esse
2412 2589 2581 2653 visus,
2605 2588 2718 2643 sole
2752 2599 2932 2645 autem
2967 2601 3284 2662 apparente,
3309 2593 3490 2647 minus

1910 2675 2146 2731 utilitate
2172 2678 2453 2733 oculorum
2486 2678 2613 2734 frui.
2639 2678 2798 2735 Tales
2823 2691 2953 2735 sunt
2972 2682 3066 2751 qui
3095 2682 3230 2753 legis
3254 2684 3489 2754 glorian-

1912 2779 2000 2824 tur
2042 2772 2505 2840 contemplatione
2540 2781 2597 2826 et
2633 2774 2883 2839 scientia,
2945 2774 3121 2829 lucem
3165 2776 3493 2846 evangeliea:

1909 2864 2341 2918 conversationis
2385 2880 2581 2934 capere
2631 2881 2741 2919 non
2787 2866 3052 2921 valentes.
3089 2867 3262 2921 Larus
3291 2867 3491 2921 animal

1908 2964 1994 3008 est
2040 2954 2093 3007 in
2149 2963 2384 3024 utroque
2435 2955 2648 3021 vivens,
2683 2956 2735 3011 id
2784 2966 2869 3012 est
2920 2974 3058 3028 aqua
3106 2968 3162 3013 et
3204 2970 3369 3025 terra,
3400 2959 3495 3029 qui

1907 3047 2051 3101 sicut
2092 3047 2211 3102 avis
2254 3047 2477 3117 quidem
2524 3048 2688 3115 volat,
2722 3059 2782 3103 ut
2821 3050 3059 3120 aquatile
3099 3060 3283 3106 autem
3318 3062 3489 3107 natat.

1908 3138 2006 3194 Cui
2037 3155 2146 3195 non
2182 3141 2321 3196 male
2354 3150 2742 3211 comparantur
2785 3142 2861 3207 hi,
2892 3143 2985 3213 qui
3029 3142 3191 3198 simul
3235 3143 3493 3199 cicumci-

1908 3232 2117 3287 sionem
2187 3242 2519 3288 venerantur
2565 3244 2619 3289 et
2670 3234 2960 3305 baptisma,
2998 3237 3067 3291 ad
3114 3253 3253 3307 quos
3294 3236 3496 3292 Paulus

1909 3326 2041 3379 dicit
2076 3344 2087 3377 :
2129 3324 2187 3380 Si
2234 3327 2701 3393 circumcidcmini,
2733 3327 2971 3382 Christus
3019 3328 3161 3383 vobis
3204 3330 3338 3384 nihil
3371 3347 3497 3399 pro-

1910 3421 2019 3470 dest
2051 3419 2116 3471 ³⁵.
2144 3418 2420 3487 Accipiter
2451 3419 2591 3472 inter
2622 3434 2846 3488 rapaces
2886 3435 3015 3475 aves
3054 3429 3157 3486 est,
3188 3422 3353 3477 habet
3391 3438 3492 3477 au-

1913 3521 2019 3563 tem
2059 3511 2314 3580 quiddam
2348 3510 2516 3571 aliml,
2558 3520 2783 3581 propter
2814 3512 2958 3581 quod
2993 3529 3023 3567 a
3056 3514 3364 3585 legislatore
3391 3531 3494 3585 po-

1909 3601 2045 3655 situs
2070 3611 2174 3666 est,
2213 3603 2545 3657 iiiansuescit
2589 3603 2812 3672 quippe,
2846 3614 2901 3657 et
2934 3616 3259 3674 cooperatur
3292 3606 3359 3662 ad
3404 3623 3493 3662 ra-

1908 3694 2221 3764 pacitatem.
2256 3696 2427 3760 Quem
2462 3696 2747 3749 imitzmtur
2774 3695 2828 3748 bi
2855 3696 2947 3765 qui
2972 3697 3242 3752 mansueti
3270 3698 3492 3767 quidem

1908 3787 2164 3839 videntur
2196 3802 2335 3849 esse,
2368 3796 2423 3840 et
2455 3802 2618 3841 sensu
2667 3789 2965 3856 tranquilli,
3000 3797 3128 3843 sunt
3155 3800 3336 3844 autem
3367 3806 3491 3846 cum

1910 3879 2246 3947 potentibus,
2280 3889 2336 3932 et
2367 3879 2568 3944 avaris,
2597 3889 2763 3949 atque
2823 3881 3130 3952 rapacibus.
3172 3882 3493 3953 Nycticorax

1906 3970 2104 4023 animal
2137 3980 2241 4032 cst,
2276 3970 2420 4038 quod
2457 3970 2512 4023 in
2543 3981 2706 4026 nocte
2740 3972 3120 4027 tantummodo
3157 3974 3300 4044 repit
3329 3984 3493 4044 atque

1906 4070 2216 4130 operatur:
2262 4062 2403 4115 sicut
2451 4071 2582 4116 sunt
2630 4072 2851 4133 gentes,
2900 4063 3267 4135 intelligibiles
3316 4071 3493 4121 noctis

1905 4154 2183 4223 operibus,
2218 4170 2339 4223 quae
2383 4166 2512 4209 sunt
2556 4155 2869 4220 fornicatio,
2906 4156 3275 4232 immunditia,
3312 4158 3493 4229 impu-

1905 4245 2112 4309 dicitia,
2144 4245 2412 4299 idolorum
2440 4246 2641 4308 cultus,
2671 4256 2727 4301 et
2756 4247 2843 4301 his
2879 4247 3103 4302 similia.
3140 4248 3247 4303 Ibis
3279 4258 3335 4304 et
3364 4264 3494 4319 por-

1906 4339 2136 4410 phyrion
2192 4349 2247 4394 et
2283 4355 2444 4410 quem
2487 4338 2843 4410 Septuaginta
2875 4340 3161 4395 nominant
3188 4341 3489 4411 pelicanus,

1904 4441 1960 4486 et
2003 4448 2228 4502 cycnus,
2281 4440 2339 4486 et
2388 4431 2669 4496 herodius,
2719 4439 2773 4486 et
2820 4431 3134 4497 charadius,
3172 4433 3316 4504 longi
3366 4448 3491 4488 esse

1905 4524 2054 4587 colli,
2084 4524 2413 4592 trahereque
2455 4522 2637 4576 cibum
2679 4536 2748 4575 ex
2782 4522 3071 4578 altitudine
3127 4532 3289 4578 terra:
3326 4533 3491 4593 atque

214 4606 477 4660 vulturem
522 4608 682 4678 juxta
734 4626 895 4679 genus
953 4627 1126 4667 suum.
1192 4614 1455 4682 Rapaces,
1500 4622 1555 4667 et
1610 4614 1791 4667 cibum
1829 4623 1871 4677 ι)
1901 4631 2165 4685 aquarum
2209 4615 2514 4669 dicuntur:
2551 4629 2671 4680 qua:
2704 4613 2962 4667 animalia
3005 4614 3207 4669 imitari
3248 4626 3488 4685 oportet,

213 4702 455 4755 alienum
524 4702 663 4758 male
733 4713 1042 4773 sectantes,
1108 4707 1516 4778 quiestibusque
1578 4709 1796 4779 injustis

215 4792 539 4863 gaudentes.
574 4810 671 4862 per
700 4795 954 4864 prasdicta
989 4796 1276 4867 signiﬁcat.
1307 4795 1443 4863 Quia
1483 4796 1631 4851 enim
1671 4797 1797 4867 qui-

214 4884 341 4935 dam
379 4883 734 4938 inveniuntur
764 4885 818 4938 in
850 4886 1127 4951 Ecclesiis,
1159 4886 1302 4942 inter
1330 4903 1427 4941 eos
1462 4888 1555 4957 qui
1601 4898 1797 4953 putan-

214 4984 307 5027 tur
353 4975 797 5044 contemplationi
848 4991 1071 5047 operam
1117 4978 1269 5040 dare,
1306 4977 1398 5047 qui
1444 4994 1553 5033 non
1600 4994 1797 5048 quem-

207 5066 505 5120 admodum
552 5069 775 5133 debent,
816 5069 885 5123 ad
931 5070 1035 5125 hoc
1071 5083 1286 5135 vacant,
1331 5071 1425 5126 sed
1475 5071 1677 5127 frustra
1712 5072 1799 5126 in-

207 5158 433 5220 ﬂantur,
472 5161 599 5215 audi
631 5159 858 5215 Paulum
890 5162 1161 5217 dicentem
1200 5181 1213 5217 :
1244 5162 1301 5218 Si
1331 5164 1446 5235 quis
1479 5163 1590 5216 alia
1626 5165 1797 5225 docet,

204 5260 261 5304 et
309 5267 409 5303 non
461 5253 747 5322 acquiescit
794 5255 940 5308 sanis
992 5255 1315 5309 sermonibus
1365 5255 1580 5309 Domini
1634 5256 1798 5309 nostri

204 5340 335 5393 Jesu
365 5339 580 5404 Christi,
608 5352 656 5396 et
686 5343 735 5396 ei
762 5344 854 5414 qui
886 5345 1172 5400 secundum
1209 5348 1459 5415 pietatem
1493 5355 1567 5399 est
1599 5348 1797 5400 doctri-

208 5449 314 5496 me,
356 5435 605 5503 superbus
646 5445 744 5500 est,
789 5437 922 5490 nihil
972 5439 1159 5503 sciens,
1207 5438 1298 5493 sed
1350 5440 1605 5511 languens
1654 5440 1793 5493 circa

205 5527 521 5594 qua'stiones
569 5537 617 5581 et
661 5545 867 5599 pugnas
907 5531 1201 5595 verborum,
1233 5549 1297 5586 es:
1328 5533 1515 5604 quibus
1553 5534 1797 5587 oriuntur

204 5618 446 5683 incidite,
479 5622 850 5683 contentiones,
880 5621 1234 5692 blasphemiae,
1259 5626 1583 5693 suspiciones
1614 5625 1793 5688 mala’,

206 5708 628 5777 conﬂictationem
652 5712 922 5766 hominum
949 5724 1118 5768 mente
1143 5726 1532 5783 corruptorum,
1561 5726 1610 5769 ct
1636 5716 1726 5785 qui
1762 5732 1794 5767 a

271 5861 317 5894 ³³
366 5884 385 5938 ι
428 5884 554 5941 Cor.
607 5904 660 5951 ν,
696 5888 780 5943 ll.
861 5891 905 5921 ’⁸
934 5888 952 5942 l
981 5887 1120 5945 Tim.
1156 5908 1230 5955 vt,
1262 5893 1318 5956 ἦ,
1351 5894 1404 5947 4.

1484 5895 1527 5925 ’³
1560 5893 1735 5947 Calat.
1778 5909 1831 5957 τ,
1866 5892 1921 5948 ξὶ.

1902 4723 2007 4763 nec
2028 4708 2096 4762 de
2123 4706 2472 4761 interioribus
2488 4706 2724 4761 evellere
2737 4705 2942 4770 cibum,
2959 4706 3054 4761 sed
3071 4707 3139 4761 de
3154 4707 3489 4763 cmlestibus.

1906 4799 2000 4854 Ille
2026 4798 2297 4870 siquidem
2325 4796 2775 4867 contemplationi
2800 4808 2974 4862 vacat,
2998 4797 3091 4867 qui
3116 4798 3183 4852 ad
3207 4800 3491 4869 superiora

1906 4901 2092 4946 mente
2124 4890 2427 4954 contendit,
2463 4899 2521 4944 et
2560 4904 2671 4943 non
2721 4889 2897 4944 solum
2938 4890 3355 4958 intelligibilem.
3393 4892 3493 4947 sed

1909 4988 1966 5033 et
1996 4978 2311 5033 sensibilem
2340 4977 2523 5032 cibum
2557 4995 2586 5029 a
2622 4976 2734 5030 Deo
2757 4984 3070 5045 exspectat:
3106 4977 3250 5031 unde
3275 4979 3355 5032 ait
3386 4975 3501 5056 Do-l

1910 5070 2091 5125 minus
2117 5089 2131 5123 :
2158 5069 2335 5123 Nolite
2361 5068 2572 5122 solliciti
2600 5084 2708 5122 esse
2732 5070 2931 5122 animle
2954 5078 3160 5135 vestrae,
3187 5070 3314 5141 quid
3338 5086 3493 5123 man-

1907 5161 2128 5222 ducetis,
2143 5176 2307 5231 neque
2333 5159 2562 5228 corpori,
2578 5158 2706 5225 quid
2731 5158 3033 5213 induamini
3059 5176 3078 5214 :
3098 5161 3198 5216 scit
3221 5161 3359 5214 enim
3382 5160 3491 5214 Pa-

1906 5262 1986 5305 ter
2028 5262 2194 5305 vester
2225 5249 2462 5314 caelestis,
2499 5251 2626 5319 quia
2673 5250 2916 5303 omnibus
2961 5250 3041 5303 his
3087 5265 3291 5305 necesse
3331 5252 3492 5305 habe-

1905 5346 1972 5398 tis
1995 5345 2060 5397 ”.
2096 5342 2288 5413 Upupa
2318 5342 2547 5413 lugubre
2573 5342 2774 5396 animal
2800 5357 3101 5412 amansque
3129 5344 3335 5397 luctum
3367 5349 3450 5397 est
3474 5360 3489 5396 :

1904 5435 2089 5491 seculi
2136 5443 2321 5489 autem
2376 5433 2596 5489 tristitia
2649 5442 2881 5488 mortem
2931 5442 3208 5503 operatur.
3260 5432 3493 5503 Pr0pter

1904 5529 2049 5597 quod
2094 5535 2314 5597 oportet
2350 5541 2477 5581 eum
2522 5526 2615 5596 qui
2658 5524 2833 5596 diligit
2883 5525 3055 5580 Deum
3107 5540 3326 5595 semper
3359 5541 3495 5597 gau-

1904 5621 2054 5685 dere,
2089 5620 2207 5674 sine
2251 5619 2661 5673 intermissione
2699 5634 2877 5684 orare,
2913 5618 2967 5672 in
3003 5618 3261 5672 omnibus
3290 5617 3493 5688 gratias

1904 5729 2067 5785 agere
2098 5733 2111 5766 :
2145 5713 2272 5782 quia
2311 5711 2570 5781 gaudium
2621 5710 2833 5765 fructus
2861 5716 2947 5765 est
2980 5709 3227 5780 spiritus.
3257 5707 3493 5779 Vesper-

2012 5894 2058 5924 "
2088 5890 2279 5946 Matth.
2310 5906 2383 5955 γι,
2416 5888 2507 5955 5|,
2538 5888 2630 5943 '59..
