4218 6450
723 396 810 461 911
1909 387 2267 449 HESYCH-Il
2308 383 2767 443 PRESBYTER]

3877 385 3980 445 9i!

725 522 936 570 artiums
971 517 1108 568 circa
1145 520 1340 565 terram
1378 504 1573 563 volant,
1598 500 1669 553 ita
1705 510 1762 551 ut
1786 499 1980 567 pennis
2015 510 2114 563 pro
2147 492 2296 563 pedi-
2331 508 2371 560 Α
2402 490 2495 544 sed
2528 499 2729 543 tamen.
2758 491 2881 558 quia
2913 505 3019 541 non
3055 491 3351 544 secundum
3387 491 3702 558 veritatem,
3727 496 3983 548 socialem

723 614 822 661 bus
852 618 1073 660 utantur
1101 598 1316 671 quando
1349 592 1627 647 ambulant
1668 610 1679 641 :
1719 588 1863 658 quod
1906 585 2185 656 indignum
2218 590 2301 634 Csl

722 704 773 753 in
824 700 904 751 eis
953 697 1043 766 qui
1082 686 1529 759 contemplationi
1581 684 1712 737 dant
1763 693 1984 749 operam
2020 694 2032 729 :
2068 686 2300 744 quorum

722 792 867 841 enim
906 798 985 839 est
1036 784 1246 837 volatus
1288 782 1430 833 circa
1482 788 1703 836 terram,
1735 771 1929 823 horum
1965 767 2129 820 etiam
2169 778 2301 816 con-

726 882 1003 950 lt-mplaliu
1035 878 1223 948 procul
1256 874 1421 925 dubio
1461 870 1516 921 in
1559 864 1791 920 terrenis
1821 867 2139 929 occupatur.
2174 856 2300 950 bon

724 948 851 1042 ergo
892 970 1203 1025 incredulus
1250 967 1325 1019 sis
1376 978 1476 1016 uec
1518 959 1756 1020 dubites,
1790 954 1932 1025 quod
1969 953 2083 1042 hinc
2114 948 2298 1042 etiam,

724 1036 844 1130 quvae
890 1075 1034 1113 nunc
1068 1059 1411 1109 dinumerata
1442 1060 1589 1113 sunt,
1630 1046 1902 1107 animalia,
1934 1041 2001 1095 ad
2032 1036 2301 1094 ostensio-

724 1170 847 1207 ncni
880 1154 1213 1222 ﬁguramque
1242 1162 1455 1209 eorum,
1486 1160 1513 1196 a
1543 1142 1740 1210 quibus
1780 1136 2056 1191 abstinere
2100 1130 2303 1185 debent

722 1241 1169 1314 contemplationi
1210 1246 1484 1300 vacantes,
1520 1233 1700 1303 posuit
1738 1229 2029 1300 legislator.
2078 1224 2181 1279 Sed
2218 1223 2302 1276 in—

722 1341 877 1409 quies
908 1357 920 1392 :
958 1336 1242 1403 Quomodo
1277 1336 1468 1385 horum
1502 1326 1816 1380 animalium
1849 1337 1956 1375 non
1988 1320 2163 1380 cibus,
2205 1315 2301 1369 sed

723 1406 956 1486 imitatio
1003 1428 1366 1499 prohibetur,
1415 1437 1537 1475 cum
1581 1418 1830 1487 pelicano
1874 1422 1930 1466 et
1976 1406 2299 1481 nthicoraci

725 1524 891 1576 David
942 1520 1209 1590 propheta
1257 1513 1610 1580 semetipsum
1656 1500 2023 1573 comparavit,
2065 1499 2296 1590 dicens-1

727 1588 1135 1682 Similisifactus
1168 1609 1403 1677 pelicano
1440 1619 1577 1664 sum,
1610 1603 1778 1669 [actus
1820 1612 1933 1648 sum
1973 1594 2105 1645 sicut
2136 1588 2301 1659 nycti-

726 1724 886 1760 corax
925 1708 979 1758 in
1020 1700 1283 1757 domicilio
1310 1699 1391 1751 ‘7‘!
1439 1695 1541 1749 Per
1587 1692 1817 1762 aquilam
1870 1698 2048 1741 autem
2095 1682 2303 1751 Moyses

728 1801 904 1868 ipsum
955 1792 1225 1865 signiﬁcat
1271 1790 1465 1851 Deum,
1497 1787 1767 1838 dicentem
1813 1778 1877 1831 ad
1920 1775 2081 1829 lsrael
2116 1792 2126 1825 :
2161 1773 2302 1868 ρηο-

729 1864 879 1944 iundo
918 1864 1234 1958 portat'crim
1273 1898 1357 1933 ros
1390 1896 1546 1947 super
1583 1875 1700 1927 alas
1731 1869 2032 1942 aquilarum
2062 1866 2140 1917 ’3?
2170 1864 2301 1917 Nam

724 1995 777 2039 et
829 1982 1108 2050 prophetzc.
1169 1978 1380 2027 leonem
1423 1970 1699 2023 Christum
1753 1962 2045 2032 appellant,
2088 1959 2299 2011 leonem

726 2085 907 2126 autent
935 2087 963 2123 e
987 2070 1204 2123 diverso
1237 2079 1357 2119 esse
1400 2062 1591 2115 l‘etrus
1630 2056 1900 2111 diabolum
1935 2052 2061 2105 dicit
2086 2051 2165 2113 ”;
2199 2064 2299 2100 nec.

729 2180 905 2220 tamen
942 2164 1240 2216 secundum
1274 2158 1375 2210 hoc
1406 2155 1491 2207 leo
1538 2150 1806 2210 Christus,
1831 2145 2129 2199 secundum
2158 2139 2299 2209 quod

727 2253 972 2308 diabolus
1006 2252 1222 2305 dicitur.
1258 2245 1413 2300 Absit
1456 2259 1484 2297 a
1550 2240 1727 2299 nobis,
1765 2238 1906 2292 absit
1960 2235 2059 2286 ista
2110 2231 2301 2300 impie-

733 2363 812 2402 tas
846 2366 858 2401 :
894 2347 985 2399 sed
1018 2344 1143 2412 quia
1188 2340 1345 2395 simul
1390 2336 1618 2406 regium,
1656 2346 1870 2386 necnon
1919 2343 2103 2397 rapax,
2144 2335 2303 2393 atque

732 2443 935 2495 numite
964 2448 1045 2492 est
1073 2434 1295 2496 animal,
1328 2444 1559 2499 cumque
1592 2426 1908 2495 dignitatem
1956 2419 2301 2479 laudabilem,

735 2529 1143 2599 rituperabilcm
1184 2533 1366 2576 tamen
1404 2519 1774 2588 operationem
1807 2523 1976 2584 gerat,
2011 2511 2154 2581 quod
2186 2509 2305 2577 qui-

732 2626 853 2674 dem
899 2617 1164 2672 laudabile
1211 2615 1393 2676 habet,
1426 2614 1527 2665 hoc
1565 2611 1617 2663 in
1653 2607 1853 2663 Christi
1905 2620 2068 2675 regno
2108 2602 2306 2671 accipi~

738 2728 839 2776 :ur,
878 2713 1021 2780 quod
1054 2719 1234 2762 autem
1261 2703 1641 2774 vituperabile,
1675 2701 1728 2753 in
1760 2697 1995 2760 diabolo,
2029 2697 2079 2748 id
2110 2703 2193 2749 est
2223 2711 2308 2746 ra-

736 2807 960 2875 pacitas,
993 2801 1456 2856 iimuansuetuilo.
1506 2795 1660 2861 Quod
1706 2804 1761 2847 et
1813 2793 1865 2846 in
1915 2790 2091 2859 aquila
2134 2787 2308 2841 consi-

736 2903 1014 2958 derant-2:,
1049 2896 1167 2948 sine
1200 2894 1376 2961 aliqua
1418 2890 1693 2943 dubietate
1730 2885 2056 2954 reperimus,
2090 2890 2311 2951 propter

736 2992 1079 3045 altitudinem
1132 2986 1279 3038 enim
1337 2982 1548 3036 volatus
1599 2978 1754 3047 ejus,
1812 2975 2033 3047 ﬁguram
2085 2972 2204 3041 ejus
2256 2970 2308 3022 in

741 3092 906 3136 ilt‘lllll
960 3078 1191 3147 sumpsit
1234 3073 1472 3144 Moyses;
1514 3070 1638 3139 quia
1702 3082 1829 3120 vero
1881 3079 2066 3134 rapax,
2114 3078 2143 3114 a
2192 3062 2311 3115 cibo

746 3191 854 3245 qus
882 3170 1264 3226 abstinendum
1300 3166 1453 3218 dixit.
1488 3161 1757 3229 Propheta
1789 3168 1967 3211 autem
2012 3155 2198 3212 David.
2233 3154 2303 3206 lu,

739 3236 869 3331 grus
911 3264 1185 3314 hominem
1234 3272 1286 3307 in
1325 3263 1544 3321 peccato
1582 3250 1957 3304 constitutum,
1990 3248 2309 3314 ll}'CllCt)l‘80l
2341 3236 2381 3291 C
2419 3250 2604 3314 μυὶίυιε
2659 3249 2887 3316 pedibus

744 3362 909 3407 hunc.
951 3352 1087 3402 sicut
1128 3350 1179 3398 in
1221 3353 1379 3397 nocte
1416 3340 1702 3392 viventem.
1746 3336 2070 3405 comparavit
2112 3334 2175 3383 ³⁰.
2214 3333 2312 3385 Per

742 3443 1047 3511 pelicanum
1100 3443 1281 3489 autem
1349 3440 1533 3499 utpote
1579 3446 1662 3497 νισι
1715 3427 1912 3480 animal
1954 3440 2142 3477 amans
2188 3423 2304 3476 soli-

742 3535 1007 3588 tudinem,
1045 3529 1291 3597 liguravit
1330 3538 1472 3581 eum.
1505 3525 1595 3589 qui
1646 3520 1823 3572 forsan
1874 3517 2062 3571 amicis
2105 3516 2305 3569 desola-

744 3642 827 3677 tus
862 3635 961 3683 est,
990 3630 1083 3675 aut
1105 3625 1369 3687 cognatis.
1402 3614 1741 3679 aliorumque
1768 3609 2024 3663 similium
2057 3608 2312 3661 societate

742 3722 1032 3769 destitutus
1770 3708 1783 3739 ⁸

817 3808 972 3860 Vsus.
1005 3803 1193 3859 20-22.
1231 3823 1247 3853 ‹
1284 3804 1455 3856 Omne
1498 3798 1565 3852 de.
1601 3798 1929 3855 volucribus,
1962 3794 2103 3863 quod
2138 3792 2307 3863 gradi-

744 3914 829 3953 tur
878 3912 1039 3967 super
1088 3904 1318 3966 quatuor
1360 3894 1543 3962 pedes,
1587 3888 1950 3943 abominabile
1990 3888 2091 3939 erit
2137 3884 2311 3937 vobis.

740 3991 1014 4060 Quidquid
1058 3999 1240 4043 autem
1275 3986 1515 4040 ambulat
1539 3983 1755 4053 quidem
1790 3995 1956 4050 super
1988 3980 2152 4049 pedes
2180 3991 2316 4045 qua—

744 4096 883 4147 tuor,
920 4083 1012 4137 sed
1050 4080 1215 4135 habet
1252 4078 1479 4149 largiora
1519 4084 1663 4129 retro
1700 4089 1878 4136 crura,
1915 4087 2008 4140 per
2036 4084 2157 4139 quae
2196 4068 2317 4123 salit

742 4191 908 4241 super
944 4185 1165 4234 terram,
1193 4171 1478 4225 comedere
1508 4166 1737 4230 debetis,
1781 4175 1840 4218 ut
1872 4172 1956 4217 est
1989 4162 2229 4216 bruchus
2262 4160 2315 4212 in

741 4280 941 4336 genere
970 4278 1088 4327 suo,
1120 4270 1351 4324 attaeus,
1374 4267 1536 4327 atque
1568 4254 1963 4327 ephiomaehus
1993 4266 2056 4305 ac
2086 4252 2313 4315 locusta,

742 4358 950 4428 singula
974 4356 1125 4423 juxta
1158 4366 1329 4424 genus
1359 4363 1539 4404 suum.
1583 4366 1600 4397 ι

812 4454 895 4504 Ab
946 4448 1094 4503 omni
1143 4444 1375 4501 mundos
1418 4456 1539 4496 esse
1596 4450 1849 4511 peccato,
1897 4447 2060 4507 atque
2104 4435 2317 4490 actione

744 4544 980 4607 sordida,
1014 4556 1109 4595 eos
1135 4540 1229 4609 qui
1262 4534 1737 4604 contemplativam
1770 4533 1934 4587 vitam
1971 4530 2313 4600 pollicentur,

743 4642 981 4703 oportet.
1023 4630 1313 4700 Propterea
1366 4625 1675 4696 quicunque
1732 4622 1948 4693 quidem
2006 4620 2316 4674 volatilibus

745 4723 951 4776 similes
983 4726 1133 4783 sunt,
1160 4730 1524 4787 supernorum
1551 4714 1805 4768 videlicet
1831 4710 2041 4780 assequi
2071 4717 2318 4764 contem-

747 4812 1039 4881 plationem
1080 4808 1481 4879 promittentes,
1528 4820 1648 4874 qure
1696 4804 1849 4858 ducit
1891 4802 1956 4856 ad
1999 4800 2187 4863 caelos,
2224 4800 2319 4854 sed

753 4904 1032 4973 reptilibus
1065 4909 1472 4969 comparantur,
1515 4898 1641 4967 quia
1685 4896 2052 4965 depascuntur
2096 4903 2317 4954 terram,

751 5007 803 5055 et
832 4994 1289 5066 concupiscentiis
1318 5004 1542 5061 operam
1576 4992 1729 5054 dant,
1759 4988 1974 5042 etiamsi
2004 4987 2058 5039 in
2090 4993 2323 5055 quatuor

748 5091 1030 5148 ambulant
1062 5086 1251 5159 pedes,
1283 5087 1335 5139 id
1369 5094 1473 5150 est,
1509 5084 1610 5139 etsi
1653 5082 2019 5152 evangelicain
2065 5078 2325 5132 simulant

751 5183 1216 5257 praedicationem,
1251 5194 1373 5249 quae
1407 5177 1543 5231 dixit
1573 5194 1584 5228 :
1619 5176 1735 5229 Non
1764 5174 1878 5227 veni
1920 5188 2106 5226 vocare
2126 5171 2319 5240 justas,

747 5281 838 5333 sed
866 5285 1159 5348 peccatores
1195 5274 1264 5327 ad
1311 5270 1668 5340 paenitentiam
1701 5267 1765 5330 ",
1813 5275 1866 5319 ct
1912 5283 1922 5317 :
1978 5263 2095 5316 Non
2135 5263 2323 5315 habent

748 5385 951 5422 necesse
990 5367 1106 5419 sani
1138 5365 1334 5418 medico
1355 5405 1368 5429 ,
1406 5362 1495 5415 sed
1536 5360 1625 5431 qui
1668 5358 1803 5412 male
1834 5358 2023 5410 habent
2056 5356 2120 5419 ",
2155 5372 2181 5408 a
2216 5372 2323 5425 quo

749 5465 885 5514 latro
927 5458 1165 5514 salvatus
1192 5464 1293 5519 est,
1324 5463 1379 5508 et
1415 5453 1656 5507 adultera
1689 5449 1980 5519 justilieata
2013 5459 2117 5510 est,
2147 5458 2200 5501 et
2232 5449 2321 5517 qui.

748 5556 869 5625 plus
908 5552 1199 5613 debebant,
1230 5548 1350 5619 plus
1372 5546 1595 5617 diligere
1626 5545 1993 5614 ignoscentem
2030 5543 2319 5608 dicuntur;

845 5733 886 5761 ³⁷
919 5730 1056 5783 νάειιι.
1111 5746 1181 5791 cr,
1239 5729 1288 5783 7.
1395 5729 1441 5759 "'
1503 5726 1676 5780 Exod.
1714 5743 1820 5787 xu,
1866 5730 1915 5780 vi.

756 5806 835 5857 l-2.
948 5803 991 5832 ”
1029 5803 1129 5854 lsa.
1164 5815 1276 5859 Lut,
1313 5798 1376 5855 Ως
1437 5796 1454 5849 l
1493 5797 1635 5851 l’etr.
1670 5815 1725 5859 ll,
1758 5803 1848 5852 ‘22:.

744 5891 831 5937 ut,
867 5874 947 5927 l6.
1043 5872 1104 5902 ³⁷’
1138 5870 1322 5924 Matth.
1364 5886 1515 5939 xviv,
1546 5868 1629 5922 12.

2019 5727 2064 5757 ”
2098 5724 2113 5776 1
2148 5724 2291 5777 Pctr.
2326 5744 2376 5787 v,
2412 5729 2461 5779 8.

1959 5798 1999 5827 3‘
2034 5796 2190 5848 Cant.
2246 5812 2307 5861 ll,
2340 5802 2389 5849 8.

2402 584 2807 652 amplectuntur
2843 586 3037 646 vitam,
3075 584 3375 637 abutuntur
3400 594 3583 638 autem
3617 591 3987 656 cornpastione

2406 670 2808 737 przcdicationis
2840 687 2941 740 pro
2989 672 3103 727 suis
3134 675 3525 743 voluptatibus,
3557 677 3821 732 immundi
3861 691 3988 733 sunt

2402 770 2564 829 atque
2612 760 3027 825 abominabiles,
3082 772 3268 831 utpote
3318 764 3410 831 qui
3463 766 3514 817 iu
3564 766 3653 818 tali
3696 782 3988 821 conversa-

2405 852 2571 921 tione,
2614 862 2669 905 et
2714 854 2767 905 in
2814 854 2901 905 tali
2945 854 3193 915 scientia,
3222 864 3435 923 turpem
3474 858 3762 925 quamdam
3809 860 3990 929 ingre-

2401 941 2628 996 diuntur
2676 954 2730 995 et
2775 944 3109 996 immundam
3168 946 3349 999 vitam.
3392 946 3602 1009 Quibus
3645 958 3830 1001 autem
3862 961 3986 1002 sunt

2402 1052 2563 1089 crura
2608 1036 2927 1097 excelsiora,
2964 1046 3020 1089 ut
3064 1053 3157 1105 per
3200 1054 3262 1090 ea
3301 1038 3555 1091 exsiliant
3592 1055 3623 1091 a
3656 1048 3825 1099 lena,
3850 1042 3991 1093 inter

2404 1129 2605 1181 munda
2632 1138 2915 1196 propterea
2938 1131 3391 1197 ponuntur,qnia,
3414 1146 3538 1183 cum
3572 1132 3681 1184 sint
3714 1134 3765 1183 in
3798 1148 3989 1195 carne,

2405 1237 2513 1275 non
2552 1224 2851 1276 secundum
2882 1236 3106 1275 carnem
3150 1222 3403 1285 milium,
3435 1223 3529 1277 sed
3560 1238 3589 1275 a
3620 1224 3859 1277 sordidis
3896 1240 3990 1277 ex—

2405 1312 2595 1366 siliunt
2638 1313 2968 1373 actionibus,
3027 1322 3079 1364 et
3134 1313 3486 1367 saecularibus
3555 1315 3891 1377 hominibus,
3934 1328 3993 1367 ut

2405 1405 2637 1459 doceant
2668 1421 2762 1457 eos
2794 1414 2955 1474 atque
2994 1406 3283 1471 instruant,
3333 1406 3736 1475 permiscentur
3768 1427 3780 1460 :
3812 1411 3888 1461 ita
3936 1422 3994 1461 ut

2408 1507 2464 1551 et
2493 1512 2616 1550 cum
2648 1496 2911 1549 adulteris
2950 1497 3260 1565 aliquando,
3301 1509 3353 1551 et
3385 1515 3509 1554 cum
3547 1500 3861 1569 publicanis
3896 1502 3993 1552 ba-

2405 1592 2602 1656 bitcnt,
2627 1603 2675 1643 et
2706 1602 2883 1644 tamen
2918 1592 3213 1645 immundis
3242 1608 3429 1645 eorum
3458 1609 3567 1646 non
3594 1608 3991 1649 conumscean-

2406 1693 2493 1735 tur
2523 1683 2827 1735 actionibus
2870 1726 2877 1733 .
2921 1685 3164 1736 "(’SlllUlll
3210 1685 3355 1737 enim
3385 1686 3453 1737 ab
3491 1686 3592 1747 eis,
3646 1695 3700 1739 et
3747 1688 3987 1745 avolant,

2404 1782 2458 1825 ct
2489 1789 2613 1825 cum
2650 1774 2961 1827 societatem
3010 1776 3214 1840 peccati
3252 1776 3491 1845 ipsorum
3539 1776 3837 1847 refugiant,
3866 1792 3993 1846 pec-

2342 1874 2379 1924 ιι
2406 1869 2683 1921 catoribus
2723 1881 2923 1918 tamen.
2958 1884 3011 1918 ιιι
3046 1882 3141 1918 eos
3180 1884 3204 1913 ιι
3244 1878 3589 1933 peccatorum
3629 1869 3890 1923 sordibus
3932 1868 3992 1919 li-

2406 1958 2599 2009 horret
2665 1970 2824 2023 atque
2898 1970 3185 2021 revocent:
3250 1958 3574 2027 plerumque
3627 1958 3989 2012 cohabitant:

2405 2053 2545 2105 sicut
2593 2050 2885 2109 Dominus,
2944 2067 3033 2117 qui
3074 2062 3344 2115 peccatum
3379 2067 3480 2102 non
3517 2052 3661 2120 fecit,
3695 2067 3788 2102 nec
3822 2052 3877 2102 in
3909 2067 3995 2102 ore

2404 2144 2517 2211 ejus
2548 2146 2696 2195 dolus
2729 2146 2823 2207 fuit
2864 2142 2901 2171 ³³
2973 2158 3089 2194 cum
3137 2144 3518 2209 peccatoribus
3561 2144 3887 2197 comedebat
3943 2154 3997 2197 ct

2408 2236 2637 2288 bibebat
2676 2236 2919 2287 doctrina
2954 2251 3048 2287 eos
3089 2236 3541 2304 institutioneque
3584 2237 3914 2305 justiticans,
3944 2246 3997 2291 et

2412 2330 2471 2380 id
2514 2329 2594 2380 sui
2633 2343 2929 2389 provocans
2968 2329 3393 2387 aemulationem,
3447 2330 3584 2381 nihil
3637 2344 3831 2383 eorum
3880 2332 3998 2398 ipse

2411 2420 2646 2477 imitans,
2682 2437 2780 2472 nec
2811 2420 2879 2472 ab
2906 2419 2986 2472 eis
3020 2421 3353 2488 inquinatus.
3392 2419 3625 2490 Propter
3658 2424 3804 2491 quod
3844 2424 3997 2476 dixe-

2410 2520 2535 2561 tttul
2564 2511 2785 2563 Cantica
2818 2512 3155 2563 canticorum
3190 2532 3197 2560 :
3232 2511 3363 2563 Ecce
3407 2513 3502 2564 iste
3534 2514 3671 2565 venit
3701 2512 3903 2566 saliens
3944 2514 3999 2564 in

2412 2605 2690 2655 ulantibus.
2735 2603 2991 2655 transiens
3054 2620 3199 2669 super
3270 2604 3419 2655 colles
3466 2605 3562 2655 ³⁵Α
3584 2606 3813 2672 Oportet
3869 2620 4001 2673 ergo

2413 2712 2512 2747 nos
2561 2696 2759 2748 habere
2810 2711 2965 2748 crura
3015 2696 3331 2749 sublimiora
3378 2696 3635 2765 pedibus,
3666 2712 3778 2749 non
3816 2680 4021 2765 qualia'

2412 2789 2724 2841 Judteorum
2766 2790 2928 2855 pedes
2965 2787 3184 2849 habent,
3219 2786 3311 2855 qui
3354 2790 3405 2839 in
3442 2787 3728 2855 utriusque
3759 2788 4003 2857 vestigiis

2414 2884 2550 2940 suis,
2586 2884 2637 2934 in
2679 2885 2791 2950 lege
2824 2880 3075 2934 videlicet
3104 2890 3159 2933 et
3188 2880 3492 2949 prophetis,
3530 2879 3875 2943 claudicant;
3904 2881 4003 2933 sed

2415 2972 2590 3040 qualia
2626 2972 2827 3024 habent
2869 2986 2953 3034 ea,
2995 2987 3116 3037 qua:
3149 2970 3406 3023 dicuntur
3441 2968 3761 3034 Cherubim,
3790 2972 3860 3025 de
3882 2970 4007 3038 qui-

2420 3077 2518 3119 bUs
2545 3068 2749 3118 dictum
2780 3075 2862 3117 est
2892 3083 2901 3115 :
2934 3062 3000 3115 Et
3028 3080 3183 3115 crura
3217 3080 3393 3116 eorum
3427 3081 3583 3116 crura
3611 3075 3774 3128 recta,
3800 3075 3849 3116 et
3877 3081 4012 3131 pen-

2423 3171 2529 3209 nau
2575 3160 2727 3220 pedes
2768 3174 2969 3220 eorum,
3015 3166 3160 3209 recte
3196 3167 3247 3207 et
3278 3156 3730 3209 indcelinabiliter
3757 3156 3810 3209 in
3839 3172 4009 3210 evan-

2996 3249 3062 3301 de
3110 3248 3307 3316 quibus
3353 3248 3555 3301 dictum
3596 3260 3674 3302 cst
3720 3292 3729 3299 .
3768 3248 4010 3302 σαίρεσιᾶ

2419 3343 2645 3405 pcdcsin
2683 3342 3072 3409 pra’paratione
3099 3339 3375 3409 Evangelii
3409 3344 3553 3407 pacis
3570 3342 3613 3371 ³⁵
3668 3340 3785 3397 llic.
3814 3356 4009 3409 quam-

2422 3434 2499 3485 vis
2533 3448 2698 3501 super
2737 3440 2935 3485 terram
2972 3432 3231 3493 ambulet,
3288 3447 3538 3500 quamvis
3579 3446 3703 3484 cum
3751 3441 4010 3496 peccato-

2422 3526 2569 3577 ribus
2603 3525 3031 3592 dispensationis
3085 3524 3365 3591 eujusdam
3398 3525 3565 3593 gratia
3596 3525 4012 3593 juvaminisgue

2418 3626 2796 3679 conversetur,
2827 3615 2955 3669 illud
2991 3617 3222 3685 implens
3250 3616 3610 3684 apostolicum
3650 3635 3657 3663 :
3690 3614 3749 3669 Si
3777 3583 3909 3683 qui!
3924 3631 4011 3666 ros

2416 3718 2564 3760 vocat
2610 3707 2903 3776 infidelium
2939 3710 3008 3760 ad
3047 3724 3268 3767 ccenam,
3294 3718 3340 3759 ct
3375 3708 3530 3760 vultis
3565 3709 3661 3773 ire,
3689 3724 3845 3759 omne
3874 3710 4012 3775 quod

2419 3804 2556 3854 robis
2591 3776 2887 3870 appositrm
2927 3803 3104 3871 fuerit,
3144 3802 3417 3861 comedite,
3452 3800 3582 3852 nillil
3618 3804 4013 3868 interrogantes

2418 3902 2633 3961 propter
2654 3894 3027 3947 conscientia»:
3054 3894 3098 3923 ³⁸
3130 3912 3137 3939 :
3178 3906 3359 3946 tamen
3397 3892 3614 3945 volatile
3646 3903 3939 3961 permanet
3960 3905 4016 3945 et

2419 3984 2656 4039 mundus
2687 3994 2792 4047 est,
2832 3987 3010 4038 sciens
3039 4000 3067 4036 a
3100 3996 3260 4081 terra~
3291 3986 3528 4038 emicare
3564 3994 3729 4053 atque
3763 3985 4012 4048 exsilire,

2419 4087 2473 4130 et
2502 4092 2610 4131 non
2642 4077 2924 4131 adhaerere
2964 4073 3318 4131 saecularibus
3351 4076 3681 4130 actionibus.
3724 4073 3878 4130 Bene
3916 4092 4013 4130 au-

2422 4179 2529 4222 tem
2568 4169 2756 4222 talium
2804 4168 3118 4221 animalium
3159 4169 3322 4221 etiam
3366 4168 3626 4221 vocabula
3668 4169 3903 4237 protulit
3939 4168 4015 4221 le-

2420 4260 2662 4329 gislator.
2722 4260 3027 4321 brucbutn,
3080 4258 3450 4320 etlocustam,
3516 4266 3791 4322 attacum,
3846 4269 4015 4329 atque

2422 4351 2847 4419 ophiomachum
2894 4350 3201 4404 nominans.
3243 4349 3414 4418 Cujus
3456 4359 3637 4404 autem
3671 4352 4016 4419 operationis

2423 4443 2552 4494 sint.
2586 4441 2700 4494 sive
2749 4440 2984 4502 virtutis,
3011 4438 3223 4493 Nahum
3256 4440 3519 4507 propheta
3564 4440 3696 4493 satis
3728 4441 4013 4510 explanat,

2423 4533 2496 4585 ait
2534 4533 2678 4585 enim
2715 4554 2723 4581 τ
2770 4530 3007 4585 Bruchus
3034 4547 3296 4599 expansa:
3324 4542 3418 4592 est,
3455 4541 3501 4583 et
3531 4533 3757 4584 avolavit
3791 4548 3809 4583 :
3837 4544 4017 4586 custo-

2420 4626 2507 4677 des
2543 4626 2619 4676 tui
2648 4625 2799 4692 quasi
2841 4624 3054 4677 locusta:
3095 4623 3441 4684 locustarum,
3488 4639 3606 4692 qua:
3643 4625 3918 4693 conﬁdunt
3964 4628 4019 4679 in

2420 4716 2649 4783 sepibus,
2697 4716 2752 4766 in
2798 4715 2882 4766 die
2933 4714 3146 4783 frigoris
3178 4714 3241 4765 ³⁷.
3293 4711 3391 4766 Vel
3412 4715 3574 4791 [sicut
3612 4714 3975 4787 Septuaginta
4001 4760 4016 4779 ,

2425 4805 2655 4858 Emicuit
2688 4805 2822 4856 sicut
2853 4814 3062 4857 attaqu
3119 4805 3421 4857 commistus
3475 4805 3592 4867 tibi,
3628 4806 3764 4858 sicut
3809 4807 4017 4859 locusta

2422 4912 2538 4966 qua:
2593 4896 2915 4949 transcendit
2962 4896 3267 4960 materiam,
3300 4896 3356 4948 in
3396 4897 3481 4949 die
3520 4895 3753 4967 frigoris.
3783 4898 3865 4951 Ex
3894 4899 4022 4968 qui-

2427 4990 2530 5043 bus
2560 4990 2740 5043 cernis
2772 4989 2922 5056 quia,
2968 4989 3067 5041 etsi
3115 4976 3501 5057 peccatoribus
3531 4989 4020 5056 commiseeamur,

2423 5081 2524 5134 etsi
2573 5081 2625 5133 in
2674 5081 2761 5133 die
2810 5080 2931 5149 gelu
2973 5080 3087 5134 sive
3136 5080 3387 5150 pruina,
3429 5081 3484 5135 id
3536 5090 3621 5136 est
3664 5082 4023 5138 abundantia:

2423 5174 2664 5241 peccati,
2708 5172 2839 5227 Cum
2872 5175 3006 5226 enim
3036 5213 3051 5236 ,
3091 5174 3303 5241 inquit,
3337 5173 3683 5228 abundaverit
3713 5186 4021 5243 peccatum,

2423 5270 2711 5339 refrigescit
2744 5271 2977 5322 cltaritas
3015 5270 3298 5323 multorum
3325 5269 3410 5329 ³⁷⁸.
3447 5270 3817 5324 transiliamns
3842 5282 4024 5326 mate-

2426 5362 2877 5430 riam,spinosam
2939 5362 3189 5416 videlicet
3242 5370 3589 5432 peccatorum
3641 5363 4025 5418 exacerbatio—

2433 5469 2578 5516 nem,
2615 5468 2722 5504 non
2760 5453 2964 5506 similes
2998 5453 3175 5506 ell'ecti
3228 5454 3325 5516 eis,
3369 5454 3464 5507 sed
3521 5454 3880 5523 subjicientes
3921 5468 4027 5509 eos

2432 5549 2610 5606 nobis,
2656 5556 2713 5599 ut
2758 5548 2882 5599 ﬁant
2934 5547 3193 5601 doctrina!
3229 5547 3571 5611 obedienles,
3610 5557 3798 5617 aperte
3836 5546 4031 5603 salva-

2572 5729 2612 5758 ³⁰
2646 5728 2780 5781 Psal.
2823 5746 2893 5787 ct.
2929 5732 2975 5781 7.

2508 5802 2543 5828 "
2576 5799 2772 5868 Epiros.
2812 5818 2875 5851 ιιΔ
2922 5800 2997 5851 lii.

3087 5732 3125 5761 δ’
3198 5730 3331 5783 Lac.
3375 5748 3425 5793 v,
3455 5731 3545 5784 52.

3118 5802 3161 5830 ³ο
3193 5801 3205 5851 l
3240 5803 3346 5853 Cor
3416 5818 3466 5863 .v,
3516 5802 3604 5855 ινδ.

3638 5732 3683 5763 ³⁸
3710 5729 3903 5856 ἓεὲὴὶ
3943 5748 3995 5786 tv
4031 5794 4041 5807 .

3847 5819 3877 5856 a
3911 5818 4025 5856 ωδε

3847 5818 4025 5859 altIIJ:
