4218 6450
266 455 370 519 913

1406 449 1488 511 IN
1522 447 1956 511 LEVITICUM.
1986 475 2051 483 -
2089 452 2234 510 LIB.
2285 451 2398 510 ΠΙ.

3430 450 3525 512 θιι

268 582 412 627 mus,
449 577 500 618 et
541 566 885 617 salvabnmu.
925 572 1065 615 unde
1106 561 1178 612 ait
1214 557 1412 611 Paulus
1447 573 1459 610 :
1494 556 1693 609 Factus
1730 573 1845 609 sum
1876 562 1920 617 Α
1953 555 2007 610 Si
2042 559 2188 612 enim
2223 548 2456 615 aliorum
2490 564 2783 633 participes
2811 562 3107 617 ciliciamur
3158 573 3531 632 peccatorum.

267 657 467 708 Judwis
494 658 625 707 sicut
652 655 885 713 Indicus,
918 657 995 705 his
1025 656 1112 721 qui
1145 653 1236 704 sub
1272 654 1382 718 lege
1408 660 1550 715 sunt,
1572 652 1728 730 quasi
1753 650 1844 702 sub

270 750 379 813 lege
417 764 577 801 essent
600 790 611 809 ,
650 763 766 798 rum
809 749 916 813 ipse
962 747 1053 797 sub
1093 746 1201 813 lege
1240 759 1341 795 non
1388 758 1546 796 essent
1586 759 1603 795 :
1640 742 1718 794 his
1758 742 1873 809 qui

266 840 377 890 sine
402 839 511 906 tege
549 849 688 900 sunt,
730 837 881 905 quasi
921 838 1032 888 sine
1070 836 1179 905 tege
1226 850 1407 898 essent,
1445 850 1565 886 cum
1600 835 1707 901 ipse
1738 833 1847 885 sine

269 930 379 989 leae
417 929 510 981 Dei
542 945 644 981 non
681 944 860 989 essem,
894 930 983 981 sed
1017 928 1109 979 sub
1140 929 1246 996 lege
1280 941 1440 979 essem
1472 924 1690 979 Christi.
1723 923 1848 979 0m-

270 1024 419 1072 nibur
460 1022 636 1072 omnia
681 1023 849 1085 tactus
897 1038 1033 1081 sum,
1071 1030 1125 1071 ut
1164 1035 1340 1071 omnes
1380 1018 1740 1086 lucrifacere»:
1782 1017 1845 1068 ⁸⁸.

271 1113 377 1165 Sed
426 1122 604 1164 tamen
658 1113 709 1164 in
764 1129 968 1165 morem
1018 1112 1229 1175 bruchi,
1271 1111 1531 1179 impetum
1576 1111 1755 1164 facere
1795 1117 1851 1162 et

271 1204 488 1256 evolare
522 1219 745 1257 necesse
781 1205 1063 1269 habemus,
1095 1213 1155 1256 ut
1185 1204 1326 1257 sicut
1357 1203 1585 1265 locusta,
1624 1202 1737 1255 sive
1767 1210 1850 1254 at-

281 1303 437 1346 tacus
499 1309 653 1354 esse,
706 1294 797 1361 qui
849 1309 948 1363 pro
988 1294 1299 1361 hujusmodi
1350 1301 1587 1347 attacum
1638 1292 1846 1353 dicunt,

269 1387 490 1440 exsilire
532 1387 806 1455 possimus
859 1396 914 1440 et
956 1388 1213 1441 emicare.
1260 1386 1351 1441 Sic
1384 1386 1530 1440 enim
1566 1397 1689 1455 apte
1722 1402 1853 1438 con-

272 1479 473 1542 veniet,
498 1480 640 1547 quod
665 1480 717 1531 in
743 1480 935 1533 eodem
970 1482 1236 1549 propheta
1268 1480 1513 1548 sequitur
1543 1498 1555 1532 :
1588 1479 1681 1534 Sol
1708 1490 1851 1533 ortus

272 1582 315 1622 et
334 1573 565 1625 elevatus
596 1583 687 1636 est,
723 1582 772 1624 et
802 1588 903 1625 non
934 1582 1008 1625 est
1036 1574 1273 1626 inventus
1299 1572 1439 1626 locus
1470 1573 1583 1641 ejus
1612 1572 1687 1633 ";
1718 1587 1853 1640 quo-

271 1668 439 1729 niam,
472 1675 595 1718 orto
630 1665 858 1734 justitia:
894 1664 1039 1731 Sole,
1076 1666 1168 1734 qui
1211 1665 1481 1718 illuminat
1511 1665 1849 1729 abscondita,

270 1758 509 1810 emit-ant
563 1766 723 1825 atque
766 1759 1017 1812 exsiliunt
1067 1758 1117 1811 hi
1182 1758 1272 1827 qui
1310 1774 1433 1811 cum
1477 1757 1855 1825 peccatoribus

270 1862 681 1914 sonversantur,
716 1851 781 1903 ad
826 1851 1076 1904 solatium
1111 1851 1359 1918 justiti:e,
1392 1857 1446 1902 et
1480 1864 1583 1905 non
1626 1850 1735 1917 jam
1774 1849 1853 1901 lo-

1952 652 2219 707 immundi
2262 669 2436 723 usque
2468 655 2535 709 ad
2560 669 2843 724 vesperam
2894 671 3302 727 pernianemus,
3346 656 3397 710 id
3425 669 3533 716 est.

1951 760 2121 814 usque
2149 746 2276 799 dum
2309 762 2532 816 agamus
2563 746 3143 817 pmnitentiam.-Hanc
3163 748 3309 801 enim
3339 762 3529 815 vespe--

1950 852 2067 891 ram
2100 837 2265 892 David
2281 839 2391 892 ait:
2430 839 2510 891 Ad
2548 856 2814 908 vesperam
2869 840 3228 894 demorabitur
3247 840 3420 908 ﬂetus,
3484 849 3532 891 ct

1950 933 2020 983 ad
2040 934 2362 985 matutinum
2418 932 2692 987 latitia".
2745 932 3041 1002 Propterea
3097 934 3264 986 lavari
3317 947 3534 1001 quoque

1952 1021 2275 1076 vestimenta
2315 1023 2591 1092 legislator
2621 1025 2895 1092 praecepit,
2923 1036 3111 1093 aperte
3131 1026 3529 1087 demonstrans,

1950 1114 2095 1182 quod
2128 1114 2393 1168 immundi
2426 1130 2637 1177 sumus,
2664 1130 2834 1183 usque
2869 1116 2999 1170 dum
3052 1116 3300 1169 actiones
3314 1123 3537 1168 nostras

1953 1206 2206 1275 lacrymis
2226 1206 2515 1261 diluamus.

2030 1298 2188 1353 Vens.
2220 1298 2311 1365 27,
2338 1298 2429 1353 28.
2474 1318 2490 1348 ι
2530 1299 2685 1365 Quod
2719 1301 2965 1354 ambuht
2996 1315 3158 1370 super
3193 1314 3408 1363 manus,
3470 1313 3533 1348 ex

1955 1393 2167 1447 cunctis
2196 1392 2569 1446 animantibus
2591 1396 2681 1463 qui
2714 1394 2979 1449 incedunt
3008 1394 3405 1460 quadrupedia,
3431 1391 3534 1442 im-

1956 1486 2217 1540 mundum
2244 1487 2366 1541 erit.
2393 1486 2493 1552 Qui
2526 1487 2764 1557 tetigerit
2789 1486 3078 1541 morticina
3100 1499 3310 1545 eorum,
3340 1481 3533 1551 pollui-

1959 1588 2044 1631 tur
2068 1594 2236 1647 usque
2265 1579 2330 1632 ad
2355 1594 2663 1649 vesperum.
2705 1580 2769 1633 Et
2817 1578 2907 1648 qui
2947 1576 3249 1647 portaverit
3281 1577 3533 1643 hujusce-

1958 1670 2103 1723 modi
2131 1671 2419 1735 cadavera,
2466 1672 2667 1725 lavabit
2700 1671 3025 1725 vestimenta
3059 1685 3176 1730 sua,
3209 1677 3261 1721 et
3297 1668 3537 1720 immun-

1957 1763 2060 1817 dus
2092 1763 2391 1833 eritusque
2420 1762 2485 1817 ad
2520 1779 2825 1833 vesperam,
2870 1762 2997 1831 quia
3051 1760 3235 1817 omnia
3278 1760 3392 1813 han:
3441 1759 3535 1811 im.

1962 1855 2163 1909 munda
2190 1863 2319 1909 sunt
2343 1855 2515 1909 vobis.
2554 1874 2572 1906 ›

277 1960 369 1997 :‘us
410 1944 625 1997 illorum
677 1943 765 1997 ille
816 1958 937 1997 esse
993 1939 1361 2009 cognoscitur,
1403 1944 1561 2011 cujus
1613 1940 1851 1995 habitum
1889 1917 1927 1971 Β
2028 1943 2245 2000 Nullum
2266 1946 2348 2000 lex
2382 1946 2545 2001 tacite
2576 1945 2822 2017 punierit
2880 1952 3186 2015 peccatum,
3243 1942 3340 1997 sed
3387 1956 3537 2011 quae-

273 2039 483 2106 pridem
521 2039 988 2102 demonstrabant,
1023 2052 1146 2091 cum
1194 2034 1596 2105 quodammodo
1630 2043 1853 2088 uteren-

274 2141 378 2197 tur,
414 2145 550 2200 quos
614 2141 662 2184 et
697 2143 814 2184 erat
850 2146 1073 2184 necesse
1112 2128 1327 2182 salvari.
1363 2126 1719 2199 Ophiomachi
1758 2141 1853 2177 au-

274 2232 381 2274 tem
430 2224 495 2275 ab
541 2223 906 2290 appellatione
954 2219 1332 2274 manifestatur
1372 2226 1427 2271 et
1464 2219 1655 2281 virtus,
1693 2231 1851 2285 quem

297 2316 474 2368 mitari
538 2322 739 2369 bonum
804 2331 902 2367 est.
948 2322 1000 2367 et
1068 2310 1497 2383 .ntclligibilibus
1554 2326 1854 2382 repugnare

275 2410 623 2476 serpentibus
672 2426 682 2457 τ
736 2409 1147 2462 reminiscentes
1220 2406 1383 2475 quod,
1446 2422 1545 2459 non
1592 2406 1657 2458 sit
1713 2405 1855 2458 nobis

278 2500 576 2553 colluctatio
623 2501 874 2554 adversus
920 2484 1127 2553 carnem
1177 2508 1223 2553 et
1270 2498 1600 2569 sanguinein,
1641 2499 1730 2551 sed
1761 2498 1857 2550 nd—

276 2610 452 2645 :versus
480 2594 760 2659 princtpes,
794 2602 841 2644 et
873 2602 1171 2658 potestates,
1201 2595 1451 2645 adversus
1482 2592 1660 2644 mundi
1692 2601 1859 2643 recto-

280 2701 353 2733 res
407 2683 740 2736 tenebrarum
787 2685 975 2735 harum
1046 2695 1227 2736 contra
1271 2682 1575 2749 spiritantia
1613 2682 1860 2750 nequitia:

276 2780 328 2826 in
353 2777 640 2829 rwtestibus
670 2778 715 2806 ⁸⁸
772 2777 834 2829 lli
862 2787 989 2831 sunt
1012 2780 1211 2846 quippe
1240 2775 1605 2846 intelligibiles
1636 2791 1858 2845 serpen-

278 2879 375 2928 tes.
392 2878 448 2925 et
481 2871 729 2924 vent-nati
760 2871 1048 2923 dracones.

351 2960 504 3015 Vens.
540 2960 730 3014 23-36.
765 2980 779 3009 ι
817 2959 1091 3028 Quidquid
1131 2974 1195 3012 ex
1252 2959 1568 3013 volucribus
1622 2970 1859 3028 quatuor

277 3060 487 3103 tantum
524 3050 687 3104 habet
741 3052 927 3118 pedes,
975 3050 1314 3105 exsecrabile
1372 3050 1479 3104 erit
1536 3050 1743 3104 vobis:
1804 3059 1859 3104 et

276 3142 589 3212 quicunque
607 3144 891 3198 morticina
941 3159 1130 3197 eorum
1180 3143 1441 3213 tetigerit,
1474 3144 1766 3213 polluetur,
1805 3153 1860 3197 et

1958 2053 2172 2108 cunque
2202 2038 2446 2092 actiones
2477 2053 2573 2107 per
2600 2038 2975 2109 evangelicum
2996 2042 3385 2091 testamentum
3410 2050 3537 2102 pre-

1960 2126 2143 2183 lt‘ibitm
2169 2137 2318 2191 sunt,
2348 2129 2481 2182 texit
2515 2128 2612 2182 has
2637 2129 2788 2198 prius
2821 2127 3219 2198 zenigmatibus,
3244 2135 3309 2180 ut
3332 2124 3539 2178 utrius-
3627 2160 3632 2164 —

1955 2240 2061 2294 que
2106 2224 2405 2278 sanctionis
2460 2224 2876 2279 consonantiam
2948 2223 3175 2285 dicens,
3225 2219 3540 2276 conﬁtearis

1960 2316 2151 2377 Deum,
2189 2316 2282 2384 qui
2328 2316 2380 2367 in
2434 2315 2513 2368 eis
2544 2314 2756 2368 locutus
2802 2324 2909 2378 est,
2964 2314 3273 2381 timensque
3317 2309 3540 2364 recedas

1960 2410 2026 2463 ab
2048 2410 2305 2463 omnibus
2357 2423 2477 2477 quae
2528 2406 2952 2477 prohibuerunt.
3017 2405 3083 2459 In,
3121 2414 3357 2474 quatuor
3406 2419 3540 2469 ergo

1963 2502 2181 2565 incedit,
2214 2501 2305 2571 qui
2335 2500 2401 2555 ad
2430 2500 2796 2571 evangelicam
2833 2499 3306 2553 conversationem
3326 2498 3537 2568 migrat.

1962 2596 2209 2650 Ambulat
2248 2604 2431 2649 autem
2457 2594 2511 2647 in
2541 2593 2811 2658 manibus,
2838 2592 2929 2663 qui
2949 2596 3190 2661 quies'tus
3211 2606 3329 2644 eam
3354 2604 3539 2652 causa,

1964 2688 2206 2758 tuerique
2232 2687 2405 2756 turpis
2426 2685 2767 2755 adipiscitur,
2825 2686 3078 2739 manibus
3100 2684 3211 2738 cito
3233 2683 3540 2752 imponens,

1964 2785 2023 2829 ut
2052 2790 2116 2829 ex
2147 2792 2209 2829 ea
2242 2775 2519 2845 quidpiam
2575 2773 2773 2843 capiat.
2833 2772 3133 2828 Commode
3171 2772 3259 2827 hic
3288 2770 3544 2826 omnibus

1964 2878 2113 2922 recte
2144 2875 2569 2922 connumeratur
2616 2878 2779 2936 atque
2806 2876 3155 2935 comparatur
3185 2864 3395 2919 bestiis.
3418 2862 3544 2916 Sive

1962 2961 2112 3017 enim
2141 2959 2451 3014 adulterum
2485 2958 2658 3024 dicas,
2688 2958 2802 3011 sive
2834 2972 3082 3019 avarum,
3143 2955 3261 3011 sive
3316 2954 3548 3009 homicr-

1964 3056 2111 3120 dam,
2153 3054 2271 3108 sive
2297 3054 2695 3117 detractorem,
2717 3051 2834 3103 sive
2886 3049 3292 3117 blasphemum,
3347 3045 3400 3099 in
3458 3046 3547 3099 his

1965 3148 2221 3202 omnibus
2247 3156 2351 3210 est,
2398 3153 2583 3215 utpote
2655 3144 2898 3198 omnium
2957 3140 3196 3212 peccatis
3239 3139 3535 3195 communi-

278 3236 383 3289 erit
417 3236 733 3291 immundus
771 3254 943 3306 usque
976 3238 1043 3291 ad
1069 3253 1380 3306 vesperum.
1416 3238 1483 3292 Et
1538 3237 1581 3291 si
1634 3253 1857 3291 neceSse
1889 3263 1930 3317 ρ
1965 3256 2116 3303 cans,
2161 3255 2256 3308 per
2311 3236 2571 3306 injustam
2633 3251 2827 3289 manus
2889 3233 3314 3303 impositionem.
3376 3228 3550 3298 llujus

276 3330 461 3391 fuerit,
498 3341 554 3383 ut
586 3338 765 3396 portet
791 3330 1069 3400 quidpiam
1105 3331 1301 3384 horum
1328 3340 1625 3393 mortuum,
1660 3332 1861 3384 lavaltit

278 3420 601 3473 vestimenta
632 3436 751 3478 sua.
787 3430 842 3473 et
866 3421 1183 3475 immundus
1215 3420 1319 3473 erit
1375 3435 1548 3489 usque
1593 3420 1660 3474 ad
1724 3421 1858 3473 solis

277 3509 752 3564 occasum.0tnne
788 3513 989 3564 animal
1015 3512 1160 3581 quod
1210 3511 1374 3564 habet
1427 3510 1648 3580 quidem
1687 3527 1859 3581 ungu-

276 3598 402 3661 lam,
436 3600 530 3652 sed
562 3614 668 3652 non
694 3599 887 3653 dividit
913 3614 1054 3663 eam,
1084 3616 1187 3654 nec
1217 3601 1475 3660 ruminat,
1514 3600 1858 3653 immundum

272 3694 396 3753 erit,
432 3706 486 3746 et
515 3692 778 3761 quidquid
826 3693 1065 3762 tetigerit
1116 3693 1271 3757 illud,
1314 3693 1801 3747 contaminabitur.
1839 3715 1854 3743 ι

344 3785 499 3849 Quod
530 3786 783 3854 reptibile
822 3786 1123 3840 volatilium
1149 3803 1269 3855 quae
1320 3787 1372 3839 in
1404 3797 1640 3855 quatuor
1665 3788 1863 3841 ambu-

275 3880 387 3931 lant
416 3880 600 3946 pedes,
636 3895 731 3933 eos
769 3881 860 3948 qui
930 3881 1231 3935 abutuntur
1280 3881 1592 3952 evangelica
1629 3883 1758 3944 vita,
1809 3894 1864 3935 et

274 3973 440 4023 vitam
468 3980 745 4024 sectantur
780 3972 1005 4025 solidam
1028 3983 1082 4025 et
1111 3974 1471 4037 immundam,
1510 3973 1857 4043 signiticcnt;

274 4058 521 4113 dividere
552 4074 734 4113 autem
793 4061 1071 4130 ungulam,
1136 4063 1277 4116 sicut
1347 4062 1436 4115 hic
1498 4058 1861 4130 Septuaginta

278 4152 484 4213 dicunt,
514 4152 607 4205 sed
634 4168 741 4205 non
777 4153 1074 4215 ruminare,
1103 4152 1152 4206 id
1175 4166 1260 4206 est
1282 4153 1475 4224 legem,
1502 4153 1860 4223 quemadmo—

281 4242 681 4309 dum'oportet,
749 4241 1023 4307 meditari,
1079 4252 1136 4296 et
1195 4242 1432 4296 litteram
1494 4243 1743 4299 dividere
1794 4244 1862 4299 ab

275 4332 492 4401 Spiritu,
516 4334 609 4388 sed
640 4350 749 4387 non
783 4349 846 4388 ea
888 4350 1010 4403 qute
1050 4335 1106 4389 in
1145 4351 1208 4389 ea
1234 4337 1437 4407 scripta
1468 4344 1598 4389 sunt
1620 4336 1859 4406 operari,

278 4444 459 4497 neque
504 4431 577 4483 ita
637 4430 1055 4493 conversari,in
1103 4433 1437 4501 praecedenti
1494 4432 1860 4488 Ostendimus.

275 4520 430 4574 Unde
456 4523 764 4576 necessarie
792 4537 983 4576 eorum
1046 4524 1359 4589 morticina,
1397 4524 1449 4579 id
1480 4535 1561 4580 est
1592 4524 1857 4588 actiones,

1968 3331 2251 3384 morticina
2276 3330 2491 3383 sunthi
2539 3328 2739 3396 quibus
2810 3326 3062 3379 inanibus
3132 3324 3410 3393 imposuit,
3492 3324 3544 3375 in

1969 3425 2101 3493 ipsis
2131 3422 2277 3476 enim
2311 3421 2512 3491 patitur
2549 3419 2755 3489 peccati
2792 3431 3044 3472 mortem.
3077 3416 3178 3481 Qui
3212 3432 3341 3485 ergo
3379 3418 3547 3485 tangit

1965 3532 2050 3579 ea,
2072 3523 2125 3569 et
2150 3515 2240 3584 qui
2276 3512 2533 3569 levaverit
2564 3528 2626 3565 ex
2655 3512 2754 3575 eis,
2813 3522 2959 3565 recte
2983 3509 3271 3578 polluitur;
3310 3509 3400 3577 qui
3431 3510 3545 3575 qui-

1965 3611 2087 3662 dem
2124 3607 2398 3677 tangitea,
2435 3605 2488 3658 id
2522 3615 2625 3667 est,
2667 3604 2757 3672 qui
2791 3609 3171 3666 conversatur,
3199 3600 3366 3665 dicit;
3420 3600 3545 3669 quia

1964 3700 2281 3753 nullatenus
2370 3705 2749 3765 competenter
2804 3693 3127 3763 dignitatem
3172 3692 3543 3759 arripuerunt,

1965 3801 2127 3854 quam
2153 3792 2530 3853 cauponantes
2558 3783 2689 3836 olim
2725 3782 3064 3843 omnimodo,
3095 3796 3191 3849 per
3225 3782 3364 3834 hanc
3384 3780 3547 3849 justi-

1968 3877 2109 3931 ticali
2129 3885 2287 3941 sunt,
2315 3876 2359 3929 si
2396 3885 2516 3944 post
2536 3876 2651 3929 haec
2678 3876 2731 3928 in
2760 3875 3000 3944 antiquis
3038 3874 3548 3942 iniquitatibusnon

1967 3972 2341 4033 permaneant.
2371 3960 2477 4015 Sed
2497 3964 2655 4033 etqui
2692 3963 2988 4032 portaverit
3013 3981 3078 4017 ex
3109 3963 3213 4028 his,
3241 3962 3404 4017 veluti
3426 3980 3550 4031 por-

1967 4068 2089 4112 tans
2122 4058 2318 4111 falsum
2359 4057 2759 4122 testimonium,
2786 4057 3130 4127 perhibendo
3189 4067 3244 4111 et
3299 4058 3549 4112 docendo

1970 4151 2212 4219 dignum,
2244 4151 2340 4220 qui
2378 4150 2637 4221 indignus
2658 4160 2762 4204 est.

2038 4245 2349 4299 Immundas
2378 4245 2480 4298 erit
2495 4260 2657 4314 usque
2681 4243 2751 4297 ad
2770 4260 3062 4311 vesperam.
3085 4240 3259 4308 Quam
3296 4243 3551 4311 superius

1966 4336 2205 4389 diximus
2256 4334 2659 4406 paenitentiam.
2712 4334 2928 4389 Lavans
2986 4344 3173 4390 autem
3224 4335 3549 4390 vestimenta

1971 4428 2342 4482 mundabitur.

2036 4518 2201 4574 Vens.
2231 4516 2422 4573 29-31.
2455 4535 2475 4568 ι
2512 4518 2625 4573 Hoc
2657 4532 2874 4588 quoque
2902 4517 3045 4571 inter
3069 4516 3272 4585 polluta
3335 4524 3555 4583 reputa-

280 4630 329 4665 ιιι
368 4616 568 4684 quibus
590 4616 799 4686 peccati
828 4629 1002 4673 morte
1033 4619 1327 4682 intereunt,
1358 4619 1545 4691 fugere
1573 4619 1857 4689 praecepit,
1894 4597 1937 4651 θ
1968 4612 2135 4675 bitur.
2164 4612 2232 4667 de
2266 4613 2352 4666 his
2390 4628 2511 4682 qua:
2566 4618 2859 4665 moventur
2894 4608 2948 4661 in
2983 4618 3149 4670 terra,
3184 4606 3444 4666 mustela.
3498 4614 3556 4657 et

274 4696 331 4757 et
361 4707 511 4759 nullo
546 4707 706 4761 modo
734 4707 1046 4778 participari
1090 4710 1315 4774 talibus,
1370 4726 1472 4763 nec
1535 4711 1860 4782 contingere

270 4812 359 4851 ea.
402 4796 519 4850 Non
555 4797 730 4851 solum
752 4806 936 4852 autem
990 4809 1299 4869 tangentes,
1335 4801 1429 4855 sed
1467 4811 1522 4856 et
1547 4809 1857 4871 portantes,

270 4898 369 4944 aut
397 4890 729 4961 accipientes
772 4891 1048 4960 quidpiam
1068 4902 1140 4946 ex
1196 4893 1276 4948 eis
1307 4894 1649 4962 polluuntur.
1678 4894 1864 4951 Portat

271 4987 456 5031 autem
480 4987 722 5049 peccata,
751 4981 843 5049 qui
865 4981 999 5034 dicit
1038 4982 1240 5036 malum
1274 4982 1500 5047 bonum,
1526 4992 1582 5037 et
1612 5000 1859 5039 amarum

271 5071 455 5133 dulce,
487 5081 542 5125 et
567 5072 823 5126 tenebras
853 5073 1051 5137 lueem,
1098 5075 1243 5143 quod
1278 5073 1426 5128 Isaiae
1458 5078 1743 5145 propheta:
1771 5093 1861 5131 re-

274 5163 638 5231 prehenditur
666 5180 797 5219 voce
838 5166 904 5230 “,
941 5164 1068 5235 quia
1119 5182 1215 5235 per
1249 5167 1352 5220 hoc
1386 5182 1651 5221 exercens
1696 5166 1861 5223 alium

272 5255 343 5307 ad
380 5255 748 5324 iniquitatem.
783 5266 836 5311 et
856 5258 1095 5313 invitatis
1123 5260 1190 5314 ad
1244 5260 1445 5313 malum
1481 5275 1508 5313 a
1543 5277 1652 5330 quo
1684 5262 1865 5330 prohi-

272 5347 406 5398 ht-re
422 5344 708 5410 debuerat,
745 5363 912 5416 super
938 5349 1295 5419 semetipsum
1336 5350 1740 5419 quodammodo
1771 5368 1863 5405 su-

273 5435 436 5505 scipit
464 5437 674 5507 jugum.
712 5439 828 5493 Non
865 5449 1048 5494 autem
1110 5450 1328 5511 oportet
1380 5443 1692 5513 quempiam
1733 5461 1863 5513 pec-

272 5539 459 5583 catum
501 5530 727 5584 alterius
768 5532 821 5585 in
867 5533 1221 5602 semetipsum
1269 5535 1567 5590 transferre
1602 5552 1613 5587 :
1650 5536 1721 5590 ob
1761 5537 1865 5592 hoe

270 5621 422 5675 enim
457 5630 513 5676 et
542 5622 710 5677 David
746 5624 823 5677 ait
859 5641 870 5672 ε
922 5625 987 5678 Et
1021 5627 1083 5679 ab
1116 5626 1305 5679 alienis
1335 5644 1489 5695 parce
1511 5645 1656 5682 servo
1679 5638 1767 5681 tuo
1799 5630 1866 5684 δ’.

346 5824 389 5852 ³⁸
418 5824 431 5876 |
458 5824 693 5897 (Iunis.
726 5826 918 5888 20,‘2l.
1006 5830 1041 5858 ’τ’
1072 5829 1280 5885 Νειιιιιιη
1311 5848 1391 5897 ιιι,
1432 5833 1509 5885 l7.

270 5910 422 5956 χλιιι.
461 5900 503 5947 bl
588 5895 631 5925 “
662 5897 817 5953 l‘tov.
857 5915 980 5959 an,
1019 5900 1106 5953 ‘24.

1585 5830 1634 5865 ‘°
1669 5834 1868 5903 Epltes.
1909 5851 1977 5897 vt,
2015 5832 2093 5884 22.

1969 4720 2112 4767 mus,
2153 4711 2209 4759 et
2272 4704 2605 4764 crocodilus,
2673 4700 2888 4772 singula
2938 4700 3091 4769 juxta
3137 4714 3312 4771 genus
3368 4712 3553 4762 suum.

1971 4795 2190 4866 μυγάλη
2222 4792 2933 4859 etchamrelcon,etstellio,
2964 4806 3029 4844 ac
3056 4790 3280 4850 lacerta,
3303 4797 3358 4843 et
3392 4788 3535 4857 talpa

1971 4889 2154 4942 omnia
2197 4889 2333 4955 hate,
2358 4888 2638 4942 immunda
2668 4897 2818 4940 sunt.
2862 4884 2966 4951 Qui
3002 4884 3242 4955 tetigerit
3266 4882 3560 4937 morticina

1973 4999 2187 5046 eorum,
2214 4982 2531 5037 immundus
2557 4981 2662 5034 erit
2685 4994 2869 5049 usque
2891 4979 2958 5033 ad
3000 4992 3315 5047 vesperum.
3358 4998 3374 5028 ι

2048 5077 2157 5130 Nec
2196 5090 2344 5129 nunc
2416 5073 2510 5127 Dei
2572 5081 2880 5127 creaturam
2936 5071 3216 5142 legislator
3267 5083 3557 5137 accusans,

1977 5167 2256 5222 immunda
2291 5166 2481 5220 haberi
2514 5165 2629 5218 lucc
2664 5162 2929 5232 praecepit
2960 5160 3241 5224 animalia;
3270 5173 3399 5212 nam
3421 5173 3562 5228 quo-

1975 5258 2140 5313 modo
2171 5274 2234 5312 ea
2274 5258 2382 5311 alio
2413 5255 2615 5310 divina:
2640 5254 2939 5323 Scriptura:
2987 5252 3105 5306 loco
3145 5251 3390 5319 reperies
3439 5265 3561 5302 esse

1975 5353 2189 5408 laudata
2220 5352 2241 5403 ?
2280 5349 2538 5404 Salomon
2564 5346 2766 5417 quippe
2799 5348 2852 5399 in
2880 5344 3193 5398 Proverbiis
3220 5341 3352 5396 dicit
3375 5358 3387 5395 ε
3414 5340 3563 5406 Qua.-

1978 5459 2097 5500 tuor
2150 5432 2270 5499 suit
2317 5444 2540 5497 minima
2599 5451 2775 5500 terrae.
2810 5449 2872 5492 et:
2915 5438 3026 5491 Ita'c
3059 5446 3181 5492 sunt
3235 5436 3564 5505 sapientiora

1976 5531 2706 5605 sapientibus“.lnterqum
2764 5531 3031 5599 leporem,
3086 5530 3202 5583 sive
3260 5526 3562 5582 secundum

1980 5630 2361 5700 Septuaginta,
2429 5626 2748 5679 erinaceum
2772 5632 2824 5679 et
2858 5623 3165 5678 slellionem
3189 5616 3559 5688 computavit:

2154 5834 2210 5891 .“
2246 5832 2348 5885 in.
2388 5848 2435 5894 ν,
2462 5842 2646 5896 tseqq.
2738 5828 2773 5854 "
2802 5822 2944 5878 Psal.
2978 5838 3133 5887 xvtu,
3166 5819 3252 5875 Νι.
3352 5817 3394 5850 ⁸⁸
3417 5813 3559 5873 Pu].
