4218 6450
722 409 831 475 915
1908 419 2267 478 llEtiYClill
2314 420 2388 479 Pf

2330 418 2785 478 PRESBYTERI
3881 402 3996 467 916

724 542 957 597 quorum
982 544 1150 583 unum
1181 530 1436 601 superius
1474 550 1597 585 eum
1664 531 1954 585 catueluu
1986 533 2191 601 lepore,
2243 542 2299 586 ut
2331 538 2373 595 Α
2402 544 2677 587 ρωωιιιυι·
2705 533 2869 587 oculi.
2925 533 3061 599 Quia
3095 547 3225 603 ergo
3267 530 3322 585 in
3355 530 3442 585 his
3457 528 3652 584 animze
3714 523 3994 594 contingit

724 620 1093 684 immundum,
1125 622 1209 677 lex
1244 623 1541 678 accusavit.
1600 623 1877 679 Stellionis
1928 634 2111 679 autem
2155 641 2300 678 nilne
2405 642 2569 689 mors,
2601 626 2888 682 morticina
2916 635 3062 681 recte
3091 624 3479 680 nominantur:
3511 631 3567 676 et
3592 635 3766 690 qutea
3788 618 3986 688 tangit,

724 715 1062 768 mentionem
1086 715 1236 771 fecit.
1272 716 1391 771 Non
1409 734 1539 788 ergo
1569 729 1760 772 natura
1803 733 1992 773 eorum
2024 718 2299 773 immunda
2406 722 2455 773 id
2525 731 2628 782 est,
2684 722 2775 789 qui
2838 721 2891 774 in
2916 721 2997 775 eis
3027 720 3309 790 polluitur,
3341 718 3483 773 sicut
3517 726 3572 772 et
3591 716 3791 769 Paulus
3854 714 3937 768 ait
3973 731 3985 764 :

724 819 827 869 est,
878 809 971 863 sed
1001 825 1101 864 nec
1128 812 1307 867 omnis
1346 815 1527 879 actio;
1558 830 1680 868 nam
1716 817 1992 885 quomodo
2048 826 2301 885 poterant
2402 811 2606 864 Bonum
2645 822 2718 866 est
2766 814 2966 866 homini
2990 812 3262 866 mulierem
3292 827 3397 864 non
3438 820 3657 879 tangere
3694 809 3760 873 “,
3793 805 3991 875 procul

725 898 825 951 ista
856 898 1103 954 laudari?
1133 900 1239 957 Sed
1278 904 1524 973 quaedam
1552 906 1696 960 eirea
1734 908 1851 976 ipsa
1888 917 2017 960 sunt
2052 907 2299 961 actiones
2402 900 2569 956 dubio
2608 902 2923 957 imnnmdus
2956 913 3059 959 est.
3088 901 3234 957 Nihil
3264 902 3415 957 enim
3455 900 3534 955 sic
3556 900 3833 953 hominem
3869 895 3993 964 pol-

724 998 864 1055 apta:
907 989 1377 1047 irrationabilibus
1425 996 1758 1051 animalibus
1800 1005 1855 1050 et
1912 1012 2034 1065 quae
2092 996 2298 1050 nullum
2406 993 2522 1055 luit,
2568 1004 2626 1047 ut
2658 1004 2963 1062 peccaturo.
3012 993 3194 1064 Usque
3225 994 3356 1047 dum
3424 1007 3648 1061 vespera
3706 990 3989 1042 veniente.

719 1076 989 1142 judicium
1034 1080 1279 1150 exigunt,
1325 1097 1447 1152 qua:
1515 1100 1616 1139 nec
1643 1085 1800 1140 nobis
1822 1098 1963 1156 apta:
1998 1096 2147 1153 sunt,
2200 1103 2300 1139 nec
2404 1088 2470 1138 de
2510 1102 2613 1154 qua
2644 1087 2807 1140 David
2830 1087 3093 1141 dicebat:
3151 1087 3233 1139 Ad
3297 1102 3567 1154 vesperam
3622 1082 3993 1136 demorabitur

724 1167 943 1234 proprie
973 1179 1174 1225 nostra:
1198 1182 1359 1226 sunt:
1391 1186 1554 1245 atque
1587 1187 1872 1247 propterea
1904 1180 2166 1248 quandoa
2199 1196 2299 1232 no—
2402 1183 2555 1248 [irtus
2581 1180 2620 1209 '"
2648 1198 2660 1245 ;
2686 1182 2793 1246 .ait
2856 1192 3039 1234 autem
3111 1181 3177 1234 de
3244 1178 3566 1249 pmuiteutia
3605 1172 3936 1245 intelligibili
3973 1192 3986 1224 ;

726 1257 809 1312 bis
825 1260 1239 1331 continguntur,
1260 1264 1569 1322 immundos
1595 1284 1696 1325 nos
1725 1270 1951 1326 faciunt.
1979 1272 2081 1325 Per
2101 1282 2300 1326 terram
2405 1274 2781 1343 puriﬁcatione
2812 1274 3104 1329 diluamus.

727 1364 856 1404 vero
890 1366 1102 1421 repere,
1130 1368 1239 1407 non
1266 1364 1350 1409 est
1406 1357 1715 1423 hominum,
1748 1362 1949 1430 quibus
1980 1376 2298 1416 concessum

2480 1365 2635 1417 Vnus.
2666 1365 2756 1426 3‘2,
2792 1366 2878 1419 53.
2909 1385 2925 1415 ι
2951 1365 3009 1418 Et
3045 1382 3211 1435 super
3240 1366 3381 1433 quod
3414 1359 3992 1429 cecideritquidqunin

723 1453 807 1497 est
840 1455 897 1498 ιιι
926 1446 1059 1500 recti
1104 1446 1386 1514 incedant,
1435 1452 1743 1522 cmlumque
1776 1455 2111 1523 respiciant:
2151 1456 2296 1522 quia,
2405 1459 2469 1508 de
2508 1457 2810 1510 morticinis
2840 1473 3052 1518 eorum,
3077 1456 3358 1526 polluitur,
3400 1465 3507 1508 tam
3550 1454 3905 1520 \asligueum
3940 1456 3995 1498 et

726 1550 893 1604 super
927 1547 1123 1591 terram
1159 1554 1350 1610 repere
1373 1585 1388 1608 ,
1422 1551 1504 1596 est
1540 1544 1756 1599 sordida
1787 1561 1952 1616 Opera
1980 1556 2302 1614 terrenaque
2410 1549 2815 1610 vestimentum,
2850 1564 3011 1613 quam
3046 1547 3201 1615 pellis
3248 1556 3303 1599 et
3334 1546 3575 1598 cilicium
3620 1560 3630 1594 :
3665 1552 3722 1594 et
3758 1541 3813 1592 in
3848 1555 3995 1606 ιμιιι-

726 1645 937 1697 gerere.
969 1628 1102 1695 Qua:
1126 1648 1223 1701 per
1250 1632 1615 1689 diﬂ'ercntiam
1639 1638 1973 1703 animalium,
2006 1655 2126 1708 qua:
2156 1656 2302 1693 nunc
2406 1653 2623 1708 cunque
2672 1640 2730 1691 tit
2762 1653 2920 1707 Opus,
2965 1641 3246 1707 tinguntur
3308 1652 3446 1705 aqua
3489 1646 3544 1689 et
3579 1634 3783 1704 polluta
3822 1639 3992 1682 eum:

724 1721 1509 1796 diuumeratasuntlegislator
1528 1729 1981 1800 signiﬁeavit;ait
2010 1732 2154 1786 enim
2187 1733 2297 1786 sic:
2408 1748 2576 1799 usque
2601 1732 2667 1783 ad
2708 1746 3015 1800 vesperam,
3044 1742 3100 1784 ct
3164 1732 3242 1784 sic
3270 1741 3457 1798 pnstea
3537 1726 3990 1779 Inundalmntur.

795 1812 910 1866 lloc
944 1831 1148 1884 quoque
1176 1817 1311 1871 inter
1340 1820 1547 1888 polluta
1581 1822 1934 1891 reputabitur,
1962 1825 2026 1877 de
2058 1824 2136 1879 liis
2188 1842 2303 1895 quae
2340 1884 2375 1895 Π
2412 1823 2514 1877 Vas
2543 1836 2724 1877 autem
2761 1824 2945 1884 lictile,
2981 1824 3033 1874 iu
3071 1824 3215 1892 quod
3266 1824 3459 1876 horqu
3490 1820 3785 1889 quidquam
3848 1818 4001 1868 intru

720 1917 997 1959 moventur
1027 1909 1080 1960 in
1105 1917 1269 1963 terra.
1305 1909 1419 1964 Non
1473 1914 1601 1981 quia
1660 1916 1840 1984 aliqua
1866 1918 2109 1986 repentia
2169 1932 2299 1971 sunt
2338 1884 2377 1935 η
2408 1916 2685 1977 ceciderit,
2722 1917 3017 1985 polluetur,
3082 1926 3133 1968 et
3170 1915 3377 1967 idcirco
3427 1909 3789 1979 “augendum
3819 1918 3921 1959 e~t.
3972 1924 3993 1955 s

721 1996 942 2058 munda,
976 2013 1140 2083 omne
1179 2003 1325 2055 enim
1358 2018 1498 2071 opus
1522 2005 1666 2073 quod
1693 2021 1793 2075 per
1835 2016 2033 2060 terram
2076 2009 2216 2076 repit
2247 2021 2300 2063 et
2477 2009 2798 2062 Admirabili
2840 2008 3292 2062 divisioueetiam
3329 2004 3667 2059 nuneutitur
3690 1999 3998 2070 legislator;

722 2087 980 2151 trahitur,
1010 2090 1129 2144 sine
1165 2092 1332 2146 dubio
1365 2094 1707 2151 immundum
1738 2107 1844 2152 est.
1874 2098 2107 2168 Propter
2151 2106 2298 2170 quod
2415 2101 2541 2167 quia
2611 2100 2756 2152 enim
2816 2098 3112 2167 aliquando
3170 2113 3236 2148 ex
3287 2093 3637 2164 negligentia,
3691 2088 3998 2158 aliquando

719 2177 920 2233 l‘anlus
950 2180 1074 2233 talia
1105 2183 1171 2236 de
1200 2183 1284 2237 his
1324 2186 1418 2255 qui
1447 2199 1618 2257 agunt
1643 2204 1727 2251 ea,
1762 2190 1980 2245 dicebat
2010 2211 2021 2245 :
2053 2193 2287 2256 ριιυνιιηι
2405 2208 2695 2260 precaturus
2726 2208 2793 2244 ex
2820 2204 2985 2257 opere
3043 2189 3414 2256 malorumque
3460 2187 3667 2247 studio,
3721 2185 3866 2236 sicut
3912 2181 3998 2233 illi

719 2270 861 2321 Dens
896 2281 1075 2324 venter
1117 2282 1214 2336 est,
1244 2286 1292 2328 et
1332 2277 1503 2345 gloria
1537 2279 1589 2331 in
1621 2282 1924 2351 confusione
1950 2299 2151 2348 eorum,
2210 2289 2298 2353 qui
2402 2284 2469 2334 de
2505 2283 2703 2350 quilms
2734 2281 2989 2334 Salomon
3026 2280 3078 2331 iu
3118 2276 3425 2333 Proverbiis
3446 2278 3662 2331 dicebat
3697 2291 3712 2323 :
3743 2273 3845 2330 Cui
3880 2292 3944 2326 va
3972 2276 3999 2325 ?

720 2371 928 2415 terrena
974 2366 1188 2433 sapiunt
1214 2367 1279 2420 “.
1338 2369 1419 2422 Ad
1489 2371 1651 2440 hujus
1676 2382 1859 2427 autem
1919 2376 2223 2444 probatium
2246 2395 2297 2430 ιιι
2402 2376 2564 2441 cuius
2595 2376 2737 2442 patri
2774 2377 2889 2426 ra)?
2930 2374 3012 2425 cui
3046 2374 3180 2425 ἑνινὲ
3213 2373 3296 2425 cui
3333 2372 3509 2424 rixie?
3541 2372 3625 2423 cui
3659 2371 3771 2422 siue
3821 2378 3995 2420 carum

720 2454 882 2520 paulo
908 2465 1030 2524 post
1069 2457 1316 2514 invenies
1333 2460 1698 2530 legislatorcm
1733 2464 2011 2520 dicentem
2046 2488 2057 2519 :
2406 2467 2762 2519 rulueruh‘ui
2787 2466 3004 2534 suffusio
3049 2465 3321 2517 oculorum
3349 2468 3373 2518 ?
3403 2464 3597 2517 Nonne
3636 2464 3714 2515 liis
3752 2464 3842 2529 qui
3873 2470 3997 2513 stu-

791 2544 955 2601 Omne
972 2550 1111 2617 quod
1127 2559 1299 2620 reptat
1343 2569 1499 2623 super
1548 2566 1767 2621 terram,
1795 2558 2150 2614 abominabile
2176 2566 2295 2624 erit,
2403 2562 2523 2610 dent
2552 2559 2668 2610 vino
2708 2568 2754 2610 et
2775 2567 2963 2610 vucrmt
2997 2558 3255 2610 calicibus
3286 2557 3565 2625 epotaudis
3582 2555 3661 2607 ⁵⁸2
3698 2554 3867 2606 Recte
3890 2554 3998 2603 bus

719 2657 813 2693 nec
833 2643 1133 2696 adsumitur
1159 2646 1214 2698 in
1236 2645 1428 2702 cibum.
1452 2646 1594 2719 Ergo
1611 2664 1811 2719 genera
1844 2668 1990 2706 nunc
2020 2655 2295 2723 reptilium
2339 2696 2358 2715 ,
2409 2654 2554 2703 inter
2580 2667 2673 2703 eos
2712 2651 2805 2717 qui
2841 2660 3067 2720 tangunt
3094 2650 3404 2709 morticina,
3433 2648 3638 2717 posuit.
3680 2646 3782 2710 Qui
3856 2660 3996 2695 vero

719 2733 1113 2802 dinumeravit,
1139 2752 1248 2791 non
1277 2740 1421 2809 quod
1457 2741 1562 2794 alia
1620 2742 1733 2795 sint
1757 2744 1978 2809 munda,
2042 2746 2147 2800 alia
2194 2749 2298 2801 ίιιιο
2408 2759 2501 2812 per
2536 2742 2882 2795 evenicntem
2915 2743 3109 2797 aniune
3156 2741 3567 2812 negligentiam,
3600 2749 3654 2791 et
3690 2738 3761 2791 ob
3795 2747 3997 2804 stupo-

717 2825 945 2890 munda,
987 2827 1083 2881 sed
1119 2840 1289 2898 utper
1307 2831 1421 2885 haec
1444 2844 1849 2902 consequenter
1874 2836 2087 2904 reptilia
2111 2841 2296 2907 respui
2407 2851 2518 2887 tetu
2559 2834 2942 2903 defer-tuumne
2966 2835 3229 2887 virtutum
3262 2834 3605 2901 delinquunt,
3631 2830 3993 2898 qltctttatlnzu-

719 2914 1018 2980 discamus,
1049 2933 1117 2970 ex
1160 2918 1353 2972 horum
1386 2922 1492 2975 vita
1518 2938 1684 2977 omne
1737 2940 1912 2993 genus
1939 2926 2299 2995 conjicientes
2407 2930 2536 2979 dum
2617 2926 2783 2978 I‘Iavid
2851 2940 3082 2994 surgens
3143 2924 3363 2977 meridie
3403 2924 3469 2977 de
3534 2930 3703 2975 strato
3743 2935 3868 2983 suo,
3937 2928 3997 2970 et

720 3009 1017 3077 l'eplilium-
1065 3010 1292 3066 MuSleia
1318 3015 1466 3069 enim
1516 3018 1718 3072 animal
1772 3029 1856 3073 est
1914 3020 2183 3087 dolosum,
2246 3033 2300 3075 i-t
2407 3013 2692 3067 ambulans
2730 3014 2784 3065 in
2832 3012 3051 3075 solatio,
3094 3022 3147 3067 et
3189 3013 3327 3066 Uria:
3367 3026 3590 3065 uxorem
3621 3011 3893 3063 lavantem
3933 3023 3995 3058 se

722 3101 876 3155 valde
904 3101 1068 3157 furtis
1104 3118 1322 3159 vacans.
1356 3106 1476 3161 Mus
1524 3119 1753 3177 propter
1781 3111 1987 3165 ventris
2008 3098 2298 3182 ingluviem

2410 3109 2617 3167 videns,
2658 3116 2905 3175 captusa
2938 3106 3166 3159 muliere
3228 3114 3332 3169 est,
3374 3120 3495 3173 qua:
3554 3104 3717 3156 nimis
3764 3103 3995 3170 pulchra

721 3191 891 3246 multa
921 3194 1161 3263 quotidie
1192 3196 1434 3265 pericula
1497 3200 1752 3255 sustinet.
1809 3199 2127 3255 Crocodilus
2180 3202 2298 3256 duri
2330 3238 2369 3287 ε
2408 3209 2540 3264 ιςιιιι,
2572 3198 3012 3267 quiadulteriutu
3045 3198 3205 3250 simul
3259 3196 3723 3263 homicidiurnque
3760 3194 3997 3247 commi-

728 3284 889 3349 rorii,
924 3286 1300 3343 etmalitiosus
1351 3300 1453 3354 est,
1497 3290 1718 3361 lutoque
1767 3293 2026 3361 pascitur.
2070 3295 2300 3364 Μυγάὶη
2342 3284 2357 3287 ⁷
2407 3302 2496 3351 sit,
2536 3290 2587 3343 iu
2624 3290 2721 3344 hos
2751 3290 2946 3343 eadcrc
2978 3289 3263 3343 morticina
3306 3288 3582 3341 dicuntur.
3624 3284 3811 3353 Neque
3845 3286 3999 3337 enim

719 3377 922 3430 animal
947 3389 1031 3432 est
1058 3382 1444 3449 compositum,
1476 3399 1586 3436 non
1635 3396 1849 3451 natura,
1882 3388 1977 3439 sed
2018 3389 2140 3440 vitae
2168 3404 2301 3440 eun~
2409 3385 2507 3452 ipsi
2550 3383 2615 3435 ad
2648 3393 2931 3451 peccaturo
2958 3381 3378 3439 festinaverunt,
3410 3380 3505 3434 sed
3557 3380 3885 3432 inciderunt
3944 3380 3998 3429 iu

719 3468 927 3523 di‘tione
952 3471 1016 3524 ad
1044 3472 1402 3528 deridendum
1423 3486 1632 3544 aptum,
1660 3477 1709 3530 id
1737 3487 1840 3539 est,
1873 3479 2100 3533 utdolos
2120 3480 2298 3542 iaciat,
2407 3478 2505 3536 eis,
2539 3483 2593 3527 et
2624 3471 3025 3541 quodauunodo
3098 3486 3263 3539 super
3326 3488 3384 3523 se
3443 3470 3645 3521 cadens
3702 3480 3995 3537 peccatum

726 3572 782 3614 et
814 3562 1006 3631 rapiat,
1034 3572 1391 3635 ventremque
1421 3568 1630 3636 repleat
1657 3588 1665 3620 :
1716 3580 1937 3639 propter
1964 3570 2109 3639 quod
2150 3588 2300 3625 cum-
2406 3565 2733 3633 suscipiunt.
2761 3563 2897 3629 Quia
2930 3574 3110 3615 autem
3148 3562 3778 3627 omninosusceperunt,
3809 3570 3867 3612 et
3886 3562 3997 3611 nun

722 3654 957 3722 positum
1008 3671 1206 3711 nomen
1247 3661 1461 3728 accepit
1533 3674 1600 3714 ex
1666 3672 1897 3729 utroque
1933 3662 2177 3727 animali,
2237 3680 2302 3716 ex
2407 3660 2747 3720 restiterunt,
2777 3666 3064 3726 prapterea
3098 3666 3243 3707 recte
3278 3652 3547 3708 inuuundi
3575 3664 3724 3714 sunt.
3766 3663 3877 3706 tam
3902 3668 3999 3705 vas

720 3759 831 3811 quo
866 3746 981 3799 haec
1015 3746 1179 3801 habet
1212 3749 1363 3803 vitia.
1392 3750 1724 3804 Chameleon
1776 3751 1830 3804 in
1875 3752 2017 3805 malo
2075 3754 2304 3805 misere-
2410 3750 2657 3821 ligneum
2699 3757 2752 3802 et
2786 3748 3197 3807 vestimentum,
3242 3762 3406 3815 quam
3431 3745 3590 3815 pellis
3621 3757 3673 3799 et
3704 3745 3990 3798 cilicium:

722 3837 847 3902 scit,
877 3848 933 3891 et
953 3855 1064 3907 prae
1094 3838 1411 3895 inlirmitate
1445 3851 1793 3896 mansuetum
1846 3858 1967 3897 esse
2009 3858 2069 3898 se
2126 3844 2300 3913 lingit,
2408 3839 2460 3892 id
2495 3848 2599 3902 est,
2626 3839 2741 3892 sive
2767 3852 2919 3891 oram
2980 3838 3157 3890 levem
3198 3836 3490 3903 quamdam
3551 3844 3607 3887 et
3648 3834 3990 3887 mediocrem

721 3944 844 3982 cum
881 3928 955 3982 sit
989 3929 1413 3985 immansuetum
1442 3932 1663 3986 animal.
1684 3933 1893 3996 Stellio,
1927 3934 2099 3998 idest,
2127 3935 2301 3987 ἀσκα-
2406 3930 2625 3991 habeat,
2658 3926 2781 3979 talia
2812 3933 2942 3979 sunt
2974 3925 3120 3977 enim
3147 3939 3275 3977 vasa
3301 3923 3499 3993 lignea,
3533 3932 3625 3976 aut
3659 3922 3726 3976 ad
3773 3922 3997 3990 tingen—

720 4016 991 4087 λαεώτης,
1018 4017 1183 4072 nimis
1220 4019 1440 4088 quidem
1492 4022 1773 4089 parvulus,
1818 4022 1902 4075 vel
1940 4023 2302 4087 miserrimus,
2405 4020 2533 4071 dum
2599 4014 2980 4097 sufﬁcientem.
3051 4014 3194 4066 Sit—‘11l
3235 4023 3320 4066 (εει
3381 4011 3800 4075 νεειίιηθηῑυῐηο
3874 4011 3994 4062 Si“:

725 4127 1032 4166 venenosus
1072 4122 1267 4166 tamen
1296 4124 1398 4167 est.
1443 4112 1666 4166 Lacerta
1700 4113 1753 4165 in
1781 4114 2049 4181 sepulcris
2073 4114 2300 4168 habitat.
2407 4110 2702 4179 patientem
2721 4146 2734 4168 ,
2760 4120 2921 4174 quam
2959 4104 3116 4173 pellis
3144 4103 3438 4173 signiﬁcat,
3459 4103 3574 4156 sive
3596 4116 3716 4155 eam
3756 4118 3884 4171 qua:
3911 4111 3995 4152 est

722 4202 892 4272 'l‘alpa
928 4219 1133 4259 ezecum
1166 4215 1251 4260 est
1280 4205 1483 4258 animal
1515 4204 1659 4274 quod
1690 4206 1757 4258 dc
1788 4216 1931 4257 terra
1955 4215 2250 4275 generatur
2286 4226 2296 4257 ;
2406 4198 2747 4271 patientium,
2789 4198 2927 4251 hanc
2960 4197 3107 4251 enim
3138 4195 3397 4256 cilicium,
3427 4194 3543 4249 sive
3557 4184 3748 4247 sat’bus
3762 4191 3983 4259 signiﬁ-

724 4295 915 4348 dieuut
951 4295 1097 4349 enim
1132 4310 1252 4349 eam
1298 4294 1367 4349 de
1399 4305 1540 4347 terra
1586 4294 1747 4347 simul
1793 4302 1849 4347 et
1881 4293 2060 4362 pluvia
2130 4296 2302 4346 creari
2405 4302 2513 4346 cat.
2551 4289 2789 4344 Omnino
2815 4296 2999 4342 autem
3030 4302 3125 4341 vas
3158 4295 3265 4352 est,
3307 4288 3361 4341 in
3393 4300 3504 4355 quo
3533 4300 3671 4355 Opus
3695 4284 3873 4354 possit
3907 4286 3991 4353 agi

721 4396 980 4454 corrupto
1032 4386 1166 4449 luto,
1213 4401 1339 4439 eum
1390 4386 1542 4454 prius
1585 4384 1843 4453 'pluviam
1893 4384 2146 4453 suscipit.
2176 4383 2303 4438 lla-c
2419 4382 2665 4446 virtutis;
2708 4381 2787 4433 sic
2820 4379 2965 4433 enim
2986 4378 3243 4447 intelligis
3292 4379 3344 4431 in
3376 4392 3705 4446 quocunque
3731 4375 3792 4428 ﬁt
3825 4391 3986 4444 opus.

720 4493 852 4548 ergo
884 4478 1161 4532 immunda
1197 4488 1324 4531 sunt
1353 4477 1419 4530 de
1458 4476 1716 4530 outnibus
1765 4492 1888 4544 qua:
1922 4486 2305 4545 repuntsuper
2480 4472 2691 4523 Polluta
2719 4481 2867 4523 erant
2899 4486 3060 4539 usque
3098 4471 3169 4522 ad
3199 4485 3486 4537 vesperam.
3536 4466 3592 4523 Id
3648 4482 3751 4531 ρει,
3820 4485 3997 4536 usque

723 4580 947 4637 terram,
970 4584 1082 4625 non
1105 4570 1231 4639 quia
1271 4569 1375 4623 alia
1422 4584 1531 4622 non
1568 4578 1715 4621 sunt.
1752 4568 1982 4636 Propter
2016 4567 2162 4637 quod
2191 4569 2306 4636 pol-
2334 4563 2380 4620 Ι)
2411 4571 2625 4629 tempus
2644 4559 2999 4629 pmnitentiae.
3047 4558 3312 4629 Tingetur
3385 4568 3567 4613 autem
3596 4573 3735 4626 aqua
3756 4559 3991 4619 lavacri,

720 4663 989 4717 lationem
1019 4662 1279 4732 majorem
1313 4662 1538 4725 habent,
1587 4660 1704 4713 sive
1736 4660 2018 4713 malitiam.
2410 4656 2492 4708 vel
2530 4654 2909 4721 lacrymarum,
2950 4660 3005 4704 et
3057 4651 3430 4705 mundabitur.
3462 4649 3570 4704 Vas
3597 4660 3779 4704 autem
3800 4650 3991 4715 ﬁctile,

792 4753 975 4808 Omnis
1015 4755 1107 4825 qui
1165 4754 1393 4824 tetigerit
1434 4752 1716 4805 morliritm
1758 4767 1958 4814 eorum,
2001 4752 2303 4805 immundus
2406 4748 2496 4817 qui
2535 4755 2678 4799 totus
2716 4754 2963 4797 terrenus
2987 4753 3089 4804 est,
3132 4744 3187 4796 id
3216 4752 3317 4807 est,
3353 4743 3466 4797 luto
3498 4743 3680 4796 smeuli
3719 4756 3995 4809 consper-

724 4847 824 4900 erit
852 4863 1016 4917 usque
1038 4848 1108 4899 ad
1129 4863 1416 4916 vesperum.
1466 4846 1610 4899 Ihene
1649 4861 1779 4915 ergo
1817 4844 2009 4913 probat
2041 4843 2305 4898 intentio-

2407 4852 2523 4891 sus.
2587 4836 2644 4888 In
2686 4837 2789 4889 hoc
2836 4835 2883 4888 si
2959 4833 3215 4888 inciderit
3278 4832 3647 4895 morticinum,
3701 4842 3992 4901 peccatum

727 4952 854 4992 nem
884 4936 1212 5008 legislatoris
1263 4937 1379 5006 ipsa
1416 4938 1614 4990 littera.
1684 4933 1738 4988 Si
1808 4935 1954 4988 enim
2021 4935 2300 4988 iunnunda
2406 4930 2550 4999 quod
2574 4928 2901 4982 admonent
2962 4935 3065 4991 εει,
3124 4926 3466 4997 interiusque
3533 4942 3655 4980 eum
3709 4935 3994 4995 ρθηειτει,

726 5036 923 5080 natura
950 5036 1135 5080 essent
1186 5041 1250 5079 ea
1297 5040 1420 5094 qua:
1452 5040 1599 5078 nunc
1630 5024 1775 5078 dicta
1832 5033 1961 5076 sunt
2021 5024 2301 5086 animalia,
2410 5022 2829 5089 domineturquc
2863 5018 2935 5084 ei,
2968 5018 3112 5072 sicut
3175 5018 3345 5072 David
3375 5020 3636 5073 dicebat:
3704 5016 3770 5071 Et
3816 5018 3999 5071 induit

724 5125 1003 5185 oporteret
1032 5115 1374 5168 immundum
1403 5128 1524 5166 esse
1561 5124 1618 5167 et
1661 5114 1755 5181 qui
1796 5126 1861 5166 ea
1902 5112 2140 5166 viventia
2188 5122 2304 5166 tan-
2409 5131 2463 5167 se
2496 5111 2913 5165 maledictioriem
2943 5110 3077 5163 sicut
3106 5111 3492 5174 vestimentum,
3526 5120 3574 5163 et
3599 5110 3821 5163 intravit
3857 5110 4002 5163 sicut

725 5216 916 5277 geret.
956 5220 1103 5261 nunc
1150 5214 1334 5259 autem
1361 5204 1453 5272 qui
1493 5203 1733 5272 tetigerit
1800 5201 2085 5256 morticina
2117 5218 2310 5257 eorum
2412 5222 2553 5275 aqua
2588 5206 2645 5258 in
2669 5206 2930 5257 interiora
2970 5203 3175 5271 ejus",
3232 5203 3323 5272 qui
3382 5217 3492 5256 non
3552 5202 3725 5256 solum
3780 5202 4003 5273 ingredi

725 5298 847 5368 ipse
881 5294 1031 5351 εοιιιε
1058 5295 1373 5350 immundus
1390 5304 1495 5349 est.
1542 5292 1835 5348 Murticina
1864 5301 2051 5346 autem
2090 5306 2303 5354 eorum,
2412 5299 2875 5357 maledictiouem,
2905 5295 3001 5350 sed
3029 5306 3084 5350 ει
3136 5295 3407 5351 dominari
3454 5296 3507 5349 in
3543 5311 3629 5361 eo,
3664 5296 3860 5369 injquo
3913 5296 4005 5349 in-

726 5398 859 5445 sunt
926 5389 1195 5459 praedicta:
1255 5388 1524 5454 aetiones,
1580 5387 1635 5440 id
1698 5396 1782 5440 est
1838 5387 2017 5451 dolus,
2076 5386 2303 5453 furtum,
2415 5406 2596 5459 gressa
2625 5399 2729 5452 est,
2768 5390 2937 5443 dicit:
2974 5389 3283 5442 necessarie
3312 5388 3445 5442 illud
3470 5388 3678 5441 conteri
3704 5388 4003 5457 prem-pit.

730 5480 1047 5551 duplicitas,
1076 5483 1192 5536 sive
1242 5482 1438 5543 ironia,
1506 5492 1559 5535 et
1626 5481 1771 5534 circa
1820 5480 1925 5533 alia
1990 5481 2301 5550 occupatio,
2417 5484 2603 5551 Neque
2622 5478 2767 5533 enim
2801 5479 2921 5547 ejus
2944 5476 3290 5530 immunditia
3338 5476 3479 5530 sicut
3530 5474 3784 5535 aliorum,
3838 5472 4008 5528 facile

730 5586 944 5626 necnon
990 5572 1135 5627 circa
1178 5581 1391 5627 terrena
1445 5573 1725 5627 festinatio
1771 5590 1783 5623 :
1843 5588 1907 5625 ex
1943 5588 2048 5640 qua
2107 5574 2308 5627 mentis
2418 5569 2632 5641 purgari
2663 5576 2861 5638 potest,
2882 5566 3068 5621 labore
3095 5565 3300 5636 quippe
3332 5565 3524 5627 multo,
3558 5573 3612 5616 et
3637 5562 4002 5625 contritione,

792 5780 834 5806 ⁸³
904 5786 1136 5856 Philipp.
1197 5806 1293 5851 ιιι,
1360 5791 1439 5843 itl.
1578 5788 1673 5838 ³⁵1
1732 5790 1855 5842 Cor.
1922 5805 2035 5850 ιιι,
2100 5787 2146 5839 ι.
2277 5784 2316 5812 ³⁸
2373 5783 2453 5835 1's:

2373 5781 2511 5835 l'sal.
2580 5798 2751 5844 xxix,
2808 5781 2860 5831 l5.
3002 5772 3045 5805 "
3077 5772 3235 5828 l'ruv.
3288 5788 3460 5826 χχιιι.
3534 5772 3622 5825 29.
3784 5767 4004 5823 "Pszd.

738 5870 875 5924 svm,
920 5858 999 5913 ιε.
