4218 6450
257 437 361 500 917

1381 431 1464 489 ΙΝ
1497 426 1932 488 LEVlTlCUM.
1972 447 2040 457 -·
2076 425 2220 484 LIB.
2256 425 2370 483 ΙΙΙ.

3423 423 3518 484 919

255 561 312 605 et
349 547 750 618 quodammodo
807 545 1190 600 reformatione
1228 543 1476 595 contritre
1509 548 1673 608 atque
1727 540 1820 591 hu-
1863 540 1908 592 Α
1938 531 2455 599 contemplationem
2512 530 2772 600 Spiritus.
2815 530 2957 598 (111οά
3010 532 3426 598 οοῧηοευὶηιυδι
3483 548 3522 583 5‘-

255 641 475 696 miliatae
529 641 729 694 mentis
768 648 908 708 egct,
933 639 1074 692 sicut
1133 636 1208 689 ait
1250 634 1435 696 David,
1497 633 1539 686 si
1583 631 1833 685 mundari

255 733 394 787 vult.
437 731 592 786 Unde
624 741 678 784 et
716 732 910 784 beatus
942 729 1140 782 Paulus
1169 729 1216 759 “
1255 741 1379 779 cum
1405 725 1497 793 qui
1528 738 1650 777 cum
1671 737 1836 775 uxore

259 822 426 891 patris
457 823 754 875 fornicatus
780 829 878 881 est,
901 821 954 872 in
978 829 1184 872 tantum
1213 816 1485 875 contrivit,
1515 822 1572 866 ut
1621 814 1835 866 Satanae

262 929 387 967 eum
427 912 662 965 traderet
693 913 746 964 in
780 911 1002 964 interitu
1049 910 1249 968 carnis,
1299 918 1569 976 quatenus
1630 907 1680 957 in
1743 905 1833 957 tali

259 1002 589 1057 contritione
621 1001 857 1054 salvaret
883 1001 1162 1069 spiritum.

331 1091 491 1144 Vens.
536 1091 624 1144 51.
658 1109 676 1140 ι
716 1088 905 1144 Omnis
928 1091 1082 1144 cibus
1109 1105 1270 1158 quem
1302 1090 1610 1150 comeditis,
1651 1090 1693 1142 si
1717 1088 1836 1140 fusa

263 1183 425 1236 fuerit
453 1197 618 1252 super
639 1197 764 1236 eum
797 1197 956 1251 aqua,
988 1183 1300 1235 immundus
1321 1183 1428 1235 erit
1453 1200 1465 1234 :
1498 1190 1553 1235 et
1584 1196 1744 1233 omne
1771 1180 1830 1232 li~

258 1291 430 1344 quens
443 1277 585 1346 quod
603 1276 805 1330 bibitur
819 1277 885 1330 de
899 1277 1153 1329 universo
1169 1275 1658 1337 vase,immundum
1676 1274 1794 1327 erit.
1812 1293 1827 1324 ι

329 1367 520 1421 Cibum
550 1382 671 1420 esse
698 1377 752 1420 et
779 1375 964 1435 potum
1000 1367 1053 1419 in
1121 1367 1268 1418 omni
1305 1381 1431 1420 vase
1471 1365 1639 1418 bonas
1670 1365 1834 1418 actio.

263 1471 362 1510 nes
390 1456 760 1525 intelligimus.
791 1456 1085 1524 Propterea
1114 1457 1261 1509 enim
1301 1456 1462 1508 dixit:
1485 1454 1650 1507 Cibus
1672 1471 1832 1522 quem

263 1547 571 1609 comeditis,
600 1548 884 1615 etliquens
909 1549 1052 1615 quod
1088 1547 1314 1609 bibitur,
1384 1547 1508 1615 quia
1569 1548 1833 1600 malarum

262 1641 534 1694 actionum
564 1651 618 1694 et
640 1641 792 1694 cibus
808 1649 862 1694 et
891 1650 1052 1709 potus
1083 1641 1419 1708 prohibetur,
1446 1640 1494 1693 id
1523 1649 1626 1705 est,
1648 1655 1834 1693 eorum

260 1729 699 1784 communicatio.
725 1731 780 1783 Si
811 1729 1012 1798 ergoin
1032 1729 1207 1797 aliqua
1239 1730 1502 1782 bonarum
1536 1731 1831 1794 actionum,

253 1835 372 1889 qua:
405 1820 457 1873 in
492 1820 639 1874 omni
665 1834 790 1872 vase
819 1827 967 1881 sunt,
1003 1820 1053 1872 id
1084 1830 1185 1882 est,
1217 1820 1270 1873 in
1293 1822 1444 1874 omni
1476 1820 1696 1873 homine
1722 1822 1835 1874 sive

1944 625 2238 677 verborum
2316 621 2820 691 interpretationem
2899 621 3200 675 secundum
3269 623 3524 677 virtutem

1944 731 2096 767 suam
2125 714 2349 767 scrutati
2375 713 2663 768 fuerimus.
2697 712 2836 779 Quid
2864 714 3010 767 enim
3038 713 3236 768 clibani
3266 715 3349 767 vel
3387 715 3526 769 forte

1947 803 2312 871 chytropodes
2366 812 2658 866 rtOt-entur,
2720 801 3009 855 morticino
3064 802 3116 854 in
3157 801 3238 855 eis
3300 805 3526 855 cadente

1944 895 2133 948 mure?
2174 895 2227 947 Si
2269 905 2450 948 autem
2485 895 2684 947 clibani
2747 903 2800 948 ct
2839 895 3203 964 chytropodes
3233 906 3521 959 uocentur,

1943 989 2213 1058 quomodo
2253 1005 2362 1041 non
2393 987 2565 1056 magis
2617 1003 2876 1054 aquarum
2905 988 3279 1048 collectioncs,
3316 989 3366 1038 in
3401 987 3524 1055 qui-

1947 1081 2046 1133 bus
2081 1079 2350 1147 contingit
2380 1079 2633 1131 animalia
2674 1079 2786 1130 lucc
2842 1079 3523 1145 incidentia.contputres-

1944 1172 2105 1222 cere?
2137 1170 2241 1222 Sed
2274 1169 2401 1238 quid
2432 1179 2589 1237 putas
2621 1168 2815 1225 clibani
2861 1168 2944 1221 vel
2968 1168 3328 1237 ehytroriodcs
3354 1167 3523 1235 signi—

1945 1257 2143 1312 ficant?
2192 1258 2472 1326 Magistros
2517 1258 2787 1319 videlicet,
2842 1257 2895 1308 in
2947 1257 3147 1325 quibus
3196 1254 3299 1309 cibi
3355 1269 3522 1308 sacra:

1943 1351 2204 1404 doctrina:
2232 1359 2562 1419 coquuntur,
2596 1349 2931 1418 operationis
2964 1349 3196 1418 Spiritus
3237 1349 3359 1418 igne
3394 1364 3524 1417 sup-

1945 1444 2138 1511 posito.
2169 1442 2285 1495 Non
2322 1452 2406 1496 est
2458 1452 2640 1496 autem
2700 1443 2921 1502 mirum,
2979 1442 3220 1495 clibanos
3273 1457 3366 1496 eos
3425 1458 3522 1512 per

1946 1537 2314 1603 metaphoram
2363 1542 2417 1585 et
2443 1535 2806 1604 chytropodas
2831 1533 3113 1602 appellari,
3141 1534 3265 1603 quia
3290 1535 3344 1586 in
3381 1538 3520 1588 mul-

1946 1628 2016 1680 tis
2053 1626 2258 1680 scimus
2294 1619 2530 1679 divinam
2564 1625 2903 1694 Scripturam
2930 1626 3126 1680 talibus
3165 1643 3316 1680 usam
3346 1629 3520 1682 nomi-

1944 1719 2127 1772 nibus.
2174 1719 2305 1771 rs'am
2357 1718 2522 1772 David
2576 1717 2752 1781 Moab,
2799 1719 2851 1771 id
2900 1728 2983 1773 est
3026 1728 3233 1786 gentes,
3290 1719 3520 1774 lcbctem

1945 1813 2258 1881 appellavit.
2296 1813 2373 1866 ait
2399 1812 2580 1866 enim:
2614 1816 2768 1865 Moab
2804 1811 2910 1866 olla
2957 1814 3068 1881 spei
3099 1814 3320 1876 mcw",
3356 1829 3522 1883 prop-

253 1914 519 1983 principe,
551 1913 666 1967 sive
697 1913 930 1983 plebeio,
969 1913 1083 1965 sive
1107 1913 1372 1981 sapiente,
1399 1914 1512 1966 sive
1553 1912 1819 1981 imperito,
1867 1896 1909 1952 Β
1944 1914 2024 1958 ter
2057 1905 2397 1972 baptismatis
2419 1919 2606 1972 aquas,
2641 1919 2762 1972 quae
2799 1905 2850 1957 in
2907 1905 2988 1959 eis
3019 1905 3293 1958 calcliunt.
3331 1905 3437 1961 Sed
3468 1916 3522 1961 et

255 2023 416 2059 unum
445 2007 724 2076 quodlibet
751 2021 941 2060 eorum
970 2020 1091 2073 quae
1153 2005 1297 2060 dicta
1360 2017 1508 2070 sunt,
1571 2005 1826 2081 inciderit

254 2097 681 2161 morticinorum,
733 2097 1042 2151 necessario
1070 2097 1384 2151 immundus
1409 2099 1535 2152 erit.
1561 2097 1690 2151 Nam
1721 2101 1822 2152 etsi

250 2204 357 2242 non
417 2189 484 2242 ab
524 2189 680 2242 initio
731 2189 869 2243 mala
928 2189 1162 2257 quadam
1214 2190 1518 2244 intentione
1552 2191 1821 2244 actionem

251 2282 443 2334 bonam
471 2282 720 2350 cmperit,
741 2281 879 2335 sicut
908 2282 961 2334 hi
993 2281 1202 2334 faciunt
1242 2282 1358 2350 qui,
1404 2292 1628 2351 propter
1654 2300 1822 2352 nego-

249 2373 526 2426 tiationem
587 2373 670 2427 vel
732 2373 967 2433 lucrum.
1025 2373 1283 2442 pietatem
1353 2374 1581 2444 lingunt,
1638 2387 1820 2442 postea

250 2471 430 2517 autem
458 2464 711 2518 inciderit
757 2464 958 2518 actioni
1001 2465 1120 2531 ejus
1189 2463 1465 2533 superbia.
1529 2465 1684 2518 dolus
1730 2475 1823 2519 aut

253 2554 572 2622 hypocrisis,
611 2554 694 2607 vel
720 2555 897 2608 simile
948 2553 1249 2623 quidpiam,
1275 2555 1417 2623 quod
1452 2557 1820 2622 morticinum,

251 2654 436 2712 utpote
485 2655 714 2699 mortem
746 2645 1144 2714 quodammodo
1193 2645 1535 2715 participanti
1563 2647 1821 2710 inferens,

248 2737 466 2802 dicitur,
531 2737 635 2790 erit
688 2747 744 2791 et
802 2737 889 2790 hic
937 2737 1270 2800 immundus,
1331 2737 1525 2791 bonam
1555 2738 1823 2807 siquidem

249 2827 516 2880 actionem
543 2829 681 2880 mala
713 2828 1134 2896 subingrediens
1175 2828 1408 2882 intentio
1435 2829 1644 2897 polluit.
1685 2827 1822 2893 Quid

248 2924 426 2969 autem
463 2917 670 2970 addidit
699 2897 823 2986 legi,
865 2931 984 2984 quae
1014 2924 1098 2969 est
1123 2916 1189 2969 de
1216 2916 1381 2969 cibo?

320 3009 377 3064 Si
427 3013 546 3080 fusa
605 3011 761 3080 fuerit
791 3027 948 3078 super
995 3026 1113 3062 eum
1166 3025 1326 3078 aqua.
1361 3008 1630 3066 Ostendit,
1697 3009 1823 3076 quia

253 3115 364 3162 eas,
399 3116 518 3169 qua:
550 3110 679 3154 sunt
710 3110 832 3169 post
863 3100 1152 3168 baptisma,
1185 3100 1429 3154 actiones
1463 3100 1732 3168 quaesivit,
1773 3109 1826 3152 et

249 3207 427 3247 sermo
464 3192 512 3246 ei
566 3194 633 3246 de
682 3192 826 3246 fideli
865 3201 919 3245 et
978 3192 1252 3260 baptizata
1304 3201 1431 3251 est.
1492 3192 1559 3245 de
1623 3191 1823 3245 infideli

248 3298 430 3340 autem
469 3287 740 3340 actionem
785 3287 932 3339 illam
959 3287 1297 3339 mentionem
1341 3284 1489 3338 facit.
1514 3285 1668 3350 Quod
1704 3300 1828 3354 pro-

247 3377 341 3432 bat
361 3378 552 3432 beatus
591 3378 792 3432 Paulus
819 3378 1042 3431 dicens:
1079 3375 1276 3444 Scripsi
1307 3375 1449 3428 vobis
1479 3376 1535 3427 in
1565 3372 1829 3443 Epistola,

251 3485 354 3521 non
402 3469 723 3522 commisceri
769 3469 1098 3538 fornicariis,
1161 3484 1263 3521 non
1307 3469 1484 3536 utique
1531 3467 1831 3535 fornicariis

249 3561 408 3628 hujus
444 3561 649 3622 mundi,
681 3570 773 3613 aut
817 3562 1018 3615 avaris.
1069 3569 1164 3612 aut
1208 3558 1509 3627 rapacibus,
1548 3567 1641 3610 aut
1677 3558 1830 3611 idolis

247 3652 610 3718 servientibus,
642 3653 842 3719 alioqui
868 3652 1162 3705 debueratis
1195 3652 1259 3704 de
1295 3655 1389 3703 hoc
1421 3651 1614 3703 mundo
1642 3651 1827 3702 exisse.

248 3741 404 3796 Nunc
424 3751 601 3796 autem
641 3743 826 3810 scripsi
866 3742 1026 3803 vobis,
1057 3741 1102 3794 si
1129 3741 1172 3794 is
1195 3741 1284 3810 qui
1306 3741 1474 3810 frater
1502 3739 1829 3800 nominatur,

248 3846 323 3888 est
344 3836 649 3905 fornicator.
679 3845 773 3887 aut
796 3835 1117 3896 immundus,
1160 3843 1253 3886 aut
1282 3849 1496 3896 avarus,
1550 3841 1642 3885 aut
1677 3831 1832 3886 idolis

246 3927 497 3987 serviens,
527 3935 620 3979 aut
640 3926 947 3991 maledicus,
981 3934 1072 3978 aut
1102 3924 1352 3986 ebriosus,
1384 3933 1475 3977 aut
1493 3940 1683 3991 rapax,
1712 3932 1830 3977 cum

247 4019 611 4086 hujuscemodi
647 4035 738 4071 nec
752 4019 921 4072 cibum
947 4035 1174 4072 sumere.
1201 4017 1340 4081 Quid
1362 4019 1499 4071 enim
1521 4017 1723 4071 uri/ride
1748 4018 1829 4071 Itis

247 4111 339 4177 qui
364 4111 490 4180 foris
505 4110 913 4178 sunt.judicare
933 4112 976 4142 ⁸³
1002 4110 1024 4163 1
1046 4109 1101 4162 In
1130 4118 1342 4164 tantum
1381 4109 1564 4162 nullus
1582 4110 1630 4162 ei
1649 4124 1829 4162 sermo

249 4208 336 4252 cst
361 4201 426 4253 de
451 4200 688 4264 actione,
733 4201 851 4255 sive
884 4200 1301 4255 conversatione
1335 4213 1523 4254 eorum
1556 4198 1648 4267 qui
1695 4197 1829 4253 foris

248 4300 400 4346 sunt.

322 4380 485 4435 Vens.
523 4381 612 4446 55,
644 4381 733 4435 56.
783 4401 802 4432 ‹
831 4381 1176 4451 thuidquitl
1193 4381 1262 4435 de
1305 4383 1610 4438 morticinis
1635 4383 1827 4438 istius-

251 4473 394 4527 modi
449 4472 710 4527 ceciderit
780 4487 948 4541 super
974 4473 1127 4538 illud,
1165 4473 1508 4528 immundum
1539 4475 1664 4529 erit.
1697 4475 1825 4530 Sive

1932 1996 2182 2050 Ezechiel
2199 1996 2428 2050 lebetem
2445 1995 2745 2050 Jerusalem
2769 1997 3023 2066 appellat,
3039 1997 3132 2050 sed
3163 1997 3381 2066 plenum
3400 2013 3520 2050 car-

1931 2087 2094 2141 nibus
2107 2088 2299 2151 ”,sive
2320 2097 2378 2142 ut
2397 2087 2771 2158 Septuaginta,
2796 2105 2988 2141 veneno
3012 2104 3028 2141 :
3058 2089 3200 2142 viros
3221 2089 3271 2142 in
3294 2103 3357 2142 ea
3383 2090 3518 2142 male

1929 2182 2189 2237 docentes
2246 2190 2300 2236 et
2353 2184 2602 2237 viventes
2649 2183 2979 2252 significans.
3023 2183 3331 2239 Secundum
3377 2187 3518 2242 hanc

1929 2287 2057 2342 ergo
2079 2274 2359 2330 rationem.
2378 2273 2572 2327 clibani
2591 2281 2647 2327 et
2668 2273 3047 2344 chytropodes,
3067 2276 3262 2343 quibus
3281 2292 3518 2347 coquan-

1931 2377 2018 2420 tur
2043 2367 2169 2430 cibi,
2203 2367 2455 2422 videlicet
2485 2369 2664 2437 p0puli
2695 2369 2977 2431 doctrinm,
3011 2370 3116 2423 dici
3145 2381 3392 2439 possunt.
3427 2371 3519 2427 llis

1931 2473 2057 2526 ergo
2086 2457 2131 2510 si
2173 2458 2424 2511 inciderit
2449 2459 2815 2522 morticinum,
2856 2461 2909 2514 id
2932 2468 3035 2523 est,
3071 2460 3113 2514 si
3147 2463 3349 2530 peccati
3372 2477 3517 2516 mor-

1931 2549 2184 2602 tilicantis
2233 2549 2373 2602 actio
2401 2551 2808 2618 supervenerit.
2859 2551 3123 2605 immundi
3171 2552 3307 2606 fiunt
3335 2561 3389 2606 et
3417 2555 3514 2608 de-

1930 2639 2402 2704 struuntur:Quia
2430 2643 2519 2710 qui
2542 2643 2724 2695 docent
2751 2659 2851 2695 non
2877 2645 3048 2713 furari
3068 2645 3401 2713 furantur,et
3425 2650 3513 2716 qui

1928 2733 2216 2797 prwdicant
2273 2747 2374 2784 non
2438 2733 2688 2786 marchari
2752 2734 3078 2786 mmcltantur
3112 2736 3205 2800 “;
3264 2736 3513 2792 doctrina

1933 2821 2204 2889 siquidem
2253 2821 2396 2874 bona
2425 2829 2528 2884 est,
2579 2833 2688 2872 non
2728 2831 2812 2874 est
2862 2822 3164 2876 immunda.
3197 2822 3305 2876 Nec
3331 2823 3512 2877 divina

1935 2922 2155 2980 propter
2188 2912 2292 2966 hoc
2319 2913 2698 2966 abominamur
2732 2913 2971 2981 eloquia,
3000 2915 3145 2982 quod
3177 2931 3241 2968 ex
3275 2917 3357 2970 eis
3388 2917 3513 2986 qui-

1938 3004 2060 3057 dam
2091 3004 2276 3058 forsan
2327 3004 2590 3058 immundi
2641 3005 3030 3074 praedicatores
3057 3006 3236 3062 etl‘ecti
3283 3019 3432 3073 sunt,
3461 3021 3515 3065 et

1934 3105 2223 3163 propterea
2269 3096 2467 3156 fontes,
2511 3096 2764 3151 videlicet
2812 3098 3088 3166 opulentis
3131 3100 3419 3154 doctrinm:
3460 3111 3513 3155 et

1936 3188 2202 3242 cisternas
2251 3189 2364 3243 sive
2421 3189 2591 3253 lacus,
2627 3189 2840 3258 linguas
2879 3191 3164 3259 loquentes
3195 3194 3512 3257 mediocria,

1935 3291 1990 3335 et
2027 3282 2328 3335 doctrinam
2362 3290 2660 3336 mutuatam
2699 3284 2984 3339 habentes.
3020 3284 3125 3340 Sed
3148 3298 3201 3341 et
3237 3288 3514 3343 collectio-

1938 3385 2036 3423 nes
2066 3385 2350 3438 aquarum,
2394 3386 2490 3425 eos
2517 3371 2610 3439 qui
2661 3373 2902 3441 undique
2953 3375 3263 3444 huiusmodi
3323 3379 3516 3434 verbo-

1938 3477 2057 3514 rum
2086 3461 2417 3516 allluentiam
2445 3475 2798 3534 congregant,
2829 3481 2952 3520 esse
2973 3469 3207 3523 mundas
3241 3470 3514 3541 legislator

1935 3554 2089 3607 dixit.
2119 3553 2224 3608 Sed
2259 3569 2421 3623 quam
2462 3557 2908 3625 consequentiam
2962 3559 3174 3625 habuit,
3202 3572 3263 3617 ut
3300 3563 3368 3617 de
3419 3564 3511 3618 cli-

1935 3645 2091 3700 banis
2117 3655 2174 3700 et
2196 3647 2543 3717 cbytropodis
2569 3649 2820 3716 loquens,
2862 3651 3229 3708 subinferret:

2007 3735 2254 3805 Exceptis
2298 3738 2530 3808 fontibus
2571 3741 2877 3808 aquarum?
2923 3741 3027 3796 Sed
3052 3743 3177 3812 quia
3225 3760 3322 3815 per
3371 3747 3512 3801 illum

1935 3826 2226 3896 magistros
2251 3827 2925 3898 signiﬁcavit,necessarie
2945 3834 3124 3889 fontes
3149 3845 3203 3890 et
3224 3837 3512 3900 cisternas.

1933 3927 1989 3972 et
2015 3919 2364 3976 collectiones
2392 3935 2656 3989 aquarum
2691 3925 2950 3988 subdidit,
2973 3940 3113 3993 quas,
3150 3927 3292 3983 sicut
3328 3939 3514 3984 osten-

1934 4025 2056 4064 sum
2083 4020 2188 4076 est,
2215 4012 2269 4064 in
2300 4013 2548 4066 doctrina
2598 4014 2967 4083 accipiuntur.
3003 4017 3233 4086 Propter
3263 4021 3405 4088 quod
3445 4023 3511 4074 ad

1932 4099 2329 4154 Samaritanam
2384 4099 2650 4155 Dominus
2680 4102 2932 4157 dicebat:
2986 4104 3294 4176 Quicunque
3329 4109 3511 4162 biberit

1934 4191 1998 4243 de
2025 4207 2168 4260 aqua
2227 4207 2389 4261 quam
2425 4208 2517 4260 ego
2554 4193 2691 4248 dabo
2725 4196 2792 4259 ei,
2851 4211 2955 4249 non
2988 4198 3129 4250 sitiet
3161 4198 3374 4259 iterum,
3422 4202 3512 4253 sed

1931 4283 2020 4351 fiet
2053 4285 2110 4336 in
2137 4300 2198 4338 eo
2245 4285 2362 4355 fons
2391 4301 2546 4353 aquas
2577 4286 2820 4341 salientis
2873 4289 2928 4341 in
2959 4291 3120 4342 vitam
3154 4300 3404 4344 eterna":
3423 4292 3468 4324 "
3499 4335 3507 4345 .

1934 4374 2079 4428 Bene
2118 4384 2301 4430 autem
2338 4375 2422 4429 lex
2457 4377 2729 4432 subdidit:

2001 4465 2101 4532 Qui
2120 4469 2391 4522 morticina
2411 4485 2588 4522 eorum
2606 4469 3261 4540 tetigerit,polluetur.Ubi
3285 4471 3516 4541 Septua-

251 4563 471 4628 clibani,
508 4564 628 4618 sive
658 4565 1023 4633 chytropodes
1077 4565 1428 4619 destruentur
1455 4575 1512 4620 ει
1561 4566 1824 4622 immundi
1862 4591 1902 4644 ο
1934 4559 2080 4628 ginta
2139 4559 2339 4613 edunt:
2372 4559 2478 4624 Qui
2510 4562 2874 4629 verotetigerit
2898 4579 3101 4615 omnem
3124 4563 3513 4616 immunditiam

251 4659 434 4704 erunt.
480 4650 675 4705 Fontes
698 4667 848 4715 vero,
885 4661 940 4707 et
973 4653 1246 4715 cisternae,
1274 4663 1329 4708 et
1357 4657 1538 4709 omnis
1562 4672 1827 4726 aquarum

251 4743 621 4812 congregatio,
689 4744 893 4798 munda
947 4745 1072 4801 erit.
1125 4744 1231 4811 Qui
1291 4746 1582 4801 morticina
1637 4765 1828 4804 eorum

255 4837 509 4903 tetigerit,
537 4838 826 4906 polluetur.
855 4855 872 4886 ι

326 4927 590 4980 Extranea
613 4929 1016 4996 quodammodo
1043 4944 1166 4984 esse
1201 4945 1288 4991 ea,
1324 4931 1391 4984 de
1434 4933 1634 5001 quibus
1682 4950 1829 4988 nunc

253 5031 450 5074 tractat
474 5021 766 5091 legislator,
790 5031 1099 5089 apparent:
1148 5023 1308 5092 cujus
1333 5024 1478 5077 enim
1518 5027 1595 5078 rei
1655 5028 1826 5096 gratia

254 5112 498 5165 clibanus
538 5120 591 5164 et
621 5111 983 5180 chytropodas
1017 5113 1072 5166 in
1099 5121 1308 5166 tantum
1339 5115 1414 5167 ait
1444 5130 1567 5169 esse
1601 5117 1834 5171 immun-

255 5206 355 5258 dos
407 5213 465 5257 ut
519 5220 710 5257 eorum
763 5204 1174 5260 mundationem
1227 5207 1582 5275 praeciperet;
1653 5207 1833 5264 fontes

253 5307 385 5345 vero
415 5301 470 5344 et
499 5292 789 5356 cisternas,
816 5292 1058 5361 aliasque
1099 5297 1549 5364 congregationes
1568 5315 1828 5366 aquarum

251 5397 374 5434 esse
413 5381 644 5434 mundas
691 5381 947 5449 scripsit?
997 5382 1081 5436 An
1125 5383 1309 5437 lorsan
1360 5388 1484 5453 quia
1549 5387 1664 5442 lucc
1719 5406 1828 5442 non

251 5469 432 5520 solent
465 5467 678 5535 pollui?
713 5467 765 5520 Si
791 5468 937 5521 enim
973 5485 1237 5538 aquarum
1276 5475 1627 5530 collectiones
1651 5479 1829 5546 pollu-

253 5560 433 5613 tiones
483 5568 696 5613 nostras
738 5560 972 5627 diluunt,
1028 5567 1303 5632 quomodo
1357 5567 1520 5635 pollui
1566 5572 1830 5637 possunt?

251 5649 488 5706 Omnino
538 5667 669 5721 ergo
726 5651 973 5707 invenies
1023 5657 1388 5712 cohaerentem
1446 5659 1580 5730 legis
1633 5663 1829 5718 littera:

308 5849 354 5880 ⁸⁰
395 5858 613 5924 ICor.v,
646 5861 759 5914 1-5.
825 5865 865 5894 ¹¹
905 5863 1034 5919 ibid.
1073 5864 1227 5919 9-l2.
1307 5869 1347 5898 ⁵²
1386 5867 1652 5936 Psaltax,
1685 5869 1766 5923 l0.

1849 5869 1891 5899 ⁵³
1922 5868 2118 5921 Ezech.
2143 5869 2284 5932 xr,7.

1938 4652 2132 4704 animi:
2193 4652 2586 4705 morticinorum
2628 4654 2862 4721 ipsorum
2896 4695 2913 4720 ,
2944 4656 3244 4708 immundus
3289 4657 3410 4710 erit.
3449 4659 3514 4711 Et

1934 4743 2174 4796 animam
2219 4743 2568 4806 addiderunt,
2605 4759 2674 4797 ne
2704 4745 2844 4799 forte
2867 4747 3071 4815 putetis
3099 4747 3166 4802 de
3196 4749 3514 4818 repentibus

1938 4835 2287 4890 scnsibilibus
2307 4845 2399 4890 aut
2428 4837 2616 4891 bestiis
2649 4838 2758 4892 dici
2801 4857 2813 4892 :
2849 4855 2974 4892 nam
3008 4855 3196 4896 eorum
3222 4842 3313 4912 qui
3344 4846 3511 4912 tangit

1939 4929 2245 4991 morticina,
2287 4945 2395 4984 non
2455 4932 2672 4992 animae,
2697 4933 2792 4986 sed
2823 4934 3068 5002 corporis
3111 4934 3510 4990 immunditiam

1940 5018 2132 5088 tangit.
2189 5019 2331 5089 Ergo
2383 5020 2450 5073 de
2491 5020 2805 5076 doctoribus
2837 5023 3246 5092 intelligendum
3291 5025 3513 5095 est.qui

1936 5113 2198 5168 immundi
2251 5116 2376 5168 facti
2436 5128 2566 5169 sunt
2636 5116 2914 5173 immunda
2970 5119 3204 5189 quadam
3268 5128 3324 5174 et
3373 5122 3510 5173 mala

1935 5205 2168 5260 actione.
2234 5206 2437 5260 l‘lorum
2496 5209 2639 5262 enim
2695 5210 2978 5276 doctrinis,
3039 5212 3257 5280 quando
3309 5212 3512 5266 fuerint

1935 5298 2233 5349 secundum
2275 5298 2446 5366 legem
2500 5299 2617 5361 Dei,
2663 5302 2972 5364 intendere,
3025 5303 3283 5371 cperibus
3323 5287 3510 5358 eorum

1935 5398 2118 5440 autem
2145 5389 2296 5441 nullo
2330 5390 2490 5442 modo
2518 5392 2943 5456 communicare,
2992 5409 3094 5447 nec
3142 5403 3374 5448 tractare
3424 5409 3507 5451 ea.

1937 5479 2020 5534 vel
2070 5480 2294 5533 omnino
2359 5481 2672 5550 contingere
2729 5483 3028 5550 debemus,
3101 5485 3512 5539 reminiscentes

1938 5571 2228 5625 verborum
2261 5573 2374 5635 Dei,
2410 5589 2530 5641 qua:
2562 5576 2625 5627 ad
2655 5577 3127 5630 confirmationem
3158 5578 3508 5647 prtesentium

1937 5668 2070 5721 dixit
2098 5670 2162 5722 ad
2191 5671 2470 5738 populum,
2505 5671 2617 5724 sive
2650 5671 2976 5740 discipulos:
3013 5670 3181 5739 Super
3209 5670 3510 5723 cathedram

2366 5870 2407 5901 -"
2430 5868 2662 5933 Rarum,
2693 5870 2782 5923 9|.
2863 5868 3084 5923 “Joan.
3114 5883 3187 5933 tv,
3216 5867 3399 5933 13,14-
