4218 6450
701 386 809 449 929

1901 395 2261 454 HESYCHII
2310 397 2780 463 PRESBYTERI

3859 415 3971 475 929

704 501 866 553 ,ῖίυοιδῑ
900 497 1143 553 sederunt
1179 500 1375 553 Scriba:
1393 510 1439 553 et
1475 499 1751 553 Pliarrswi.
1797 502 1989 556 Omnia
2038 522 2284 573 qurerun-
2317 513 2358 566 Α
2390 511 2643 575 medelis,
2673 516 2801 581 quia
2830 515 3197 571 abominabile
3229 529 3333 573 εει.
3370 520 3550 575 Nolite
3592 527 3969 579 contaminare

703 610 802 661 que
836 595 1013 645 dicunt
1043 595 1203 656 vobis,
1239 592 1398 659 facile
1422 606 1469 647 et
1490 598 1777 660 custodite;
1798 606 2078 652 secundum
2106 614 2281 653 autem

702 700 859 753 opera
896 702 1072 737 eorum
1096 685 1258 739 nolite
1278 688 1452 755 fasere
1466 689 1511 717 "
1532 730 1544 739 .

778 773 935 827 Vens.
956 776 1047 837 δῖ’,
1073 776 1163 829 38.
1199 794 1216 825 ι
1254 776 1315 829 Si
1342 776 1594 831 ceciderit
1623 795 1789 849 super
1822 793 2145 847 sementem,
2170 800 2279 838 non

702 866 898 933 polluit
929 881 1071 920 eam.
1128 866 1220 921 Sin
1252 876 1435 922 autem
1474 872 1742 940 quispiam
1784 888 1930 942 aqua
1980 888 2280 931 sementem

703 958 1080 1024 perluderitet
1119 969 1309 1028 postea
1358 963 1663 1016 morticinis
1692 975 1829 1019 tacta
1882 967 2068 1032 fuerit,
2134 968 2280 1023 illico

704 1049 993 1115 polluetur.
1036 1070 1053 1098 ›

774 1138 916 1192 Nihil
944 1142 1311 1197 indiscussum
1346 1146 1599 1214 relinquit
1638 1147 1930 1217 Iegislator.
1962 1152 2065 1205 sed
2093 1156 2276 1209 omnia

700 1232 755 1283 in
795 1234 1150 1302 subsequenti
1176 1237 1419 1301 discutit,
1452 1240 1843 1309 perfectionem
1889 1244 2022 1314 legis
2058 1247 2277 1315 spirita-

701 1326 805 1378 lem
836 1326 1067 1394 probare
1105 1330 1443 1395 desiderans,
1493 1334 1594 1387 etsi
1639 1335 1953 1403 imperfecta
1988 1340 2069 1392 eis
2125 1342 2273 1396 vide-

701 1418 860 1472 batur
887 1420 1105 1488 quando
1137 1421 1306 1473 solam
1334 1423 1687 1477 intuebantur
1721 1426 1979 1480 litteram.
2010 1428 2276 1484 DilIereu-

704 1512 833 1564 tiam
894 1511 1183 1580 igiturhic
1239 1514 1563 1577 inﬁdelium,
1593 1518 1685 1585 qui
1730 1520 1962 1573 necdum
2019 1520 2275 1591 baptizati

700 1614 828 1657 sunt
852 1606 1095 1672 exponit,
1130 1616 1186 1658 et
1214 1621 1403 1661 semen
1454 1618 1714 1677 utrosque
1762 1613 2021 1679 appellat,
2086 1626 2275 1683 utpote

698 1695 789 1762 qui
842 1709 1202 1765 susceperunt
1257 1701 1406 1766 regni
1441 1700 1906 1768 praedicationem.
1950 1704 2024 1759 De
2078 1709 2275 1776 quibus

702 1784 963 1842 Dominus
1012 1789 1321 1857 parabolam
1363 1792 1588 1846 seminis
1632 1809 1965 1864 proponens.
2023 1798 2270 1854 dicebat:

696 1877 902 1933 Bonum
927 1897 1121 1945 semen,
1149 1882 1248 1949 ﬁlii
1286 1893 1412 1936 sunt
1448 1888 1611 1955 regni,
1645 1891 1736 1940 sed
1767 1904 1941 1940 semen
1975 1893 2114 1958 quod
2153 1908 2269 1945 nec»

697 1973 823 2022 dum
857 1973 1178 2027 seminatum
1207 1976 1336 2028 est"
1356 2018 1371 2041 ,
1408 1977 1552 2031 unde
1571 1976 1925 2049 Septuaginta
1955 1981 2266 2037 ediderunt:

699 2064 885 2116 Semen
915 2067 1143 2119 anticum
1178 2070 1318 2136 quod
1360 2070 1733 2135 reminabitnr,
1767 2074 1821 2126 id
1844 2085 1939 2138 est,
1982 2078 2119 2141 quod
2152 2094 2267 2130 ncc-

696 2158 821 2206 dnm
848 2157 1168 2210 seminatum
1201 2169 1298 2223 est,
1355 2161 1738 2217 seminandutn
1778 2177 1960 2219 autem
2016 2179 2119 2232 est,
2153 2169 2269 2223 illos

695 2246 788 2313 qui
825 2247 1056 2302 necdum
1091 2248 1348 2318 baptizati
1379 2263 1528 2318 sunt,
1569 2254 1876 2324 baptizandi
1902 2270 2084 2314 autem
2120 2276 2267 2322 sunt.

696 2350 843 2393 recte
882 2342 1195 2409 appellavit.
1243 2360 1407 2411 super
1453 2346 1553 2401 hos
1599 2349 1646 2401 si
1697 2350 1829 2417 quid
1884 2352 2265 2419 praedictorum

695 2434 1109 2489 morticinorum
1143 2438 1322 2501 cadat,
1364 2439 1488 2507 quia
1544 2440 1779 2495 necdum
1806 2444 2074 2498 cautelam
2126 2463 2267 2516 mys-

696 2526 955 2579 teriorum
984 2538 1335 2597 acceperunt,
1372 2544 1475 2585 nec
1505 2530 1771 2601 integram
1804 2532 1898 2587 Dei
1932 2536 2264 2605 agnitionem

693 2620 1167 2686 conquisiverunt,
1205 2637 1329 2691 qua:
1347 2623 1471 2677 illos
1505 2626 1677 2687 possit
1703 2640 1985 2681 removere
2012 2643 2041 2681 a
2074 2644 2264 2698 super-

693 2708 1043 2763 venientibus
1095 2726 1159 2765 ex
1216 2713 1548 2783 negligentia
1598 2718 1856 2784 peccatis,
1908 2720 2096 2774 mundi
2143 2736 2267 2776 esse

690 2801 971 2866 dicuntur,
1007 2813 1230 2871 propter
1282 2805 1597 2882 praidictam
1635 2823 1855 2861 causam
1891 2811 2051 2862 venia
2095 2811 2263 2882 digiti.

690 2892 867 2958 Super
893 2906 1031 2959 quos
1060 2905 1186 2946 vero
1240 2893 1361 2947 fusa
1411 2878 1575 2949 fuerit
1629 2912 1788 2964 aqua,
1824 2899 2078 2953 videlicet
2135 2878 2267 2971 bap-

690 2981 946 3047 tismatis,
980 2984 1036 3037 hi
1071 2986 1386 3040 necessario
1420 2988 1687 3041 immundi
1721 2990 1879 3055 liunt,
1914 2991 1958 3044 si
2006 3007 2172 3045 unum
2202 3011 2266 3047 er

689 3074 796 3137 his,
826 3090 946 3143 quae
977 3077 1264 3132 morticina
1287 3090 1436 3142 sunt,
1466 3095 1632 3150 super
1651 3096 1746 3135 eos
1779 3082 2062 3137 inciderit:
2099 3100 2265 3152 opor-

2386 602 2595 657 animas
2650 616 2883 671 vestras,
2942 624 3045 664 nec
3076 611 3310 682 tangatis
3338 612 3635 680 quidquam
3675 629 3865 669 eorum
3893 632 3967 669 ne

2385 694 2649 750 immundi
2675 696 2815 752 sitis.
2853 718 2872 747 ι

2451 785 2574 840 lam
2612 798 2666 842 et
2697 789 2811 844 hac
2856 792 3113 861 superius
3165 793 3436 864 legislator
3478 800 3749 864 exposuit.
3805 794 3967 851 Nunc

2382 886 2562 932 autem
2597 880 2721 935 idco
2772 884 2990 951 repetit,
3036 894 3096 938 ut
3148 884 3422 954 frequenti
3480 888 3837 943 meditatione
3892 890 3966 942 ad

2381 973 2800 1028 custodiendam
2830 977 3005 1047 legem
3034 990 3255 1034 moveat
3299 982 3629 1036 auditorem.
3681 982 3953 1046 Quamob—

2382 1076 2496 1114 rem
2528 1072 2582 1116 et
2602 1079 2631 1117 a
2659 1066 2817 1120 nobis
2848 1068 3256 1138 recapitulauda
3288 1082 3435 1136 sunt,
3463 1073 3591 1141 quia
3617 1082 3672 1126 et
3702 1074 3964 1142 quiddam

2380 1155 2507 1207 novi
2539 1156 2749 1210 addidit
2804 1160 3061 1226 prasenti
3105 1162 3397 1225 sanctioni,
3463 1164 3829 1217 necessariam
3880 1167 3965 1219 eis

2378 1247 2645 1315 adjiciens
2670 1249 2942 1303 actionem
2971 1251 3360 1306 meditationis.
3390 1254 3523 1317 Quae
3569 1266 3785 1324 reptant
3829 1272 3967 1327 ergo

2379 1355 2544 1407 super
2576 1348 2799 1403 terram,
2831 1327 2887 1393 hi
2940 1350 3069 1394 sunt
3096 1343 3189 1410 qui
3231 1352 3443 1396 terrena
3474 1333 3731 1413 sapith
3776 1356 3835 1399 et
3866 1349 3963 1414 qui

2379 1430 2666 1484 lutulentis
2699 1441 3003 1501 pascuntur
3030 1436 3357 1497 actionibus,
3414 1452 3580 1505 super
3608 1449 3819 1506 pectus,
3843 1442 3959 1493 sive

2378 1537 2544 1590 super
2586 1531 2833 1575 ventrem
2880 1523 3133 1577 similiter
3184 1526 3528 1594 gradiuntur,
3565 1530 3965 1600 gastrimargit

2377 1627 2601 1682 operam
2642 1613 2855 1668 dantes.
2911 1614 2970 1667 In
3007 1625 3244 1684 quatuor
3291 1620 3615 1687 gradiuntur
3653 1638 3817 1691 super
3850 1634 3962 1678 ιεινο

2378 1720 2533 1769 ram,
2586 1704 2681 1773 qui
2730 1704 3116 1774 pradicatione
3162 1709 3598 1777 evangelirorum
3644 1711 3953 1771 librorum,

2377 1810 2476 1863 pro
2509 1810 2577 1848 eo
2606 1794 2751 1864 quod
2788 1794 2938 1849 salus
2976 1796 3029 1847 in
3064 1795 3145 1847 eis
3192 1804 3549 1863 peccatorum
3609 1800 3935 1866 przedicatur

2375 1887 2677 1941 abutuntur
2714 1887 2768 1939 in
2797 1887 3136 1940 luxuriosam
3184 1887 3378 1939 vitam:
3410 1903 3517 1940 non
3568 1887 3951 1957 iutelligentes.

2371 1981 2499 2048 quia
2526 1957 2865 2049 peccatores.
2898 1994 3007 2032 non
3040 1986 3099 2031 ut
3122 1988 3379 2031 maneant
3412 1991 3747 2046 peccatores,
3776 1981 3875 2034 sed
3900 1992 3951 2032 ut

2372 2082 2588 2126 cessent
2624 2088 2649 2124 a
2682 2072 2943 2142 peccatis,
2974 2081 3229 2139 provocat
3254 2072 3576 2140 praedicatio
3625 2072 3734 2125 ςριι
3760 2074 3839 2125 eis
3862 2074 3959 2140 qui

2374 2182 2427 2216 lu
2453 2175 2687 2233 quatuor
2741 2162 3039 2227 ambulant,
3102 2162 3327 2217 addidit.
3396 2175 3450 2215 et
3494 2168 3696 2217 multos
3752 2164 3948 2218 habeu'

2373 2260 2561 2325 pedes,
2592 2258 2911 2316 ostendens,
2937 2256 3065 2325 quia
3095 2255 3225 2309 licet
3255 2257 3301 2310 si
3337 2272 3445 2309 non
3470 2257 3645 2308 solum
3676 2272 3737 2307 ex
3790 2271 3941 2307 evan-

2372 2350 2564 2418 gclicis
2586 2348 2760 2413 libris,
2793 2349 2887 2401 sed
2920 2362 2989 2401 ex
3010 2348 3133 2401 aliis
3150 2347 3470 2416 Scripturis.
3498 2357 3663 2416 atque
3684 2364 3745 2399 ex
3780 2348 3947 2399 varia-

2370 2446 2515 2496 sicut
2546 2442 2679 2511 ipsis
2693 2440 2929 2506 videtur,
2959 2439 3207 2495 doctrina
3233 2442 3335 2492 hoc
3360 2438 3950 2508 cotilirnzarecupiunt.

2370 2542 2534 2586 erunt
2558 2542 2614 2585 et
2643 2533 2725 2585 sic
2757 2529 3138 2587 immundiJ-Jt
3170 2542 3227 2582 ut
3260 2532 3497 2584 breviter
3526 2531 3761 2591 dicatur,
3787 2546 3954 2582 omne

2369 2626 2514 2694 quod
2580 2634 2761 2693 reptat
2814 2638 2981 2693 super
3035 2634 3254 2679 terram.
3311 2625 3360 2675 id
3433 2638 3534 2685 εει,
3584 2638 3674 2690 qui
3737 2637 3953 2675 terrena

2371 2717 2613 2784 sapiunt,
2647 2715 3050 2770 declinarenos
3083 2726 3299 2783 oportet
3345 2727 3400 2767 et
3448 2714 3726 2783 refugere.
3769 2714 3953 2766 scien-

2371 2821 2473 2869 tes,
2508 2808 2635 2875 quia
2666 2822 2856 2860 eorum
2895 2806 3323 2860 communicatio
3362 2806 3576 2874 polluit,
3608 2815 3664 2858 et
3698 2805 3955 2856 similiter

2343 2899 2687 2981 .iimnundus
2706 2907 2788 2952 est
2817 2912 3006 2969 agens,
3041 2898 3333 2967 agentique
3376 2910 3734 2949 concurrens.

2444 2991 2603 3045 Vens.
2634 2990 2724 3054 ιι,
2758 2990 2850 3044 45.
2888 3008 2907 3040 ι
2933 2990 3047 3059 Ego
3068 2988 3215 3041 cnim
3232 3004 3352 3042 sum
3368 2986 3631 3039 Dominus
3659 2986 3804 3037 Deus
3854 2998 3955 3034 ve-

2369 3094 2502 3137 ster.
2533 3083 2719 3138 Sancti
2758 3092 2953 3146 estote,
2994 3081 3251 3151 quoniam
3284 3092 3339 3133 et
3393 3096 3495 3148 ego
3534 3090 3756 3131 sanctus
3806 3092 3933 3129 sum

692 3174 873 3218 tuerat
901 3166 1104 3236 quippe
1138 3169 1272 3221 tanti
1302 3170 1748 3240 participatione,
1790 3174 1931 3227 dona
1962 3174 2028 3227 ad
2075 3190 2264 3227 eorum
2294 3183 2337 3238 c
2371 3175 2447 3229 Ne
2477 3175 2732 3244 polluatis
2764 3175 2977 3228 animas
3026 3181 3238 3226 vestras
3276 3174 3330 3225 iu
3353 3172 3504 3226 omni
3558 3169 3759 3237 reptili,
3807 3170 3957 3235 quod

690 3258 969 3323 pertinere
998 3260 1322 3314 custodiam.
1385 3259 1574 3315 Terret
1633 3264 1794 3334 igitur
1849 3264 1991 3319 Deus
2037 3267 2263 3335 spiritus

688 3361 785 3397 eos
828 3348 920 3413 qui
972 3350 1101 3400 olim
1164 3363 1531 3419 perceperunt
1576 3354 1862 3421 baptisma,
1921 3366 1980 3408 ut
2029 3373 2137 3409 non
2199 3376 2262 3410 ex

689 3438 1015 3507 negligentia
1045 3447 1338 3507 peccantes
1378 3444 1643 3496 tuunundi
1688 3443 1840 3498 haut.

768 3531 922 3583 Vens.
962 3532 1051 3591 59.
1083 3532 1169 3585 40.
1212 3554 1227 3577 ε
1262 3532 1317 3586 Si
1345 3544 1619 3587 mortuum
1648 3535 1812 3590 luerit
1858 3540 2081 3605 animal,
2118 3546 2262 3609 quod

691 3624 816 3675 licet
855 3623 1008 3677 vobis
1057 3625 1361 3687 comedere,
1394 3627 1487 3696 qui
1543 3630 1777 3682 cadaver
1836 3631 1955 3699 ejus
2004 3635 2262 3703 tetigerit,

690 3714 1005 3769 immundus
1037 3716 1142 3770 erit
1176 3731 1347 3785 usque
1370 3717 1436 3771 ad
1471 3734 1775 3788 vesperam.
1804 3720 1870 3774 Et
1890 3724 1983 3789 qui
2009 3725 2262 3777 comede-

691 3808 760 3860 rit
794 3823 857 3860 ex
888 3809 1272 3878 eoquidpiam,
1307 3821 1470 3881 atque
1512 3814 1830 3881 portaverit,
1864 3815 2064 3869 lavabit
2097 3820 2264 3870 vesti-

690 3910 873 3953 menta
899 3916 1018 3965 sua,
1048 3913 1104 3955 et
1137 3902 1453 3958 immundus
1480 3907 1586 3959 erit
1608 3920 1780 3976 usque
1803 3908 1872 3961 ad
1903 3923 2206 3978 vesperam.
2243 3930 2260 3960 ι
2306 3961 2315 3969 _

759 3991 1226 4055 Quemadmodum
1265 4005 1586 4064 peccatores
1619 4011 2005 4067 permanentes
2042 4002 2098 4053 in
2137 4018 2265 4070 pec-

690 4084 847 4150 catis,
868 4084 1216 4140 abominandi
1248 4099 1397 4152 sunt,
1428 4104 1771 4158 nequaquam
1790 4101 1975 4146 autem
2004 4096 2267 4149 receden-

701 4188 782 4231 tes
812 4192 878 4231 ac
920 4179 1284 4247 prenitentes:
1322 4180 1394 4234 ita
1428 4182 1593 4250 justis
1619 4183 1769 4237 omni
1817 4184 2002 4239 studio
2028 4200 2267 4241 concur-

697 4270 925 4322 rendum
955 4280 1058 4333 est,
1110 4271 1412 4326 scientibus
1441 4273 1602 4328 nobis
1640 4276 1766 4343 quia
1794 4290 1864 4329 ex
1896 4278 1980 4331 eis
2027 4280 2269 4333 sanctiﬁ-

694 4377 900 4416 eamur.
963 4362 1021 4416 Si
1081 4372 1265 4417 autem
1321 4364 1522 4418 mortui
1576 4365 1781 4420 fuerint
1856 4369 2005 4437 gravi
2058 4371 2267 4438 peccati

694 4464 888 4516 morte.
922 4470 1035 4509 non
1074 4455 1343 4509 debemus
1394 4465 1617 4526 tangere
1663 4456 1883 4510 illorum
1929 4460 2116 4523 vitam,
2165 4478 2267 4515 nec

2369 3279 2619 3323 movetur
2655 3282 2824 3336 super
2848 3277 3070 3321 terram.
3108 3266 3220 3333 Ego
3244 3265 3506 3318 Dominus
3537 3264 3630 3331 qui
3662 3262 3825 3314 eduxi
3859 3276 3959 3312 vos

2368 3359 2437 3413 de
2473 3370 2616 3413 terra
2645 3357 2963 3427 {Egvptimt
2978 3370 3155 3408 essem
3187 3355 3336 3408 vobis
3369 3354 3527 3406 Deus.
3561 3350 3743 3403 Sancti
3776 3350 3957 3409 eritis.

2369 3453 2497 3519 quia
2534 3462 2592 3504 et
2615 3465 2718 3520 ego
2749 3460 2973 3504 sanctus
3002 3464 3120 3502 sum
3181 3469 3199 3496 ι

2440 3541 2679 3595 Omnino
2710 3539 2967 3608 prohibet
2994 3554 3115 3590 esse
3145 3552 3246 3589 nos
3279 3537 3457 3589 socios
3486 3548 3674 3586 eorum
3713 3531 3807 3597 qui
3846 3541 3955 3581 ter-

2374 3650 2502 3687 rena
2531 3632 2750 3701 sapiunt
2774 3651 2784 3682 :
2818 3646 2921 3684 nec
2946 3631 2989 3683 si
3013 3638 3265 3698 potentes
3282 3629 3505 3695 quidam
3522 3625 3652 3685 sint,
3677 3638 3779 3675 nec
3809 3623 3851 3674 si
3873 3624 3960 3689 ju-

2372 3726 2576 3778 stitiam
2601 3732 2698 3777 aut
2711 3722 3034 3791 sapientiam
3060 3724 3287 3789 lingunt,
3307 3734 3407 3771 nec
3430 3719 3474 3771 si
3493 3716 3633 3771 forte
3650 3715 3957 3769 saunlotio

2376 3819 2459 3871 vel
2504 3815 2818 3886 aliqualihet
2848 3814 3176 3867 amiciantur
3203 3812 3498 3878 dignitate.
3524 3807 3679 3861 [nde
3715 3806 3961 3859 breviter

2372 3912 2617 3965 omnium
2668 3907 2977 3977 repentium
3005 3920 3127 3973 qua:
3183 3918 3349 3970 super
3396 3913 3593 3953 terram
3642 3909 3957 3957 moventur,

2374 4006 2709 4058 mentionem
2728 3999 2877 4060 fecit,
2894 4012 3005 4051 non
3035 3996 3353 4065 simmiciter
3366 3997 3473 4060 hoc
3498 3994 3642 4060 quod
3658 4000 3739 4045 est
3763 4005 3961 4057 repere

2374 4108 2666 4164 respuens,
2699 4091 2795 4145 sed
2828 4104 2995 4157 super
3022 4098 3221 4141 terram
3258 4101 3487 4153 repere;
3520 4101 3644 4137 nam
3677 4080 3957 4135 humiliari

2373 4186 2592 4257 quidem
2647 4184 2853 4237 bonum
2906 4189 3024 4243 est,
3085 4188 3144 4231 ut
3206 4187 3390 4229 autem
3413 4176 3482 4229 ad
3532 4168 3819 4227 terrenam
3858 4171 3955 4223 de-

2374 4279 2609 4334 clinetur
2656 4272 2980 4343 sapientiam
3001 4313 3017 4336 ,
3043 4284 3152 4323 non
3183 4276 3270 4321 est
3314 4268 3539 4327 bonum,
3565 4280 3669 4317 nec
3701 4262 3849 4315 utilis
3872 4270 3957 4315 est

2372 4371 2661 4426 animabus
2689 4369 2811 4422 talis
2835 4365 3138 4429 humilitas,
3158 4381 3191 4417 a
3217 4378 3326 4433 qua
3358 4363 3592 4415 liberare
3623 4359 3847 4413 volens:

2447 4464 2559 4536 Ego
2577 4480 2717 4525 sum,
2750 4460 2949 4529 inquit,
2978 4458 3236 4512 Dominus
3268 4456 3406 4509 Deus
3436 4462 3625 4507 uester.
3666 4450 3723 4504 id
3750 4460 3856 4512 est,
3886 4451 3959 4502 ad

695 4562 889 4600 eorum
917 4548 1351 4601 conversationis
1378 4562 1501 4601 esse
1529 4548 1843 4617 participes,
1864 4552 2101 4606 scientes
2125 4555 2273 4621 quod
2307 4543 2350 4595 υ
2375 4558 2534 4625 cujus
2550 4554 2841 4624 imaginem
2861 4550 2993 4605 lacti
3018 4551 3173 4614 estis,
3203 4558 3265 4601 ut
3287 4547 3531 4601 ctelestia
3560 4543 3804 4612 sapiatis,
3826 4557 3960 4594 eum

695 4639 892 4706 siquis
941 4639 1201 4707 tetigerit,
1234 4638 1547 4693 immundus
1598 4640 1725 4704 erit,
1776 4656 2061 4712 usquequo
2105 4646 2271 4699 etiam

695 4734 814 4801 ipse
848 4732 1133 4800 pomiteat.
1161 4732 1268 4786 Sed
1304 4743 1359 4786 et
1401 4733 1494 4801 qui
1525 4734 1827 4788 comederit
1853 4736 1922 4789 de
1971 4739 2274 4792 morticinis

701 4841 909 4889 eorum,
938 4825 997 4879 id
1014 4836 1119 4891 est,
1153 4825 1247 4894 qui
1280 4840 1376 4879 eos
1427 4826 1755 4891 defenderit,
1787 4831 1945 4896 quasi
1973 4828 2272 4885 advocatus

699 4927 1049 4985 peccatorum
1096 4918 1363 4986 ipsorum,
1402 4916 1484 4970 vel
1530 4918 1840 4981 auxiliator,
1871 4931 1927 4974 et
1982 4933 2269 4992 propterea

698 5012 915 5065 illorum
951 5013 1005 5063 in
1060 5026 1121 5064 se
1169 5020 1396 5079 peccata
1439 5011 1770 5080 suscipiens,
1825 5029 2053 5071 necesse
2111 5016 2275 5071 habet

698 5105 881 5157 lavare
921 5104 1244 5158 vestimenta
1301 5119 1422 5169 sua,
1451 5104 1705 5159 videlicet
1751 5107 2017 5171 actiones,
2060 5110 2187 5177 quia
2219 5119 2273 5161 et

698 5196 816 5262 ipse
846 5210 1020 5263 usque
1047 5195 1116 5249 ad
1151 5210 1463 5263 vesperum,
1492 5196 1546 5249 id
1572 5206 1678 5260 est,
1714 5211 1888 5266 usque
1926 5200 2059 5257 dum
2102 5203 2276 5269 pumi-

703 5295 831 5349 teat,
862 5286 1179 5340 immundus
1207 5288 1332 5343 erit.

778 5378 936 5433 Vens.
976 5379 1169 5433 M43.
1212 5398 1232 5430 ς
1259 5378 1435 5434 Omne
1460 5381 1607 5449 quod
1642 5392 1822 5451 reptat
1849 5398 2016 5453 super
2049 5396 2274 5447 terram,

700 5471 1067 5530 abominabile
1092 5474 1217 5535 erit,
1246 5487 1349 5527 nec
1400 5485 1716 5527 assumetur
1750 5477 1804 5527 in
1862 5477 2068 5529 cilium.
2099 5466 2275 5541 Quid-

2371 4650 2465 4718 qui
2503 4648 2559 4701 in
2584 4645 2741 4701 coriis
2784 4643 2993 4698 habitat
3024 4641 3341 4695 imitantes:
3371 4648 3594 4707 propter
3632 4634 3779 4705 quod
3822 4633 3949 4686 sub-

2370 4740 2623 4885 duxit-icti
2652 4830 2820 4892 eritis,
2853 4828 2978 4895 quia
3006 4834 3221 4878 unctus
3243 4841 3378 4877 sunt.
3402 4822 3506 4888 Qui
3530 4838 3639 4876 non
3658 4822 3763 4874 hoc
3786 4820 3929 4873 adde

2372 4935 2475 4988 ret,
2501 4937 2681 4992 neque
2711 4920 3018 4989 duplicaret
3049 4920 3104 4972 in
3121 4918 3280 4972 nobis
3300 4916 3811 4973 sanctiﬁcatiouem.
3852 4913 3961 4965 nisi

2377 5019 2765 5082 ejusessemus
2794 5014 3087 5083 participes
3135 5020 3194 5066 et
3227 5020 3513 5065 consortes
3560 5010 3683 5077 ejus
3714 5008 3951 5061 sanctiﬁ-

2378 5108 2612 5163 cationis
2649 5107 2857 5171 electi,
2908 5104 3186 5159 custodire
3217 5119 3338 5157 eam
3385 5118 3486 5172 per
3530 5100 3957 5171 philosophiam.

2376 5210 2431 5255 et
2463 5210 2706 5255 sanctam
2739 5196 3213 5253 conversationem
3241 5209 3380 5263 opus
3416 5192 3737 5246 haberemus
3770 5208 3785 5241 :
3816 5191 3965 5240 unm-

2378 5304 2530 5439 male
2547 5385 2796 5453 pollutis
2822 5384 3034 5436 enim:
3059 5390 3273 5434 miras.
3304 5378 3544 5431 Primum
3568 5376 3811 5445 quidem,
3833 5376 3967 5443 quia

2381 5480 2643 5532 donatum
2688 5486 2775 5530 est
2819 5475 3036 5537 aiiiiuaa,
3084 5488 3208 5527 esse
3255 5471 3323 5524 ad
3378 5468 3667 5539 imaginem
3720 5467 3850 5520 Dei:
3911 5479 3967 5519 et

700 5566 829 5635 quid
856 5565 1232 5635 quadrupedis
1260 5576 1638 5635 superpectus
1685 5568 1949 5637 graditur,
1994 5572 2281 5625 etmultos
2382 5571 2621 5624 maxime
2656 5570 2712 5622 in
2742 5583 2807 5621 ea
2853 5581 2975 5621 esse
3034 5563 3521 5620 sanctiﬁcationem
3580 5558 3715 5622 vult,
3770 5567 3967 5626 utpote

704 5656 869 5711 habet
889 5656 1073 5725 pedes,
1099 5656 1217 5710 sive
1248 5670 1413 5725 super
1450 5658 1679 5713 humum
1731 5658 1987 5723 trahitur,
2022 5676 2130 5714 non
2188 5678 2282 5716 co.
2385 5679 2505 5732 qua.
2537 5660 2899 5731 principatum
2924 5674 3093 5729 super
3122 5671 3286 5713 omne
3314 5654 3516 5710 animal
3548 5661 3718 5708 tenet.

800 5842 847 5877 δ’
879 5840 1045 5897 Matth
1099 5858 1249 5895 uni.
1280 5841 1334 5895 :2.
1368 5843 1418 5895 3.
1530 5844 1573 5873 ³⁷
1608 5841 1773 5896 Matth
1831 5857 1943 5906 sui,
1998 5843 2089 5897 38.
