  <div class='ocr_page' id='page_1' title='image "/cluster/home/n/w/nwhite01/storage/ocr_20150623/93/nnc1.0046980059/458.png"; bbox 0 0 4218 6450; ppageno 0'>
   <div class='ocr_carea' id='block_1_1' title="bbox 259 424 359 491">
    <p class='ocr_par' dir='ltr' id='par_1_1' title="bbox 259 424 359 491">
     <span class='ocr_line' id='line_1_1' title="bbox 259 424 359 491; baseline -0.07 0"><span class='ocrx_word' id='word_1_1' title='bbox 259 424 359 491; x_wconf 71' lang='lat'><strong>921</strong></span> 
     </span>
    </p>
   </div>
   <div class='ocr_carea' id='block_1_2' title="bbox 1387 420 2378 483">
    <p class='ocr_par' dir='ltr' id='par_1_2' title="bbox 1387 420 2378 483">
     <span class='ocr_line' id='line_1_2' title="bbox 1387 420 2378 483; baseline -0.008 0"><span class='ocrx_word' id='word_1_2' title='bbox 1387 426 1465 483; x_wconf 78' lang='lat' dir='ltr'><strong>IN</strong></span> <span class='ocrx_word' id='word_1_3' title='bbox 1504 422 1935 483; x_wconf 60' lang='lat' dir='ltr'><strong>LEVI&#39;I&#39;IEUM.</strong></span> <span class='ocrx_word' id='word_1_4' title='bbox 1978 445 2039 453; x_wconf 89' lang='lat'><strong>-</strong></span> <span class='ocrx_word' id='word_1_5' title='bbox 2083 420 2226 477; x_wconf 73' lang='lat' dir='ltr'><strong>LIB.</strong></span> <span class='ocrx_word' id='word_1_6' title='bbox 2264 420 2378 477; x_wconf 85' lang='lat' dir='ltr'><strong>III.</strong></span> 
     </span>
    </p>
   </div>
   <div class='ocr_carea' id='block_1_3' title="bbox 3404 410 3506 470">
    <p class='ocr_par' dir='ltr' id='par_1_3' title="bbox 3404 410 3506 470">
     <span class='ocr_line' id='line_1_3' title="bbox 3404 410 3506 470; baseline -0.01 -25"><span class='ocrx_word' id='word_1_7' title='bbox 3404 410 3506 470; x_wconf 51' lang='grc' dir='ltr'><strong>ἦρε</strong></span> 
     </span>
    </p>
   </div>
   <div class='ocr_carea' id='block_1_4' title="bbox 261 518 3502 606">
    <p class='ocr_par' dir='ltr' id='par_1_4' title="bbox 261 518 3502 606">
     <span class='ocr_line' id='line_1_4' title="bbox 261 518 3502 606; baseline -0.007 -13"><span class='ocrx_word' id='word_1_8' title='bbox 261 539 499 593; x_wconf 86' lang='lat' dir='ltr'><strong>ostendit</strong></span> <span class='ocrx_word' id='word_1_9' title='bbox 536 537 892 606; x_wconf 75' lang='lat' dir='ltr'><strong>pollutionem</strong></span> <span class='ocrx_word' id='word_1_10' title='bbox 916 551 1078 603; x_wconf 84' lang='lat' dir='ltr'><strong>quam</strong></span> <span class='ocrx_word' id='word_1_11' title='bbox 1098 535 1224 589; x_wconf 84' lang='lat' dir='ltr'><strong>odio</strong></span> <span class='ocrx_word' id='word_1_12' title='bbox 1256 535 1440 597; x_wconf 78' lang='lat' dir='ltr'><strong>habet,</strong></span> <span class='ocrx_word' id='word_1_13' title='bbox 1476 552 1586 589; x_wconf 89' lang='lat' dir='ltr'><strong>non</strong></span> <span class='ocrx_word' id='word_1_14' title='bbox 1613 552 1734 600; x_wconf 84' lang='lat' dir='ltr'><strong>esse</strong></span> <span class='ocrx_word' id='word_1_15' title='bbox 1765 536 1833 587; x_wconf 87' lang='lat' dir='ltr'><strong>de</strong></span> <span class='ocrx_word' id='word_1_16' title='bbox 1863 544 1906 592; x_wconf 74' lang='grc' dir='ltr'><strong>Α</strong></span> <span class='ocrx_word' id='word_1_17' title='bbox 1936 534 2003 586; x_wconf 89' lang='lat' dir='ltr'><strong>de</strong></span> <span class='ocrx_word' id='word_1_18' title='bbox 2034 531 2232 600; x_wconf 82' lang='lat' dir='ltr'><strong>quibus</strong></span> <span class='ocrx_word' id='word_1_19' title='bbox 2264 528 2561 589; x_wconf 73' lang='lat' dir='ltr'><strong>dubitatur,</strong></span> <span class='ocrx_word' id='word_1_20' title='bbox 2581 540 2817 595; x_wconf 85' lang='lat' dir='ltr'><strong>quorum</strong></span> <span class='ocrx_word' id='word_1_21' title='bbox 2845 520 3238 576; x_wconf 79' lang='lat' dir='ltr'><strong>dubitationem</strong></span> <span class='ocrx_word' id='word_1_22' title='bbox 3261 518 3502 573; x_wconf 68' lang='lat' dir='ltr'><strong>docendo</strong></span> 
     </span>
    </p>
   </div>
   <div class='ocr_carea' id='block_1_5' title="bbox 262 626 1832 697">
    <p class='ocr_par' dir='ltr' id='par_1_5' title="bbox 262 626 1832 697">
     <span class='ocr_line' id='line_1_5' title="bbox 262 626 1832 697; baseline -0.002 -15"><span class='ocrx_word' id='word_1_23' title='bbox 262 629 489 683; x_wconf 89' lang='lat' dir='ltr'><strong>mortuis</strong></span> <span class='ocrx_word' id='word_1_24' title='bbox 510 630 854 697; x_wconf 78' lang='lat' dir='ltr'><strong>corporibus,</strong></span> <span class='ocrx_word' id='word_1_25' title='bbox 886 637 981 680; x_wconf 84' lang='lat' dir='ltr'><strong>aut</strong></span> <span class='ocrx_word' id='word_1_26' title='bbox 1008 627 1144 681; x_wconf 86' lang='lat' dir='ltr'><strong>cibis</strong></span> <span class='ocrx_word' id='word_1_27' title='bbox 1168 626 1483 689; x_wconf 84' lang='lat' dir='ltr'><strong>immundis,</strong></span> <span class='ocrx_word' id='word_1_28' title='bbox 1510 626 1832 694; x_wconf 86' lang='lat' dir='ltr'><strong>corporibus</strong></span> 
     </span>
    </p>
   </div>
   <div class='ocr_carea' id='block_1_6' title="bbox 261 718 1831 790">
    <p class='ocr_par' dir='ltr' id='par_1_6' title="bbox 261 718 1831 790">
     <span class='ocr_line' id='line_1_6' title="bbox 261 718 1831 790; baseline -0.003 -13"><span class='ocrx_word' id='word_1_29' title='bbox 261 722 402 777; x_wconf 76' lang='lat' dir='ltr'><strong>sicut</strong></span> <span class='ocrx_word' id='word_1_30' title='bbox 430 721 649 790; x_wconf 91' lang='lat' dir='ltr'><strong>quidam</strong></span> <span class='ocrx_word' id='word_1_31' title='bbox 681 729 874 787; x_wconf 89' lang='lat' dir='ltr'><strong>putant</strong></span> <span class='ocrx_word' id='word_1_32' title='bbox 894 718 1109 781; x_wconf 84' lang='lat' dir='ltr'><strong>factam,</strong></span> <span class='ocrx_word' id='word_1_33' title='bbox 1152 719 1247 773; x_wconf 87' lang='lat' dir='ltr'><strong>sed</strong></span> <span class='ocrx_word' id='word_1_34' title='bbox 1303 734 1444 783; x_wconf 90' lang='lat' dir='ltr'><strong>eam,</strong></span> <span class='ocrx_word' id='word_1_35' title='bbox 1476 734 1599 787; x_wconf 71' lang='lat' dir='ltr'><strong>qua:</strong></span> <span class='ocrx_word' id='word_1_36' title='bbox 1626 720 1831 773; x_wconf 88' lang='lat' dir='ltr'><strong>anima-</strong></span> 
     </span>
    </p>
   </div>
   <div class='ocr_carea' id='block_1_7' title="bbox 262 811 1830 879">
    <p class='ocr_par' dir='ltr' id='par_1_7' title="bbox 262 811 1830 879">
     <span class='ocr_line' id='line_1_7' title="bbox 262 811 1830 879; baseline -0.004 -10"><span class='ocrx_word' id='word_1_37' title='bbox 262 816 364 869; x_wconf 87' lang='lat' dir='ltr'><strong>bus</strong></span> <span class='ocrx_word' id='word_1_38' title='bbox 392 830 462 869; x_wconf 84' lang='lat' dir='ltr'><strong>ex</strong></span> <span class='ocrx_word' id='word_1_39' title='bbox 490 814 796 869; x_wconf 80' lang='lat' dir='ltr'><strong>actionibus</strong></span> <span class='ocrx_word' id='word_1_40' title='bbox 822 812 978 867; x_wconf 89' lang='lat' dir='ltr'><strong>malis</strong></span> <span class='ocrx_word' id='word_1_41' title='bbox 1010 812 1213 866; x_wconf 77' lang='lat' dir='ltr'><strong>evenit.</strong></span> <span class='ocrx_word' id='word_1_42' title='bbox 1252 811 1447 866; x_wconf 90' lang='lat' dir='ltr'><strong>Dicens</strong></span> <span class='ocrx_word' id='word_1_43' title='bbox 1500 822 1682 864; x_wconf 88' lang='lat' dir='ltr'><strong>autem</strong></span> <span class='ocrx_word' id='word_1_44' title='bbox 1720 826 1830 879; x_wconf 70' lang='lat' dir='ltr'><strong>non</strong></span> 
     </span>
    </p>
   </div>
   <div class='ocr_carea' id='block_1_8' title="bbox 263 904 1834 974">
    <p class='ocr_par' dir='ltr' id='par_1_8' title="bbox 263 904 1834 974">
     <span class='ocr_line' id='line_1_8' title="bbox 263 904 1834 974; baseline -0.004 -14"><span class='ocrx_word' id='word_1_45' title='bbox 263 916 513 974; x_wconf 86' lang='lat' dir='ltr'><strong>oportere</strong></span> <span class='ocrx_word' id='word_1_46' title='bbox 540 906 595 958; x_wconf 91' lang='lat' dir='ltr'><strong>in</strong></span> <span class='ocrx_word' id='word_1_47' title='bbox 629 904 841 959; x_wconf 87' lang='lat' dir='ltr'><strong>cunctis</strong></span> <span class='ocrx_word' id='word_1_48' title='bbox 873 904 1156 973; x_wconf 89' lang='lat' dir='ltr'><strong>reptilihus</strong></span> <span class='ocrx_word' id='word_1_49' title='bbox 1206 918 1327 971; x_wconf 71' lang='lat' dir='ltr'><strong>qua:</strong></span> <span class='ocrx_word' id='word_1_50' title='bbox 1354 912 1642 957; x_wconf 88' lang='lat' dir='ltr'><strong>moventur</strong></span> <span class='ocrx_word' id='word_1_51' title='bbox 1669 917 1834 971; x_wconf 87' lang='lat' dir='ltr'><strong>super</strong></span> 
     </span>
    </p>
   </div>
   <div class='ocr_carea' id='block_1_9' title="bbox 265 995 1833 1065">
    <p class='ocr_par' dir='ltr' id='par_1_9' title="bbox 265 995 1833 1065">
     <span class='ocr_line' id='line_1_9' title="bbox 265 995 1833 1065; baseline -0.003 -14"><span class='ocrx_word' id='word_1_52' title='bbox 265 1008 485 1059; x_wconf 89' lang='lat' dir='ltr'><strong>terram,</strong></span> <span class='ocrx_word' id='word_1_53' title='bbox 535 997 747 1051; x_wconf 88' lang='lat' dir='ltr'><strong>animas</strong></span> <span class='ocrx_word' id='word_1_54' title='bbox 775 1005 993 1051; x_wconf 90' lang='lat' dir='ltr'><strong>nostras</strong></span> <span class='ocrx_word' id='word_1_55' title='bbox 1017 995 1203 1065; x_wconf 90' lang='lat' dir='ltr'><strong>pollui,</strong></span> <span class='ocrx_word' id='word_1_56' title='bbox 1252 996 1476 1050; x_wconf 84' lang='lat' dir='ltr'><strong>omnino</strong></span> <span class='ocrx_word' id='word_1_57' title='bbox 1513 1004 1833 1063; x_wconf 85' lang='lat' dir='ltr'><strong>competen-</strong></span> 
     </span>
    </p>
   </div>
   <div class='ocr_carea' id='block_1_10' title="bbox 264 1087 1791 1139">
    <p class='ocr_par' dir='ltr' id='par_1_10' title="bbox 264 1087 1791 1139">
     <span class='ocr_line' id='line_1_10' title="bbox 264 1087 1791 1139; baseline -0.008 0"><span class='ocrx_word' id='word_1_58' title='bbox 264 1098 347 1139; x_wconf 93' lang='lat' dir='ltr'><strong>ter</strong></span> <span class='ocrx_word' id='word_1_59' title='bbox 373 1087 615 1139; x_wconf 80' lang='lat' dir='ltr'><strong>addidit:</strong></span> <span class='ocrx_word' id='word_1_60' title='bbox 1788 1126 1791 1127; x_wconf 65' lang='lat'>,</span> 
     </span>
    </p>
   </div>
   <div class='ocr_carea' id='block_1_11' title="bbox 335 1169 1834 1242">
    <p class='ocr_par' dir='ltr' id='par_1_11' title="bbox 335 1169 1834 1242">
     <span class='ocr_line' id='line_1_11' title="bbox 335 1169 1834 1242; baseline -0.001 -16"><span class='ocrx_word' id='word_1_61' title='bbox 335 1172 448 1242; x_wconf 80' lang='lat' dir='ltr'><strong>Ego</strong></span> <span class='ocrx_word' id='word_1_62' title='bbox 492 1173 748 1226; x_wconf 64' lang='lat' dir='ltr'><strong>Dominus</strong></span> <span class='ocrx_word' id='word_1_63' title='bbox 776 1174 866 1242; x_wconf 77' lang='lat' dir='ltr'><strong>qui</strong></span> <span class='ocrx_word' id='word_1_64' title='bbox 898 1172 1054 1225; x_wconf 70' lang='lat' dir='ltr'><strong>eduxi</strong></span> <span class='ocrx_word' id='word_1_65' title='bbox 1090 1188 1175 1225; x_wconf 79' lang='lat' dir='ltr'><strong>ros</strong></span> <span class='ocrx_word' id='word_1_66' title='bbox 1213 1172 1277 1224; x_wconf 88' lang='lat' dir='ltr'><strong>de</strong></span> <span class='ocrx_word' id='word_1_67' title='bbox 1306 1181 1448 1224; x_wconf 87' lang='lat' dir='ltr'><strong>terra</strong></span> <span class='ocrx_word' id='word_1_68' title='bbox 1491 1169 1726 1239; x_wconf 62' lang='grc' dir='ltr'><strong>,λεαντιιῂ</strong></span> <span class='ocrx_word' id='word_1_69' title='bbox 1777 1180 1834 1224; x_wconf 82' lang='lat' dir='ltr'><strong>ut</strong></span> 
     </span>
    </p>
   </div>
   <div class='ocr_carea' id='block_1_12' title="bbox 266 1260 1835 1332">
    <p class='ocr_par' dir='ltr' id='par_1_12' title="bbox 266 1260 1835 1332">
     <span class='ocr_line' id='line_1_12' title="bbox 266 1260 1835 1332; baseline -0.001 -15"><span class='ocrx_word' id='word_1_70' title='bbox 266 1280 425 1317; x_wconf 77' lang='lat' dir='ltr'><strong>essem</strong></span> <span class='ocrx_word' id='word_1_71' title='bbox 451 1265 592 1317; x_wconf 71' lang='lat' dir='ltr'><strong>vobis</strong></span> <span class='ocrx_word' id='word_1_72' title='bbox 622 1265 677 1316; x_wconf 85' lang='lat' dir='ltr'><strong>iu</strong></span> <span class='ocrx_word' id='word_1_73' title='bbox 695 1263 881 1317; x_wconf 74' lang='lat' dir='ltr'><strong>Deum.</strong></span> <span class='ocrx_word' id='word_1_74' title='bbox 902 1263 1006 1318; x_wconf 89' lang='lat' dir='ltr'><strong>Per</strong></span> <span class='ocrx_word' id='word_1_75' title='bbox 1035 1261 1348 1332; x_wconf 65' lang='lat' dir='ltr'><strong>Egyptnm,</strong></span> <span class='ocrx_word' id='word_1_76' title='bbox 1372 1260 1586 1331; x_wconf 66' lang='lat' dir='ltr'><strong>Egypti</strong></span> <span class='ocrx_word' id='word_1_77' title='bbox 1604 1262 1835 1315; x_wconf 89' lang='lat' dir='ltr'><strong>demou-</strong></span> 
     </span>
    </p>
   </div>
   <div class='ocr_carea' id='block_1_13' title="bbox 266 1353 1837 1424">
    <p class='ocr_par' dir='ltr' id='par_1_13' title="bbox 266 1353 1837 1424">
     <span class='ocr_line' id='line_1_13' title="bbox 266 1353 1837 1424; baseline 0.001 -17"><span class='ocrx_word' id='word_1_78' title='bbox 266 1366 444 1409; x_wconf 87' lang='lat' dir='ltr'><strong>strans</strong></span> <span class='ocrx_word' id='word_1_79' title='bbox 475 1356 636 1419; x_wconf 90' lang='lat' dir='ltr'><strong>mala,</strong></span> <span class='ocrx_word' id='word_1_80' title='bbox 674 1366 730 1409; x_wconf 92' lang='lat' dir='ltr'><strong>et</strong></span> <span class='ocrx_word' id='word_1_81' title='bbox 766 1355 948 1408; x_wconf 84' lang='lat' dir='ltr'><strong>omnia</strong></span> <span class='ocrx_word' id='word_1_82' title='bbox 978 1370 1141 1423; x_wconf 79' lang='lat' dir='ltr'><strong>Opera</strong></span> <span class='ocrx_word' id='word_1_83' title='bbox 1172 1355 1541 1408; x_wconf 79' lang='lat' dir='ltr'><strong>tenebrarum.</strong></span> <span class='ocrx_word' id='word_1_84' title='bbox 1571 1353 1837 1424; x_wconf 54' lang='lat' dir='ltr'><strong>Egyptus</strong></span> 
     </span>
    </p>
   </div>
   <div class='ocr_carea' id='block_1_14' title="bbox 266 1443 1838 1514">
    <p class='ocr_par' dir='ltr' id='par_1_14' title="bbox 266 1443 1838 1514">
     <span class='ocr_line' id='line_1_14' title="bbox 266 1443 1838 1514; baseline 0 -15"><span class='ocrx_word' id='word_1_85' title='bbox 266 1446 411 1499; x_wconf 83' lang='lat' dir='ltr'><strong>enim</strong></span> <span class='ocrx_word' id='word_1_86' title='bbox 469 1447 883 1501; x_wconf 86' lang='lat' dir='ltr'><strong>contenebratio</strong></span> <span class='ocrx_word' id='word_1_87' title='bbox 929 1446 1335 1513; x_wconf 87' lang='lat' dir='ltr'><strong>interpretatur.</strong></span> <span class='ocrx_word' id='word_1_88' title='bbox 1357 1443 1567 1510; x_wconf 84' lang='lat' dir='ltr'><strong>Quibus</strong></span> <span class='ocrx_word' id='word_1_89' title='bbox 1616 1446 1664 1499; x_wconf 89' lang='lat' dir='ltr'><strong>si</strong></span> <span class='ocrx_word' id='word_1_90' title='bbox 1713 1446 1838 1514; x_wconf 84' lang='lat' dir='ltr'><strong>quis</strong></span> 
     </span>
    </p>
   </div>
   <div class='ocr_carea' id='block_1_15' title="bbox 266 1534 1836 1604">
    <p class='ocr_par' dir='ltr' id='par_1_15' title="bbox 266 1534 1836 1604">
     <span class='ocr_line' id='line_1_15' title="bbox 266 1534 1836 1604; baseline 0.002 -17"><span class='ocrx_word' id='word_1_91' title='bbox 266 1552 391 1590; x_wconf 84' lang='lat' dir='ltr'><strong>vere</strong></span> <span class='ocrx_word' id='word_1_92' title='bbox 413 1552 603 1591; x_wconf 90' lang='lat' dir='ltr'><strong>carere</strong></span> <span class='ocrx_word' id='word_1_93' title='bbox 652 1537 906 1599; x_wconf 86' lang='lat' dir='ltr'><strong>voluerit,</strong></span> <span class='ocrx_word' id='word_1_94' title='bbox 953 1546 1009 1589; x_wconf 91' lang='lat' dir='ltr'><strong>et</strong></span> <span class='ocrx_word' id='word_1_95' title='bbox 1056 1552 1181 1590; x_wconf 91' lang='lat' dir='ltr'><strong>eum</strong></span> <span class='ocrx_word' id='word_1_96' title='bbox 1228 1535 1320 1604; x_wconf 86' lang='lat' dir='ltr'><strong>qui</strong></span> <span class='ocrx_word' id='word_1_97' title='bbox 1375 1552 1501 1589; x_wconf 85' lang='lat' dir='ltr'><strong>vere</strong></span> <span class='ocrx_word' id='word_1_98' title='bbox 1533 1544 1619 1590; x_wconf 88' lang='lat' dir='ltr'><strong>est</strong></span> <span class='ocrx_word' id='word_1_99' title='bbox 1670 1534 1836 1600; x_wconf 86' lang='lat' dir='ltr'><strong>Deus,</strong></span> 
     </span>
    </p>
   </div>
   <div class='ocr_carea' id='block_1_16' title="bbox 266 1626 1839 1691">
    <p class='ocr_par' dir='ltr' id='par_1_16' title="bbox 266 1626 1839 1691">
     <span class='ocr_line' id='line_1_16' title="bbox 266 1626 1839 1691; baseline 0.002 -11"><span class='ocrx_word' id='word_1_100' title='bbox 266 1628 467 1681; x_wconf 89' lang='lat' dir='ltr'><strong>habere</strong></span> <span class='ocrx_word' id='word_1_101' title='bbox 493 1644 653 1682; x_wconf 87' lang='lat' dir='ltr'><strong>suum</strong></span> <span class='ocrx_word' id='word_1_102' title='bbox 685 1627 871 1691; x_wconf 83' lang='lat' dir='ltr'><strong>Deum,</strong></span> <span class='ocrx_word' id='word_1_103' title='bbox 899 1643 1013 1680; x_wconf 89' lang='lat' dir='ltr'><strong>non</strong></span> <span class='ocrx_word' id='word_1_104' title='bbox 1042 1626 1215 1680; x_wconf 88' lang='lat' dir='ltr'><strong>solum</strong></span> <span class='ocrx_word' id='word_1_105' title='bbox 1265 1626 1617 1680; x_wconf 87' lang='lat' dir='ltr'><strong>idololatriam</strong></span> <span class='ocrx_word' id='word_1_106' title='bbox 1647 1642 1839 1683; x_wconf 84' lang='lat' dir='ltr'><strong>cavere</strong></span> 
     </span>
    </p>
   </div>
   <div class='ocr_carea' id='block_1_17' title="bbox 266 1719 1840 1789">
    <p class='ocr_par' dir='ltr' id='par_1_17' title="bbox 266 1719 1840 1789">
     <span class='ocr_line' id='line_1_17' title="bbox 266 1719 1840 1789; baseline 0.001 -16"><span class='ocrx_word' id='word_1_107' title='bbox 266 1720 443 1783; x_wconf 83' lang='lat' dir='ltr'><strong>debet,</strong></span> <span class='ocrx_word' id='word_1_108' title='bbox 492 1720 586 1774; x_wconf 89' lang='lat' dir='ltr'><strong>scd</strong></span> <span class='ocrx_word' id='word_1_109' title='bbox 614 1721 657 1774; x_wconf 88' lang='lat' dir='ltr'><strong>si</strong></span> <span class='ocrx_word' id='word_1_110' title='bbox 700 1736 829 1775; x_wconf 78' lang='lat' dir='ltr'><strong>vetc</strong></span> <span class='ocrx_word' id='word_1_111' title='bbox 851 1720 900 1774; x_wconf 92' lang='lat' dir='ltr'><strong>ei</strong></span> <span class='ocrx_word' id='word_1_112' title='bbox 926 1719 1208 1773; x_wconf 79' lang='lat' dir='ltr'><strong>adhzcrere</strong></span> <span class='ocrx_word' id='word_1_113' title='bbox 1249 1720 1541 1783; x_wconf 80' lang='lat' dir='ltr'><strong>desiderat,</strong></span> <span class='ocrx_word' id='word_1_114' title='bbox 1588 1720 1714 1789; x_wconf 90' lang='lat' dir='ltr'><strong>quia</strong></span> <span class='ocrx_word' id='word_1_115' title='bbox 1751 1721 1840 1776; x_wconf 89' lang='lat' dir='ltr'><strong>ille</strong></span> 
     </span>
    </p>
   </div>
   <div class='ocr_carea' id='block_1_18' title="bbox 266 1811 1838 1881">
    <p class='ocr_par' dir='ltr' id='par_1_18' title="bbox 266 1811 1838 1881">
     <span class='ocr_line' id='line_1_18' title="bbox 266 1811 1838 1881; baseline 0.003 -18"><span class='ocrx_word' id='word_1_116' title='bbox 266 1822 486 1864; x_wconf 85' lang='lat' dir='ltr'><strong>sanctus</strong></span> <span class='ocrx_word' id='word_1_117' title='bbox 503 1822 606 1872; x_wconf 85' lang='lat' dir='ltr'><strong>est.</strong></span> <span class='ocrx_word' id='word_1_118' title='bbox 638 1812 756 1879; x_wconf 88' lang='lat' dir='ltr'><strong>ipse</strong></span> <span class='ocrx_word' id='word_1_119' title='bbox 776 1827 995 1881; x_wconf 88' lang='lat' dir='ltr'><strong>quoque</strong></span> <span class='ocrx_word' id='word_1_120' title='bbox 1019 1811 1431 1867; x_wconf 76' lang='lat' dir='ltr'><strong>sanctimoniam</strong></span> <span class='ocrx_word' id='word_1_121' title='bbox 1453 1811 1692 1876; x_wconf 86' lang='lat' dir='ltr'><strong>studeat,</strong></span> <span class='ocrx_word' id='word_1_122' title='bbox 1722 1812 1838 1868; x_wconf 88' lang='lat' dir='ltr'><strong>sine</strong></span> 
     </span>
    </p>
   </div>
   <div class='ocr_carea' id='block_1_19' title="bbox 269 1902 1033 1970">
    <p class='ocr_par' dir='ltr' id='par_1_19' title="bbox 269 1902 1033 1970">
     <span class='ocr_line' id='line_1_19' title="bbox 269 1902 1033 1970; baseline -0.001 -15"><span class='ocrx_word' id='word_1_123' title='bbox 269 1919 374 1970; x_wconf 88' lang='lat' dir='ltr'><strong>qua</strong></span> <span class='ocrx_word' id='word_1_124' title='bbox 406 1918 569 1955; x_wconf 87' lang='lat' dir='ltr'><strong>nemo</strong></span> <span class='ocrx_word' id='word_1_125' title='bbox 608 1902 807 1957; x_wconf 71' lang='lat' dir='ltr'><strong>videbit</strong></span> <span class='ocrx_word' id='word_1_126' title='bbox 843 1905 1033 1956; x_wconf 79' lang='lat' dir='ltr'><strong>Deum.</strong></span> 
     </span>
    </p>
   </div>
   <div class='ocr_carea' id='block_1_20' title="bbox 334 2010 1841 2080">
    <p class='ocr_par' dir='ltr' id='par_1_20' title="bbox 334 2010 1841 2080">
     <span class='ocr_line' id='line_1_20' title="bbox 334 2010 1841 2080; baseline 0.003 -15"><span class='ocrx_word' id='word_1_127' title='bbox 334 2010 495 2068; x_wconf 72' lang='lat' dir='ltr'><strong>Vsus.</strong></span> <span class='ocrx_word' id='word_1_128' title='bbox 524 2014 615 2076; x_wconf 68' lang='lat' dir='ltr'><strong>I6,</strong></span> <span class='ocrx_word' id='word_1_129' title='bbox 652 2016 740 2069; x_wconf 73' lang='grc'><strong>47.</strong></span> <span class='ocrx_word' id='word_1_130' title='bbox 783 2034 801 2065; x_wconf 80' lang='grc' dir='ltr'><strong>ι</strong></span> <span class='ocrx_word' id='word_1_131' title='bbox 838 2014 946 2080; x_wconf 82' lang='lat' dir='ltr'><strong>Ista</strong></span> <span class='ocrx_word' id='word_1_132' title='bbox 985 2022 1069 2069; x_wconf 92' lang='lat' dir='ltr'><strong>est</strong></span> <span class='ocrx_word' id='word_1_133' title='bbox 1091 2014 1177 2067; x_wconf 82' lang='lat' dir='ltr'><strong>lex</strong></span> <span class='ocrx_word' id='word_1_134' title='bbox 1206 2014 1567 2068; x_wconf 88' lang='lat' dir='ltr'><strong>animantium</strong></span> <span class='ocrx_word' id='word_1_135' title='bbox 1598 2024 1653 2069; x_wconf 88' lang='lat' dir='ltr'><strong>et</strong></span> <span class='ocrx_word' id='word_1_136' title='bbox 1687 2015 1841 2070; x_wconf 86' lang='lat' dir='ltr'><strong>volu-</strong></span> 
     </span>
    </p>
   </div>
   <div class='ocr_carea' id='block_1_21' title="bbox 269 2108 1839 2177">
    <p class='ocr_par' dir='ltr' id='par_1_21' title="bbox 269 2108 1839 2177">
     <span class='ocr_line' id='line_1_21' title="bbox 269 2108 1839 2177; baseline 0.003 -18"><span class='ocrx_word' id='word_1_137' title='bbox 269 2123 440 2170; x_wconf 87' lang='lat' dir='ltr'><strong>crum,</strong></span> <span class='ocrx_word' id='word_1_138' title='bbox 467 2116 523 2161; x_wconf 90' lang='lat' dir='ltr'><strong>et</strong></span> <span class='ocrx_word' id='word_1_139' title='bbox 566 2110 746 2162; x_wconf 81' lang='lat' dir='ltr'><strong>omnis</strong></span> <span class='ocrx_word' id='word_1_140' title='bbox 788 2111 982 2163; x_wconf 80' lang='lat' dir='ltr'><strong>animae</strong></span> <span class='ocrx_word' id='word_1_141' title='bbox 1035 2108 1269 2163; x_wconf 78' lang='lat' dir='ltr'><strong>viventis</strong></span> <span class='ocrx_word' id='word_1_142' title='bbox 1333 2123 1454 2177; x_wconf 68' lang='lat' dir='ltr'><strong>qua:</strong></span> <span class='ocrx_word' id='word_1_143' title='bbox 1495 2118 1744 2163; x_wconf 86' lang='lat' dir='ltr'><strong>movetur</strong></span> <span class='ocrx_word' id='word_1_144' title='bbox 1783 2110 1839 2164; x_wconf 91' lang='lat' dir='ltr'><strong>in</strong></span> 
     </span>
    </p>
   </div>
   <div class='ocr_carea' id='block_1_22' title="bbox 269 2200 1841 2270">
    <p class='ocr_par' dir='ltr' id='par_1_22' title="bbox 269 2200 1841 2270">
     <span class='ocr_line' id='line_1_22' title="bbox 269 2200 1841 2270; baseline 0.003 -19"><span class='ocrx_word' id='word_1_145' title='bbox 269 2215 406 2265; x_wconf 87' lang='lat' dir='ltr'><strong>aqua</strong></span> <span class='ocrx_word' id='word_1_146' title='bbox 459 2209 513 2254; x_wconf 90' lang='lat' dir='ltr'><strong>et</strong></span> <span class='ocrx_word' id='word_1_147' title='bbox 551 2208 731 2270; x_wconf 88' lang='lat' dir='ltr'><strong>reptat</strong></span> <span class='ocrx_word' id='word_1_148' title='bbox 775 2200 831 2254; x_wconf 92' lang='lat' dir='ltr'><strong>in</strong></span> <span class='ocrx_word' id='word_1_149' title='bbox 878 2209 1043 2263; x_wconf 86' lang='lat' dir='ltr'><strong>terra,</strong></span> <span class='ocrx_word' id='word_1_150' title='bbox 1094 2212 1155 2255; x_wconf 93' lang='lat' dir='ltr'><strong>ut</strong></span> <span class='ocrx_word' id='word_1_151' title='bbox 1194 2200 1537 2255; x_wconf 76' lang='lat' dir='ltr'><strong>diﬂerentias</strong></span> <span class='ocrx_word' id='word_1_152' title='bbox 1580 2201 1841 2255; x_wconf 75' lang='lat' dir='ltr'><strong>noveritis</strong></span> 
     </span>
    </p>
   </div>
   <div class='ocr_carea' id='block_1_23' title="bbox 222 2292 1842 2367">
    <p class='ocr_par' dir='ltr' id='par_1_23' title="bbox 222 2292 1842 2367">
     <span class='ocr_line' id='line_1_23' title="bbox 222 2292 1842 2367; baseline 0.004 -27"><span class='ocrx_word' id='word_1_153' title='bbox 222 2351 237 2367; x_wconf 46' lang='lat'><em>.</em></span> <span class='ocrx_word' id='word_1_154' title='bbox 269 2292 451 2344; x_wconf 82' lang='lat' dir='ltr'><strong>mundi</strong></span> <span class='ocrx_word' id='word_1_155' title='bbox 485 2301 539 2344; x_wconf 90' lang='lat' dir='ltr'><strong>et</strong></span> <span class='ocrx_word' id='word_1_156' title='bbox 566 2292 848 2351; x_wconf 82' lang='lat' dir='ltr'><strong>immundi,</strong></span> <span class='ocrx_word' id='word_1_157' title='bbox 893 2302 947 2345; x_wconf 89' lang='lat' dir='ltr'><strong>et</strong></span> <span class='ocrx_word' id='word_1_158' title='bbox 990 2292 1176 2346; x_wconf 87' lang='lat' dir='ltr'><strong>sciatis</strong></span> <span class='ocrx_word' id='word_1_159' title='bbox 1228 2292 1361 2361; x_wconf 89' lang='lat' dir='ltr'><strong>quid</strong></span> <span class='ocrx_word' id='word_1_160' title='bbox 1413 2293 1699 2345; x_wconf 83' lang='lat' dir='ltr'><strong>comedere</strong></span> <span class='ocrx_word' id='word_1_161' title='bbox 1748 2300 1842 2346; x_wconf 89' lang='lat' dir='ltr'><strong>aut</strong></span> 
     </span>
    </p>
   </div>
   <div class='ocr_carea' id='block_1_24' title="bbox 267 2382 1024 2451">
    <p class='ocr_par' dir='ltr' id='par_1_24' title="bbox 267 2382 1024 2451">
     <span class='ocr_line' id='line_1_24' title="bbox 267 2382 1024 2451; baseline 0 -18"><span class='ocrx_word' id='word_1_162' title='bbox 267 2382 396 2449; x_wconf 84' lang='lat' dir='ltr'><strong>quid</strong></span> <span class='ocrx_word' id='word_1_163' title='bbox 429 2397 683 2451; x_wconf 82' lang='lat' dir='ltr'><strong>respuere</strong></span> <span class='ocrx_word' id='word_1_164' title='bbox 716 2383 981 2437; x_wconf 82' lang='lat' dir='ltr'><strong>debeatis.</strong></span> <span class='ocrx_word' id='word_1_165' title='bbox 1009 2403 1024 2433; x_wconf 89' lang='grc' dir='ltr'><strong>ι</strong></span> 
     </span>
    </p>
   </div>
   <div class='ocr_carea' id='block_1_25' title="bbox 342 2472 1842 2547">
    <p class='ocr_par' dir='ltr' id='par_1_25' title="bbox 342 2472 1842 2547">
     <span class='ocr_line' id='line_1_25' title="bbox 342 2472 1842 2547; baseline 0.002 -23"><span class='ocrx_word' id='word_1_166' title='bbox 342 2472 806 2542; x_wconf 81' lang='lat' dir='ltr'><strong>Recapitulatione</strong></span> <span class='ocrx_word' id='word_1_167' title='bbox 853 2490 1006 2529; x_wconf 90' lang='lat' dir='ltr'><strong>more</strong></span> <span class='ocrx_word' id='word_1_168' title='bbox 1053 2490 1151 2530; x_wconf 92' lang='lat' dir='ltr'><strong>suo</strong></span> <span class='ocrx_word' id='word_1_169' title='bbox 1180 2490 1327 2529; x_wconf 89' lang='lat' dir='ltr'><strong>nunc</strong></span> <span class='ocrx_word' id='word_1_170' title='bbox 1362 2477 1525 2531; x_wconf 88' lang='lat' dir='ltr'><strong>etiam</strong></span> <span class='ocrx_word' id='word_1_171' title='bbox 1570 2477 1842 2547; x_wconf 81' lang='lat' dir='ltr'><strong>legislator</strong></span> 
     </span>
    </p>
   </div>
   <div class='ocr_carea' id='block_1_26' title="bbox 270 2564 1840 2636">
    <p class='ocr_par' dir='ltr' id='par_1_26' title="bbox 270 2564 1840 2636">
     <span class='ocr_line' id='line_1_26' title="bbox 270 2564 1840 2636; baseline 0.003 -20"><span class='ocrx_word' id='word_1_172' title='bbox 270 2564 459 2625; x_wconf 86' lang='lat' dir='ltr'><strong>utitur,</strong></span> <span class='ocrx_word' id='word_1_173' title='bbox 498 2573 558 2618; x_wconf 93' lang='lat' dir='ltr'><strong>ut</strong></span> <span class='ocrx_word' id='word_1_174' title='bbox 585 2565 769 2619; x_wconf 87' lang='lat' dir='ltr'><strong>norint</strong></span> <span class='ocrx_word' id='word_1_175' title='bbox 800 2564 1063 2635; x_wconf 86' lang='lat' dir='ltr'><strong>legentes,</strong></span> <span class='ocrx_word' id='word_1_176' title='bbox 1095 2566 1165 2620; x_wconf 93' lang='lat' dir='ltr'><strong>de</strong></span> <span class='ocrx_word' id='word_1_177' title='bbox 1199 2568 1399 2636; x_wconf 88' lang='lat' dir='ltr'><strong>quibus</strong></span> <span class='ocrx_word' id='word_1_178' title='bbox 1420 2569 1531 2636; x_wconf 83' lang='lat' dir='ltr'><strong>jam</strong></span> <span class='ocrx_word' id='word_1_179' title='bbox 1574 2567 1656 2620; x_wconf 93' lang='lat' dir='ltr'><strong>lex</strong></span> <span class='ocrx_word' id='word_1_180' title='bbox 1685 2568 1840 2628; x_wconf 88' lang='lat' dir='ltr'><strong>dixit,</strong></span> 
     </span>
    </p>
   </div>
   <div class='ocr_carea' id='block_1_27' title="bbox 269 2652 1841 2723">
    <p class='ocr_par' dir='ltr' id='par_1_27' title="bbox 269 2652 1841 2723">
     <span class='ocr_line' id='line_1_27' title="bbox 269 2652 1841 2723; baseline 0.002 -18"><span class='ocrx_word' id='word_1_181' title='bbox 269 2663 322 2705; x_wconf 82' lang='lat' dir='ltr'><strong>et</strong></span> <span class='ocrx_word' id='word_1_182' title='bbox 345 2652 500 2707; x_wconf 81' lang='lat' dir='ltr'><strong>facile</strong></span> <span class='ocrx_word' id='word_1_183' title='bbox 517 2668 581 2706; x_wconf 90' lang='lat' dir='ltr'><strong>ea</strong></span> <span class='ocrx_word' id='word_1_184' title='bbox 606 2665 1037 2723; x_wconf 89' lang='lat' dir='ltr'><strong>perscrulentur.</strong></span> <span class='ocrx_word' id='word_1_185' title='bbox 1060 2656 1216 2720; x_wconf 81' lang='lat' dir='ltr'><strong>Quod</strong></span> <span class='ocrx_word' id='word_1_186' title='bbox 1236 2668 1419 2711; x_wconf 89' lang='lat' dir='ltr'><strong>autem</strong></span> <span class='ocrx_word' id='word_1_187' title='bbox 1450 2672 1597 2711; x_wconf 91' lang='lat' dir='ltr'><strong>nunc</strong></span> <span class='ocrx_word' id='word_1_188' title='bbox 1616 2657 1841 2717; x_wconf 82' lang='lat' dir='ltr'><strong>addidit,</strong></span> 
     </span>
    </p>
   </div>
   <div class='ocr_carea' id='block_1_28' title="bbox 270 2745 1844 2817">
    <p class='ocr_par' dir='ltr' id='par_1_28' title="bbox 270 2745 1844 2817">
     <span class='ocr_line' id='line_1_28' title="bbox 270 2745 1844 2817; baseline 0.003 -20"><span class='ocrx_word' id='word_1_189' title='bbox 270 2745 588 2799; x_wconf 80' lang='lat' dir='ltr'><strong>admirabile</strong></span> <span class='ocrx_word' id='word_1_190' title='bbox 611 2747 897 2815; x_wconf 86' lang='lat' dir='ltr'><strong>omnisque</strong></span> <span class='ocrx_word' id='word_1_191' title='bbox 922 2747 1142 2817; x_wconf 88' lang='lat' dir='ltr'><strong>plenum</strong></span> <span class='ocrx_word' id='word_1_192' title='bbox 1166 2750 1479 2817; x_wconf 87' lang='lat' dir='ltr'><strong>juvaminis,</strong></span> <span class='ocrx_word' id='word_1_193' title='bbox 1516 2751 1844 2804; x_wconf 87' lang='lat' dir='ltr'><strong>notandum-</strong></span> 
     </span>
    </p>
   </div>
   <div class='ocr_carea' id='block_1_29' title="bbox 270 2836 1845 2909">
    <p class='ocr_par' dir='ltr' id='par_1_29' title="bbox 270 2836 1845 2909">
     <span class='ocr_line' id='line_1_29' title="bbox 270 2836 1845 2909; baseline 0.002 -20"><span class='ocrx_word' id='word_1_194' title='bbox 270 2852 377 2904; x_wconf 86' lang='lat' dir='ltr'><strong>que</strong></span> <span class='ocrx_word' id='word_1_195' title='bbox 405 2846 521 2889; x_wconf 85' lang='lat' dir='ltr'><strong>est:</strong></span> <span class='ocrx_word' id='word_1_196' title='bbox 567 2836 835 2906; x_wconf 80' lang='lat' dir='ltr'><strong>prolatam</strong></span> <span class='ocrx_word' id='word_1_197' title='bbox 866 2839 1069 2907; x_wconf 85' lang='lat' dir='ltr'><strong>quippe</strong></span> <span class='ocrx_word' id='word_1_198' title='bbox 1090 2838 1226 2892; x_wconf 90' lang='lat' dir='ltr'><strong>dixit</strong></span> <span class='ocrx_word' id='word_1_199' title='bbox 1286 2842 1455 2909; x_wconf 85' lang='lat' dir='ltr'><strong>legem</strong></span> <span class='ocrx_word' id='word_1_200' title='bbox 1487 2841 1845 2893; x_wconf 67' lang='lat' dir='ltr'><strong>dinumeratis</strong></span> 
     </span>
    </p>
   </div>
   <div class='ocr_carea' id='block_1_30' title="bbox 270 2926 1847 2998">
    <p class='ocr_par' dir='ltr' id='par_1_30' title="bbox 270 2926 1847 2998">
     <span class='ocr_line' id='line_1_30' title="bbox 270 2926 1847 2998; baseline 0.001 -17"><span class='ocrx_word' id='word_1_201' title='bbox 270 2926 636 2981; x_wconf 86' lang='lat' dir='ltr'><strong>animalibus:</strong></span> <span class='ocrx_word' id='word_1_202' title='bbox 672 2942 776 2981; x_wconf 89' lang='lat' dir='ltr'><strong>nec</strong></span> <span class='ocrx_word' id='word_1_203' title='bbox 799 2928 973 2981; x_wconf 88' lang='lat' dir='ltr'><strong>solum</strong></span> <span class='ocrx_word' id='word_1_204' title='bbox 1008 2940 1067 2982; x_wconf 95' lang='lat' dir='ltr'><strong>ut</strong></span> <span class='ocrx_word' id='word_1_205' title='bbox 1100 2940 1320 2998; x_wconf 88' lang='lat' dir='ltr'><strong>separet</strong></span> <span class='ocrx_word' id='word_1_206' title='bbox 1362 2932 1506 2985; x_wconf 88' lang='lat' dir='ltr'><strong>inter</strong></span> <span class='ocrx_word' id='word_1_207' title='bbox 1537 2930 1737 2983; x_wconf 92' lang='lat' dir='ltr'><strong>munda</strong></span> <span class='ocrx_word' id='word_1_208' title='bbox 1791 2940 1847 2983; x_wconf 90' lang='lat' dir='ltr'><strong>et</strong></span> 
     </span>
    </p>
   </div>
   <div class='ocr_carea' id='block_1_31' title="bbox 272 3006 1849 3089">
    <p class='ocr_par' dir='ltr' id='par_1_31' title="bbox 272 3006 1849 3089">
     <span class='ocr_line' id='line_1_31' title="bbox 272 3006 1849 3089; baseline 0.002 -19"><span class='ocrx_word' id='word_1_209' title='bbox 272 3006 575 3077; x_wconf 82' lang='lat' dir='ltr'><strong>immunda,</strong></span> <span class='ocrx_word' id='word_1_210' title='bbox 606 3017 701 3070; x_wconf 90' lang='lat' dir='ltr'><strong>sed</strong></span> <span class='ocrx_word' id='word_1_211' title='bbox 741 3026 801 3070; x_wconf 92' lang='lat' dir='ltr'><strong>ut</strong></span> <span class='ocrx_word' id='word_1_212' title='bbox 838 3016 1012 3071; x_wconf 88' lang='lat' dir='ltr'><strong>sciant</strong></span> <span class='ocrx_word' id='word_1_213' title='bbox 1044 3018 1137 3071; x_wconf 88' lang='lat' dir='ltr'><strong>ﬁlii</strong></span> <span class='ocrx_word' id='word_1_214' title='bbox 1176 3018 1362 3083; x_wconf 70' lang='lat' dir='ltr'><strong>Israel,</strong></span> <span class='ocrx_word' id='word_1_215' title='bbox 1394 3020 1478 3073; x_wconf 86' lang='lat' dir='ltr'><strong>vel</strong></span> <span class='ocrx_word' id='word_1_216' title='bbox 1521 3030 1849 3089; x_wconf 80' lang='lat' dir='ltr'><strong>cognoscant</strong></span> 
     </span>
    </p>
   </div>
   <div class='ocr_carea' id='block_1_32' title="bbox 272 3108 1845 3182">
    <p class='ocr_par' dir='ltr' id='par_1_32' title="bbox 272 3108 1845 3182">
     <span class='ocr_line' id='line_1_32' title="bbox 272 3108 1845 3182; baseline 0.003 -22"><span class='ocrx_word' id='word_1_217' title='bbox 272 3108 421 3161; x_wconf 89' lang='lat' dir='ltr'><strong>inter</strong></span> <span class='ocrx_word' id='word_1_218' title='bbox 460 3108 801 3163; x_wconf 66' lang='lat' dir='ltr'><strong>viviﬁmntes</strong></span> <span class='ocrx_word' id='word_1_219' title='bbox 848 3124 934 3175; x_wconf 89' lang='lat' dir='ltr'><strong>ea,</strong></span> <span class='ocrx_word' id='word_1_220' title='bbox 963 3125 1085 3177; x_wconf 70' lang='lat' dir='ltr'><strong>qua:</strong></span> <span class='ocrx_word' id='word_1_221' title='bbox 1112 3112 1495 3166; x_wconf 88' lang='lat' dir='ltr'><strong>comeduntur.</strong></span> <span class='ocrx_word' id='word_1_222' title='bbox 1550 3111 1689 3182; x_wconf 73' lang='lat' dir='ltr'><strong>Elgo</strong></span> <span class='ocrx_word' id='word_1_223' title='bbox 1735 3128 1845 3166; x_wconf 88' lang='lat' dir='ltr'><strong>non</strong></span> 
     </span>
    </p>
   </div>
   <div class='ocr_carea' id='block_1_33' title="bbox 1931 611 3501 691">
    <p class='ocr_par' dir='ltr' id='par_1_33' title="bbox 1931 611 3501 691">
     <span class='ocr_line' id='line_1_33' title="bbox 1931 611 3501 691; baseline -0.008 -15"><span class='ocrx_word' id='word_1_224' title='bbox 1931 621 2347 691; x_wconf 82' lang='lat' dir='ltr'><strong>compescimus,</strong></span> <span class='ocrx_word' id='word_1_225' title='bbox 2389 618 2608 687; x_wconf 86' lang='lat' dir='ltr'><strong>quando</strong></span> <span class='ocrx_word' id='word_1_226' title='bbox 2650 617 2783 688; x_wconf 83' lang='lat' dir='ltr'><strong>legis</strong></span> <span class='ocrx_word' id='word_1_227' title='bbox 2836 614 3097 669; x_wconf 72' lang='lat' dir='ltr'><strong>doctrina:</strong></span> <span class='ocrx_word' id='word_1_228' title='bbox 3127 611 3501 666; x_wconf 65' lang='lat' dir='ltr'><strong>convenientia</strong></span> 
     </span>
    </p>
   </div>
   <div class='ocr_carea' id='block_1_34' title="bbox 1932 718 2210 768">
    <p class='ocr_par' dir='ltr' id='par_1_34' title="bbox 1932 718 2210 768">
     <span class='ocr_line' id='line_1_34' title="bbox 1932 718 2210 768; baseline -0.011 -1"><span class='ocrx_word' id='word_1_229' title='bbox 1932 718 2210 768; x_wconf 84' lang='lat' dir='ltr'><strong>docemus.</strong></span> 
     </span>
    </p>
   </div>
   <div class='ocr_carea' id='block_1_35' title="bbox 2529 799 2916 858">
    <p class='ocr_par' dir='ltr' id='par_1_35' title="bbox 2529 799 2916 858">
     <span class='ocr_line' id='line_1_35' title="bbox 2529 799 2916 858; baseline -0.01 0"><span class='ocrx_word' id='word_1_230' title='bbox 2529 801 2757 858; x_wconf 71' lang='lat' dir='ltr'><strong>CAPUT</strong></span> <span class='ocrx_word' id='word_1_231' title='bbox 2799 799 2916 855; x_wconf 74' lang='lat' dir='ltr'><strong>XII.</strong></span> 
     </span>
    </p>
   </div>
   <div class='ocr_carea' id='block_1_36' title="bbox 2007 890 3505 960">
    <p class='ocr_par' dir='ltr' id='par_1_36' title="bbox 2007 890 3505 960">
     <span class='ocr_line' id='line_1_36' title="bbox 2007 890 3505 960; baseline -0.005 -11"><span class='ocrx_word' id='word_1_232' title='bbox 2007 896 2165 951; x_wconf 74' lang='lat' dir='ltr'><strong>Vens.</strong></span> <span class='ocrx_word' id='word_1_233' title='bbox 2202 896 2317 952; x_wconf 79' lang='lat' dir='ltr'><strong>l—5.</strong></span> <span class='ocrx_word' id='word_1_234' title='bbox 2361 916 2379 948; x_wconf 75' lang='grc' dir='ltr'><strong>ι</strong></span> <span class='ocrx_word' id='word_1_235' title='bbox 2420 896 2659 951; x_wconf 86' lang='lat' dir='ltr'><strong>Locutus</strong></span> <span class='ocrx_word' id='word_1_236' title='bbox 2707 904 2793 948; x_wconf 88' lang='lat' dir='ltr'><strong>est</strong></span> <span class='ocrx_word' id='word_1_237' title='bbox 2842 892 3105 947; x_wconf 87' lang='lat' dir='ltr'><strong>Dominus</strong></span> <span class='ocrx_word' id='word_1_238' title='bbox 3165 890 3233 945; x_wconf 87' lang='lat' dir='ltr'><strong>ad</strong></span> <span class='ocrx_word' id='word_1_239' title='bbox 3285 890 3505 960; x_wconf 68' lang='lat' dir='ltr'><strong>Moysen</strong></span> 
     </span>
    </p>
   </div>
   <div class='ocr_carea' id='block_1_37' title="bbox 1932 979 3508 1057">
    <p class='ocr_par' dir='ltr' id='par_1_37' title="bbox 1932 979 3508 1057">
     <span class='ocr_line' id='line_1_37' title="bbox 1932 979 3508 1057; baseline -0.006 -16"><span class='ocrx_word' id='word_1_240' title='bbox 1932 986 2149 1042; x_wconf 89' lang='lat' dir='ltr'><strong>dicens:</strong></span> <span class='ocrx_word' id='word_1_241' title='bbox 2187 987 2435 1057; x_wconf 86' lang='lat' dir='ltr'><strong>Loquere</strong></span> <span class='ocrx_word' id='word_1_242' title='bbox 2463 987 2590 1043; x_wconf 90' lang='lat' dir='ltr'><strong>ﬁliis</strong></span> <span class='ocrx_word' id='word_1_243' title='bbox 2631 986 2815 1046; x_wconf 87' lang='lat' dir='ltr'><strong>Israel.</strong></span> <span class='ocrx_word' id='word_1_244' title='bbox 2850 994 2907 1037; x_wconf 88' lang='lat' dir='ltr'><strong>et</strong></span> <span class='ocrx_word' id='word_1_245' title='bbox 2933 984 3081 1038; x_wconf 88' lang='lat' dir='ltr'><strong>dices</strong></span> <span class='ocrx_word' id='word_1_246' title='bbox 3113 980 3182 1035; x_wconf 88' lang='lat' dir='ltr'><strong>ad</strong></span> <span class='ocrx_word' id='word_1_247' title='bbox 3211 996 3337 1035; x_wconf 85' lang='lat' dir='ltr'><strong>eos:</strong></span> <span class='ocrx_word' id='word_1_248' title='bbox 3391 979 3508 1033; x_wconf 73' lang='lat' dir='ltr'><strong>llu-</strong></span> 
     </span>
    </p>
   </div>
   <div class='ocr_carea' id='block_1_38' title="bbox 1934 1072 3509 1148">
    <p class='ocr_par' dir='ltr' id='par_1_38' title="bbox 1934 1072 3509 1148">
     <span class='ocr_line' id='line_1_38' title="bbox 1934 1072 3509 1148; baseline -0.006 -15"><span class='ocrx_word' id='word_1_249' title='bbox 1934 1081 2033 1134; x_wconf 90' lang='lat' dir='ltr'><strong>lier</strong></span> <span class='ocrx_word' id='word_1_250' title='bbox 2061 1079 2107 1133; x_wconf 90' lang='lat' dir='ltr'><strong>si</strong></span> <span class='ocrx_word' id='word_1_251' title='bbox 2128 1088 2383 1148; x_wconf 89' lang='lat' dir='ltr'><strong>suscepto</strong></span> <span class='ocrx_word' id='word_1_252' title='bbox 2403 1078 2613 1133; x_wconf 83' lang='lat' dir='ltr'><strong>semine</strong></span> <span class='ocrx_word' id='word_1_253' title='bbox 2634 1075 2907 1146; x_wconf 87' lang='lat' dir='ltr'><strong>pepererit</strong></span> <span class='ocrx_word' id='word_1_254' title='bbox 2928 1073 3248 1135; x_wconf 82' lang='lat' dir='ltr'><strong>masculum,</strong></span> <span class='ocrx_word' id='word_1_255' title='bbox 3273 1072 3509 1124; x_wconf 88' lang='lat' dir='ltr'><strong>immun-</strong></span> 
     </span>
    </p>
   </div>
   <div class='ocr_carea' id='block_1_39' title="bbox 1934 1163 3509 1240">
    <p class='ocr_par' dir='ltr' id='par_1_39' title="bbox 1934 1163 3509 1240">
     <span class='ocr_line' id='line_1_39' title="bbox 1934 1163 3509 1240; baseline -0.009 -14"><span class='ocrx_word' id='word_1_256' title='bbox 1934 1173 2003 1226; x_wconf 89' lang='lat' dir='ltr'><strong>da</strong></span> <span class='ocrx_word' id='word_1_257' title='bbox 2051 1174 2156 1226; x_wconf 74' lang='lat' dir='ltr'><strong>erit</strong></span> <span class='ocrx_word' id='word_1_258' title='bbox 2220 1180 2430 1240; x_wconf 88' lang='lat' dir='ltr'><strong>septem</strong></span> <span class='ocrx_word' id='word_1_259' title='bbox 2478 1170 2705 1233; x_wconf 89' lang='lat' dir='ltr'><strong>diebus,</strong></span> <span class='ocrx_word' id='word_1_260' title='bbox 2763 1169 2918 1237; x_wconf 81' lang='lat' dir='ltr'><strong>juxta</strong></span> <span class='ocrx_word' id='word_1_261' title='bbox 2973 1166 3089 1219; x_wconf 77' lang='lat' dir='ltr'><strong>dies</strong></span> <span class='ocrx_word' id='word_1_262' title='bbox 3147 1163 3509 1234; x_wconf 83' lang='lat' dir='ltr'><strong>scparatiouis</strong></span> 
     </span>
    </p>
   </div>
   <div class='ocr_carea' id='block_1_40' title="bbox 1937 1253 3505 1318">
    <p class='ocr_par' dir='ltr' id='par_1_40' title="bbox 1937 1253 3505 1318">
     <span class='ocr_line' id='line_1_40' title="bbox 1937 1253 3505 1318; baseline -0.007 -1"><span class='ocrx_word' id='word_1_263' title='bbox 1937 1274 2252 1318; x_wconf 68' lang='lat' dir='ltr'><strong>monstrnt.</strong></span> <span class='ocrx_word' id='word_1_264' title='bbox 2315 1262 2412 1317; x_wconf 88' lang='lat' dir='ltr'><strong>Die</strong></span> <span class='ocrx_word' id='word_1_265' title='bbox 2478 1271 2673 1315; x_wconf 84' lang='lat' dir='ltr'><strong>octavo</strong></span> <span class='ocrx_word' id='word_1_266' title='bbox 2725 1256 3145 1312; x_wconf 82' lang='lat' dir='ltr'><strong>circumcidetur</strong></span> <span class='ocrx_word' id='word_1_267' title='bbox 3189 1253 3505 1307; x_wconf 79' lang='lat' dir='ltr'><strong>infantulus.</strong></span> 
     </span>
    </p>
   </div>
   <div class='ocr_carea' id='block_1_41' title="bbox 1937 1347 3509 1425">
    <p class='ocr_par' dir='ltr' id='par_1_41' title="bbox 1937 1347 3509 1425">
     <span class='ocr_line' id='line_1_41' title="bbox 1937 1347 3509 1425; baseline -0.009 -15"><span class='ocrx_word' id='word_1_268' title='bbox 1937 1357 2056 1425; x_wconf 88' lang='lat' dir='ltr'><strong>Ipsa</strong></span> <span class='ocrx_word' id='word_1_269' title='bbox 2085 1372 2215 1410; x_wconf 86' lang='lat' dir='ltr'><strong>vero</strong></span> <span class='ocrx_word' id='word_1_270' title='bbox 2237 1355 2456 1425; x_wconf 79' lang='lat' dir='ltr'><strong>triginta</strong></span> <span class='ocrx_word' id='word_1_271' title='bbox 2487 1354 2682 1409; x_wconf 91' lang='lat' dir='ltr'><strong>diebus</strong></span> <span class='ocrx_word' id='word_1_272' title='bbox 2719 1350 2963 1406; x_wconf 87' lang='lat' dir='ltr'><strong>manebit</strong></span> <span class='ocrx_word' id='word_1_273' title='bbox 2989 1351 3044 1402; x_wconf 91' lang='lat' dir='ltr'><strong>in</strong></span> <span class='ocrx_word' id='word_1_274' title='bbox 3076 1347 3339 1417; x_wconf 83' lang='lat' dir='ltr'><strong>sanguine</strong></span> <span class='ocrx_word' id='word_1_275' title='bbox 3361 1347 3509 1413; x_wconf 79' lang='lat' dir='ltr'><strong>puri-</strong></span> 
     </span>
    </p>
   </div>
   <div class='ocr_carea' id='block_1_42' title="bbox 1937 1446 3510 1506">
    <p class='ocr_par' dir='ltr' id='par_1_42' title="bbox 1937 1446 3510 1506">
     <span class='ocr_line' id='line_1_42' title="bbox 1937 1446 3510 1506; baseline -0.01 -4"><span class='ocrx_word' id='word_1_276' title='bbox 1937 1447 2207 1502; x_wconf 86' lang='lat' dir='ltr'><strong>ﬁcationis</strong></span> <span class='ocrx_word' id='word_1_277' title='bbox 2241 1461 2375 1501; x_wconf 64' lang='lat' dir='ltr'><strong>suae.</strong></span> <span class='ocrx_word' id='word_1_278' title='bbox 2409 1446 2584 1498; x_wconf 81' lang='lat' dir='ltr'><strong>Omne</strong></span> <span class='ocrx_word' id='word_1_279' title='bbox 2633 1452 2883 1497; x_wconf 87' lang='lat' dir='ltr'><strong>sanctum</strong></span> <span class='ocrx_word' id='word_1_280' title='bbox 2914 1455 3025 1495; x_wconf 93' lang='lat' dir='ltr'><strong>non</strong></span> <span class='ocrx_word' id='word_1_281' title='bbox 3072 1446 3273 1506; x_wconf 72' lang='lat' dir='ltr'><strong>tanget,</strong></span> <span class='ocrx_word' id='word_1_282' title='bbox 3307 1446 3364 1490; x_wconf 91' lang='lat' dir='ltr'><strong>ct</strong></span> <span class='ocrx_word' id='word_1_283' title='bbox 3409 1450 3510 1488; x_wconf 86' lang='lat' dir='ltr'><strong>nec</strong></span> 
     </span>
    </p>
   </div>
   <div class='ocr_carea' id='block_1_43' title="bbox 1938 1527 3513 1611">
    <p class='ocr_par' dir='ltr' id='par_1_43' title="bbox 1938 1527 3513 1611">
     <span class='ocr_line' id='line_1_43' title="bbox 1938 1527 3513 1611; baseline -0.01 -17"><span class='ocrx_word' id='word_1_284' title='bbox 1938 1540 2273 1611; x_wconf 74' lang='lat' dir='ltr'><strong>ingredietur</strong></span> <span class='ocrx_word' id='word_1_285' title='bbox 2327 1536 2734 1598; x_wconf 87' lang='lat' dir='ltr'><strong>sanctuarium,</strong></span> <span class='ocrx_word' id='word_1_286' title='bbox 2789 1534 2966 1588; x_wconf 89' lang='lat' dir='ltr'><strong>donec</strong></span> <span class='ocrx_word' id='word_1_287' title='bbox 3018 1530 3345 1599; x_wconf 80' lang='lat' dir='ltr'><strong>impleantur</strong></span> <span class='ocrx_word' id='word_1_288' title='bbox 3393 1527 3513 1581; x_wconf 85' lang='lat' dir='ltr'><strong>dies</strong></span> 
     </span>
    </p>
   </div>
   <div class='ocr_carea' id='block_1_44' title="bbox 1938 1627 3507 1707">
    <p class='ocr_par' dir='ltr' id='par_1_44' title="bbox 1938 1627 3507 1707">
     <span class='ocr_line' id='line_1_44' title="bbox 1938 1627 3507 1707; baseline -0.01 -17"><span class='ocrx_word' id='word_1_289' title='bbox 1938 1635 2274 1707; x_wconf 83' lang='lat' dir='ltr'><strong>purgationis</strong></span> <span class='ocrx_word' id='word_1_290' title='bbox 2317 1634 2458 1701; x_wconf 89' lang='lat' dir='ltr'><strong>ejus.</strong></span> <span class='ocrx_word' id='word_1_291' title='bbox 2516 1632 2612 1684; x_wconf 87' lang='lat' dir='ltr'><strong>Sin</strong></span> <span class='ocrx_word' id='word_1_292' title='bbox 2666 1638 2851 1683; x_wconf 83' lang='lat' dir='ltr'><strong>autem</strong></span> <span class='ocrx_word' id='word_1_293' title='bbox 2903 1627 3161 1681; x_wconf 79' lang='lat' dir='ltr'><strong>feminam</strong></span> <span class='ocrx_word' id='word_1_294' title='bbox 3216 1633 3507 1693; x_wconf 76' lang='lat' dir='ltr'><strong>pepererit,</strong></span> 
     </span>
    </p>
   </div>
   <div class='ocr_carea' id='block_1_45' title="bbox 1940 1715 3510 1783">
    <p class='ocr_par' dir='ltr' id='par_1_45' title="bbox 1940 1715 3510 1783">
     <span class='ocr_line' id='line_1_45' title="bbox 1940 1715 3510 1783; baseline -0.01 -1"><span class='ocrx_word' id='word_1_295' title='bbox 1940 1727 2218 1782; x_wconf 80' lang='lat' dir='ltr'><strong>immunda</strong></span> <span class='ocrx_word' id='word_1_296' title='bbox 2258 1725 2366 1779; x_wconf 90' lang='lat' dir='ltr'><strong>erit</strong></span> <span class='ocrx_word' id='word_1_297' title='bbox 2412 1722 2625 1776; x_wconf 91' lang='lat' dir='ltr'><strong>duabus</strong></span> <span class='ocrx_word' id='word_1_298' title='bbox 2657 1718 3115 1780; x_wconf 86' lang='lat' dir='ltr'><strong>hebdomadibus,</strong></span> <span class='ocrx_word' id='word_1_299' title='bbox 3148 1717 3301 1783; x_wconf 84' lang='lat' dir='ltr'><strong>juxta</strong></span> <span class='ocrx_word' id='word_1_300' title='bbox 3346 1715 3510 1767; x_wconf 87' lang='lat' dir='ltr'><strong>ritum</strong></span> 
     </span>
    </p>
   </div>
   <div class='ocr_carea' id='block_1_46' title="bbox 1895 1805 3511 1895">
    <p class='ocr_par' dir='ltr' id='par_1_46' title="bbox 1895 1805 3511 1895">
     <span class='ocr_line' id='line_1_46' title="bbox 1895 1805 3511 1895; baseline -0.009 -23"><span class='ocrx_word' id='word_1_301' title='bbox 1895 1875 1910 1895; x_wconf 55' lang='grc'><strong>,</strong></span> <span class='ocrx_word' id='word_1_302' title='bbox 1940 1819 2117 1871; x_wconf 81' lang='lat' dir='ltr'><strong>fluxus</strong></span> <span class='ocrx_word' id='word_1_303' title='bbox 2147 1814 2433 1870; x_wconf 72' lang='lat' dir='ltr'><strong>menstrui.</strong></span> <span class='ocrx_word' id='word_1_304' title='bbox 2466 1812 2531 1865; x_wconf 83' lang='lat' dir='ltr'><strong>Et</strong></span> <span class='ocrx_word' id='word_1_305' title='bbox 2568 1811 2849 1877; x_wconf 78' lang='lat' dir='ltr'><strong>sexaginta</strong></span> <span class='ocrx_word' id='word_1_306' title='bbox 2881 1816 2937 1862; x_wconf 91' lang='lat' dir='ltr'><strong>et</strong></span> <span class='ocrx_word' id='word_1_307' title='bbox 2964 1823 3057 1861; x_wconf 87' lang='lat' dir='ltr'><strong>sex</strong></span> <span class='ocrx_word' id='word_1_308' title='bbox 3085 1805 3281 1860; x_wconf 83' lang='lat' dir='ltr'><strong>diebus</strong></span> <span class='ocrx_word' id='word_1_309' title='bbox 3327 1819 3511 1857; x_wconf 89' lang='lat' dir='ltr'><strong>mane-</strong></span> 
     </span>
    </p>
   </div>
   <div class='ocr_carea' id='block_1_47' title="bbox 1895 1900 3051 1977">
    <p class='ocr_par' dir='ltr' id='par_1_47' title="bbox 1895 1900 3051 1977">
     <span class='ocr_line' id='line_1_47' title="bbox 1895 1900 3051 1977; baseline -0.013 -14"><span class='ocrx_word' id='word_1_310' title='bbox 1895 1900 1912 1918; x_wconf 83' lang='grc'><strong><em>⁸</em></strong></span> <span class='ocrx_word' id='word_1_311' title='bbox 1941 1910 2021 1963; x_wconf 87' lang='lat' dir='ltr'><strong>bit</strong></span> <span class='ocrx_word' id='word_1_312' title='bbox 2052 1908 2109 1962; x_wconf 91' lang='lat' dir='ltr'><strong>in</strong></span> <span class='ocrx_word' id='word_1_313' title='bbox 2136 1907 2400 1977; x_wconf 74' lang='lat' dir='ltr'><strong>sanguine</strong></span> <span class='ocrx_word' id='word_1_314' title='bbox 2434 1901 2833 1975; x_wconf 87' lang='lat' dir='ltr'><strong>puriﬁcatiouis</strong></span> <span class='ocrx_word' id='word_1_315' title='bbox 2860 1914 2995 1953; x_wconf 67' lang='lat' dir='ltr'><strong>suae.</strong></span> <span class='ocrx_word' id='word_1_316' title='bbox 3033 1916 3051 1948; x_wconf 78' lang='grc' dir='ltr'><strong>ι</strong></span> 
     </span>
    </p>
   </div>
   <div class='ocr_carea' id='block_1_48' title="bbox 2012 1985 3512 2064">
    <p class='ocr_par' dir='ltr' id='par_1_48' title="bbox 2012 1985 3512 2064">
     <span class='ocr_line' id='line_1_48' title="bbox 2012 1985 3512 2064; baseline -0.012 -11"><span class='ocrx_word' id='word_1_317' title='bbox 2012 1998 2298 2053; x_wconf 74' lang='lat' dir='ltr'><strong>Manifesta</strong></span> <span class='ocrx_word' id='word_1_318' title='bbox 2355 2007 2441 2051; x_wconf 85' lang='lat' dir='ltr'><strong>est</strong></span> <span class='ocrx_word' id='word_1_319' title='bbox 2511 1992 2838 2064; x_wconf 87' lang='lat' dir='ltr'><strong>legislatoris</strong></span> <span class='ocrx_word' id='word_1_320' title='bbox 2895 1988 3158 2051; x_wconf 55' lang='lat' dir='ltr'><strong>intentio,</strong></span> <span class='ocrx_word' id='word_1_321' title='bbox 3230 1985 3512 2053; x_wconf 90' lang='lat' dir='ltr'><strong>antiquum</strong></span> 
     </span>
    </p>
   </div>
   <div class='ocr_carea' id='block_1_49' title="bbox 1940 2076 3516 2163">
    <p class='ocr_par' dir='ltr' id='par_1_49' title="bbox 1940 2076 3516 2163">
     <span class='ocr_line' id='line_1_49' title="bbox 1940 2076 3516 2163; baseline -0.012 -17"><span class='ocrx_word' id='word_1_322' title='bbox 1940 2090 2156 2163; x_wconf 83' lang='lat' dir='ltr'><strong>generis</strong></span> <span class='ocrx_word' id='word_1_323' title='bbox 2191 2089 2413 2142; x_wconf 90' lang='lat' dir='ltr'><strong>humani</strong></span> <span class='ocrx_word' id='word_1_324' title='bbox 2445 2083 2802 2156; x_wconf 88' lang='lat' dir='ltr'><strong>signiﬁcantis</strong></span> <span class='ocrx_word' id='word_1_325' title='bbox 2824 2095 3134 2141; x_wconf 78' lang='lat' dir='ltr'><strong>excessum,</strong></span> <span class='ocrx_word' id='word_1_326' title='bbox 3190 2087 3351 2146; x_wconf 89' lang='lat' dir='ltr'><strong>atque</strong></span> <span class='ocrx_word' id='word_1_327' title='bbox 3395 2076 3516 2129; x_wconf 87' lang='lat' dir='ltr'><strong>ideo</strong></span> 
     </span>
    </p>
   </div>
   <div class='ocr_carea' id='block_1_50' title="bbox 1941 2165 3516 2237">
    <p class='ocr_par' dir='ltr' id='par_1_50' title="bbox 1941 2165 3516 2237">
     <span class='ocr_line' id='line_1_50' title="bbox 1941 2165 3516 2237; baseline -0.012 -1"><span class='ocrx_word' id='word_1_328' title='bbox 1941 2199 2008 2237; x_wconf 79' lang='lat' dir='ltr'><strong>ex</strong></span> <span class='ocrx_word' id='word_1_329' title='bbox 2043 2180 2301 2235; x_wconf 88' lang='lat' dir='ltr'><strong>omnibus</strong></span> <span class='ocrx_word' id='word_1_330' title='bbox 2327 2178 2415 2232; x_wconf 91' lang='lat' dir='ltr'><strong>bis</strong></span> <span class='ocrx_word' id='word_1_331' title='bbox 2433 2174 2683 2231; x_wconf 83' lang='lat' dir='ltr'><strong>conferre</strong></span> <span class='ocrx_word' id='word_1_332' title='bbox 2706 2172 2866 2228; x_wconf 90' lang='lat' dir='ltr'><strong>nobis</strong></span> <span class='ocrx_word' id='word_1_333' title='bbox 2904 2169 3199 2232; x_wconf 88' lang='lat' dir='ltr'><strong>desiderat,</strong></span> <span class='ocrx_word' id='word_1_334' title='bbox 3230 2176 3292 2219; x_wconf 92' lang='lat' dir='ltr'><strong>ut</strong></span> <span class='ocrx_word' id='word_1_335' title='bbox 3346 2165 3516 2218; x_wconf 88' lang='lat' dir='ltr'><strong>cvile—</strong></span> 
     </span>
    </p>
   </div>
   <div class='ocr_carea' id='block_1_51' title="bbox 1942 2254 3518 2333">
    <p class='ocr_par' dir='ltr' id='par_1_51' title="bbox 1942 2254 3518 2333">
     <span class='ocr_line' id='line_1_51' title="bbox 1942 2254 3518 2333; baseline -0.013 -5"><span class='ocrx_word' id='word_1_336' title='bbox 1942 2288 2065 2327; x_wconf 89' lang='lat' dir='ltr'><strong>mus</strong></span> <span class='ocrx_word' id='word_1_337' title='bbox 2100 2272 2393 2327; x_wconf 69' lang='lat' dir='ltr'><strong>saeculares</strong></span> <span class='ocrx_word' id='word_1_338' title='bbox 2414 2284 2525 2333; x_wconf 90' lang='lat' dir='ltr'><strong>res,</strong></span> <span class='ocrx_word' id='word_1_339' title='bbox 2558 2277 2615 2321; x_wconf 92' lang='lat' dir='ltr'><strong>et</strong></span> <span class='ocrx_word' id='word_1_340' title='bbox 2645 2266 2889 2320; x_wconf 88' lang='lat' dir='ltr'><strong>actiones</strong></span> <span class='ocrx_word' id='word_1_341' title='bbox 2919 2261 3124 2324; x_wconf 88' lang='lat' dir='ltr'><strong>carnis,</strong></span> <span class='ocrx_word' id='word_1_342' title='bbox 3143 2264 3330 2326; x_wconf 86' lang='lat' dir='ltr'><strong>utpote</strong></span> <span class='ocrx_word' id='word_1_343' title='bbox 3358 2254 3518 2307; x_wconf 88' lang='lat' dir='ltr'><strong>nobis</strong></span> 
     </span>
    </p>
   </div>
   <div class='ocr_carea' id='block_1_52' title="bbox 1943 2350 3519 2430">
    <p class='ocr_par' dir='ltr' id='par_1_52' title="bbox 1943 2350 3519 2430">
     <span class='ocr_line' id='line_1_52' title="bbox 1943 2350 3519 2430; baseline -0.014 -9"><span class='ocrx_word' id='word_1_344' title='bbox 1943 2383 2053 2421; x_wconf 90' lang='lat' dir='ltr'><strong>non</strong></span> <span class='ocrx_word' id='word_1_345' title='bbox 2083 2368 2223 2421; x_wconf 87' lang='lat' dir='ltr'><strong>bene</strong></span> <span class='ocrx_word' id='word_1_346' title='bbox 2262 2363 2568 2418; x_wconf 88' lang='lat' dir='ltr'><strong>valentibus</strong></span> <span class='ocrx_word' id='word_1_347' title='bbox 2597 2358 2882 2430; x_wconf 81' lang='lat' dir='ltr'><strong>proﬂigare</strong></span> <span class='ocrx_word' id='word_1_348' title='bbox 2910 2350 3348 2413; x_wconf 88' lang='lat' dir='ltr'><strong>sanctimoniam,</strong></span> <span class='ocrx_word' id='word_1_349' title='bbox 3399 2360 3519 2400; x_wconf 66' lang='lat' dir='ltr'><strong>sine</strong></span> 
     </span>
    </p>
   </div>
   <div class='ocr_carea' id='block_1_53' title="bbox 1942 2439 3520 2529">
    <p class='ocr_par' dir='ltr' id='par_1_53' title="bbox 1942 2439 3520 2529">
     <span class='ocr_line' id='line_1_53' title="bbox 1942 2439 3520 2529; baseline -0.015 -16"><span class='ocrx_word' id='word_1_350' title='bbox 1942 2476 2048 2529; x_wconf 90' lang='lat' dir='ltr'><strong>qua</strong></span> <span class='ocrx_word' id='word_1_351' title='bbox 2082 2474 2246 2512; x_wconf 90' lang='lat' dir='ltr'><strong>nemo</strong></span> <span class='ocrx_word' id='word_1_352' title='bbox 2283 2454 2489 2511; x_wconf 79' lang='lat' dir='ltr'><strong>videbit</strong></span> <span class='ocrx_word' id='word_1_353' title='bbox 2518 2455 2709 2507; x_wconf 87' lang='lat' dir='ltr'><strong>Deum.</strong></span> <span class='ocrx_word' id='word_1_354' title='bbox 2741 2449 2875 2505; x_wconf 74' lang='lat' dir='ltr'><strong>Nam</strong></span> <span class='ocrx_word' id='word_1_355' title='bbox 2901 2445 3139 2501; x_wconf 90' lang='lat' dir='ltr'><strong>mundus</strong></span> <span class='ocrx_word' id='word_1_356' title='bbox 3172 2439 3391 2511; x_wconf 86' lang='lat' dir='ltr'><strong>quidem</strong></span> <span class='ocrx_word' id='word_1_357' title='bbox 3423 2454 3520 2509; x_wconf 87' lang='lat' dir='ltr'><strong>per</strong></span> 
     </span>
    </p>
   </div>
   <div class='ocr_carea' id='block_1_54' title="bbox 1945 2533 3519 2621">
    <p class='ocr_par' dir='ltr' id='par_1_54' title="bbox 1945 2533 3519 2621">
     <span class='ocr_line' id='line_1_54' title="bbox 1945 2533 3519 2621; baseline -0.016 -14"><span class='ocrx_word' id='word_1_358' title='bbox 1945 2553 2189 2621; x_wconf 89' lang='lat' dir='ltr'><strong>seipsum</strong></span> <span class='ocrx_word' id='word_1_359' title='bbox 2229 2550 2408 2603; x_wconf 90' lang='lat' dir='ltr'><strong>bonus</strong></span> <span class='ocrx_word' id='word_1_360' title='bbox 2436 2556 2541 2610; x_wconf 88' lang='lat' dir='ltr'><strong>est,</strong></span> <span class='ocrx_word' id='word_1_361' title='bbox 2604 2554 2785 2600; x_wconf 90' lang='lat' dir='ltr'><strong>ortum</strong></span> <span class='ocrx_word' id='word_1_362' title='bbox 2833 2540 2963 2594; x_wconf 85' lang='lat' dir='ltr'><strong>solis</strong></span> <span class='ocrx_word' id='word_1_363' title='bbox 3019 2551 3267 2598; x_wconf 88' lang='lat' dir='ltr'><strong>cernere,</strong></span> <span class='ocrx_word' id='word_1_364' title='bbox 3311 2533 3519 2595; x_wconf 85' lang='lat' dir='ltr'><strong>lunam,</strong></span> 
     </span>
    </p>
   </div>
   <div class='ocr_carea' id='block_1_55' title="bbox 1945 2627 3518 2712">
    <p class='ocr_par' dir='ltr' id='par_1_55' title="bbox 1945 2627 3518 2712">
     <span class='ocr_line' id='line_1_55' title="bbox 1945 2627 3518 2712; baseline -0.017 -12"><span class='ocrx_word' id='word_1_365' title='bbox 1945 2645 2235 2712; x_wconf 86' lang='lat' dir='ltr'><strong>stellasque</strong></span> <span class='ocrx_word' id='word_1_366' title='bbox 2291 2641 2489 2696; x_wconf 65' lang='lat' dir='ltr'><strong>coelum</strong></span> <span class='ocrx_word' id='word_1_367' title='bbox 2548 2643 2895 2697; x_wconf 79' lang='lat' dir='ltr'><strong>coronantes,</strong></span> <span class='ocrx_word' id='word_1_368' title='bbox 2947 2641 3146 2685; x_wconf 84' lang='lat' dir='ltr'><strong>terram</strong></span> <span class='ocrx_word' id='word_1_369' title='bbox 3204 2627 3518 2686; x_wconf 86' lang='lat' dir='ltr'><strong>distentam,</strong></span> 
     </span>
    </p>
   </div>
   <div class='ocr_carea' id='block_1_56' title="bbox 1946 2716 3521 2795">
    <p class='ocr_par' dir='ltr' id='par_1_56' title="bbox 1946 2716 3521 2795">
     <span class='ocr_line' id='line_1_56' title="bbox 1946 2716 3521 2795; baseline -0.015 -5"><span class='ocrx_word' id='word_1_370' title='bbox 1946 2736 2202 2790; x_wconf 82' lang='lat' dir='ltr'><strong>diﬂ&#39;usum</strong></span> <span class='ocrx_word' id='word_1_371' title='bbox 2238 2747 2408 2795; x_wconf 90' lang='lat' dir='ltr'><strong>mare,</strong></span> <span class='ocrx_word' id='word_1_372' title='bbox 2429 2741 2486 2784; x_wconf 91' lang='lat' dir='ltr'><strong>ut</strong></span> <span class='ocrx_word' id='word_1_373' title='bbox 2508 2746 2577 2783; x_wconf 89' lang='lat' dir='ltr'><strong>ex</strong></span> <span class='ocrx_word' id='word_1_374' title='bbox 2608 2728 2692 2781; x_wconf 91' lang='lat' dir='ltr'><strong>his</strong></span> <span class='ocrx_word' id='word_1_375' title='bbox 2726 2726 2982 2779; x_wconf 89' lang='lat' dir='ltr'><strong>omnibus</strong></span> <span class='ocrx_word' id='word_1_376' title='bbox 3008 2720 3273 2790; x_wconf 75' lang='lat' dir='ltr'><strong>sapientia</strong></span> <span class='ocrx_word' id='word_1_377' title='bbox 3300 2716 3521 2786; x_wconf 67' lang='lat' dir='ltr'><strong>colliga~</strong></span> 
     </span>
    </p>
   </div>
   <div class='ocr_carea' id='block_1_57' title="bbox 1946 2814 3525 2893">
    <p class='ocr_par' dir='ltr' id='par_1_57' title="bbox 1946 2814 3525 2893">
     <span class='ocr_line' id='line_1_57' title="bbox 1946 2814 3525 2893; baseline -0.014 -12"><span class='ocrx_word' id='word_1_378' title='bbox 1946 2839 2036 2882; x_wconf 89' lang='lat' dir='ltr'><strong>tur</strong></span> <span class='ocrx_word' id='word_1_379' title='bbox 2095 2835 2151 2881; x_wconf 88' lang='lat' dir='ltr'><strong>et</strong></span> <span class='ocrx_word' id='word_1_380' title='bbox 2208 2825 2531 2893; x_wconf 65' lang='lat' dir='ltr'><strong>conjiciatur</strong></span> <span class='ocrx_word' id='word_1_381' title='bbox 2578 2818 2822 2889; x_wconf 79' lang='lat' dir='ltr'><strong>Opiﬁcis.</strong></span> <span class='ocrx_word' id='word_1_382' title='bbox 2880 2814 3141 2869; x_wconf 84' lang='lat' dir='ltr'><strong>Similiter</strong></span> <span class='ocrx_word' id='word_1_383' title='bbox 3197 2821 3253 2864; x_wconf 88' lang='lat' dir='ltr'><strong>et</strong></span> <span class='ocrx_word' id='word_1_384' title='bbox 3322 2821 3525 2876; x_wconf 87' lang='lat' dir='ltr'><strong>corpus</strong></span> 
     </span>
    </p>
   </div>
   <div class='ocr_carea' id='block_1_58' title="bbox 1949 2899 3524 2981">
    <p class='ocr_par' dir='ltr' id='par_1_58' title="bbox 1949 2899 3524 2981">
     <span class='ocr_line' id='line_1_58' title="bbox 1949 2899 3524 2981; baseline -0.015 -8"><span class='ocrx_word' id='word_1_385' title='bbox 1949 2920 2151 2973; x_wconf 90' lang='lat' dir='ltr'><strong>bonum</strong></span> <span class='ocrx_word' id='word_1_386' title='bbox 2188 2926 2293 2981; x_wconf 78' lang='lat' dir='ltr'><strong>est,</strong></span> <span class='ocrx_word' id='word_1_387' title='bbox 2326 2924 2383 2969; x_wconf 89' lang='lat' dir='ltr'><strong>et</strong></span> <span class='ocrx_word' id='word_1_388' title='bbox 2410 2913 2575 2968; x_wconf 91' lang='lat' dir='ltr'><strong>nimis</strong></span> <span class='ocrx_word' id='word_1_389' title='bbox 2609 2912 2813 2965; x_wconf 91' lang='lat' dir='ltr'><strong>bonum</strong></span> <span class='ocrx_word' id='word_1_390' title='bbox 2849 2906 2994 2977; x_wconf 86' lang='lat' dir='ltr'><strong>quod</strong></span> <span class='ocrx_word' id='word_1_391' title='bbox 3032 2904 3189 2958; x_wconf 90' lang='lat' dir='ltr'><strong>nobis</strong></span> <span class='ocrx_word' id='word_1_392' title='bbox 3217 2902 3271 2955; x_wconf 92' lang='lat' dir='ltr'><strong>iu</strong></span> <span class='ocrx_word' id='word_1_393' title='bbox 3309 2899 3524 2953; x_wconf 84' lang='lat' dir='ltr'><strong>virtuti-</strong></span> 
     </span>
    </p>
   </div>
   <div class='ocr_carea' id='block_1_59' title="bbox 1946 2991 3524 3065">
    <p class='ocr_par' dir='ltr' id='par_1_59' title="bbox 1946 2991 3524 3065">
     <span class='ocr_line' id='line_1_59' title="bbox 1946 2991 3524 3065; baseline -0.014 0"><span class='ocrx_word' id='word_1_394' title='bbox 1946 3013 2051 3065; x_wconf 87' lang='lat' dir='ltr'><strong>bus</strong></span> <span class='ocrx_word' id='word_1_395' title='bbox 2076 3009 2395 3064; x_wconf 87' lang='lat' dir='ltr'><strong>collaborat.</strong></span> <span class='ocrx_word' id='word_1_396' title='bbox 2439 3005 2616 3059; x_wconf 83' lang='lat' dir='ltr'><strong>[labet</strong></span> <span class='ocrx_word' id='word_1_397' title='bbox 2646 3002 2791 3057; x_wconf 90' lang='lat' dir='ltr'><strong>enim</strong></span> <span class='ocrx_word' id='word_1_398' title='bbox 2820 3000 3243 3053; x_wconf 86' lang='lat' dir='ltr'><strong>instrumentum</strong></span> <span class='ocrx_word' id='word_1_399' title='bbox 3274 2992 3339 3047; x_wconf 91' lang='lat' dir='ltr'><strong>ad</strong></span> <span class='ocrx_word' id='word_1_400' title='bbox 3362 2991 3524 3062; x_wconf 87' lang='lat' dir='ltr'><strong>glori-</strong></span> 
     </span>
    </p>
   </div>
   <div class='ocr_carea' id='block_1_60' title="bbox 1949 3082 3527 3165">
    <p class='ocr_par' dir='ltr' id='par_1_60' title="bbox 1949 3082 3527 3165">
     <span class='ocr_line' id='line_1_60' title="bbox 1949 3082 3527 3165; baseline -0.016 -6"><span class='ocrx_word' id='word_1_401' title='bbox 1949 3102 2223 3159; x_wconf 86' lang='lat' dir='ltr'><strong>ﬁcandum</strong></span> <span class='ocrx_word' id='word_1_402' title='bbox 2281 3100 2473 3164; x_wconf 91' lang='lat' dir='ltr'><strong>Deum,</strong></span> <span class='ocrx_word' id='word_1_403' title='bbox 2521 3096 2782 3165; x_wconf 85' lang='lat' dir='ltr'><strong>linguam,</strong></span> <span class='ocrx_word' id='word_1_404' title='bbox 2839 3091 3083 3158; x_wconf 90' lang='lat' dir='ltr'><strong>aliosque</strong></span> <span class='ocrx_word' id='word_1_405' title='bbox 3120 3086 3212 3156; x_wconf 85' lang='lat' dir='ltr'><strong>qui</strong></span> <span class='ocrx_word' id='word_1_406' title='bbox 3252 3086 3306 3138; x_wconf 88' lang='lat' dir='ltr'><strong>in</strong></span> <span class='ocrx_word' id='word_1_407' title='bbox 3366 3082 3527 3136; x_wconf 84' lang='lat' dir='ltr'><strong>nobis</strong></span> 
     </span>
    </p>
   </div>
   <div class='ocr_carea' id='block_1_61' title="bbox 272 3176 3523 3272">
    <p class='ocr_par' dir='ltr' id='par_1_61' title="bbox 272 3176 3523 3272">
     <span class='ocr_line' id='line_1_61' title="bbox 272 3176 3523 3272; baseline -0.006 -18"><span class='ocrx_word' id='word_1_408' title='bbox 272 3200 381 3254; x_wconf 85' lang='lat' dir='ltr'><strong>cibi</strong></span> <span class='ocrx_word' id='word_1_409' title='bbox 423 3214 524 3254; x_wconf 88' lang='lat' dir='ltr'><strong>nos</strong></span> <span class='ocrx_word' id='word_1_410' title='bbox 562 3201 795 3254; x_wconf 88' lang='lat' dir='ltr'><strong>mundos</strong></span> <span class='ocrx_word' id='word_1_411' title='bbox 850 3176 1087 3256; x_wconf 82' lang='lat' dir='ltr'><strong>reddunt</strong></span> <span class='ocrx_word' id='word_1_412' title='bbox 1126 3219 1228 3256; x_wconf 88' lang='lat' dir='ltr'><strong>nec</strong></span> <span class='ocrx_word' id='word_1_413' title='bbox 1281 3205 1548 3272; x_wconf 81' lang='lat' dir='ltr'><strong>polluant,</strong></span> <span class='ocrx_word' id='word_1_414' title='bbox 1603 3176 1696 3258; x_wconf 66' lang='lat' dir='ltr'><strong>sed</strong></span> <span class='ocrx_word' id='word_1_415' title='bbox 1745 3220 1846 3258; x_wconf 86' lang='lat' dir='ltr'><strong>nos</strong></span> <span class='ocrx_word' id='word_1_416' title='bbox 1872 3199 1914 3253; x_wconf 90' lang='lat' dir='ltr'><strong><em>C</em></strong></span> <span class='ocrx_word' id='word_1_417' title='bbox 1948 3207 2311 3255; x_wconf 76' lang='lat' dir='ltr'><strong>suntscnsus.</strong></span> <span class='ocrx_word' id='word_1_418' title='bbox 2334 3207 2431 3262; x_wconf 87' lang='lat' dir='ltr'><strong>per</strong></span> <span class='ocrx_word' id='word_1_419' title='bbox 2451 3204 2590 3260; x_wconf 89' lang='lat' dir='ltr'><strong>quos</strong></span> <span class='ocrx_word' id='word_1_420' title='bbox 2608 3186 2964 3255; x_wconf 82' lang='lat' dir='ltr'><strong>respicientes</strong></span> <span class='ocrx_word' id='word_1_421' title='bbox 2984 3191 3288 3236; x_wconf 78' lang='lat' dir='ltr'><strong>creaturam</strong></span> <span class='ocrx_word' id='word_1_422' title='bbox 3312 3176 3523 3237; x_wconf 79' lang='lat' dir='ltr'><strong>mundi.</strong></span> 
     </span>
    </p>
   </div>
   <div class='ocr_carea' id='block_1_62' title="bbox 273 3292 1844 3364">
    <p class='ocr_par' dir='ltr' id='par_1_62' title="bbox 273 3292 1844 3364">
     <span class='ocr_line' id='line_1_62' title="bbox 273 3292 1844 3364; baseline 0.001 -19"><span class='ocrx_word' id='word_1_423' title='bbox 273 3307 389 3357; x_wconf 88' lang='lat' dir='ltr'><strong>eos,</strong></span> <span class='ocrx_word' id='word_1_424' title='bbox 422 3292 692 3360; x_wconf 82' lang='lat' dir='ltr'><strong>siquidem</strong></span> <span class='ocrx_word' id='word_1_425' title='bbox 720 3308 822 3347; x_wconf 91' lang='lat' dir='ltr'><strong>nos</strong></span> <span class='ocrx_word' id='word_1_426' title='bbox 853 3294 1193 3348; x_wconf 82' lang='lat' dir='ltr'><strong>viviﬁcamus</strong></span> <span class='ocrx_word' id='word_1_427' title='bbox 1214 3310 1277 3347; x_wconf 90' lang='lat' dir='ltr'><strong>ea</strong></span> <span class='ocrx_word' id='word_1_428' title='bbox 1327 3312 1446 3364; x_wconf 66' lang='lat' dir='ltr'><strong>qua:</strong></span> <span class='ocrx_word' id='word_1_429' title='bbox 1464 3296 1844 3350; x_wconf 86' lang='lat' dir='ltr'><strong>comeduntur.</strong></span> 
     </span>
    </p>
   </div>
   <div class='ocr_carea' id='block_1_63' title="bbox 273 3383 1849 3456">
    <p class='ocr_par' dir='ltr' id='par_1_63' title="bbox 273 3383 1849 3456">
     <span class='ocr_line' id='line_1_63' title="bbox 273 3383 1849 3456; baseline 0.003 -20"><span class='ocrx_word' id='word_1_430' title='bbox 273 3383 340 3437; x_wconf 78' lang='lat' dir='ltr'><strong>Et</strong></span> <span class='ocrx_word' id='word_1_431' title='bbox 364 3385 821 3453; x_wconf 87' lang='lat' dir='ltr'><strong>quemadmodum</strong></span> <span class='ocrx_word' id='word_1_432' title='bbox 868 3388 1048 3441; x_wconf 90' lang='lat' dir='ltr'><strong>omnis</strong></span> <span class='ocrx_word' id='word_1_433' title='bbox 1076 3388 1229 3440; x_wconf 89' lang='lat' dir='ltr'><strong>cibus</strong></span> <span class='ocrx_word' id='word_1_434' title='bbox 1255 3389 1451 3449; x_wconf 86' lang='lat' dir='ltr'><strong>bonus.</strong></span> <span class='ocrx_word' id='word_1_435' title='bbox 1488 3400 1536 3441; x_wconf 87' lang='lat' dir='ltr'><strong>et</strong></span> <span class='ocrx_word' id='word_1_436' title='bbox 1560 3389 1690 3441; x_wconf 73' lang='lat' dir='ltr'><strong>nihil</strong></span> <span class='ocrx_word' id='word_1_437' title='bbox 1707 3390 1849 3456; x_wconf 82' lang='lat' dir='ltr'><strong>reji-</strong></span> 
     </span>
    </p>
   </div>
   <div class='ocr_carea' id='block_1_64' title="bbox 274 3478 1844 3547">
    <p class='ocr_par' dir='ltr' id='par_1_64' title="bbox 274 3478 1844 3547">
     <span class='ocr_line' id='line_1_64' title="bbox 274 3478 1844 3547; baseline 0.002 -19"><span class='ocrx_word' id='word_1_438' title='bbox 274 3478 512 3529; x_wconf 79' lang='lat' dir='ltr'><strong>cieudum</strong></span> <span class='ocrx_word' id='word_1_439' title='bbox 548 3489 643 3537; x_wconf 77' lang='lat' dir='ltr'><strong>est,</strong></span> <span class='ocrx_word' id='word_1_440' title='bbox 678 3480 813 3546; x_wconf 76' lang='lat' dir='ltr'><strong>quod</strong></span> <span class='ocrx_word' id='word_1_441' title='bbox 845 3495 961 3531; x_wconf 76' lang='lat' dir='ltr'><strong>cum</strong></span> <span class='ocrx_word' id='word_1_442' title='bbox 993 3480 1289 3547; x_wconf 84' lang='lat' dir='ltr'><strong>gratiarum</strong></span> <span class='ocrx_word' id='word_1_443' title='bbox 1307 3480 1513 3531; x_wconf 83' lang='lat' dir='ltr'><strong>actione</strong></span> <span class='ocrx_word' id='word_1_444' title='bbox 1542 3480 1844 3546; x_wconf 77' lang='lat' dir='ltr'><strong>percipitur,</strong></span> 
     </span>
    </p>
   </div>
   <div class='ocr_carea' id='block_1_65' title="bbox 270 3567 1851 3635">
    <p class='ocr_par' dir='ltr' id='par_1_65' title="bbox 270 3567 1851 3635">
     <span class='ocr_line' id='line_1_65' title="bbox 270 3567 1851 3635; baseline 0.003 -17"><span class='ocrx_word' id='word_1_445' title='bbox 270 3567 635 3634; x_wconf 81' lang='lat' dir='ltr'><strong>sanctiﬁcatur</strong></span> <span class='ocrx_word' id='word_1_446' title='bbox 668 3570 803 3621; x_wconf 79' lang='lat' dir='ltr'><strong>enim</strong></span> <span class='ocrx_word' id='word_1_447' title='bbox 858 3585 951 3635; x_wconf 83' lang='lat' dir='ltr'><strong>per</strong></span> <span class='ocrx_word' id='word_1_448' title='bbox 994 3579 1206 3622; x_wconf 76' lang='lat' dir='ltr'><strong>verbum</strong></span> <span class='ocrx_word' id='word_1_449' title='bbox 1266 3570 1382 3631; x_wconf 77' lang='lat' dir='ltr'><strong>Dei,</strong></span> <span class='ocrx_word' id='word_1_450' title='bbox 1417 3572 1561 3625; x_wconf 90' lang='lat' dir='ltr'><strong>sicut</strong></span> <span class='ocrx_word' id='word_1_451' title='bbox 1588 3570 1663 3623; x_wconf 93' lang='lat' dir='ltr'><strong>ait</strong></span> <span class='ocrx_word' id='word_1_452' title='bbox 1710 3569 1851 3623; x_wconf 82' lang='lat' dir='ltr'><strong>Pau-</strong></span> 
     </span>
    </p>
   </div>
   <div class='ocr_carea' id='block_1_66' title="bbox 273 3658 1849 3730">
    <p class='ocr_par' dir='ltr' id='par_1_66' title="bbox 273 3658 1849 3730">
     <span class='ocr_line' id='line_1_66' title="bbox 273 3658 1849 3730; baseline 0.003 -19"><span class='ocrx_word' id='word_1_453' title='bbox 273 3658 390 3715; x_wconf 80' lang='lat' dir='ltr'><strong>lus.</strong></span> <span class='ocrx_word' id='word_1_454' title='bbox 420 3667 469 3711; x_wconf 86' lang='lat' dir='ltr'><strong>et</strong></span> <span class='ocrx_word' id='word_1_455' title='bbox 514 3660 807 3711; x_wconf 83' lang='lat' dir='ltr'><strong>orationem</strong></span> <span class='ocrx_word' id='word_1_456' title='bbox 832 3660 877 3691; x_wconf 82' lang='grc'>⁸⁸</span> <span class='ocrx_word' id='word_1_457' title='bbox 908 3675 922 3711; x_wconf 91' lang='lat'><strong>:</strong></span> <span class='ocrx_word' id='word_1_458' title='bbox 953 3661 1034 3714; x_wconf 88' lang='lat' dir='ltr'><strong>sic</strong></span> <span class='ocrx_word' id='word_1_459' title='bbox 1074 3677 1136 3714; x_wconf 79' lang='lat' dir='ltr'><strong>ea</strong></span> <span class='ocrx_word' id='word_1_460' title='bbox 1184 3678 1305 3730; x_wconf 80' lang='lat' dir='ltr'><strong>qua:</strong></span> <span class='ocrx_word' id='word_1_461' title='bbox 1350 3662 1737 3722; x_wconf 88' lang='lat' dir='ltr'><strong>comeduntnr,</strong></span> <span class='ocrx_word' id='word_1_462' title='bbox 1785 3676 1849 3715; x_wconf 89' lang='lat' dir='ltr'><strong>ea</strong></span> 
     </span>
    </p>
   </div>
   <div class='ocr_carea' id='block_1_67' title="bbox 276 3750 1852 3819">
    <p class='ocr_par' dir='ltr' id='par_1_67' title="bbox 276 3750 1852 3819">
     <span class='ocr_line' id='line_1_67' title="bbox 276 3750 1852 3819; baseline 0.004 -20"><span class='ocrx_word' id='word_1_463' title='bbox 276 3750 527 3804; x_wconf 73' lang='lat' dir='ltr'><strong>videlicet</strong></span> <span class='ocrx_word' id='word_1_464' title='bbox 581 3766 703 3819; x_wconf 79' lang='lat' dir='ltr'><strong>qua:</strong></span> <span class='ocrx_word' id='word_1_465' title='bbox 741 3752 989 3804; x_wconf 90' lang='lat' dir='ltr'><strong>nutriunt</strong></span> <span class='ocrx_word' id='word_1_466' title='bbox 1018 3753 1275 3815; x_wconf 89' lang='lat' dir='ltr'><strong>animam,</strong></span> <span class='ocrx_word' id='word_1_467' title='bbox 1325 3752 1377 3805; x_wconf 92' lang='lat' dir='ltr'><strong>id</strong></span> <span class='ocrx_word' id='word_1_468' title='bbox 1404 3764 1508 3813; x_wconf 90' lang='lat' dir='ltr'><strong>est,</strong></span> <span class='ocrx_word' id='word_1_469' title='bbox 1542 3752 1714 3807; x_wconf 88' lang='lat' dir='ltr'><strong>bonas</strong></span> <span class='ocrx_word' id='word_1_470' title='bbox 1757 3768 1852 3806; x_wconf 80' lang='lat' dir='ltr'><strong>ac-</strong></span> 
     </span>
    </p>
   </div>
   <div class='ocr_carea' id='block_1_68' title="bbox 276 3841 1849 3906">
    <p class='ocr_par' dir='ltr' id='par_1_68' title="bbox 276 3841 1849 3906">
     <span class='ocr_line' id='line_1_68' title="bbox 276 3841 1849 3906; baseline 0.001 -12"><span class='ocrx_word' id='word_1_471' title='bbox 276 3841 475 3905; x_wconf 87' lang='lat' dir='ltr'><strong>tiones,</strong></span> <span class='ocrx_word' id='word_1_472' title='bbox 515 3856 617 3895; x_wconf 86' lang='lat' dir='ltr'><strong>nos</strong></span> <span class='ocrx_word' id='word_1_473' title='bbox 651 3842 1007 3906; x_wconf 82' lang='lat' dir='ltr'><strong>viviﬁcamus,</strong></span> <span class='ocrx_word' id='word_1_474' title='bbox 1061 3843 1106 3896; x_wconf 92' lang='lat' dir='ltr'><strong>si</strong></span> <span class='ocrx_word' id='word_1_475' title='bbox 1160 3845 1300 3896; x_wconf 87' lang='lat' dir='ltr'><strong>bene</strong></span> <span class='ocrx_word' id='word_1_476' title='bbox 1350 3845 1432 3897; x_wconf 91' lang='lat' dir='ltr'><strong>cis</strong></span> <span class='ocrx_word' id='word_1_477' title='bbox 1464 3853 1704 3897; x_wconf 87' lang='lat' dir='ltr'><strong>utamur.</strong></span> <span class='ocrx_word' id='word_1_478' title='bbox 1753 3844 1849 3898; x_wconf 79' lang='lat' dir='ltr'><strong>Sin</strong></span> 
     </span>
    </p>
   </div>
   <div class='ocr_carea' id='block_1_69' title="bbox 274 3933 1849 3997">
    <p class='ocr_par' dir='ltr' id='par_1_69' title="bbox 274 3933 1849 3997">
     <span class='ocr_line' id='line_1_69' title="bbox 274 3933 1849 3997; baseline 0.001 -12"><span class='ocrx_word' id='word_1_479' title='bbox 274 3942 464 3986; x_wconf 85' lang='lat' dir='ltr'><strong>autem</strong></span> <span class='ocrx_word' id='word_1_480' title='bbox 514 3934 677 3997; x_wconf 91' lang='lat' dir='ltr'><strong>male,</strong></span> <span class='ocrx_word' id='word_1_481' title='bbox 732 3949 841 3988; x_wconf 92' lang='lat' dir='ltr'><strong>non</strong></span> <span class='ocrx_word' id='word_1_482' title='bbox 870 3935 1228 3996; x_wconf 80' lang='lat' dir='ltr'><strong>viviﬁcamus,</strong></span> <span class='ocrx_word' id='word_1_483' title='bbox 1282 3936 1380 3988; x_wconf 87' lang='lat' dir='ltr'><strong>sed</strong></span> <span class='ocrx_word' id='word_1_484' title='bbox 1436 3933 1849 3989; x_wconf 88' lang='lat' dir='ltr'><strong>mortiﬁcamus.</strong></span> 
     </span>
    </p>
   </div>
   <div class='ocr_carea' id='block_1_70' title="bbox 278 4024 1852 4096">
    <p class='ocr_par' dir='ltr' id='par_1_70' title="bbox 278 4024 1852 4096">
     <span class='ocr_line' id='line_1_70' title="bbox 278 4024 1852 4096; baseline 0.002 -21"><span class='ocrx_word' id='word_1_485' title='bbox 278 4024 377 4087; x_wconf 73' lang='lat' dir='ltr'><strong>Qui</strong></span> <span class='ocrx_word' id='word_1_486' title='bbox 408 4024 555 4077; x_wconf 88' lang='lat' dir='ltr'><strong>enim</strong></span> <span class='ocrx_word' id='word_1_487' title='bbox 598 4040 666 4077; x_wconf 86' lang='lat' dir='ltr'><strong>ex</strong></span> <span class='ocrx_word' id='word_1_488' title='bbox 701 4025 987 4093; x_wconf 82' lang='lat' dir='ltr'><strong>iniquitate</strong></span> <span class='ocrx_word' id='word_1_489' title='bbox 1025 4028 1157 4079; x_wconf 81' lang='lat' dir='ltr'><strong>facit</strong></span> <span class='ocrx_word' id='word_1_490' title='bbox 1204 4028 1626 4096; x_wconf 75' lang='lat' dir='ltr'><strong>eleemosynam,</strong></span> <span class='ocrx_word' id='word_1_491' title='bbox 1662 4026 1852 4080; x_wconf 83' lang='lat' dir='ltr'><strong>morti-</strong></span> 
     </span>
    </p>
   </div>
   <div class='ocr_carea' id='block_1_71' title="bbox 276 4116 1854 4187">
    <p class='ocr_par' dir='ltr' id='par_1_71' title="bbox 276 4116 1854 4187">
     <span class='ocr_line' id='line_1_71' title="bbox 276 4116 1854 4187; baseline 0.004 -21"><span class='ocrx_word' id='word_1_492' title='bbox 276 4119 405 4168; x_wconf 86' lang='lat' dir='ltr'><strong>licat</strong></span> <span class='ocrx_word' id='word_1_493' title='bbox 435 4116 554 4184; x_wconf 84' lang='lat' dir='ltr'><strong>ejus</strong></span> <span class='ocrx_word' id='word_1_494' title='bbox 586 4116 869 4181; x_wconf 76' lang='lat' dir='ltr'><strong>virtutem,</strong></span> <span class='ocrx_word' id='word_1_495' title='bbox 904 4118 1020 4171; x_wconf 88' lang='lat' dir='ltr'><strong>sive</strong></span> <span class='ocrx_word' id='word_1_496' title='bbox 1052 4119 1370 4187; x_wconf 81' lang='lat' dir='ltr'><strong>potentiam.</strong></span> <span class='ocrx_word' id='word_1_497' title='bbox 1423 4117 1490 4172; x_wconf 86' lang='lat' dir='ltr'><strong>Et</strong></span> <span class='ocrx_word' id='word_1_498' title='bbox 1518 4118 1663 4186; x_wconf 86' lang='lat' dir='ltr'><strong>quia</strong></span> <span class='ocrx_word' id='word_1_499' title='bbox 1716 4118 1854 4172; x_wconf 90' lang='lat' dir='ltr'><strong>cibis</strong></span> 
     </span>
    </p>
   </div>
   <div class='ocr_carea' id='block_1_72' title="bbox 276 4206 1850 4276">
    <p class='ocr_par' dir='ltr' id='par_1_72' title="bbox 276 4206 1850 4276">
     <span class='ocr_line' id='line_1_72' title="bbox 276 4206 1850 4276; baseline 0.003 -17"><span class='ocrx_word' id='word_1_500' title='bbox 276 4206 575 4269; x_wconf 89' lang='lat' dir='ltr'><strong>abstinent,</strong></span> <span class='ocrx_word' id='word_1_501' title='bbox 609 4222 711 4276; x_wconf 88' lang='lat' dir='ltr'><strong>per</strong></span> <span class='ocrx_word' id='word_1_502' title='bbox 760 4208 1002 4276; x_wconf 83' lang='lat' dir='ltr'><strong>linguam</strong></span> <span class='ocrx_word' id='word_1_503' title='bbox 1040 4224 1167 4262; x_wconf 71' lang='lat' dir='ltr'><strong>vero</strong></span> <span class='ocrx_word' id='word_1_504' title='bbox 1222 4208 1482 4263; x_wconf 81' lang='lat' dir='ltr'><strong>fratribus</strong></span> <span class='ocrx_word' id='word_1_505' title='bbox 1534 4210 1850 4272; x_wconf 90' lang='lat' dir='ltr'><strong>detrahunt,</strong></span> 
     </span>
    </p>
   </div>
   <div class='ocr_carea' id='block_1_73' title="bbox 275 4279 1849 4369">
    <p class='ocr_par' dir='ltr' id='par_1_73' title="bbox 275 4279 1849 4369">
     <span class='ocr_line' id='line_1_73' title="bbox 275 4279 1849 4369; baseline 0.004 -20"><span class='ocrx_word' id='word_1_506' title='bbox 275 4299 344 4351; x_wconf 89' lang='lat' dir='ltr'><strong>de</strong></span> <span class='ocrx_word' id='word_1_507' title='bbox 371 4297 571 4366; x_wconf 87' lang='lat' dir='ltr'><strong>quibus</strong></span> <span class='ocrx_word' id='word_1_508' title='bbox 595 4279 767 4353; x_wconf 64' lang='lat' dir='ltr'><strong>Wavid</strong></span> <span class='ocrx_word' id='word_1_509' title='bbox 791 4300 960 4355; x_wconf 91' lang='lat' dir='ltr'><strong>dicit:</strong></span> <span class='ocrx_word' id='word_1_510' title='bbox 992 4301 1095 4365; x_wconf 85' lang='lat' dir='ltr'><strong>Qui</strong></span> <span class='ocrx_word' id='word_1_511' title='bbox 1126 4301 1377 4354; x_wconf 78' lang='lat' dir='ltr'><strong>devorant</strong></span> <span class='ocrx_word' id='word_1_512' title='bbox 1418 4302 1616 4369; x_wconf 69' lang='lat' dir='ltr'><strong>plebem</strong></span> <span class='ocrx_word' id='word_1_513' title='bbox 1657 4319 1849 4365; x_wconf 78' lang='lat' dir='ltr'><strong>meum,</strong></span> 
     </span>
    </p>
   </div>
   <div class='ocr_carea' id='block_1_74' title="bbox 275 4389 1849 4457">
    <p class='ocr_par' dir='ltr' id='par_1_74' title="bbox 275 4389 1849 4457">
     <span class='ocr_line' id='line_1_74' title="bbox 275 4389 1849 4457; baseline 0.004 -17"><span class='ocrx_word' id='word_1_514' title='bbox 275 4389 409 4441; x_wconf 84' lang='lat' dir='ltr'><strong>sicut</strong></span> <span class='ocrx_word' id='word_1_515' title='bbox 438 4405 610 4442; x_wconf 79' lang='lat' dir='ltr'><strong>escam</strong></span> <span class='ocrx_word' id='word_1_516' title='bbox 654 4391 807 4457; x_wconf 78' lang='lat' dir='ltr'><strong>ponis</strong></span> <span class='ocrx_word' id='word_1_517' title='bbox 824 4392 901 4455; x_wconf 82' lang='grc'><strong>⁵⁹;</strong></span> <span class='ocrx_word' id='word_1_518' title='bbox 945 4391 1274 4446; x_wconf 83' lang='lat' dir='ltr'><strong>mortiﬁcant</strong></span> <span class='ocrx_word' id='word_1_519' title='bbox 1329 4393 1389 4445; x_wconf 90' lang='lat' dir='ltr'><strong>bi</strong></span> <span class='ocrx_word' id='word_1_520' title='bbox 1442 4392 1849 4455; x_wconf 86' lang='lat' dir='ltr'><strong>abstinentiam,</strong></span> 
     </span>
    </p>
   </div>
   <div class='ocr_carea' id='block_1_75' title="bbox 280 4480 1853 4549">
    <p class='ocr_par' dir='ltr' id='par_1_75' title="bbox 280 4480 1853 4549">
     <span class='ocr_line' id='line_1_75' title="bbox 280 4480 1853 4549; baseline 0.003 -17"><span class='ocrx_word' id='word_1_521' title='bbox 280 4488 499 4548; x_wconf 87' lang='lat' dir='ltr'><strong>propter</strong></span> <span class='ocrx_word' id='word_1_522' title='bbox 524 4481 669 4549; x_wconf 89' lang='lat' dir='ltr'><strong>quod</strong></span> <span class='ocrx_word' id='word_1_523' title='bbox 698 4480 1047 4536; x_wconf 87' lang='lat' dir='ltr'><strong>beatitudinis</strong></span> <span class='ocrx_word' id='word_1_524' title='bbox 1080 4492 1186 4544; x_wconf 91' lang='lat' dir='ltr'><strong>est,</strong></span> <span class='ocrx_word' id='word_1_525' title='bbox 1222 4497 1382 4537; x_wconf 88' lang='lat' dir='ltr'><strong>nosse</strong></span> <span class='ocrx_word' id='word_1_526' title='bbox 1425 4482 1737 4537; x_wconf 82' lang='lat' dir='ltr'><strong>discernere</strong></span> <span class='ocrx_word' id='word_1_527' title='bbox 1768 4498 1853 4537; x_wconf 89' lang='lat' dir='ltr'><strong>m-</strong></span> 
     </span>
    </p>
   </div>
   <div class='ocr_carea' id='block_1_76' title="bbox 280 4572 1857 4642">
    <p class='ocr_par' dir='ltr' id='par_1_76' title="bbox 280 4572 1857 4642">
     <span class='ocr_line' id='line_1_76' title="bbox 280 4572 1857 4642; baseline 0.001 -16"><span class='ocrx_word' id='word_1_528' title='bbox 280 4582 363 4627; x_wconf 83' lang='lat' dir='ltr'><strong>ter</strong></span> <span class='ocrx_word' id='word_1_529' title='bbox 392 4572 723 4626; x_wconf 82' lang='lat' dir='ltr'><strong>viviﬁcantia</strong></span> <span class='ocrx_word' id='word_1_530' title='bbox 753 4588 838 4637; x_wconf 86' lang='lat' dir='ltr'><strong>ea,</strong></span> <span class='ocrx_word' id='word_1_531' title='bbox 873 4589 994 4642; x_wconf 72' lang='lat' dir='ltr'><strong>quae</strong></span> <span class='ocrx_word' id='word_1_532' title='bbox 1044 4575 1429 4639; x_wconf 87' lang='lat' dir='ltr'><strong>comeduntnr,</strong></span> <span class='ocrx_word' id='word_1_533' title='bbox 1473 4576 1750 4639; x_wconf 82' lang='lat' dir='ltr'><strong>animalia,</strong></span> <span class='ocrx_word' id='word_1_534' title='bbox 1799 4584 1857 4628; x_wconf 90' lang='lat' dir='ltr'><strong>et</strong></span> 
     </span>
    </p>
   </div>
   <div class='ocr_carea' id='block_1_77' title="bbox 279 4664 1856 4733">
    <p class='ocr_par' dir='ltr' id='par_1_77' title="bbox 279 4664 1856 4733">
     <span class='ocr_line' id='line_1_77' title="bbox 279 4664 1856 4733; baseline 0.003 -19"><span class='ocrx_word' id='word_1_535' title='bbox 279 4679 342 4714; x_wconf 78' lang='lat' dir='ltr'><strong>ea</strong></span> <span class='ocrx_word' id='word_1_536' title='bbox 383 4677 506 4731; x_wconf 71' lang='lat' dir='ltr'><strong>quae</strong></span> <span class='ocrx_word' id='word_1_537' title='bbox 544 4678 656 4715; x_wconf 92' lang='lat' dir='ltr'><strong>non</strong></span> <span class='ocrx_word' id='word_1_538' title='bbox 686 4664 1071 4727; x_wconf 82' lang='lat' dir='ltr'><strong>comeduntnr,</strong></span> <span class='ocrx_word' id='word_1_539' title='bbox 1093 4664 1146 4717; x_wconf 93' lang='lat' dir='ltr'><strong>id</strong></span> <span class='ocrx_word' id='word_1_540' title='bbox 1169 4675 1274 4729; x_wconf 85' lang='lat' dir='ltr'><strong>est,</strong></span> <span class='ocrx_word' id='word_1_541' title='bbox 1306 4665 1450 4719; x_wconf 89' lang='lat' dir='ltr'><strong>inter</strong></span> <span class='ocrx_word' id='word_1_542' title='bbox 1478 4680 1573 4720; x_wconf 88' lang='lat' dir='ltr'><strong>eos</strong></span> <span class='ocrx_word' id='word_1_543' title='bbox 1593 4666 1686 4733; x_wconf 90' lang='lat' dir='ltr'><strong>qui</strong></span> <span class='ocrx_word' id='word_1_544' title='bbox 1716 4665 1856 4719; x_wconf 89' lang='lat' dir='ltr'><strong>bene</strong></span> 
     </span>
    </p>
   </div>
   <div class='ocr_carea' id='block_1_78' title="bbox 278 4754 1856 4824">
    <p class='ocr_par' dir='ltr' id='par_1_78' title="bbox 278 4754 1856 4824">
     <span class='ocr_line' id='line_1_78' title="bbox 278 4754 1856 4824; baseline 0.001 -15"><span class='ocrx_word' id='word_1_545' title='bbox 278 4754 421 4809; x_wconf 86' lang='lat' dir='ltr'><strong>bona</strong></span> <span class='ocrx_word' id='word_1_546' title='bbox 481 4764 669 4824; x_wconf 89' lang='lat' dir='ltr'><strong>agunt,</strong></span> <span class='ocrx_word' id='word_1_547' title='bbox 705 4765 756 4808; x_wconf 91' lang='lat' dir='ltr'><strong>et</strong></span> <span class='ocrx_word' id='word_1_548' title='bbox 814 4757 985 4809; x_wconf 89' lang='lat' dir='ltr'><strong>malas</strong></span> <span class='ocrx_word' id='word_1_549' title='bbox 1037 4757 1303 4811; x_wconf 82' lang='lat' dir='ltr'><strong>actiones.</strong></span> <span class='ocrx_word' id='word_1_550' title='bbox 1350 4756 1478 4812; x_wconf 66' lang='lat' dir='ltr'><strong>Haec</strong></span> <span class='ocrx_word' id='word_1_551' title='bbox 1524 4765 1654 4811; x_wconf 86' lang='lat' dir='ltr'><strong>sunt</strong></span> <span class='ocrx_word' id='word_1_552' title='bbox 1707 4756 1856 4811; x_wconf 90' lang='lat' dir='ltr'><strong>enim</strong></span> 
     </span>
    </p>
   </div>
   <div class='ocr_carea' id='block_1_79' title="bbox 278 4847 1854 4916">
    <p class='ocr_par' dir='ltr' id='par_1_79' title="bbox 278 4847 1854 4916">
     <span class='ocr_line' id='line_1_79' title="bbox 278 4847 1854 4916; baseline 0.003 -15"><span class='ocrx_word' id='word_1_553' title='bbox 278 4847 675 4916; x_wconf 72' lang='lat' dir='ltr'><strong>animaliaqnze</strong></span> <span class='ocrx_word' id='word_1_554' title='bbox 724 4864 835 4903; x_wconf 92' lang='lat' dir='ltr'><strong>non</strong></span> <span class='ocrx_word' id='word_1_555' title='bbox 876 4849 1263 4915; x_wconf 85' lang='lat' dir='ltr'><strong>comeduntnr,</strong></span> <span class='ocrx_word' id='word_1_556' title='bbox 1320 4861 1378 4904; x_wconf 91' lang='lat' dir='ltr'><strong>et</strong></span> <span class='ocrx_word' id='word_1_557' title='bbox 1434 4850 1697 4906; x_wconf 88' lang='lat' dir='ltr'><strong>discernit</strong></span> <span class='ocrx_word' id='word_1_558' title='bbox 1744 4868 1854 4906; x_wconf 91' lang='lat' dir='ltr'><strong>non</strong></span> 
     </span>
    </p>
   </div>
   <div class='ocr_carea' id='block_1_80' title="bbox 280 4934 1855 5010">
    <p class='ocr_par' dir='ltr' id='par_1_80' title="bbox 280 4934 1855 5010">
     <span class='ocr_line' id='line_1_80' title="bbox 280 4934 1855 5010; baseline 0.008 -25"><span class='ocrx_word' id='word_1_559' title='bbox 280 4934 457 4988; x_wconf 65' lang='lat' dir='ltr'><strong>solum</strong></span> <span class='ocrx_word' id='word_1_560' title='bbox 485 4936 686 5000; x_wconf 91' lang='lat' dir='ltr'><strong>sciens,</strong></span> <span class='ocrx_word' id='word_1_561' title='bbox 710 4936 805 4989; x_wconf 85' lang='lat' dir='ltr'><strong>sed</strong></span> <span class='ocrx_word' id='word_1_562' title='bbox 840 4938 930 5006; x_wconf 88' lang='lat' dir='ltr'><strong>qui</strong></span> <span class='ocrx_word' id='word_1_563' title='bbox 953 4938 1241 4992; x_wconf 87' lang='lat' dir='ltr'><strong>scientiam</strong></span> <span class='ocrx_word' id='word_1_564' title='bbox 1260 4939 1550 4994; x_wconf 72' lang='lat' dir='ltr'><strong>conlinunt</strong></span> <span class='ocrx_word' id='word_1_565' title='bbox 1576 4941 1855 5010; x_wconf 88' lang='lat' dir='ltr'><strong>operibus.</strong></span> 
     </span>
    </p>
   </div>
   <div class='ocr_carea' id='block_1_81' title="bbox 280 5028 1859 5102">
    <p class='ocr_par' dir='ltr' id='par_1_81' title="bbox 280 5028 1859 5102">
     <span class='ocr_line' id='line_1_81' title="bbox 280 5028 1859 5102; baseline 0.004 -22"><span class='ocrx_word' id='word_1_566' title='bbox 280 5028 436 5092; x_wconf 75' lang='lat' dir='ltr'><strong>Quod</strong></span> <span class='ocrx_word' id='word_1_567' title='bbox 477 5029 633 5095; x_wconf 88' lang='lat' dir='ltr'><strong>pauci</strong></span> <span class='ocrx_word' id='word_1_568' title='bbox 660 5028 717 5081; x_wconf 90' lang='lat' dir='ltr'><strong>in</strong></span> <span class='ocrx_word' id='word_1_569' title='bbox 748 5029 853 5083; x_wconf 90' lang='lat' dir='ltr'><strong>hoc</strong></span> <span class='ocrx_word' id='word_1_570' title='bbox 887 5031 1111 5084; x_wconf 89' lang='lat' dir='ltr'><strong>student</strong></span> <span class='ocrx_word' id='word_1_571' title='bbox 1139 5031 1360 5095; x_wconf 74' lang='lat' dir='ltr'><strong>saeculo,</strong></span> <span class='ocrx_word' id='word_1_572' title='bbox 1390 5034 1574 5085; x_wconf 89' lang='lat' dir='ltr'><strong>multis</strong></span> <span class='ocrx_word' id='word_1_573' title='bbox 1603 5048 1722 5085; x_wconf 87' lang='lat' dir='ltr'><strong>eam</strong></span> <span class='ocrx_word' id='word_1_574' title='bbox 1759 5048 1859 5102; x_wconf 85' lang='lat' dir='ltr'><strong>per</strong></span> 
     </span>
    </p>
   </div>
   <div class='ocr_carea' id='block_1_82' title="bbox 281 5118 1861 5194">
    <p class='ocr_par' dir='ltr' id='par_1_82' title="bbox 281 5118 1861 5194">
     <span class='ocr_line' id='line_1_82' title="bbox 281 5118 1861 5194; baseline 0.005 -25"><span class='ocrx_word' id='word_1_575' title='bbox 281 5120 454 5172; x_wconf 89' lang='lat' dir='ltr'><strong>dolos-</strong></span> <span class='ocrx_word' id='word_1_576' title='bbox 492 5118 881 5183; x_wconf 87' lang='lat' dir='ltr'><strong>inﬁcientibus,</strong></span> <span class='ocrx_word' id='word_1_577' title='bbox 934 5122 1229 5190; x_wconf 86' lang='lat' dir='ltr'><strong>multisque</strong></span> <span class='ocrx_word' id='word_1_578' title='bbox 1274 5122 1713 5178; x_wconf 90' lang='lat' dir='ltr'><strong>adulterantibus</strong></span> <span class='ocrx_word' id='word_1_579' title='bbox 1763 5139 1861 5194; x_wconf 89' lang='lat' dir='ltr'><strong>per</strong></span> 
     </span>
    </p>
   </div>
   <div class='ocr_carea' id='block_1_83' title="bbox 285 5210 1860 5281">
    <p class='ocr_par' dir='ltr' id='par_1_83' title="bbox 285 5210 1860 5281">
     <span class='ocr_line' id='line_1_83' title="bbox 285 5210 1860 5281; baseline 0.006 -22"><span class='ocrx_word' id='word_1_580' title='bbox 285 5210 618 5278; x_wconf 79' lang='lat' dir='ltr'><strong>hypocrisin,</strong></span> <span class='ocrx_word' id='word_1_581' title='bbox 651 5219 711 5264; x_wconf 92' lang='grc' dir='ltr'><strong>ιιι</strong></span> <span class='ocrx_word' id='word_1_582' title='bbox 739 5210 959 5279; x_wconf 84' lang='lat' dir='ltr'><strong>quidam</strong></span> <span class='ocrx_word' id='word_1_583' title='bbox 996 5213 1108 5281; x_wconf 89' lang='lat' dir='ltr'><strong>jam</strong></span> <span class='ocrx_word' id='word_1_584' title='bbox 1137 5213 1410 5279; x_wconf 88' lang='lat' dir='ltr'><strong>dubitent,</strong></span> <span class='ocrx_word' id='word_1_585' title='bbox 1441 5217 1605 5268; x_wconf 87' lang='lat' dir='ltr'><strong>etiam</strong></span> <span class='ocrx_word' id='word_1_586' title='bbox 1636 5216 1691 5268; x_wconf 93' lang='lat' dir='ltr'><strong>in</strong></span> <span class='ocrx_word' id='word_1_587' title='bbox 1719 5217 1860 5270; x_wconf 85' lang='lat' dir='ltr'><strong>veris</strong></span> 
     </span>
    </p>
   </div>
   <div class='ocr_carea' id='block_1_84' title="bbox 284 5300 1857 5373">
    <p class='ocr_par' dir='ltr' id='par_1_84' title="bbox 284 5300 1857 5373">
     <span class='ocr_line' id='line_1_84' title="bbox 284 5300 1857 5373; baseline 0.003 -18"><span class='ocrx_word' id='word_1_588' title='bbox 284 5301 464 5363; x_wconf 80' lang='lat' dir='ltr'><strong>bonis,</strong></span> <span class='ocrx_word' id='word_1_589' title='bbox 504 5315 629 5369; x_wconf 78' lang='lat' dir='ltr'><strong>qua:</strong></span> <span class='ocrx_word' id='word_1_590' title='bbox 663 5300 773 5355; x_wconf 88' lang='lat' dir='ltr'><strong>sint</strong></span> <span class='ocrx_word' id='word_1_591' title='bbox 803 5303 1161 5368; x_wconf 86' lang='lat' dir='ltr'><strong>comedenda,</strong></span> <span class='ocrx_word' id='word_1_592' title='bbox 1191 5320 1312 5373; x_wconf 69' lang='lat' dir='ltr'><strong>quae</strong></span> <span class='ocrx_word' id='word_1_593' title='bbox 1355 5319 1465 5358; x_wconf 92' lang='lat' dir='ltr'><strong>non</strong></span> <span class='ocrx_word' id='word_1_594' title='bbox 1500 5305 1857 5369; x_wconf 88' lang='lat' dir='ltr'><strong>comedenda,</strong></span> 
     </span>
    </p>
   </div>
   <div class='ocr_carea' id='block_1_85' title="bbox 286 5388 813 5457">
    <p class='ocr_par' dir='ltr' id='par_1_85' title="bbox 286 5388 813 5457">
     <span class='ocr_line' id='line_1_85' title="bbox 286 5388 813 5457; baseline -0.002 -15"><span class='ocrx_word' id='word_1_595' title='bbox 286 5397 508 5456; x_wconf 87' lang='lat' dir='ltr'><strong>propter</strong></span> <span class='ocrx_word' id='word_1_596' title='bbox 530 5388 675 5457; x_wconf 88' lang='lat' dir='ltr'><strong>quod</strong></span> <span class='ocrx_word' id='word_1_597' title='bbox 705 5388 813 5443; x_wconf 86' lang='lat' dir='ltr'><strong>ait:</strong></span> 
     </span>
    </p>
   </div>
   <div class='ocr_carea' id='block_1_86' title="bbox 351 5480 1853 5547">
    <p class='ocr_par' dir='ltr' id='par_1_86' title="bbox 351 5480 1853 5547">
     <span class='ocr_line' id='line_1_86' title="bbox 351 5480 1853 5547; baseline 0.003 -14"><span class='ocrx_word' id='word_1_598' title='bbox 351 5480 461 5537; x_wconf 80' lang='lat' dir='ltr'><strong>Ista</strong></span> <span class='ocrx_word' id='word_1_599' title='bbox 489 5491 565 5532; x_wconf 84' lang='lat' dir='ltr'><strong>est</strong></span> <span class='ocrx_word' id='word_1_600' title='bbox 600 5481 704 5534; x_wconf 68' lang='lat' dir='ltr'><strong>lex.</strong></span> <span class='ocrx_word' id='word_1_601' title='bbox 738 5481 853 5536; x_wconf 79' lang='lat' dir='ltr'><strong>Non</strong></span> <span class='ocrx_word' id='word_1_602' title='bbox 884 5484 1061 5538; x_wconf 89' lang='lat' dir='ltr'><strong>solum</strong></span> <span class='ocrx_word' id='word_1_603' title='bbox 1083 5484 1452 5547; x_wconf 85' lang='lat' dir='ltr'><strong>discernendi.</strong></span> <span class='ocrx_word' id='word_1_604' title='bbox 1501 5486 1597 5541; x_wconf 87' lang='lat' dir='ltr'><strong>sed</strong></span> <span class='ocrx_word' id='word_1_605' title='bbox 1646 5484 1853 5540; x_wconf 91' lang='lat' dir='ltr'><strong>sciendi</strong></span> 
     </span>
    </p>
   </div>
   <div class='ocr_carea' id='block_1_87' title="bbox 284 5571 1869 5645">
    <p class='ocr_par' dir='ltr' id='par_1_87' title="bbox 284 5571 1869 5645">
     <span class='ocr_line' id='line_1_87' title="bbox 284 5571 1869 5645; baseline 0.002 -18"><span class='ocrx_word' id='word_1_606' title='bbox 284 5573 420 5627; x_wconf 73' lang='lat' dir='ltr'><strong>ﬁlios</strong></span> <span class='ocrx_word' id='word_1_607' title='bbox 454 5571 643 5627; x_wconf 88' lang='lat' dir='ltr'><strong>Israel.</strong></span> <span class='ocrx_word' id='word_1_608' title='bbox 694 5571 1114 5645; x_wconf 83' lang='lat' dir='ltr'><strong>Cognoscuntur</strong></span> <span class='ocrx_word' id='word_1_609' title='bbox 1150 5587 1355 5643; x_wconf 81' lang='lat' dir='ltr'><strong>autem,</strong></span> <span class='ocrx_word' id='word_1_610' title='bbox 1394 5578 1475 5631; x_wconf 84' lang='lat' dir='ltr'><strong>vel</strong></span> <span class='ocrx_word' id='word_1_611' title='bbox 1511 5579 1761 5633; x_wconf 90' lang='lat' dir='ltr'><strong>sciuntur</strong></span> <span class='ocrx_word' id='word_1_612' title='bbox 1789 5592 1869 5630; x_wconf 66' lang='lat' dir='ltr'><strong>ca&#39;</strong></span> 
     </span>
    </p>
   </div>
   <div class='ocr_carea' id='block_1_88' title="bbox 372 5795 1317 5865">
    <p class='ocr_par' dir='ltr' id='par_1_88' title="bbox 372 5795 1317 5865">
     <span class='ocr_line' id='line_1_88' title="bbox 372 5795 1317 5865; baseline 0.006 -18"><span class='ocrx_word' id='word_1_613' title='bbox 372 5795 417 5826; x_wconf 77' lang='grc'><strong>³⁸</strong></span> <span class='ocrx_word' id='word_1_614' title='bbox 445 5795 463 5848; x_wconf 97' lang='lat' dir='ltr'><strong>l</strong></span> <span class='ocrx_word' id='word_1_615' title='bbox 488 5796 627 5849; x_wconf 85' lang='lat' dir='ltr'><strong>Tim.</strong></span> <span class='ocrx_word' id='word_1_616' title='bbox 667 5814 738 5857; x_wconf 81' lang='lat' dir='ltr'><strong>tv,</strong></span> <span class='ocrx_word' id='word_1_617' title='bbox 770 5800 820 5853; x_wconf 79' lang='lat' dir='ltr'><strong>-l.</strong></span> <span class='ocrx_word' id='word_1_618' title='bbox 899 5801 944 5832; x_wconf 80' lang='grc'><strong>⁵⁹</strong></span> <span class='ocrx_word' id='word_1_619' title='bbox 979 5801 1119 5854; x_wconf 71' lang='lat' dir='ltr'><strong>l‘sal.</strong></span> <span class='ocrx_word' id='word_1_620' title='bbox 1146 5817 1239 5865; x_wconf 86' lang='lat' dir='ltr'><strong>LII,</strong></span> 
     </span>
    </p>
   </div>
   <div class='ocr_carea' id='block_1_89' title="bbox 283 5857 755 5929">
    <p class='ocr_par' dir='ltr' id='par_1_89' title="bbox 283 5857 755 5929">
     <span class='ocr_line' id='line_1_89' title="bbox 283 5857 755 5929; baseline -0.004 -6"><span class='ocrx_word' id='word_1_621' title='bbox 283 5857 326 5888; x_wconf 70' lang='grc'><strong>⁸⁸</strong></span> <span class='ocrx_word' id='word_1_622' title='bbox 361 5868 527 5923; x_wconf 65' lang='lat' dir='ltr'><strong>mod.</strong></span> <span class='ocrx_word' id='word_1_623' title='bbox 552 5883 641 5929; x_wconf 73' lang='lat' dir='ltr'><strong>xx,</strong></span> <span class='ocrx_word' id='word_1_624' title='bbox 676 5869 755 5921; x_wconf 77' lang='lat' dir='ltr'><strong>l9.</strong></span> 
     </span>
    </p>
   </div>
   <div class='ocr_carea' id='block_1_90' title="bbox 1420 5785 2497 5866">
    <p class='ocr_par' dir='ltr' id='par_1_90' title="bbox 1420 5785 2497 5866">
     <span class='ocr_line' id='line_1_90' title="bbox 1420 5785 2497 5866; baseline -0.02 -8"><span class='ocrx_word' id='word_1_625' title='bbox 1420 5801 1464 5832; x_wconf 81' lang='lat'><strong>“</strong></span> <span class='ocrx_word' id='word_1_626' title='bbox 1488 5801 1508 5856; x_wconf 85' lang='grc' dir='ltr'><strong>Ι</strong></span> <span class='ocrx_word' id='word_1_627' title='bbox 1534 5801 1690 5856; x_wconf 81' lang='lat' dir='ltr'><strong>.loan.</strong></span> <span class='ocrx_word' id='word_1_628' title='bbox 1727 5817 1779 5866; x_wconf 84' lang='lat' dir='ltr'><strong>v,</strong></span> <span class='ocrx_word' id='word_1_629' title='bbox 1814 5800 1900 5855; x_wconf 80' lang='lat' dir='ltr'><strong>l9.</strong></span> <span class='ocrx_word' id='word_1_630' title='bbox 1982 5799 2023 5830; x_wconf 84' lang='lat'><strong>&quot;</strong></span> <span class='ocrx_word' id='word_1_631' title='bbox 2059 5795 2217 5851; x_wconf 76' lang='lat' dir='ltr'><strong>Rem.</strong></span> <span class='ocrx_word' id='word_1_632' title='bbox 2258 5809 2353 5851; x_wconf 74' lang='lat' dir='ltr'><strong>vn,</strong></span> <span class='ocrx_word' id='word_1_633' title='bbox 2405 5785 2497 5838; x_wconf 68' lang='grc'><strong>25.</strong></span> 
     </span>
    </p>
   </div>
   <div class='ocr_carea' id='block_1_91' title="bbox 1951 3271 3523 3356">
    <p class='ocr_par' dir='ltr' id='par_1_91' title="bbox 1951 3271 3523 3356">
     <span class='ocr_line' id='line_1_91' title="bbox 1951 3271 3523 3356; baseline -0.016 -13"><span class='ocrx_word' id='word_1_634' title='bbox 1951 3302 2221 3356; x_wconf 84' lang='lat' dir='ltr'><strong>omneque</strong></span> <span class='ocrx_word' id='word_1_635' title='bbox 2247 3286 2368 3354; x_wconf 90' lang='lat' dir='ltr'><strong>ejus</strong></span> <span class='ocrx_word' id='word_1_636' title='bbox 2387 3281 2671 3356; x_wconf 59' lang='lat' dir='ltr'><strong>solatium,</strong></span> <span class='ocrx_word' id='word_1_637' title='bbox 2728 3293 2825 3347; x_wconf 86' lang='lat' dir='ltr'><strong>per</strong></span> <span class='ocrx_word' id='word_1_638' title='bbox 2864 3275 2979 3329; x_wconf 77' lang='lat' dir='ltr'><strong>b:ec</strong></span> <span class='ocrx_word' id='word_1_639' title='bbox 3018 3271 3167 3326; x_wconf 87' lang='lat' dir='ltr'><strong>aliud</strong></span> <span class='ocrx_word' id='word_1_640' title='bbox 3224 3271 3523 3331; x_wconf 87' lang='lat' dir='ltr'><strong>intuentes,</strong></span> 
     </span>
    </p>
   </div>
   <div class='ocr_carea' id='block_1_92' title="bbox 1950 3366 3529 3449">
    <p class='ocr_par' dir='ltr' id='par_1_92' title="bbox 1950 3366 3529 3449">
     <span class='ocr_line' id='line_1_92' title="bbox 1950 3366 3529 3449; baseline -0.016 -13"><span class='ocrx_word' id='word_1_641' title='bbox 1950 3380 2275 3449; x_wconf 88' lang='lat' dir='ltr'><strong>conjicimus</strong></span> <span class='ocrx_word' id='word_1_642' title='bbox 2310 3386 2363 3428; x_wconf 90' lang='lat' dir='ltr'><strong>et</strong></span> <span class='ocrx_word' id='word_1_643' title='bbox 2388 3366 2454 3427; x_wconf 69' lang='lat' dir='ltr'><strong>dx</strong></span> <span class='ocrx_word' id='word_1_644' title='bbox 2490 3372 2576 3426; x_wconf 88' lang='lat' dir='ltr'><strong>bis</strong></span> <span class='ocrx_word' id='word_1_645' title='bbox 2605 3385 2726 3439; x_wconf 71' lang='lat' dir='ltr'><strong>qua:</strong></span> <span class='ocrx_word' id='word_1_646' title='bbox 2756 3368 2897 3422; x_wconf 87' lang='lat' dir='ltr'><strong>facta</strong></span> <span class='ocrx_word' id='word_1_647' title='bbox 2927 3375 3075 3429; x_wconf 91' lang='lat' dir='ltr'><strong>sunt,</strong></span> <span class='ocrx_word' id='word_1_648' title='bbox 3122 3378 3186 3417; x_wconf 86' lang='lat' dir='ltr'><strong>ea</strong></span> <span class='ocrx_word' id='word_1_649' title='bbox 3230 3376 3352 3429; x_wconf 69' lang='lat' dir='ltr'><strong>qua:</strong></span> <span class='ocrx_word' id='word_1_650' title='bbox 3399 3366 3529 3411; x_wconf 87' lang='lat' dir='ltr'><strong>sunt</strong></span> 
     </span>
    </p>
   </div>
   <div class='ocr_carea' id='block_1_93' title="bbox 1950 3448 3530 3532">
    <p class='ocr_par' dir='ltr' id='par_1_93' title="bbox 1950 3448 3530 3532">
     <span class='ocr_line' id='line_1_93' title="bbox 1950 3448 3530 3532; baseline -0.016 -7"><span class='ocrx_word' id='word_1_651' title='bbox 1950 3448 2263 3525; x_wconf 88' lang='lat' dir='ltr'><strong>invisibilia.</strong></span> <span class='ocrx_word' id='word_1_652' title='bbox 2297 3464 2405 3520; x_wconf 84' lang='lat' dir='ltr'><strong>Sed</strong></span> <span class='ocrx_word' id='word_1_653' title='bbox 2440 3464 2564 3532; x_wconf 89' lang='lat' dir='ltr'><strong>quia</strong></span> <span class='ocrx_word' id='word_1_654' title='bbox 2594 3472 2650 3515; x_wconf 92' lang='lat' dir='ltr'><strong>et</strong></span> <span class='ocrx_word' id='word_1_655' title='bbox 2670 3459 2869 3514; x_wconf 65' lang='lat' dir='ltr'><strong>saeculo</strong></span> <span class='ocrx_word' id='word_1_656' title='bbox 2899 3466 2955 3510; x_wconf 91' lang='lat' dir='ltr'><strong>et</strong></span> <span class='ocrx_word' id='word_1_657' title='bbox 3002 3468 3167 3509; x_wconf 88' lang='lat' dir='ltr'><strong>carne</strong></span> <span class='ocrx_word' id='word_1_658' title='bbox 3191 3452 3328 3505; x_wconf 82' lang='lat' dir='ltr'><strong>male</strong></span> <span class='ocrx_word' id='word_1_659' title='bbox 3366 3448 3530 3504; x_wconf 87' lang='lat' dir='ltr'><strong>simul</strong></span> 
     </span>
    </p>
   </div>
   <div class='ocr_carea' id='block_1_94' title="bbox 1950 3540 3528 3623">
    <p class='ocr_par' dir='ltr' id='par_1_94' title="bbox 1950 3540 3528 3623">
     <span class='ocr_line' id='line_1_94' title="bbox 1950 3540 3528 3623; baseline -0.018 -4"><span class='ocrx_word' id='word_1_660' title='bbox 1950 3563 2034 3618; x_wconf 88' lang='lat' dir='ltr'><strong>usi</strong></span> <span class='ocrx_word' id='word_1_661' title='bbox 2062 3576 2274 3623; x_wconf 89' lang='lat' dir='ltr'><strong>sumus,</strong></span> <span class='ocrx_word' id='word_1_662' title='bbox 2302 3560 2375 3611; x_wconf 89' lang='lat' dir='ltr'><strong>ita</strong></span> <span class='ocrx_word' id='word_1_663' title='bbox 2402 3566 2461 3611; x_wconf 91' lang='lat' dir='ltr'><strong>ut</strong></span> <span class='ocrx_word' id='word_1_664' title='bbox 2494 3555 2755 3609; x_wconf 88' lang='lat' dir='ltr'><strong>Dominus</strong></span> <span class='ocrx_word' id='word_1_665' title='bbox 2778 3552 2843 3604; x_wconf 86' lang='lat' dir='ltr'><strong>de</strong></span> <span class='ocrx_word' id='word_1_666' title='bbox 2861 3548 3064 3603; x_wconf 90' lang='lat' dir='ltr'><strong>mundo</strong></span> <span class='ocrx_word' id='word_1_667' title='bbox 3094 3546 3332 3600; x_wconf 88' lang='lat' dir='ltr'><strong>diceret:</strong></span> <span class='ocrx_word' id='word_1_668' title='bbox 3368 3540 3528 3595; x_wconf 79' lang='lat' dir='ltr'><strong>Mun-</strong></span> 
     </span>
    </p>
   </div>
   <div class='ocr_carea' id='block_1_95' title="bbox 1949 3634 3529 3721">
    <p class='ocr_par' dir='ltr' id='par_1_95' title="bbox 1949 3634 3529 3721">
     <span class='ocr_line' id='line_1_95' title="bbox 1949 3634 3529 3721; baseline -0.015 -11"><span class='ocrx_word' id='word_1_669' title='bbox 1949 3658 2047 3710; x_wconf 86' lang='lat' dir='ltr'><strong>dus</strong></span> <span class='ocrx_word' id='word_1_670' title='bbox 2082 3656 2138 3707; x_wconf 86' lang='lat' dir='ltr'><strong>in</strong></span> <span class='ocrx_word' id='word_1_671' title='bbox 2164 3653 2395 3721; x_wconf 77' lang='lat' dir='ltr'><strong>maligno</strong></span> <span class='ocrx_word' id='word_1_672' title='bbox 2445 3649 2645 3717; x_wconf 81' lang='lat' dir='ltr'><strong>positus</strong></span> <span class='ocrx_word' id='word_1_673' title='bbox 2672 3654 2749 3698; x_wconf 76' lang='lat' dir='ltr'><strong>est</strong></span> <span class='ocrx_word' id='word_1_674' title='bbox 2770 3645 2850 3707; x_wconf 83' lang='lat'><strong>“;</strong></span> <span class='ocrx_word' id='word_1_675' title='bbox 2880 3641 3083 3695; x_wconf 86' lang='lat' dir='ltr'><strong>Paulus</strong></span> <span class='ocrx_word' id='word_1_676' title='bbox 3110 3647 3291 3692; x_wconf 74' lang='lat' dir='ltr'><strong>autem</strong></span> <span class='ocrx_word' id='word_1_677' title='bbox 3322 3655 3335 3689; x_wconf 92' lang='lat'><strong>:</strong></span> <span class='ocrx_word' id='word_1_678' title='bbox 3371 3634 3529 3687; x_wconf 79' lang='lat' dir='ltr'><strong>Video</strong></span> 
     </span>
    </p>
   </div>
   <div class='ocr_carea' id='block_1_96' title="bbox 1949 3727 3530 3814">
    <p class='ocr_par' dir='ltr' id='par_1_96' title="bbox 1949 3727 3530 3814">
     <span class='ocr_line' id='line_1_96' title="bbox 1949 3727 3530 3814; baseline -0.016 -13"><span class='ocrx_word' id='word_1_679' title='bbox 1949 3749 2111 3801; x_wconf 83' lang='lat' dir='ltr'><strong>aliam</strong></span> <span class='ocrx_word' id='word_1_680' title='bbox 2144 3746 2307 3814; x_wconf 83' lang='lat' dir='ltr'><strong>legem</strong></span> <span class='ocrx_word' id='word_1_681' title='bbox 2333 3744 2387 3794; x_wconf 87' lang='lat' dir='ltr'><strong>in</strong></span> <span class='ocrx_word' id='word_1_682' title='bbox 2415 3740 2657 3794; x_wconf 66' lang='lat' dir='ltr'><strong>manubria</strong></span> <span class='ocrx_word' id='word_1_683' title='bbox 2675 3737 2824 3800; x_wconf 80' lang='lat' dir='ltr'><strong>meis,</strong></span> <span class='ocrx_word' id='word_1_684' title='bbox 2858 3740 3234 3802; x_wconf 76' lang='lat' dir='ltr'><strong>repugnantem</strong></span> <span class='ocrx_word' id='word_1_685' title='bbox 3262 3727 3363 3797; x_wconf 86' lang='lat' dir='ltr'><strong>legi</strong></span> <span class='ocrx_word' id='word_1_686' title='bbox 3385 3740 3530 3778; x_wconf 74' lang='lat' dir='ltr'><strong>meu-</strong></span> 
     </span>
    </p>
   </div>
   <div class='ocr_carea' id='block_1_97' title="bbox 1950 3818 3529 3897">
    <p class='ocr_par' dir='ltr' id='par_1_97' title="bbox 1950 3818 3529 3897">
     <span class='ocr_line' id='line_1_97' title="bbox 1950 3818 3529 3897; baseline -0.016 -5"><span class='ocrx_word' id='word_1_687' title='bbox 1950 3839 2016 3891; x_wconf 86' lang='lat' dir='ltr'><strong>tis</strong></span> <span class='ocrx_word' id='word_1_688' title='bbox 2070 3836 2302 3897; x_wconf 69' lang='lat' dir='ltr'><strong>male“;</strong></span> <span class='ocrx_word' id='word_1_689' title='bbox 2353 3842 2409 3885; x_wconf 91' lang='lat' dir='ltr'><strong>ct</strong></span> <span class='ocrx_word' id='word_1_690' title='bbox 2440 3843 2679 3884; x_wconf 87' lang='lat' dir='ltr'><strong>rursus:</strong></span> <span class='ocrx_word' id='word_1_691' title='bbox 2726 3826 2837 3895; x_wconf 84' lang='lat' dir='ltr'><strong>Ego</strong></span> <span class='ocrx_word' id='word_1_692' title='bbox 2883 3834 3061 3877; x_wconf 80' lang='lat' dir='ltr'><strong>autem</strong></span> <span class='ocrx_word' id='word_1_693' title='bbox 3107 3818 3339 3872; x_wconf 71' lang='lat' dir='ltr'><strong>carnalis</strong></span> <span class='ocrx_word' id='word_1_694' title='bbox 3390 3831 3529 3876; x_wconf 70' lang='lat' dir='ltr'><strong>sum,</strong></span> 
     </span>
    </p>
   </div>
   <div class='ocr_carea' id='block_1_98' title="bbox 1950 3908 3529 3991">
    <p class='ocr_par' dir='ltr' id='par_1_98' title="bbox 1950 3908 3529 3991">
     <span class='ocr_line' id='line_1_98' title="bbox 1950 3908 3529 3991; baseline -0.016 -9"><span class='ocrx_word' id='word_1_695' title='bbox 1950 3930 2276 3982; x_wconf 76' lang='lat' dir='ltr'><strong>venundatus</strong></span> <span class='ocrx_word' id='word_1_696' title='bbox 2329 3924 2423 3976; x_wconf 85' lang='lat' dir='ltr'><strong>sub</strong></span> <span class='ocrx_word' id='word_1_697' title='bbox 2478 3919 2791 3991; x_wconf 77' lang='lat' dir='ltr'><strong>peccato&quot;;</strong></span> <span class='ocrx_word' id='word_1_698' title='bbox 2845 3925 2901 3971; x_wconf 92' lang='lat' dir='ltr'><strong>et</strong></span> <span class='ocrx_word' id='word_1_699' title='bbox 2943 3927 3136 3968; x_wconf 90' lang='lat' dir='ltr'><strong>rursus</strong></span> <span class='ocrx_word' id='word_1_700' title='bbox 3175 3929 3192 3965; x_wconf 89' lang='lat'><strong>:</strong></span> <span class='ocrx_word' id='word_1_701' title='bbox 3242 3908 3529 3976; x_wconf 69' lang='lat' dir='ltr'><strong>Manifesta</strong></span> 
     </span>
    </p>
   </div>
   <div class='ocr_carea' id='block_1_99' title="bbox 1951 3998 3533 4083">
    <p class='ocr_par' dir='ltr' id='par_1_99' title="bbox 1951 3998 3533 4083">
     <span class='ocr_line' id='line_1_99' title="bbox 1951 3998 3533 4083; baseline -0.016 -9"><span class='ocrx_word' id='word_1_702' title='bbox 1951 4030 2128 4073; x_wconf 72' lang='lat' dir='ltr'><strong>autem</strong></span> <span class='ocrx_word' id='word_1_703' title='bbox 2149 4026 2270 4070; x_wconf 79' lang='lat' dir='ltr'><strong>sunt</strong></span> <span class='ocrx_word' id='word_1_704' title='bbox 2297 4031 2458 4083; x_wconf 66' lang='lat' dir='ltr'><strong>opera</strong></span> <span class='ocrx_word' id='word_1_705' title='bbox 2489 4012 2701 4065; x_wconf 83' lang='lat' dir='ltr'><strong>carnis:</strong></span> <span class='ocrx_word' id='word_1_706' title='bbox 2731 4024 2849 4078; x_wconf 78' lang='lat' dir='ltr'><strong>qua:</strong></span> <span class='ocrx_word' id='word_1_707' title='bbox 2887 4016 3009 4060; x_wconf 84' lang='lat' dir='ltr'><strong>sunt</strong></span> <span class='ocrx_word' id='word_1_708' title='bbox 3030 4002 3332 4076; x_wconf 71' lang='lat' dir='ltr'><strong>fornicatio,</strong></span> <span class='ocrx_word' id='word_1_709' title='bbox 3374 3998 3533 4052; x_wconf 76' lang='lat' dir='ltr'><strong>adul-</strong></span> 
     </span>
    </p>
   </div>
   <div class='ocr_carea' id='block_1_100' title="bbox 1952 4073 3533 4173">
    <p class='ocr_par' dir='ltr' id='par_1_100' title="bbox 1952 4073 3533 4173">
     <span class='ocr_line' id='line_1_100' title="bbox 1952 4073 3533 4173; baseline -0.015 -7"><span class='ocrx_word' id='word_1_710' title='bbox 1952 4112 2110 4173; x_wconf 84' lang='lat' dir='ltr'><strong>teria,</strong></span> <span class='ocrx_word' id='word_1_711' title='bbox 2140 4073 2503 4167; x_wconf 31' lang='lat' dir='ltr'><strong>inmunditia,</strong></span> <span class='ocrx_word' id='word_1_712' title='bbox 2536 4116 2584 4157; x_wconf 88' lang='lat' dir='ltr'><strong>et</strong></span> <span class='ocrx_word' id='word_1_713' title='bbox 2612 4073 2837 4168; x_wconf 36' lang='lat' dir='ltr'><strong>qua-liis</strong></span> <span class='ocrx_word' id='word_1_714' title='bbox 2860 4073 3059 4152; x_wconf 67' lang='lat' dir='ltr'><strong>similia</strong></span> <span class='ocrx_word' id='word_1_715' title='bbox 3099 4094 3306 4155; x_wconf 80' lang='lat' dir='ltr'><strong>sunt&quot;,</strong></span> <span class='ocrx_word' id='word_1_716' title='bbox 3352 4091 3420 4143; x_wconf 85' lang='lat' dir='ltr'><strong>ab</strong></span> <span class='ocrx_word' id='word_1_717' title='bbox 3447 4089 3533 4142; x_wconf 90' lang='lat' dir='ltr'><strong>bis</strong></span> 
     </span>
    </p>
   </div>
   <div class='ocr_carea' id='block_1_101' title="bbox 1952 4176 3534 4256">
    <p class='ocr_par' dir='ltr' id='par_1_101' title="bbox 1952 4176 3534 4256">
     <span class='ocr_line' id='line_1_101' title="bbox 1952 4176 3534 4256; baseline -0.018 0"><span class='ocrx_word' id='word_1_718' title='bbox 1952 4203 2038 4256; x_wconf 85' lang='lat' dir='ltr'><strong>lex</strong></span> <span class='ocrx_word' id='word_1_719' title='bbox 2062 4215 2163 4254; x_wconf 90' lang='lat' dir='ltr'><strong>nos</strong></span> <span class='ocrx_word' id='word_1_720' title='bbox 2191 4199 2424 4252; x_wconf 85' lang='lat' dir='ltr'><strong>liberare</strong></span> <span class='ocrx_word' id='word_1_721' title='bbox 2453 4203 2706 4255; x_wconf 84' lang='lat' dir='ltr'><strong>canatur,</strong></span> <span class='ocrx_word' id='word_1_722' title='bbox 2744 4199 2801 4245; x_wconf 88' lang='lat' dir='ltr'><strong>et</strong></span> <span class='ocrx_word' id='word_1_723' title='bbox 2832 4189 2902 4243; x_wconf 88' lang='lat' dir='ltr'><strong>de</strong></span> <span class='ocrx_word' id='word_1_724' title='bbox 2932 4188 3036 4241; x_wconf 86' lang='lat' dir='ltr'><strong>‘uac</strong></span> <span class='ocrx_word' id='word_1_725' title='bbox 3084 4200 3142 4237; x_wconf 91' lang='lat' dir='ltr'><strong>re</strong></span> <span class='ocrx_word' id='word_1_726' title='bbox 3175 4181 3346 4236; x_wconf 87' lang='lat' dir='ltr'><strong>multa</strong></span> <span class='ocrx_word' id='word_1_727' title='bbox 3397 4176 3534 4231; x_wconf 86' lang='lat' dir='ltr'><strong>scri-</strong></span> 
     </span>
    </p>
   </div>
   <div class='ocr_carea' id='block_1_102' title="bbox 1953 4281 3535 4355">
    <p class='ocr_par' dir='ltr' id='par_1_102' title="bbox 1953 4281 3535 4355">
     <span class='ocr_line' id='line_1_102' title="bbox 1953 4281 3535 4355; baseline -0.018 -6"><span class='ocrx_word' id='word_1_728' title='bbox 1953 4297 2085 4349; x_wconf 88' lang='lat' dir='ltr'><strong>bere</strong></span> <span class='ocrx_word' id='word_1_729' title='bbox 2116 4307 2227 4346; x_wconf 92' lang='lat' dir='ltr'><strong>non</strong></span> <span class='ocrx_word' id='word_1_730' title='bbox 2253 4299 2433 4344; x_wconf 87' lang='lat' dir='ltr'><strong>cessat</strong></span> <span class='ocrx_word' id='word_1_731' title='bbox 2464 4287 2775 4355; x_wconf 65' lang='lat' dir='ltr'><strong>aenigmata,</strong></span> <span class='ocrx_word' id='word_1_732' title='bbox 2818 4281 2961 4335; x_wconf 85' lang='lat' dir='ltr'><strong>sicut</strong></span> <span class='ocrx_word' id='word_1_733' title='bbox 2989 4287 3047 4331; x_wconf 90' lang='lat' dir='ltr'><strong>et</strong></span> <span class='ocrx_word' id='word_1_734' title='bbox 3091 4288 3243 4329; x_wconf 90' lang='lat' dir='ltr'><strong>nunc</strong></span> <span class='ocrx_word' id='word_1_735' title='bbox 3289 4284 3535 4325; x_wconf 82' lang='lat' dir='ltr'><strong>commu-</strong></span> 
     </span>
    </p>
   </div>
   <div class='ocr_carea' id='block_1_103' title="bbox 1953 4361 3535 4453">
    <p class='ocr_par' dir='ltr' id='par_1_103' title="bbox 1953 4361 3535 4453">
     <span class='ocr_line' id='line_1_103' title="bbox 1953 4361 3535 4453; baseline -0.02 -11"><span class='ocrx_word' id='word_1_736' title='bbox 1953 4388 2048 4442; x_wconf 86' lang='lat' dir='ltr'><strong>nia</strong></span> <span class='ocrx_word' id='word_1_737' title='bbox 2091 4395 2149 4440; x_wconf 90' lang='lat' dir='ltr'><strong>et</strong></span> <span class='ocrx_word' id='word_1_738' title='bbox 2178 4381 2456 4453; x_wconf 87' lang='lat' dir='ltr'><strong>specialia.</strong></span> <span class='ocrx_word' id='word_1_739' title='bbox 2482 4377 2708 4432; x_wconf 85' lang='lat' dir='ltr'><strong>Intende</strong></span> <span class='ocrx_word' id='word_1_740' title='bbox 2746 4374 2946 4443; x_wconf 85' lang='lat' dir='ltr'><strong>quibus</strong></span> <span class='ocrx_word' id='word_1_741' title='bbox 2990 4367 3172 4423; x_wconf 86' lang='lat' dir='ltr'><strong>verbis</strong></span> <span class='ocrx_word' id='word_1_742' title='bbox 3198 4364 3264 4419; x_wconf 89' lang='lat' dir='ltr'><strong>ad</strong></span> <span class='ocrx_word' id='word_1_743' title='bbox 3317 4361 3535 4453; x_wconf 68' lang='lat' dir='ltr'><strong>Moysen</strong></span> 
     </span>
    </p>
   </div>
   <div class='ocr_carea' id='block_1_104' title="bbox 1961 4450 3532 4534">
    <p class='ocr_par' dir='ltr' id='par_1_104' title="bbox 1961 4450 3532 4534">
     <span class='ocr_line' id='line_1_104' title="bbox 1961 4450 3532 4534; baseline -0.019 -2"><span class='ocrx_word' id='word_1_744' title='bbox 1961 4450 2226 4534; x_wconf 79' lang='lat' dir='ltr'><strong>Dominus</strong></span> <span class='ocrx_word' id='word_1_745' title='bbox 2278 4474 2495 4528; x_wconf 90' lang='lat' dir='ltr'><strong>locutus</strong></span> <span class='ocrx_word' id='word_1_746' title='bbox 2544 4480 2672 4532; x_wconf 91' lang='lat' dir='ltr'><strong>est,</strong></span> <span class='ocrx_word' id='word_1_747' title='bbox 2709 4475 2770 4520; x_wconf 93' lang='lat' dir='ltr'><strong>ut</strong></span> <span class='ocrx_word' id='word_1_748' title='bbox 2821 4464 2912 4518; x_wconf 91' lang='lat' dir='ltr'><strong>ille</strong></span> <span class='ocrx_word' id='word_1_749' title='bbox 2973 4460 3097 4515; x_wconf 90' lang='lat' dir='ltr'><strong>ﬁliis</strong></span> <span class='ocrx_word' id='word_1_750' title='bbox 3142 4454 3302 4511; x_wconf 82' lang='lat' dir='ltr'><strong>Israel</strong></span> <span class='ocrx_word' id='word_1_751' title='bbox 3342 4450 3532 4506; x_wconf 87' lang='lat' dir='ltr'><strong>eadem</strong></span> 
     </span>
    </p>
   </div>
   <div class='ocr_carea' id='block_1_105' title="bbox 1961 4544 3531 4626">
    <p class='ocr_par' dir='ltr' id='par_1_105' title="bbox 1961 4544 3531 4626">
     <span class='ocr_line' id='line_1_105' title="bbox 1961 4544 3531 4626; baseline -0.021 0"><span class='ocrx_word' id='word_1_752' title='bbox 1961 4570 2126 4626; x_wconf 88' lang='lat' dir='ltr'><strong>verba</strong></span> <span class='ocrx_word' id='word_1_753' title='bbox 2156 4566 2511 4622; x_wconf 89' lang='lat' dir='ltr'><strong>ministraret.</strong></span> <span class='ocrx_word' id='word_1_754' title='bbox 2536 4560 2795 4614; x_wconf 84' lang='lat' dir='ltr'><strong>Faciebat</strong></span> <span class='ocrx_word' id='word_1_755' title='bbox 2816 4564 3002 4609; x_wconf 87' lang='lat' dir='ltr'><strong>autem</strong></span> <span class='ocrx_word' id='word_1_756' title='bbox 3036 4551 3141 4605; x_wconf 90' lang='lat' dir='ltr'><strong>hoc</strong></span> <span class='ocrx_word' id='word_1_757' title='bbox 3168 4562 3276 4601; x_wconf 91' lang='lat' dir='ltr'><strong>non</strong></span> <span class='ocrx_word' id='word_1_758' title='bbox 3309 4544 3531 4602; x_wconf 88' lang='lat' dir='ltr'><strong>frustra,</strong></span> 
     </span>
    </p>
   </div>
   <div class='ocr_carea' id='block_1_106' title="bbox 1959 4632 3533 4729">
    <p class='ocr_par' dir='ltr' id='par_1_106' title="bbox 1959 4632 3533 4729">
     <span class='ocr_line' id='line_1_106' title="bbox 1959 4632 3533 4729; baseline -0.022 -11"><span class='ocrx_word' id='word_1_759' title='bbox 1959 4663 2057 4719; x_wconf 90' lang='lat' dir='ltr'><strong>sed</strong></span> <span class='ocrx_word' id='word_1_760' title='bbox 2102 4660 2279 4729; x_wconf 83' lang='lat' dir='ltr'><strong>palam</strong></span> <span class='ocrx_word' id='word_1_761' title='bbox 2310 4656 2713 4711; x_wconf 87' lang='lat' dir='ltr'><strong>demonstrans,</strong></span> <span class='ocrx_word' id='word_1_762' title='bbox 2758 4646 2905 4717; x_wconf 85' lang='lat' dir='ltr'><strong>quod</strong></span> <span class='ocrx_word' id='word_1_763' title='bbox 2958 4645 3075 4712; x_wconf 85' lang='lat' dir='ltr'><strong>ipse</strong></span> <span class='ocrx_word' id='word_1_764' title='bbox 3099 4639 3333 4729; x_wconf 10' lang='lat' dir='ltr'><strong>quidem?</strong></span> <span class='ocrx_word' id='word_1_765' title='bbox 3369 4632 3533 4729; x_wconf 64' lang='lat' dir='ltr'><strong>Iloj&#39;si</strong></span> 
     </span>
    </p>
   </div>
   <div class='ocr_carea' id='block_1_107' title="bbox 1959 4725 3535 4824">
    <p class='ocr_par' dir='ltr' id='par_1_107' title="bbox 1959 4725 3535 4824">
     <span class='ocr_line' id='line_1_107' title="bbox 1959 4725 3535 4824; baseline -0.021 -14"><span class='ocrx_word' id='word_1_766' title='bbox 1959 4725 2293 4824; x_wconf 77' lang='lat' dir='ltr'><strong>loqueretur,</strong></span> <span class='ocrx_word' id='word_1_767' title='bbox 2323 4758 2384 4802; x_wconf 92' lang='lat' dir='ltr'><strong>ut</strong></span> <span class='ocrx_word' id='word_1_768' title='bbox 2406 4747 2474 4801; x_wconf 88' lang='lat' dir='ltr'><strong>ad</strong></span> <span class='ocrx_word' id='word_1_769' title='bbox 2499 4739 2905 4812; x_wconf 84' lang='lat' dir='ltr'><strong>intelligendam</strong></span> <span class='ocrx_word' id='word_1_770' title='bbox 2943 4737 3199 4791; x_wconf 86' lang='lat' dir='ltr'><strong>virtutem</strong></span> <span class='ocrx_word' id='word_1_771' title='bbox 3236 4728 3371 4799; x_wconf 86' lang='lat' dir='ltr'><strong>legis</strong></span> <span class='ocrx_word' id='word_1_772' title='bbox 3415 4725 3535 4779; x_wconf 92' lang='lat' dir='ltr'><strong>ido-</strong></span> 
     </span>
    </p>
   </div>
   <div class='ocr_carea' id='block_1_108' title="bbox 1958 4823 3535 4911">
    <p class='ocr_par' dir='ltr' id='par_1_108' title="bbox 1958 4823 3535 4911">
     <span class='ocr_line' id='line_1_108' title="bbox 1958 4823 3535 4911; baseline -0.021 -12"><span class='ocrx_word' id='word_1_773' title='bbox 1958 4823 2100 4898; x_wconf 88' lang='lat' dir='ltr'><strong>neo:</strong></span> <span class='ocrx_word' id='word_1_774' title='bbox 2140 4841 2353 4911; x_wconf 69' lang='lat' dir='ltr'><strong>Hoyses</strong></span> <span class='ocrx_word' id='word_1_775' title='bbox 2397 4844 2580 4891; x_wconf 88' lang='lat' dir='ltr'><strong>autem</strong></span> <span class='ocrx_word' id='word_1_776' title='bbox 2648 4830 2871 4901; x_wconf 90' lang='lat' dir='ltr'><strong>populo,</strong></span> <span class='ocrx_word' id='word_1_777' title='bbox 2923 4835 2985 4880; x_wconf 93' lang='lat' dir='ltr'><strong>ut</strong></span> <span class='ocrx_word' id='word_1_778' title='bbox 3025 4824 3153 4893; x_wconf 89' lang='lat' dir='ltr'><strong>quia</strong></span> <span class='ocrx_word' id='word_1_779' title='bbox 3197 4834 3309 4874; x_wconf 90' lang='lat' dir='ltr'><strong>non</strong></span> <span class='ocrx_word' id='word_1_780' title='bbox 3358 4823 3535 4871; x_wconf 88' lang='lat' dir='ltr'><strong>totum</strong></span> 
     </span>
    </p>
   </div>
   <div class='ocr_carea' id='block_1_109' title="bbox 1960 4911 3538 5005">
    <p class='ocr_par' dir='ltr' id='par_1_109' title="bbox 1960 4911 3538 5005">
     <span class='ocr_line' id='line_1_109' title="bbox 1960 4911 3538 5005; baseline -0.022 -15"><span class='ocrx_word' id='word_1_781' title='bbox 1960 4933 2233 5005; x_wconf 84' lang='lat' dir='ltr'><strong>capiebat,</strong></span> <span class='ocrx_word' id='word_1_782' title='bbox 2276 4944 2379 4983; x_wconf 89' lang='lat' dir='ltr'><strong>nec</strong></span> <span class='ocrx_word' id='word_1_783' title='bbox 2431 4924 2675 4996; x_wconf 87' lang='lat' dir='ltr'><strong>spiritale</strong></span> <span class='ocrx_word' id='word_1_784' title='bbox 2730 4919 3009 4987; x_wconf 86' lang='lat' dir='ltr'><strong>suscipere</strong></span> <span class='ocrx_word' id='word_1_785' title='bbox 3053 4911 3389 4970; x_wconf 86' lang='lat' dir='ltr'><strong>mandatum,</strong></span> <span class='ocrx_word' id='word_1_786' title='bbox 3433 4919 3538 4958; x_wconf 82' lang='lat' dir='ltr'><strong>nec</strong></span> 
     </span>
    </p>
   </div>
   <div class='ocr_carea' id='block_1_110' title="bbox 1964 5007 3537 5092">
    <p class='ocr_par' dir='ltr' id='par_1_110' title="bbox 1964 5007 3537 5092">
     <span class='ocr_line' id='line_1_110' title="bbox 1964 5007 3537 5092; baseline -0.02 -12"><span class='ocrx_word' id='word_1_787' title='bbox 1964 5025 2352 5092; x_wconf 72' lang='lat' dir='ltr'><strong>leoquente</strong></span> <span class='ocrx_word' id='word_1_788' title='bbox 2380 5018 2572 5072; x_wconf 86' lang='lat' dir='ltr'><strong>audire</strong></span> <span class='ocrx_word' id='word_1_789' title='bbox 2593 5016 2793 5083; x_wconf 87' lang='lat' dir='ltr'><strong>legem,</strong></span> <span class='ocrx_word' id='word_1_790' title='bbox 2833 5009 3152 5066; x_wconf 84' lang='lat' dir='ltr'><strong>sublimiora</strong></span> <span class='ocrx_word' id='word_1_791' title='bbox 3200 5007 3537 5092; x_wconf 67' lang='lat' dir='ltr'><strong>narrantem.</strong></span> 
     </span>
    </p>
   </div>
   <div class='ocr_carea' id='block_1_111' title="bbox 1963 5088 3539 5181">
    <p class='ocr_par' dir='ltr' id='par_1_111' title="bbox 1963 5088 3539 5181">
     <span class='ocr_line' id='line_1_111' title="bbox 1963 5088 3539 5181; baseline -0.02 -9"><span class='ocrx_word' id='word_1_792' title='bbox 1963 5117 2106 5171; x_wconf 89' lang='lat' dir='ltr'><strong>Ilinc</strong></span> <span class='ocrx_word' id='word_1_793' title='bbox 2140 5088 2287 5169; x_wconf 76' lang='lat' dir='ltr'><strong>enim</strong></span> <span class='ocrx_word' id='word_1_794' title='bbox 2316 5110 2464 5181; x_wconf 91' lang='lat' dir='ltr'><strong>quod</strong></span> <span class='ocrx_word' id='word_1_795' title='bbox 2495 5110 2615 5178; x_wconf 86' lang='lat' dir='ltr'><strong>ipso</strong></span> <span class='ocrx_word' id='word_1_796' title='bbox 2635 5105 2747 5160; x_wconf 88' lang='lat' dir='ltr'><strong>Deo</strong></span> <span class='ocrx_word' id='word_1_797' title='bbox 2770 5103 2945 5173; x_wconf 83' lang='lat' dir='ltr'><strong>legem</strong></span> <span class='ocrx_word' id='word_1_798' title='bbox 2965 5099 3149 5163; x_wconf 85' lang='lat' dir='ltr'><strong>dante,</strong></span> <span class='ocrx_word' id='word_1_799' title='bbox 3190 5092 3446 5149; x_wconf 87' lang='lat' dir='ltr'><strong>dicebant</strong></span> <span class='ocrx_word' id='word_1_800' title='bbox 3470 5088 3539 5142; x_wconf 90' lang='lat' dir='ltr'><strong>ad</strong></span> 
     </span>
    </p>
   </div>
   <div class='ocr_carea' id='block_1_112' title="bbox 1962 5185 3542 5280">
    <p class='ocr_par' dir='ltr' id='par_1_112' title="bbox 1962 5185 3542 5280">
     <span class='ocr_line' id='line_1_112' title="bbox 1962 5185 3542 5280; baseline -0.02 -14"><span class='ocrx_word' id='word_1_801' title='bbox 1962 5209 2213 5280; x_wconf 71' lang='lat' dir='ltr'><strong>Moysen:</strong></span> <span class='ocrx_word' id='word_1_802' title='bbox 2242 5207 2477 5273; x_wconf 81' lang='lat' dir='ltr'><strong>Loquere</strong></span> <span class='ocrx_word' id='word_1_803' title='bbox 2505 5212 2562 5255; x_wconf 84' lang='lat' dir='ltr'><strong>tu</strong></span> <span class='ocrx_word' id='word_1_804' title='bbox 2583 5200 2749 5261; x_wconf 77' lang='lat' dir='ltr'><strong>nobis.</strong></span> <span class='ocrx_word' id='word_1_805' title='bbox 2782 5206 2834 5251; x_wconf 87' lang='lat' dir='ltr'><strong>et</strong></span> <span class='ocrx_word' id='word_1_806' title='bbox 2862 5195 3173 5249; x_wconf 77' lang='lat' dir='ltr'><strong>audiemus:</strong></span> <span class='ocrx_word' id='word_1_807' title='bbox 3206 5204 3309 5280; x_wconf 63' lang='lat' dir='ltr'><strong>non</strong></span> <span class='ocrx_word' id='word_1_808' title='bbox 3330 5185 3542 5280; x_wconf 29' lang='lat' dir='ltr'><strong>dequae</strong></span> 
     </span>
    </p>
   </div>
   <div class='ocr_carea' id='block_1_113' title="bbox 1964 5271 3543 5357">
    <p class='ocr_par' dir='ltr' id='par_1_113' title="bbox 1964 5271 3543 5357">
     <span class='ocr_line' id='line_1_113' title="bbox 1964 5271 3543 5357; baseline -0.018 -5"><span class='ocrx_word' id='word_1_809' title='bbox 1964 5271 2227 5352; x_wconf 52' lang='lat' dir='ltr'><strong>tur-uobis</strong></span> <span class='ocrx_word' id='word_1_810' title='bbox 2266 5271 2546 5353; x_wconf 69' lang='lat' dir='ltr'><strong>Dominus,</strong></span> <span class='ocrx_word' id='word_1_811' title='bbox 2598 5304 2663 5341; x_wconf 82' lang='lat' dir='ltr'><strong>ue</strong></span> <span class='ocrx_word' id='word_1_812' title='bbox 2715 5287 2850 5357; x_wconf 73' lang='lat' dir='ltr'><strong>forte</strong></span> <span class='ocrx_word' id='word_1_813' title='bbox 2889 5276 3278 5337; x_wconf 74' lang='lat' dir='ltr'><strong>moriantur“.</strong></span> <span class='ocrx_word' id='word_1_814' title='bbox 3328 5271 3435 5326; x_wconf 88' lang='lat' dir='ltr'><strong>Sed</strong></span> <span class='ocrx_word' id='word_1_815' title='bbox 3488 5278 3543 5357; x_wconf 82' lang='lat' dir='ltr'><strong>et</strong></span> 
     </span>
    </p>
   </div>
   <div class='ocr_carea' id='block_1_114' title="bbox 1967 5356 3544 5446">
    <p class='ocr_par' dir='ltr' id='par_1_114' title="bbox 1967 5356 3544 5446">
     <span class='ocr_line' id='line_1_114' title="bbox 1967 5356 3544 5446; baseline -0.02 -5"><span class='ocrx_word' id='word_1_816' title='bbox 1967 5383 2245 5440; x_wconf 85' lang='lat' dir='ltr'><strong>humiliter</strong></span> <span class='ocrx_word' id='word_1_817' title='bbox 2271 5394 2392 5435; x_wconf 87' lang='lat' dir='ltr'><strong>eam</strong></span> <span class='ocrx_word' id='word_1_818' title='bbox 2413 5387 2577 5446; x_wconf 88' lang='lat' dir='ltr'><strong>atque</strong></span> <span class='ocrx_word' id='word_1_819' title='bbox 2599 5356 2904 5428; x_wconf 87' lang='lat' dir='ltr'><strong>secundum</strong></span> <span class='ocrx_word' id='word_1_820' title='bbox 2943 5369 3237 5423; x_wconf 88' lang='lat' dir='ltr'><strong>humanam</strong></span> <span class='ocrx_word' id='word_1_821' title='bbox 3270 5356 3544 5431; x_wconf 84' lang='lat' dir='ltr'><strong>possibili-</strong></span> 
     </span>
    </p>
   </div>
   <div class='ocr_carea' id='block_1_115' title="bbox 1965 5448 3543 5539">
    <p class='ocr_par' dir='ltr' id='par_1_115' title="bbox 1965 5448 3543 5539">
     <span class='ocr_line' id='line_1_115' title="bbox 1965 5448 3543 5539; baseline -0.021 -6"><span class='ocrx_word' id='word_1_822' title='bbox 1965 5488 2153 5539; x_wconf 85' lang='lat' dir='ltr'><strong>tatem,</strong></span> <span class='ocrx_word' id='word_1_823' title='bbox 2200 5472 2421 5528; x_wconf 85' lang='lat' dir='ltr'><strong>homine</strong></span> <span class='ocrx_word' id='word_1_824' title='bbox 2445 5468 2697 5524; x_wconf 81' lang='lat' dir='ltr'><strong>videlicet</strong></span> <span class='ocrx_word' id='word_1_825' title='bbox 2720 5463 2989 5523; x_wconf 89' lang='lat' dir='ltr'><strong>tradente,</strong></span> <span class='ocrx_word' id='word_1_826' title='bbox 3013 5455 3337 5525; x_wconf 83' lang='lat' dir='ltr'><strong>suscipiant,</strong></span> <span class='ocrx_word' id='word_1_827' title='bbox 3379 5458 3441 5504; x_wconf 91' lang='lat' dir='ltr'><strong>ut</strong></span> <span class='ocrx_word' id='word_1_828' title='bbox 3476 5448 3543 5502; x_wconf 88' lang='lat' dir='ltr'><strong>ad</strong></span> 
     </span>
    </p>
   </div>
   <div class='ocr_carea' id='block_1_116' title="bbox 1964 5541 3545 5640">
    <p class='ocr_par' dir='ltr' id='par_1_116' title="bbox 1964 5541 3545 5640">
     <span class='ocr_line' id='line_1_116' title="bbox 1964 5541 3545 5640; baseline -0.022 -15"><span class='ocrx_word' id='word_1_829' title='bbox 1964 5570 2213 5640; x_wconf 89' lang='lat' dir='ltr'><strong>spiritum</strong></span> <span class='ocrx_word' id='word_1_830' title='bbox 2262 5561 2522 5635; x_wconf 84' lang='lat' dir='ltr'><strong>paulatim</strong></span> <span class='ocrx_word' id='word_1_831' title='bbox 2560 5556 2912 5614; x_wconf 87' lang='lat' dir='ltr'><strong>ascendatur.</strong></span> <span class='ocrx_word' id='word_1_832' title='bbox 2954 5551 3057 5607; x_wconf 83' lang='lat' dir='ltr'><strong>Per</strong></span> <span class='ocrx_word' id='word_1_833' title='bbox 3086 5549 3326 5603; x_wconf 88' lang='lat' dir='ltr'><strong>litteram</strong></span> <span class='ocrx_word' id='word_1_834' title='bbox 3381 5541 3545 5611; x_wconf 87' lang='lat' dir='ltr'><strong>igitur</strong></span> 
     </span>
    </p>
   </div>
   <div class='ocr_carea' id='block_1_117' title="bbox 2610 5758 3531 5833">
    <p class='ocr_par' dir='ltr' id='par_1_117' title="bbox 2610 5758 3531 5833">
     <span class='ocr_line' id='line_1_117' title="bbox 2610 5758 3531 5833; baseline -0.028 2"><span class='ocrx_word' id='word_1_835' title='bbox 2610 5781 2655 5813; x_wconf 73' lang='grc'>⁸³</span> <span class='ocrx_word' id='word_1_836' title='bbox 2685 5777 2817 5833; x_wconf 85' lang='lat' dir='ltr'><strong>ibid.</strong></span> <span class='ocrx_word' id='word_1_837' title='bbox 2864 5776 2947 5831; x_wconf 72' lang='grc' dir='ltr'><strong>Η.</strong></span> <span class='ocrx_word' id='word_1_838' title='bbox 3060 5772 3105 5803; x_wconf 75' lang='grc'><strong>⁸³</strong></span> <span class='ocrx_word' id='word_1_839' title='bbox 3133 5769 3307 5825; x_wconf 81' lang='lat' dir='ltr'><strong>Galat.</strong></span> <span class='ocrx_word' id='word_1_840' title='bbox 3337 5779 3395 5828; x_wconf 77' lang='grc' dir='ltr'><strong>ν,</strong></span> <span class='ocrx_word' id='word_1_841' title='bbox 3449 5758 3531 5812; x_wconf 76' lang='lat' dir='ltr'><strong>l9.</strong></span> 
     </span>
    </p>
   </div>
  </div>
