4218 6450
674 424 780 489 923

680 632 914 687 semine.
948 630 1100 687 lianc
1126 640 1333 700 septem
1368 630 1563 685 diebus
1594 646 1715 685 esse
1742 632 2076 686 immundam
2118 631 2268 708 dicit,

680 733 737 780 et
763 723 1151 795 quamobrem?
1180 724 1429 777 videlicet
1450 723 1577 792 quia
1615 733 1764 778 sator
1797 724 2111 777 immundus
2161 732 2268 797 est,

684 825 877 885 utpote
933 817 1107 868 haeres
1136 815 1329 878 Adam,
1364 814 1456 883 qui
1491 829 1588 877 per
1624 815 2112 883 transgressionem
2168 814 2272 866 im-

681 907 920 960 mundus
952 905 1127 961 faetus
1148 948 1160 966 ,
1188 917 1351 973 atque
1390 908 1460 959 ita
1511 905 1634 958 Eva'
1661 906 1875 969 mistus,
1914 922 2075 959 omne
2099 921 2271 975 genus

682 998 984 1050 humanum
1038 997 1165 1051 fecit
1202 998 1570 1050 imumnttum.
1606 998 1807 1065 Aperte
1851 1006 2033 1049 autem
2072 998 2176 1052 hoc
2214 998 2267 1050 in

682 1099 834 1137 sacra
866 1082 1147 1151 Scriptura
1194 1084 1481 1152 legitur”,
1515 1085 1659 1152 quod
1688 1094 1990 1152 postquam
2028 1086 2162 1138 exiit
2200 1085 2267 1137 de

684 1178 957 1243 pttt‘attlisu,
997 1176 1279 1227 mulierem
1318 1191 1470 1227 suam
1502 1176 1670 1228 Adam
1696 1176 1970 1243 cognovit,
1998 1185 2161 1244 atque
2193 1174 2265 1226 ita

681 1268 871 1321 deduc:
899 1269 1062 1334 erupit
1088 1268 1383 1320 luunanum
1416 1283 1605 1337 genus.
1643 1271 1861 1336 Septem
1917 1277 2097 1321 autem
2152 1268 2267 1323 dies

682 1356 809 1409 ideo
863 1358 1144 1409 tntilieretn
1206 1371 1328 1409 esse
1401 1358 1659 1425 praeepit
1715 1358 2091 1424 immundam,
2138 1358 2263 1427 quia

681 1447 877 1511 Adam,
900 1464 993 1515 p--r
1026 1449 1183 1515 cujus
1206 1464 1391 1501 semen
1413 1449 1655 1519 suscepit
1684 1451 2107 1515 immunditiam,
2138 1467 2262 1505 cum

683 1555 884 1607 genere
909 1540 1070 1591 vitam
1110 1551 1350 1594 nostram
1384 1541 1593 1609 polluit.
1653 1541 1873 1611 Septem
1914 1544 2122 1597 dierum
2160 1559 2264 1598 nu-

682 1647 865 1685 met-us
904 1632 1171 1700 significat
1221 1649 1317 1701 per
1362 1649 1526 1703 quem
1589 1644 1832 1704 tempora
1878 1636 2259 1691 revolvuntur.

682 1723 914 1792 Propter
938 1725 1081 1793 quod
1139 1724 1301 1777 etiam
1334 1726 1455 1793 eius
1488 1728 1705 1797 requies
1757 1728 1987 1796 septima
2015 1729 2153 1795 dies,
2208 1730 2262 1783 id

683 1827 790 1879 est,
862 1814 1198 1883 intelligibile
1263 1828 1516 1885 speratur
1585 1818 1905 1873 Sabbatum.
1979 1818 2260 1885 Quomodo

1867 423 2229 485 IIESYCHII
2271 424 2743 484 PRESBYTERI

679 554 869 594 semen
899 538 1206 609 suscipiens
1236 548 1320 591 est
1343 537 1561 602 mulier,
1595 553 1717 607 quae
1760 539 1856 593 viri
1891 539 2133 608 concipit
2187 553 2255 591 ex
2285 546 2329 599 Α
2359 546 2541 592 autem
2592 536 2788 590 diebus
2822 536 2897 589 ait
2951 544 3181 590 matrem
3234 548 3354 588 esse
3411 532 3745 586 immundam

3858 413 3963 475 924

3848 536 3959 588 Aut

2378 630 2518 683 forte
2555 630 2681 700 quia
2705 627 3089 682 inobedientiae
3111 641 3275 682 causa
3308 624 3416 680 Eva
3468 622 3690 679 seducta
3720 626 3953 689 exstitit,

2377 723 2739 796 transgressio
2765 731 2970 788 autem,
3004 722 3120 775 sive
3152 720 3520 776 inobedientia
3556 718 3953 772 inmunditiam

2374 815 2533 868 nobis
2603 815 2932 883 sordemque
2986 814 3280 878 contraxit,
3338 813 3461 865 ideo
3522 814 3608 865 ‘ioi
3682 816 3821 878 quoet
3875 826 3954 861 ρδι

2373 904 2626 971 amplius,
2670 904 2948 972 legislator
2975 903 3028 956 in
3090 903 3373 957 mulierem
3411 905 3680 956 colum-tit
3744 916 3843 948 κω
3907 926 3932 940 -

2371 997 2722 1066 quzerendum
2764 1006 2847 1050 est
2901 1013 2997 1051 cur
3045 998 3206 1065 hujus
3237 997 3310 1049 rei
3343 997 3535 1066 gratia,
3585 997 3638 1048 in
3691 1012 3959 1066 sanguine

2372 1086 2772 1155 purilieationis
2801 1101 2914 1139 sua:
2944 1102 3165 1139 manere
3194 1086 3476 1139 mulierem
3513 1087 3791 1155 praecepit,
3846 1102 3957 1139 non

2370 1177 2631 1246 sanguine
2660 1178 2903 1242 sordido,
2929 1178 3023 1231 sed
3069 1178 3121 1231 in
3172 1178 3437 1248 sanguine
3478 1178 3703 1240 mundo,
3748 1178 3801 1230 id
3847 1189 3954 1238 est.

2370 1268 2764 1337 purificationis
2808 1268 2951 1337 ejus,
3003 1268 3147 1322 sicut
3194 1268 3247 1322 in
3299 1267 3401 1333 liis,
3459 1283 3581 1333 quae
3617 1279 3949 1336 sequuntur.

2368 1360 2699 1415 ostenditur.

2439 1450 2568 1504 llam
2593 1467 2747 1503 omne
2774 1461 3015 1504 sanctum
3049 1467 3150 1504 non
3211 1454 3400 1521 tangit,
3447 1462 3491 1503 et
3538 1454 3591 1503 in
3646 1454 3960 1506 seminario

2368 1560 2468 1596 non
2506 1544 2802 1613 ingreditur
2840 1560 3002 1613 usque
3028 1544 3154 1596 dum
3180 1544 3541 1611 compleantur
3566 1546 3675 1597 dies
3701 1544 3959 1612 puriﬁca—

2364 1632 2519 1685 tiunis
2558 1631 2691 1701 ejus.
2724 1631 2779 1684 Si
2806 1647 2936 1701 ergo
2965 1632 3016 1684 in
3050 1631 3314 1701 sanguine
3358 1632 3563 1685 mundo
3597 1632 3813 1701 triginta
3845 1643 3961 1687 tres

2364 1723 2482 1777 dies
2505 1731 2561 1776 et
2596 1739 2758 1777 omne
2789 1732 3038 1776 sanctum
3075 1739 3185 1777 non
3219 1724 3409 1794 tangit,
3452 1734 3507 1778 et
3539 1725 3593 1777 in
3643 1726 3959 1779 sanctuario

2364 1831 2472 1868 non
2504 1816 2828 1885 ingreditur,
2875 1814 3019 1868 unde
3067 1815 3379 1883 hujusmodi
3434 1830 3678 1880 causam,
3729 1817 3833 1869 nisi
3886 1832 3956 1870 ex

682 1919 863 1959 autem
907 1916 1151 1960 nostram
1190 1909 1379 1977 polluit
1408 1909 1615 1963 vitam?
1642 1909 1912 1965 Iuduceus
1934 1912 1980 1965 ei
2007 1912 2266 1967 maledic-
2297 1895 2338 1949 Β
2368 1906 2577 1960 dierum
2609 1907 3048 1976 perscrutatione
3073 1907 3451 1976 reperiemus?
3479 1907 3723 1977 Triginta
3746 1910 3957 1979 quippe

687 2001 888 2052 tionem
919 2009 974 2052 et
1012 2000 1346 2055 transferens
1377 2002 1443 2054 ad
1470 2002 1768 2069 miseriam,
1805 2018 1922 2057 eam
1955 2019 2117 2074 quam
2147 2019 2267 2057 sor-

685 2091 768 2144 titi
801 2091 1078 2144 fueramus
1117 2091 1186 2145 ab
1230 2091 1388 2145 initio
1430 2094 1849 2149 beatitudinem.
1891 2095 2045 2160 Quod
2093 2096 2266 2150 mani-

681 2184 883 2237 festum
915 2193 995 2237 est
1025 2198 1088 2236 ex
1123 2184 1229 2249 his,
1261 2201 1381 2254 quae
1413 2186 1553 2240 Deus
1582 2187 1649 2240 ad
1692 2187 1859 2242 Adam
1892 2188 2060 2243 dicit:
2102 2188 2268 2242 Male-

682 2278 824 2330 dicta
886 2286 1026 2330 terra
1082 2278 1137 2330 in
1191 2280 1431 2345 operibus
1481 2282 1622 2345 tuis,
1681 2283 1893 2350 spinas,
1951 2291 1999 2335 et
2050 2282 2265 2335 tribulos

682 2368 1001 2438 germinabit
1051 2369 1144 2423 tibi
1165 2370 1247 2424 °'.
1311 2370 1604 2442 Propterea
1669 2382 1726 2428 et
1782 2388 1933 2427 nunc
1992 2374 2267 2443 Iegislator

682 2461 819 2516 dixit
850 2479 863 2514 :

756 2554 1059 2608 Secundum
1088 2554 1200 2609 dies
1232 2557 1584 2624 separationis
1634 2567 1916 2611 menstrua:
1945 2574 1965 2609 :
1994 2559 2081 2613 vel
2125 2559 2268 2615 sicut

682 2643 1073 2715 Septuaginta:
1110 2643 1411 2700 Secundum
1446 2649 1556 2701 dies
1602 2650 1935 2718 purgationis
1985 2661 2268 2706 menstrua:

683 2738 959 2791 immunda
988 2740 1106 2792 erit.
1134 2739 1274 2804 Quid
1321 2748 1500 2793 autem
1525 2740 1631 2794 hoc
1663 2740 1756 2806 sit,
1798 2741 1890 2795 alii
1940 2742 2268 2813 interpretes

681 2828 901 2897 planius
964 2830 1304 2885 ediderunt:
1352 2832 1711 2901 Symmachus
1766 2832 1988 2901 quidem
2054 2833 2263 2901 dicens,

681 2922 970 2974 secundum
1027 2922 1138 2975 dies
1199 2924 1591 2991 separationis,
1649 2923 1969 2993 aﬁlictionis:
2043 2922 2255 2993 Apulia,

682 3014 1033 3080 scparationis
1069 3054 1082 3077 ,
1140 3016 1403 3078 miserim;
1455 3015 1833 3085 Theodotion,
1890 3021 2266 3092 separattanis,

683 3104 879 3159 doloris
927 3105 1060 3174 ejus.
1110 3104 1325 3160 Miseria
1370 3117 1574 3167 autem,
1630 3117 1685 3162 et
1733 3110 1973 3165 afﬂictio.
2009 3120 2064 3163 et
2114 3112 2269 3166 dolor

2368 2008 2423 2053 et
2445 2008 2557 2054 tres
2578 1998 2696 2052 dies
2729 2000 2852 2053 ideo
2878 2000 3119 2064 tradidit,
3148 2009 3201 2053 ut
3243 1998 3473 2067 adjectis
3503 2009 3735 2069 septem,
3762 2003 3959 2055 cuncti

2367 2090 2721 2161 quadraginta
2781 2090 2933 2145 ﬁant.
2988 2090 3148 2146 Aliud
3202 2106 3331 2161 ergo
3389 2106 3486 2160 per
3549 2092 3961 2162 ltoclegislator

2367 2185 2658 2256 signiﬁcat.
2695 2184 2835 2250 Quia
2864 2200 2995 2254 ergo
3026 2184 3080 2238 in
3116 2185 3309 2240 diebus
3338 2187 3697 2255 quadraginta
3740 2203 3927 2240 mascu
3954 2220 3957 2221 ν

2367 2278 2453 2331 1118
2491 2278 2696 2332 dicitur
2735 2277 2916 2333 infans
2960 2277 3205 2343 formari,
3235 2278 3344 2332 duo
3387 2278 3504 2332 hate
3554 2294 3650 2347 per
3698 2295 3781 2343 ea,
3833 2296 3960 2349 quas
3998 2346 4001 2347 ν

2366 2370 2507 2425 dicta
2540 2378 2670 2424 sunt
2687 2370 3019 2440 probantur:
3057 2370 3111 2423 id
3146 2381 3249 2434 est,
3281 2369 3409 2439 quia
3439 2370 3554 2437 ipse
3579 2370 3799 2439 quidem
3828 2374 3959 2425 sub-

2368 2462 2577 2517 stantia
2624 2464 2844 2532 generis
2897 2461 3124 2516 humani
3174 2463 3377 2514 nmnda
3426 2472 3527 2525 est,
3589 2464 3734 2516 sicut
3779 2478 3807 2513 a
3850 2463 3960 2518 lteo

2368 2564 2576 2610 creata:
2620 2552 2811 2609 Omnia
2854 2554 3026 2619 enim,
3078 2568 3195 2623 quae
3230 2555 3353 2624 fecit
3390 2553 3549 2617 Deus,
3597 2564 3747 2607 erant
3802 2556 3961 2608 valde

2369 2648 2504 2701 bona
2522 2648 2564 2680 ⁸⁹
2586 2689 2601 2713 ,
2632 2655 2688 2701 et
2726 2646 2900 2700 multo
2935 2646 3108 2715 magis
3134 2646 3318 2699 homo.
3348 2644 3576 2714 Propter
3615 2647 3760 2715 quod
3791 2647 3866 2699 ait
3901 2647 3959 2699 in

2369 2740 2635 2807 sanguine
2716 2738 2955 2802 mundo,
3018 2737 3132 2790 sive
3207 2736 3606 2805 purificationis
3669 2737 3958 2791 mulierem

2370 2832 2579 2885 sedere.
2603 2830 2742 2896 Quia
2767 2838 2951 2884 autem
2972 2844 3072 2898 per
3094 2827 3500 2883 successionem
3526 2827 3654 2882 Adae
3682 2836 3961 2896 transgre-

2368 2923 2569 2977 dientis
2609 2922 2771 2977 laesus
2804 2931 2907 2985 est,
2947 2920 3256 2975 necessarie
3292 2935 3413 2989 quae
3460 2933 3649 2973 semen
3692 2920 3957 2988 susrepit,

2369 3028 2419 3069 et
2448 3016 2720 3084 concepit,
2747 3029 2910 3068 omne
2948 3022 3199 3067 sanctum
3233 3027 3344 3065 non
3380 3011 3570 3081 tangit,
3617 3022 3673 3064 et
3712 3011 3766 3063 in
3798 3025 3963 3065 sanc-

2370 3107 2547 3161 tttario
2572 3122 2680 3161 non
2705 3105 3055 3177 ingredietur,
3083 3119 3256 3173 usque
3277 3104 3405 3157 dum
3432 3104 3813 3172 compleantur
3842 3103 3965 3157 dies

684 3204 819 3250 tunc
867 3210 988 3250 esse
1035 3198 1220 3268 coepit,
1277 3208 1562 3269 postquam
1611 3210 1896 3271 separatus
1955 3219 1984 3257 a
2017 3204 2268 3273 paradiso
2296 3233 2337 3289 ε
2373 3199 2769 3268 puriﬁcationis
2816 3198 2966 3267 ejus:
3010 3201 3060 3251 td
3097 3205 3201 3261 est,
3246 3211 3420 3267 usque
3451 3195 3579 3249 dum
3633 3196 3960 3264 complean-

684 3288 880 3352 Adam,
921 3298 1163 3343 nostram
1198 3292 1425 3345 sortitus
1444 3303 1529 3346 est
1576 3292 1765 3353 vitam,
1791 3295 1917 3365 quia
1968 3294 2024 3348 in
2070 3297 2269 3351 sudore

684 3379 866 3432 vultus
895 3380 1183 3434 comedere
1216 3398 1411 3450 panem
1466 3385 1818 3438 condemnati
1868 3401 2078 3441 sumus.
2131 3386 2271 3444 lluic

685 3471 866 3524 sensui
898 3471 1201 3550 planiorem
1271 3481 1326 3526 et
1369 3474 1779 3529 indubitabilem
1822 3476 2031 3533 addidit
2075 3480 2270 3549 proba-

687 3564 916 3628 tionem,
945 3578 1068 3617 cum
1104 3564 1271 3618 dicit:

756 3652 856 3706 Die
895 3664 1078 3707 octavo
1122 3655 1525 3708 circumcidetur
1577 3656 1902 3725 infantulus.
1949 3658 2074 3713 Dies
2121 3659 2268 3714 enim

684 3753 930 3810 octavus,
956 3744 1212 3814 quoniam
1232 3746 1480 3816 septima:
1503 3747 1609 3801 dici
1634 3791 1649 3813 ,
1674 3763 1796 3817 qua:
1822 3748 1999 3819 imago
2025 3758 2110 3803 est
2130 3765 2271 3820 pras-

684 3835 855 3888 sentis
892 3835 1033 3901 vitae,
1061 3836 1325 3903 succedit,
1354 3838 1579 3907 figurant
1608 3842 1745 3908 gerit
1773 3839 1939 3894 futuri
1958 3840 2138 3895 δέεαιιί
2166 3884 2181 3908 ,
2215 3842 2270 3896 in

682 3937 791 3990 quo
834 3937 1055 3976 carnem
1089 3924 1340 3994 pneputii
1392 3926 1839 3980 circumcidimus
1860 3969 1875 3992 ,
1899 3942 2063 3997 opera
2089 3930 2270 3984 carnis

681 4014 863 4068 omnia
880 4016 1244 4085 deponentes:
1262 4025 1389 4072 tune
1413 4017 1615 4088 quippe
1634 4034 1740 4072 non
1759 4019 1935 4073 solum
1954 4035 2063 4074 non
2084 4036 2272 4089 pecea-

687 4102 813 4168 turi,
837 4104 929 4157 sed
954 4118 1055 4159 nec
1083 4106 1401 4172 comesturi,
1429 4118 1522 4161 aut
1555 4108 1799 4174 bibituri,
1823 4119 1916 4163 aut
1937 4110 2158 4179 nupturi
2177 4126 2272 4166 su-

682 4209 825 4249 mus.
849 4193 1063 4249 Erimus
1100 4206 1282 4251 autem
1310 4199 1498 4267 procul
1515 4198 1703 4261 dubio,
1719 4200 1862 4256 sicut
1885 4204 1960 4257 ait
1982 4203 2264 4265 Dominus.

668 4299 746 4337 ea:
773 4286 1195 4354 corruptibilibus
1234 4290 1686 4361 incorruptibiles,
1718 4293 1863 4348 sicut
1908 4295 2083 4365 angeli
2110 4296 2183 4347 ’τε
2213 4306 2270 4352 et

682 4374 868 4427 nmndi
937 4376 1112 4430 modis
1177 4379 1455 4446 omnibus,
1498 4395 1565 4433 ex
1618 4381 1917 4437 immundis
1976 4383 2263 4440 efﬁcimur.

680 4464 987 4519 Seminatur
1029 4468 1211 4538 igitur,
1239 4470 1315 4523 ait
1361 4471 1582 4537 Paulus,
1644 4474 1700 4525 in
1738 4476 2176 4545 corruptione“;
2219 4478 2264 4531 si

680 4556 844 4627 igitur
883 4562 936 4611 in
976 4565 1330 4630 corruptione
1391 4563 1697 4618 seminatur
1752 4581 1955 4635 corpus
1998 4568 2255 4634 animale,
2295 4597 2335 4649 ο

680 4647 852 4719 surgit
882 4664 1083 4720 corpus
1102 4652 1379 4720 spiritale;
1413 4668 1544 4725 ergo
1573 4656 1665 4709 hic
1685 4665 1768 4709 est
1788 4656 1982 4711 modus
2036 4668 2261 4728 propter

678 4754 840 4809 quem
867 4739 1130 4796 infantem
1153 4754 1347 4798 octavo
1380 4746 1468 4799 die
1506 4747 1661 4817 jubet
1717 4747 2056 4804 circumcidi.
2087 4750 2253 4805 lucir—

679 4832 980 4887 eumeisum
1008 4844 1191 4890 autem
1229 4838 1410 4907 perire
1466 4840 1535 4894 de
1587 4841 1790 4910 populo
1844 4857 1945 4897 suo
1994 4843 2255 4909 ostendit,

677 4923 805 4992 quia
831 4931 957 4978 ante
984 4924 1479 4996 circumcisionem,
1506 4931 1925 4987 abominabilem
1954 4932 2118 4988 habet
2136 4950 2258 4988 car-

678 5028 804 5066 nem
836 5022 892 5067 et
928 5014 1286 5085 immundam,
1328 5028 1549 5091 prepter
1598 5037 1795 5076 causas
1822 5023 2074 5078 videlicet
2121 5039 2259 5094 quas

678 5106 935 5175 superius
957 5107 1213 5164 diximus.
1240 5110 1538 5167 Mundatur
1580 5122 1762 5168 autem
1818 5129 1917 5185 per
1968 5116 2259 5171 circumci-

678 5194 912 5261 sionetn,
946 5212 1069 5266 quae
1110 5198 1399 5271 imaginem
1444 5205 1585 5275 gerit
1637 5208 2055 5263 resurrectionis
2111 5223 2260 5262 mor-

680 5296 916 5341 tuorum.
934 5286 1066 5342 Illud
1091 5301 1273 5346 autem
1304 5295 1470 5348 nimis
1494 5298 1851 5365 quaarendum
1866 5307 1970 5365 est,
1993 5301 2258 5370 quamob-

685 5391 803 5431 rem
866 5378 1185 5437 circumeidi
1248 5385 1335 5440 lex
1407 5389 1753 5457 praeipiens,
1821 5391 1992 5459 ipsius
2037 5393 2255 5462 quidem

677 5467 1079 5525 immunditiam
1104 5483 1264 5542 tacet,
1303 5486 1533 5532 matrem
1561 5488 1742 5534 autem
1776 5482 2112 5537 immundam
2134 5499 2256 5538 esse

678 5556 831 5621 dicit,
874 5573 1047 5629 usque
1073 5562 1140 5617 ad
1160 5562 1307 5620 diem
1357 5567 1412 5622 in
1439 5584 1549 5639 quo
1586 5570 1767 5625 infans
1801 5572 2250 5629 circumciditur:

676 5657 868 5704 octavo
928 5651 1130 5724 quippe
1184 5660 1441 5729 prmcepit
1505 5662 1592 5717 die
1649 5663 1990 5730 circumcidi,
2047 5677 2253 5736 septeni

748 5847 791 5878 "
842 5847 981 5905 Gen.
1013 5869 1085 5919 tv,
1122 5856 1165 5909 l.
1265 5860 1307 5889 “
1338 5858 1478 5914 Gen.
1514 5876 1593 5925 tu,
1638 5860 1718 5926 l7,
1766 5861 1846 5915 lS.

1927 5865 1968 5894 ⁸⁷
2000 5861 2189 5917 Matth.
2227 5881 2357 5928 xxii,
2390 5868 2473 5925 30.

2372 3298 2459 3344 tnr
2487 3290 2604 3345 dies
2631 3291 3012 3361 quadraginta,
3041 3290 3093 3343 in
3125 3289 3323 3359 quibus
3357 3303 3493 3357 puer
3520 3286 3805 3341 formatur.
3840 3285 3963 3355 Ipsa

2370 3380 2573 3449 quippe
2620 3380 2798 3449 imago
2850 3379 2966 3445 Dei,
3027 3380 3309 3433 mundatio
3351 3388 3435 3432 est
3475 3387 3685 3431 natura:
3732 3387 3964 3436 nostras.

2370 3471 2619 3538 quamvis
2641 3468 2806 3523 fuerit
2838 3469 3140 3524 sordidata.
3180 3468 3319 3539 Ergo
3356 3483 3697 3538 nequaquam
3748 3468 3963 3538 ingredi

2371 3560 2426 3613 in
2462 3562 2793 3626 sanctuario,
2823 3576 2927 3616 nec
2955 3576 3118 3615 omne
3143 3569 3391 3615 sanctum
3424 3569 3646 3627 tangere
3699 3560 3964 3628 pnecepti

2372 3653 2673 3718 fueramus,
2736 3652 2842 3709 nisi
2891 3654 3068 3722 imago
3138 3651 3230 3705 Dei
3298 3652 3469 3707 semel
3521 3650 3720 3705 donata
3773 3661 3967 3705 nostro

2373 3746 2583 3815 generi,
2635 3752 2954 3800 sanctorum
3007 3744 3166 3799 nobis
3226 3743 3574 3814 prmstitisset
3628 3743 3963 3811 ingressum.

2374 3836 2603 3904 Propter
2654 3852 2816 3907 quam
2860 3836 3175 3891 salvandam
3216 3836 3333 3905 ipse
3367 3849 3587 3904 quoque
3639 3834 3964 3887 incarnatus

2371 3935 2455 3981 est
2482 3925 2765 3992 Dominus,
2806 3942 2961 3981 suam
2997 3926 3287 3996 imaginem
3348 3926 3561 3978 salvare
3593 3924 3805 3978 volens.
3850 3926 3964 3978 Sed

2372 4016 2426 4069 in
2484 4016 2843 4088 quadraginta
2902 4017 3097 4072 diebus
3146 4018 3214 4070 ad
3259 4016 3459 4071 ctelum
3529 4030 3649 4069 eam
3714 4014 3958 4077 sustulit,

2370 4109 2673 4163 secundum
2693 4110 2839 4179 quod
2863 4125 2984 4164 eam
3011 4110 3293 4165 hominem
3346 4110 3643 4179 plasmans,
3681 4108 3733 4159 in
3796 4106 3963 4160 vulva

2370 4200 2559 4267 donat,
2589 4208 2645 4254 et
2670 4210 2802 4255 tunc
2835 4202 2903 4255 ad
2933 4216 3125 4255 verum
3170 4200 3546 4255 sanctuarium
3606 4209 3801 4254 natura
3856 4214 3965 4253 no—

2372 4305 2482 4348 stra
2511 4293 2830 4363 ingreditur.
2866 4296 3067 4363 Aperte
3103 4300 3283 4347 autem
3312 4293 3432 4347 haec
3454 4293 3749 4361 probantur
3774 4306 3876 4361 per
3894 4308 3965 4346 ea

2369 4399 2491 4453 quae
2543 4384 2613 4438 de
2655 4398 2856 4453 genere
2915 4382 3157 4437 femineo
3213 4382 3560 4437 sanciantur.
3620 4380 3758 4447 Quia
3808 4382 3961 4436 enim

2368 4475 2701 4546 octogesima
2728 4476 2817 4530 die
2848 4475 3069 4530 formari
3114 4474 3172 4528 in
3215 4484 3373 4528 utero
3418 4473 3634 4528 feminae
3671 4474 3959 4532 dicuntur.

2367 4568 2706 4622 tantumdem
2734 4582 3025 4622 numerum
3056 4567 3125 4621 ad
3150 4566 3528 4635 impletionem
3563 4565 3777 4619 dierum
3804 4566 3960 4633 puri—

2367 4658 2638 4712 ficatiouis
2662 4673 2874 4725 earmn,
2908 4672 3030 4727 quae
3058 4670 3249 4710 semen
3275 4656 3612 4726 suscipiunt,
3672 4655 3958 4724 pmcepit,

2366 4750 2443 4806 ait
2472 4750 2620 4805 enim
2660 4750 2769 4804 sic:

2435 4842 2494 4898 Si
2546 4844 2791 4907 feminam
2822 4842 3044 4912 peperit,
3098 4843 3371 4896 immunda
3400 4842 3497 4894 erit
3516 4840 3719 4894 duabus
3756 4838 3959 4891 hebdo-

2367 4936 2606 4990 madibus
2634 4954 2645 4987 :
2673 4936 2832 5006 juxta
2864 4937 3027 4989 ritum
3072 4937 3248 5004 ﬂuxus
3307 4937 3580 4988 menstrui.

2434 5027 2500 5083 Et
2555 5045 2677 5082 cum
2732 5036 2948 5098 oportet
2993 5029 3405 5096 quatuordecim
3460 5028 3676 5090 dicere,
3712 5043 3825 5081 non
3875 5029 3958 5082 sic

2361 5117 2537 5180 dicit,
2590 5116 2684 5171 sed
2756 5116 2971 5170 duabtts
3031 5116 3485 5175 hebdomadibus.
3541 5116 3694 5182 juxta
3770 5118 3944 5172 ritum

2360 5207 2538 5263 ﬂuxus
2576 5208 2865 5261 menstrui.
2890 5209 3119 5278 Propter
3142 5209 3286 5276 quod
3318 5207 3383 5260 ad
3416 5208 3568 5262 illum
3626 5224 3727 5263 nos
3778 5218 3960 5264 trans-

2369 5300 2534 5354 mittit
2589 5314 2832 5360 scusum,
2892 5299 2946 5354 id
2977 5308 3080 5364 est,
3108 5309 3168 5354 ut
3225 5300 3280 5353 iu
3332 5308 3541 5370 septem
3588 5301 3811 5369 quidem
3842 5302 3961 5356 die-

2364 5393 2467 5447 bus
2513 5408 2633 5447 esse
2660 5394 2956 5447 humanam
3005 5391 3414 5447 vitautzlluxus
3456 5402 3637 5446 autem
3684 5394 3957 5447 menstrui

2364 5484 2710 5538 alllietionem
2761 5486 2899 5554 ejus,
2947 5493 3004 5539 et
3064 5484 3331 5545 dolorem,
3358 5494 3413 5537 et
3462 5485 3737 5539 miseriam
3788 5484 3952 5539 intel-

2363 5578 2614 5647 ligamus.
2637 5576 2778 5631 Dixit
2817 5586 2997 5630 autem
3036 5576 3249 5630 duabus
3298 5575 3731 5631 hebdomadibus
3780 5584 3951 5638 recte,

2364 5670 2488 5738 quia
2546 5669 2712 5737 duplo
2775 5685 2946 5737 genus
2997 5666 3262 5721 muliebre
3322 5667 3605 5720 multatum
3682 5666 3953 5735 estzquia

2554 5866 2597 5899 “
2626 5867 2789 5922 lCor.
2828 5883 2913 5931 λγ,
2948 5867 3034 5920 42.
3118 5868 3160 5898 θτδ
3188 5864 3321 5920 Gen.
3361 5883 3398 5930 ι,
3424 5868 3512 5920 31.
