4218 6450
286 425 389 488 925

271 643 351 696 sai
407 640 740 694 manducans
789 649 980 704 panem
1040 647 1222 686 suum.
1267 629 1440 684 Ilabct
1491 630 1654 684 etiarn
1728 631 1841 698 ipsa

275 744 492 788 terram,
532 729 810 798 spinas.ct
850 723 1072 776 tribulos
1111 721 1527 790 germinantem,
1561 734 1678 786 qua:
1721 734 1844 771 cum

271 842 333 884 ev
394 837 533 877 terra
591 830 707 874 orta
777 817 865 879 sit,
926 816 978 867 in
1029 824 1228 866 terram
1317 811 1621 865 revertitur.
1677 808 1849 864 liabet

272 916 432 969 etiam
463 927 675 983 pinnam
725 908 1012 978 specialem
1057 924 1068 958 :
1113 905 1174 957 In
1197 903 1415 956 tristitia
1466 902 1638 970 paries
1688 902 1846 969 ﬁlius,

272 1018 318 1060 rt
365 1015 432 1060 ad
479 1009 648 1060 virum
693 1017 840 1055 mum
899 999 1162 1052 conversio
1208 1006 1317 1058 tua,
1382 1004 1428 1048 ct
1479 995 1587 1062 ipse
1632 996 1709 1046 tui
1757 995 1849 1046 n'o-

273 1097 636 1151 minabimr”.
683 1095 746 1148 Et
791 1101 1074 1161 propterea
1118 1088 1347 1148 duabus,
1396 1086 1594 1154 inquit,
1645 1086 1852 1139 hebdo-

271 1190 517 1243 madibus
565 1185 840 1240 immutnla
889 1183 1012 1246 erit,
1056 1181 1206 1250 juxta
1254 1181 1416 1233 ritum
1467 1178 1643 1232 fluxus
1699 1193 1852 1231 tuen-

275 1283 430 1335 strui.
457 1278 742 1346 Sevaginta
770 1283 948 1328 autem
981 1284 1036 1328 et
1083 1288 1178 1326 sex
1223 1273 1413 1326 diebus
1472 1273 1524 1324 in
1590 1271 1853 1339 sangaiae

272 1372 492 1433 mundo,
548 1373 597 1423 id
625 1379 725 1430 est,
762 1368 813 1419 in
846 1365 1221 1436 purificatione
1271 1362 1500 1428 sedebit,
1531 1373 1718 1416 sancta
1748 1379 1854 1414 non

273 1475 496 1531 tangens
524 1505 535 1524 ,
571 1476 740 1527 usque
799 1458 924 1510 dum
960 1457 1337 1523 compleantur
1385 1453 1502 1507 dies
1556 1454 1851 1522 octoginta.

270 1552 510 1614 Quatuor
536 1547 680 1600 enim
706 1558 752 1597 et
802 1545 1009 1605 decem,
1044 1559 1208 1612 super
1243 1540 1520 1610 sexaginta
1540 1556 1632 1593 sex
1654 1539 1851 1602 addita,

269 1645 541 1710 octoginta
577 1642 782 1692 taciuut
810 1678 818 1690 .
846 1640 896 1690 in
934 1637 1132 1706 quibus
1170 1635 1370 1689 fetnina
1406 1635 1688 1689 formatur.
1720 1633 1856 1702 iitgo

269 1740 387 1788 sine
455 1736 632 1800 aliqua
692 1729 1030 1783 dubitatione
1096 1728 1370 1798 legisiator
1410 1726 1666 1786 ostendit,
1731 1725 1854 1794 quia

266 1825 607 1880 initum-dun
665 1832 866 1875 tactum
915 1821 1203 1874 maledicto
1246 1829 1705 1889 nostrutngenus,
1757 1835 1853 1870 ne-

270 1934 535 1985 qztaqttatn
591 1915 817 1968 intraret
872 1914 926 1966 in
976 1914 1199 1972 sanctis.
1261 1913 1364 1967 nisi
1419 1927 1515 1982 per
1565 1911 1850 1997 ini’aginem
1887 1901 1923 1953 υ

275 2007 380 2066 ilei,
429 2021 586 2073 quam
621 2003 788 2057 semel
833 2003 1082 2055 sortitum
1141 2011 1244 2064 est,
1303 2011 1357 2055 et
1411 2011 1696 2069 propterea
1757 2017 1848 2053 su-

271 2100 561 2168 .-τ‹,·ὶ;›Ξ(-ιιιυς
605 2112 790 2150 semen
846 2095 1119 2152 mulieres.
1165 2092 1706 2148 diebnsl‘ormalionis
1758 2109 1854 2161 pa-

269 2187 577 2238 TIi'HJUTUIH
635 2184 1000 2252 pat'tttlorttttl,
1040 2185 1104 2238 de
1151 2184 1351 2237 sanctis
1387 2190 1653 2236 vetantur.
1698 2183 1854 2248 Quod

270 2277 310 2329 si
345 2276 478 2329 dicis
542 2274 903 2339 Quamobrem
936 2290 1043 2327 non
1090 2273 1258 2344 magis
1282 2273 1335 2326 in
1367 2283 1520 2328 utero
1573 2273 1850 2336 habentes,

269 2369 460 2422 diebus
505 2365 864 2428 formationis,
904 2366 970 2419 de
1004 2367 1205 2421 sanctis
1245 2375 1444 2419 matres
1469 2365 1853 2430 prohibentur?

269 2465 464 2512 lrusira
503 2461 605 2512 lioc
639 2461 939 2530 interrogas
973 2478 983 2512 :
1017 2459 1284 2512 iacerium
1331 2465 1414 2511 est
1445 2458 1592 2510 enim
1627 2457 1698 2521 ei,
1731 2473 1851 2527 qua:

269 2551 484 2618 gravida
536 2559 637 2616 est,
667 2560 847 2604 utrum
898 2567 1102 2603 marem
1145 2565 1245 2602 seu
1297 2547 1550 2602 feminam
1615 2549 1853 2618 paritura

269 2652 367 2696 cst:
411 2652 464 2697 et
497 2642 639 2695 unde
676 2642 1017 2695 manifestum
1048 2655 1167 2694 esse
1204 2650 1417 2710 poterat
1446 2649 1715 2710 quotquot
1733 2640 1852 2695 die-

270 2731 369 2784 lius
403 2731 686 2799 oportebat
715 2746 832 2783 eam
859 2729 926 2783 de
959 2729 1160 2782 sanctis
1180 2729 1466 2798 prohibere
1492 2729 1516 2781 ?
1553 2729 1690 2799 Ergo
1736 2745 1853 2783 ma-

270 2824 462 2876 nifesta
493 2832 576 2876 est
609 2839 766 2876 causa
799 2839 895 2892 pro
924 2838 1030 2891 qua
1061 2823 1177 2876 [nec
1207 2821 1483 2893 legislator
1515 2821 1573 2876 in
1603 2822 1708 2877 illis
1741 2822 1846 2877 diss

270 2914 476 2982 posuit.

339 3005 499 3060 Vens.
515 3006 628 3060 6-8.
655 3026 670 3056 I
695 3007 935 3075 Cumque
953 3006 1147 3076 expleti
1168 3007 1366 3061 fuerint
1390 3007 1504 3061 dies
1523 3005 1854 3076 purificatio-

270 3097 353 3149 uis
371 3098 505 3166 ejus.
527 3113 622 3165 pro
640 3098 765 3162 ﬁlio,
808 3098 919 3151 sive
955 3113 1052 3167 pro
1087 3097 1211 3162 ﬁlia,
1240 3098 1668 3169 deferatagnum
1699 3097 1854 3151 anni-

269 3203 285 3236 ι
306 3187 450 3240 ulum
487 3187 538 3240 in
561 3187 954 3250 holocaustum,
979 3197 1034 3241 et
1068 3189 1271 3256 pullum
1307 3188 1589 3256 columbae,
1609 3187 1720 3241 sive
1743 3196 1855 3240 tur-

272 3288 446 3331 turem
465 3294 562 3347 pro
591 3288 832 3346 peccato,
852 3279 918 3331 ad
940 3279 1138 3332 ostium
1159 3279 1491 3332 tabernaculi
1532 3277 1849 3341 testimonii,

272 3379 325 3423 et
367 3371 540 3423 tradat
579 3371 866 3428 sacerdoti.
908 3371 1001 3438 qui
1041 3370 1233 3424 oﬂerat
1273 3371 1358 3422 illa
1378 3386 1558 3424 coram
1600 3370 1850 3434 Domino,

273 3469 329 3512 et
366 3471 512 3530 roget
558 3477 656 3528 pro
691 3477 774 3524 ea,
801 3469 854 3514 et
877 3462 954 3515 sic
989 3462 1335 3515 mandabitur
1373 3479 1400 3514 a
1433 3461 1696 3530 profluvio
1731 3476 1854 3514 san-

273 3552 452 3618 guinis
513 3552 616 3603 sui.
686 3551 788 3604 Ista
832 3561 914 3605 est
972 3553 1054 3605 lex
1117 3553 1375 3621 parientis
1429 3554 1751 3615 masculum,
1784 3568 1847 3606 ac

272 3643 546 3694 feminam.
580 3642 736 3707 Quod
793 3643 837 3696 si
883 3659 992 3696 non
1046 3644 1312 3696 invenerit
1355 3659 1548 3696 manus
1577 3645 1717 3712 ejus,
1747 3660 1849 3698 nec

273 3734 468 3800 poterit
513 3732 708 3786 offerre
731 3749 949 3802 agnutn,
985 3742 1161 3785 sumat
1209 3735 1344 3786 deos
1401 3743 1638 3787 turtures
1675 3735 1850 3804 pullos

271 3823 554 3890 columbae,
594 3841 759 3878 unum
807 3826 858 3877 in
911 3826 1285 3878 lmlocau~tznn
1331 3866 1344 3887 ,
1387 3825 1695 3878 ctaltcru.o
1753 3839 1851 3895 pro

273 3925 511 3983 peccato,
559 3917 837 3986 orabitque
892 3931 990 3986 pro
1041 3933 1107 3970 eo
1150 3917 1423 3978 sacerdos,
1459 3924 1513 3969 et
1562 3915 1639 3969 sic
1690 3931 1851 3968 mun-

272 4008 536 4064 dabitur.»

335 4099 523 4152 Totam
573 4101 657 4153 iiie
708 4099 1064 4154 intentimem
1104 4117 1254 4154 suam
1314 4101 1584 4171 legislator
1607 4102 1843 4171 aperuit,

272 4193 394 4256 quia
431 4192 779 4256 pollutionem
814 4209 921 4246 non
968 4204 1146 4246 motus
1172 4194 1448 4246 naturales
1487 4192 1691 4246 faciunt
1716 4211 1728 4245 :
1753 4194 1847 4248 sed

274 4287 579 4341 peccatum.
627 4278 692 4329 de
734 4292 843 4344 quo
915 4276 1080 4330 David
1140 4277 1353 4330 dicebat
1390 4293 1401 4328 :
1440 4276 1572 4329 Ecce
1625 4276 1762 4329 enim
1795 4277 1849 4328 in

273 4367 638 4434 iniquitatibus
703 4381 974 4437 conreptus
1027 4387 1161 4433 sum,
1191 4379 1238 4421 et
1296 4369 1352 4420 in
1391 4368 1593 4421 delictis
1655 4369 1848 4436 peperit

277 4473 356 4509 me
412 4471 578 4511 ηιίιιρι·
610 4478 720 4514 mea
763 4463 828 4512 τι.
872 4463 988 4516 Non
1031 4477 1142 4516 sua:
1198 4463 1387 4516 matris
1433 4470 1714 4530 peccatum
1755 4459 1854 4513 ali-

450 4660 456 4665 -
491 4660 534 4668 -
585 4661 1202 4671 --_——__._.—_.————_v

1391 426 1469 485 IN
1510 424 1946 485 LEVITICUM-
1986 448 2055 460 —
2088 427 2234 487 LIB.
2277 428 2373 488 IV.

272 552 417 605 enim
468 556 524 601 et
571 544 740 599 Adam
803 541 1258 600 maledictioncm,
1321 539 1372 592 in
1405 541 1602 593 sudore
1649 541 1832 594 vultus
1868 548 1909 601 Α
1938 539 2079 608 quod
2117 555 2408 602 accusans,
2469 540 2563 594 sed
2615 551 2840 594 matrem

3425 429 3537 492 926

2930 551 3180 597 naturam
3249 544 3486 614 appellat
3509 559 3524 597 τ

1949 629 2343 683 immunditiam
2391 627 2592 698 peccati
2634 629 2761 682 Ada:
2791 637 2843 681 et
2879 628 3004 682 Εγιυ
3051 629 3104 682 in
3149 644 3311 682 omne
3355 644 3528 697 genus

1951 729 2194 774 nostrum
2221 720 2564 775 descendisse
2581 719 2908 788 siguiticans.
2929 720 2991 773 Et
3022 731 3309 790 propterea
3349 735 3527 789 quan-

1952 811 2020 863 do
2077 812 2326 879 completi
2359 811 2578 864 fuerunt
2606 811 2722 864 dies
2767 810 3175 880 puriﬁcationis,
3229 810 3531 865 secundum

1955 901 2268 970 pnedictuni
2311 903 2550 965 modum,
2611 901 2934 957 sacriﬁcium
2993 919 3092 972 pro
3114 914 3336 972 peccato
3375 902 3533 970 jubet

1954 993 2155 1045 μίξει-τί.
2186 991 2322 1057 Quia
2372 1002 2426 1046 ct
2467 1007 2666 1063 agnum
2705 993 3019 1046 anniculum
3067 993 3120 1046 in
3155 991 3530 1046 holocaustum

1957 1092 2085 1137 tunc
2124 1083 2385 1136 immolari
2444 1083 2718 1152 praecepit,
2772 1083 3056 1138 evidenter
3091 1083 3220 1137 illud
3269 1083 3531 1146 ostendat,

1955 1185 2007 1227 et
2035 1175 2297 1245 approbat
2328 1175 2714 1241 consideranti,
2776 1176 2901 1247 quia
2963 1174 3054 1230 Dei
3121 1175 3296 1246 imago
3351 1175 3533 1246 perfe-

1956 1269 2188 1320 iziioacni
2236 1266 2420 1333 generi
2459 1277 2645 1321 nostro
2703 1269 2909 1323 tribuit.
2966 1266 3101 1322 Nam
3155 1266 3542 1320 formationem.

1956 1359 2172 1424 qazdem
2205 1358 2320 1412 dies
2357 1359 2652 1413 ostendunt
2704 1360 3091 1426 mandatiouis,
3144 1358 3533 1430 perfectionem

1957 1459 2136 1502 autem
2183 1450 2502 1504 sacriﬁcium
2548 1451 3243 1506 boiocausti.Manifestum
3263 1459 3345 1504 est
3362 1451 3533 1517 enim,

1959 1545 2081 1610 quia
2112 1543 2372 1612 integram
2408 1552 2461 1596 et
2497 1544 2790 1612 perfectam
2819 1543 3290 1599 conversationem
3317 1541 3534 1597 denun-

1962 1637 2053 1686 tla'.
2083 1635 2471 1687 ξιυιυωυδῑυειι.
2519 1634 2622 1687 Sed
2667 1645 2722 1687 c1.
2765 1651 2958 1705 agnum
2991 1633 3300 1688 anniculum
3345 1634 3535 1686 imma-

1959 1729 2198 1780 culatum
2243 1727 2506 1781 sacriﬁcio
2545 1728 2842 1797 deputavit,
2873 1745 2935 1782 ex
2963 1738 3191 1798 utroque
3240 1730 3535 1798 desrgnans

1962 1818 2531 1886 perfectionem.Quid
2562 1819 2708 1873 enim
2771 1827 2854 1872 est
2921 1835 3138 1888 agnum,
3195 1829 3286 1874 aut
3331 1820 3534 1887 aliquid

1955 1911 2059 1964 tale
2117 1911 2263 1966 aliud
2325 1912 2378 1964 in
2446 1911 2732 1973 sacriﬁcio,
2800 1912 2938 1965 forte
2982 1927 3090 1964 noti
3164 1910 3533 1966 invenientem

1957 2005 2285 2066 coimnbam,
2323 2012 2418 2057 aut
2459 2011 2750 2067 turturem,
2784 2005 3005 2068 (:ﬂ'erre,
3033 2011 3087 2057 ct
3112 2004 3289 2058 curati
3330 2003 3531 2057 ostium

1959 2101 2282 2154 tabernaculi
2321 2099 2638 2165 testimonii,
2689 2100 2754 2154 ad
2801 2102 3136 2155 sacerdotem
3205 2101 3528 2155 sacriﬁcium

1954 2197 2190 2258 ducitur,
2231 2206 2285 2250 et
2318 2196 2588 2266 quomodo
2632 2203 2758 2248 ante
2785 2194 3073 2248 Dominum
3117 2192 3366 2254 offertur.
3393 2212 3531 2262 quo-

1955 2289 2115 2341 modo
2148 2287 2313 2341 etiam
2366 2285 2680 2357 propitiatio
2731 2301 2826 2354 per
2863 2285 3196 2339 sacerdotem
3257 2284 3533 2338 obtinctur

1953 2379 2233 2448 etagltur,
2300 2377 2352 2430 in
2418 2377 2606 2430 multis
2658 2375 2942 2430 sacrificiis
2999 2375 3206 2431 dictum
3265 2383 3368 2442 est,
3413 2391 3534 2444 qua:

1956 2486 2053 2539 pro
2130 2469 2365 2538 peccatis
2423 2469 2743 2523 offeruntur.
2805 2467 2911 2522 Sed
2989 2467 3075 2521 hic
3137 2477 3358 2538 propter
3432 2468 3536 2521 hoc

1955 2561 2171 2615 interim
2234 2561 2554 2631 legis-latoris
2617 2560 2937 2629 sapientiam
2990 2559 3346 2630 obstupesce,
3407 2559 3533 2627 quia

1953 2654 2172 2707 evenire
2250 2661 2464 2723 poterat
2533 2661 2591 2706 ut
2663 2653 2945 2706 studentes
3005 2652 3175 2722 legem
3247 2651 3531 2705 dicerent:

1953 2741 2110 2808 Quali
2145 2741 2528 2810 deprecatione
2562 2741 2779 2812 pariens
2820 2739 3078 2794 infantem
3109 2754 3246 2808 Opus
3278 2738 3533 2800 habebat,

1954 2851 2074 2904 quas
2118 2836 2229 2902 ipsa
2261 2851 2368 2890 non
2403 2833 2680 2904 peccavit?
2714 2848 2820 2888 non
2853 2832 2996 2886 enim
3041 2848 3105 2885 ex
3156 2831 3533 2896 fornicatione,

1956 2930 2048 2984 sed
2091 2930 2156 2984 de
2207 2929 2408 2998 nuptiis
2429 2926 2722 3000 generavit.
2767 2925 3110 2995 Interpretari
3157 2924 3534 2979 necessitatem

1956 3027 2116 3097 hujus
2157 3025 2553 3096 deprecationis
2598 3023 2802 3085 volens,
2854 3022 3104 3076 addidit:

2025 3119 2093 3172 Et
2120 3117 2386 3171 mundabt't
2417 3133 2532 3170 eam
2574 3133 2604 3168 a
2657 3113 3201 3184 proﬂuviosanguiuis
3245 3113 3350 3167 sui.
3393 3110 3534 3165 Pro-

1955 3210 2179 3264 ﬂuvium
2251 3208 2548 3279 sanguinis,
2599 3206 3020 3260 inolietlientiam
3099 3205 3284 3258 dicens
3325 3223 3338 3258 :
3389 3203 3536 3257 unde

1957 3299 2312 3359 immunditia.
2365 3308 2422 3353 et
2477 3314 2632 3366 pinna
2679 3297 2797 3366 ejus
2867 3297 2920 3350 in
2969 3305 3142 3350 totum
3209 3310 3379 3365 genus
3432 3295 3536 3347 bu-

1956 3409 2173 3446 manum
2213 3391 2389 3454 fluxit,
2427 3406 2588 3460 quam
2619 3399 2674 3444 et
2720 3405 2820 3442 nos
2875 3390 3229 3458 depormmus,
3273 3387 3534 3442 sacriﬁcia

1953 3501 2051 3555 pro
2086 3485 2240 3539 nobis
2271 3500 2391 3554 qua:
2446 3484 2586 3538 dicta
2626 3491 2769 3545 sunt,
2799 3481 3088 3536 oﬂ‘ereates
3119 3500 3130 3534 :
3168 3481 3305 3535 duos
3357 3487 3536 3533 turtu-

1951 3594 2039 3631 res
2074 3586 2167 3630 aut
2221 3578 2356 3630 duos
2386 3575 2559 3644 pullos
2605 3575 3002 3638 columbarum,
3042 3573 3175 3644 legis
3228 3571 3535 3626 meditatio-

1956 3684 2082 3723 nem
2122 3667 2766 3736 contemplationemque,
2828 3675 2882 3720 et
2923 3665 3228 3729 scientiam,
3278 3663 3390 3717 sive
3443 3679 3536 3717 co-

1957 3761 2254 3832 gnitionem
2286 3779 2299 3813 :
2331 3761 2522 3811 borum
2567 3757 2711 3810 enim
2762 3757 2962 3811 habere
3002 3754 3227 3825 ﬁguram
3279 3752 3534 3822 pra-dicta

1957 3851 2206 3905 animalia
2241 3851 2666 3904 demonstratum
2695 3858 2797 3902 est.
2832 3847 2968 3913 Quia
2998 3856 3179 3901 autem
3209 3845 3533 3915 negligentia

1956 3943 2090 4013 legis
2142 3941 2535 3994 immunditiam
2573 3939 2881 3994 horninibus
2915 3935 3234 3998 introduxit,
3257 3933 3535 3989 meditatio

1957 4045 2012 4087 et
2051 4032 2278 4087 scicntia
2330 4047 2428 4100 per
2458 4047 2618 4100 quam
2647 4028 2932 4083 manifeste
2952 4025 3224 4082 correctio
3257 4024 3530 4093 provenit,

1953 4123 2214 4178 mundare
2262 4123 2597 4188 liberareque
2648 4135 2747 4173 nos
2808 4117 2877 4192 ab
2927 4117 3070 4170 illata
3117 4115 3323 4184 pridem
3373 4129 3533 4183 paena

1955 4215 2170 4285 poterit,
2221 4213 2274 4267 in
2298 4212 2514 4268 Christo
2545 4212 2671 4267 Iesu
2704 4210 2929 4265 Domino
2967 4207 3178 4270 nostro,
3242 4221 3336 4276 per
3369 4220 3537 4276 quem

1952 4319 2005 4360 et
2037 4323 2160 4361 cum
2197 4322 2304 4375 quo
2333 4305 2500 4375 gloria
2533 4302 2701 4368 Patri,
2729 4311 2785 4356 et
2835 4301 2990 4367 Filio,
3021 4298 3320 4370 etSpiritui
3342 4306 3539 4352 sancto

1957 4397 2010 4450 in
2045 4398 2237 4451 saseula
2282 4395 2625 4451 smculorum.
2682 4395 2876 4447 Amen.

1580 4658 2228 4685 #3.
2259 4648 3483 4671 ---υ-..μω

1375 4851 1730 4938 LIBER
1837 4850 2416 4956 QUARTUS.

857 5215 1276 5275 I'R/EFATIO.

349 5318 815 5384 importunitatem
864 5313 976 5366 ﬁeri
1017 5315 1256 5383 plerique
1328 5314 1714 5368 festivi.atibus
1741 5331 1843 5385 pu-

278 5420 415 5472 tant,
467 5407 559 5460 sed
597 5407 847 5460 nesciunt
885 5409 1029 5474 quod
1060 5422 1288 5472 smnme,
1314 5408 1428 5460 sive
1471 5406 1711 5474 capitulo
1768 5405 1848 5459 fe—

275 5496 536 5550 stivitatis
585 5495 945 5559 imidcant,rt
985 5496 1051 5550 ad
1082 5495 1351 5551 deteriora
1377 5496 1698 5550 festivitates
1737 5504 1849 5550 tra-

275 5586 451 5639 hunt:
487 5601 592 5636 non
630 5582 810 5636 animo
833 5583 1051 5652 quippe,
1087 5586 1179 5638 sed
1218 5600 1442 5654 corpore
1477 5585 1694 5639 student
1720 5583 1855 5638 festa

278 5673 587 5729 celebrare:
625 5676 763 5729 unde
805 5692 910 5728 non
953 5675 1286 5748 negligenter
1323 5694 1382 5734 ea
1434 5679 1631 5741 dicere,
1677 5679 1768 5732 sed
1793 5695 1856 5731 ex

355 5874 396 5904 πθ
431 5880 565 5929 (ιω.
600 5896 676 5932 tu.
720 5879 795 5932 ib.
899 5883 936 5909 *‘
973 5880 1105 5933 l’sal.
1140 5894 1188 5934 λ..
1217 5879 1267 5931 'i.

1878 5219 1919 5273 υ
1949 5232 2111 5284 opere
2170 5216 2446 5270 festinant.
2490 5211 2603 5265 lIoc
2644 5212 2803 5264 etiam
2853 5219 3151 5280 patiuntur,
3197 5212 3290 5279 qui
3343 5211 3536 5279 ianuas

1950 5310 2003 5362 in
2049 5309 2137 5362 die
2173 5310 2483 5375 nuptiarum
2547 5303 2856 5356 cantoribus
2903 5319 2992 5356 aut
3035 5301 3347 5357 citbarwdis
3387 5301 3536 5354 clau-

1954 5407 2162 5462 serunt,
2226 5398 2316 5465 qui
2377 5395 2590 5464 plausu,
2642 5404 2692 5446 et
2738 5408 3063 5463 organorum
3106 5403 3292 5457 cantu,
3325 5391 3537 5459 lampa-

1955 5489 2218 5556 dibusque
2252 5488 2585 5557 nuptialibus
2645 5486 2898 5538 destituta
2952 5483 3222 5552 sponsalia
3280 5494 3534 5552 carpenta

1960 5581 2308 5648 praemittunt,
2381 5580 2578 5648 quique
2653 5593 2710 5630 se
2759 5576 2965 5630 anticus
3032 5575 3218 5644 sponsi
3267 5575 3533 5638 dicentes,

1963 5675 2213 5732 cursibus
2255 5676 2439 5741 sacris,
2475 5687 2527 5729 et
2553 5674 2713 5739 tubis,
2767 5674 2910 5727 cultu
2941 5674 3261 5727 festivitates
3296 5672 3535 5741 privant,

3097 5885 3128 5926 κ
