4218 6450
216 412 316 471 999

1337 407 1417 468 IN
1457 405 1892 468 LEVlTlCUM.
1931 429 1993 440 -
2028 404 2175 464 LIB.
2221 403 2317 463 IV.

3364 395 3467 458 930

214 521 336 584 quiia
360 520 641 591 perspicue
666 520 1004 575 immunditia
1040 531 1139 576 est.
1172 520 1266 574 Sin
1291 530 1471 575 autem
1495 518 1788 574 emeruerit
1823 523 1859 575 Α
1892 515 2155 586 pluribus,
2181 514 2276 569 sed
2296 511 2457 566 etiam
2481 511 2702 563 omnino
2724 508 2789 561 ad
2815 506 3313 577 interpretationem
3339 521 3466 561 cau-

214 615 524 668 discurrens
548 616 692 683 lepra
728 615 778 667 in
798 624 938 679 cute,
968 624 1023 669 et
1044 614 1314 683 operuerit
1329 627 1545 683 omnem
1571 627 1789 665 Carnem

215 722 242 759 a
292 707 468 776 capite
507 723 677 777 usque
726 708 792 761 ad
840 710 1040 776 pedes,
1094 707 1358 777 quidquid
1411 706 1512 759 sub
1570 717 1790 774 aspectu

214 798 489 852 oculorum
517 799 680 863 cadit,
712 799 1075 855 considerabit
1100 815 1223 853 eum
1252 799 1521 862 sacerdos,
1551 807 1604 851 et
1621 798 1790 851 teneri

216 888 363 958 lepra
392 891 747 944 mundissima
767 892 1051 961 judicabit,
1078 907 1144 945 eo
1173 891 1318 960 quod
1363 892 1540 945 omnis
1578 891 1631 944 in
1664 906 1793 944 can-

215 981 400 1034 dorem
428 997 582 1035 versa
614 983 704 1045 sit,
732 992 787 1036 et
809 982 1009 1037 idcirco
1031 984 1194 1037 homo
1211 984 1443 1037 mundus
1462 982 1585 1036 erit.
1611 982 1794 1047 Quan-

216 1073 285 1124 do
308 1089 437 1128 vero
465 1090 592 1129 caro
611 1076 870 1129 vivensin
897 1092 959 1130 ea
982 1077 1314 1146 apparuerit,
1342 1085 1470 1130 tunc
1499 1075 1795 1130 sacerdotis

212 1165 420 1230 judicio
465 1167 757 1235 polluetur,
805 1178 859 1221 ct
884 1170 1025 1222 inter
1070 1169 1379 1223 immundos
1433 1170 1793 1238 reputabitur;

217 1271 344 1311 caro
378 1257 524 1311 enim
556 1259 699 1324 viva,
735 1260 779 1313 si
811 1260 956 1327 lepra
993 1270 1329 1330 aspergatur,
1374 1261 1651 1314 immunda
1690 1269 1790 1314 est.

216 1346 370 1412 Quod
396 1349 441 1402 si
465 1365 680 1403 rursum
721 1365 875 1404 versa
912 1351 1077 1404 fuerit
1133 1352 1189 1405 in
1236 1351 1499 1415 alhorem,
1540 1361 1596 1404 et
1624 1360 1796 1405 totum

221 1440 493 1493 hominem
532 1442 827 1510 operuerit,
863 1444 1228 1497 considerabit
1267 1459 1391 1496 eum
1430 1445 1701 1505 sacerdos,
1742 1452 1798 1496 et

220 1531 481 1584 mundum
514 1546 635 1584 esse
676 1532 954 1587 decernet.
983 1554 996 1583 ι

290 1620 418 1672 Item
446 1620 744 1696 secundum
780 1620 1131 1693 Septuaginta
1167 1633 1407 1678 textum:

296 1728 312 1758 ι
386 1708 453 1761 Et
496 1708 708 1762 locutus
742 1717 825 1763 est
866 1708 1127 1763 Dominus
1182 1711 1249 1765 ad
1286 1710 1499 1779 Moysen
1538 1723 1593 1765 et
1620 1711 1797 1764 Aaron

222 1802 406 1854 dicens
440 1819 451 1854 :
481 1800 692 1855 llomini
727 1801 813 1854 cui
836 1801 976 1855 facta
1000 1802 1161 1857 fuerit
1188 1803 1241 1856 in
1284 1804 1532 1873 pellicula
1554 1805 1799 1872 corporis

1895 610 1962 663 tis
1991 624 2191 681 egens:
2232 622 2391 677 quam
2421 619 2528 659 non
2552 614 2727 657 tamen
2759 612 2920 655 totam
2951 601 3107 654 nobis
3132 600 3197 653 ad
3222 598 3467 653 ‘medium

1896 701 2118 754 deduxit
2158 701 2339 761 lectio,
2380 699 2474 751 sed
2513 708 2667 765 prout
2701 696 2917 748 auditus
2947 693 3269 760 suscipiens,
3295 707 3469 760 quan-

1898 799 2009 844 tum
2046 791 2300 850 habeant,
2346 798 2400 841 ct
2424 788 2629 854 reliqua
2678 785 2918 839 veritatis
2947 782 3184 849 conjicit,
3213 792 3267 835 et
3291 783 3357 835 ad
3384 797 3469 835 sc—

1896 881 2190 948 metipsum
2217 878 2419 948 colligit
2443 886 2701 931 mentem.
2736 876 2922 943 Neque
2949 874 3095 927 enim
3132 888 3291 939 parra
3322 887 3469 940 qua!-

1897 965 2302 1019 lihetdiscenda
2335 975 2479 1027 sunt,
2516 963 2608 1016 sed
2656 977 2884 1030 quorum
2924 976 2951 1010 a
2982 959 3089 1012 Deo
3116 959 3471 1027 praestolauda

1897 1060 1969 1113 sit
1996 1059 2242 1121 scientia,
2278 1058 2370 1127 qui
2394 1056 2595 1110 nullius
2629 1055 2821 1107 horum
2860 1051 3499 1120 im'idetcoguitionem,.
3586 1114 3597 1128 _

1897 1161 1952 1205 et
1987 1151 2080 1220 qui
2111 1166 2287 1217 neque
2318 1165 2404 1212 ea,
2430 1164 2548 1216 qua:
2585 1146 2807 1215 petitur,
2842 1143 3065 1212 indiget.
3092 1141 3205 1195 lloc
3236 1141 3378 1194 enim
3398 1140 3474 1194 ait

1896 1242 2132 1296 Iacobus
2169 1242 2238 1306 ⁷³,
2280 1241 2372 1310 qui
2413 1240 2622 1293 Domini
2675 1240 2841 1292 frater
2878 1245 2962 1289 est
3013 1235 3333 1305 appellatus,
3374 1235 3473 1287 iui-

1899 1330 2236 1400 properantis
2267 1344 2388 1383 esse
2420 1329 2718 1397 proprium,
2754 1336 2975 1394 propter
3021 1324 3163 1392 quod
3202 1323 3256 1376 in
3299 1323 3473 1391 ipsum

1898 1423 2233 1477 conﬁdentes
2263 1462 2277 1483 ,
2316 1421 2585 1487 simulque
2627 1419 2681 1471 in
2716 1418 2893 1480 nobis;
2936 1416 3084 1469 dabit
3112 1414 3255 1467 enim
3278 1413 3332 1465 in
3370 1414 3472 1476 his,

1897 1531 2017 1584 qua:
2068 1514 2296 1568 dicenda
2340 1521 2486 1575 sunt,
2532 1511 2781 1581 gratiam.
2832 1505 3339 1577 Interpri-tationcut
3394 1503 3472 1554 in-

1899 1605 2452 1661 choemus.Ostendit
2471 1604 2616 1657 enim
2643 1618 2846 1659 sermo.
2876 1617 2942 1655 ex
2968 1610 3119 1669 parte
3151 1598 3371 1667 quidem
3401 1596 3485 1650 lc-

1903 1715 2121 1769 prosum
2151 1696 2398 1752 Judaeum
2432 1697 2713 1766 populum,
2756 1705 2943 1762 utpote
2992 1693 3045 1746 in
3096 1701 3249 1761 parte
3296 1699 3481 1743 trans-

1901 1807 2205 1861 gressorem
2238 1792 2390 1862 legis,
2431 1799 2654 1861 propter
2674 1788 2817 1859 quod
2835 1802 2961 1841 eum
2981 1785 3254 1849 sacerdos,
3279 1792 3339 1837 ut
3376 1783 3479 1835 im-

220 1896 339 1963 ejus
366 1895 589 1949 cicatrix
632 1894 1077 1964 signiﬁcationis,
1128 1895 1440 1966 τηλαυγὴς.
1481 1905 1577 1949 aut
1622 1894 1794 1963 αὖγα-
1830 1887 1870 1940 Β
1902 1885 2186 1946 mundum,
2220 1882 2445 1952 expellit
2481 1900 2492 1933 :
2538 1891 2649 1935 toto
2678 1889 2859 1934 autem
2904 1892 3135 1946 corpore
3182 1876 3480 1944 leprosum,

220 1999 353 2051 σμα,
380 1993 435 2037 et
472 1982 610 2037 facta
638 1983 802 2037 fuerit
832 1986 885 2037 in
926 1984 1174 2053 pellicula
1216 1986 1459 2055 corporis
1498 1986 1617 2054 ejus
1650 1988 1799 2041 cica-

219 2074 322 2127 trix
367 2075 435 2129 ad
486 2076 755 2130 maculam
832 2077 1013 2146 lepra),
1085 2088 1138 2131 et
1210 2081 1421 2133 venerit
1489 2080 1555 2133 ad
1613 2083 1794 2133 Aaron

224 2166 597 2233 sacerdotem,
673 2176 767 2221 aut
826 2186 992 2223 unum
1075 2172 1307 2225 ﬁliorum
1356 2174 1475 2240 ejus
1541 2173 1793 2225 sacerdo-

222 2268 351 2321 tem,
383 2266 437 2310 et
463 2258 656 2311 viderit
682 2261 933 2313 sacerdos
982 2262 1246 2315 maculam
1304 2262 1356 2315 in
1401 2262 1648 2331 pellicula
1677 2279 1798 2317 cor-

220 2353 387 2421 poris,
446 2362 499 2408 ct
552 2354 720 2424 pilum
768 2357 823 2409 in
862 2359 1068 2412 macula
1122 2361 1412 2413 mutaverit
1467 2360 1671 2422 album,
1744 2368 1800 2414 et

221 2454 474 2514 aspectus
526 2448 754 2502 macula:
801 2449 1058 2503 humilior
1115 2466 1146 2504 a
1198 2451 1451 2520 pellicula
1526 2451 1794 2521 corporis,

221 2536 431 2589 macula
466 2537 613 2606 lepra
647 2546 766 2591 est:
801 2548 856 2592 et
902 2538 1106 2593 videbit
1144 2541 1418 2604 sacerdos,
1460 2550 1514 2595 et
1534 2541 1800 2595 contami-

223 2627 375 2681 nabit
403 2642 550 2681 eum.
582 2628 635 2682 Si
659 2638 839 2683 autem
880 2630 1142 2700 αὖγασμα
1172 2633 1351 2686 album
1382 2633 1547 2688 fuerit
1594 2635 1647 2687 in
1688 2634 1803 2703 pel-

223 2714 381 2770 licula
410 2718 654 2785 corporis
689 2719 826 2787 ejus,
858 2728 913 2773 et
938 2720 1193 2775 humilior
1218 2737 1329 2775 non
1362 2722 1525 2776 luerit
1552 2735 1804 2793 aspectus

224 2807 342 2873 ejus
358 2823 387 2861 a
404 2808 670 2877 pellicula,
695 2819 748 2865 et
765 2810 905 2880 pilus
931 2813 1049 2881 ejus
1070 2830 1175 2866 non
1195 2826 1558 2871 commutatus
1570 2817 1733 2871 fuerit
1750 2816 1804 2869 in

224 2897 405 2951 album
431 2898 620 2968 pilum,
654 2901 767 2970 ipsa
798 2913 875 2955 est
910 2904 1161 2956 obseura.
1189 2903 1250 2957 Et
1266 2906 1805 2973 separabitsacerdos

225 2990 491 3043 maculam
515 2998 722 3061 septem
753 2993 965 3052 diebus,
999 3004 1053 3047 et
1074 2995 1272 3049 videbit
1300 2998 1551 3052 sacerdos
1582 3000 1808 3066 septima

227 3080 337 3144 die,
366 3091 420 3135 et
447 3097 576 3136 ecce
612 3084 823 3138 macula
857 3095 1138 3153 permanet
1171 3096 1359 3141 contra
1404 3104 1552 3155 eum,
1582 3104 1686 3143 non
1712 3089 1805 3144 de-

229 3175 375 3227 cidet
398 3175 606 3228 macula
649 3176 701 3227 iu
736 3176 1004 3243 pellicula.
1036 3179 1096 3230 Et
1118 3179 1529 3247 separabitcum
1562 3183 1810 3235 sacerdos

1901 1976 2176 2043 gentilem,
2208 1975 2301 2042 qui
2333 1982 2500 2026 totam
2550 1970 2942 2041 transgreditur
2967 1969 3163 2039 legem.
3197 1964 3483 2031 Verumta-

1903 2081 2025 2118 men
2055 2064 2318 2118 mundum
2349 2079 2474 2117 eum
2498 2063 2752 2117 sacerdos
2785 2061 3012 2131 judicat,
3043 2059 3168 2129 quia
3198 2058 3329 2127 legis
3351 2056 3484 2125 jugo

1903 2159 2179 2227 subjectus
2199 2172 2309 2209 non
2333 2155 2457 2209 fuit.
2486 2154 2708 2223 Oportet
2724 2164 2923 2216 autent,
2942 2161 3001 2207 ut
3031 2162 3212 2206 tamen
3230 2151 3484 2223 arbitror,

1904 2251 2056 2320 prius
2074 2251 2267 2305 littera:
2289 2250 2579 2303 decurrere
2598 2246 3017 2315 expositionem.
3050 2245 3140 2299 Sic
3155 2244 3301 2298 enim
3322 2243 3485 2312 spiri-

1908 2346 2069 2405 talem
2107 2344 2438 2400 intellectum
2478 2343 2620 2396 ultro
2648 2341 2999 2409 semetipsum
3029 2340 3364 2409 ingerentem
3397 2352 3486 2390 re-

1906 2439 2181 2507 periemus
2205 2454 2218 2490 :
2238 2436 2525 2491 deﬁciente
2548 2434 2690 2488 circa
2711 2449 2921 2498 causas,
2947 2441 3002 2485 et
3039 2447 3212 2499 usque
3233 2431 3299 2485 ad
3326 2430 3487 2483 ﬁnem

1908 2516 2132 2585 sensum
2168 2516 2333 2583 suum'
2371 2541 2624 2581 exserere
2652 2540 2761 2579 non
2785 2525 2999 2577 valente
3030 2523 3232 2583 littera,
3259 2521 3400 2575 sicut
3432 2519 3489 2573 in

1908 2620 2164 2690 praesenti
2189 2619 2590 2689 cognoscimus.
2627 2617 2733 2671 Sed
2762 2616 2997 2685 primum
3034 2614 3156 2683 quis
3196 2612 3267 2667 sit
3289 2611 3380 2681 qui
3406 2611 3487 2665 le-

1910 2728 2031 2782 gem
2057 2711 2181 2775 fert,
2207 2721 2263 2765 et
2284 2711 2350 2765 ad
2372 2725 2533 2779 quem
2561 2707 2818 2778 proferat.
2849 2706 3209 2761 attendamus.

1983 2806 2208 2859 Locutus
2226 2813 2299 2857 est
2320 2803 2576 2855 Dominus
2615 2802 2684 2853 ad
2705 2799 2920 2867 illuysen
2942 2808 2989 2852 ct
3029 2798 3225 2852 Aaron.
3259 2797 3491 2863 Quando

1913 2894 2151 2962 loquitur
2175 2895 2334 2954 Deus,
2355 2890 2555 2958 duplex
2579 2897 2663 2942 est
2688 2887 2861 2941 ﬁdelis
2887 2887 3123 2941 auditus.
3154 2887 3295 2941 sicut
3326 2886 3494 2940 David

1914 2986 2177 3055 propheta
2205 2987 2283 3037 ait
2311 3002 2324 3036 :
2352 2980 2524 3036 Semel
2552 2982 2751 3034 locutus
2781 2988 2852 3032 est
2887 2980 3040 3040 Deus,
3070 2980 3172 3031 duo
3199 2979 3307 3030 haec
3334 2979 3496 3031 audi-

1914 3080 1964 3133 υἱ
1991 3079 2056 3143 ⁷⁸,
2110 3077 2345 3131 litteram
2374 3076 2641 3133 videlicet.
2675 3082 2730 3127 et
2756 3072 3021 3141 spiritum.
3063 3069 3200 3140 Ergo
3244 3071 3495 3140 spiritus,

1920 3181 1978 3225 ut
2015 3169 2315 3225 sublimiori
2362 3168 2571 3237 Moysi:
2626 3167 2856 3219 litteram
2898 3171 3109 3226 autem,
3144 3171 3201 3215 ut
3252 3162 3497 3230 suhjccto

231 3274 436 3333 septem
462 3266 654 3321 diebus
685 3266 945 3327 secu‘ndo,
966 3277 1019 3320 et
1051 3270 1252 3322 videbit
1289 3272 1543 3325 sacerdos
1583 3276 1810 3341 septima
1842 3280 1884 3337 (ζ
1923 3267 2096 3317 Aaron
2129 3263 2386 3330 loquitur;
2415 3260 2539 3329 quia
2582 3258 2725 3311 enim
2776 3255 3023 3310 sublimis
3050 3264 3166 3308 erat
3195 3254 3419 3322 Moyses,
3444 3262 3501 3307 et

235 3356 316 3408 die
369 3362 629 3416 secundo,
688 3366 741 3409 et
774 3371 900 3410 ecce
953 3358 1180 3414 obscura
1234 3361 1439 3413 macula
1491 3362 1653 3430 lepra:
1708 3378 1815 3415 non

232 3447 433 3502 decidit
468 3450 519 3502 in
556 3449 826 3517 pellicula.
848 3448 911 3502 Et
959 3450 1241 3505 mundabit
1275 3468 1399 3505 eum
1426 3454 1712 3515 sacerdos,
1744 3454 1815 3508 si-

232 3540 509 3608 gniﬁcatio
537 3541 683 3592 enim
710 3552 814 3604 est,
844 3551 895 3595 et
925 3540 1116 3596 lavans
1143 3543 1465 3595 vestimenta
1490 3544 1628 3610 ejus,
1647 3558 1817 3602 ,mun-

234 3636 335 3685 dus
356 3634 479 3685 erit.
516 3632 568 3684 Si
593 3642 772 3685 autem
823 3645 1157 3689 commutata
1187 3621 1390 3689 decidit
1413 3634 1733 3705 signiﬁcatio
1762 3636 1816 3688 in

234 3724 504 3792 pellicula,
541 3734 826 3793 postquam
851 3725 1047 3779 viderit
1075 3743 1201 3780 eum
1234 3728 1507 3790 sacerdos,
1539 3735 1594 3780 ut
1627 3743 1817 3781 emun~

233 3814 325 3867 det
363 3815 533 3881 illum,
566 3816 911 3870 etvidebitur
948 3818 1188 3871 secundo
1222 3818 1509 3881 sacerdoti,
1539 3827 1592 3871 et
1620 3818 1821 3872 videbit

236 3908 509 3970 sacerdos,
543 3916 740 3962 etccce
761 3909 1294 3979 deciditsigniﬁcatio
1325 3912 1376 3963 in
1410 3911 1569 3979 pelle,
1601 3918 1655 3963 et
1687 3925 1818 3963 con-

238 4000 519 4053 taminabit
547 4014 670 4053 eum
702 4001 971 4064 sacerdos,
1011 4000 1157 4070 lepra
1191 4012 1295 4056 est.
1323 4002 1389 4055 Et
1419 4001 1628 4055 macula
1657 4002 1818 4070 lepra:

236 4092 278 4142 si
312 4089 475 4144 fuerit
513 4090 581 4144 ad
604 4094 782 4145 Aaron
822 4092 1182 4158 sacerdotem,
1212 4103 1267 4147 et
1307 4094 1508 4148 videbit
1539 4095 1816 4157 sacerdos,

236 4192 293 4234 et
316 4197 445 4235 ecce
484 4181 711 4236 cicatrix
741 4182 861 4235 alba
885 4183 938 4235 in
969 4184 1129 4252 pelle,
1164 4192 1218 4237 et
1238 4183 1355 4239 haec
1384 4184 1612 4239 mutabit
1646 4185 1816 4253 pilum

235 4274 416 4328 album
467 4290 497 4327 a
547 4288 681 4327 sano
719 4275 901 4327 carnis
938 4275 1092 4329 virm.
1113 4275 1166 4329 Si
1207 4276 1634 4338 fueritcicatrix,
1668 4275 1818 4343 lepra

236 4370 537 4422 inveterata
594 4375 677 4420 est
728 4366 782 4420 in
825 4369 964 4437 pelle
1027 4370 1270 4440 corporis
1317 4370 1457 4438 ejus.
1510 4369 1578 4422 Et
1627 4378 1819 4421 conta-

236 4459 467 4513 ininabit
506 4472 631 4511 eum
669 4459 945 4520 sacerdos,
990 4469 1046 4513 et
1086 4459 1360 4529 separabit
1406 4475 1531 4514 eum
1576 4460 1668 4528 qui
1713 4460 1815 4512 im-

234 4552 476 4606 mundus
555 4559 656 4606 est.
725 4548 783 4607 Si
847 4561 1028 4606 autem
1103 4552 1304 4606 ﬂorens
1377 4550 1675 4605 ellloruerit
1756 4550 1810 4604 ln

1922 3365 2204 3424 pr0pterea
2229 3353 2423 3420 dignus
2449 3350 2642 3418 spiritu
2672 3365 2687 3402 :
2715 3348 2966 3401 subditus
2992 3356 3172 3400 autem
3214 3346 3414 3408 Aaron,
3444 3354 3502 3399 et

1922 3456 2081 3513 aptus
2104 3444 2308 3497 anditui
2340 3441 2541 3510 populi,
2562 3439 2769 3510 egentis
2794 3438 2993 3499 littera,
3014 3437 3131 3505 ipso
3157 3437 3266 3489 Deo
3282 3437 3502 3491 dicente

1920 3536 1985 3589 de
2017 3540 2189 3588 Aaron
2217 3534 2280 3588 ad
2314 3533 2525 3603 Moysen
2558 3550 2571 3584 :
2613 3531 2731 3599 Ipse
2755 3530 2998 3599 loquetur
3034 3530 3105 3582 ad
3141 3528 3412 3596 populum,
3441 3534 3491 3578 et

1920 3628 2028 3694 ipse
2044 3628 2143 3679 erit
2161 3643 2215 3679 os
2240 3637 2408 3686 tuum,
2428 3634 2484 3676 tu
2506 3634 2684 3676 autem
2707 3624 2751 3675 ei
2775 3623 2879 3674 eris
2901 3622 2954 3673 in
2980 3621 3079 3682 Itis,
3098 3636 3214 3690 qua:
3236 3621 3304 3673 ad
3334 3622 3500 3674 Deum

1920 3719 2175 3787 pertinent
2216 3718 2280 3770 ⁷⁸.
2318 3716 2454 3785 Ergo
2499 3714 2640 3783 quod
2666 3722 2782 3767 erat
2827 3712 2961 3781 legis
2988 3712 3264 3775 excelsus,
3301 3712 3404 3766 hoc
3428 3712 3499 3765 ad

1922 3812 2139 3881 Moysen
2168 3811 2471 3873 dicebatur,
2504 3809 2622 3877 ipse
2652 3806 2852 3875 quippe
2883 3805 3117 3857 habebat
3142 3818 3225 3865 ea,
3271 3819 3393 3871 qum
3432 3802 3499 3855 ad

1922 3902 2089 3956 Deum
2119 3901 2486 3970 pertinebant.
2511 3898 2562 3952 id
2591 3906 2695 3993 est,
2720 3912 2781 3949 ea
2799 3910 2921 3993 qua:
2941 3903 3070 3993 sunt
3084 3894 3327 3993 spiritus.
3346 3892 3502 3957 Quod

1921 4005 2098 4058 autem
2111 4002 2227 4047 erat
2251 3993 2577 4061 subjectum,
2603 3998 2654 4044 et
2676 3989 2954 4044 humilius.
2979 3988 3080 4042 hoc
3095 3988 3160 4041 ad
3180 3986 3504 4055 Aar'on,ipse

1920 4087 2067 4140 enim
2097 4083 2294 4155 Moysis
2319 4092 2438 4137 erat
2462 4098 2525 4138 os
2553 4083 2617 4136 ad
2664 4081 2948 4151 pupulum.
2987 4080 3158 4149 legem
3198 4080 3503 4133 secundum

1919 4180 2154 4234 litteram
2179 4176 2552 4246 accipientem,
2580 4189 2743 4243 quam
2769 4181 2823 4227 et
2850 4172 3075 4240 primam
3105 4186 3205 4225 nos
3232 4182 3505 4238 exponere

1920 4262 2292 4333 promisimus.
2320 4262 2505 4330 Lepra:
2525 4273 2654 4328 ergo
2670 4256 2899 4327 species,
2916 4264 3010 4308 aut
3032 4255 3194 4307 nimis
3208 4261 3301 4306 aut
3327 4254 3507 4307 mode-

1920 4364 2035 4410 rate
2063 4355 2292 4409 obscura
2319 4361 2421 4416 est,
2450 4362 2507 4406 et
2531 4349 2933 4420 quodammodo
2971 4346 3316 4406 obumbrata,
3341 4354 3397 4400 et
3423 4344 3507 4398 in-

1922 4449 2079 4503 terim
2107 4447 2318 4503 occulta
2353 4446 2455 4500 sub
2490 4444 2648 4513 pelle,
2686 4441 2919 4495 necdum
2954 4440 3347 4494 ell'ervescente
3384 4451 3507 4505 pas-

1922 4539 2093 4604 sione,
2108 4536 2459 4608 quamobrem
2478 4542 2533 4588 et
2551 4533 2717 4587 nimia
2737 4531 2943 4601 indiget
2961 4528 3373 4583 deliberatione.
3388 4526 3506 4580 Alia

232 4644 375 4711 pelle
420 4646 591 4715 lepra,
628 4657 684 4701 et
721 4646 997 4716 operuerit
1032 4659 1248 4698 omnem
1282 4643 1477 4712 pellem
1508 4642 1754 4705 maculae,
1784 4657 1814 4695 a

1918 4638 2100 4685 autem
2146 4629 2355 4699 species
2403 4627 2521 4695 ejus
2576 4633 2681 4686 est,
2741 4638 2865 4693 qua:
2922 4620 3086 4675 nimis
3134 4620 3280 4674 clara
3319 4627 3424 4683 est,
3451 4626 3508 4671 et

232 4738 415 4805 capite
443 4752 615 4808 usque
633 4739 701 4793 ad
740 4740 928 4809 pedes,
966 4752 1063 4807 per
1094 4745 1265 4790 totum
1296 4736 1470 4789 visum
1497 4734 1815 4798 sacerdotis,

236 4839 294 4884 et
316 4831 518 4885 videbit
556 4833 828 4895 sacerdos,
859 4840 915 4885 et
948 4845 1076 4885 ecce
1105 4827 1387 4897 c00peruit
1415 4826 1563 4894 lepra
1599 4840 1818 4879 omnem

238 4920 433 4987 pellem
473 4921 737 4990 corporis.
764 4921 825 4974 Et
846 4920 1126 4974 tnundabit
1157 4934 1282 4973 eum
1308 4917 1561 4971 sacerdos
1580 4932 1610 4970 a
1634 4930 1821 4969 macu-

236 5015 309 5076 la,
338 5011 463 5081 quia
499 5021 666 5066 totam
699 5014 1053 5067 commutavit
1082 5010 1137 5064 in
1174 5010 1320 5073 albo,
1354 5008 1591 5063 mundus
1621 5016 1723 5061 est.
1759 5008 1826 5061 Et

234 5119 564 5172 quacunque
592 5104 680 5158 die
708 5105 1023 5173 apparuerit
1050 5102 1102 5155 in
1130 5117 1196 5156 eo
1230 5116 1431 5170 corpus
1456 5100 1659 5162 vivum,
1691 5113 1825 5152 con-

240 5195 544 5249 taminahit.
609 5196 676 5249 Et
724 5196 929 5250 videbit
966 5194 1219 5248 sacerdos
1257 5208 1458 5261 corpus
1484 5206 1698 5252 sanum,
1725 5190 1826 5242 itu-

240 5288 476 5341 mundus
518 5297 625 5351 est,
671 5289 816 5357 lepra
840 5299 943 5341 est.
986 5284 1041 5340 Si
1089 5295 1270 5340 autem
1311 5286 1621 5338 restitutum
1662 5282 1828 5335 fuerit

236 5394 441 5448 corpus
474 5395 688 5443 sanum,
715 5388 771 5433 et
801 5387 1196 5434 commutatum
1239 5377 1402 5429 fuerit
1433 5377 1485 5429 in
1533 5375 1738 5435 album,
1773 5380 1828 5426 et

239 5473 429 5527 veniet
461 5474 526 5529 ad
577 5473 939 5537 sacerdotem,
983 5480 1039 5524 et
1057 5470 1261 5525 videbit
1301 5484 1425 5523 eum
1461 5467 1736 5527 sacerdos,
1767 5474 1822 5517 et

242 5578 373 5617 ecce
400 5572 730 5618 commutata
748 5572 833 5619 est
851 5564 1059 5617 macula
1078 5564 1199 5631 ejus
1226 5562 1281 5615 in
1310 5561 1510 5619 album,
1539 5555 1824 5611 mundabit

244 5657 500 5713 sacerdos
532 5658 820 5719 maculam,
852 5666 905 5711 et
935 5657 1170 5711 mundus
1201 5655 1324 5709 erit.
1368 5674 1383 5701 )

317 5748 591 5804 Profunda
616 5756 718 5811 est,
740 5748 876 5802 sicut
895 5747 1096 5809 cernis,
1118 5748 1223 5810 lex,
1247 5756 1426 5799 etnon
1454 5743 1626 5797 solum
1653 5742 1828 5794 verbis

318 5908 361 5938 "
387 5905 499 5961 Jac,
538 5925 573 5971 ι,
609 5908 658 5972 5,
692 5906 745 5960 6.
848 5906 891 5935 ⁷³
918 5903 1057 5959 Psal.
1084 5918 1191 5968 ιιι,
1231 5902 1312 5955 l2.

1920 4722 2079 4777 valde
2123 4719 2435 4790 perSpicua,
2480 4716 2553 4770 ita
2602 4724 2661 4770 ut
2711 4714 2940 4783 simplex
2969 4714 3059 4776 sit,
3103 4722 3158 4766 et
3196 4720 3384 4781 aperta
3413 4724 3506 4764 co-

1924 4815 2117 4886 gnitio.
2169 4811 2243 4866 Ex
2290 4812 2376 4865 his
2428 4811 2658 4879 primam
2712 4806 2953 4876 speciem
3005 4804 3363 4875 Septuaginta
3414 4817 3506 4857 se-

1926 4908 2165 4963 cundum
2228 4920 2368 4975 quos
2438 4917 2579 4974 pene
2639 4910 2786 4956 totus
2830 4900 2920 4954 hic
2958 4913 3157 4954 sensus
3200 4895 3505 4952 secundum

1930 5001 2164 5056 litteram
2201 4996 2512 5068 exponitur,
2557 4994 2866 5049 cicatricem
2909 4988 3326 5061 signiﬁcationis
3354 4997 3507 5042 recte

1926 5090 2356 5161 appellaverunt,
2394 5085 2447 5140 id
2487 5091 2594 5146 est,
2625 5081 2960 5145 cicatricem,
2996 5079 3306 5149 passionem
3337 5076 3508 5147 signi-

1928 5183 2200 5236 ﬁcantem.
2258 5178 2317 5232 ln
2365 5176 2503 5231 duas
2541 5181 2724 5228 autem
2774 5181 2961 5242 partes
3002 5172 3165 5235 hanc,
3214 5170 3267 5223 id
3319 5178 3422 5232 est,
3451 5167 3509 5223 in

1927 5276 2092 5331 nimis
2122 5269 2496 5331 dubitabilem,
2527 5276 2583 5322 et
2624 5267 2679 5320 in
2705 5268 2887 5321 minus
2915 5264 3271 5320 dubitandam
3302 5262 3509 5317 divise-

1930 5377 2075 5421 runt.
2122 5364 2201 5418 Ex
2242 5363 2443 5434 quibus
2479 5374 2644 5415 unam
2676 5358 2979 5441 τηᾈαυγὴν,
3014 5355 3175 5410 aliam
3203 5363 3387 5409 autem
3413 5366 3508 5421 ap-

1930 5461 2270 5530 pellaverunt
2322 5456 2582 5524 αὖγασμα
2603 5472 2616 5484 ο
2640 5452 2917 5520 τηλαυγὴν
2947 5449 3170 5520 quidem
3194 5489 3209 5513 ,
3266 5447 3391 5517 quia
3440 5445 3509 5499 de

1932 5555 2090 5622 longe
2112 5551 2358 5606 videatttr
2383 5566 2395 5601 :
2436 5546 2698 5615 αῠγασμα
2720 5558 2923 5608 autem,
2956 5540 3082 5611 quia
3123 5538 3285 5593 nimis
3312 5538 3510 5592 obscu-

1936 5662 1993 5700 ra
2023 5653 2126 5707 est,
2171 5656 2500 5713 parvamque
2545 5638 2710 5694 habet
2742 5635 3012 5706 passionis
3059 5628 3507 5693 insinuationem,

1940 5749 1993 5793 ct
2060 5739 2199 5791 hanc
2243 5734 2637 5794 dubitabilem,
2703 5740 2762 5784 ut
2834 5726 3061 5799 proximi
3122 5721 3511 5792 disceptatione

1416 5901 1462 5933 ⁷⁸
1525 5898 1691 5955 l'lxod.
1728 5913 1799 5957 tv,
1833 5896 1917 5949 16.
