4218 6450
256 463 360 525 933

1396 459 1469 515 IN
1519 452 1963 517 LEVITICUM.
1989 478 2058 489 -
2099 454 2244 514 LIB.
2287 455 2387 516 IV.

3408 458 3515 523 934

255 586 390 636 rem,
424 569 572 640 quasi
597 567 734 624 male
769 566 1057 621 formatum
1087 580 1351 618 nomisma
1389 563 1665 625 describit,
1695 560 1835 632 quod
1866 565 1910 619 Α
1943 560 2334 632 transgreditur
2372 566 2545 629 parte,
2593 560 2732 615 nihil
2772 577 2835 615 ex
2868 564 3109 617 custodia
3155 564 3311 619 mand
3332 567 3387 618 uti
3420 568 3513 635 ju-

253 664 504 731 exprimit
543 661 595 715 in
649 659 924 731 parabolis
978 659 1273 721 Dominus,
1317 658 1535 710 dicens:
1594 653 1834 708 "ominis

252 759 527 826 cujusdam
568 756 742 811 divitis
786 755 963 807 uberes
1010 755 1208 823 fructus
1237 769 1362 821 ager
1392 751 1589 806 attulit.
1616 760 1660 801 et
1691 749 1835 818 rogi-

253 850 398 903 tabat
431 851 569 901 intra
613 865 667 901 se
702 850 918 901 dicens:
954 846 1094 911 Quid
1137 846 1353 914 faciant,
1396 845 1519 912 quia
1551 860 1649 895 non
1672 843 1832 893 habeo

252 954 352 1005 quo
380 955 680 1008 congregem
722 940 921 1006 fructus
962 936 1137 989 meos?
1167 935 1232 987 Et
1266 934 1438 987 dixit:
1471 931 1581 984 Hoc
1612 933 1826 998 faciam,

253 1031 519 1082 destrnam
548 1030 732 1082 horrea
763 1046 898 1083 mea.
925 1038 972 1082 et
1006 1028 1210 1095 majora
1232 1026 1445 1095 faciam,
1483 1035 1528 1077 et
1556 1024 1681 1075 illuc
1707 1040 1830 1075 con-

253 1120 473 1191 gregabo
500 1122 697 1184 omnia,
729 1137 844 1190 qua’
876 1131 1001 1172 nata
1044 1130 1164 1173 sunt
1201 1118 1345 1179 milii,
1378 1128 1424 1169 et
1450 1116 1584 1168 bona
1612 1133 1748 1179 mea,
1783 1125 1831 1168 et

252 1214 423 1264 dicam.
452 1213 644 1266 auium:
682 1230 849 1267 mete:
877 1216 1089 1277 Anima,
1117 1213 1273 1266 [tabes
1303 1212 1468 1266 multa
1495 1215 1626 1264 bona
1660 1213 1830 1279 posita

252 1306 491 1359 inanitas
532 1306 806 1375 plurimos,
862 1309 1137 1376 requiesce,
1194 1308 1417 1370 comede,
1464 1306 1591 1370 bibe,
1643 1306 1826 1371 epula-

256 1400 413 1453 :e”“.
460 1398 522 1451 Et
557 1416 781 1452 rursus:
820 1399 987 1452 Homo
1022 1401 1233 1468 quidam
1271 1398 1608 1451 descendebat
1645 1396 1710 1448 ab
1736 1396 1828 1449 Je-

252 1490 477 1543 rusalem
504 1492 560 1541 in
589 1489 816 1555 Jericlio,
851 1501 894 1542 et
926 1492 1102 1543 incidit
1134 1491 1188 1541 in
1215 1496 1442 1542 latrones
1480 1505 1494 1541 :
1545 1491 1633 1559 qui
1669 1489 1828 1541 etiam

251 1582 670 1649 despoliaverunt
731 1599 865 1634 eunti.
926 1592 971 1633 et
1029 1581 1199 1650 plagis
1263 1582 1516 1647 vmpositis
1565 1580 1825 1640 abierunt,

250 1672 492 1723 semiviro
555 1673 793 1724 relicto"
886 1676 938 1723 in
1003 1681 1231 1740 utroque
1286 1681 1467 1724 autem
1540 1685 1826 1740 personam

251 1764 475 1832 suscipit
520 1767 841 1832 peccatoris.
887 1764 1041 1830 Quod
1074 1773 1253 1817 autem
1282 1764 1333 1815 in
1368 1763 1471 1817 Job
1512 1763 1828 1817 continetur

252 1854 496 1921 historia,
540 1856 675 1908 nihil
725 1856 899 1909 oberit
950 1860 1186 1909 nostris:
1230 1857 1354 1925 quia
1400 1856 1588 1909 dicens
1628 1869 1828 1909 secun-

251 1946 379 2000 dum
410 1946 764 2016 Septuaginta
794 1968 797 1993 :
841 1945 1006 2001 Homo
1033 1950 1250 2019 quidam
1274 1949 1461 2002 eratin
1496 1958 1634 1999 terra
1670 1947 1826 1999 Ausi-

251 2040 375 2104 tide,
411 2039 553 2092 illico
584 2039 881 2109 subjunxit,
918 2057 1000 2093 cui
1027 2057 1213 2093 nomen
1245 2053 1356 2093 erat
1393 2040 1567 2094 Job”.
1600 2039 1827 2093 Addita-

251 2140 431 2185 mento
469 2132 666 2201 quippe
696 2133 953 2196 nomiuis,
999 2132 1414 2203 insigniﬁcatum
1449 2148 1572 2186 eum
1604 2131 1696 2201 qui
1731 2131 1825 2184 de-

247 2222 603 2288 scribebatur,
659 2211 878 2277 minime
928 2223 1236 2292 dereliquit.
1286 2223 1444 2278 Pollis
1478 2232 1679 2286 autem,
1729 2237 1825 2276 seu

248 2316 385 2370 cutis
406 2317 643 2381 nomine,
669 2334 815 2372 nunc
842 2319 1266 2387 uniuscujusque
1300 2331 1445 2379 caro,
1472 2333 1618 2371 nunc
1643 2326 1823 2370 autem

247 2409 365 2475 ejus
395 2408 707 2478 designatur
742 2411 1012 2478 cognatio.
1056 2409 1279 2479 Propter
1310 2411 1453 2479 quod
1483 2410 1534 2462 in
1561 2409 1701 2462 libro
1723 2409 1823 2463 Job

249 2514 313 2553 ex
354 2517 583 2569 persona
626 2502 821 2556 diaboli
855 2503 1196 2572 decipientis,
1225 2519 1291 2581 pa
1323 2518 1441 2573 quae
1468 2504 1584 2556 viro
1614 2502 1685 2554 illi
1713 2501 1823 2554 lor-

251 2592 458 2646 tissimo
503 2608 804 2648 evenerunt
852 2606 999 2660 tunc,
1032 2588 1250 2664 quando
1285 2611 1406 2649 cum
1442 2595 1541 2647 alia
1572 2595 1823 2649 substan—

249 2683 342 2750 tia,
387 2684 545 2752 ﬁlios,
602 2688 842 2756 ﬁliasque
870 2689 1012 2754 ejus.
1056 2688 1276 2741 domum
1309 2704 1472 2754 super
1502 2703 1598 2741 eos
1634 2687 1821 2755 sepul-

249 2782 383 2828 tura:
428 2776 545 2829 vice
598 2791 895 2845 congcrens
946 2778 1281 2846 disperdidit,
1341 2779 1575 2833 dicitur;
1626 2776 1822 2830 Pellem

244 2878 343 2928 pro
369 2863 522 2930 pelle,
561 2874 607 2914 et
641 2873 824 2916 cuncta
859 2881 974 2931 quae
1003 2866 1153 2916 habet
1187 2869 1357 2927 homo,
1392 2866 1536 2917 dabit
1573 2882 1667 2931 pro
1698 2865 1821 2917 ani-

245 2969 335 3004 ma
383 2970 478 3006 sua
499 2954 576 3007 "z
614 2954 665 3007 id
704 2966 807 3018 est,
840 2956 1033 3023 pellem
1076 2957 1297 3024 quidem
1339 2958 1676 3026 cognationis
1723 2972 1821 3026 per

246 3040 385 3095 ﬁlios
414 3042 668 3110 perdidit,
696 3044 789 3097 sed
816 3054 999 3097 tamen
1028 3045 1223 3100 sullicit
1247 3048 1316 3104 ei,
1345 3047 1486 3114 quod
1522 3048 1673 3114 pellis
1698 3062 1819 3100 car-

244 3133 333 3186 nis
363 3133 480 3198 ejus
503 3134 649 3187 salva
682 3141 785 3197 est,
817 3134 1147 3202 minimeque
1175 3138 1559 3205 corrumpitur.
1596 3134 1821 3205 Pr0pter

244 3224 389 3294 quod
414 3224 651 3279 subdidit
676 3244 688 3277 ε
726 3226 972 3296 Alioquin
1004 3228 1147 3279 mitte
1169 3244 1382 3280 manum
1411 3240 1557 3281 tuam
1586 3239 1635 3280 et
1667 3239 1821 3297 tange

244 3333 301 3368 os
338 3316 468 3384 ejus,
508 3328 554 3368 et
594 3333 827 3382 carnem,
882 3329 928 3369 et
972 3330 1091 3371 tunc
1144 3320 1334 3371 videbis
1375 3320 1511 3389 quod
1550 3320 1605 3371 in
1633 3322 1823 3387 [aciem

245 3407 515 3461 benedicat
546 3408 655 3461 tibi.
694 3408 848 3473 Quod
878 3420 1059 3463 autem
1095 3421 1275 3463 nostra
1303 3412 1467 3465 editio
1500 3413 1663 3466 habet
1702 3431 1714 3465 :

317 3499 483 3551 Homo
509 3502 564 3551 in
596 3500 747 3559 cuius
777 3516 936 3553 carne
997 3510 1045 3554 et
1070 3513 1185 3554 cute
1217 3512 1359 3556 ortus
1400 3504 1557 3572 fuerit
1593 3506 1823 3557 diversus

244 3593 406 3654 color,
460 3593 564 3645 sive
604 3593 837 3657 pustula,
888 3607 979 3646 aut
1021 3597 1173 3664 quasi
1218 3594 1393 3648 lucens
1442 3597 1731 3665 quidpiam,
1768 3597 1824 3649 id

245 3693 318 3736 est
358 3685 516 3755 plaga
552 3685 732 3754 lepra;
776 3684 1127 3755 Septuaginta
1166 3687 1596 3740 transtulerunt:
1639 3688 1823 3740 Homi-

244 3775 299 3825 ni
335 3776 379 3827 si
421 3776 505 3827 cui
531 3777 669 3845 facta
701 3777 859 3846 fuerit
899 3778 954 3828 in
990 3776 1236 3844 pellicula
1286 3780 1517 3846 corporis
1537 3780 1650 3846 ejus
1681 3781 1820 3831 cica-

245 3867 350 3918 trix
375 3868 779 3935 significationis
820 3884 1097 3937 apparens.
1127 3867 1358 3923 Cicatrix
1387 3870 1819 3940 signiﬁcationis,

242 3965 521 4023 peccatum
565 3957 849 4026 signiﬁcat,
907 3974 968 4011 ex
1020 3958 1104 4011 his
1143 3976 1261 4027 qua!
1304 3970 1586 4029 apparent,
1646 3963 1821 4015 mani-

241 4043 467 4111 festans,
504 4048 647 4115 quod
680 4049 949 4101 occultum
980 4058 1081 4113 est,
1110 4058 1163 4102 et
1190 4032 1362 4103 latebis
1389 4052 1585 4105 anima:
1607 4053 1818 4107 vitium.

246 4136 319 4187 Ac
356 4134 553 4189 deinde
582 4137 891 4190 cicatricem
940 4139 1079 4191 hanc
1104 4140 1322 4206 quidem
1351 4141 1647 4211 τηλαυγήν,
1678 4143 1818 4196 illam

241 4236 422 4281 autem
446 4229 735 4297 appellavit
764 4229 1055 4299 αὓγαπμαι
1087 4234 1212 4301 quia
1247 4244 1528 4301 peceatum
1561 4237 1664 4289 hoc
1692 4237 1817 4305 qui-

239 4317 366 4372 dem
402 4330 588 4388 aperte
620 4336 682 4373 ex
729 4336 808 4383 se,
846 4332 900 4374 et
930 4323 1046 4376 sine
1078 4324 1255 4391 aliqua
1300 4324 1690 4394 dijudicationc
1722 4328 1818 4381 de-

242 4430 497 4482 nuntiant
556 4431 653 4498 ipsi
680 4440 860 4485 motus
880 4434 1095 4488 animai.
1126 4434 1249 4489 llaec
1281 4448 1484 4504 autem,
1516 4442 1818 4496 necessaria

241 4518 467 4583 habent,
498 4529 649 4575 extra
679 4524 821 4591 quod
854 4524 1028 4578 lucem
1070 4528 1371 4593 peccatoris
1404 4529 1527 4596 quis
1572 4530 1733 4595 videt,
1765 4541 1819 4585 et

1937 662 2093 706 vatur
2118 652 2380 707 alterius:
2413 650 2515 715 Qui
2540 653 2683 706 enim
2729 661 2893 706 totam
2924 655 3086 725 legem
3117 657 3358 721 custodit,
3395 672 3516 724 pec-

1936 751 2017 793 cet
2046 756 2218 795 autem
2247 742 2301 795 in
2329 758 2453 803 uno,
2491 740 2663 808 factus
2692 751 2766 795 est
2790 744 3023 795 omnium
3060 760 3178 798 rcus
3193 741 3262 796 “.

2005 856 2189 907 [lico'd
2221 855 2399 906 Aaron
2437 854 2754 907 sacerdote»:
2786 856 3098 919 adducetur,
3142 866 3236 908 aut
3260 857 3330 911 ad
3353 871 3515 908 unum

1934 947 2207 1013 quemlibet
2238 946 2468 1013 filiorum
2500 945 2636 1012 ejus.
2680 946 2799 999 Filii
2840 955 3019 999 autem
3057 948 3353 1000 sacerdotis
3384 955 3515 1000 sunt

1934 1038 2145 1104 cognati
2169 1038 2288 1104 ejus
2315 1038 2615 1090 secundum
2644 1036 2915 1105 spiritum,
2945 1053 2972 1091 a
2998 1055 3107 1106 quo
3132 1044 3185 1089 et
3217 1038 3510 1091 sacerdotii

1933 1125 2134 1180 habent
2169 1128 2506 1196 dignitatem.
2557 1126 2697 1181 Sunt
2727 1138 2906 1181 autem
2948 1129 3021 1194 hi,
3063 1129 3115 1181 in
3141 1129 3340 1197 quibus
3381 1144 3511 1197 per-

1933 1217 2072 1271 lecta
2118 1227 2202 1273 est
2283 1220 2552 1289 plenaque
2597 1220 2964 1289 philosophia,
3016 1230 3075 1275 ut
3120 1221 3514 1275 etdiscernerc

1932 1313 2140 1381 possint
2169 1313 2440 1378 sublimia,
2478 1323 2533 1367 et
2562 1314 2760 1367 animae
2794 1313 3058 1381 ju-zlicare-
3076 1324 3255 1367 motus
3282 1315 3513 1368 abscon-

1932 1403 2095 1456 ditos.
2151 1401 2257 1456 Sed
2285 1404 2558 1471 quomodo
2584 1402 2869 1471 judicant?

2005 1513 2181 1567 Vident
2232 1512 2435 1580 lepram
2466 1514 2519 1565 in
2564 1521 2699 1577 cute,
2733 1520 2781 1565 et
2808 1512 2975 1578 pilum
3011 1514 3144 1583 ejus,
3174 1513 3221 1567 si
3250 1514 3301 1566 in
3334 1511 3513 1566 album

1931 1617 2162 1661 mutatus
2202 1608 2379 1676 fuerit,
2429 1608 2494 1659 ab
2535 1608 2705 1672 ipsam
2742 1606 2961 1673 speciem
2999 1605 3155 1673 lepra:
3183 1606 3514 1659 humiliorem

1931 1708 2064 1758 cute,
2118 1706 2167 1749 et
2219 1713 2378 1749 carne
2412 1696 2637 1765 reliqua.
2680 1693 2782 1747 Per
2830 1694 2967 1764 pilos
3013 1703 3194 1748 autem
3238 1694 3511 1763 signiﬁcat

1930 1784 2290 1855 cogitationes
2335 1784 2534 1852 quibus
2578 1792 2806 1836 ornatur
2846 1782 3049 1847 anima,
3088 1798 3349 1851 mensque
3378 1799 3510 1837 con-

1931 1874 2131 1942 tegitur
2183 1889 2306 1927 cum
2350 1874 2570 1927 easdem
2613 1873 2728 1942 ipsa
2779 1873 2952 1943 pariat
2981 1874 3339 1944 cegitationes
3365 1891 3378 1927 :
3409 1874 3509 1928 sibi

1933 1981 2057 2019 nam
2106 1974 2158 2019 et
2191 1974 2351 2035 caput
2398 1965 2621 2035 capillos
2668 1976 2911 2036 generat,
2954 1974 3010 2019 et
3056 1975 3284 2020 ornatur
3312 1983 3378 2020 cx
3408 1967 3508 2027 eis,

1933 2068 1997 2107 ac
2020 2055 2237 2124 tegitur.
2271 2054 2562 2124 Propterea
2608 2055 2787 2124 capilli
2818 2056 3015 2124 capitis
3044 2057 3213 2109 nostri
3244 2057 3508 2111 numerati

1931 2143 2282 2210 dicuntur”,
2344 2146 2704 2215 Cogitationes
2754 2146 3010 2201 videlicet
3061 2147 3283 2202 mentis.
3331 2148 3511 2217 Caput

1930 2238 2075 2291 enim
2118 2238 2251 2307 ipsa,
2284 2237 2411 2307 quia
2456 2237 2754 2307 principale
2784 2248 2867 2292 est
2896 2238 3111 2301 animae,
3148 2239 3368 2292 dicitur.
3399 2240 3511 2296 Cur

1930 2339 2111 2383 autem
2172 2329 2442 2383 numerati
2491 2328 2658 2383 sunt?
2700 2328 2890 2398 procul
2934 2329 3100 2383 dubio
3128 2330 3374 2385 dicturus
3401 2340 3506 2387 est.

1929 2426 2053 2491 quia
2084 2437 2181 2492 per
2210 2437 2302 2476 eas
2326 2420 2510 2491 utique
2539 2421 2701 2491 judex
2730 2420 3073 2490 judicaturus
3100 2432 3185 2493 est
3211 2422 3507 2486 hominem,

1929 2513 1980 2568 id
2020 2523 2121 2575 est,
2157 2514 2540 2568 accusantibus
2566 2513 2665 2576 eis,
2716 2513 2800 2566 vel
2825 2514 3231 2578 excusantibus,
3267 2515 3407 2568 sicut
3435 2502 3510 2567 ait

1930 2604 2166 2659 Paulus:
2208 2602 2275 2656 In
2323 2614 2552 2673 tempore
2581 2620 2681 2671 quo
2708 2615 2883 2656 nostra
2921 2604 3307 2673 judicabuntur
3334 2606 3508 2661 occul-

1931 2704 1985 2749 ta
2002 2696 2067 2750 “'2
2118 2695 2407 2765 Propterea
2451 2695 2800 2764 intelligimus
2829 2697 2882 2749 in
2916 2695 3147 2750 Nazarmi
3187 2698 3363 2766 cap’tc
3396 2697 3509 2751 ler-

1930 2804 2049 2841 rum
2098 2804 2204 2841 non
2256 2787 2487 2857 ingredi,
2529 2786 2657 2840 dum
2701 2786 2821 2840 aliis
2850 2786 2967 2840 sine
3014 2786 3169 2857 Culpa
3207 2787 3503 2843 inferatur:

1928 2880 2050 2950 quia
2084 2872 2282 2949 quibus
2330 2888 2458 2932 sunt
2491 2877 2752 2947 superﬁui
2788 2879 2990 2946 capilli,
3025 2894 3136 2932 non
3164 2880 3339 2932 solum
3372 2881 3507 2935 nihil

1927 2979 2108 3035 nocet,
2162 2971 2254 3022 sed
2302 2979 2357 3022 et
2396 2970 2606 3022 lucrum
2634 2976 2736 3033 est,
2778 2969 3029 3022 tonderi:
3082 2971 3279 3038 quibus
3325 2982 3507 3024 autem

1928 3077 2038 3114 non
2069 3069 2197 3114 sunt
2228 3060 2507 3130 supr-rﬁui,
2542 3060 2800 3114 damnum
2841 3069 2945 3126 est,
2992 3071 3216 3130 propter
3246 3062 3509 3117 naturalis

1928 3152 2141 3207 decoris
2171 3153 2547 3221 spoliationem
2584 3152 2902 3222 capillorum
2940 3151 3228 3221 depositio.
3267 3150 3357 3205 Sic
3385 3154 3506 3221 qui-
3566 3208 3575 3220 ,

1855 3268 1895 3326 (ς
1928 3245 2245 3313 Ιωεευηψιε
2282 3243 2556 3313 superﬂue
2601 3245 2957 3313 cogitationes
3006 3244 3330 3313 importunm
3356 3255 3502 3309 sunt,

1927 3336 2064 3390 bene
2112 3337 2179 3389 ab
2212 3336 2293 3389 eis
2322 3336 2749 3390 commutatione
2799 3334 3176 3399 consiliorum,
3222 3335 3305 3388 vel
3340 3336 3507 3389 obve—

1926 3428 2191 3481 nientinm
2260 3427 2506 3480 onmium
2574 3427 3004 3497 pliantasial'um,
3069 3443 3219 3480 more
3274 3437 3511 3481 tonsura:

1925 3527 2130 3573 carent.
2184 3516 2241 3572 ln
2291 3517 2545 3573 Nazarene
2593 3529 2775 3573 autem
2831 3536 2939 3573 non
2993 3528 3139 3585 sunt,
3173 3528 3320 3574 totus
3360 3521 3506 3575 enim

1924 3619 2144 3665 sanctus
2190 3619 2294 3663 est.
2354 3611 2584 3680 Propter
2628 3612 2771 3681 quod
2803 3612 3005 3665 ferrum
3062 3613 3116 3665 in
3163 3614 3339 3681 capite
3389 3614 3506 3680 ejus

1924 3714 2034 3751 non
2068 3700 2335 3765 ascendit,
2375 3714 2500 3753 cum
2524 3701 2673 3755 bono
2702 3709 2886 3755 utatur
2907 3701 3156 3766 Consilio,
3191 3711 3246 3755 et
3279 3703 3504 3770 capillos

1924 3792 2313 3859 c0gitationum
2344 3792 2704 3858 necessarios,
2731 3800 2787 3845 et
2818 3807 2925 3844 non
2957 3792 3262 3862 superﬂuos
3289 3794 3505 3857 habeat,

1924 3897 1987 3935 cx
2031 3883 2228 3951 quibus
2276 3899 2382 3936 non
2418 3884 2628 3949 incidit,
2688 3899 2810 3937 cum
2842 3898 2949 3936 non
2978 3892 3174 3940 tractet
3212 3884 3505 3947 deteriora,

1923 3988 2098 4041 neque
2124 3983 2441 4028 commutet.
2474 3973 2527 4027 Si
2560 3990 2689 4048 ergo
2720 3974 2886 4043 pilum
2922 3974 2977 4027 in
3005 3975 3129 4028 albo
3160 3975 3269 4040 hic,
3305 3976 3372 4029 de
3396 3992 3507 4045 quo

1922 4080 2071 4120 nunc
2114 4076 2197 4120 est
2241 4081 2441 4131 sermo,
2476 4065 2912 4129 commutaverit,
2958 4066 3343 4137 cogitationem
3370 4082 3505 4123 con—

1922 4166 2137 4214 vertens
2170 4159 2223 4213 in
2252 4160 2622 4228 impudentem
2644 4158 3031 4223 conditionem,
3057 4158 3505 4229 manifestamque

1922 4252 2169 4320 peccati,
2242 4253 2466 4321 ipsaque
2523 4253 2733 4321 species
2802 4252 2967 4320 leprze
3026 4250 3285 4305 humilior
3334 4252 3504 4306 fuerit

1921 4357 2107 4406 carne,
2136 4349 2192 4396 ct
2229 4350 2354 4396 cute
2385 4341 2615 4411 reliqua.
2660 4342 2801 4395 banc
2834 4340 2980 4394 enim
3018 4340 3346 4406 considerat,
3373 4350 3429 4395 et
3456 4342 3501 4395 si

1922 4434 2121 4489 viderit
2157 4432 2473 4501 apparuisse
2519 4432 2742 4485 nimiam
2793 4430 3189 4493 inﬁrmitatem,
3220 4441 3384 4501 atque
3405 4432 3504 4486 de-

1925 4525 2117 4581 fecisse
2148 4524 2453 4578 naturalem
2492 4523 2768 4588 virtutem,
2805 4523 2950 4591 quod
2986 4533 3068 4575 est
3094 4524 3306 4592 species
3339 4525 3504 4594 lepra:

240 4611 728 4667 considerationem
748 4616 1045 4683 judicantis
1075 4620 1233 4686 quale
1268 4620 1357 4683 sit,
1392 4629 1573 4674 utrum
1631 4638 1817 4677 verum
1853 4600 1896 4654 ί)
1930 4615 2183 4671 humilior
2206 4624 2352 4681 cute,
2383 4621 2477 4668 aut
2505 4627 2670 4667 carne
2696 4612 2923 4681 reliqua,
2950 4621 3164 4681 separat
3189 4622 3246 4667 et
3267 4612 3507 4668 immun-

241 4718 311 4756 an
346 4704 558 4757 falsum.
594 4705 650 4757 Si
678 4722 802 4777 ergo
826 4710 1117 4776 peccatori,
1147 4711 1287 4764 sicut
1318 4714 1557 4779 praedicti
1588 4713 1819 4783 Septua-

240 4793 387 4865 ginta
422 4794 612 4862 edunt,
642 4799 867 4853 cicatrix
896 4800 1310 4870 signiﬁcationis
1335 4805 1387 4856 iu
1418 4806 1666 4873 pellicula
1694 4823 1818 4861 cor-

241 4890 387 4958 poris
412 4889 493 4956 ﬁt,
518 4891 766 4948 videlicet
796 4904 1076 4963 peccatum
1108 4899 1160 4949 in
1178 4914 1363 4964 carne,
1388 4900 1531 4968 quod
1555 4901 1819 4972 signiﬁcirt

238 4981 475 5037 animam
502 4999 716 5054 quoque
746 4987 981 5056 compati
1021 4992 1269 5057 corpori:
1299 5000 1383 5045 est
1404 5002 1585 5047 autem
1615 4993 1818 5063 τηλαυ-

237 5076 345 5146 γής
392 5077 515 5144 hoc,
564 5088 659 5133 aut
707 5079 991 5151 αὖτασμα,
1053 5083 1233 5146 idest,
1273 5095 1367 5139 aut
1398 5088 1561 5141 nimis
1594 5091 1824 5145 manife-

236 5178 407 5230 stum,
445 5178 539 5225 aut
568 5170 907 5241 inspicientis
928 5190 1095 5243 egens
1126 5174 1519 5245 disceptatione
1552 5198 1563 5232 :
1609 5182 1689 5237 sic
1720 5184 1825 5240 hoc

236 5262 293 5315 iu
343 5263 611 5317 maculam
644 5264 809 5333 lepra:
838 5266 1144 5320 habebitur.
1184 5268 1411 5337 Lepram
1450 5282 1632 5326 autem
1667 5275 1827 5329 intel-

237 5350 457 5422 ligimus
484 5354 615 5424 legis
640 5357 1129 5425 transgressionem
1159 5377 1171 5410 :
1214 5359 1340 5427 quia
1370 5361 1824 5428 quemadmodum

237 5444 505 5513 leprosos,
534 5445 662 5500 dum
688 5453 832 5500 totus
859 5446 928 5500 sit
955 5462 1139 5508 sanus,
1166 5466 1227 5502 ev
1257 5460 1408 5518 parte
1432 5452 1611 5522 aliqua
1633 5456 1815 5526 lepro-

234 5550 332 5590 sus
384 5534 583 5601 factus,
637 5538 771 5592 nihil
816 5540 1039 5607 juvatur
1079 5556 1139 5592 ex
1180 5543 1352 5596 salute
1414 5545 1639 5601 minime
1688 5549 1814 5605 lacti

234 5628 435 5696 leprosi
482 5630 745 5698 corporis,
794 5632 888 5685 sed
934 5644 1245 5687 removetur
1282 5652 1313 5688 a
1351 5638 1721 5700 tabernaculo.
1760 5653 1817 5697 ut

232 5715 593 5787 immundus;
643 5721 721 5776 sic
776 5731 831 5775 et
874 5723 963 5788 qui
1032 5723 1162 5791 legis
1211 5736 1478 5793 prwccpta
1526 5744 1591 5782 ex
1638 5730 1815 5799 aliqua

310 5847 377 5879 τι·
409 5847 541 5905 Luc.
580 5868 675 5913 λιι,
729 5854 917 5907 16-19.
1008 5859 1050 5882 ’⁵⁵⁸
1082 5855 1208 5911 Luc.
1244 5876 1294 5911 ς.
1336 5861 1419 5914 30.

231 5913 281 5946 ⁸⁸
313 5916 471 5973 Rom.
505 5938 565 5988 η,
599 5924 679 5976 lli.
760 5924 805 5955 '“
834 5926 849 5976 ι
882 5931 1007 5981 Cor.
1045 5944 1133 5989 vn,
1180 5930 1257 5980 ιῖ.

1539 5864 1581 5895 ³³
1610 5866 1713 5921 Job
1744 5887 1776 5930 ι,
1812 5869 1857 5923 l.

1926 4710 2054 4763 dum
2085 4722 2207 4762 cum
2233 4716 2377 4761 recte
2405 4704 2658 4759 sacerdos
2679 4703 2905 4773 iudicat,
2944 4712 3130 4773 utpote
3158 4704 3505 4775 languentem

1925 4799 2145 4868 quidem
2180 4812 2246 4851 ex
2279 4794 2585 4850 intentione
2620 4808 2738 4859 sua,
2784 4801 2839 4847 et
2869 4792 3169 4847 voluntate.
3216 4792 3330 4849 Hoc
3357 4794 3503 4848 enim

1924 4889 2016 4958 qui
2051 4888 2572 4958 pilum‘commutat,
2614 4883 2793 4938 innuit
2832 4883 3016 4950 nimis,
3065 4883 3193 4953 quia
3239 4884 3503 4957 estinﬁr-

1925 4997 2069 5047 mus,
2125 4989 2180 5035 et
2222 4988 2509 5050 propterea
2566 4977 2863 5047 semetipso
2915 4976 3194 5043 humilior,
3257 4978 3403 5034 unde
3448 4988 3505 5035 et

1928 5082 2075 5132 recte
2118 5075 2333 5129 veniam
2376 5088 2485 5127 non
2528 5080 2787 5125 meretur.
2852 5066 3009 5125 Vinci
3042 5070 3189 5124 enim
3220 5070 3291 5125 ab
3339 5071 3495 5127 Abra-

1921 5172 2069 5235 ham,
2099 5178 2157 5224 et
2194 5169 2262 5222 ab
2300 5168 2408 5222 alio
2448 5168 2662 5237 majori,
2714 5166 2983 5235 portabile
3012 5174 3117 5230 est,
3159 5174 3219 5220 ut
3253 5167 3500 5236 quaedam

1924 5262 2205 5326 habitudo,
2249 5260 2333 5315 vel
2368 5261 2606 5330 potentia
2650 5260 2949 5329 prodatur:
2992 5257 3078 5312 vel
3107 5258 3332 5325 bonum,
3358 5258 3505 5328 quod
3592 5278 3597 5279 ί

1926 5358 1983 5402 ιιι
2026 5363 2398 5419 operarcmur,
2426 5363 2455 5400 a
2487 5344 2598 5402 Deo
2638 5346 3005 5417 percepimus.
3060 5344 3135 5398 De
3173 5346 3375 5415 quibus
3408 5344 3506 5399 ha-

1925 5440 2130 5495 bitibus
2155 5439 2402 5509 quaedam
2443 5438 2577 5493 mihi
2609 5438 2808 5493 Paulus
2863 5437 3095 5492 innuero
3125 5437 3363 5501 videtur,
3415 5436 3502 5490 in-

1924 5531 2119 5600 quiens
2145 5529 2465 5598 :Unicuique
2492 5529 2625 5583 sicut
2652 5528 2909 5581 Dominus
2936 5527 3140 5592 dividit,
3165 5540 3507 5594 unumquemo

1926 5640 2025 5691 que
2068 5624 2202 5676 sicut
2245 5624 2445 5676 vocavit
2491 5621 2628 5675 Deus
2647 5621 2718 5684 3’;
2762 5636 2885 5675 cum
2939 5635 2969 5673 a
3022 5616 3315 5685 semetipso
3352 5614 3506 5684 quis-

1928 5715 2073 5783 piam
2110 5714 2347 5768 deterior
2381 5713 2488 5773 ﬁat,
2525 5712 2869 5781 importabilc
2904 5720 3002 5764 est.

2060 5869 2160 5928 Job
2198 5872 2333 5935 ",4.
2440 5873 2484 5900 κ’
2513 5870 2626 5926 Jac.
2684 5886 2759 5927 ιι.
2796 5870 2879 5922 ιυ.
2984 5861 3252 5916 "ita-ub.
3306 5856 3476 5925 x.3°
