4218 6450
716 443 784 504 35
1863 419 2225 483 HESYCHII
2276 417 2744 477 PRESBYTERI

3829 418 3945 480 936

750 550 908 604 Vens.
950 548 1068 603 ι-ε.
1114 566 1132 598 ‹
1165 545 1220 600 Si
1273 553 1455 598 autem
1502 541 1692 594 lucens
1739 535 1903 589 tuerit
1951 532 2154 586 candor
2189 531 2242 583 in
2275 538 2316 590 Α
2349 530 2452 581 hoc
2495 528 2818 588 habentem,
2851 523 2995 592 quod
3029 523 3484 579 medicamentum
3529 525 3721 581 debeat
3769 528 3942 584 adhi-

677 653 820 706 cute,
856 656 955 694 nec
1004 639 1258 694 humilior
1330 648 1491 690 carne
1521 633 1746 698 reliqua,
1791 637 1846 680 et
1880 627 2018 694 pilus
2046 625 2243 678 coloris

673 734 914 803 pristini,
957 731 1199 786 recludet
1223 743 1349 782 eum
1396 723 1650 778 sacerdos
1698 728 1908 790 septem
1947 717 2159 779 diebus,
2193 723 2248 767 ct

676 825 899 888 videbit,
947 831 1002 876 et
1043 817 1412 876 considerabit
1458 816 1545 870 die
1591 814 1842 883 septima.
1885 809 1950 862 Et
1976 807 2246 877 siquidem

680 916 826 984 lepra
856 914 994 968 ultra
1027 927 1135 966 non
1157 908 1407 968 creverit,
1429 922 1542 960 ‘nec
1569 903 1843 958 transierit
1870 901 1924 954 in
1943 907 2068 954 cute
2101 897 2248 966 prio-

679 1021 766 1057 res
823 1003 1104 1062 terminos,
1137 1013 1326 1052 rursus
1361 996 1602 1050 includet
1646 1009 1771 1047 eum
1811 1001 2015 1058 septem
2060 988 2249 1042 diebus

680 1093 820 1157 aliis,
856 1099 912 1145 et
947 1092 1034 1144 die
1070 1090 1301 1158 septimo
1348 1085 1824 1154 contemplabitur.
1879 1081 1935 1134 Si
1966 1079 2249 1134 obscurior

681 1183 844 1237 fuerit
869 1182 1037 1250 lepra,
1066 1189 1119 1233 et
1149 1195 1254 1233 non
1285 1176 1519 1232 creverit
1539 1175 1591 1228 in
1619 1186 1762 1237 cute,
1798 1170 2080 1226 mundabit
2100 1184 2245 1234 eum,

678 1275 804 1343 quia
837 1271 1046 1328 scabies
1089 1281 1191 1334 est,
1222 1269 1533 1336 lavabitque
1577 1266 1742 1318 homo
1775 1264 2098 1317 vestimenta
2127 1275 2245 1324 sua,

680 1378 736 1424 et
767 1367 1002 1422 mundus
1053 1365 1179 1419 crit.
1213 1362 1368 1428 Quod
1406 1361 1450 1414 si
1481 1367 1764 1430 postquam
1795 1372 1826 1409 a
1863 1353 2142 1409 sacerdote
2169 1352 2252 1406 vi-

681 1475 775 1514 sus
816 1467 899 1513 est
947 1457 1187 1511 redditus
1222 1453 1521 1516 munditia,
1572 1451 1770 1504 iterum
1815 1449 1962 1517 lepra
1995 1445 2247 1508 creverit,

683 1551 986 1604 adducetur
1030 1548 1095 1601 ad
1135 1561 1259 1601 eum
1287 1587 1300 1609 ,
1344 1553 1400 1598 et
1457 1539 1818 1596 immunditia:
1866 1535 2252 1592 condemnabi-

685 1654 791 1697 llll‘.
832 1662 850 1694 1

758 1731 1039 1785 Maximam
1069 1728 1122 1781 in
1154 1729 1255 1781 hoc
1292 1725 1628 1797 legislatoris,
1657 1723 1984 1793 dignamque
2012 1719 2122 1772 Deo
2142 1716 2255 1772 cle—

686 1823 944 1876 mentiam
996 1829 1277 1883 contuere,
1303 1819 1416 1887 ipse
1454 1816 1651 1885 quippe
1678 1821 1796 1868 erat
1823 1813 1962 1865 lator
1985 1810 2136 1880 legis,
2163 1806 2253 1876 qui

2353 620 2500 672 bere.
2541 617 2821 685 Siquidem
2859 625 2914 669 et
2956 615 3229 678 adhibuit,
3273 625 3330 668 tu
3367 626 3548 670 autem
3576 631 3941 687 cognoscens.

2351 707 2477 776 quia
2526 705 2984 776 signiﬁcationem
3030 704 3269 773 appellet
3319 704 3426 758 tale
3471 715 3778 773 peccatum,
3830 725 3945 762 non

2353 800 2654 854 abscondas
2698 798 2900 852 malum
2943 813 2972 850 a
3018 812 3150 851 vero
3192 797 3496 861 sacerdote,
3538 797 3662 851 licet
3712 800 3944 853 dubium

2354 899 2666 958 tectumque
2717 889 2788 942 sit
2817 889 2957 953 aliis,
2990 888 3086 942 sed
3120 889 3350 942 ostende
3395 903 3459 941 ac
3499 889 3688 956 prode.
3729 888 3944 944 Diebus

2353 985 2498 1036 enim
2545 983 2744 1052 quibus
2785 990 2836 1035 te
2865 995 3129 1050 separans
3175 981 3433 1034 sacerdos
3463 997 3492 1034 a
3527 992 3845 1037 sanctorum
3874 997 3950 1037 Ia-

2355 1075 2668 1136 bernaculo,
2701 1088 2891 1127 rursus
2922 1073 3186 1142 suscipiet
3210 1087 3399 1126 rursus
3429 1088 3538 1142 quo
3569 1081 3786 1141 oportet
3831 1089 3952 1126 mo-

2356 1165 2425 1218 do
2451 1164 2772 1218 vestimenta
2801 1163 2953 1232 prius
2981 1162 3185 1222 carnis,
3232 1161 3375 1214 sicut
3412 1163 3486 1214 ait
3522 1162 3818 1228 legislator,
3861 1163 3948 1215 di-

2355 1259 2623 1312 luentem.
2670 1256 2778 1311 Sed
2818 1257 2960 1320 vide,
3001 1263 3056 1310 et
3098 1254 3312 1308 veniam
3366 1255 3672 1324 percipiens
3706 1256 3948 1315 custodi,

2356 1366 2460 1406 nec
2497 1351 2725 1420 polluas,
2767 1358 3052 1420 postquam
3094 1347 3261 1400 semel
3307 1347 3499 1415 laverit
3549 1346 3786 1400 tunicam
3821 1363 3950 1400 car-

2359 1443 2462 1496 nis.
2500 1441 2634 1495 Nam
2682 1442 2725 1495 si
2775 1441 2938 1494 etiam
2982 1445 3104 1508 post
3149 1438 3265 1492 haec
3304 1438 3625 1508 signiﬁcatio
3679 1439 3956 1507 passionis

2359 1532 2615 1587 inciderit
2655 1531 2708 1584 in
2741 1530 3023 1600 pellicula,
3071 1527 3181 1591 vel,
3218 1530 3519 1582 secundum
3550 1539 3790 1583 nostram
3829 1531 3956 1582 edi-

2361 1625 2592 1685 tionem,
2620 1623 2874 1687 creverit,
2926 1631 2978 1677 et
3009 1639 3197 1677 rursus
3234 1638 3262 1675 a
3290 1623 3501 1675 meliori
3533 1631 3687 1691 parte
3718 1623 3786 1675 ad
3823 1637 3959 1691 pec—

2361 1724 2541 1769 catum
2577 1715 2854 1780 reciderit,
2898 1724 3377 1784 commutatusque
3407 1714 3592 1779 fuerit,
3629 1715 3835 1768 videbit
3863 1730 3956 1767 sa-

2362 1806 2576 1872 cerdos,
2611 1815 2666 1860 et
2702 1805 2848 1861 illico
2887 1816 3204 1876 vergentem
3229 1807 3295 1860 ad
3329 1806 3597 1860 deteriora
3643 1808 3957 1876 reperiens,

689 1914 886 1970 ducatu
918 1913 1110 1966 litterae
1149 1909 1213 1964 ad
1249 1908 1557 1978 huiusmodi
1587 1903 2101 1974 contemplationem
2130 1898 2263 1969 legis
2295 1889 2338 1948 Β
2369 1897 2728 1952 immunditite
2769 1897 3175 1952 condemnabit.
3239 1897 3662 1966 Subsequuntur
3713 1897 3961 1965 Septua-

688 2009 876 2061 utitnr.
899 2005 1037 2071 Quid
1060 2014 1240 2059 autem
1279 2003 1397 2056 haec
1417 2001 1598 2054 littera
1622 1997 1771 2054 vult?

758 2094 816 2148 Si
862 2107 1036 2146 autem
1068 2093 1245 2145 lucem
1282 2091 1439 2161 fuerit
1473 2089 1672 2141 candor
1699 2087 1754 2139 in
1791 2093 1926 2146 cute,
1967 2098 2060 2137 nec
2088 2083 2260 2136 humi-

690 2187 790 2240 lior
823 2202 981 2239 carne
1018 2185 1242 2255 reliqua,
1266 2193 1312 2236 et
1344 2181 1480 2251 pilus
1524 2179 1709 2233 coloris
1739 2178 1968 2248 pristini,
2008 2176 2262 2230 mundum

690 2279 930 2333 sacerdos
958 2278 1167 2346 judicat
1195 2275 1437 2344 omnique
1476 2273 1769 2340 suspicione
1793 2279 2076 2323 carentem.
2111 2267 2264 2322 Licet

692 2371 1041 2426 manifestum
1082 2368 1172 2433 sit,
1214 2367 1357 2434 quod
1401 2366 1454 2418 in
1482 2364 1849 2433 suspicionem
1891 2369 2112 2415 venerat
2143 2374 2265 2429 pec-

693 2473 895 2524 catum,
946 2476 1100 2515 mens
1134 2469 1310 2514 tamen
1351 2474 1471 2528 qua:
1499 2456 1748 2525 deliquit.
1776 2471 1896 2524 quae
1932 2453 2126 2524 procul
2162 2452 2264 2506 du-

693 2557 786 2610 bio
833 2571 928 2623 per
967 2562 1244 2621 aspectum
1283 2551 1633 2620 significatur
1675 2547 1974 2603 secundum
2023 2545 2266 2600 traditio-

695 2661 818 2699 nem
852 2645 1223 2712 Septuaginta,
1250 2640 1495 2693 humilior
1525 2656 1681 2693 carne
1711 2639 1913 2708 reliqua
1945 2654 2053 2692 non
2079 2637 2263 2694 fuerit.

697 2737 747 2789 id
775 2746 876 2796 est,
927 2734 1235 2803 semetipsa,
1272 2745 1448 2800 neque
1473 2731 1540 2784 al)
1569 2731 1902 2794 habitudine,
1936 2744 2096 2800 quam
2147 2743 2266 2782 sor-

698 2828 794 2880 tita
848 2836 949 2886 est.
999 2824 1303 2877 inﬁrmior:
1350 2839 1450 2878 nec
1494 2838 1590 2890 per
1647 2823 1909 2876 eveniens
1979 2831 2264 2889 peccatum

700 2913 1071 2967 immutaverit
1125 2927 1256 2976 cor,
1303 2912 1658 2980 delietrixque
1708 2919 2055 2980 peccatorum
2103 2909 2268 2962 fuerit

699 3004 933 3067 effecta;
989 3005 1090 3058 hoc
1120 3012 1202 3057 est
1243 3003 1408 3066 enim,
1459 3017 1561 3055 nec
1590 3003 1878 3055 candorem
1921 3001 2267 3054 humiliorem

700 3094 873 3148 videri
897 3108 1062 3147 carne
1111 3094 1343 3163 reliqua,
1370 3103 1425 3146 et
1461 3093 1597 3161 pilos
1628 3107 1749 3146 esse
1776 3091 1975 3146 coloris
2012 3091 2266 3161 pristini:

701 3187 795 3242 sed
842 3196 896 3240 et
943 3185 1311 3240 obscuriorem
1369 3192 1671 3253 aspectum,
1723 3185 1866 3238 sicut
1913 3183 2268 3252 Septuaginta

701 3280 893 3341 edunt,
926 3277 1144 3340 habeat,
1185 3291 1347 3345 quem
1378 3291 1502 3330 esse
1522 3285 1757 3329 mentem
1789 3275 2023 3328 diximus
2050 3292 2062 3327 :
2096 3275 2275 3327 adhuc

701 3369 902 3438 quippe
936 3377 1158 3437 propter
1180 3368 1346 3421 semel
1378 3367 1728 3420 commissum
1765 3366 2044 3428 delictum,
2077 3367 2276 3420 obscu-

701 3474 758 3511 ra
792 3473 855 3511 ac
893 3457 1058 3510 dubia
1097 3465 1199 3517 est,
1231 3467 1407 3509 tamen
1444 3456 1591 3508 hunc
1624 3454 1889 3509 removeri
1929 3470 2038 3508 non
2072 3470 2277 3524 praece-

704 3552 804 3621 pit,
834 3549 926 3603 sed
953 3558 1010 3602 ut
1043 3557 1376 3617 peccantem,
1408 3556 1616 3616 septem
1639 3547 1775 3609 dies,
1806 3556 1859 3599 et
1882 3546 2017 3599 alios
2055 3546 2276 3599 totidem

706 3652 951 3696 removet
982 3655 1011 3692 a
1034 3639 1387 3693 tabernaculo
1417 3638 1690 3696 sacerdos.
1725 3637 2063 3707 probationis
2092 3637 2274 3700 simul,

705 3733 1211 3799 emendationisque
1260 3731 1456 3800 gratia,
1502 3729 1786 3784 munditia:
1834 3729 2095 3783 restituit.
2153 3728 2280 3782 Post

705 3826 831 3884 hoc.
884 3825 927 3877 si
981 3823 1278 3892 inspiciens
1321 3822 1431 3890 bis,
1472 3822 1844 3874 obscuriorem
1873 3821 2141 3875 invenerit
2169 3836 2282 3873 ma-

706 3915 909 3980 culam,
941 3930 1044 3968 nec
1072 3921 1407 3968 crescentem
1451 3912 1500 3964 in
1533 3921 1696 3966 cute:
1745 3913 1811 3967 si'
1832 3913 1976 3967 enim
2018 3913 2283 3966 crevisset

709 4017 1014 4076 peccatum.
1043 4012 1447 4075 augmentatum
1473 4005 1754 4059 transisset
1783 4005 1836 4058 in
1860 4020 2024 4059 carne
2052 4005 2278 4073 reliqua,

707 4098 1072 4166 diﬂ‘usumque
1101 4099 1274 4161 carni,
1303 4097 1638 4149 immundum
1673 4113 1818 4160 eum,
1841 4098 1932 4167 qui
1960 4098 2012 4149 in
2043 4097 2283 4151 deterius

708 4190 943 4261 proﬁcit,
975 4190 1292 4244 ostenderat
1323 4207 1335 4243 :
1375 4189 1465 4258 qui
1491 4205 1598 4243 non
1626 4191 1819 4254 crevit,
1853 4191 1946 4244 sed
1981 4190 2282 4261 permansit

710 4282 960 4336 similiter
1005 4289 1280 4351 aspectus,
1326 4283 1441 4336 sive
1494 4283 1703 4352 species
1765 4285 2068 4338 obscurior.
2139 4281 2281 4347 Quid

709 4375 856 4427 enim
886 4373 1168 4441 iniquitate
1188 4371 1476 4425 obscurius
1497 4381 1578 4426 est
1600 4372 1705 4426 ?de
1730 4388 1833 4442 qua
1856 4372 2090 4442 caligant
2116 4372 2280 4435 oculi,

711 4475 768 4519 ut
800 4480 975 4532 neque
1007 4465 1198 4521 Deum.
1229 4477 1406 4530 neque
1435 4463 1536 4515 hoc
1564 4463 1705 4530 quod
1727 4464 1965 4532 expedit,
1996 4462 2284 4532 perspicue

2361 1989 2528 2059 ginta.
2561 1997 2616 2043 et
2644 1989 2836 2044 dicunt
2859 2008 2871 2042 :
2894 1987 3030 2053 Quia
3062 1989 3208 2059 lepra
3237 1998 3333 2042 est.
3360 1989 3559 2058 Aperte
3587 1989 3734 2043 enim
3762 1990 3959 2057 hujus.

2360 2081 2453 2151 qui
2485 2081 2605 2136 talis
2634 2089 2736 2146 est,
2763 2081 2945 2136 anima
2989 2079 3054 2136 ad
3087 2079 3345 2151 profanas
3387 2080 3670 2135 declinans
3697 2082 3962 2150 volupta-

2363 2182 2486 2237 tes,
2531 2173 2745 2243 leprosa
2790 2172 2871 2228 ﬁt.
2916 2172 3210 2242 Propterea
3256 2181 3315 2226 et
3340 2170 3542 2226 Paulus
3589 2188 3714 2226 eum
3760 2173 3854 2242 qui
3903 2173 3964 2226 in

2371 2263 2641 2318 Corintho
2689 2263 2992 2318 fornicatus
3029 2265 3188 2331 est“,
3240 2266 3366 2335 quia
3403 2263 3728 2335 signiﬁcatio
3773 2262 3965 2331 passio

2363 2356 2487 2419 fuit,
2520 2355 2806 2410 manifesta
2837 2356 2985 2410 enim
3029 2366 3166 2420 erat,
3200 2373 3302 2412 nec
3335 2357 3733 2417 occultabatur,
3763 2371 3793 2408 a
3821 2371 3960 2408 san-

2365 2456 2580 2503 ctorum
2606 2448 2837 2501 removit
2869 2448 3243 2514 tabernaculo,
3273 2457 3330 2503 et
3348 2449 3488 2503 tradi
3531 2447 3746 2501 Satana:
3775 2448 3834 2499 in
3863 2447 3961 2500 in-

2367 2540 2590 2594 teritum
2632 2540 2812 2594 carnis
2859 2541 3141 2610 praecepit.
3185 2540 3288 2606 Qui
3334 2556 3459 2594 cum
3500 2539 3836 2609 inspexisset
3864 2554 3981 2592 se~

2368 2631 2548 2687 cunde
2593 2633 2926 2702 passionem,
2963 2639 3019 2686 et
3047 2632 3275 2687 vidisset
3306 2633 3434 2702 quia
3485 2648 3595 2685 non
3632 2632 3828 2693 crevit,
3863 2632 3968 2685 sed

2368 2734 2425 2779 et
2453 2739 2578 2779 eum
2604 2723 2922 2793 qui-passus
2949 2722 3128 2778 fuerat
3174 2739 3271 2793 per
3303 2723 3568 2793 lacrymas
3618 2723 3968 2792 poenitentia:

2369 2827 2576 2873 vestem
2624 2819 2801 2872 carnis
2845 2817 3125 2880 abluisse,
3179 2832 3209 2870 e
3240 2816 3470 2884 vestigio
3530 2815 3728 2882 suscipi
3770 2815 3966 2884 jussit.

2370 2907 2431 2962 ln
2464 2907 2599 2976 ipsis
2635 2916 2814 2961 autem
2845 2906 3162 2976 apostolicis
3200 2907 3315 2960 haec
3351 2905 3608 2975 intelligis
3635 2905 3846 2966 verbis,
3888 2906 3962 2958 de

2369 3017 2437 3055 eo
2481 3002 2627 3055 enim
2675 3001 2765 3070 qui
2814 3000 3114 3054 fornicatus
3156 3000 3323 3053 fuerit
3365 2999 3665 3053 Corinthiis
3696 2999 3968 3067 scripsit:

2372 3090 2594 3146 Omnino
2624 3092 2838 3144 auditur
2876 3092 3012 3144 inter
3040 3107 3127 3144 vos
3157 3089 3461 3160 fornicatio,
3495 3097 3546 3142 et
3577 3089 3699 3142 talia
3728 3090 3974 3157 fornica-

2375 3184 2469 3247 tio,
2502 3185 2674 3253 qualis
2704 3199 2794 3236 nec
2827 3184 2963 3236 inter
2994 3192 3185 3252 gentes,
3223 3183 3300 3234 ita
3331 3190 3388 3234 ut
3419 3197 3635 3234 uxorem
3675 3182 3851 3249 patris
3882 3182 3972 3234 sui

2379 3275 2495 3342 quis
2522 3274 2734 3326 habeat.
2793 3271 2933 3326 Ecce
2965 3271 3419 3342 signiﬁcationem
3464 3270 3688 3324 audisti.
3744 3269 3976 3324 Manife-

2378 3376 2458 3419 sta
2493 3365 2694 3435 quippe
2734 3364 3053 3434 fuitpassio,
3091 3365 3162 3417 ita
3193 3373 3251 3417 ut
3278 3378 3448 3432 usque
3475 3363 3542 3416 ad
3579 3363 3731 3416 Pauli
3765 3378 3974 3430 perve-

2379 3458 2522 3512 niret
2558 3458 2811 3522 auditus,
2859 3467 3084 3526 propter
3130 3457 3274 3524 quod
3331 3457 3397 3508 de
3449 3454 3802 3508 tabernaculo
3844 3472 3973 3509 eum

2379 3550 2503 3619 ejici
2552 3549 2831 3619 prmcepit.
2884 3550 2960 3602 lta
3008 3549 3210 3617 quippe
3250 3547 3385 3601 dicit
3423 3548 3584 3612 tradi,
3623 3547 3715 3615 qui
3771 3548 3974 3614 hujus-

2385 3641 2532 3695 modi
2572 3650 2677 3705 est,
2718 3639 2936 3694 Satanw
2970 3640 3025 3692 in
3059 3640 3336 3692 interitum
3389 3639 3585 3692 carnis.
3635 3636 3701 3691 Et
3741 3654 3973 3692 rursus:

2381 3736 2604 3805 Auferre
2645 3733 2846 3786 malum
2887 3735 2950 3786 de
2989 3733 3158 3785 medio
3203 3734 3383 3785 vestri.
3424 3731 3561 3797 Quia
3598 3741 3787 3785 autem
3829 3733 3976 3786 vidit

2381 3839 2589 3880 veStem
2644 3827 2824 3880 carnis
2875 3827 3122 3894 potentia
3183 3825 3540 3888 mundatam,
3601 3841 3796 3878 rursus
3849 3840 3978 3878 eum

2383 3919 2784 3988 suscipijussit.
2810 3918 2876 3971 Et
2896 3918 3169 3986 quomodo
3199 3918 3300 3972 hoc
3327 3927 3534 3971 certum
3569 3917 3695 3971 est?
3723 3916 3977 3979 Obsecro,

2385 4010 2578 4079 inquit,
2614 4009 2919 4078 conﬁrmati:
2962 4011 3016 4061 in
3052 4027 3110 4062 eo
3135 4011 3469 4072 clraritatem,
3513 4026 3576 4062 ne
3611 4011 3748 4079 forte
3780 4010 3983 4076 majori

2385 4104 2602 4156 tristitia
2655 4102 3079 4155 absorbeatur".
3119 4101 3257 4166 Quia
3311 4101 3618 4169 huiusmodi
3669 4112 3756 4154 est
3795 4120 3808 4154 :
3850 4117 3985 4172 ergo

2385 4194 2732 4248 manifestum
2774 4204 2909 4256 erat,
2942 4193 3068 4262 quia
3099 4193 3454 4262 pmnituerat,
3487 4201 3539 4246 et
3577 4201 3636 4246 ut
3663 4193 3716 4245 in
3754 4203 3986 4261 peccato

2384 4284 2759 4353 deprehensus
2773 4283 3494 4354 vehementeratlligebatur,
3527 4284 3732 4336 interea
3749 4299 3821 4336 ne
3850 4283 3984 4351 quid

2386 4391 2450 4429 ex
2515 4376 2684 4429 nimia
2725 4376 2946 4431 tristitia
2985 4385 3286 4445 pateretur,
3323 4391 3461 4428 neve
3497 4376 3550 4428 in
3593 4374 3986 4443 desperatione

2386 4474 2669 4520 corrueret
2710 4481 2966 4535 peccans,
2999 4467 3285 4536 przecurrit
3327 4466 3556 4530 Paulus,
3607 4474 3664 4520 et
3700 4482 3830 4520 eum
3889 4469 3985 4536 qui

709 4557 994 4610 intendere
1041 4556 1434 4625 permittamur.
1474 4553 1568 4608 Vel
1612 4555 1654 4609 si
1684 4566 1959 4624 aspectum
2001 4555 2283 4609 obscurio-
2317 4562 2494 4629 Djam
2529 4560 2813 4614 munditia:
2852 4559 3135 4612 restitutus
3187 4558 3384 4622 fuerat,
3446 4557 3646 4627 suscipi
3699 4559 3988 4628 praecepit.

709 4666 848 4712 rem,
883 4649 1101 4703 dubiam
1136 4646 1478 4716 quibusdam,
1514 4647 1883 4716 incertamque
1914 4647 2115 4700 dixeris
2155 4661 2283 4716 pec-

709 4740 815 4796 cati
846 4739 1238 4808 suspicionem,
1271 4738 1322 4791 id
1351 4747 1452 4800 est,
1488 4748 1666 4792 utrum
1700 4739 1790 4802 sit,
1833 4753 1900 4791 an
1928 4755 2060 4801 non,
2093 4753 2285 4792 neces-

710 4831 912 4884 sarium
941 4830 1104 4883 habet
1135 4837 1190 4882 et
1214 4829 1330 4882 hinc
1360 4829 1694 4883 sacerdotem
1727 4848 1738 4882 :
1792 4840 1978 4900 utpote
2012 4832 2103 4899 qui
2137 4830 2288 4884 novit

707 4921 982 4992 quomodo
1032 4920 1312 4974 munditiae
1342 4922 1611 4975 restituat.
1658 4920 1748 4975 Ille
1775 4932 1954 4994 autem
1991 4922 2287 4991 simplicio-

709 5029 824 5068 rem
871 5027 989 5066 eam
1032 5012 1381 5077 denuntians,
1419 5013 1770 5083 brevemque,
1808 5030 1942 5084 aqua
1990 5015 2151 5070 diluit
2198 5035 2289 5072 ve-

709 5108 988 5172 stimenta,
1037 5106 1376 5174 baptismatis
1434 5105 1707 5169 videlicet,
1749 5107 1864 5160 sive
1911 5108 2284 5175 pwnitentiae:

709 5209 794 5256 est
835 5199 984 5254 enim
1029 5197 1216 5252 efﬁcax
1262 5213 1401 5266 aqua
1451 5198 1792 5267 pmnitentia:
1838 5199 2091 5270 lacryma,
2123 5215 2286 5269 quam

711 5305 872 5345 nemo
900 5298 1089 5358 peccat
1111 5290 1295 5356 gratiae
1331 5289 1587 5357 reliquias
1630 5289 1954 5358 appellando
1993 5293 2290 5360 baptisma-

711 5383 801 5435 tis.
838 5379 993 5446 Quod
1030 5394 1160 5449 ergo
1189 5381 1262 5432 ita
1308 5395 1366 5432 se
1416 5379 1596 5441 habet,
1636 5381 1985 5450 Septuaginta
2018 5382 2287 5450 passionis

707 5471 1160 5542 signiﬁcationem
1193 5479 1482 5539 propterea
1512 5470 1828 5523 ediderunt:
1856 5471 1978 5540 quia
2017 5488 2137 5540 quze
2165 5483 2291 5526 sunt

709 5564 944 5627 occulta,
972 5578 1039 5616 ex
1069 5573 1222 5632 parte
1259 5563 1516 5632 prodidit,
1547 5573 1601 5615 et
1633 5563 1798 5617 latere
1829 5566 2143 5620 omnimodo
2181 5583 2290 5619 non

710 5657 980 5730 permisit,
1012 5657 1105 5712 sed
1140 5657 1376 5710 instituit
1421 5656 1755 5710 sacerdotem
1787 5659 1980 5712 medici
2031 5659 2200 5714 vicem
2237 5660 2289 5712 in

822 5844 869 5875 ⁸⁸
897 5860 917 5914 l
945 5858 1071 5914 Cor.
1104 5877 1154 5928 v,
1190 5861 1211 5914 l
1248 5877 1399 5931 seqq.
1480 5863 1521 5892 ετ
1554 5862 1594 5916 ll
1630 5863 1753 5917 Cor.
1789 5880 1845 5931 ιι,
1871 5863 1923 5932 7,
1951 5864 2007 5922 8.

2387 4649 2542 4715 Quod
2573 4659 2754 4703 autem
2803 4658 3009 4718 septem
3056 4650 3252 4703 diebus
3290 4665 3318 4702 a
3353 4649 3703 4704 tabernaculo
3737 4653 3854 4702 no’n
3903 4666 3992 4704 se-

2389 4742 2516 4805 mel,
2550 4742 2645 4795 sed
2685 4742 2767 4794 bis
2800 4741 3053 4795 sacerdos
3091 4751 3407 4810 susceptum
3439 4750 3655 4810 separat
3685 4782 3700 4804 ,
3733 4757 3990 4809 quaerere

2391 4843 2446 4886 et
2495 4833 2633 4887 scire
2672 4832 2949 4885 studiosos
2991 4841 3236 4900 oportet:
3281 4831 3550 4900 siquidem
3599 4831 3853 4886 secundo
3888 4833 3993 4886 hoc

2395 4927 2509 4980 fieri
2548 4926 2603 4978 in
2652 4925 2772 4996 lege
2808 4934 3035 4994 propter
3062 4926 3166 4979 hoc
3201 4935 3535 4994 praeceptum
3570 4933 3674 4988 est,
3713 4933 3773 4976 ut
3809 4934 3995 4978 ostea-

2394 5017 2550 5070 dcret
2596 5031 2708 5070 non
2769 5016 3136 5086 negligenter,
3192 5015 3287 5068 sed
3338 5015 3582 5068 studiose
3613 5029 3740 5067 eum
3780 5015 3994 5068 debere

2395 5108 2611 5178 inspici,
2649 5118 2704 5162 et
2749 5109 2950 5178 duplici
2989 5108 3312 5178 probatione
3346 5116 3641 5171 transacta,
3685 5108 3998 5161 districtius

2394 5202 2447 5254 in
2479 5215 2545 5254 eo
2592 5201 2719 5255 ferri
2754 5202 3056 5271 judicium:
3101 5200 3454 5254 manifestum
3502 5201 3708 5270 quippe
3746 5210 3871 5252 erat
3911 5217 4000 5254 sa-

2392 5291 2596 5345 cerdoti
2644 5302 2949 5361 peccatum.
2982 5293 3086 5346 Sed
3118 5309 3242 5347 cum
3294 5293 3538 5346 animum
3582 5293 3832 5361 passioni
3872 5307 4001 5345 con-

2394 5382 2723 5435 sentientem
2751 5384 3153 5452 suspicabatur,
3189 5399 3297 5436 non
3324 5393 3505 5438 tamen
3530 5381 3822 5435 manifeste
3855 5384 4000 5436 scie-

2400 5474 2510 5540 bat,
2545 5475 2854 5530 necessarie
2888 5477 3037 5529 illum
3073 5476 3630 5545 itcruminspiciebat.
3667 5477 3762 5529 Est
3785 5478 4002 5545 quippe

2401 5568 2710 5632 invisibilis,
2747 5579 2802 5623 et
2832 5570 2896 5623 ad
2939 5571 3336 5640 inspectionem
3369 5570 3625 5624 diflicilis.
3665 5568 3778 5622 lloc.
3807 5569 4000 5623 Domi-

2403 5676 2505 5714 nus
2533 5675 2640 5714 non
2673 5662 2838 5716 scniel
2875 5661 3014 5716 Petri
3047 5663 3289 5716 animum
3329 5672 3451 5733 post
3492 5662 3868 5732 negationem,
3903 5661 4000 5716 sed
