4218 6450
269 394 372 456 937

1405 411 1481 472 IN
1524 415 1962 476 LEVITIL‘UM.
2002 446 2068 452 -η
2112 424 2256 484 Li'd.
2300 428 2394 488 Π.

3429 453 3531 516 938

265 510 526 574 secundo,
555 527 618 568 ac
665 516 846 579 tertio,
903 519 1356 586 quemadmodum
1385 539 1443 579 se
1487 526 1731 593 haberet,
1761 528 1842 581 iu-
1877 537 1917 590 Α
1949 546 2050 584 nec
2075 533 2323 591 distinxit
2353 537 2406 590 in
2440 541 2635 604 medio,
2668 552 2725 596 ut
2757 545 3001 600 videatur
3019 566 3272 606 everrere
3290 559 3529 617 studioso

264 604 584 668 terrOgat",
630 622 736 659 non
775 617 834 661 ut
866 608 1120 678 ignorans
1151 630 1164 665 :
1216 615 1320 667 hoc
1345 618 1489 669 enim
1522 618 1574 670 in
1617 635 1843 689 respon-

262 689 507 749 sionibus
554 697 667 748 suis
726 698 842 768 ipse
895 699 1087 757 Petrus
1141 707 1427 761 manifeste
1461 711 1675 778 prohat,
1705 730 1843 783 quas

261 791 445 848 aperte
475 785 588 852 ipse
621 787 687 840 ad
721 789 981 844 scientem
1016 793 1266 864 nihilque
1295 796 1633 866 ignorantem
1681 805 1842 859 refer-

262 881 359 932 τ‹·ι,
418 877 512 929 sed
560 893 664 946 qua
711 880 1126 950 dispositionem
1175 894 1620 956 perscrutahatur
1649 899 1837 964 animi,

258 963 470 1018 dicebat
497 969 699 1037 quippe
733 989 745 1023 :
777 970 957 1026 Simon
985 974 1146 1041 Jona,
1177 996 1325 1034 urnas
1356 986 1478 1036 me?
1508 985 1710 1041 Docere
1738 1007 1839 1046 nos

257 1055 423 1108 voluit
451 1062 728 1124 quomodo
757 1073 1258 1132 perscrutaremur,
1298 1082 1353 1126 et
1378 1079 1651 1142 quomodo
1684 1080 1836 1148 judi-

254 1159 502 1201 caretnus
534 1167 547 1202 :
599 1166 696 1218 per
747 1153 1088 1223 frequentem
1122 1161 1373 1217 videlicet
1402 1165 1831 1234 inquisitiom-m.

252 1235 471 1304 Septem
503 1250 683 1296 autem
742 1245 860 1298 dies
895 1263 1002 1302 non
1033 1250 1234 1306 frustra
1291 1258 1494 1324 posuit,
1526 1263 1620 1316 sed
1651 1275 1708 1317 ut
1737 1283 1833 1316 tev—

251 1328 547 1383 cessarium
589 1336 845 1400 praesenti
879 1338 1170 1395 intentioni
1202 1361 1488 1403 numerum
1519 1351 1828 1419 honoravit,

251 1417 303 1467 in
336 1418 454 1486 ipso
481 1423 683 1492 quippe
710 1441 874 1482 omne
922 1431 1201 1488 vinculum
1257 1441 1544 1510 omnisque
1571 1446 1830 1517 obligatio

249 1522 313 1559 ex
366 1509 481 1576 lege
525 1517 788 1571 cessabat.
841 1520 973 1576 Nam
1023 1529 1182 1581 annis
1237 1541 1442 1599 septem
1474 1532 1826 1595 Hebraeorum

249 1599 594 1659 relaxabatur
642 1611 946 1667 servitium.
984 1616 1212 1673 Jubilaeo
1239 1634 1441 1690 autem,
1493 1631 1583 1698 qui
1613 1641 1822 1701 septem

245 1696 527 1748 constabat
563 1697 1014 1770 hebdomadibus,
1045 1712 1288 1766 omnium
1316 1696 1523 1773 Judaais
1555 1696 1822 1778 concede-

247 1781 402 1836 batur
451 1788 696 1842 remissio
732 1794 1063 1865 debitorum,
1090 1812 1144 1856 et
1168 1808 1348 1861 omnis
1386 1819 1528 1868 terra
1558 1830 1745 1870 eorum
1787 1834 1814 1871 a

244 1876 567 1940 possidentis
608 1885 818 1938 credito
852 1887 1099 1955 liberata,
1129 1900 1457 1955 anteriorem
1501 1909 1814 1963 reverteba-

244 1973 330 2016 tur
355 1969 419 2021 ad
470 1971 773 2030 dominum.
815 1977 919 2034 Sed
951 1993 1005 2036 et
1036 1984 1413 2057 Babylonicum
1442 1999 1621 2066 populi
1657 2003 1823 2071 capti-

242 2057 463 2113 vitatem
540 2072 944 2138 septuagesimo
992 2091 1136 2133 anno
1166 2079 1470 2141 Jerusalem
1516 2092 1818 2150 restitutam

237 2144 404 2203 fuisse
473 2159 850 2223 cognovimus.
913 2165 1202 2237 Propterea
1258 2175 1449 2232 Petrus
1499 2197 1527 2234 a
1592 2183 1819 2240 Domino

238 2240 478 2309 inquirit,
509 2247 700 2304 dicens
733 2271 744 2305 :
792 2255 849 2308 Si
890 2267 1178 2325 peccaverit
1227 2269 1280 2320 in
1314 2287 1392 2323 me
1428 2275 1595 2342 frater
1649 2297 1815 2346 meus,

235 2337 433 2400 quoties
457 2340 670 2394 dimitto
701 2346 770 2407 ei,
798 2365 956 2418 usque
983 2357 1179 2423 septies
1203 2359 1228 2410 .9
1263 2360 1359 2414 Ille
1389 2375 1566 2419 autent
1599 2387 1813 2441 respon-

1041 2422 1045 2423 ί

233 2422 309 2472 dit
328 2439 346 2476 :
367 2425 482 2480 Non
513 2431 628 2484 dico
651 2435 764 2500 tibi,
792 2455 955 2509 usque
984 2446 1188 2510 septies,
1220 2451 1310 2502 sed
1335 2470 1493 2524 usque
1519 2465 1815 2533 septuagies

230 2518 499 2582 septies”.
569 2525 1048 2602 lnquisiliouisque
1094 2540 1445 2606 pusillitatetn
1508 2518 1811 2620 reprehen-

229 2604 385 2671 dens,
415 2612 528 2668 ait:
573 2614 692 2669 Non
727 2621 841 2674 dico
872 2625 964 2677 tibi
1005 2604 1215 2696 septies.
1258 2632 1325 2689 Et
1372 2604 1615 2698 subdidit
1645 2604 1814 2701 *ε’-ἐξά

230 2711 391 2764 usque
442 2710 738 2776 septuagies
783 2715 971 2781 septies
987 2717 1056 2771 ⁹⁰.
1105 2721 1245 2792 Ergo
1272 2739 1375 2780 nec
1401 2728 1480 2783 sic
1507 2732 1575 2786 ab
1616 2738 1806 2791 eodem

227 2800 404 2843 cessat
459 2809 707 2864 numero,
773 2805 865 2859 sed
925 2807 1102 2877 ipsum
1157 2817 1542 2888 multiplicans,
1592 2842 1714 2882 cum
1741 2847 1807 2885 eo

227 2879 554 2950 multiplicat
614 2899 667 2942 et
719 2895 1115 2956 remissionem.
1149 2902 1202 2958 Si
1234 2910 1356 2976 quis
1382 2920 1563 2968 autem
1614 2934 1804 2976 rursus

225 2970 483 3039 inquirat,
514 2993 674 3046 quam
706 2984 774 3037 ob
815 3002 1036 3044 causam
1077 3010 1366 3053 numerum
1412 3003 1558 3060 hunc
1583 3007 1637 3062 in
1665 3025 1804 3079 prae-

228 3059 302 3079 -Ii-
321 3061 380 3079 ιῗ-
639 3070 649 3079 ²
827 3075 838 3079 ’
911 3077 919 3079 “

221 3059 385 3113 dictis
433 3070 679 3132 posuerit
721 3075 995 3143 capitulis,
1033 3081 1255 3140 brevem
1289 3089 1578 3150 innuemus
1628 3059 1800 3156 uitio-

223 3165 350 3204 nem
381 3169 395 3205 :
426 3170 606 3212 moras
631 3163 852 3233 quippe,
884 3168 1011 3224 dum
1039 3175 1105 3228 ad
1158 3177 1261 3233 alia
1289 3187 1595 3243 necessaria
1637 3208 1798 3262 urge-
1827 3220 1871 3279 ρ

224 3255 344 3279 mm
423 3246 534 3279 nm:
591 3261 803 3279 tum..-“
868 3275 968 3279 ..μγ
1269 3272 1298 3279 .-

222 3255 366 3304 mus,
422 3246 535 3301 ﬁeri
591 3261 806 3323 tempus
867 3275 978 3314 non
1010 3266 1234 3333 patitur.
1267 3272 1623 3343 Septenarius
1671 3246 1800 3355 ergo

223 3347 485 3391 numerus
539 3343 703 3397 totius
764 3347 963 3406 habere
1018 3363 1306 3422 praesentis
1367 3369 1489 3422 vitae
1558 3376 1803 3430 creditur

222 3423 639 3498 plenitudinem,
685 3453 806 3505 quae
834 3441 886 3494 in
926 3460 985 3500 se
1012 3461 1216 3519 septem
1262 3457 1454 3515 diebus
1483 3475 1614 3520 rota:
1641 3471 1802 3526 modo

220 3517 474 3586 volvitur,
520 3540 628 3593 quo
663 3535 954 3601 completo,
987 3550 1134 3595 recte
1161 3560 1321 3602 omne
1353 3552 1627 3610 vinculum
1681 3577 1799 3615 om-

216 3619 394 3674 neque
449 3627 731 3679 pecratum
786 3627 972 3680 saeculi
1019 3645 1213 3698 cessat,
1248 3647 1408 3708 atque
1438 3659 1598 3702 omne
1626 3652 1795 3704 servi-

218 3694 376 3750 tium.
409 3702 769 3766 Quamobrem
801 3719 1027 3784 septima
1066 3723 1116 3775 in
1142 3726 1340 3783 divinis
1371 3734 1672 3803 Scripturis
1712 3761 1796 3795 re-

212 3788 370 3854 quies
398 3796 1196 3872 nominatur,quemadmodum
1215 3832 1268 3872 et
1293 3820 1494 3879 Paulus
1519 3829 1585 3881 de
1616 3831 1792 3902 Moyse

212 3877 284 3902 ..τι
321 3900 330 3902 -
372 3882 427 3902 11⁷
475 3887 506 3902 ⁸-
603 3891 612 3900 ·
720 3895 730 3902 ·

209 3877 289 3930 ait
320 3900 330 3932 :
366 3882 506 3937 Dixit
529 3891 664 3942 enim
714 3895 766 3946 in
800 3902 1025 3966 quodam
1073 3905 1184 3959 loco
1226 3911 1308 3963 die
1336 3922 1558 3983 septima
1579 3937 1596 3972 .·
1623 3893 1714 3975 sui
1742 3934 1789 3978 et

208 3975 428 4025 cessavit
492 3977 626 4032 Deus
655 3985 718 4036 ab
762 3993 1001 4046 omnibus
1048 4001 1287 4064 operibus
1308 4007 1497 4060 suis“.
1531 4011 1594 4063 Et
1626 4015 1785 4080 paulo

206 4071 331 4126 post
360 4066 601 4123 subdidit
632 4093 642 4125 :
673 4071 772 4136 Qui
799 4089 974 4133 autem
1005 4083 1223 4139 intravit
1271 4091 1324 4142 in
1384 4066 1780 4167 requiem-ejus,

204 4158 255 4200 et
301 4151 406 4218 ipse
445 4161 700 4228 requievit
734 4172 797 4218 ab
857 4175 1098 4240 operibus
1126 4181 1265 4245 suis,
1319 4185 1450 4237 sicut
1499 4196 1547 4240 et
1581 4206 1613 4240 a
1674 4194 1782 4244 suis

204 4239 345 4296 Deus
360 4245 427 4298 ".
459 4245 564 4304 Sed
601 4263 656 4307 et
694 4239 1050 4318 Ecclesiastes
1077 4269 1192 4322 ait:
1229 4271 1309 4323 Da
1338 4283 1513 4339 partes
1558 4289 1776 4346 septem,

206 4347 399 4390 necnon
456 4348 505 4392 et
560 4347 749 4401 octo”.
802 4348 1200 4413 Providentiam
1254 4363 1440 4418 haberi
1492 4375 1778 4436 pnesentis

197 4426 384 4479 saeculi
413 4434 732 4504 praecipiens
757 4450 810 4495 et
835 4443 1021 4513 futuri,
1049 4463 1315 4519 quatenus
1343 4461 1421 4515 sic
1452 4464 1501 4514 in
1533 4481 1774 4533 prmsen-

1067 4513 1081 4519 _
1406 4513 1417 4515 ,
1474 4513 1497 4514 η
1534 4513 1741 4533 rem-

202 4513 238 4565 ti
291 4521 492 4575 saeculo
517 4525 785 4595 vivamus,
837 4535 982 4592 sicut
1004 4555 1388 4612 exspectantes
1416 4553 1681 4610 futurum.
1714 4559 1777 4614 Et

197 4607 319 4663 haec
365 4615 583 4680 quidem
637 4621 708 4674 ita
757 4639 815 4678 se
840 4627 1063 4697 habent,
1093 4607 1187 4690 sed
1215 4655 1338 4694 cum
1371 4646 1561 4715 majori
1589 4651 1776 4706 studio

193 4709 328 4752 sunt
352 4703 688 4764 discutienda
721 4720 1024 4785 sequentia.

271 4789 428 4846 Vsus.
457 4797 608 4852 9-H.
637 4818 658 4850 ο
693 4802 848 4876 Plaga
890 4810 1052 4879 lepra:
1118 4817 1160 4869 si
1197 4817 1359 4874 fuerit
1417 4822 1474 4877 in
1530 4826 1770 4896 homine,

187 4880 492 4939 adducetur
519 4891 585 4943 ad
627 4899 986 4965 sacerdotem,
1021 4914 1076 4958 et
1108 4907 1313 4965 videbit
1351 4929 1496 4970 eum.
1531 4880 1773 4991 Cumque

186 4970 342 5023 color
367 4973 590 5030 albusiu
627 4992 750 5036 cute
789 4985 971 5052 fuerit,
1025 5000 1081 5045 et
1117 4996 1434 5063 capillorum
1479 4970 1771 5064 mutaverit

184 5074 494 5130 aspectum,
542 5071 653 5139 ipsa
682 5090 898 5146 quoque
931 5097 1059 5137 caro
1099 5086 1218 5141 viva
1265 5095 1567 5160 apparebit,
1620 5098 1769 5168 lepra

184 5154 551 5210 vetustissima
579 5161 939 5230 iudicabitur,
983 5179 1145 5242 atque
1168 5154 1354 5234 inclita
1402 5186 1534 5238 cuti.
1565 5154 1768 5243 Con-ta-

180 5240 416 5296 minabit
451 5244 630 5316 itaque
656 5269 778 5308 eum
808 5261 1082 5319 sacerdos.
1115 5274 1170 5320 et
1199 5283 1307 5322 non
1347 5273 1613 5340 recludet,
1640 5281 1764 5348 quia

177 5333 473 5399 perspicue
502 5338 842 5401 itnmunditia
862 5360 963 5404 est.
1002 5371 1020 5403 ι

163 5719 498 5804 ’.ι-10311.
535 5745 647 5804 ast,
685 5736 869 5792 lii-l7.

207 5786 388 5842 ’Hebr
435 5811 508 5859 lx,
537 5801 577 5851 l.

381 5887 654 5954 Parnm“
685 5898 801 5957 Gn.
837 5900 953 5959 XCI
968 5905 983 5963 l
998 5907 1039 5962 ι.

946 5743 991 5773 θ’
1023 5745 1208 5802 Matth.
1242 5766 1400 5816 xvtn,
1422 5755 1509 5809 21.

1610 5760 1654 5790 ⁸⁸
1689 5761 1820 5816 ibid.
1859 5764 1950 5820 22.

1948 621 2216 694 frequenti
2245 631 2373 701 legis
2406 633 2754 700 meditatione
2804 644 3141 698 nn'tnoriam.
3205 647 3280 702 De
3329 653 3528 718 quibus

1945 718 2090 771 enim
2133 724 2385 791 superius
2421 726 2578 795 plane
2611 738 2772 799 atque
2797 735 3129 791 su‘licieuter
3156 745 3423 810 exposuit.
3459 748 3526 800 dc

1946 808 2028 861 his
2082 811 2196 867 haec
2253 831 2441 871 rursus
2486 830 2715 889 apparet
2769 824 3043 895 legislator
3085 808 3318 900 adjicere
3362 856 3372 889 :
3427 841 3522 894 sed

1944 915 2050 953 non
2083 903 2153 956 ita
2184 912 2286 968 est,
2324 923 2447 962 nam
2479 912 2579 964 etsi
2604 913 2782 967 verbis
2815 924 2897 970 est
2929 921 3253 987 proximum,
3289 929 3522 982 multum

1943 999 2120 1044 t:unen
2147 995 2418 1052 diversam
2478 1011 2641 1070 atque
2695 1003 3036 1062 differenten!
3069 1009 3233 1065 habet
3261 1013 3520 1070 intentio-

1939 1097 2081 1136 nem.
2115 1085 2214 1140 llic
2244 1089 2512 1157 siquidem
2532 1109 2640 1146 non
2672 1095 2738 1180 de
2777 1100 3022 1166 quolibet
3050 1103 3371 1172 simpliciter
3391 1126 3519 1177 pec-

1935 1184 2075 1238 cato,
2103 1177 2197 1230 sed
2226 1179 2292 1231 de
2339 1183 2622 1239 manifesta
2683 1177 3113 1260 transgressione
3161 1198 3348 1265 legalis
3388 1203 3519 1256 dicit

1934 1262 2146 1330 litterae,
2211 1282 2433 1341 propter
2476 1278 2618 1345 quod
2682 1281 2891 1359 plagam
2960 1285 3143 1355 leprtc,
3205 1262 3515 1359 passionem

1936 1352 2104 1422 ipsam
2135 1361 2449 1427 appellavit.
2495 1365 2612 1420 Non
2644 1352 2960 1440 ignoramus
3000 1352 3218 1439 autem,-
3257 1382 3381 1449 quia
3435 1386 3516 1438 le-

1931 1462 2081 1514 pram
2117 1451 2422 1510 dixerimus
2459 1459 2594 1529 legis
2650 1477 2772 1517 esse
2821 1468 3346 1534 praevaricationem,
3385 1477 3511 1543 quia

1928 1550 2088 1595 nocet
2126 1545 2311 1611 etiam,
2357 1563 2479 1602 cum
2507 1552 2845 1619 particularis
2874 1558 2965 1621 sit,
3000 1559 3140 1615 sicut
3180 1563 3350 1633 lepra,
3389 1567 3514 1623 licet

1927 1644 2144 1696 parvam
2159 1645 2368 1703 partem
2394 1644 2819 1711 comprehendat
2842 1652 3103 1718 corporis.
3133 1652 3305 1718 Quam
3338 1658 3508 1728 legem

1923 1728 2104 1775 autem
2136 1725 2466 1784 existimavit
2497 1735 2768 1802 propriam
2793 1737 2815 1788 ?
2840 1737 2958 1791 Non
2981 1755 3122 1803 eam.
3159 1758 3280 1812 quae
3322 1756 3406 1800 est
3437 1749 3505 1802 de

1927 1810 2125 1867 invidia
2159 1823 2215 1870 et
2246 1819 2534 1887 adulterio,
2578 1828 2873 1895 rapacitate
2919 1841 2973 1884 et
3022 1810 3280 1905 avariiia!,
3339 1849 3391 1892 et
3440 1841 3507 1895 de

1927 1901 2257 1960 honorandis
2292 1913 2631 1978 parentibus,
2666 1931 2790 1970 nam
2823 1919 3012 1974 similis
3042 1923 3128 1976 lex
3151 1935 3268 1978 erat
3288 1937 3342 1981 et
3372 1946 3503 1997 gen-

1928 1994 2104 2060 tibus;
2132 2001 2227 2053 sed
2263 2016 2402 2068 eam,
2436 2021 2555 2073 quae
2591 2009 2657 2061 de
2683 2010 2966 2066 sacrificiis
3005 2024 3059 2068 et
3109 2018 3502 2084 purificationi-

1925 2085 2026 2140 bus
2047 2091 2367 2149 saneiebat:
2418 2097 2537 2151 Non
2591 2109 2796 2172 tangas,
2828 2120 2936 2159 non
2980 2119 3183 2176 gustes,
3224 2127 3330 2166 non
3366 2130 3502 2168 con-

1924 2185 2124 2232 trectes
2152 2195 2293 2247 eam,
2331 2199 2452 2253 quae
2497 2188 2812 2245 circumcidi
2854 2210 3075 2250 carnem
3121 2200 3333 2267 jubeat.
3372 2203 3500 2259 Ilasc

1920 2268 2064 2322 cnim
2089 2275 2388 2342 erantejus
2428 2281 2666 2348 propria,
2717 2299 2838 2337 cum
2878 2289 3132 2356 gentibus
3152 2297 3495 2349 communio-

1921 2369 2046 2408 nem
2071 2372 2178 2411 non
2216 2360 2490 2418 habentia.
2532 2368 2587 2421 Si
2642 2386 2790 2443 ergo.
2833 2375 2986 2445 plaga
3023 2378 3185 2445 hujus
3240 2381 3403 2451 lepra:
3441 2385 3497 2442 in

1919 2447 2137 2504 homine
2167 2462 2283 2507 orta
2303 2455 2483 2523 fuerit,
2507 2470 2561 2513 et
2592 2461 2780 2518 videns
2827 2480 2952 2521 eum
3004 2474 3277 2539 sacerdos,
3314 2479 3493 2533 admm

1915 2540 2154 2596 colorem
2180 2545 2231 2598 iu
2260 2559 2385 2601 cute
2429 2558 2785 2620 perspexerit,
2841 2563 3346 2627 praevaricationem
3381 2588 3494 2624 ma"

1914 2630 2188 2698 nilestam,
2265 2649 2619 2715 apertamque
2664 2644 3006 2714 litterallie,
3040 2668 3163 2724 quae
3216 2659 3494 2714 voluntate

1913 2731 2075 2790 atque
2100 2738 2164 2777 ex
2199 2727 2380 2781 studio
2411 2732 2618 2799 egerit:
2667 2734 2769 2788 hoc
2790 2736 2936 2791 enim
2995 2751 3117 2795 esse
3172 2745 3496 2814 capillorum

1911 2824 2190 2882 aspectum
2230 2818 2284 2871 in
2319 2820 2501 2874 album
2530 2826 2747 2888 mutari,
2787 2827 2839 2882 id
2897 2839 3002 2895 est,
3034 2845 3219 2902 aperte
3252 2839 3491 2894 animum

1910 2902 1962 2955 in
1987 2904 2164 2975 aliqua
2197 2913 2643 2978 prmvaricatione
2707 2920 3008 2987 transferri,
3062 2928 3314 2997 superius
3349 2931 3493 2986 dixi-

1911 3008 2051 3049 mus.
2088 2996 2462 3056 Habetautem
2506 3005 2621 3075 ipsa
2655 3009 2866 3077 species
2919 3013 3097 3068 vivam
3139 3032 3383 3086 carnem,
3433 3033 3492 3078 ut

1909 3086 1998 3154 qui
2043 3089 2320 3158 videlicet,
2370 3097 2473 3150 etsi
2508 3098 2562 3151 in
2591 3100 2774 3170 aliquo
2808 3107 3221 3176 transgreditur,
3276 3114 3331 3166 in
3371 3116 3490 3170 aliis

1908 3186 2088 3234 tamen
2122 3183 2293 3254 legem
2323 3187 2586 3244 defendit.
2621 3191 2792 3257 Quam
2819 3194 3020 3253 frustra
3050 3215 3240 3258 sanam
3267 3222 3489 3264 carnem

1910 3273 2224 3340 appellaret,
2248 3278 2356 3332 nisi
2387 3290 2442 3334 et
2476 3282 2670 3338 beatus
2687 3286 2886 3342 Paulus
2911 3290 2988 3344 sic
3023 3293 3166 3347 illam
3185 3300 3488 3365 appellasse

1908 3362 2209 3432 videretur,
2240 3370 2316 3424 ait
2358 3373 2506 3427 enim
2570 3395 2581 3427 :
2647 3377 3056 3447 Justiﬁcationes
3114 3390 3289 3442 carnis
3331 3409 3489 3461 usque

1908 3454 1978 3506 ad
2006 3464 2206 3527 tempus
2236 3466 2569 3520 correctionis
2592 3468 2862 3532 imponitis
2901 3472 2965 3527 ’⁸.

1977 3546 2144 3615 Lepra
2166 3557 2517 3610 vetustissima
2541 3560 2886 3628 judico-bitur.
2935 3565 3294 3626 Conseuescit
3337 3576 3486 3631 enim

1903 3649 2144 3706 peccato,
2177 3654 2232 3698 et
2261 3650 2652 3719 corrumpitur,
2701 3654 2828 3722 quia
2875 3673 3110 3728 pugnam
3141 3662 3194 3714 in
3228 3679 3287 3718 se
3310 3668 3486 3722 conti-

1902 3743 2085 3795 uuam,
2114 3740 2166 3785 et
2203 3735 2372 3791 rivam
2405 3739 2587 3807 habet,
2621 3743 2749 3798 dum
2773 3745 2825 3799 in
2846 3749 3120 3817 aliquibus
3175 3753 3347 3825 legem
3387 3759 3482 3812 de-

1897 3819 2076 3886 spicit.
2100 3822 2151 3875 in
2181 3827 2457 3894 aliquibus
2481 3832 2751 3891 defendit.

1969 3911 2187 3979 Propter
2200 3921 2340 3986 quod
2367 3937 2484 3975 eum
2513 3928 2840 3982 contaminat
2858 3935 3102 3988 sacerdos
3121 3945 3169 3989 et
3191 3955 3290 3992 non
3309 3944 3476 3996 νεοίη-

1892 4003 1986 4053 rlit.
2009 4003 2101 4057 Vel
2123 4009 2261 4062 sicut
2289 4011 2446 4074 LXX,
2475 4025 2521 4066 et
2539 4029 2775 4084 separat,
2795 4024 2918 4090 quia
2945 4028 3481 4094 perspicuaimmun-

1889 4092 2018 4145 ditia
2043 4105 2145 4148 est.
2165 4097 2447 4163 Quomodo
2471 4107 2616 4161 enim
2644 4125 2750 4164 non
2773 4113 3158 4171 abominabilis
3173 4128 3227 4173 et
3249 4121 3479 4178 immun-

1888 4181 1990 4235 dus
2021 4195 2123 4250 est,
2151 4190 2242 4256 qui
2266 4192 2436 4260 legem
2463 4196 2773 4263 inbonorat,
2793 4219 2953 4271 quam
2973 4206 3087 4276 ipse
3109 4210 3207 4264 sibi
3229 4225 3477 4269 necessa-

1887 4273 2019 4328 riam
2036 4290 2158 4332 esse
2174 4295 2236 4332 ex
2253 4292 2405 4350 parte
2423 4289 2799 4356 custodiendo,
2816 4296 3102 4352 confirmat
3124 4299 3147 4351 ?
3171 4301 3305 4366 Quia
3328 4306 3477 4361 enim

1891 4364 2008 4420 haec
2035 4368 2088 4420 in
2112 4371 2572 4442 subsequentibus
2592 4381 2857 4451 planiora,
2893 4388 3163 4459 nimisque
3189 4364 3476 4452 manifesta

1881 4454 2035 4525 fiunt,
2055 4460 2123 4515 ad
2137 4477 2200 4517 ea
2213 4463 2329 4532 ipsa
2343 4483 2442 4522 nos
2453 4470 2564 4538 jam
2581 4475 2774 4530 ordine
2789 4493 2906 4532 com
2914 4454 3148 4549 pellente
3167 4500 3470 4557 pergamus.

1812 4563 1855 4617 ι)
1956 4547 2117 4604 Vsus.
2140 4553 2331 4611 12-17.
2362 4575 2382 4609 α
2440 4559 2535 4614 Sin
2576 4573 2760 4620 autem
2817 4547 3120 4628 emeruerit
3159 4547 3474 4633 discvurrens

1884 4637 2032 4707 lepra
2067 4639 2122 4695 in
2153 4651 2298 4711 cute,
2318 4655 2373 4702 et
2406 4656 2687 4720 operuerit
2716 4672 2936 4714 omnem
2995 4673 3178 4719 cutem
3221 4682 3251 4721 a
3293 4671 3474 4740 capite

1885 4745 2056 4802 usque
2085 4735 2153 4789 ad
2180 4739 2368 4806 pedes,
2409 4751 2463 4795 et
2483 4744 2745 4815 quidquid
2796 4752 2900 4806 sub
2929 4766 3156 4824 aspectu
3183 4735 3470 4817 oculorum

1881 4823 2045 4887 cadit,
2073 4829 2441 4887 considerabit
2479 4850 2608 4890 eum
2660 4844 2937 4910 sacerdos,
2986 4856 3042 4902 ct
3089 4850 3261 4905 teneri
3320 4854 3469 4924 lepra

1882 4917 2241 4974 mundissima
2256 4922 2548 4993 iudicabit,
2591 4945 2658 4984 eo
2674 4935 2820 5001 quod
2848 4939 3027 4994 omnis
3058 4941 3111 4994 in
3172 4947 3468 5005 candorem

1879 5021 2033 5062 versa
2064 5009 2152 5064 sit.
2178 5011 2244 5066 Et
2265 5012 2470 5070 idcirco
2492 5018 2656 5074 homo
2677 5025 2914 5081 mundus
2933 5030 3058 5084 erit.
3089 5031 3320 5096 Quando
3339 5054 3469 5092 vero

1877 5113 2008 5152 caro
2029 5101 2223 5157 vivens
2253 5106 2307 5159 in
2344 5122 2412 5160 eo
2443 5115 2780 5180 apparuerit,
2813 5125 2945 5173 tunc
2990 5126 3293 5181 sacerd0tis
3317 5129 3468 5197 judi-

1875 5191 1960 5243 cio
1983 5192 2274 5260 polluetur,
2303 5209 2359 5252 et
2405 5200 2877 5263 interimmundos
2900 5216 3261 5282 reputabitur.
3325 5219 3467 5276 Caro

1874 5283 2020 5338 enim
2043 5287 2183 5352 viva,
2208 5290 2250 5343 si
2275 5291 2424 5360 lepra
2450 5308 2792 5368 aspergatur,
2832 5302 3115 5361 immunda
3147 5318 3254 5365 est.
3307 5310 3463 5377 Quod

1874 5374 1917 5426 si
1945 5392 2134 5431 rursus
2161 5396 2314 5435 versa
2349 5383 2509 5438 fuerit
2549 5387 2603 5440 in
2662 5390 2971 5449 albedinem
2991 5409 3044 5451 et
3075 5408 3247 5455 totum
3283 5403 3462 5459 homi-

1872 5482 1998 5521 nem
2029 5474 2332 5540 operuerit,
2365 5478 2736 5533 considerabit
2764 5499 2890 5538 eum
2919 5491 3174 5545 sacerdos
3207 5506 3259 5549 et
3297 5512 3460 5550 mnu-

1871 5559 1998 5612 dmn
2022 5577 2142 5618 esse
2176 5566 2452 5621 decernet.
2493 5588 2512 5620 ι

2051 5771 2087 5801 ⁸·
2128 5770 2293 5828 llcbr.
2340 5792 2412 5839 tv,
2441 5777 2493 5830 ι.
2600 5781 2644 5812 ⁹¹
2675 5782 2807 5838 ibid.
2836 5784 2916 5839 l0.
3007 5789 3052 5819 ⁸³
3085 5788 3262 5846 Ecclc.
3295 5808 3368 5853 XI.
3393 5793 3449 5848 2.

3049 5950 3123 6012 30
