4218 6450
810 370 915 433 943

1996 364 2360 424 llEril't'liill

2496 364 2873 425 ιῐὶἓΒὶἼἙξὶΙ
3976 376 4067 435 ﬂii

810 492 1027 548 nostra,
1048 483 1149 537 nisi
1175 497 1458 552 corporum
1512 481 1777 549 voluptas,
1831 478 2139 531 ctehrietas
2208 486 2261 528 et
2286 494 2388 540 γι-
2418 485 2459 539 Α
2494 479 2835 541 necessaria,
2880 490 2935 532 et
2985 481 3101 535 sine
3152 486 3349 552 quibus
3383 501 3487 534 ιιυιι
3520 492 3727 551 ιυιςεῑ,
3792 484 3935 535 sicut
3978 502 4066 535 me

812 574 1205 646 στριμαργίαε
1265 571 1391 626 "ate
1452 583 1631 625 autem
1689 570 1992 623 luxuriante
2048 581 2275 635 corpore
2329 575 2381 619 et

808 690 863 724 ιιι
894 672 1187 738 ευπιεῑὶρδο
1224 669 1505 723 exsiliente
1562 668 1909 737 proveniunt.
1963 664 2103 734 Ignis
2175 671 2381 723 autem,

812 764 981 831 major
1010 762 1228 823 invidia,
1269 760 1411 831 ignis
1440 761 1614 811 latens
1643 767 1698 810 et
1742 769 2076 810 consumens
2124 752 2382 821 paulatim

812 858 1099 911 habentem
1132 869 1211 915 se,
1266 860 1489 921 propter
1510 851 1653 917 quod
1680 850 1841 902 Isaias
1884 848 1959 899 ait
1990 863 2003 896 :
2047 865 2065 895 ι
2098 845 2252 897 Zelus
2286 859 2384 910 ap-

809 948 1083 1015 prehench
1108 944 1354 1011 pupulum
1410 943 1756 1001 ineruditum,
1780 949 1827 991 et
1857 953 1993 990 nunc
2026 936 2161 1005 ignis
2202 942 2384 985 adusr-

810 1041 979 1091 iarios
1008 1045 1269 1089 consumet
1299 1036 1387 1086 “'.
1412 1054 1432 1086 ι
1461 1032 1649 1087 Zelum
1682 1031 2056 1100 imperitorum
2092 1028 2223 1081 dixit
2250 1025 2385 1079 invi-

809 1132 950 1183 diam
1000 1131 1287 1189 zclantem,
1329 1144 1438 1182 non
1472 1136 1526 1180 ut
1568 1126 1850 1179 imitentur
1893 1124 2146 1183 virtutes,
2175 1120 2267 1173 scd
2329 1128 2386 1171 ut

810 1225 925 1275 illas
971 1222 1288 1290 impediant,
1337 1229 1758 1289 Operantemquc.
1812 1214 2102 1284 perimant.
2155 1211 2209 1263 Si
2258 1226 2386 1277 ergo

809 1311 1114 1363 combustio
1152 1310 1311 1363 alicui
1346 1308 1577 1368 homini,
1611 1306 1857 1359 videlicet
1878 1301 2175 1373 peccaturi,
2209 1315 2273 1353 ex
2306 1301 2386 1351 in-

811 1403 947 1455 vidia
976 1400 1280 1471 contigerit,
1300 1410 1356 1454 et
1382 1409 1602 1453 sanatus
1620 1398 1786 1451 [inerit
1807 1394 2144 1466 paenitentia,
2178 1400 2387 1445 seruta-

810 1504 895 1542 tur
920 1494 1256 1552 chatricem,
1284 1506 1353 1544 ne
1376 1489 1516 1543 forte
1543 1499 1666 1558 post
1699 1486 2073 1557 parnitentiam
2101 1484 2156 1536 in
2181 1483 2377 1551 passio

809 1600 933 1636 nem
972 1584 1195 1637 recidat.
1224 1584 1290 1637 Et
1332 1584 1375 1636 si
1401 1597 1679 1635 reversum
1730 1579 2020 1640 invenerit,
2052 1576 2387 1630 contamina-

811 1679 885 1728 b;t
928 1691 1074 1737 eum,
1126 1676 1465 1728 immundum
1512 1684 1658 1727 recte
1708 1673 1982 1742 judicans.
2027 1670 2185 1722 Terra
2216 1668 2384 1727 enim,

808 1784 943 1830 sirpe
974 1769 1254 1820 venientem
1279 1784 1435 1835 super
1464 1783 1519 1819 se
1544 1767 1716 1819 bibens
1750 1765 1985 1827 imbrem,
2025 1772 2072 1814 et
2124 1762 2387 1830 proferens

807 1858 1018 1909 lm'bum
1048 1867 1395 1923 opportunam
1423 1857 1526 1908 illis
1568 1873 1599 1907 a
1630 1856 1815 1925 quibus
1839 1853 2050 1918 colitur,
2078 1851 2389 1903 benedictio-

810 1964 921 2001 nern
952 1951 1169 2017 accipiet
1222 1949 1543 2013 aDomino;
1593 1949 1862 2015 proferens
1924 1961 2043 1997 vero
2094 1946 2277 2011 spinas
2328 1958 2389 1993 ac

808 2040 1025 2092 tribulos
1086 2044 1303 2108 rcproba
1326 2049 1426 2101 est,
1456 2049 1503 2091 et
1537 2037 1813 2090 maledicto
1845 2037 2108 2105 proxima,
2133 2036 2281 2098 cuius
2324 2034 2388 2100 ﬁ-

811 2133 887 2183 uis
916 2134 967 2182 in
999 2132 1371 2195 combustioue,
1400 2131 1537 2184 sicut
1558 2128 1757 2183 Paulus
1782 2130 1859 2182 ait
1886 2130 1952 2183 ".
1986 2128 2044 2181 Si
2066 2136 2245 2180 autem
2276 2142 2384 2178 non

810 2227 1027 2277 Lunata
1054 2223 1215 2277 fuerit
1238 2224 1443 2277 redisse
1485 2223 1552 2277 ad
1589 2223 1930 2291 iniquitatem
1960 2236 2114 2275 suam
2160 2220 2384 2283 invidia,

810 2331 909 2369 nec
938 2333 1000 2367 ev
1043 2315 1360 2384 operatione
1394 2314 1703 2383 posteriori,
1740 2313 1998 2367 diffusum
2038 2312 2204 2381 priori
2255 2327 2384 2380 pec-

808 2418 928 2460 cato
968 2410 1142 2461 latens
1187 2409 1340 2461 ulcus
1382 2408 1651 2468 habuerit,
1697 2407 1959 2459 mundum
2020 2407 2169 2458 illum
2209 2421 2388 2457 saec-r-

809 2500 1158 2567 dosjudieat.
1191 2509 1378 2568 utpote
1408 2501 1501 2569 qui
1547 2501 1716 2553 semel
1750 2516 1845 2569 per
1887 2500 2263 2568 pwnitcntiam
2305 2510 2389 2551 est

811 2589 1122 2641 mundatus.
1156 2588 1423 2641 Discernit
1449 2598 1653 2651 autem,
1682 2599 1736 2640 ct
1777 2588 1945 2656 pilum
1993 2586 2303 2649 intendens,
2343 2585 2387 2637 si

812 2678 1037 2731 unuahit
1078 2679 1132 2730 iu
1170 2679 1375 2740 album,
1406 2686 1462 2731 et
1494 2678 1535 2730 si
1575 2678 1828 2730 humilior
1875 2686 1959 2729 est
1991 2692 2019 2728 a
2046 2685 2170 2729 cute
2215 2676 2385 2728 locus.

811 2774 853 2836 ρ)
879 2790 939 2823 ia.-
973 2771 1157 2823 omnia
1203 2770 1515 2839 plenissime
1547 2770 1600 2821 in
1636 2768 2011 2837 superioribus
2050 2767 2388 2836 interpretati

813 2879 1023 2925 sumus,
1057 2862 1178 2914 ideo
1205 2862 1348 2914 enim
1385 2861 1469 2915 bis
1491 2861 1727 2915 brevitas
1751 2858 2057 2914 adhibenda
2086 2870 2191 2923 est,
2225 2868 2284 2911 ut
2321 2858 2389 2911 ad

820 2958 999 3005 I'ntura
1039 2968 1342 3006 curramus.

862 3046 1045 3099 ~Vrns.
1073 3045 1284 3099 εει-δι.
1323 3064 1339 3095 ι
1375 3042 1485 3105 Vir,
1520 3043 1636 3098 sive
1667 3043 1880 3104 mulier,
1915 3042 1968 3095 iu
2007 3042 2163 3111 cujus
2212 3038 2390 3108 capite

2488 567 2603 618 sine
2627 569 2803 636 capite
2834 570 3019 637 homo,
3046 575 3368 628 subsistere.
3392 574 3617 643 Propter
3640 574 3793 642 quod
3826 584 3884 627 et
3912 574 4065 627 David

2487 661 2845 715 fraternitatis
2870 678 3134 721 amorem.
3169 683 3443 720 summum
3476 668 3723 718 omnium
3783 668 4063 720 mandato-

2489 766 2605 802 rum
2643 754 2758 805 volc
2786 770 2827 805 is
2855 758 3166 815 ostendere,
3208 766 3488 827 unguento
3514 758 3682 819 hunc,
3722 773 3754 809 a
3793 758 3973 826 capite
4022 762 4065 809 ia

2488 842 2681 895 barbas
2704 846 3076 910 descendenti,
3102 850 3439 916 comparavit
3466 850 3580 902 :sic
3602 851 3751 901 enim
3783 852 3865 900 ait
3898 868 3913 900 :
3949 848 4069 900 Ecce

2487 950 2645 1001 quam
2695 938 2887 988 bonum
2947 951 2993 990 et
3029 957 3185 1008 quam
3236 941 3530 1009 jucundum
3581 942 3831 992 habitare
3894 943 4069 1007 fratres

2488 1027 2541 1075 in
2572 1043 2759 1080 unum.
2798 1027 2943 1080 Sicut
2981 1042 3296 1097 unguentum
3339 1033 3393 1083 in
3431 1033 3622 1098 capite,
3666 1034 3812 1098 quod
3865 1033 4069 1081 descen-

2488 1120 2562 1169 dit
2593 1121 2645 1170 in
2668 1120 2911 1181 barbam,
2939 1122 3152 1173 barbam
3177 1125 3434 1175 .laron".
3471 1122 3702 1186 Quando
3734 1140 3871 1191 ergo
3900 1138 4072 1174 errare

2489 1228 2742 1278 cuzquuln
2786 1213 2837 1263 in
2871 1213 3158 1266 divinitate
3205 1214 3492 1282 contingit,
3516 1213 3787 1266 maculam
3812 1215 3979 1282 lepra:
4026 1216 4071 1264 iu

2489 1305 2651 1356 barba
2714 1313 2768 1355 et
2798 1307 2850 1355 in
2886 1306 3059 1373 capite
3092 1305 3275 1367 habet,
3310 1304 3453 1357 hunc
3493 1305 3754 1357 sacerdos
3803 1306 4067 1372 inspiciat.

2487 1404 2539 1445 et
2576 1396 2617 1447 si
2653 1395 2850 1448 viderit
2903 1397 3246 1449 humiliorem
3290 1397 3466 1449 locum
3522 1412 3691 1449 carne
3738 1413 3765 1448 r
3806 1397 3979 1463 liqua,
4024 1409 4069 1446 ιιι

2491 1488 2824 1541 miseriorem
2866 1490 3346 1556 praesumptionem
3382 1505 3450 1542 ex
3478 1488 3825 1557 blasphemia
3861 1489 4068 1541 factam.

2490 1578 2775 1641 Quomodo
2799 1589 2982 1632 autem
3012 1579 3117 1632 hoc
3140 1582 3230 1641 sit,
3268 1581 3320 1633 id
3347 1590 3432 1633 est
3458 1600 3469 1632 :

2562 1670 2620 1724 Si
2648 1672 2785 1740 pilus
2833 1674 3026 1741 ﬂavus,
3061 1674 3317 1741 solitoque
3353 1672 3596 1724 subtilior
3637 1672 3825 1740 fuerit.
3874 1668 3931 1721 Id
3978 1681 4067 1729 est,

2491 1764 2589 1815 etsi
2617 1780 2723 1817 non
2752 1764 2934 1827 nimis,
2955 1766 3022 1817 ad
3049 1766 3319 1817 modicum
3348 1774 3526 1817 tamen
3562 1764 3815 1817 animum
3843 1764 3914 1816 ad
3946 1763 4071 1816 blas-

2493 1857 2763 1922 phemiam
2796 1856 3054 1908 intendit.
3099 1856 3210 1908 lloc
3238 1857 3384 1908 enim
3434 1857 3686 1907 subtilem
3732 1870 3863 1907 esse
3894 1856 4067 1923 pilum.

2489 1958 2543 2001 et
2571 1964 2745 2016 neque
2775 1948 3045 2011 elllorcre,
3071 1949 3166 2002 sed
3194 1948 3486 2001 ﬂavescere
3511 1949 3781 2000 ostendit.

2559 2040 2953 2093 Contaminabit
2983 2058 3067 2094 eos
3093 2042 3362 2094 sacerdos.
3382 2042 3561 2104 Quare
3588 2042 3610 2092 ?
3639 2040 3780 2103 Quia
3814 2044 3967 2108 lepra
3997 2058 4073 2091 ca-

2489 2131 2631 2196 pitis,
2667 2147 2730 2183 ac
2760 2131 2935 2183 barba:
2956 2142 3051 2183 est.
3092 2130 3188 2185 Vel
3217 2132 3357 2185 sicut
3382 2129 3523 2182 LXX
3547 2130 3743 2195 edunt,
3771 2136 3969 2183 τιιιηιε
3992 2149 4037 2182 es
4062 2171 4072 2181 .

2496 2221 2824 2277 Vulneratus
2850 2224 2997 2276 enim
3038 2238 3068 2275 a
3118 2222 3332 2276 diabolo
3376 2231 3431 2275 et
3476 2221 3721 2284 collisus,
3751 2222 3821 2274 ad
3882 2234 4077 2275 unum

2490 2316 2740 2383 pervenit
2766 2315 3121 2383 impietatem,
3145 2316 3272 2379 quia
3302 2330 3445 2381 sepe
3467 2314 3738 2383 contingit
3764 2314 4077 2382 quempiam

2490 2414 2678 2457 coiitra
2708 2405 3041 2457 voluntatem
3064 2420 3216 2457 suam
3249 2404 3396 2471 loqui
3426 2404 3612 2473 impia.

2559 2496 2615 2548 Si
2647 2497 2828 2549 viderit
2855 2497 3021 2549 locum
3053 2498 3274 2549 macula:
3300 2501 3557 2564 «qualem
3600 2498 3791 2550 vicine
3825 2501 4004 2559 carni,
4040 2511 4083 2551 rt

2490 2590 2739 2655 capillum
2771 2591 2998 2659 nigrum.
3024 2589 3095 2643 [ι
3127 2604 3236 2642 non
3264 2590 3528 2644 exuberet
3549 2590 3675 2652 hoc,
3708 2592 3859 2659 quod
3888 2608 3956 2644 ex
3986 2594 4085 2645 dia-

2490 2681 2664 2735 bolica
2694 2684 3008 2751 operatione
3036 2684 3233 2736 animm
3260 2693 3340 2736 est
3362 2685 3556 2737 vulnus
3582 2684 3877 2749 inﬂictum,
3912 2686 3965 2737 id
3986 2695 4083 2747 est,

2490 2774 2742 2841 impietas
2765 2775 3102 2843 dogmatum.

2563 2864 2810 2918 Rccludet
2840 2883 2924 2919 eos
2943 2876 3136 2933 septem
3170 2869 3280 2920 dies
3303 2870 3568 2920 sacerdos.
3596 2865 3715 2920 Non
3767 2884 3872 2936 pro
3927 2884 4084 2937 ptrna

2493 2964 2725 3019 tantum,
2755 2968 3017 3025 quantum
3046 2960 3306 3013 districta:
3342 2960 3681 3027 probationis
3705 2975 3901 3019 causa,
3957 2972 4086 3012 teni-

2491 3063 2593 3116 pus
2630 3049 2775 3101 enim
2795 3049 3050 3103 omnibus
3075 3051 3315 3119 quidem,
3346 3051 3646 3104 districtius
3678 3061 3864 3103 tamen
3901 3053 3955 3102 in
3988 3052 4084 3111 his,

814 3135 895 3185 \‘t'l
926 3135 1090 3187 barba
1142 3134 1458 3203 germinarit
1489 3133 1659 3202 lepra,
1710 3133 1911 3185 videbit
1962 3147 2057 3185 eos
2101 3130 2383 3183 sacerdos:

2496 3158 2722 3210 quorum
2760 3142 2941 3210 lingua
2977 3144 3120 3195 circa
3163 3143 3505 3196 divinitatem
3532 3154 3709 3205 vacat,
3758 3146 4083 3197 intuendum

814 3235 868 3277 «ιι
896 3226 937 3277 si
968 3224 1187 3294 quidem
1220 3224 1479 3278 humilior
1512 3224 1677 3277 fuerit
1730 3225 1880 3276 locus
1914 3238 2075 3276 carne
2103 3221 2311 3290 reliqua
2337 3229 2392 3272 ct

815 3316 1040 3384 capillus
1062 3314 1251 3377 ﬂavus,
1274 3316 1543 3384 solitoque
1564 3316 1831 3377 subtilior,
1852 3312 2246 3366 contamiuabit
2273 3325 2388 3371 eos,

815 3409 935 3476 quia
968 3408 1115 3477 lepra
1164 3408 1358 3477 capitis
1391 3423 1453 3461 ac
1501 3407 1680 3460 barba:
1721 3415 1824 3458 est.
1860 3405 1916 3456 Si
1954 3413 2136 3456 autem
2196 3401 2393 3456 viderit

817 3503 991 3553 locum
1036 3500 1259 3553 macula:
1293 3500 1555 3566 :equalcm
1600 3499 1790 3553 vicina:
1839 3498 2012 3561 carni,
2052 3504 2107 3550 et
2136 3494 2390 3564 capillqu

818 3592 1051 3661 nigrum,
1081 3591 1323 3644 recludet
1360 3599 1565 3659 septem
1600 3590 1809 3650 diebus.
1848 3599 1903 3643 et
1926 3590 2011 3642 die
2041 3588 2271 3657 septima
2312 3587 2393 3637 iu-

819 3683 1076 3736 iuettitur.
1120 3681 1172 3733 Si
1208 3696 1318 3733 non
1374 3681 1607 3735 creverit
1648 3680 1879 3743 macula,
1929 3688 1984 3731 et
2036 3678 2262 3748 capillus
2309 3678 2391 3730 sui

816 3773 1014 3827 coloris
1047 3784 1149 3839 est,
1176 3784 1232 3827 et
1278 3774 1429 3827 locus
1480 3773 1647 3843 plaga:
1677 3772 1827 3825 carni
1879 3771 2100 3839 reliqua:
2147 3768 2391 3838 aequalis,

820 3865 1037 3917 ιἰιιιοιιιι·
1101 3866 1264 3920 homo
1323 3866 1527 3934 absque
1585 3865 1705 3919 loco
1769 3864 2029 3929 maculaa,
2090 3862 2395 3916 includetur

819 3965 1025 4024 septem
1047 3956 1239 4010 diebus
1260 3957 1395 4010 aliis.
1427 3957 1483 4011 Si
1510 3957 1577 4011 de
1598 3956 1831 4025 septimo
1857 3955 1965 4008 visa
1992 3953 2153 4007 fuerit
2182 3953 2395 4006 stetisse

820 4050 969 4115 plaga
1025 4046 1077 4099 in
1128 4046 1247 4101 loco
1304 4062 1442 4109 suo,
1494 4062 1598 4100 nec
1636 4045 1895 4098 humilior
1947 4059 2112 4098 carne
2164 4043 2382 4111 reliqua.

821 4139 1103 4192 nnnidahit
1125 4155 1273 4201 eum,
1307 4140 1539 4208 latisque
1573 4139 1832 4201 vestibus,
1872 4136 2110 4191 mundus
2144 4136 2268 4189 erit.
2300 4156 2316 4184 ι

889 4226 1005 4282 Non
1036 4230 1103 4283 de
1135 4230 1469 4299 quibuslibet
1491 4229 1600 4293 hic,
1632 4229 1727 4282 sed
1756 4228 2081 4282 necessariis
2112 4226 2217 4281 hoc
2242 4242 2395 4280 man-

819 4321 1005 4373 datum
1051 4320 1133 4374 lex
1188 4322 1356 4375 dedit.
1396 4320 1580 4390 Neque
1628 4320 1775 4374 enim
1819 4320 1885 4375 de
1926 4320 2055 4373 solis
2094 4318 2396 4374 actionibus

817 4414 889 4476 ei,
923 4414 1016 4467 sed
1048 4416 1189 4468 etde
1225 4413 1422 4467 futuris
1450 4413 1650 4469 divinis
1692 4411 2035 4481 dogmatibus
2068 4410 2391 4481 pertinebat.

2491 3242 2593 3285 est.
2647 3232 2850 3287 Deinde
2904 3235 3175 3303 quomodo
3228 3245 3353 3303 post
3401 3235 3767 3289 reclusionem
3829 3237 4087 3304 judicatl

2491 3324 2823 3378 Admiranda
2845 3336 2927 3379 est
2954 3326 3241 3390 districtio,
3285 3343 3449 3395 quam
3476 3340 3666 3381 contra
3716 3344 3818 3381 eos
3850 3330 3947 3395 qui
3992 3332 4084 3381 im-

2493 3415 2577 3482 pic
2618 3416 2671 3467 in
2722 3416 3067 3485 dogmatibus
3120 3426 3307 3484 agunt,
3363 3430 3563 3470 servat.
3603 3419 3659 3470 Si
3690 3436 3803 3471 una
3858 3434 4083 3474 creu'rt

2493 3507 2722 3569 macula,
2746 3507 2998 3560 videlicet
3021 3509 3294 3575 impietas,
3314 3518 3370 3563 et
3396 3512 3626 3578 capillus
3652 3512 3738 3563 sui
3758 3515 3968 3566 coloris
3988 3526 4078 3572 est.

2493 3599 2545 3651 id
2580 3609 2683 3662 est,
2716 3614 2819 3653 nec
2835 3601 3065 3668 capillus
3098 3601 3268 3655 ﬂavus
3292 3603 3345 3655 in
3372 3618 3436 3656 ca
3463 3613 3566 3665 est,
3598 3618 3726 3656 cum
3756 3620 3874 3657 non
3922 3616 4079 3673 pOSSll

2492 3690 2748 3760 cogitatio
2813 3700 3037 3759 propter
3096 3692 3519 3760 negotiationem
3574 3694 3865 3762 cognosci,
3914 3705 4079 3746 utrum

2494 3792 2707 3850 sponte,
2735 3792 2829 3835 aut
2858 3782 3059 3836 invitus
3084 3784 3250 3851 impie
3271 3785 3467 3853 egerit,
3501 3785 3815 3853 tuncjubet
3852 3788 3969 3839 radi
3996 3788 4081 3838 ho-

2496 3872 2697 3925 minem
2724 3872 2932 3941 absque
2960 3873 3080 3927 loco
3109 3874 3357 3928 maeulaa.
3388 3876 3588 3944 Aperte
3619 3890 3754 3945 ergo
3805 3877 3940 3929 talia
3978 3876 4083 3928 radi

2496 3964 2754 4032 praecepit
2776 3965 2963 4028 verba,
2989 3974 3044 4019 et
3076 3966 3348 4035 castigari,
3374 3965 3419 4018 si
3469 3965 3654 4018 forsan
3682 3983 3752 4019 cx
3791 3968 3884 4019 eis
3946 3984 4083 4022 com-

2496 4054 2760 4121 prehendi
2784 4054 2980 4124 possit,
3013 4063 3194 4107 utrum
3222 4070 3318 4123 per
3348 4056 3762 4124 subreptionem
3790 4058 3945 4111 sicut
3970 4074 4085 4109 eve-

2497 4146 2614 4200 nire
2646 4146 2959 4215 l'requcnter
3009 4147 3167 4211 solet,
3211 4162 3281 4199 an
3329 4146 3593 4199 malevole
3627 4146 3696 4199 de
3741 4147 3861 4200 Deo
3929 4148 4087 4215 impia

2496 4235 2563 4287 sit
2596 4234 2829 4290 loeutus.
2863 4234 3075 4289 Vulnus
3100 4246 3284 4290 autem
3326 4237 3608 4304 antiquum
3659 4251 3775 4289 non
3826 4240 4093 4306 praccpét

2499 4322 2635 4388 radi,
2669 4325 2794 4392 quia
2818 4326 3044 4378 verbum
3097 4328 3156 4376 in
3183 4338 3293 4392 quo
3330 4323 3685 4393 delinquitur,
3727 4327 3966 4393 quando
4014 4343 4095 4379 se-

2499 4416 2603 4468 mel
2628 4416 2717 4483 qui
2741 4417 2983 4483 peceavit
3012 4416 3312 4487 negaverit,
3344 4416 3630 4483 diiudicari
3651 4417 3769 4484 jam
3796 4433 3915 4471 non
3939 4435 4095 4487 Opor-

818 4505 1052 4559 Oumiuo
1098 4522 1226 4577 ergo
1263 4514 1638 4575 competenter
1684 4506 1954 4574 loquitur,
1999 4504 2233 4574 primum
2272 4503 2394 4571 qui-
2424 4518 2472 4574 D
2500 4517 2594 4562 tet.
2622 4510 2755 4574 Quis
2780 4512 2925 4564 enim
2950 4526 3099 4563 reum
3122 4511 3374 4565 videlicet
3402 4512 3629 4579 peccati,
3662 4526 3793 4564 eum
3818 4515 3921 4581 qui
3956 4514 4093 4582 quod

821 4598 942 4650 dem
973 4597 1325 4651 districtionis
1356 4598 1498 4661 vitae,
1531 4596 1731 4650 deinde
1765 4611 1952 4649 eorum
1993 4612 2114 4664 qute
2152 4595 2219 4649 ad
2264 4594 2397 4662 dog-

822 4706 906 4741 ma
937 4688 1214 4758 pertinent
1250 4688 1567 4758 diligentem
1603 4704 1790 4742 curam
1829 4702 2041 4757 gerens.
2075 4686 2270 4757 Legem
2304 4704 2401 4740 au—

823 4791 929 4833 tem
960 4781 1131 4849 ponit,
1154 4796 1264 4834 non
1288 4780 1399 4849 jam
1460 4780 1767 4849 specialiter
1820 4778 2025 4833 homini
2073 4778 2256 4843 alicui,
2303 4778 2397 4831 sed

820 4872 948 4940 quid
980 4873 1055 4925 ait
1084 4873 1106 4925 ?

901 4965 983 5016 l'ir
1016 4965 1122 5017 sire
1180 4964 1385 5017 mulier.
1419 4962 1764 5031 Distinguens
1805 4961 2017 5032 planius
2066 4959 2191 5028 quid
2237 4974 2398 5027 opor-

824 5067 933 5110 teat
975 5056 1199 5125 intelligi
1234 5054 1530 5109 hominem.
1596 5054 1705 5108 Cur
1744 5064 1925 5107 autem
1986 5052 2089 5105 hac
2137 5052 2397 5120 explana-

824 5146 969 5198 tione
1006 5145 1059 5197 in
1091 5143 1195 5197 hoc
1234 5144 1424 5212 eguit?
1464 5142 1533 5197 Ut
1570 5142 1822 5197 videlicet
1875 5157 1986 5195 non
2025 5142 2399 5210 ignosceretur

824 5236 1057 5300 mulieri,
1096 5251 1217 5289 cum
1248 5235 1462 5289 infirma
1509 5243 1753 5304 putatur,
1793 5252 1914 5304 qua:
1955 5244 2142 5304 peccat
2178 5234 2229 5286 in
2268 5233 2400 5301 dog-

824 5337 988 5379 mate.
1028 5325 1143 5379 ltoc
1184 5341 1312 5396 ergo
1364 5336 1644 5395 peccatum
1690 5327 1892 5395 lepram
1937 5326 1991 5379 iu
2027 5325 2225 5393 capite,
2262 5334 2311 5377 et
2347 5324 2400 5377 in

824 5417 989 5473 barba
1021 5427 1306 5487 propterea
1341 5418 1596 5489 appellat,
1623 5417 1753 5487 quia
1779 5419 1893 5471 haec
1925 5427 2053 5473 sunt
2080 5418 2398 5487 pretiosiora

823 5514 993 5569 nostri
1028 5513 1292 5583 corporis,
1326 5523 1379 5565 et
1401 5528 1465 5565 ex
1504 5513 1604 5566 hoc
1627 5510 1886 5574 ostendit,
1913 5526 2020 5564 non
2055 5512 2197 5565 circa
2248 5528 2398 5581 qure-

825 5606 953 5659 libct
978 5604 1308 5675 impietatem
1332 5604 1639 5673 dogmatum
1668 5601 1971 5671 provenire.
1993 5601 2084 5654 sed
2105 5618 2227 5671 erga
2250 5601 2400 5654 valde

897 5812 956 5843 "'
995 5811 1073 5863 lsa
1143 5828 1291 5867 uit,
1343 5810 1422 5860 ll.

1503 5809 1542 5837 ’⁵
1580 5806 1745 5862 Hebr.
1777 5825 1848 5873 vt,
1882 5810 1932 5873 7,
1959 5809 2011 5860 8.

2501 4602 2787 4656 confessus
2812 4613 2893 4656 cst
2917 4603 3120 4672 lingua,
3152 4603 3431 4657 voluntate
3468 4618 3526 4657 se
3556 4604 3859 4673 protulisse
3916 4616 4092 4675 negat.

2502 4692 2730 4757 Quando
2753 4703 2932 4746 autem
2963 4694 3030 4746 de
3067 4709 3134 4746 eo
3168 4695 3245 4747 sic
3271 4693 3545 4761 judicans,
3572 4711 3682 4748 non
3719 4700 4094 4767 comprehcn-

2502 4784 2643 4837 derit
2672 4785 2909 4837 crevisse
2937 4784 3224 4847 maculam,
3256 4800 3359 4838 nec
3401 4785 3675 4838 dilatatam
3710 4786 3770 4838 in
3807 4802 3880 4841 eo
3942 4791 4092 4843 video

2504 4874 2574 4927 rit
2645 4875 2973 4942 impietatem
3016 4892 3029 4927 ε
3072 4876 3329 4943 quoniam
3377 4876 3802 4945 blasphemans,
3866 4882 4095 4933 omnino

2504 4962 2695 5031 polluit
2727 4964 2915 5017 stolam
2958 4965 3317 5032 baptismatis,
3352 4974 3499 5018 recte
3521 4981 3645 5019 eum
3694 4970 3971 5035 prxeepit
4006 4986 4095 5037 per

2502 5054 2873 5122 paenitentiam
2922 5055 3102 5109 lavare
3146 5056 3508 5119 vestimenta,
3571 5065 3626 5109 et
3672 5068 3805 5109 tunc
3851 5061 4095 5113 mundus

2501 5147 2643 5201 erit:
2702 5146 2828 5215 quia
2874 5146 3051 5200 oumis
3082 5148 3333 5217 impietas
3363 5164 3458 5217 per
3506 5149 3767 5202 mundam
3818 5154 4096 5220 pmniten-

2504 5239 2631 5292 tiam
2664 5238 2976 5291 mandatur.
3008 5240 3392 5293 Verumtamen
3425 5240 3511 5295 hic
3544 5242 3587 5294 si
3619 5242 3898 5310 pracdicto
3935 5260 4095 5298 mun-

2506 5332 2664 5385 datus
2690 5334 2871 5396 modo,
2898 5332 3062 5401 impia
3086 5330 3509 5385 rnrsuslocutus
3541 5330 3737 5394 fuerit,
3768 5348 3883 5385 non
3930 5335 4099 5402 inspi-

2508 5423 2615 5477 ciet
2653 5424 2906 5477 sacerdos
2933 5424 2999 5476 de
3049 5424 3161 5492 pilo
3204 5422 3361 5487 ﬂavo,
3398 5438 3509 5476 non
3557 5424 3845 5491 quiet-itur,
3894 5426 4097 5494 inquit.

2508 5530 2616 5582 quo
2638 5515 2819 5567 animo
2848 5515 3009 5582 impia
3041 5514 3252 5567 locutus
3279 5512 3369 5576 sit,
3408 5514 3502 5567 sed
3531 5513 3653 5582 quia
3686 5516 3738 5567 in
3772 5528 3840 5567 ea
3875 5515 3952 5568 de
3983 5516 4099 5582 qui-

2511 5602 2611 5656 bus
2646 5602 2919 5671 pcenituit,
2974 5603 3189 5668 recidit,
3225 5601 3566 5657 immundum
3610 5618 3735 5656 eum
3780 5614 3939 5658 recte
3986 5617 4101 5657 esse

2112 5806 2150 5836 ’θ
2180 5806 2318 5858 i‘sal.
2354 5821 2550 5864 (Luxu.
2598 5806 2645 5868 i,
2677 5805 2727 5857 ἓ.
