4218 6450
182 425 287 489 illi:

1312 428 1388 489 ΙΝ
1431 431 1863 490 ιενηίευιι.
1898 457 1963 466 ·-
2002 434 2147 492 Llll.
2191 434 2286 491 Ν.

3328 425 3435 489 946

175 538 400 605 judicat.
428 535 483 590 Si
531 554 637 592 non
669 538 898 608 capillus
938 539 1088 609 niger
1123 539 1302 602 fuerit,
1329 542 1377 594 id
1412 555 1512 603 est,
1548 543 1590 595 si
1642 558 1749 596 nou
1782 547 1826 600 Α
1925 541 2403 597 llemiuisceudum
2458 550 2561 607 est,
2596 543 2719 611 quia
2751 539 2975 609 capillos
3009 555 3107 608 pro
3150 537 3434 606 cogitatio-

177 626 368 695 lugens
397 631 714 696 apparuerit
745 631 1074 698 impietatem
1102 649 1113 683 :
1141 631 1328 699 lugens
1361 646 1489 684 vero
1525 647 1632 684 non
1663 646 1751 685 so-

179 720 285 773 lum
319 720 521 783 habitu,
552 721 644 774 sed
666 730 719 775 et
739 721 921 774 animo
977 729 1030 775 et
1056 721 1506 791 cogitationibus:
1540 721 1751 790 nigrum

178 826 409 879 namque
443 826 664 865 manere
712 812 1007 880 lugentium
1040 823 1120 866 est
1159 814 1455 882 proprium.
1487 813 1750 878 Quoniam

177 910 357 952 autem
384 901 697 954 interiorem
716 902 990 956 hominem
1009 911 1222 972 oportet
1243 904 1424 972 lugere
1454 905 1747 972 peccantis,

176 1006 336 1056 quem
358 992 713 1060 cogitationes
734 1003 1056 1060 contegunt.
1080 1004 1225 1048 recte
1241 994 1360 1061 ejus
1378 995 1750 1062 penitentiam

176 1095 272 1147 per
301 1083 466 1150 pilum
495 1084 706 1153 nigrum
729 1084 1066 1153 significavit.
1101 1085 1324 1153 Propter
1345 1083 1484 1150 quod
1517 1083 1750 1137 Ecclesia

175 1171 269 1225 Dei
299 1173 579 1226 servitium
617 1175 847 1243 diligens
877 1175 930 1226 in
970 1175 1215 1228 luctuosa
1245 1174 1379 1227 stola
1417 1174 1750 1242 poenitentia:

174 1261 462 1314 decoratur
487 1278 498 1313 :
525 1270 579 1314 et
610 1262 732 1315 ideo
762 1261 1052 1315 formosam
1079 1278 1157 1325 se,
1185 1263 1307 1331 quia
1350 1262 1500 1331 nigra
1539 1271 1641 1329 est,
1664 1263 1751 1316 di-

171 1352 264 1415 cit,
294 1353 434 1407 sicut
475 1353 707 1417 legitur:
743 1353 912 1422 Nigra
943 1371 1078 1415 sum,
1115 1354 1203 1406 sed
1253 1356 1480 1424 formosa
1511 1355 1622 1422 ﬁlia
1663 1354 1750 1408 Je-

173 1442 400 1494 rusalem
437 1443 511 1504 '7;
547 1442 597 1495 id
628 1452 729 1508 est,
760 1444 883 1510 quia
925 1445 979 1497 in
1012 1443 1328 1511 paenitendo
1350 1443 1483 1496 stola
1515 1459 1632 1496 sum
1664 1445 1749 1496 lu-

171 1542 291 1587 rtus
321 1534 526 1587 induta.
552 1533 643 1588 Sic
670 1549 800 1603 ergo
825 1550 949 1588 eum
976 1535 1066 1604 qui
1107 1535 1483 1604 paenitentiam
1525 1535 1632 1605 agit
1663 1550 1748 1588 sa-

172 1627 363 1680 eerdos
388 1628 632 1693 inundat,
658 1630 871 1698 quoties
901 1630 951 1682 ei
993 1629 1096 1682 hoc
1129 1629 1350 1683 evenire
1379 1629 1743 1697 conspexerit.

172 1716 278 1770 Sed
328 1717 659 1773 sufﬁcienter
699 1722 766 1776 de
797 1722 883 1774 his
933 1736 1052 1790 quae
1089 1722 1151 1774 .in
1177 1720 1285 1774 Deo
1311 1721 1742 1783 committuntur,

170 1809 554 1877 iiupietatibus,
583 1821 690 1865 tam
719 1829 785 1867 ex
816 1813 1093 1867 voluntate
1127 1827 1289 1881 quam
1320 1827 1385 1865 ex
1417 1812 1738 1882 ignorantia,

169 1901 404 1966 locutus,
455 1903 520 1956 ad
564 1903 669 1957 alia
735 1905 958 1958 vulnera
1023 1905 1382 1969 moderatiora
1432 1920 1740 1960 sermonem

172 1993 358 2045 vertit.

243 2080 497 2147 Veas.58,
522 2084 608 2138 59.
637 2105 655 2136 ί
681 2084 776 2139 Vir
794 2095 849 2140 et
894 2086 1088 2141 mulier
1135 2087 1189 2142 in
1218 2089 1374 2158 cujus
1395 2097 1518 2144 cute
1541 2089 1746 2143 candor

169 2173 504 2240 apparuerit,
544 2174 844 2229 intuebitur
880 2191 976 2231 eos
1006 2178 1259 2232 sacerdos
1296 2198 1308 2232 :
1345 2179 1388 2234 si
1436 2179 1744 2248 deprehen-

169 2265 313 2317 derit
360 2266 752 2320 subobscurum
800 2270 1040 2322 alborem
1081 2271 1261 2325 lucere
1313 2272 1368 2324 in
1426 2281 1570 2336 cute,
1614 2272 1746 2326 sciat

172 2369 279 2405 non
311 2369 429 2408 esse
467 2355 690 2423 leprain,
730 2358 827 2411 sed
869 2360 1133 2413 maculam
1177 2361 1374 2416 coloris
1415 2363 1649 2426 candidi,
1695 2372 1744 2416 et

174 2442 449 2496 hominem
478 2446 762 2498 mundum.
803 2465 820 2498 ο

240 2531 359 2586 Jam
388 2542 442 2588 et
471 2551 570 2589 nos
600 2537 742 2590 sicut
777 2537 944 2591 David
990 2541 1214 2594 studiosi
1243 2541 1294 2594 in
1327 2541 1460 2612 legis
1497 2543 1745 2608 scientia,

170 2639 296 2676 cum
323 2639 390 2677 eo
429 2626 671 2680 dicamus
704 2646 717 2681 :
749 2627 868 2681 Νυη
904 2631 1021 2699 fecit
1050 2632 1226 2685 taliter
1269 2634 1408 2686 omni
1435 2635 1659 2699 nationi,
1699 2645 1749 2688 et

163 2713 372 2779 judicia
403 2731 498 2768 sua
533 2732 636 2768 non
671 2720 1022 2788 manifestavit
1066 2722 1173 2775 illis
1207 2723 1268 2776 ".
1320 2725 1456 2778 Cum
1513 2726 1746 2781 maxima

170 2804 516 2858 districtione
556 2808 806 2875 superius
832 2809 886 2861 in
916 2810 1116 2863 divinis
1159 2812 1520 2882 dogmatibus,
1556 2824 1612 2869 et
1652 2832 1748 2870 eo-

169 2907 293 2945 rum
332 2895 840 2961 praevaricatoribus
886 2915 1014 2953 usus
1069 2900 1280 2964 fuisset,
1319 2920 1465 2959 nunc
1521 2906 1646 2974 quia
1680 2907 1748 2960 de

171 2982 278 3036 illis
307 2983 451 3052 loqui
500 2988 792 3054 supplevit,
823 2999 970 3043 recte
1017 3006 1127 3044 suae
1162 2995 1535 3048 austeritatem
1583 2997 1748 3065 depo—

169 3071 284 3124 suit
310 3071 684 3138 districtionis,
711 3085 767 3128 et
795 3075 864 3129 de
899 3076 1003 3139 bis,
1029 3093 1148 3145 quae
1184 3090 1312 3131 sunt
1339 3080 1641 3134 secundum
1674 3082 1750 3134 le-

1857 632 2401 686 nibusintelleximus
2429 649 2440 684 :
2467 647 2663 686 ornare
2724 631 2925 700 quippe
2949 637 3113 698 caput
3159 643 3221 681 ac
3253 635 3437 696 tegere

1855 723 2131 776 constituti
2157 732 2301 786 sunt,
2344 723 2484 776 sicut
2511 722 2866 792 cogitationes
2894 728 3152 774 mentem.
3193 717 3312 771 Non
3337 731 3436 769 au-

1857 820 1963 864 tem
1991 813 2325 867 iuordinatas
2346 813 2701 882 cOgitatioues
2727 811 3056 867 deducamus
3081 810 3146 863 ad
3170 807 3434 871 medium.

1853 901 1977 968 quia
2007 910 2061 954 et
2096 901 2413 970 capillorum
2463 901 2846 970 incompositio
2879 898 3176 952 fmditatem
3206 910 3305 965 pro
3341 911 3435 950 or-

1854 1001 1982 1045 natu
2027 993 2248 1060 praebet.
2299 993 2546 1061 insuper,
2608 990 3063 1060 quemadmodum
3115 987 3434 1056 capillorum

1853 1083 2073 1151 quidam
2105 1083 2383 1146 decidunt,
2411 1084 2502 1137 alii
2542 1092 2724 1138 autem
2762 1088 3141 1142 renascuntur,
3175 1078 3433 1147 nulloque

1829 1183 2098 1241 .tempore
2131 1174 2281 1228 nasci
2320 1187 2570 1236 cessant,
2615 1174 2695 1227 sic
2730 1182 2784 1227 et
2816 1172 2901 1226 his
2955 1187 3077 1239 qua:
3106 1179 3234 1224 sunt
3263 1169 3316 1222 in
3350 1169 3435 1224 his

1853 1262 2271 1331 cogitationibus
2299 1263 2695 1326 decidentibus,
2726 1261 2844 1316 alizr
2877 1269 3258 1315 renascuntur.
3292 1259 3434 1330 Ergo

1853 1352 1942 1407 hic
2020 1355 2232 1407 calvum
2289 1355 2525 1424 appellat
2585 1354 2884 1423 simplicem
2947 1352 3251 1415 hominem,
3321 1367 3429 1406 non

1851 1460 1973 1499 eum
2028 1446 2120 1517 qui
2173 1447 2399 1500 omnino
2447 1446 2711 1514 insipiens
2767 1457 2871 1510 est,
2928 1453 3023 1499 aut
3071 1444 3427 1498 irrationalis.

1851 1536 1984 1600 Quis
2009 1537 2155 1590 enim
2192 1547 2274 1591 est
2305 1538 2486 1601 homo,
2516 1536 2606 1605 qui
2633 1551 2742 1590 non
2769 1535 3015 1605 capillos,
3049 1535 3176 1588 licet
3204 1549 3429 1604 paucos,

1852 1629 1904 1681 in
1956 1630 2130 1696 capite
2164 1629 2397 1683 haheat?
2429 1628 2585 1683 Hunc
2607 1633 2747 1699 ergo“
2765 1628 3045 1691 describit,
3079 1626 3170 1696 qui
3225 1627 3428 1696 cogita-

1851 1718 2026 1773 tiones
2050 1736 2249 1789 paucas
2278 1737 2388 1790 pra!
2417 1720 2763 1788 simplicitate
2797 1720 2954 1789 gerit,
2989 1733 3223 1786 eumque
3271 1733 3433 1770 mun-

1851 1810 1976 1864 dum
2029 1821 2174 1866 recte
2223 1827 2345 1865 esse
2380 1811 2638 1881 praecepit
2672 1828 2686 1863 :
2719 1811 2797 1865 sic
2847 1810 3046 1879 quippe
3092 1810 3140 1863 ei
3195 1809 3430 1863 inditum

1846 1911 1929 1955 est
1953 1912 2100 1956 sorte
2136 1909 2366 1967 naturai,
2404 1901 2547 1957 unde
2595 1918 2717 1956 eum
2751 1911 2807 1955 et
2840 1901 3105 1956 columbae
3153 1908 3431 1968 comparat

1848 1995 2126 2048 Dominus.
2163 1993 2341 2060 Quare
2367 2002 2547 2049 autem
2575 1995 2741 2063 hujus
2772 2007 3061 2063 personam
3104 1991 3327 2046 omnino
3377 1994 3426 2044 in

1845 2085 2178 2139 dubietatem
2230 2085 2502 2155 legislator
2559 2085 2830 2139 adduxit?
2884 2083 3023 2150 Quia
3098 2084 3296 2139 melius
3346 2092 3430 2137 est

1844 2191 1967 2230 cum
2027 2177 2342 2230 innocentia
2383 2177 2586 2231 habere
2636 2178 2798 2231 etiam
2857 2176 3225 2246 prudentiain,
3276 2174 3421 2244 quod

1845 2268 2193 2323 manifestum
2225 2275 2308 2322 est
2338 2284 2402 2322 ex
2435 2269 2518 2322 his
2539 2285 2660 2338 quae
2687 2268 2947 2322 Dominus
2969 2269 3186 2322 dicebat
3209 2283 3223 2319 :
3250 2265 3429 2320 Estotc

1845 2362 2105 2428 sapientes
2132 2361 2266 2414 sicut
2285 2371 2566 2430 serpentes,
2589 2371 2636 2414 et
2657 2360 2917 2430 simplices
2935 2363 3070 2412 sicut
3087 2359 3342 2412 columba:
3359 2359 3426 2411 ⁸⁵.

1847 2453 1952 2506 Sed
1989 2454 2118 2507 licet
2176 2455 2278 2506 hoc
2335 2454 2601 2507 laudabile
2639 2454 2728 2516 sit,
2768 2452 2898 2506 illud
2933 2461 3116 2506 tamen
3164 2467 3426 2505 accusau-

1846 2545 1975 2600 dum
2005 2561 2114 2598 non
2153 2555 2256 2601 est.
2288 2545 2753 2610 Quemadmodum
2786 2545 2930 2597 enim
2973 2543 3232 2597 mundum
3282 2543 3428 2596 acsti-

1847 2644 1960 2689 mat
1993 2642 2123 2690 eum"
2144 2635 2236 2705 qui
2264 2651 2328 2688 ex
2359 2643 2472 2688 toto
2510 2634 2738 2704 simplex
2772 2642 2875 2698 est,
2906 2633 2985 2688 sic
3009 2642 3064 2688 et
3109 2633 3280 2698 illum,
3336 2635 3426 2702 qui

1847 2742 1915 2780 ex
1936 2735 2088 2795 parte
2126 2735 2228 2791 est,
2254 2726 2490 2779 maxime
2529 2726 2675 2780 hunc
2704 2725 2794 2794 qui
2825 2740 2888 2778 ex
2927 2724 3274 2794 simplicitate
3305 2734 3386 2778 est
3412 2743 3427 2783 ;

1847 2830 1973 2867 nam
2002 2814 2102 2868 hoc
2133 2814 2539 2883 intelligendum
2564 2823 2647 2868 est
2677 2815 2732 2867 in
2756 2813 2961 2882 capillis
2984 2813 3299 2878 liuentibus,
3329 2815 3429 2869 hoc

1849 2915 1933 2958 est
1954 2905 2355 2960 rarescentibus
2377 2905 2430 2958 in
2457 2905 2653 2969 fronte,
2685 2920 2846 2974 quem
2872 2912 2926 2958 et
2959 2905 3289 2959 calvastrum
3327 2923 3423 2974 ap-

1848 2996 2088 3064 pellavit.
2121 2995 2216 3050 Hic
2250 3003 2429 3049 autem
2455 2995 2634 3064 priore
2658 2995 2900 3049 deterior
2923 3003 3006 3049 est
3038 3015 3050 3048 :
3082 3011 3208 3049 nam
3232 2996 3430 3050 melius

1849 3095 1932 3140 est
1952 3087 2167 3154 quidem
2203 3087 2432 3140 virtutes
2488 3085 2842 3149 abscondere,
2885 3086 2930 3143 si
2992 3095 3173 3140 tamen
3233 3087 3427 3156 aliquis

170 3176 294 3230 gem
327 3159 625 3226 Judaicam,
657 3163 999 3234 dogmatibus
1033 3167 1289 3235 loquitur,
1333 3176 1388 3221 et
1429 3185 1546 3238 qme
1591 3171 1644 3222 in
1678 3186 1740 3225 ea
1775 3207 1818 3264 ϐ
1851 3178 2074 3248 gloriam
2117 3193 2303 3232 earum
2336 3177 2547 3248 prodat,
2580 3177 2878 3230 tolerabilis
2909 3179 3088 3246 passio
3121 3188 3225 3242 est,
3255 3187 3311 3233 et
3347 3179 3427 3232 vi—

171 3261 303 3306 sunt
323 3254 529 3323 culpas,
553 3256 946 3311 subobscurum
976 3260 1214 3312 alborem
1258 3269 1313 3314 et
1340 3262 1606 3316 lucentem
1629 3278 1749 3318 esse

170 3342 312 3396 dixit
347 3360 362 3410 ;
400 3347 855 3412 quemadmodum
889 3364 1016 3418 ergo
1063 3350 1370 3406 cicatricem
1409 3352 1586 3406 albam
1628 3368 1749 3408 esse

168 3432 411 3487 diximus
449 3439 932 3506 transgressionem
964 3440 1150 3510 legalis
1184 3441 1397 3506 litterae,
1431 3444 1509 3497 sic
1552 3452 1606 3496 et
1633 3444 1752 3514 ejus

170 3521 532 3592 ignorantiam
605 3528 1000 3585 subobscurum
1072 3533 1311 3587 alborem
1373 3543 1428 3588 et
1478 3535 1748 3589 lucentem

171 3614 540 3686 intelligamus
579 3619 707 3674 dici.
738 3620 1105 3691 lgnorantiam
1139 3634 1320 3678 autem
1359 3640 1470 3680 non
1504 3627 1748 3680 omnium

169 3720 296 3773 quae
327 3706 477 3772 dicit,
512 3725 614 3764 nec
643 3726 832 3765 eorum
857 3728 979 3781 qua:
1007 3717 1316 3769 communia
1347 3732 1469 3770 cum
1502 3719 1617 3788 lege
1646 3735 1742 3772 na-

173 3797 357 3862 turali,
389 3800 473 3853 vel
501 3800 824 3870 evangelicis
851 3803 1136 3871 praeceptis
1157 3812 1304 3867 sunt,
1336 3807 1596 3875 possidet.
1638 3808 1748 3862 Ne-

170 3901 282 3952 que
313 3887 456 3940 enim
489 3889 758 3957 ignorare,
785 3889 904 3943 Non
945 3892 1182 3957 occides,
1213 3894 1335 3948 Non
1361 3897 1746 3963 mmchaberis,

171 3976 296 4030 Non
329 3977 531 4031 furtum
556 3978 740 4043 facies,
763 3981 1302 4052 i-uilihetignoscitur
1331 3987 1462 4040 :sed
1488 4003 1748 4056 quorum-

172 4067 300 4120 dam
329 4068 639 4137 partialium
665 4085 1067 4141 parvorumque
1091 4075 1466 4130 mandatorum
1500 4077 1752 4148 ignoran-

176 4157 274 4222 tia,
301 4159 467 4214 veluti
511 4162 728 4229 quando
769 4172 984 4231 oportet
1037 4166 1286 4220 mandari
1338 4179 1750 4237 menstruatam,

173 4250 397 4317 quando
451 4251 631 4305 offerri
685 4267 786 4321 pro
840 4255 1088 4322 pariente
1149 4259 1472 4324 masculum,
1533 4263 1754 4330 quando

174 4339 340 4394 etiam
372 4356 470 4409 pro
508 4356 570 4396 ea
604 4357 724 4411 qua:
765 4343 1021 4398 feminam
1065 4348 1295 4416 peperit.
1348 4350 1574 4419 l‘rOpter
1609 4354 1754 4420 quod

175 4446 243 4484 ea
268 4432 665 4488 subobscurum
697 4434 958 4500 alborem,
991 4445 1180 4505 utpote
1212 4455 1410 4508 parvas
1446 4443 1750 4511 cicatrices,

1850 3271 1970 3324 cina
1995 3270 2186 3324 venias.
2216 3269 2446 3338 Propter
2470 3269 2614 3338 quod
2646 3269 2751 3323 erit
2775 3270 3033 3335 mundus,
3061 3271 3188 3339 quia
3236 3287 3435 3326 secun-

1847 3357 1977 3411 dum
1999 3358 2212 3421 faciem,
2247 3359 2428 3413 divina
2466 3359 2746 3427 Scriptura
2781 3359 2935 3428 prodi
2969 3359 3218 3425 virtutes,
3247 3371 3303 3415 et
3334 3378 3426 3415 co—

1851 3467 1966 3505 ram
2005 3452 2316 3507 hominibus
2349 3468 2444 3521 per
2473 3467 2567 3506 eas
2597 3451 2729 3506 dicit
2782 3453 2988 3506 ornari.
3017 3452 3252 3509 Attende
3291 3455 3431 3509 Pau-

1851 3542 1962 3596 lum
1986 3543 2256 3598 dicentem
2291 3563 2304 3598 :
2347 3543 2427 3597 Ea
2449 3561 2565 3615 quia
2585 3544 2870 3598 secundum
2901 3545 3093 3613 faciem
3124 3558 3267 3611 sunt,
3296 3550 3434 3602 vidc-

1852 3644 1920 3688 te.
1946 3633 2004 3688 Si
2033 3637 2150 3704 quis
2210 3635 2412 3688 videtur
2442 3636 2542 3688 sibi
2587 3634 2778 3690 Christi
2843 3651 2898 3690 se
2931 3652 3056 3700 esse,
3108 3639 3203 3690 hoc
3246 3642 3432 3708 cogitet

1852 3725 2041 3777 iterum
2070 3725 2213 3791 apud
2241 3725 2598 3792 semetipsum,
2638 3725 2762 3795 quia
2795 3726 2930 3779 sicut
2961 3727 3071 3796 ipse
3104 3725 3297 3783 Christi
3335 3742 3431 3794 cst,

1853 3818 1930 3868 ita
1963 3825 2011 3869 et
2040 3831 2133 3867 nos
2185 3816 2248 3868 “.
2286 3814 2398 3869 Hoc
2421 3815 2517 3880 ait,
2565 3815 2609 3868 si
2643 3817 2852 3870 nullum
2879 3828 3161 3886 peccaturo
3214 3835 3275 3873 ex
3305 3822 3435 3875 sim-

1854 3908 2093 3977 plicitate
2120 3907 2381 3976 simplicis
2406 3907 2795 3963 committatur.
2828 3909 2886 3963 Si
2915 3918 3099 3981 autem
3132 3911 3270 3965 facta
3317 3912 3436 3965 fue-

1854 3999 1925 4053 rit
1959 3998 2015 4051 in
2049 3998 2270 4052 calvitio
2303 3998 2445 4066 ejus,
2481 4007 2575 4052 aut
2608 3999 2663 4053 in
2712 4000 2991 4054 recalvitio
3025 4001 3234 4055 macula
3287 4003 3430 4066 alba,

1853 4099 1947 4143 aut
1970 4088 2108 4153 rufa,
2145 4089 2292 4158 lepra
2320 4097 2422 4143 est.
2454 4088 2676 4154 Quare?
2708 4089 2846 4156 Quia
2877 4106 3034 4145 nemo
3060 4093 3139 4146 sic
3165 4101 3247 4146 est
3300 4094 3400 4147 sim

1853 4182 1995 4251 plex,
2026 4188 2086 4234 ut
2113 4182 2340 4245 nesciat,
2372 4181 2500 4250 quia
2530 4197 2638 4237 non
2667 4182 2863 4237 debeat
2901 4199 3124 4238 manum
3155 4185 3208 4237 in
3252 4186 3428 4254 igizeiu

1853 4270 2088 4335 mittere,
2120 4286 2301 4339 neque
2342 4273 2394 4325 in
2436 4270 2720 4340 praecipitii
2753 4271 3040 4326 altitudine
3077 4274 3429 4342 semetipsum

1853 4363 2003 4425 dare,
2029 4376 2206 4431 neque
2234 4361 2384 4415 abuti
2411 4361 2588 4432 gladio
2618 4362 2672 4415 in
2699 4362 2833 4417 locis
2855 4363 3132 4418 vitalibus.
3162 4363 3220 4418 Si
3250 4377 3432 4419 autem

1855 4453 1972 4506 haec
1990 4453 2112 4516 scit,
2144 4451 2418 4521 quomodo
2446 4467 2558 4506 non
2611 4453 2843 4522 amplius
2903 4454 3073 4519 norit,
3095 4455 3246 4524 quod
3292 4458 3436 4510 occi-

175 4538 397 4592 parvam
442 4524 551 4593 jam
598 4537 988 4596 praeceptorum
1036 4530 1392 4599 ignorantiam
1433 4535 1745 4603 habentem,
1788 4535 1830 4589 Ι)
1857 4542 1985 4596 dere
2033 4541 2233 4596 malum
2269 4541 2360 4605 sit,
2397 4540 2542 4610 quod
2596 4541 2885 4595 detrahere
2919 4543 3239 4610 pessimum,
3291 4545 3435 4613 quod

175 4613 502 4682 appellavit;
535 4616 628 4684 qui
677 4633 806 4688 ergo
840 4619 961 4674 talis
1020 4629 1102 4673 est
1152 4638 1262 4676 non
1323 4625 1485 4680 habet
1525 4642 1750 4685 necesse

177 4702 426 4756 mundari
456 4721 469 4756 :
501 4721 679 4774 neque
714 4707 862 4762 enim
913 4710 978 4762 ad
999 4710 1439 4778 justiﬁcationem
1479 4719 1752 4786 pertinent

173 4790 507 4857 Judzeorum,
531 4796 626 4850 sed
652 4807 709 4850 ut
754 4810 1136 4868 aggravaretur
1185 4818 1374 4858 eorum
1397 4807 1609 4877 jugum,
1640 4820 1749 4866 tra-

176 4883 292 4936 dita
316 4891 464 4940 sunt.
497 4885 725 4956 Propter
753 4892 894 4958 quod
920 4900 973 4943 et
1003 4892 1143 4948 Deus
1174 4911 1267 4964 per
1305 4900 1625 4967 prophetam
1668 4905 1753 4958 di-

176 4974 374 5027 ccbat:
408 4975 539 5029 Dedi
597 4979 670 5030 eis
716 4993 972 5048 precepta
1009 5000 1110 5036 non
1149 4986 1306 5050 bona,
1354 4998 1401 5041 et
1437 4990 1642 5058 judicia
1700 4996 1755 5047 iu

177 5065 367 5134 quibus
397 5082 499 5119 non
527 5069 690 5122 vivent
725 5071 790 5124 ¹⁹.

256 5151 418 5208 Vens.
452 5155 639 5211 40-ιό.
677 5177 691 5209 i
719 5158 812 5213 Vir
837 5161 903 5215 de
931 5163 1087 5230 cujus
1128 5166 1304 5235 capite
1350 5170 1528 5238 capilli
1559 5170 1756 5237 ﬂuunt,

179 5244 370 5298 calvus
412 5262 475 5300 ac
504 5251 738 5304 mundus
762 5260 864 5306 est.
896 5253 959 5308 Et
980 5255 1024 5308 si
1053 5271 1086 5309 a
1111 5256 1290 5312 fronte
1320 5261 1620 5316 ceciderint
1642 5264 1754 5332 pili,

181 5336 509 5392 recalvaster
535 5348 591 5392 et
634 5342 867 5398 mundus
922 5355 1027 5400 est.
1078 5346 1134 5400 Si
1191 5358 1374 5404 autem
1431 5353 1488 5406 in
1517 5355 1757 5422 calvitio,

180 5425 298 5479 sive
323 5427 378 5479 in
412 5429 690 5485 recalvitio
717 5433 891 5501 albus,
915 5437 1001 5490 vel
1045 5438 1198 5495 rufus
1237 5441 1385 5496 color
1411 5443 1574 5499 fuerit
1598 5461 1758 5499 exor-

183 5525 294 5580 tus,
326 5526 380 5571 et
416 5519 520 5573 hoc
550 5524 803 5579 sacerdos
839 5526 1055 5595 viderit,
1086 5531 1385 5600 inquinabil
1421 5552 1543 5590 eum
1574 5555 1586 5590 :
1616 5539 1757 5592 haud

180 5605 350 5663 dubie
379 5609 525 5679 lepra
564 5623 667 5680 est,
701 5630 822 5685 qua:
852 5627 969 5673 orta
997 5631 1080 5676 est
1109 5623 1164 5677 in
1187 5625 1422 5679 calvitio.
1454 5649 1470 5676 ι

265 5819 308 5853 ⁸⁷
333 5819 489 5879 Cant.
539 5842 578 5892 ι,
608 5828 662 5884 4.
740 5829 785 5862 ⁸⁸
814 5832 957 5887 Psal.
991 5851 1190 5902 cum,
1218 5837 1305 5894 '20.

1389 5843 1427 5870 ”
1465 5841 1661 5896 Ezech.
1703 5861 1787 5904 xx,
1826 5845 1878 5898 Η
1915 5863 2025 5899 sec.
2054 5845 2212 5900 LXX.

1854 4633 2148 4704 idolotliyta
2167 4632 2450 4686 comedere
2469 4631 2716 4701 impium,
2740 4641 2901 4701 atque
2917 4633 3194 4687 mulierem
3207 4634 3434 4689 alienam

1856 4725 2244 4793 cencupiscere
2294 4723 2367 4777 sit
2425 4723 2712 4792 iniquum?
2740 4721 2796 4776 Si
2828 4739 2958 4793 ergo
3006 4740 3130 4778 cum
3166 4728 3439 4781 sacerdos

1859 4817 2125 4870 maculam
2185 4816 2476 4869 habentem
2512 4817 2687 4870 albazu
2737 4821 2833 4868 aut
2877 4814 3051 4868 rufam
3108 4815 3164 4868 in
3218 4818 3438 4874 calvitio

1858 4919 1954 4965 aut
1983 4912 2035 4964 in
2063 4912 2340 4965 recalvitio
2367 4912 2509 4979 ejus,
2537 4911 2590 4965 id
2619 4920 2722 4973 est,
2756 4911 2810 4965 in
2843 4927 2905 4965 ea
2938 4927 3058 4980 quae
3095 4921 3180 4965 est
3204 4927 3268 4965 ex
3301 4921 3435 4974 toto,

1862 5004 1943 5056 vel
1970 5019 2032 5057 ex
2059 5015 2231 5072 parte,
2259 5003 2624 5072 simplicitate,
2672 5005 3057 5074 evangelicam,
3085 5005 3168 5058 vel
3212 5004 3434 5074 legalem

1859 5107 1984 5145 eum
2011 5106 2255 5144 normam
2283 5101 2597 5160 peccantem
2629 5093 3041 5160 praevaricatum
3080 5092 3251 5146 fuisse
3278 5107 3436 5160 repe-

1864 5185 1951 5247 rit,
1985 5185 2390 5246 condemnabit,
2413 5183 2528 5236 sive
2548 5184 2939 5237 contaminabit
2967 5198 3116 5238 eum.
3148 5184 3368 5248 Quare?

1931 5268 2066 5332 Quia
2090 5269 2233 5322 haud
2267 5269 2421 5322 dubie
2469 5269 2613 5338 lepra
2661 5281 2778 5322 orta
2832 5281 2909 5325 est
2948 5273 3000 5323 iu
3051 5272 3279 5324 calvitio.
3317 5271 3433 5333 νει,

1863 5359 2003 5413 sicut
2034 5359 2195 5423 LXX,
2230 5361 2355 5429 quia
2383 5361 2438 5411 in
2469 5360 2643 5426 capite
2673 5359 2786 5428 ejus
2836 5361 3047 5412 macula
3087 5361 3222 5428 ejus,
3253 5361 3349 5426 ait;
3384 5360 3435 5420 id

1862 5459 1965 5512 est,
1995 5450 2119 5518 quia
2159 5451 2214 5503 in
2247 5449 2435 5505 validis
2455 5459 2510 5504 et
2539 5451 2864 5505 necessariis
2916 5454 3178 5520 peccavit,
3223 5453 3279 5507 in
3317 5468 3442 5522 qui-

1863 5540 1963 5593 bus
2037 5555 2199 5594 nemo
2270 5555 2504 5610 peccans
2562 5541 2774 5595 veniam
2848 5552 3106 5597 meretur.
3168 5543 3438 5600 Naturalis

1861 5633 2006 5685 enim
2047 5633 2150 5696 lex,
2179 5633 2245 5686 ad
2307 5650 2468 5702 quam
2522 5635 2829 5689 necessaria
2874 5636 3004 5706 legis
3073 5638 3326 5702 tendunt,
3383 5650 3436 5694 ct

2292 5849 2335 5878 ³ο
2363 5847 2553 5901 Matth.
2588 5865 2638 5909 x,
2675 5849 2757 5903 t6.
2835 5850 2875 5881 “
2911 5849 2958 5906 ll
2981 5848 3108 5907 Cor.
3132 5867 3184 5913 χ.
3222 5851 3274 5905 7.
