  <div class='ocr_page' id='page_1' title='image "/cluster/home/n/w/nwhite01/storage/ocr_20150623/93/nnc1.0046980059/469.png"; bbox 0 0 4218 6450; ppageno 0'>
   <div class='ocr_carea' id='block_1_1' title="bbox 729 400 831 463">
    <p class='ocr_par' dir='ltr' id='par_1_1' title="bbox 729 400 831 463">
     <span class='ocr_line' id='line_1_1' title="bbox 729 400 831 463; baseline -0.02 0"><span class='ocrx_word' id='word_1_1' title='bbox 729 400 831 463; x_wconf 75' lang='grc'><strong>951</strong></span> 
     </span>
    </p>
   </div>
   <div class='ocr_carea' id='block_1_2' title="bbox 1912 388 2774 453">
    <p class='ocr_par' dir='ltr' id='par_1_2' title="bbox 1912 388 2774 453">
     <span class='ocr_line' id='line_1_2' title="bbox 1912 388 2774 453; baseline -0.006 0"><span class='ocrx_word' id='word_1_2' title='bbox 1912 391 2267 453; x_wconf 80' lang='lat' dir='ltr'><strong>IIESYCIIII</strong></span> <span class='ocrx_word' id='word_1_3' title='bbox 2306 388 2774 448; x_wconf 69' lang='lat' dir='ltr'><strong>PRESBYTER!</strong></span> 
     </span>
    </p>
   </div>
   <div class='ocr_carea' id='block_1_3' title="bbox 3878 383 3983 448">
    <p class='ocr_par' dir='ltr' id='par_1_3' title="bbox 3878 383 3983 448">
     <span class='ocr_line' id='line_1_3' title="bbox 3878 383 3983 448; baseline 0.057 -6"><span class='ocrx_word' id='word_1_4' title='bbox 3878 383 3983 448; x_wconf 74' lang='lat'><strong>952</strong></span> 
     </span>
    </p>
   </div>
   <div class='ocr_carea' id='block_1_4' title="bbox 730 498 3982 579">
    <p class='ocr_par' dir='ltr' id='par_1_4' title="bbox 730 498 3982 579">
     <span class='ocr_line' id='line_1_4' title="bbox 730 498 3982 579; baseline -0.007 -10"><span class='ocrx_word' id='word_1_5' title='bbox 730 523 1102 578; x_wconf 73' lang='lat' dir='ltr'><strong>conversetur,</strong></span> <span class='ocrx_word' id='word_1_6' title='bbox 1134 523 1191 565; x_wconf 92' lang='lat' dir='ltr'><strong>ut</strong></span> <span class='ocrx_word' id='word_1_7' title='bbox 1242 529 1307 565; x_wconf 87' lang='lat' dir='ltr'><strong>ne</strong></span> <span class='ocrx_word' id='word_1_8' title='bbox 1353 512 1570 579; x_wconf 85' lang='lat' dir='ltr'><strong>quidem</strong></span> <span class='ocrx_word' id='word_1_9' title='bbox 1621 511 1671 561; x_wconf 70' lang='lat' dir='ltr'><strong>ia</strong></span> <span class='ocrx_word' id='word_1_10' title='bbox 1723 509 2088 577; x_wconf 71' lang='lat' dir='ltr'><strong>suspicionem</strong></span> <span class='ocrx_word' id='word_1_11' title='bbox 2136 504 2299 558; x_wconf 86' lang='lat' dir='ltr'><strong>unius</strong></span> <span class='ocrx_word' id='word_1_12' title='bbox 2329 510 2370 560; x_wconf 76' lang='grc' dir='ltr'>Α</span> <span class='ocrx_word' id='word_1_13' title='bbox 2401 515 2467 554; x_wconf 89' lang='lat' dir='ltr'><strong>eo</strong></span> <span class='ocrx_word' id='word_1_14' title='bbox 2495 500 2755 554; x_wconf 88' lang='lat' dir='ltr'><strong>discimus</strong></span> <span class='ocrx_word' id='word_1_15' title='bbox 2786 502 2947 569; x_wconf 86' lang='lat' dir='ltr'><strong>:quia</strong></span> <span class='ocrx_word' id='word_1_16' title='bbox 2981 502 3252 569; x_wconf 91' lang='lat' dir='ltr'><strong>leprosum</strong></span> <span class='ocrx_word' id='word_1_17' title='bbox 3285 516 3391 552; x_wconf 90' lang='lat' dir='ltr'><strong>non</strong></span> <span class='ocrx_word' id='word_1_18' title='bbox 3423 499 3499 552; x_wconf 82' lang='lat' dir='ltr'><strong>ire</strong></span> <span class='ocrx_word' id='word_1_19' title='bbox 3528 498 3593 552; x_wconf 87' lang='lat' dir='ltr'><strong>ad</strong></span> <span class='ocrx_word' id='word_1_20' title='bbox 3615 498 3982 556; x_wconf 82' lang='lat' dir='ltr'><strong>sacerdotem,</strong></span> 
     </span>
    </p>
   </div>
   <div class='ocr_carea' id='block_1_5' title="bbox 733 600 2069 668">
    <p class='ocr_par' dir='ltr' id='par_1_5' title="bbox 733 600 2069 668">
     <span class='ocr_line' id='line_1_5' title="bbox 733 600 2069 668; baseline -0.009 -7"><span class='ocrx_word' id='word_1_21' title='bbox 733 605 929 662; x_wconf 85' lang='lat' dir='ltr'><strong>horum</strong></span> <span class='ocrx_word' id='word_1_22' title='bbox 960 604 1179 666; x_wconf 90' lang='lat' dir='ltr'><strong>incidat,</strong></span> <span class='ocrx_word' id='word_1_23' title='bbox 1205 612 1259 657; x_wconf 91' lang='lat' dir='ltr'><strong>et</strong></span> <span class='ocrx_word' id='word_1_24' title='bbox 1284 611 1414 656; x_wconf 91' lang='lat' dir='ltr'><strong>tunc</strong></span> <span class='ocrx_word' id='word_1_25' title='bbox 1443 602 1677 655; x_wconf 87' lang='lat' dir='ltr'><strong>mundus</strong></span> <span class='ocrx_word' id='word_1_26' title='bbox 1702 616 1823 654; x_wconf 89' lang='lat' dir='ltr'><strong>esse</strong></span> <span class='ocrx_word' id='word_1_27' title='bbox 1851 600 2069 668; x_wconf 92' lang='lat' dir='ltr'><strong>poterit.</strong></span> 
     </span>
    </p>
   </div>
   <div class='ocr_carea' id='block_1_6' title="bbox 803 685 2303 763">
    <p class='ocr_par' dir='ltr' id='par_1_6' title="bbox 803 685 2303 763">
     <span class='ocr_line' id='line_1_6' title="bbox 803 685 2303 763; baseline -0.007 -15"><span class='ocrx_word' id='word_1_28' title='bbox 803 690 899 749; x_wconf 72' lang='lat' dir='ltr'><strong>.Sin</strong></span> <span class='ocrx_word' id='word_1_29' title='bbox 924 705 1098 746; x_wconf 78' lang='lat' dir='ltr'><strong>autem</strong></span> <span class='ocrx_word' id='word_1_30' title='bbox 1131 696 1271 747; x_wconf 85' lang='lat' dir='ltr'><strong>ultra</strong></span> <span class='ocrx_word' id='word_1_31' title='bbox 1312 693 1619 763; x_wconf 80' lang='lat' dir='ltr'><strong>apparuerit</strong></span> <span class='ocrx_word' id='word_1_32' title='bbox 1653 693 1707 743; x_wconf 88' lang='lat' dir='ltr'><strong>in</strong></span> <span class='ocrx_word' id='word_1_33' title='bbox 1732 691 1811 743; x_wconf 79' lang='lat' dir='ltr'><strong>his</strong></span> <span class='ocrx_word' id='word_1_34' title='bbox 1841 690 1986 751; x_wconf 81' lang='lat' dir='ltr'><strong>locis,</strong></span> <span class='ocrx_word' id='word_1_35' title='bbox 2015 702 2129 757; x_wconf 69' lang='lat' dir='ltr'><strong>quia</strong></span> <span class='ocrx_word' id='word_1_36' title='bbox 2156 685 2303 755; x_wconf 74' lang='lat' dir='ltr'><strong>prius</strong></span> 
     </span>
    </p>
   </div>
   <div class='ocr_carea' id='block_1_7' title="bbox 735 772 2301 854">
    <p class='ocr_par' dir='ltr' id='par_1_7' title="bbox 735 772 2301 854">
     <span class='ocr_line' id='line_1_7' title="bbox 735 772 2301 854; baseline -0.007 -17"><span class='ocrx_word' id='word_1_37' title='bbox 735 784 1079 837; x_wconf 82' lang='lat' dir='ltr'><strong>immaculata</strong></span> <span class='ocrx_word' id='word_1_38' title='bbox 1126 785 1356 854; x_wconf 82' lang='lat' dir='ltr'><strong>fuerant.</strong></span> <span class='ocrx_word' id='word_1_39' title='bbox 1399 784 1454 837; x_wconf 92' lang='lat' dir='ltr'><strong>ld</strong></span> <span class='ocrx_word' id='word_1_40' title='bbox 1502 792 1585 837; x_wconf 92' lang='lat' dir='ltr'><strong>est</strong></span> <span class='ocrx_word' id='word_1_41' title='bbox 1628 782 1683 834; x_wconf 92' lang='lat' dir='ltr'><strong>in</strong></span> <span class='ocrx_word' id='word_1_42' title='bbox 1730 780 2073 839; x_wconf 87' lang='lat' dir='ltr'><strong>vestimento,</strong></span> <span class='ocrx_word' id='word_1_43' title='bbox 2121 774 2207 828; x_wconf 90' lang='lat' dir='ltr'><strong>vel</strong></span> <span class='ocrx_word' id='word_1_44' title='bbox 2247 772 2301 827; x_wconf 92' lang='lat' dir='ltr'><strong>in</strong></span> 
     </span>
    </p>
   </div>
   <div class='ocr_carea' id='block_1_8' title="bbox 736 866 2303 944">
    <p class='ocr_par' dir='ltr' id='par_1_8' title="bbox 736 866 2303 944">
     <span class='ocr_line' id='line_1_8' title="bbox 736 866 2303 944; baseline -0.007 -16"><span class='ocrx_word' id='word_1_45' title='bbox 736 873 1099 944; x_wconf 89' lang='lat' dir='ltr'><strong>subtegmine,</strong></span> <span class='ocrx_word' id='word_1_46' title='bbox 1130 875 1214 929; x_wconf 90' lang='lat' dir='ltr'><strong>vel</strong></span> <span class='ocrx_word' id='word_1_47' title='bbox 1260 875 1314 928; x_wconf 92' lang='lat' dir='ltr'><strong>in</strong></span> <span class='ocrx_word' id='word_1_48' title='bbox 1365 874 1618 936; x_wconf 86' lang='lat' dir='ltr'><strong>stamine,</strong></span> <span class='ocrx_word' id='word_1_49' title='bbox 1647 872 1731 924; x_wconf 96' lang='lat' dir='ltr'><strong>vel</strong></span> <span class='ocrx_word' id='word_1_50' title='bbox 1777 872 1827 923; x_wconf 92' lang='lat' dir='ltr'><strong>in</strong></span> <span class='ocrx_word' id='word_1_51' title='bbox 1873 869 2031 938; x_wconf 86' lang='lat' dir='ltr'><strong>pelle,</strong></span> <span class='ocrx_word' id='word_1_52' title='bbox 2060 867 2110 921; x_wconf 93' lang='lat' dir='ltr'><strong>id</strong></span> <span class='ocrx_word' id='word_1_53' title='bbox 2140 874 2223 921; x_wconf 90' lang='lat' dir='ltr'><strong>est</strong></span> <span class='ocrx_word' id='word_1_54' title='bbox 2249 866 2303 918; x_wconf 92' lang='lat' dir='ltr'><strong>in</strong></span> 
     </span>
    </p>
   </div>
   <div class='ocr_carea' id='block_1_9' title="bbox 735 956 2305 1036">
    <p class='ocr_par' dir='ltr' id='par_1_9' title="bbox 735 956 2305 1036">
     <span class='ocr_line' id='line_1_9' title="bbox 735 956 2305 1036; baseline -0.009 -15"><span class='ocrx_word' id='word_1_55' title='bbox 735 961 957 1032; x_wconf 69' lang='lat' dir='ltr'><strong>vir&#39;tute,</strong></span> <span class='ocrx_word' id='word_1_56' title='bbox 976 975 1068 1019; x_wconf 88' lang='lat' dir='ltr'><strong>aut</strong></span> <span class='ocrx_word' id='word_1_57' title='bbox 1091 964 1652 1036; x_wconf 68' lang='lat' dir='ltr'><strong>ipsis’tentationibus,</strong></span> <span class='ocrx_word' id='word_1_58' title='bbox 1672 963 1848 1016; x_wconf 87' lang='lat' dir='ltr'><strong>adhuc</strong></span> <span class='ocrx_word' id='word_1_59' title='bbox 1870 960 2113 1014; x_wconf 90' lang='lat' dir='ltr'><strong>eamdem</strong></span> <span class='ocrx_word' id='word_1_60' title='bbox 2136 956 2305 1011; x_wconf 83' lang='lat' dir='ltr'><strong>susti-</strong></span> 
     </span>
    </p>
   </div>
   <div class='ocr_carea' id='block_1_10' title="bbox 739 1045 2304 1124">
    <p class='ocr_par' dir='ltr' id='par_1_10' title="bbox 739 1045 2304 1124">
     <span class='ocr_line' id='line_1_10' title="bbox 739 1045 2304 1124; baseline -0.005 -17"><span class='ocrx_word' id='word_1_61' title='bbox 739 1065 865 1108; x_wconf 90' lang='lat' dir='ltr'><strong>neat</strong></span> <span class='ocrx_word' id='word_1_62' title='bbox 895 1055 1223 1124; x_wconf 84' lang='lat' dir='ltr'><strong>passionem,</strong></span> <span class='ocrx_word' id='word_1_63' title='bbox 1252 1068 1354 1123; x_wconf 89' lang='lat' dir='ltr'><strong>pro</strong></span> <span class='ocrx_word' id='word_1_64' title='bbox 1391 1068 1497 1123; x_wconf 89' lang='lat' dir='ltr'><strong>qua</strong></span> <span class='ocrx_word' id='word_1_65' title='bbox 1538 1052 1756 1106; x_wconf 87' lang='lat' dir='ltr'><strong>ablutus</strong></span> <span class='ocrx_word' id='word_1_66' title='bbox 1782 1058 1886 1113; x_wconf 87' lang='lat' dir='ltr'><strong>est,</strong></span> <span class='ocrx_word' id='word_1_67' title='bbox 1914 1049 1998 1103; x_wconf 85' lang='lat' dir='ltr'><strong>vel</strong></span> <span class='ocrx_word' id='word_1_68' title='bbox 2031 1045 2304 1117; x_wconf 67' lang='lat' dir='ltr'><strong>paenituit,</strong></span> 
     </span>
    </p>
   </div>
   <div class='ocr_carea' id='block_1_11' title="bbox 739 1139 2307 1215">
    <p class='ocr_par' dir='ltr' id='par_1_11' title="bbox 739 1139 2307 1215">
     <span class='ocr_line' id='line_1_11' title="bbox 739 1139 2307 1215; baseline -0.006 -16"><span class='ocrx_word' id='word_1_69' title='bbox 739 1152 902 1214; x_wconf 74' lang='lat' dir='ltr'><strong>atqde</strong></span> <span class='ocrx_word' id='word_1_70' title='bbox 930 1146 980 1199; x_wconf 91' lang='lat' dir='ltr'><strong>iu</strong></span> <span class='ocrx_word' id='word_1_71' title='bbox 1021 1161 1083 1199; x_wconf 89' lang='lat' dir='ltr'><strong>ea</strong></span> <span class='ocrx_word' id='word_1_72' title='bbox 1124 1154 1408 1215; x_wconf 88' lang='lat' dir='ltr'><strong>permanet</strong></span> <span class='ocrx_word' id='word_1_73' title='bbox 1434 1144 1768 1205; x_wconf 85' lang='lat' dir='ltr'><strong>immundus,</strong></span> <span class='ocrx_word' id='word_1_74' title='bbox 1810 1139 2119 1210; x_wconf 83' lang='lat' dir='ltr'><strong>hujusmodi</strong></span> <span class='ocrx_word' id='word_1_75' title='bbox 2145 1151 2307 1209; x_wconf 87' lang='lat' dir='ltr'><strong>repu-</strong></span> 
     </span>
    </p>
   </div>
   <div class='ocr_carea' id='block_1_12' title="bbox 743 1234 1873 1305">
    <p class='ocr_par' dir='ltr' id='par_1_12' title="bbox 743 1234 1873 1305">
     <span class='ocr_line' id='line_1_12' title="bbox 743 1234 1873 1305; baseline -0.005 -14"><span class='ocrx_word' id='word_1_76' title='bbox 743 1247 905 1301; x_wconf 89' lang='lat' dir='ltr'><strong>tatur,</strong></span> <span class='ocrx_word' id='word_1_77' title='bbox 934 1246 992 1291; x_wconf 85' lang='lat' dir='ltr'><strong>et</strong></span> <span class='ocrx_word' id='word_1_78' title='bbox 1020 1238 1161 1305; x_wconf 87' lang='lat' dir='ltr'><strong>ignis</strong></span> <span class='ocrx_word' id='word_1_79' title='bbox 1185 1252 1309 1291; x_wconf 91' lang='lat' dir='ltr'><strong>cum</strong></span> <span class='ocrx_word' id='word_1_80' title='bbox 1340 1236 1603 1305; x_wconf 65' lang='lat' dir='ltr'><strong>gehennae</strong></span> <span class='ocrx_word' id='word_1_81' title='bbox 1630 1234 1873 1302; x_wconf 79' lang='lat' dir='ltr'><strong>suscipit.</strong></span> 
     </span>
    </p>
   </div>
   <div class='ocr_carea' id='block_1_13' title="bbox 810 1318 2310 1394">
    <p class='ocr_par' dir='ltr' id='par_1_13' title="bbox 810 1318 2310 1394">
     <span class='ocr_line' id='line_1_13' title="bbox 810 1318 2310 1394; baseline -0.005 -15"><span class='ocrx_word' id='word_1_82' title='bbox 810 1326 945 1390; x_wconf 84' lang='lat' dir='ltr'><strong>Quia</strong></span> <span class='ocrx_word' id='word_1_83' title='bbox 990 1326 1134 1393; x_wconf 76' lang='lat' dir='ltr'><strong>lepra</strong></span> <span class='ocrx_word' id='word_1_84' title='bbox 1163 1326 1390 1380; x_wconf 74' lang='lat' dir='ltr'><strong>volatilis</strong></span> <span class='ocrx_word' id='word_1_85' title='bbox 1420 1335 1466 1378; x_wconf 85' lang='lat' dir='ltr'><strong>et</strong></span> <span class='ocrx_word' id='word_1_86' title='bbox 1501 1341 1635 1394; x_wconf 74' lang='lat' dir='ltr'><strong>vaga</strong></span> <span class='ocrx_word' id='word_1_87' title='bbox 1671 1332 1764 1377; x_wconf 81' lang='lat' dir='ltr'><strong>est.</strong></span> <span class='ocrx_word' id='word_1_88' title='bbox 1804 1323 1861 1378; x_wconf 88' lang='lat' dir='ltr'><strong>ld</strong></span> <span class='ocrx_word' id='word_1_89' title='bbox 1903 1330 2005 1386; x_wconf 88' lang='lat' dir='ltr'><strong>est,</strong></span> <span class='ocrx_word' id='word_1_90' title='bbox 2054 1320 2179 1390; x_wconf 84' lang='lat' dir='ltr'><strong>quia</strong></span> <span class='ocrx_word' id='word_1_91' title='bbox 2204 1318 2310 1372; x_wconf 90' lang='lat' dir='ltr'><strong>hoc</strong></span> 
     </span>
    </p>
   </div>
   <div class='ocr_carea' id='block_1_14' title="bbox 740 1413 2307 1486">
    <p class='ocr_par' dir='ltr' id='par_1_14' title="bbox 740 1413 2307 1486">
     <span class='ocr_line' id='line_1_14' title="bbox 740 1413 2307 1486; baseline -0.004 -18"><span class='ocrx_word' id='word_1_92' title='bbox 740 1420 883 1486; x_wconf 87' lang='lat' dir='ltr'><strong>quod</strong></span> <span class='ocrx_word' id='word_1_93' title='bbox 908 1418 1072 1471; x_wconf 88' lang='lat' dir='ltr'><strong>semel</strong></span> <span class='ocrx_word' id='word_1_94' title='bbox 1104 1417 1330 1471; x_wconf 72' lang='lat' dir='ltr'><strong>macula:</strong></span> <span class='ocrx_word' id='word_1_95' title='bbox 1357 1416 1585 1469; x_wconf 89' lang='lat' dir='ltr'><strong>dilutum</strong></span> <span class='ocrx_word' id='word_1_96' title='bbox 1613 1414 1807 1479; x_wconf 81' lang='lat' dir='ltr'><strong>fuerat,</strong></span> <span class='ocrx_word' id='word_1_97' title='bbox 1828 1413 1879 1467; x_wconf 88' lang='lat' dir='ltr'><strong>id</strong></span> <span class='ocrx_word' id='word_1_98' title='bbox 1902 1422 2006 1473; x_wconf 90' lang='lat' dir='ltr'><strong>est,</strong></span> <span class='ocrx_word' id='word_1_99' title='bbox 2026 1421 2307 1480; x_wconf 82' lang='lat' dir='ltr'><strong>postquam</strong></span> 
     </span>
    </p>
   </div>
   <div class='ocr_carea' id='block_1_15' title="bbox 741 1500 2307 1575">
    <p class='ocr_par' dir='ltr' id='par_1_15' title="bbox 741 1500 2307 1575">
     <span class='ocr_line' id='line_1_15' title="bbox 741 1500 2307 1575; baseline -0.006 -14"><span class='ocrx_word' id='word_1_100' title='bbox 741 1507 907 1561; x_wconf 81' lang='lat' dir='ltr'><strong>semel</strong></span> <span class='ocrx_word' id='word_1_101' title='bbox 934 1522 963 1559; x_wconf 90' lang='lat' dir='ltr'><strong>a</strong></span> <span class='ocrx_word' id='word_1_102' title='bbox 991 1506 1301 1575; x_wconf 79' lang='lat' dir='ltr'><strong>suspicione</strong></span> <span class='ocrx_word' id='word_1_103' title='bbox 1330 1505 1618 1559; x_wconf 68' lang='lat' dir='ltr'><strong>Inundatus</strong></span> <span class='ocrx_word' id='word_1_104' title='bbox 1642 1512 1744 1565; x_wconf 89' lang='lat' dir='ltr'><strong>est,</strong></span> <span class='ocrx_word' id='word_1_105' title='bbox 1774 1518 1961 1556; x_wconf 84' lang='lat' dir='ltr'><strong>rursus</strong></span> <span class='ocrx_word' id='word_1_106' title='bbox 1985 1500 2145 1554; x_wconf 86' lang='lat' dir='ltr'><strong>lavari</strong></span> <span class='ocrx_word' id='word_1_107' title='bbox 2172 1501 2307 1562; x_wconf 90' lang='lat' dir='ltr'><strong>vult,</strong></span> 
     </span>
    </p>
   </div>
   <div class='ocr_carea' id='block_1_16' title="bbox 741 1591 2311 1661">
    <p class='ocr_par' dir='ltr' id='par_1_16' title="bbox 741 1591 2311 1661">
     <span class='ocr_line' id='line_1_16' title="bbox 741 1591 2311 1661; baseline -0.004 -8"><span class='ocrx_word' id='word_1_108' title='bbox 741 1608 801 1658; x_wconf 87' lang='lat' dir='ltr'><strong>ut</strong></span> <span class='ocrx_word' id='word_1_109' title='bbox 830 1606 962 1659; x_wconf 77' lang='lat' dir='ltr'><strong>tunc</strong></span> <span class='ocrx_word' id='word_1_110' title='bbox 990 1598 1224 1650; x_wconf 78' lang='lat' dir='ltr'><strong>mumlus</strong></span> <span class='ocrx_word' id='word_1_111' title='bbox 1253 1596 1585 1649; x_wconf 78' lang='lat' dir='ltr'><strong>nominetur.</strong></span> <span class='ocrx_word' id='word_1_112' title='bbox 1616 1595 1772 1649; x_wconf 87' lang='lat' dir='ltr'><strong>Unde</strong></span> <span class='ocrx_word' id='word_1_113' title='bbox 1804 1592 2141 1661; x_wconf 88' lang='lat' dir='ltr'><strong>apertissime</strong></span> <span class='ocrx_word' id='word_1_114' title='bbox 2178 1591 2311 1646; x_wconf 90' lang='lat' dir='ltr'><strong>illud</strong></span> 
     </span>
    </p>
   </div>
   <div class='ocr_carea' id='block_1_17' title="bbox 742 1683 2310 1755">
    <p class='ocr_par' dir='ltr' id='par_1_17' title="bbox 742 1683 2310 1755">
     <span class='ocr_line' id='line_1_17' title="bbox 742 1683 2310 1755; baseline -0.001 -17"><span class='ocrx_word' id='word_1_115' title='bbox 742 1687 837 1739; x_wconf 85' lang='lat' dir='ltr'><strong>tibi</strong></span> <span class='ocrx_word' id='word_1_116' title='bbox 870 1686 1167 1755; x_wconf 80' lang='lat' dir='ltr'><strong>intelligere</strong></span> <span class='ocrx_word' id='word_1_117' title='bbox 1214 1686 1489 1754; x_wconf 75' lang='lat' dir='ltr'><strong>legislator</strong></span> <span class='ocrx_word' id='word_1_118' title='bbox 1532 1686 1727 1745; x_wconf 87' lang='lat' dir='ltr'><strong>innuit,</strong></span> <span class='ocrx_word' id='word_1_119' title='bbox 1757 1683 1973 1752; x_wconf 82' lang='lat' dir='ltr'><strong>quando</strong></span> <span class='ocrx_word' id='word_1_120' title='bbox 2014 1683 2080 1736; x_wconf 93' lang='lat' dir='ltr'><strong>de</strong></span> <span class='ocrx_word' id='word_1_121' title='bbox 2120 1683 2310 1736; x_wconf 89' lang='lat' dir='ltr'><strong>eodem</strong></span> 
     </span>
    </p>
   </div>
   <div class='ocr_carea' id='block_1_18' title="bbox 743 1773 2312 1846">
    <p class='ocr_par' dir='ltr' id='par_1_18' title="bbox 743 1773 2312 1846">
     <span class='ocr_line' id='line_1_18' title="bbox 743 1773 2312 1846; baseline 0 -20"><span class='ocrx_word' id='word_1_122' title='bbox 743 1786 967 1846; x_wconf 79' lang='lat' dir='ltr'><strong>peccato</strong></span> <span class='ocrx_word' id='word_1_123' title='bbox 1012 1776 1385 1845; x_wconf 78' lang='lat' dir='ltr'><strong>frequentibus</strong></span> <span class='ocrx_word' id='word_1_124' title='bbox 1422 1777 1535 1829; x_wconf 84' lang='lat' dir='ltr'><strong>vult</strong></span> <span class='ocrx_word' id='word_1_125' title='bbox 1580 1775 1831 1844; x_wconf 64' lang='lat' dir='ltr'><strong>lacryntis</strong></span> <span class='ocrx_word' id='word_1_126' title='bbox 1870 1774 2140 1843; x_wconf 70' lang='lat' dir='ltr'><strong>preniteri.</strong></span> <span class='ocrx_word' id='word_1_127' title='bbox 2179 1773 2312 1827; x_wconf 81' lang='lat' dir='ltr'><strong>Fre-</strong></span> 
     </span>
    </p>
   </div>
   <div class='ocr_carea' id='block_1_19' title="bbox 736 1865 2303 1933">
    <p class='ocr_par' dir='ltr' id='par_1_19' title="bbox 736 1865 2303 1933">
     <span class='ocr_line' id='line_1_19' title="bbox 736 1865 2303 1933; baseline -0.001 -16"><span class='ocrx_word' id='word_1_128' title='bbox 736 1880 916 1933; x_wconf 72' lang='lat' dir='ltr'><strong>quens</strong></span> <span class='ocrx_word' id='word_1_129' title='bbox 942 1866 1087 1918; x_wconf 91' lang='lat' dir='ltr'><strong>enim</strong></span> <span class='ocrx_word' id='word_1_130' title='bbox 1113 1865 1582 1926; x_wconf 86' lang='lat' dir='ltr'><strong>commemoratio,</strong></span> <span class='ocrx_word' id='word_1_131' title='bbox 1612 1880 1713 1918; x_wconf 89' lang='lat' dir='ltr'><strong>nec</strong></span> <span class='ocrx_word' id='word_1_132' title='bbox 1753 1865 1927 1933; x_wconf 88' lang='lat' dir='ltr'><strong>ipsum</strong></span> <span class='ocrx_word' id='word_1_133' title='bbox 1962 1865 2155 1917; x_wconf 86' lang='lat' dir='ltr'><strong>vulnus</strong></span> <span class='ocrx_word' id='word_1_134' title='bbox 2190 1878 2303 1932; x_wconf 85' lang='lat' dir='ltr'><strong>per-</strong></span> 
     </span>
    </p>
   </div>
   <div class='ocr_carea' id='block_1_20' title="bbox 743 1956 2311 2026">
    <p class='ocr_par' dir='ltr' id='par_1_20' title="bbox 743 1956 2311 2026">
     <span class='ocr_line' id='line_1_20' title="bbox 743 1956 2311 2026; baseline -0.001 -17"><span class='ocrx_word' id='word_1_135' title='bbox 743 1958 910 2011; x_wconf 87' lang='lat' dir='ltr'><strong>mittit</strong></span> <span class='ocrx_word' id='word_1_136' title='bbox 951 1957 1267 2026; x_wconf 68' lang='lat' dir='ltr'><strong>praevalere,</strong></span> <span class='ocrx_word' id='word_1_137' title='bbox 1297 1972 1400 2010; x_wconf 80' lang='lat' dir='ltr'><strong>nec</strong></span> <span class='ocrx_word' id='word_1_138' title='bbox 1451 1956 1619 2010; x_wconf 89' lang='lat' dir='ltr'><strong>aliud.</strong></span> <span class='ocrx_word' id='word_1_139' title='bbox 1650 1958 1785 2021; x_wconf 83' lang='lat' dir='ltr'><strong>Quia</strong></span> <span class='ocrx_word' id='word_1_140' title='bbox 1828 1972 1955 2025; x_wconf 85' lang='lat' dir='ltr'><strong>ergo</strong></span> <span class='ocrx_word' id='word_1_141' title='bbox 1992 1967 2046 2011; x_wconf 86' lang='lat' dir='ltr'><strong>et</strong></span> <span class='ocrx_word' id='word_1_142' title='bbox 2082 1958 2150 2011; x_wconf 90' lang='lat' dir='ltr'><strong>de</strong></span> <span class='ocrx_word' id='word_1_143' title='bbox 2180 1970 2311 2010; x_wconf 87' lang='lat' dir='ltr'><strong>eve-</strong></span> 
     </span>
    </p>
   </div>
   <div class='ocr_carea' id='block_1_21' title="bbox 740 2045 2313 2117">
    <p class='ocr_par' dir='ltr' id='par_1_21' title="bbox 740 2045 2313 2117">
     <span class='ocr_line' id='line_1_21' title="bbox 740 2045 2313 2117; baseline 0.001 -20"><span class='ocrx_word' id='word_1_144' title='bbox 740 2048 1023 2105; x_wconf 83' lang='lat' dir='ltr'><strong>nientibus</strong></span> <span class='ocrx_word' id='word_1_145' title='bbox 1073 2048 1128 2101; x_wconf 90' lang='lat' dir='ltr'><strong>in</strong></span> <span class='ocrx_word' id='word_1_146' title='bbox 1178 2048 1407 2101; x_wconf 81' lang='lat' dir='ltr'><strong>virtutes</strong></span> <span class='ocrx_word' id='word_1_147' title='bbox 1453 2048 1701 2109; x_wconf 79' lang='lat' dir='ltr'><strong>maculis,</strong></span> <span class='ocrx_word' id='word_1_148' title='bbox 1750 2048 2019 2117; x_wconf 84' lang='lat' dir='ltr'><strong>legislator</strong></span> <span class='ocrx_word' id='word_1_149' title='bbox 2063 2045 2313 2116; x_wconf 78' lang='lat' dir='ltr'><strong>puriﬁca-</strong></span> 
     </span>
    </p>
   </div>
   <div class='ocr_carea' id='block_1_22' title="bbox 745 2136 2311 2206">
    <p class='ocr_par' dir='ltr' id='par_1_22' title="bbox 745 2136 2311 2206">
     <span class='ocr_line' id='line_1_22' title="bbox 745 2136 2311 2206; baseline -0.002 -14"><span class='ocrx_word' id='word_1_150' title='bbox 745 2140 920 2192; x_wconf 82' lang='lat' dir='ltr'><strong>tiones</strong></span> <span class='ocrx_word' id='word_1_151' title='bbox 968 2136 1245 2206; x_wconf 66' lang='lat' dir='ltr'><strong>praecepit.</strong></span> <span class='ocrx_word' id='word_1_152' title='bbox 1283 2137 1395 2205; x_wconf 89' lang='lat' dir='ltr'><strong>jam</strong></span> <span class='ocrx_word' id='word_1_153' title='bbox 1440 2152 1538 2205; x_wconf 90' lang='lat' dir='ltr'><strong>per</strong></span> <span class='ocrx_word' id='word_1_154' title='bbox 1584 2152 1707 2206; x_wconf 78' lang='lat' dir='ltr'><strong>quae.</strong></span> <span class='ocrx_word' id='word_1_155' title='bbox 1756 2138 2027 2206; x_wconf 88' lang='lat' dir='ltr'><strong>leprosum</strong></span> <span class='ocrx_word' id='word_1_156' title='bbox 2064 2137 2311 2199; x_wconf 77' lang='lat' dir='ltr'><strong>inundet,</strong></span> 
     </span>
    </p>
   </div>
   <div class='ocr_carea' id='block_1_23' title="bbox 743 2226 2314 2298">
    <p class='ocr_par' dir='ltr' id='par_1_23' title="bbox 743 2226 2314 2298">
     <span class='ocr_line' id='line_1_23' title="bbox 743 2226 2314 2298; baseline 0.002 -21"><span class='ocrx_word' id='word_1_157' title='bbox 743 2242 1000 2293; x_wconf 81' lang='lat' dir='ltr'><strong>agnosce.</strong></span> <span class='ocrx_word' id='word_1_158' title='bbox 1031 2226 1145 2281; x_wconf 84' lang='lat' dir='ltr'><strong>Hoc</strong></span> <span class='ocrx_word' id='word_1_159' title='bbox 1170 2243 1301 2296; x_wconf 89' lang='lat' dir='ltr'><strong>ergo</strong></span> <span class='ocrx_word' id='word_1_160' title='bbox 1330 2226 1641 2291; x_wconf 85' lang='lat' dir='ltr'><strong>intendens,</strong></span> <span class='ocrx_word' id='word_1_161' title='bbox 1672 2228 1918 2283; x_wconf 87' lang='lat' dir='ltr'><strong>invenies</strong></span> <span class='ocrx_word' id='word_1_162' title='bbox 1943 2229 2067 2297; x_wconf 88' lang='lat' dir='ltr'><strong>quia</strong></span> <span class='ocrx_word' id='word_1_163' title='bbox 2102 2227 2314 2298; x_wconf 85' lang='lat' dir='ltr'><strong>legisla-</strong></span> 
     </span>
    </p>
   </div>
   <div class='ocr_carea' id='block_1_24' title="bbox 745 2317 2313 2389">
    <p class='ocr_par' dir='ltr' id='par_1_24' title="bbox 745 2317 2313 2389">
     <span class='ocr_line' id='line_1_24' title="bbox 745 2317 2313 2389; baseline 0.002 -20"><span class='ocrx_word' id='word_1_164' title='bbox 745 2318 851 2377; x_wconf 83' lang='lat' dir='ltr'><strong>tori</strong></span> <span class='ocrx_word' id='word_1_165' title='bbox 875 2317 944 2371; x_wconf 87' lang='lat' dir='ltr'><strong>de</strong></span> <span class='ocrx_word' id='word_1_166' title='bbox 973 2318 1121 2387; x_wconf 90' lang='lat' dir='ltr'><strong>lepra</strong></span> <span class='ocrx_word' id='word_1_167' title='bbox 1149 2318 1237 2373; x_wconf 89' lang='lat' dir='ltr'><strong>illa</strong></span> <span class='ocrx_word' id='word_1_168' title='bbox 1264 2335 1407 2374; x_wconf 73' lang='lat' dir='ltr'><strong>cura:</strong></span> <span class='ocrx_word' id='word_1_169' title='bbox 1438 2321 1561 2385; x_wconf 77' lang='lat' dir='ltr'><strong>fuit,</strong></span> <span class='ocrx_word' id='word_1_170' title='bbox 1607 2336 1727 2389; x_wconf 73' lang='lat' dir='ltr'><strong>qua:</strong></span> <span class='ocrx_word' id='word_1_171' title='bbox 1768 2336 1833 2375; x_wconf 81' lang='lat' dir='ltr'><strong>ex</strong></span> <span class='ocrx_word' id='word_1_172' title='bbox 1872 2320 2085 2375; x_wconf 88' lang='lat' dir='ltr'><strong>delictis</strong></span> <span class='ocrx_word' id='word_1_173' title='bbox 2113 2321 2166 2373; x_wconf 93' lang='lat' dir='ltr'><strong>in</strong></span> <span class='ocrx_word' id='word_1_174' title='bbox 2195 2320 2313 2372; x_wconf 90' lang='lat' dir='ltr'><strong>ani-</strong></span> 
     </span>
    </p>
   </div>
   <div class='ocr_carea' id='block_1_25' title="bbox 744 2409 1473 2481">
    <p class='ocr_par' dir='ltr' id='par_1_25' title="bbox 744 2409 1473 2481">
     <span class='ocr_line' id='line_1_25' title="bbox 744 2409 1473 2481; baseline 0.005 -20"><span class='ocrx_word' id='word_1_175' title='bbox 744 2409 934 2462; x_wconf 89' lang='lat' dir='ltr'><strong>mabus</strong></span> <span class='ocrx_word' id='word_1_176' title='bbox 966 2410 1165 2464; x_wconf 86' lang='lat' dir='ltr'><strong>nostris</strong></span> <span class='ocrx_word' id='word_1_177' title='bbox 1198 2409 1473 2481; x_wconf 85' lang='lat' dir='ltr'><strong>inﬂigitur.</strong></span> 
     </span>
    </p>
   </div>
   <div class='ocr_carea' id='block_1_26' title="bbox 1326 2562 1727 2619">
    <p class='ocr_par' dir='ltr' id='par_1_26' title="bbox 1326 2562 1727 2619">
     <span class='ocr_line' id='line_1_26' title="bbox 1326 2562 1727 2619; baseline 0.002 -2"><span class='ocrx_word' id='word_1_178' title='bbox 1326 2562 1550 2617; x_wconf 82' lang='lat' dir='ltr'><strong>CAPUT</strong></span> <span class='ocrx_word' id='word_1_179' title='bbox 1590 2564 1727 2619; x_wconf 78' lang='lat' dir='ltr'><strong>XIV.</strong></span> 
     </span>
    </p>
   </div>
   <div class='ocr_carea' id='block_1_27' title="bbox 748 2670 2312 2749">
    <p class='ocr_par' dir='ltr' id='par_1_27' title="bbox 748 2670 2312 2749">
     <span class='ocr_line' id='line_1_27' title="bbox 748 2670 2312 2749; baseline 0.005 -24"><span class='ocrx_word' id='word_1_180' title='bbox 748 2698 751 2699; x_wconf 52' lang='grc' dir='ltr'><em>ν</em></span> <span class='ocrx_word' id='word_1_181' title='bbox 817 2670 976 2727; x_wconf 76' lang='lat' dir='ltr'><strong>Vens.</strong></span> <span class='ocrx_word' id='word_1_182' title='bbox 1003 2675 1116 2730; x_wconf 73' lang='lat'><strong>1-9.</strong></span> <span class='ocrx_word' id='word_1_183' title='bbox 1150 2693 1167 2725; x_wconf 78' lang='grc' dir='ltr'>ι</span> <span class='ocrx_word' id='word_1_184' title='bbox 1199 2675 1541 2745; x_wconf 86' lang='lat' dir='ltr'><strong>Locutusque</strong></span> <span class='ocrx_word' id='word_1_185' title='bbox 1572 2686 1656 2731; x_wconf 87' lang='lat' dir='ltr'><strong>est</strong></span> <span class='ocrx_word' id='word_1_186' title='bbox 1684 2677 1945 2732; x_wconf 87' lang='lat' dir='ltr'><strong>Dominus</strong></span> <span class='ocrx_word' id='word_1_187' title='bbox 1978 2678 2045 2731; x_wconf 88' lang='lat' dir='ltr'><strong>ad</strong></span> <span class='ocrx_word' id='word_1_188' title='bbox 2074 2677 2312 2749; x_wconf 76' lang='lat' dir='ltr'><strong>Moysen,</strong></span> 
     </span>
    </p>
   </div>
   <div class='ocr_carea' id='block_1_28' title="bbox 743 2762 2316 2836">
    <p class='ocr_par' dir='ltr' id='par_1_28' title="bbox 743 2762 2316 2836">
     <span class='ocr_line' id='line_1_28' title="bbox 743 2762 2316 2836; baseline 0.007 -23"><span class='ocrx_word' id='word_1_189' title='bbox 743 2762 931 2817; x_wconf 83' lang='lat' dir='ltr'><strong>dicens</strong></span> <span class='ocrx_word' id='word_1_190' title='bbox 962 2781 974 2816; x_wconf 89' lang='lat'><strong><em>:</em></strong></span> <span class='ocrx_word' id='word_1_191' title='bbox 1010 2763 1105 2818; x_wconf 88' lang='lat' dir='ltr'><strong>llic</strong></span> <span class='ocrx_word' id='word_1_192' title='bbox 1139 2773 1224 2818; x_wconf 90' lang='lat' dir='ltr'><strong>est</strong></span> <span class='ocrx_word' id='word_1_193' title='bbox 1268 2765 1403 2819; x_wconf 89' lang='lat' dir='ltr'><strong>ritus</strong></span> <span class='ocrx_word' id='word_1_194' title='bbox 1446 2767 1673 2834; x_wconf 90' lang='lat' dir='ltr'><strong>lcprosi,</strong></span> <span class='ocrx_word' id='word_1_195' title='bbox 1707 2767 1924 2836; x_wconf 86' lang='lat' dir='ltr'><strong>quando</strong></span> <span class='ocrx_word' id='word_1_196' title='bbox 1972 2768 2316 2824; x_wconf 87' lang='lat' dir='ltr'><strong>mundandus</strong></span> 
     </span>
    </p>
   </div>
   <div class='ocr_carea' id='block_1_29' title="bbox 744 2852 2314 2926">
    <p class='ocr_par' dir='ltr' id='par_1_29' title="bbox 744 2852 2314 2926">
     <span class='ocr_line' id='line_1_29' title="bbox 744 2852 2314 2926; baseline 0.006 -23"><span class='ocrx_word' id='word_1_197' title='bbox 744 2861 868 2905; x_wconf 82' lang='lat' dir='ltr'><strong>est:</strong></span> <span class='ocrx_word' id='word_1_198' title='bbox 902 2852 1204 2908; x_wconf 85' lang='lat' dir='ltr'><strong>Adducitur</strong></span> <span class='ocrx_word' id='word_1_199' title='bbox 1232 2855 1298 2909; x_wconf 91' lang='lat' dir='ltr'><strong>ad</strong></span> <span class='ocrx_word' id='word_1_200' title='bbox 1334 2856 1695 2919; x_wconf 87' lang='lat' dir='ltr'><strong>sacerdotem,</strong></span> <span class='ocrx_word' id='word_1_201' title='bbox 1722 2857 1814 2925; x_wconf 91' lang='lat' dir='ltr'><strong>qui</strong></span> <span class='ocrx_word' id='word_1_202' title='bbox 1853 2872 2105 2926; x_wconf 85' lang='lat' dir='ltr'><strong>egressus</strong></span> <span class='ocrx_word' id='word_1_203' title='bbox 2145 2874 2177 2913; x_wconf 90' lang='lat' dir='ltr'><strong>e</strong></span> <span class='ocrx_word' id='word_1_204' title='bbox 2222 2874 2314 2912; x_wconf 86' lang='lat' dir='ltr'><strong>ca-</strong></span> 
     </span>
    </p>
   </div>
   <div class='ocr_carea' id='block_1_30' title="bbox 744 2942 2317 3018">
    <p class='ocr_par' dir='ltr' id='par_1_30' title="bbox 744 2942 2317 3018">
     <span class='ocr_line' id='line_1_30' title="bbox 744 2942 2317 3018; baseline 0.007 -25"><span class='ocrx_word' id='word_1_205' title='bbox 744 2942 893 3008; x_wconf 81' lang='lat' dir='ltr'><strong>stris,</strong></span> <span class='ocrx_word' id='word_1_206' title='bbox 921 2959 1044 2997; x_wconf 88' lang='lat' dir='ltr'><strong>cmn</strong></span> <span class='ocrx_word' id='word_1_207' title='bbox 1078 2945 1346 3003; x_wconf 82' lang='lat' dir='ltr'><strong>invenerit</strong></span> <span class='ocrx_word' id='word_1_208' title='bbox 1383 2946 1587 3015; x_wconf 90' lang='lat' dir='ltr'><strong>lcpram</strong></span> <span class='ocrx_word' id='word_1_209' title='bbox 1616 2962 1739 3001; x_wconf 89' lang='lat' dir='ltr'><strong>esse</strong></span> <span class='ocrx_word' id='word_1_210' title='bbox 1764 2949 2099 3013; x_wconf 88' lang='lat' dir='ltr'><strong>mundatam,</strong></span> <span class='ocrx_word' id='word_1_211' title='bbox 2125 2950 2317 3018; x_wconf 61' lang='lat' dir='ltr'><strong>praci-</strong></span> 
     </span>
    </p>
   </div>
   <div class='ocr_carea' id='block_1_31' title="bbox 746 3036 2314 3109">
    <p class='ocr_par' dir='ltr' id='par_1_31' title="bbox 746 3036 2314 3109">
     <span class='ocr_line' id='line_1_31' title="bbox 746 3036 2314 3109; baseline 0.007 -26"><span class='ocrx_word' id='word_1_212' title='bbox 746 3036 858 3101; x_wconf 82' lang='lat' dir='ltr'><strong>piet</strong></span> <span class='ocrx_word' id='word_1_213' title='bbox 878 3036 927 3089; x_wconf 91' lang='lat' dir='ltr'><strong>ei</strong></span> <span class='ocrx_word' id='word_1_214' title='bbox 956 3036 1045 3104; x_wconf 91' lang='lat' dir='ltr'><strong>qui</strong></span> <span class='ocrx_word' id='word_1_215' title='bbox 1075 3036 1412 3105; x_wconf 81' lang='lat' dir='ltr'><strong>puriﬁcatur,</strong></span> <span class='ocrx_word' id='word_1_216' title='bbox 1441 3047 1501 3090; x_wconf 93' lang='lat' dir='ltr'><strong>ut</strong></span> <span class='ocrx_word' id='word_1_217' title='bbox 1535 3038 1730 3092; x_wconf 77' lang='lat' dir='ltr'><strong>oﬂ‘erat</strong></span> <span class='ocrx_word' id='word_1_218' title='bbox 1757 3053 1852 3107; x_wconf 90' lang='lat' dir='ltr'><strong>pro</strong></span> <span class='ocrx_word' id='word_1_219' title='bbox 1881 3054 1941 3093; x_wconf 86' lang='lat' dir='ltr'><strong>se</strong></span> <span class='ocrx_word' id='word_1_220' title='bbox 1964 3040 2102 3094; x_wconf 92' lang='lat' dir='ltr'><strong>duos</strong></span> <span class='ocrx_word' id='word_1_221' title='bbox 2128 3055 2314 3109; x_wconf 89' lang='lat' dir='ltr'><strong>passe-</strong></span> 
     </span>
    </p>
   </div>
   <div class='ocr_carea' id='block_1_32' title="bbox 746 3126 2316 3200">
    <p class='ocr_par' dir='ltr' id='par_1_32' title="bbox 746 3126 2316 3200">
     <span class='ocr_line' id='line_1_32' title="bbox 746 3126 2316 3200; baseline 0.004 -23"><span class='ocrx_word' id='word_1_222' title='bbox 746 3141 835 3179; x_wconf 86' lang='lat' dir='ltr'><strong>res</strong></span> <span class='ocrx_word' id='word_1_223' title='bbox 859 3126 1029 3189; x_wconf 91' lang='lat' dir='ltr'><strong>vivos,</strong></span> <span class='ocrx_word' id='word_1_224' title='bbox 1054 3135 1110 3180; x_wconf 91' lang='lat' dir='ltr'><strong>et</strong></span> <span class='ocrx_word' id='word_1_225' title='bbox 1132 3142 1269 3196; x_wconf 90' lang='lat' dir='ltr'><strong>quos</strong></span> <span class='ocrx_word' id='word_1_226' title='bbox 1295 3128 1440 3182; x_wconf 85' lang='lat' dir='ltr'><strong>vesci</strong></span> <span class='ocrx_word' id='word_1_227' title='bbox 1468 3129 1675 3183; x_wconf 88' lang='lat' dir='ltr'><strong>licitum</strong></span> <span class='ocrx_word' id='word_1_228' title='bbox 1697 3138 1800 3192; x_wconf 88' lang='lat' dir='ltr'><strong>est,</strong></span> <span class='ocrx_word' id='word_1_229' title='bbox 1827 3139 1883 3183; x_wconf 90' lang='lat' dir='ltr'><strong>et</strong></span> <span class='ocrx_word' id='word_1_230' title='bbox 1908 3130 2114 3200; x_wconf 80' lang='lat' dir='ltr'><strong>lignum</strong></span> <span class='ocrx_word' id='word_1_231' title='bbox 2138 3130 2316 3184; x_wconf 89' lang='lat' dir='ltr'><strong>cedri-</strong></span> 
     </span>
    </p>
   </div>
   <div class='ocr_carea' id='block_1_33' title="bbox 748 3196 2389 3291">
    <p class='ocr_par' dir='ltr' id='par_1_33' title="bbox 748 3196 2389 3291">
     <span class='ocr_line' id='line_1_33' title="bbox 748 3196 2389 3291; baseline 0.005 -23"><span class='ocrx_word' id='word_1_232' title='bbox 748 3232 915 3279; x_wconf 89' lang='lat' dir='ltr'><strong>num,</strong></span> <span class='ocrx_word' id='word_1_233' title='bbox 963 3218 1449 3288; x_wconf 85' lang='lat' dir='ltr'><strong>vermiculumque,</strong></span> <span class='ocrx_word' id='word_1_234' title='bbox 1495 3230 1551 3275; x_wconf 90' lang='lat' dir='ltr'><strong>et</strong></span> <span class='ocrx_word' id='word_1_235' title='bbox 1596 3222 1890 3291; x_wconf 78' lang='lat' dir='ltr'><strong>hyssopum</strong></span> <span class='ocrx_word' id='word_1_236' title='bbox 1925 3237 1940 3276; x_wconf 85' lang='lat'><strong>:</strong></span> <span class='ocrx_word' id='word_1_237' title='bbox 1975 3231 2025 3275; x_wconf 90' lang='lat' dir='ltr'><strong>ct</strong></span> <span class='ocrx_word' id='word_1_238' title='bbox 2071 3238 2239 3276; x_wconf 89' lang='lat' dir='ltr'><strong>unum</strong></span> <span class='ocrx_word' id='word_1_239' title='bbox 2285 3238 2315 3277; x_wconf 90' lang='lat' dir='ltr'><strong>e</strong></span> <span class='ocrx_word' id='word_1_240' title='bbox 2342 3196 2389 3257; x_wconf 64' lang='grc' dir='ltr'><strong>θ</strong></span> 
     </span>
    </p>
   </div>
   <div class='ocr_carea' id='block_1_34' title="bbox 750 3309 2322 3382">
    <p class='ocr_par' dir='ltr' id='par_1_34' title="bbox 750 3309 2322 3382">
     <span class='ocr_line' id='line_1_34' title="bbox 750 3309 2322 3382; baseline 0.003 -20"><span class='ocrx_word' id='word_1_241' title='bbox 750 3309 1063 3377; x_wconf 86' lang='lat' dir='ltr'><strong>passeribus</strong></span> <span class='ocrx_word' id='word_1_242' title='bbox 1101 3309 1367 3367; x_wconf 82' lang='lat' dir='ltr'><strong>immolari</strong></span> <span class='ocrx_word' id='word_1_243' title='bbox 1414 3311 1628 3379; x_wconf 86' lang='lat' dir='ltr'><strong>juhebit</strong></span> <span class='ocrx_word' id='word_1_244' title='bbox 1673 3313 1727 3365; x_wconf 89' lang='lat' dir='ltr'><strong>in</strong></span> <span class='ocrx_word' id='word_1_245' title='bbox 1775 3327 1903 3366; x_wconf 88' lang='lat' dir='ltr'><strong>vase</strong></span> <span class='ocrx_word' id='word_1_246' title='bbox 1947 3311 2117 3378; x_wconf 80' lang='lat' dir='ltr'><strong>ﬁctili,</strong></span> <span class='ocrx_word' id='word_1_247' title='bbox 2157 3328 2322 3382; x_wconf 86' lang='lat' dir='ltr'><strong>super</strong></span> 
     </span>
    </p>
   </div>
   <div class='ocr_carea' id='block_1_35' title="bbox 749 3399 2323 3471">
    <p class='ocr_par' dir='ltr' id='par_1_35' title="bbox 749 3399 2323 3471">
     <span class='ocr_line' id='line_1_35' title="bbox 749 3399 2323 3471; baseline 0.004 -20"><span class='ocrx_word' id='word_1_248' title='bbox 749 3414 917 3467; x_wconf 89' lang='lat' dir='ltr'><strong>aquas</strong></span> <span class='ocrx_word' id='word_1_249' title='bbox 948 3399 1192 3454; x_wconf 88' lang='lat' dir='ltr'><strong>viventes</strong></span> <span class='ocrx_word' id='word_1_250' title='bbox 1222 3418 1235 3453; x_wconf 90' lang='lat'><strong>:</strong></span> <span class='ocrx_word' id='word_1_251' title='bbox 1266 3400 1429 3457; x_wconf 90' lang='lat' dir='ltr'><strong>alium</strong></span> <span class='ocrx_word' id='word_1_252' title='bbox 1462 3411 1645 3456; x_wconf 89' lang='lat' dir='ltr'><strong>autem</strong></span> <span class='ocrx_word' id='word_1_253' title='bbox 1678 3402 1859 3457; x_wconf 88' lang='lat' dir='ltr'><strong>vivum</strong></span> <span class='ocrx_word' id='word_1_254' title='bbox 1899 3418 2024 3457; x_wconf 90' lang='lat' dir='ltr'><strong>cum</strong></span> <span class='ocrx_word' id='word_1_255' title='bbox 2059 3403 2205 3471; x_wconf 83' lang='lat' dir='ltr'><strong>ligno</strong></span> <span class='ocrx_word' id='word_1_256' title='bbox 2232 3420 2323 3457; x_wconf 86' lang='lat' dir='ltr'><strong>ce-</strong></span> 
     </span>
    </p>
   </div>
   <div class='ocr_carea' id='block_1_36' title="bbox 748 3491 2325 3563">
    <p class='ocr_par' dir='ltr' id='par_1_36' title="bbox 748 3491 2325 3563">
     <span class='ocr_line' id='line_1_36' title="bbox 748 3491 2325 3563; baseline 0.003 -20"><span class='ocrx_word' id='word_1_257' title='bbox 748 3491 931 3551; x_wconf 87' lang='lat' dir='ltr'><strong>drino,</strong></span> <span class='ocrx_word' id='word_1_258' title='bbox 960 3499 1014 3545; x_wconf 91' lang='lat' dir='ltr'><strong>et</strong></span> <span class='ocrx_word' id='word_1_259' title='bbox 1039 3506 1226 3551; x_wconf 88' lang='lat' dir='ltr'><strong>cocco.</strong></span> <span class='ocrx_word' id='word_1_260' title='bbox 1258 3503 1311 3545; x_wconf 86' lang='lat' dir='ltr'><strong>et</strong></span> <span class='ocrx_word' id='word_1_261' title='bbox 1352 3492 1588 3563; x_wconf 66' lang='lat' dir='ltr'><strong>liyssolio</strong></span> <span class='ocrx_word' id='word_1_262' title='bbox 1622 3494 1793 3563; x_wconf 87' lang='lat' dir='ltr'><strong>tinget</strong></span> <span class='ocrx_word' id='word_1_263' title='bbox 1824 3494 1876 3547; x_wconf 90' lang='lat' dir='ltr'><strong>in</strong></span> <span class='ocrx_word' id='word_1_264' title='bbox 1908 3494 2174 3563; x_wconf 77' lang='lat' dir='ltr'><strong>sanguine</strong></span> <span class='ocrx_word' id='word_1_265' title='bbox 2201 3510 2325 3563; x_wconf 77' lang='lat' dir='ltr'><strong>pas-</strong></span> 
     </span>
    </p>
   </div>
   <div class='ocr_carea' id='block_1_37' title="bbox 750 3582 2325 3655">
    <p class='ocr_par' dir='ltr' id='par_1_37' title="bbox 750 3582 2325 3655">
     <span class='ocr_line' id='line_1_37' title="bbox 750 3582 2325 3655; baseline 0.005 -23"><span class='ocrx_word' id='word_1_266' title='bbox 750 3582 886 3636; x_wconf 83' lang='lat' dir='ltr'><strong>seris</strong></span> <span class='ocrx_word' id='word_1_267' title='bbox 915 3583 1197 3637; x_wconf 84' lang='lat' dir='ltr'><strong>immolati.</strong></span> <span class='ocrx_word' id='word_1_268' title='bbox 1229 3584 1332 3649; x_wconf 92' lang='lat' dir='ltr'><strong>Qui</strong></span> <span class='ocrx_word' id='word_1_269' title='bbox 1375 3594 1624 3655; x_wconf 87' lang='lat' dir='ltr'><strong>asperget</strong></span> <span class='ocrx_word' id='word_1_270' title='bbox 1667 3586 1818 3639; x_wconf 87' lang='lat' dir='ltr'><strong>illum</strong></span> <span class='ocrx_word' id='word_1_271' title='bbox 1850 3586 1942 3655; x_wconf 86' lang='lat' dir='ltr'><strong>qui</strong></span> <span class='ocrx_word' id='word_1_272' title='bbox 1981 3586 2325 3641; x_wconf 83' lang='lat' dir='ltr'><strong>rnundandus</strong></span> 
     </span>
    </p>
   </div>
   <div class='ocr_carea' id='block_1_38' title="bbox 750 3676 2323 3747">
    <p class='ocr_par' dir='ltr' id='par_1_38' title="bbox 750 3676 2323 3747">
     <span class='ocr_line' id='line_1_38' title="bbox 750 3676 2323 3747; baseline 0.002 -19"><span class='ocrx_word' id='word_1_273' title='bbox 750 3686 852 3738; x_wconf 81' lang='lat' dir='ltr'><strong>est,</strong></span> <span class='ocrx_word' id='word_1_274' title='bbox 881 3676 1082 3743; x_wconf 81' lang='lat' dir='ltr'><strong>septies</strong></span> <span class='ocrx_word' id='word_1_275' title='bbox 1124 3686 1181 3729; x_wconf 94' lang='lat' dir='ltr'><strong>ut</strong></span> <span class='ocrx_word' id='word_1_276' title='bbox 1207 3678 1329 3744; x_wconf 81' lang='lat' dir='ltr'><strong>jure</strong></span> <span class='ocrx_word' id='word_1_277' title='bbox 1369 3687 1658 3747; x_wconf 81' lang='lat' dir='ltr'><strong>purgetur,</strong></span> <span class='ocrx_word' id='word_1_278' title='bbox 1688 3686 1743 3730; x_wconf 92' lang='lat' dir='ltr'><strong>et</strong></span> <span class='ocrx_word' id='word_1_279' title='bbox 1781 3677 2022 3731; x_wconf 88' lang='lat' dir='ltr'><strong>dimittet</strong></span> <span class='ocrx_word' id='word_1_280' title='bbox 2048 3692 2323 3747; x_wconf 83' lang='lat' dir='ltr'><strong>passerem</strong></span> 
     </span>
    </p>
   </div>
   <div class='ocr_carea' id='block_1_39' title="bbox 751 3767 2325 3837">
    <p class='ocr_par' dir='ltr' id='par_1_39' title="bbox 751 3767 2325 3837">
     <span class='ocr_line' id='line_1_39' title="bbox 751 3767 2325 3837; baseline 0.002 -17"><span class='ocrx_word' id='word_1_281' title='bbox 751 3782 934 3820; x_wconf 77' lang='lat' dir='ltr'><strong>vivum</strong></span> <span class='ocrx_word' id='word_1_282' title='bbox 975 3778 1033 3821; x_wconf 90' lang='lat' dir='ltr'><strong>ut</strong></span> <span class='ocrx_word' id='word_1_283' title='bbox 1074 3767 1129 3821; x_wconf 89' lang='lat' dir='ltr'><strong>in</strong></span> <span class='ocrx_word' id='word_1_284' title='bbox 1172 3783 1360 3835; x_wconf 84' lang='lat' dir='ltr'><strong>agrum</strong></span> <span class='ocrx_word' id='word_1_285' title='bbox 1405 3769 1600 3822; x_wconf 89' lang='lat' dir='ltr'><strong>cvolet.</strong></span> <span class='ocrx_word' id='word_1_286' title='bbox 1651 3768 1899 3837; x_wconf 89' lang='lat' dir='ltr'><strong>Cumque</strong></span> <span class='ocrx_word' id='word_1_287' title='bbox 1935 3769 2126 3823; x_wconf 89' lang='lat' dir='ltr'><strong>laverit</strong></span> <span class='ocrx_word' id='word_1_288' title='bbox 2159 3769 2325 3823; x_wconf 89' lang='lat' dir='ltr'><strong>homo</strong></span> 
     </span>
    </p>
   </div>
   <div class='ocr_carea' id='block_1_40' title="bbox 751 3858 2325 3928">
    <p class='ocr_par' dir='ltr' id='par_1_40' title="bbox 751 3858 2325 3928">
     <span class='ocr_line' id='line_1_40' title="bbox 751 3858 2325 3928; baseline 0.006 -23"><span class='ocrx_word' id='word_1_289' title='bbox 751 3858 1076 3912; x_wconf 84' lang='lat' dir='ltr'><strong>vestimenta</strong></span> <span class='ocrx_word' id='word_1_290' title='bbox 1104 3874 1221 3921; x_wconf 89' lang='lat' dir='ltr'><strong>sua,</strong></span> <span class='ocrx_word' id='word_1_291' title='bbox 1252 3860 1403 3911; x_wconf 87' lang='lat' dir='ltr'><strong>radet</strong></span> <span class='ocrx_word' id='word_1_292' title='bbox 1430 3874 1622 3913; x_wconf 89' lang='lat' dir='ltr'><strong>omnes</strong></span> <span class='ocrx_word' id='word_1_293' title='bbox 1648 3859 1786 3928; x_wconf 88' lang='lat' dir='ltr'><strong>pilos</strong></span> <span class='ocrx_word' id='word_1_294' title='bbox 1811 3860 2056 3928; x_wconf 87' lang='lat' dir='ltr'><strong>corporis</strong></span> <span class='ocrx_word' id='word_1_295' title='bbox 2092 3868 2147 3913; x_wconf 90' lang='lat' dir='ltr'><strong>et</strong></span> <span class='ocrx_word' id='word_1_296' title='bbox 2180 3860 2325 3914; x_wconf 84' lang='lat' dir='ltr'><strong>lava-</strong></span> 
     </span>
    </p>
   </div>
   <div class='ocr_carea' id='block_1_41' title="bbox 751 3945 2323 4018">
    <p class='ocr_par' dir='ltr' id='par_1_41' title="bbox 751 3945 2323 4018">
     <span class='ocr_line' id='line_1_41' title="bbox 751 3945 2323 4018; baseline 0.004 -22"><span class='ocrx_word' id='word_1_297' title='bbox 751 3945 898 3999; x_wconf 88' lang='lat' dir='ltr'><strong>bitur</strong></span> <span class='ocrx_word' id='word_1_298' title='bbox 946 3962 1108 4014; x_wconf 86' lang='lat' dir='ltr'><strong>aqua.</strong></span> <span class='ocrx_word' id='word_1_299' title='bbox 1160 3947 1593 4016; x_wconf 78' lang='lat' dir='ltr'><strong>Puriiicatusque</strong></span> <span class='ocrx_word' id='word_1_300' title='bbox 1647 3947 1948 4018; x_wconf 76' lang='lat' dir='ltr'><strong>ingreditur</strong></span> <span class='ocrx_word' id='word_1_301' title='bbox 1997 3958 2205 4015; x_wconf 84' lang='lat' dir='ltr'><strong>castra,</strong></span> <span class='ocrx_word' id='word_1_302' title='bbox 2251 3950 2323 4004; x_wconf 89' lang='lat' dir='ltr'><strong>ita</strong></span> 
     </span>
    </p>
   </div>
   <div class='ocr_carea' id='block_1_42' title="bbox 750 4036 2325 4096">
    <p class='ocr_par' dir='ltr' id='par_1_42' title="bbox 750 4036 2325 4096">
     <span class='ocr_line' id='line_1_42' title="bbox 750 4036 2325 4096; baseline 0.005 -9"><span class='ocrx_word' id='word_1_303' title='bbox 750 4036 1012 4091; x_wconf 76' lang='lat' dir='ltr'><strong>duntaxat</strong></span> <span class='ocrx_word' id='word_1_304' title='bbox 1049 4047 1107 4092; x_wconf 91' lang='lat' dir='ltr'><strong>ut</strong></span> <span class='ocrx_word' id='word_1_305' title='bbox 1143 4048 1360 4092; x_wconf 88' lang='lat' dir='ltr'><strong>maneat</strong></span> <span class='ocrx_word' id='word_1_306' title='bbox 1403 4048 1555 4092; x_wconf 83' lang='lat' dir='ltr'><strong>extra</strong></span> <span class='ocrx_word' id='word_1_307' title='bbox 1595 4039 2002 4093; x_wconf 86' lang='lat' dir='ltr'><strong>tabernaculum</strong></span> <span class='ocrx_word' id='word_1_308' title='bbox 2040 4056 2198 4095; x_wconf 87' lang='lat' dir='ltr'><strong>suum</strong></span> <span class='ocrx_word' id='word_1_309' title='bbox 2235 4056 2325 4096; x_wconf 86' lang='lat' dir='ltr'><strong>se-</strong></span> 
     </span>
    </p>
   </div>
   <div class='ocr_carea' id='block_1_43' title="bbox 753 4128 2327 4202">
    <p class='ocr_par' dir='ltr' id='par_1_43' title="bbox 753 4128 2327 4202">
     <span class='ocr_line' id='line_1_43' title="bbox 753 4128 2327 4202; baseline 0.004 -23"><span class='ocrx_word' id='word_1_310' title='bbox 753 4135 899 4193; x_wconf 87' lang='lat' dir='ltr'><strong>ptem</strong></span> <span class='ocrx_word' id='word_1_311' title='bbox 946 4128 1160 4193; x_wconf 90' lang='lat' dir='ltr'><strong>diebus,</strong></span> <span class='ocrx_word' id='word_1_312' title='bbox 1190 4138 1244 4183; x_wconf 88' lang='lat' dir='ltr'><strong>et</strong></span> <span class='ocrx_word' id='word_1_313' title='bbox 1285 4129 1371 4183; x_wconf 91' lang='lat' dir='ltr'><strong>die</strong></span> <span class='ocrx_word' id='word_1_314' title='bbox 1404 4131 1633 4198; x_wconf 87' lang='lat' dir='ltr'><strong>septima</strong></span> <span class='ocrx_word' id='word_1_315' title='bbox 1677 4130 1830 4184; x_wconf 90' lang='lat' dir='ltr'><strong>radat</strong></span> <span class='ocrx_word' id='word_1_316' title='bbox 1870 4132 2095 4201; x_wconf 76' lang='lat' dir='ltr'><strong>capillos</strong></span> <span class='ocrx_word' id='word_1_317' title='bbox 2132 4133 2327 4202; x_wconf 88' lang='lat' dir='ltr'><strong>capitis</strong></span> 
     </span>
    </p>
   </div>
   <div class='ocr_carea' id='block_1_44' title="bbox 748 4215 2323 4292">
    <p class='ocr_par' dir='ltr' id='par_1_44' title="bbox 748 4215 2323 4292">
     <span class='ocr_line' id='line_1_44' title="bbox 748 4215 2323 4292; baseline 0.006 -24"><span class='ocrx_word' id='word_1_318' title='bbox 748 4215 1082 4287; x_wconf 84' lang='lat' dir='ltr'><strong>barbamque</strong></span> <span class='ocrx_word' id='word_1_319' title='bbox 1121 4229 1177 4275; x_wconf 92' lang='lat' dir='ltr'><strong>et</strong></span> <span class='ocrx_word' id='word_1_320' title='bbox 1225 4220 1512 4287; x_wconf 88' lang='lat' dir='ltr'><strong>supercilia</strong></span> <span class='ocrx_word' id='word_1_321' title='bbox 1558 4236 1622 4274; x_wconf 91' lang='lat' dir='ltr'><strong>ac</strong></span> <span class='ocrx_word' id='word_1_322' title='bbox 1665 4221 1832 4275; x_wconf 90' lang='lat' dir='ltr'><strong>totius</strong></span> <span class='ocrx_word' id='word_1_323' title='bbox 1874 4222 2122 4291; x_wconf 89' lang='lat' dir='ltr'><strong>corporis</strong></span> <span class='ocrx_word' id='word_1_324' title='bbox 2165 4223 2323 4292; x_wconf 84' lang='lat' dir='ltr'><strong>pilos,</strong></span> 
     </span>
    </p>
   </div>
   <div class='ocr_carea' id='block_1_45' title="bbox 752 4307 1817 4381">
    <p class='ocr_par' dir='ltr' id='par_1_45' title="bbox 752 4307 1817 4381">
     <span class='ocr_line' id='line_1_45' title="bbox 752 4307 1817 4381; baseline 0.007 -23"><span class='ocrx_word' id='word_1_325' title='bbox 752 4307 878 4361; x_wconf 85' lang='lat' dir='ltr'><strong>lotis</strong></span> <span class='ocrx_word' id='word_1_326' title='bbox 910 4324 1124 4363; x_wconf 90' lang='lat' dir='ltr'><strong>rursum</strong></span> <span class='ocrx_word' id='word_1_327' title='bbox 1158 4311 1397 4365; x_wconf 86' lang='lat' dir='ltr'><strong>vestibus</strong></span> <span class='ocrx_word' id='word_1_328' title='bbox 1428 4322 1483 4365; x_wconf 89' lang='lat' dir='ltr'><strong>et</strong></span> <span class='ocrx_word' id='word_1_329' title='bbox 1513 4328 1761 4381; x_wconf 88' lang='lat' dir='ltr'><strong>corpore.</strong></span> <span class='ocrx_word' id='word_1_330' title='bbox 1798 4331 1817 4365; x_wconf 74' lang='grc' dir='ltr'><strong>ι</strong></span> 
     </span>
    </p>
   </div>
   <div class='ocr_carea' id='block_1_46' title="bbox 824 4396 2327 4475">
    <p class='ocr_par' dir='ltr' id='par_1_46' title="bbox 824 4396 2327 4475">
     <span class='ocr_line' id='line_1_46' title="bbox 824 4396 2327 4475; baseline 0.007 -25"><span class='ocrx_word' id='word_1_331' title='bbox 824 4396 959 4461; x_wconf 87' lang='lat' dir='ltr'><strong>Quia</strong></span> <span class='ocrx_word' id='word_1_332' title='bbox 990 4416 1097 4454; x_wconf 92' lang='lat' dir='ltr'><strong>non</strong></span> <span class='ocrx_word' id='word_1_333' title='bbox 1138 4418 1239 4455; x_wconf 91' lang='lat' dir='ltr'><strong>nos</strong></span> <span class='ocrx_word' id='word_1_334' title='bbox 1273 4411 1489 4470; x_wconf 85' lang='lat' dir='ltr'><strong>oportet</strong></span> <span class='ocrx_word' id='word_1_335' title='bbox 1515 4404 1770 4458; x_wconf 84' lang='lat' dir='ltr'><strong>arbitrari</strong></span> <span class='ocrx_word' id='word_1_336' title='bbox 1807 4405 2145 4474; x_wconf 84' lang='lat' dir='ltr'><strong>negligenter</strong></span> <span class='ocrx_word' id='word_1_337' title='bbox 2169 4407 2327 4475; x_wconf 86' lang='lat' dir='ltr'><strong>quid-</strong></span> 
     </span>
    </p>
   </div>
   <div class='ocr_carea' id='block_1_47' title="bbox 2408 588 3984 659">
    <p class='ocr_par' dir='ltr' id='par_1_47' title="bbox 2408 588 3984 659">
     <span class='ocr_line' id='line_1_47' title="bbox 2408 588 3984 659; baseline -0.003 -14"><span class='ocrx_word' id='word_1_338' title='bbox 2408 592 2500 645; x_wconf 87' lang='lat' dir='ltr'><strong>sed</strong></span> <span class='ocrx_word' id='word_1_339' title='bbox 2532 592 2597 644; x_wconf 91' lang='lat' dir='ltr'><strong>ad</strong></span> <span class='ocrx_word' id='word_1_340' title='bbox 2628 607 2752 645; x_wconf 90' lang='lat' dir='ltr'><strong>eum</strong></span> <span class='ocrx_word' id='word_1_341' title='bbox 2782 593 2860 644; x_wconf 87' lang='lat' dir='ltr'><strong>ire</strong></span> <span class='ocrx_word' id='word_1_342' title='bbox 2889 593 3224 645; x_wconf 82' lang='lat' dir='ltr'><strong>sacerdotem</strong></span> <span class='ocrx_word' id='word_1_343' title='bbox 3256 590 3533 659; x_wconf 76' lang='lat' dir='ltr'><strong>pra-cepit,</strong></span> <span class='ocrx_word' id='word_1_344' title='bbox 3563 590 3749 657; x_wconf 89' lang='lat' dir='ltr'><strong>sicque</strong></span> <span class='ocrx_word' id='word_1_345' title='bbox 3783 588 3984 641; x_wconf 80' lang='lat' dir='ltr'><strong>adduci</strong></span> 
     </span>
    </p>
   </div>
   <div class='ocr_carea' id='block_1_48' title="bbox 2408 679 3987 753">
    <p class='ocr_par' dir='ltr' id='par_1_48' title="bbox 2408 679 3987 753">
     <span class='ocr_line' id='line_1_48' title="bbox 2408 679 3987 753; baseline -0.003 -18"><span class='ocrx_word' id='word_1_346' title='bbox 2408 698 2529 735; x_wconf 90' lang='lat' dir='ltr'><strong>eum</strong></span> <span class='ocrx_word' id='word_1_347' title='bbox 2567 683 2658 753; x_wconf 91' lang='lat' dir='ltr'><strong>qui</strong></span> <span class='ocrx_word' id='word_1_348' title='bbox 2700 684 3050 738; x_wconf 89' lang='lat' dir='ltr'><strong>mundandus</strong></span> <span class='ocrx_word' id='word_1_349' title='bbox 3087 694 3189 737; x_wconf 89' lang='lat' dir='ltr'><strong>est.</strong></span> <span class='ocrx_word' id='word_1_350' title='bbox 3229 682 3693 747; x_wconf 81' lang='lat' dir='ltr'><strong>Quemadmodum</strong></span> <span class='ocrx_word' id='word_1_351' title='bbox 3733 689 3791 733; x_wconf 91' lang='lat' dir='ltr'><strong>et</strong></span> <span class='ocrx_word' id='word_1_352' title='bbox 3817 679 3987 733; x_wconf 85' lang='lat' dir='ltr'><strong>Chri-</strong></span> 
     </span>
    </p>
   </div>
   <div class='ocr_carea' id='block_1_49' title="bbox 2409 769 3986 841">
    <p class='ocr_par' dir='ltr' id='par_1_49' title="bbox 2409 769 3986 841">
     <span class='ocr_line' id='line_1_49' title="bbox 2409 769 3986 841; baseline -0.003 -16"><span class='ocrx_word' id='word_1_353' title='bbox 2409 782 2525 827; x_wconf 91' lang='lat' dir='ltr'><strong>stus</strong></span> <span class='ocrx_word' id='word_1_354' title='bbox 2570 774 2636 827; x_wconf 89' lang='lat' dir='ltr'><strong>ad</strong></span> <span class='ocrx_word' id='word_1_355' title='bbox 2682 790 2782 827; x_wconf 89' lang='lat' dir='ltr'><strong>nos</strong></span> <span class='ocrx_word' id='word_1_356' title='bbox 2824 773 2995 837; x_wconf 90' lang='lat' dir='ltr'><strong>venit,</strong></span> <span class='ocrx_word' id='word_1_357' title='bbox 3027 783 3083 826; x_wconf 90' lang='lat' dir='ltr'><strong>et</strong></span> <span class='ocrx_word' id='word_1_358' title='bbox 3123 773 3189 827; x_wconf 89' lang='lat' dir='ltr'><strong>ad</strong></span> <span class='ocrx_word' id='word_1_359' title='bbox 3232 788 3328 825; x_wconf 88' lang='lat' dir='ltr'><strong>eos</strong></span> <span class='ocrx_word' id='word_1_360' title='bbox 3366 773 3457 841; x_wconf 92' lang='lat' dir='ltr'><strong>qui</strong></span> <span class='ocrx_word' id='word_1_361' title='bbox 3501 772 3568 824; x_wconf 87' lang='lat' dir='ltr'><strong>ab</strong></span> <span class='ocrx_word' id='word_1_362' title='bbox 3610 786 3678 824; x_wconf 88' lang='lat' dir='ltr'><strong>eo</strong></span> <span class='ocrx_word' id='word_1_363' title='bbox 3727 769 3986 823; x_wconf 87' lang='lat' dir='ltr'><strong>mundari</strong></span> 
     </span>
    </p>
   </div>
   <div class='ocr_carea' id='block_1_50' title="bbox 2408 864 3986 932">
    <p class='ocr_par' dir='ltr' id='par_1_50' title="bbox 2408 864 3986 932">
     <span class='ocr_line' id='line_1_50' title="bbox 2408 864 3986 932; baseline -0.003 -16"><span class='ocrx_word' id='word_1_364' title='bbox 2408 874 2570 932; x_wconf 89' lang='lat' dir='ltr'><strong>atque</strong></span> <span class='ocrx_word' id='word_1_365' title='bbox 2601 865 2747 919; x_wconf 88' lang='lat' dir='ltr'><strong>ablui</strong></span> <span class='ocrx_word' id='word_1_366' title='bbox 2779 865 3148 919; x_wconf 83' lang='lat' dir='ltr'><strong>necessarium</strong></span> <span class='ocrx_word' id='word_1_367' title='bbox 3182 864 3471 917; x_wconf 75' lang='lat' dir='ltr'><strong>trahebant.</strong></span> <span class='ocrx_word' id='word_1_368' title='bbox 3503 864 3572 917; x_wconf 85' lang='lat' dir='ltr'><strong>Et</strong></span> <span class='ocrx_word' id='word_1_369' title='bbox 3600 872 3749 915; x_wconf 87' lang='lat' dir='ltr'><strong>extra</strong></span> <span class='ocrx_word' id='word_1_370' title='bbox 3782 869 3986 919; x_wconf 85' lang='lat' dir='ltr'><strong>castra,</strong></span> 
     </span>
    </p>
   </div>
   <div class='ocr_carea' id='block_1_51' title="bbox 2409 951 3990 1026">
    <p class='ocr_par' dir='ltr' id='par_1_51' title="bbox 2409 951 3990 1026">
     <span class='ocr_line' id='line_1_51' title="bbox 2409 951 3990 1026; baseline -0.003 -18"><span class='ocrx_word' id='word_1_371' title='bbox 2409 957 2475 1009; x_wconf 89' lang='lat' dir='ltr'><strong>ad</strong></span> <span class='ocrx_word' id='word_1_372' title='bbox 2530 956 2850 1010; x_wconf 90' lang='lat' dir='ltr'><strong>intuendum</strong></span> <span class='ocrx_word' id='word_1_373' title='bbox 2899 973 3023 1011; x_wconf 90' lang='lat' dir='ltr'><strong>eum</strong></span> <span class='ocrx_word' id='word_1_374' title='bbox 3074 957 3167 1026; x_wconf 91' lang='lat' dir='ltr'><strong>qui</strong></span> <span class='ocrx_word' id='word_1_375' title='bbox 3212 956 3559 1009; x_wconf 77' lang='lat' dir='ltr'><strong>mandandus</strong></span> <span class='ocrx_word' id='word_1_376' title='bbox 3606 964 3753 1017; x_wconf 82' lang='lat' dir='ltr'><strong>erat,</strong></span> <span class='ocrx_word' id='word_1_377' title='bbox 3800 951 3990 1021; x_wconf 81' lang='lat' dir='ltr'><strong>egredi</strong></span> 
     </span>
    </p>
   </div>
   <div class='ocr_carea' id='block_1_52' title="bbox 2412 1046 3989 1117">
    <p class='ocr_par' dir='ltr' id='par_1_52' title="bbox 2412 1046 3989 1117">
     <span class='ocr_line' id='line_1_52' title="bbox 2412 1046 3989 1117; baseline -0.002 -19"><span class='ocrx_word' id='word_1_378' title='bbox 2412 1047 2746 1101; x_wconf 87' lang='lat' dir='ltr'><strong>sacerdotem</strong></span> <span class='ocrx_word' id='word_1_379' title='bbox 2804 1048 3064 1117; x_wconf 60' lang='lat' dir='ltr'><strong>praccpit</strong></span> <span class='ocrx_word' id='word_1_380' title='bbox 3119 1066 3131 1100; x_wconf 91' lang='lat'>:</span> <span class='ocrx_word' id='word_1_381' title='bbox 3186 1048 3328 1100; x_wconf 87' lang='lat' dir='ltr'><strong>sicut</strong></span> <span class='ocrx_word' id='word_1_382' title='bbox 3375 1062 3475 1100; x_wconf 89' lang='lat' dir='ltr'><strong>nos</strong></span> <span class='ocrx_word' id='word_1_383' title='bbox 3525 1046 3778 1100; x_wconf 86' lang='lat' dir='ltr'><strong>Christus</strong></span> <span class='ocrx_word' id='word_1_384' title='bbox 3835 1054 3989 1096; x_wconf 82' lang='lat' dir='ltr'><strong>extra</strong></span> 
     </span>
    </p>
   </div>
   <div class='ocr_carea' id='block_1_53' title="bbox 2412 1135 3992 1207">
    <p class='ocr_par' dir='ltr' id='par_1_53' title="bbox 2412 1135 3992 1207">
     <span class='ocr_line' id='line_1_53' title="bbox 2412 1135 3992 1207; baseline -0.003 -16"><span class='ocrx_word' id='word_1_385' title='bbox 2412 1148 2625 1202; x_wconf 86' lang='lat' dir='ltr'><strong>castra,</strong></span> <span class='ocrx_word' id='word_1_386' title='bbox 2681 1153 2777 1206; x_wconf 84' lang='lat' dir='ltr'><strong>per</strong></span> <span class='ocrx_word' id='word_1_387' title='bbox 2821 1139 3133 1207; x_wconf 88' lang='lat' dir='ltr'><strong>passionem</strong></span> <span class='ocrx_word' id='word_1_388' title='bbox 3184 1139 3395 1199; x_wconf 68' lang='lat' dir='ltr'><strong>cruris,</strong></span> <span class='ocrx_word' id='word_1_389' title='bbox 3454 1135 3992 1206; x_wconf 83' lang='lat' dir='ltr'><strong>dispensationisque</strong></span> 
     </span>
    </p>
   </div>
   <div class='ocr_carea' id='block_1_54' title="bbox 2412 1227 3992 1297">
    <p class='ocr_par' dir='ltr' id='par_1_54' title="bbox 2412 1227 3992 1297">
     <span class='ocr_line' id='line_1_54' title="bbox 2412 1227 3992 1297; baseline -0.001 -18"><span class='ocrx_word' id='word_1_390' title='bbox 2412 1244 2531 1295; x_wconf 74' lang='lat' dir='ltr'><strong>qua:</strong></span> <span class='ocrx_word' id='word_1_391' title='bbox 2569 1238 2699 1281; x_wconf 91' lang='lat' dir='ltr'><strong>tunc</strong></span> <span class='ocrx_word' id='word_1_392' title='bbox 2737 1238 2954 1297; x_wconf 86' lang='lat' dir='ltr'><strong>peracta</strong></span> <span class='ocrx_word' id='word_1_393' title='bbox 2996 1239 3097 1291; x_wconf 83' lang='lat' dir='ltr'><strong>est,</strong></span> <span class='ocrx_word' id='word_1_394' title='bbox 3135 1229 3395 1282; x_wconf 87' lang='lat' dir='ltr'><strong>visitavit.</strong></span> <span class='ocrx_word' id='word_1_395' title='bbox 3444 1227 3564 1280; x_wconf 85' lang='lat' dir='ltr'><strong>Non</strong></span> <span class='ocrx_word' id='word_1_396' title='bbox 3608 1228 3762 1296; x_wconf 87' lang='lat' dir='ltr'><strong>prius</strong></span> <span class='ocrx_word' id='word_1_397' title='bbox 3804 1234 3992 1279; x_wconf 81' lang='lat' dir='ltr'><strong>autem</strong></span> 
     </span>
    </p>
   </div>
   <div class='ocr_carea' id='block_1_55' title="bbox 2416 1314 3993 1394">
    <p class='ocr_par' dir='ltr' id='par_1_55' title="bbox 2416 1314 3993 1394">
     <span class='ocr_line' id='line_1_55' title="bbox 2416 1314 3993 1394; baseline -0.002 -25"><span class='ocrx_word' id='word_1_398' title='bbox 2416 1316 2518 1370; x_wconf 91' lang='lat' dir='ltr'><strong>hoc</strong></span> <span class='ocrx_word' id='word_1_399' title='bbox 2547 1318 2677 1386; x_wconf 85' lang='lat' dir='ltr'><strong>egit,</strong></span> <span class='ocrx_word' id='word_1_400' title='bbox 2718 1333 2877 1386; x_wconf 91' lang='lat' dir='ltr'><strong>quam</strong></span> <span class='ocrx_word' id='word_1_401' title='bbox 2928 1317 3152 1380; x_wconf 88' lang='lat' dir='ltr'><strong>videret,</strong></span> <span class='ocrx_word' id='word_1_402' title='bbox 3185 1317 3313 1386; x_wconf 91' lang='lat' dir='ltr'><strong>quia</strong></span> <span class='ocrx_word' id='word_1_403' title='bbox 3361 1317 3581 1394; x_wconf 71' lang='lat' dir='ltr'><strong>macula</strong></span> <span class='ocrx_word' id='word_1_404' title='bbox 3608 1316 3774 1385; x_wconf 67' lang='lat' dir='ltr'><strong>lepraa</strong></span> <span class='ocrx_word' id='word_1_405' title='bbox 3817 1314 3889 1367; x_wconf 86' lang='lat' dir='ltr'><strong>ab</strong></span> <span class='ocrx_word' id='word_1_406' title='bbox 3927 1327 3993 1366; x_wconf 83' lang='lat' dir='ltr'><strong>eo</strong></span> 
     </span>
    </p>
   </div>
   <div class='ocr_carea' id='block_1_56' title="bbox 2415 1406 3998 1478">
    <p class='ocr_par' dir='ltr' id='par_1_56' title="bbox 2415 1406 3998 1478">
     <span class='ocr_line' id='line_1_56' title="bbox 2415 1406 3998 1478; baseline -0.001 -19"><span class='ocrx_word' id='word_1_407' title='bbox 2415 1416 2699 1461; x_wconf 90' lang='lat' dir='ltr'><strong>sanaretur</strong></span> <span class='ocrx_word' id='word_1_408' title='bbox 2727 1449 2741 1471; x_wconf 89' lang='lat'><strong>,</strong></span> <span class='ocrx_word' id='word_1_409' title='bbox 2776 1409 2827 1463; x_wconf 93' lang='lat' dir='ltr'><strong>id</strong></span> <span class='ocrx_word' id='word_1_410' title='bbox 2868 1419 2971 1473; x_wconf 92' lang='lat' dir='ltr'><strong>est,</strong></span> <span class='ocrx_word' id='word_1_411' title='bbox 3003 1418 3290 1478; x_wconf 86' lang='lat' dir='ltr'><strong>antequam</strong></span> <span class='ocrx_word' id='word_1_412' title='bbox 3340 1424 3443 1462; x_wconf 91' lang='lat' dir='ltr'><strong>nos</strong></span> <span class='ocrx_word' id='word_1_413' title='bbox 3482 1407 3723 1463; x_wconf 83' lang='lat' dir='ltr'><strong>caruisse</strong></span> <span class='ocrx_word' id='word_1_414' title='bbox 3762 1406 3998 1459; x_wconf 81' lang='lat' dir='ltr'><strong>vidisset</strong></span> 
     </span>
    </p>
   </div>
   <div class='ocr_carea' id='block_1_57' title="bbox 2417 1496 3995 1570">
    <p class='ocr_par' dir='ltr' id='par_1_57' title="bbox 2417 1496 3995 1570">
     <span class='ocr_line' id='line_1_57' title="bbox 2417 1496 3995 1570; baseline -0.001 -21"><span class='ocrx_word' id='word_1_415' title='bbox 2417 1505 2647 1551; x_wconf 89' lang='lat' dir='ltr'><strong>terrore.</strong></span> <span class='ocrx_word' id='word_1_416' title='bbox 2680 1497 2910 1563; x_wconf 87' lang='lat' dir='ltr'><strong>Quando</strong></span> <span class='ocrx_word' id='word_1_417' title='bbox 2947 1515 3078 1570; x_wconf 87' lang='lat' dir='ltr'><strong>ergo</strong></span> <span class='ocrx_word' id='word_1_418' title='bbox 3112 1501 3166 1553; x_wconf 88' lang='lat' dir='ltr'><strong>in</strong></span> <span class='ocrx_word' id='word_1_419' title='bbox 3208 1514 3333 1553; x_wconf 89' lang='lat' dir='ltr'><strong>eum</strong></span> <span class='ocrx_word' id='word_1_420' title='bbox 3375 1515 3485 1552; x_wconf 90' lang='lat' dir='ltr'><strong>non</strong></span> <span class='ocrx_word' id='word_1_421' title='bbox 3530 1500 3704 1551; x_wconf 88' lang='lat' dir='ltr'><strong>solum</strong></span> <span class='ocrx_word' id='word_1_422' title='bbox 3739 1513 3809 1550; x_wconf 70' lang='lat' dir='ltr'><strong>ex</strong></span> <span class='ocrx_word' id='word_1_423' title='bbox 3838 1496 3995 1564; x_wconf 86' lang='lat' dir='ltr'><strong>plebe</strong></span> 
     </span>
    </p>
   </div>
   <div class='ocr_carea' id='block_1_58' title="bbox 2416 1585 3997 1659">
    <p class='ocr_par' dir='ltr' id='par_1_58' title="bbox 2416 1585 3997 1659">
     <span class='ocr_line' id='line_1_58' title="bbox 2416 1585 3997 1659; baseline -0.001 -19"><span class='ocrx_word' id='word_1_424' title='bbox 2416 1585 2641 1642; x_wconf 82' lang='lat' dir='ltr'><strong>Judaiea</strong></span> <span class='ocrx_word' id='word_1_425' title='bbox 2700 1591 3089 1653; x_wconf 86' lang='lat' dir='ltr'><strong>crediderunt,</strong></span> <span class='ocrx_word' id='word_1_426' title='bbox 3141 1592 3234 1645; x_wconf 88' lang='lat' dir='ltr'><strong>sed</strong></span> <span class='ocrx_word' id='word_1_427' title='bbox 3287 1600 3342 1644; x_wconf 86' lang='lat' dir='ltr'><strong>et</strong></span> <span class='ocrx_word' id='word_1_428' title='bbox 3392 1589 3582 1659; x_wconf 87' lang='lat' dir='ltr'><strong>pagani</strong></span> <span class='ocrx_word' id='word_1_429' title='bbox 3632 1588 3997 1641; x_wconf 80' lang='lat' dir='ltr'><strong>ascendentes</strong></span> 
     </span>
    </p>
   </div>
   <div class='ocr_carea' id='block_1_59' title="bbox 2416 1675 3998 1750">
    <p class='ocr_par' dir='ltr' id='par_1_59' title="bbox 2416 1675 3998 1750">
     <span class='ocr_line' id='line_1_59' title="bbox 2416 1675 3998 1750; baseline -0.003 -19"><span class='ocrx_word' id='word_1_430' title='bbox 2416 1694 2541 1731; x_wconf 90' lang='lat' dir='ltr'><strong>eum</strong></span> <span class='ocrx_word' id='word_1_431' title='bbox 2584 1679 2769 1732; x_wconf 87' lang='lat' dir='ltr'><strong>videre</strong></span> <span class='ocrx_word' id='word_1_432' title='bbox 2808 1680 3123 1750; x_wconf 89' lang='lat' dir='ltr'><strong>cupiebant,</strong></span> <span class='ocrx_word' id='word_1_433' title='bbox 3164 1679 3543 1733; x_wconf 88' lang='lat' dir='ltr'><strong>nuntiantibus</strong></span> <span class='ocrx_word' id='word_1_434' title='bbox 3575 1678 3678 1730; x_wconf 88' lang='lat' dir='ltr'><strong>hoc</strong></span> <span class='ocrx_word' id='word_1_435' title='bbox 3711 1675 3998 1743; x_wconf 86' lang='lat' dir='ltr'><strong>discipulis</strong></span> 
     </span>
    </p>
   </div>
   <div class='ocr_carea' id='block_1_60' title="bbox 2417 1768 3995 1839">
    <p class='ocr_par' dir='ltr' id='par_1_60' title="bbox 2417 1768 3995 1839">
     <span class='ocr_line' id='line_1_60' title="bbox 2417 1768 3995 1839; baseline -0.001 -18"><span class='ocrx_word' id='word_1_436' title='bbox 2417 1768 2549 1823; x_wconf 81' lang='lat' dir='ltr'><strong>dixit</strong></span> <span class='ocrx_word' id='word_1_437' title='bbox 2585 1787 2599 1823; x_wconf 88' lang='lat'><strong>:</strong></span> <span class='ocrx_word' id='word_1_438' title='bbox 2632 1768 2774 1823; x_wconf 73' lang='lat' dir='ltr'><strong>Venit</strong></span> <span class='ocrx_word' id='word_1_439' title='bbox 2803 1771 2931 1823; x_wconf 85' lang='lat' dir='ltr'><strong>hora</strong></span> <span class='ocrx_word' id='word_1_440' title='bbox 2982 1780 3038 1823; x_wconf 86' lang='lat' dir='ltr'><strong>ut</strong></span> <span class='ocrx_word' id='word_1_441' title='bbox 3090 1770 3410 1839; x_wconf 73' lang='lat' dir='ltr'><strong>gloriﬁcatur</strong></span> <span class='ocrx_word' id='word_1_442' title='bbox 3457 1770 3621 1824; x_wconf 82' lang='lat' dir='ltr'><strong>Filius</strong></span> <span class='ocrx_word' id='word_1_443' title='bbox 3670 1769 3904 1821; x_wconf 81' lang='lat' dir='ltr'><strong>hominis</strong></span> <span class='ocrx_word' id='word_1_444' title='bbox 3930 1768 3995 1820; x_wconf 84' lang='lat'><strong>”.</strong></span> 
     </span>
    </p>
   </div>
   <div class='ocr_carea' id='block_1_61' title="bbox 2351 1849 3996 1929">
    <p class='ocr_par' dir='ltr' id='par_1_61' title="bbox 2351 1849 3996 1929">
     <span class='ocr_line' id='line_1_61' title="bbox 2351 1849 3996 1929; baseline -0.001 -17"><span class='ocrx_word' id='word_1_445' title='bbox 2351 1849 2645 1923; x_wconf 75' lang='lat' dir='ltr'><strong>BQuaudo</strong></span> <span class='ocrx_word' id='word_1_446' title='bbox 2698 1860 2831 1915; x_wconf 87' lang='lat' dir='ltr'><strong>vidit</strong></span> <span class='ocrx_word' id='word_1_447' title='bbox 2880 1862 3022 1929; x_wconf 90' lang='lat' dir='ltr'><strong>quod</strong></span> <span class='ocrx_word' id='word_1_448' title='bbox 3079 1868 3441 1929; x_wconf 61' lang='lat' dir='ltr'><strong>praeparatum</strong></span> <span class='ocrx_word' id='word_1_449' title='bbox 3490 1868 3635 1913; x_wconf 86' lang='lat' dir='ltr'><strong>esset</strong></span> <span class='ocrx_word' id='word_1_450' title='bbox 3691 1860 3996 1913; x_wconf 85' lang='lat' dir='ltr'><strong>humanum</strong></span> 
     </span>
    </p>
   </div>
   <div class='ocr_carea' id='block_1_62' title="bbox 2420 1952 3997 2021">
    <p class='ocr_par' dir='ltr' id='par_1_62' title="bbox 2420 1952 3997 2021">
     <span class='ocr_line' id='line_1_62' title="bbox 2420 1952 3997 2021; baseline -0.001 -18"><span class='ocrx_word' id='word_1_451' title='bbox 2420 1966 2593 2018; x_wconf 82' lang='lat' dir='ltr'><strong>genus</strong></span> <span class='ocrx_word' id='word_1_452' title='bbox 2644 1952 2711 2005; x_wconf 90' lang='lat' dir='ltr'><strong>ad</strong></span> <span class='ocrx_word' id='word_1_453' title='bbox 2768 1952 3165 2016; x_wconf 89' lang='lat' dir='ltr'><strong>liberationem,</strong></span> <span class='ocrx_word' id='word_1_454' title='bbox 3218 1953 3551 2021; x_wconf 83' lang='lat' dir='ltr'><strong>salutemque</strong></span> <span class='ocrx_word' id='word_1_455' title='bbox 3602 1968 3700 2020; x_wconf 90' lang='lat' dir='ltr'><strong>per</strong></span> <span class='ocrx_word' id='word_1_456' title='bbox 3749 1965 3997 2012; x_wconf 83' lang='lat' dir='ltr'><strong>crucem.</strong></span> 
     </span>
    </p>
   </div>
   <div class='ocr_carea' id='block_1_63' title="bbox 2421 2043 4000 2115">
    <p class='ocr_par' dir='ltr' id='par_1_63' title="bbox 2421 2043 4000 2115">
     <span class='ocr_line' id='line_1_63' title="bbox 2421 2043 4000 2115; baseline 0 -19"><span class='ocrx_word' id='word_1_457' title='bbox 2421 2043 2527 2096; x_wconf 90' lang='lat' dir='ltr'><strong>hoc</strong></span> <span class='ocrx_word' id='word_1_458' title='bbox 2567 2043 2713 2097; x_wconf 89' lang='lat' dir='ltr'><strong>enim</strong></span> <span class='ocrx_word' id='word_1_459' title='bbox 2768 2052 2824 2098; x_wconf 91' lang='lat' dir='ltr'><strong>et</strong></span> <span class='ocrx_word' id='word_1_460' title='bbox 2869 2044 3094 2114; x_wconf 84' lang='lat' dir='ltr'><strong>gloriam</strong></span> <span class='ocrx_word' id='word_1_461' title='bbox 3144 2060 3294 2098; x_wconf 90' lang='lat' dir='ltr'><strong>suam</strong></span> <span class='ocrx_word' id='word_1_462' title='bbox 3342 2045 3650 2115; x_wconf 80' lang='lat' dir='ltr'><strong>appellavit,</strong></span> <span class='ocrx_word' id='word_1_463' title='bbox 3695 2053 3829 2098; x_wconf 89' lang='lat' dir='ltr'><strong>tunc</strong></span> <span class='ocrx_word' id='word_1_464' title='bbox 3870 2043 4000 2111; x_wconf 86' lang='lat' dir='ltr'><strong>quid</strong></span> 
     </span>
    </p>
   </div>
   <div class='ocr_carea' id='block_1_64' title="bbox 2420 2136 2699 2205">
    <p class='ocr_par' dir='ltr' id='par_1_64' title="bbox 2420 2136 2699 2205">
     <span class='ocr_line' id='line_1_64' title="bbox 2420 2136 2699 2205; baseline 0.007 -18"><span class='ocrx_word' id='word_1_465' title='bbox 2420 2136 2699 2205; x_wconf 69' lang='lat' dir='ltr'><strong>suscepit?</strong></span> 
     </span>
    </p>
   </div>
   <div class='ocr_carea' id='block_1_65' title="bbox 2494 2227 4000 2299">
    <p class='ocr_par' dir='ltr' id='par_1_65' title="bbox 2494 2227 4000 2299">
     <span class='ocr_line' id='line_1_65' title="bbox 2494 2227 4000 2299; baseline -0.001 -18"><span class='ocrx_word' id='word_1_466' title='bbox 2494 2228 2740 2283; x_wconf 81' lang='lat' dir='ltr'><strong>Videlicet</strong></span> <span class='ocrx_word' id='word_1_467' title='bbox 2793 2230 2923 2283; x_wconf 83' lang='lat' dir='ltr'><strong>duos</strong></span> <span class='ocrx_word' id='word_1_468' title='bbox 2973 2246 3208 2297; x_wconf 77' lang='lat' dir='ltr'><strong>passeres</strong></span> <span class='ocrx_word' id='word_1_469' title='bbox 3263 2232 3401 2283; x_wconf 80' lang='lat' dir='ltr'><strong>rivos</strong></span> <span class='ocrx_word' id='word_1_470' title='bbox 3446 2245 3571 2299; x_wconf 81' lang='lat' dir='ltr'><strong>quos</strong></span> <span class='ocrx_word' id='word_1_471' title='bbox 3616 2227 3754 2280; x_wconf 72' lang='lat' dir='ltr'><strong>cesti</strong></span> <span class='ocrx_word' id='word_1_472' title='bbox 3795 2228 4000 2280; x_wconf 76' lang='lat' dir='ltr'><strong>licitum</strong></span> 
     </span>
    </p>
   </div>
   <div class='ocr_carea' id='block_1_66' title="bbox 2420 2314 4005 2381">
    <p class='ocr_par' dir='ltr' id='par_1_66' title="bbox 2420 2314 4005 2381">
     <span class='ocr_line' id='line_1_66' title="bbox 2420 2314 4005 2381; baseline 0 -12"><span class='ocrx_word' id='word_1_473' title='bbox 2420 2326 2515 2369; x_wconf 83' lang='lat' dir='ltr'><strong>est.</strong></span> <span class='ocrx_word' id='word_1_474' title='bbox 2548 2314 2745 2371; x_wconf 83' lang='lat' dir='ltr'><strong>llabuit</strong></span> <span class='ocrx_word' id='word_1_475' title='bbox 2775 2318 2920 2371; x_wconf 89' lang='lat' dir='ltr'><strong>enim</strong></span> <span class='ocrx_word' id='word_1_476' title='bbox 2956 2318 3072 2372; x_wconf 74' lang='lat' dir='ltr'><strong>haec</strong></span> <span class='ocrx_word' id='word_1_477' title='bbox 3100 2318 3370 2381; x_wconf 77' lang='lat' dir='ltr'><strong>Christus,</strong></span> <span class='ocrx_word' id='word_1_478' title='bbox 3417 2318 3758 2371; x_wconf 87' lang='lat' dir='ltr'><strong>divinitatem</strong></span> <span class='ocrx_word' id='word_1_479' title='bbox 3788 2318 4005 2371; x_wconf 77' lang='lat' dir='ltr'><strong>scilicet</strong></span> 
     </span>
    </p>
   </div>
   <div class='ocr_carea' id='block_1_67' title="bbox 2419 2406 4004 2476">
    <p class='ocr_par' dir='ltr' id='par_1_67' title="bbox 2419 2406 4004 2476">
     <span class='ocr_line' id='line_1_67' title="bbox 2419 2406 4004 2476; baseline -0.001 -18"><span class='ocrx_word' id='word_1_480' title='bbox 2419 2414 2476 2458; x_wconf 91' lang='lat' dir='ltr'><strong>et</strong></span> <span class='ocrx_word' id='word_1_481' title='bbox 2510 2406 2927 2471; x_wconf 83' lang='lat' dir='ltr'><strong>humanitatem,</strong></span> <span class='ocrx_word' id='word_1_482' title='bbox 2964 2410 3090 2476; x_wconf 86' lang='lat' dir='ltr'><strong>quia</strong></span> <span class='ocrx_word' id='word_1_483' title='bbox 3128 2409 3327 2461; x_wconf 90' lang='lat' dir='ltr'><strong>munda</strong></span> <span class='ocrx_word' id='word_1_484' title='bbox 3363 2406 3563 2461; x_wconf 80' lang='lat' dir='ltr'><strong>Christi</strong></span> <span class='ocrx_word' id='word_1_485' title='bbox 3600 2407 3766 2459; x_wconf 81' lang='lat' dir='ltr'><strong>etiam</strong></span> <span class='ocrx_word' id='word_1_486' title='bbox 3800 2406 4004 2460; x_wconf 87' lang='lat' dir='ltr'><strong>huma-</strong></span> 
     </span>
    </p>
   </div>
   <div class='ocr_carea' id='block_1_68' title="bbox 2420 2494 4003 2566">
    <p class='ocr_par' dir='ltr' id='par_1_68' title="bbox 2420 2494 4003 2566">
     <span class='ocr_line' id='line_1_68' title="bbox 2420 2494 4003 2566; baseline 0.002 -18"><span class='ocrx_word' id='word_1_487' title='bbox 2420 2494 2581 2557; x_wconf 86' lang='lat' dir='ltr'><strong>nitas,</strong></span> <span class='ocrx_word' id='word_1_488' title='bbox 2619 2504 2673 2549; x_wconf 86' lang='lat' dir='ltr'><strong>et</strong></span> <span class='ocrx_word' id='word_1_489' title='bbox 2723 2496 2913 2549; x_wconf 91' lang='lat' dir='ltr'><strong>vivens</strong></span> <span class='ocrx_word' id='word_1_490' title='bbox 2950 2507 3055 2550; x_wconf 91' lang='lat' dir='ltr'><strong>est.</strong></span> <span class='ocrx_word' id='word_1_491' title='bbox 3104 2498 3299 2551; x_wconf 88' lang='lat' dir='ltr'><strong>Munda</strong></span> <span class='ocrx_word' id='word_1_492' title='bbox 3347 2497 3596 2566; x_wconf 85' lang='lat' dir='ltr'><strong>quidem,</strong></span> <span class='ocrx_word' id='word_1_493' title='bbox 3642 2507 3834 2565; x_wconf 77' lang='lat' dir='ltr'><strong>utpote</strong></span> <span class='ocrx_word' id='word_1_494' title='bbox 3879 2513 4003 2565; x_wconf 69' lang='lat' dir='ltr'><strong>qua</strong></span> 
     </span>
    </p>
   </div>
   <div class='ocr_carea' id='block_1_69' title="bbox 2422 2586 4005 2655">
    <p class='ocr_par' dir='ltr' id='par_1_69' title="bbox 2422 2586 4005 2655">
     <span class='ocr_line' id='line_1_69' title="bbox 2422 2586 4005 2655; baseline 0.001 -19"><span class='ocrx_word' id='word_1_495' title='bbox 2422 2586 2702 2654; x_wconf 90' lang='lat' dir='ltr'><strong>proprium</strong></span> <span class='ocrx_word' id='word_1_496' title='bbox 2760 2598 3043 2655; x_wconf 88' lang='lat' dir='ltr'><strong>peccatum</strong></span> <span class='ocrx_word' id='word_1_497' title='bbox 3092 2603 3200 2641; x_wconf 88' lang='lat' dir='ltr'><strong>non</strong></span> <span class='ocrx_word' id='word_1_498' title='bbox 3254 2589 3441 2641; x_wconf 86' lang='lat' dir='ltr'><strong>habuit</strong></span> <span class='ocrx_word' id='word_1_499' title='bbox 3476 2606 3491 2642; x_wconf 87' lang='lat'><strong>:</strong></span> <span class='ocrx_word' id='word_1_500' title='bbox 3534 2589 3653 2640; x_wconf 87' lang='lat' dir='ltr'><strong>viva</strong></span> <span class='ocrx_word' id='word_1_501' title='bbox 3696 2596 3909 2652; x_wconf 88' lang='lat' dir='ltr'><strong>autem,</strong></span> <span class='ocrx_word' id='word_1_502' title='bbox 3942 2598 4005 2640; x_wconf 89' lang='lat' dir='ltr'><strong>ut</strong></span> 
     </span>
    </p>
   </div>
   <div class='ocr_carea' id='block_1_70' title="bbox 2421 2675 4003 2743">
    <p class='ocr_par' dir='ltr' id='par_1_70' title="bbox 2421 2675 4003 2743">
     <span class='ocr_line' id='line_1_70' title="bbox 2421 2675 4003 2743; baseline 0.003 -17"><span class='ocrx_word' id='word_1_503' title='bbox 2421 2690 2541 2741; x_wconf 79' lang='lat' dir='ltr'><strong>qua:</strong></span> <span class='ocrx_word' id='word_1_504' title='bbox 2568 2675 2747 2743; x_wconf 84' lang='lat' dir='ltr'><strong>genita</strong></span> <span class='ocrx_word' id='word_1_505' title='bbox 2784 2692 2893 2729; x_wconf 92' lang='lat' dir='ltr'><strong>non</strong></span> <span class='ocrx_word' id='word_1_506' title='bbox 2924 2685 3008 2731; x_wconf 85' lang='lat' dir='ltr'><strong>est</strong></span> <span class='ocrx_word' id='word_1_507' title='bbox 3031 2694 3094 2731; x_wconf 82' lang='lat' dir='ltr'><strong>ex</strong></span> <span class='ocrx_word' id='word_1_508' title='bbox 3127 2676 3223 2729; x_wconf 89' lang='lat' dir='ltr'><strong>viri</strong></span> <span class='ocrx_word' id='word_1_509' title='bbox 3251 2677 3612 2742; x_wconf 84' lang='lat' dir='ltr'><strong>imtnunditia,</strong></span> <span class='ocrx_word' id='word_1_510' title='bbox 3646 2687 3702 2730; x_wconf 91' lang='lat' dir='ltr'><strong>et</strong></span> <span class='ocrx_word' id='word_1_511' title='bbox 3733 2678 3861 2731; x_wconf 89' lang='lat' dir='ltr'><strong>ideo</strong></span> <span class='ocrx_word' id='word_1_512' title='bbox 3890 2693 4003 2731; x_wconf 86' lang='lat' dir='ltr'><strong>non</strong></span> 
     </span>
    </p>
   </div>
   <div class='ocr_carea' id='block_1_71' title="bbox 2422 2763 3409 2821">
    <p class='ocr_par' dir='ltr' id='par_1_71' title="bbox 2422 2763 3409 2821">
     <span class='ocr_line' id='line_1_71' title="bbox 2422 2763 3409 2821; baseline -0.002 0"><span class='ocrx_word' id='word_1_513' title='bbox 2422 2763 2524 2821; x_wconf 70' lang='lat' dir='ltr'><strong>fuit</strong></span> <span class='ocrx_word' id='word_1_514' title='bbox 2551 2765 2912 2819; x_wconf 87' lang='lat' dir='ltr'><strong>maledictioni</strong></span> <span class='ocrx_word' id='word_1_515' title='bbox 2942 2766 3132 2820; x_wconf 87' lang='lat' dir='ltr'><strong>mortis</strong></span> <span class='ocrx_word' id='word_1_516' title='bbox 3158 2767 3409 2820; x_wconf 78' lang='lat' dir='ltr'><strong>obnoxia.</strong></span> 
     </span>
    </p>
   </div>
   <div class='ocr_carea' id='block_1_72' title="bbox 2492 2853 4003 2926">
    <p class='ocr_par' dir='ltr' id='par_1_72' title="bbox 2492 2853 4003 2926">
     <span class='ocr_line' id='line_1_72' title="bbox 2492 2853 4003 2926; baseline 0 -17"><span class='ocrx_word' id='word_1_517' title='bbox 2492 2853 2695 2915; x_wconf 85' lang='lat' dir='ltr'><strong>Sumet,</strong></span> <span class='ocrx_word' id='word_1_518' title='bbox 2720 2857 2911 2925; x_wconf 81' lang='lat' dir='ltr'><strong>inquit,</strong></span> <span class='ocrx_word' id='word_1_519' title='bbox 2937 2866 2984 2909; x_wconf 86' lang='lat' dir='ltr'><strong>et</strong></span> <span class='ocrx_word' id='word_1_520' title='bbox 3015 2857 3212 2926; x_wconf 82' lang='lat' dir='ltr'><strong>lignum</strong></span> <span class='ocrx_word' id='word_1_521' title='bbox 3238 2859 3528 2911; x_wconf 79' lang='lat' dir='ltr'><strong>ccdrinum.</strong></span> <span class='ocrx_word' id='word_1_522' title='bbox 3556 2857 3615 2911; x_wconf 90' lang='lat' dir='ltr'><strong>ld</strong></span> <span class='ocrx_word' id='word_1_523' title='bbox 3640 2865 3726 2910; x_wconf 87' lang='lat' dir='ltr'><strong>est</strong></span> <span class='ocrx_word' id='word_1_524' title='bbox 3750 2871 4003 2910; x_wconf 86' lang='lat' dir='ltr'><strong>crucem.</strong></span> 
     </span>
    </p>
   </div>
   <div class='ocr_carea' id='block_1_73' title="bbox 2422 2945 4008 3019">
    <p class='ocr_par' dir='ltr' id='par_1_73' title="bbox 2422 2945 4008 3019">
     <span class='ocr_line' id='line_1_73' title="bbox 2422 2945 4008 3019; baseline 0 -20"><span class='ocrx_word' id='word_1_525' title='bbox 2422 2945 2600 3000; x_wconf 89' lang='lat' dir='ltr'><strong>Cedro</strong></span> <span class='ocrx_word' id='word_1_526' title='bbox 2630 2958 2811 3000; x_wconf 84' lang='lat' dir='ltr'><strong>autem</strong></span> <span class='ocrx_word' id='word_1_527' title='bbox 2838 2949 2960 3001; x_wconf 87' lang='lat' dir='ltr'><strong>ideo</strong></span> <span class='ocrx_word' id='word_1_528' title='bbox 2990 2948 3344 3017; x_wconf 80' lang='lat' dir='ltr'><strong>signiﬁcatur,</strong></span> <span class='ocrx_word' id='word_1_529' title='bbox 3368 2949 3493 3019; x_wconf 89' lang='lat' dir='ltr'><strong>quia</strong></span> <span class='ocrx_word' id='word_1_530' title='bbox 3519 2948 3717 3002; x_wconf 88' lang='lat' dir='ltr'><strong>cedrus</strong></span> <span class='ocrx_word' id='word_1_531' title='bbox 3753 2949 3808 3000; x_wconf 91' lang='lat' dir='ltr'><strong>iu</strong></span> <span class='ocrx_word' id='word_1_532' title='bbox 3838 2948 4008 3017; x_wconf 89' lang='lat' dir='ltr'><strong>lignis</strong></span> 
     </span>
    </p>
   </div>
   <div class='ocr_carea' id='block_1_74' title="bbox 2424 3036 4010 3109">
    <p class='ocr_par' dir='ltr' id='par_1_74' title="bbox 2424 3036 4010 3109">
     <span class='ocr_line' id='line_1_74' title="bbox 2424 3036 4010 3109; baseline 0.002 -18"><span class='ocrx_word' id='word_1_533' title='bbox 2424 3036 2581 3091; x_wconf 76' lang='lat' dir='ltr'><strong>fortis</strong></span> <span class='ocrx_word' id='word_1_534' title='bbox 2623 3046 2705 3091; x_wconf 92' lang='lat' dir='ltr'><strong>est</strong></span> <span class='ocrx_word' id='word_1_535' title='bbox 2747 3056 2759 3091; x_wconf 93' lang='lat'>:</span> <span class='ocrx_word' id='word_1_536' title='bbox 2805 3055 2929 3093; x_wconf 90' lang='lat' dir='ltr'><strong>nam</strong></span> <span class='ocrx_word' id='word_1_537' title='bbox 2978 3049 3035 3092; x_wconf 91' lang='lat' dir='ltr'><strong>ct</strong></span> <span class='ocrx_word' id='word_1_538' title='bbox 3077 3055 3201 3092; x_wconf 86' lang='lat' dir='ltr'><strong>arca</strong></span> <span class='ocrx_word' id='word_1_539' title='bbox 3251 3040 3319 3093; x_wconf 92' lang='lat' dir='ltr'><strong>de</strong></span> <span class='ocrx_word' id='word_1_540' title='bbox 3366 3040 3523 3109; x_wconf 86' lang='lat' dir='ltr'><strong>lignis</strong></span> <span class='ocrx_word' id='word_1_541' title='bbox 3573 3040 3816 3093; x_wconf 90' lang='lat' dir='ltr'><strong>cedrinis</strong></span> <span class='ocrx_word' id='word_1_542' title='bbox 3862 3040 4010 3094; x_wconf 80' lang='lat' dir='ltr'><strong>facta</strong></span> 
     </span>
    </p>
   </div>
   <div class='ocr_carea' id='block_1_75' title="bbox 2427 3133 4009 3205">
    <p class='ocr_par' dir='ltr' id='par_1_75' title="bbox 2427 3133 4009 3205">
     <span class='ocr_line' id='line_1_75' title="bbox 2427 3133 4009 3205; baseline 0 -18"><span class='ocrx_word' id='word_1_543' title='bbox 2427 3133 2594 3187; x_wconf 80' lang='lat' dir='ltr'><strong>fuisse</strong></span> <span class='ocrx_word' id='word_1_544' title='bbox 2631 3134 2895 3188; x_wconf 63' lang='lat' dir='ltr'><strong>aISt‘l&#39;illH&#39;</strong></span> <span class='ocrx_word' id='word_1_545' title='bbox 2941 3152 2954 3186; x_wconf 95' lang='lat'><strong>:</strong></span> <span class='ocrx_word' id='word_1_546' title='bbox 2997 3135 3122 3202; x_wconf 87' lang='lat' dir='ltr'><strong>quia</strong></span> <span class='ocrx_word' id='word_1_547' title='bbox 3169 3135 3433 3205; x_wconf 83' lang='lat' dir='ltr'><strong>lignorum</strong></span> <span class='ocrx_word' id='word_1_548' title='bbox 3475 3135 3907 3203; x_wconf 84' lang='lat' dir='ltr'><strong>imputribilium</strong></span> <span class='ocrx_word' id='word_1_549' title='bbox 3950 3135 4009 3187; x_wconf 87' lang='lat' dir='ltr'><strong>in</strong></span> 
     </span>
    </p>
   </div>
   <div class='ocr_carea' id='block_1_76' title="bbox 2422 3226 3754 3296">
    <p class='ocr_par' dir='ltr' id='par_1_76' title="bbox 2422 3226 3754 3296">
     <span class='ocr_line' id='line_1_76' title="bbox 2422 3226 3754 3296; baseline -0.002 -15"><span class='ocrx_word' id='word_1_550' title='bbox 2422 3227 2831 3282; x_wconf 84' lang='lat' dir='ltr'><strong>constructione</strong></span> <span class='ocrx_word' id='word_1_551' title='bbox 2862 3227 2983 3293; x_wconf 81' lang='lat' dir='ltr'><strong>ejus</strong></span> <span class='ocrx_word' id='word_1_552' title='bbox 3011 3226 3217 3296; x_wconf 75' lang='lat' dir='ltr'><strong>Moyses</strong></span> <span class='ocrx_word' id='word_1_553' title='bbox 3244 3227 3573 3280; x_wconf 76' lang='lat' dir='ltr'><strong>mentionem</strong></span> <span class='ocrx_word' id='word_1_554' title='bbox 3605 3226 3754 3280; x_wconf 83' lang='lat' dir='ltr'><strong>fecit.</strong></span> 
     </span>
    </p>
   </div>
   <div class='ocr_carea' id='block_1_77' title="bbox 2493 3318 4013 3382">
    <p class='ocr_par' dir='ltr' id='par_1_77' title="bbox 2493 3318 4013 3382">
     <span class='ocr_line' id='line_1_77' title="bbox 2493 3318 4013 3382; baseline -0.001 -11"><span class='ocrx_word' id='word_1_555' title='bbox 2493 3318 2671 3371; x_wconf 83' lang='lat' dir='ltr'><strong>Sumct</strong></span> <span class='ocrx_word' id='word_1_556' title='bbox 2702 3328 2750 3371; x_wconf 76' lang='lat' dir='ltr'><strong>et</strong></span> <span class='ocrx_word' id='word_1_557' title='bbox 2778 3318 3140 3373; x_wconf 69' lang='lat' dir='ltr'><strong>vermiculout.</strong></span> <span class='ocrx_word' id='word_1_558' title='bbox 3165 3318 3319 3382; x_wconf 84' lang='lat' dir='ltr'><strong>Quod</strong></span> <span class='ocrx_word' id='word_1_559' title='bbox 3351 3318 3487 3371; x_wconf 76' lang='lat' dir='ltr'><strong>LXX</strong></span> <span class='ocrx_word' id='word_1_560' title='bbox 3513 3318 3704 3379; x_wconf 83' lang='lat' dir='ltr'><strong>edunt,</strong></span> <span class='ocrx_word' id='word_1_561' title='bbox 3732 3320 4013 3371; x_wconf 72' lang='lat' dir='ltr'><strong>coccinum</strong></span> 
     </span>
    </p>
   </div>
   <div class='ocr_carea' id='block_1_78' title="bbox 2425 3409 4016 3475">
    <p class='ocr_par' dir='ltr' id='par_1_78' title="bbox 2425 3409 4016 3475">
     <span class='ocr_line' id='line_1_78' title="bbox 2425 3409 4016 3475; baseline -0.001 -14"><span class='ocrx_word' id='word_1_562' title='bbox 2425 3419 2610 3471; x_wconf 84' lang='lat' dir='ltr'><strong>totum,</strong></span> <span class='ocrx_word' id='word_1_563' title='bbox 2644 3409 2893 3462; x_wconf 89' lang='lat' dir='ltr'><strong>videlicet</strong></span> <span class='ocrx_word' id='word_1_564' title='bbox 2940 3410 3247 3475; x_wconf 88' lang='lat' dir='ltr'><strong>passionem</strong></span> <span class='ocrx_word' id='word_1_565' title='bbox 3284 3427 3296 3461; x_wconf 91' lang='lat'><strong>:</strong></span> <span class='ocrx_word' id='word_1_566' title='bbox 3328 3409 3527 3463; x_wconf 90' lang='lat' dir='ltr'><strong>dicitur</strong></span> <span class='ocrx_word' id='word_1_567' title='bbox 3561 3409 3742 3471; x_wconf 79' lang='lat' dir='ltr'><strong>enim,</strong></span> <span class='ocrx_word' id='word_1_568' title='bbox 3780 3417 4016 3475; x_wconf 82' lang='lat' dir='ltr'><strong>propter</strong></span> 
     </span>
    </p>
   </div>
   <div class='ocr_carea' id='block_1_79' title="bbox 2427 3500 4014 3569">
    <p class='ocr_par' dir='ltr' id='par_1_79' title="bbox 2427 3500 4014 3569">
     <span class='ocr_line' id='line_1_79' title="bbox 2427 3500 4014 3569; baseline -0.002 -15"><span class='ocrx_word' id='word_1_569' title='bbox 2427 3501 2712 3556; x_wconf 76' lang='lat' dir='ltr'><strong>tincmram</strong></span> <span class='ocrx_word' id='word_1_570' title='bbox 2766 3500 3150 3569; x_wconf 85' lang='lat' dir='ltr'><strong>sanguineam,</strong></span> <span class='ocrx_word' id='word_1_571' title='bbox 3196 3500 3502 3555; x_wconf 90' lang='lat' dir='ltr'><strong>coccinum.</strong></span> <span class='ocrx_word' id='word_1_572' title='bbox 3553 3500 3710 3554; x_wconf 89' lang='lat' dir='ltr'><strong>Unde</strong></span> <span class='ocrx_word' id='word_1_573' title='bbox 3756 3500 4014 3569; x_wconf 82' lang='lat' dir='ltr'><strong>chlamy-</strong></span> 
     </span>
    </p>
   </div>
   <div class='ocr_carea' id='block_1_80' title="bbox 2425 3589 4014 3659">
    <p class='ocr_par' dir='ltr' id='par_1_80' title="bbox 2425 3589 4014 3659">
     <span class='ocr_line' id='line_1_80' title="bbox 2425 3589 4014 3659; baseline -0.001 -16"><span class='ocrx_word' id='word_1_574' title='bbox 2425 3590 2546 3643; x_wconf 89' lang='lat' dir='ltr'><strong>dem</strong></span> <span class='ocrx_word' id='word_1_575' title='bbox 2579 3589 2909 3649; x_wconf 69' lang='lat' dir='ltr'><strong>coci-incum.</strong></span> <span class='ocrx_word' id='word_1_576' title='bbox 2944 3605 3067 3643; x_wconf 90' lang='lat' dir='ltr'><strong>cum</strong></span> <span class='ocrx_word' id='word_1_577' title='bbox 3104 3590 3394 3643; x_wconf 86' lang='lat' dir='ltr'><strong>duceretur</strong></span> <span class='ocrx_word' id='word_1_578' title='bbox 3418 3589 3483 3643; x_wconf 88' lang='lat' dir='ltr'><strong>ad</strong></span> <span class='ocrx_word' id='word_1_579' title='bbox 3512 3591 3849 3659; x_wconf 84' lang='lat' dir='ltr'><strong>passionem,</strong></span> <span class='ocrx_word' id='word_1_580' title='bbox 3883 3608 4014 3643; x_wconf 82' lang='lat' dir='ltr'><strong>eum</strong></span> 
     </span>
    </p>
   </div>
   <div class='ocr_carea' id='block_1_81' title="bbox 2427 3680 4016 3747">
    <p class='ocr_par' dir='ltr' id='par_1_81' title="bbox 2427 3680 4016 3747">
     <span class='ocr_line' id='line_1_81' title="bbox 2427 3680 4016 3747; baseline 0.002 -15"><span class='ocrx_word' id='word_1_581' title='bbox 2427 3681 2624 3733; x_wconf 76' lang='lat' dir='ltr'><strong>milites</strong></span> <span class='ocrx_word' id='word_1_582' title='bbox 2664 3680 2978 3733; x_wconf 87' lang='lat' dir='ltr'><strong>induerunt.</strong></span> <span class='ocrx_word' id='word_1_583' title='bbox 3019 3680 3243 3733; x_wconf 79' lang='lat' dir='ltr'><strong>&#39;l‘ortum</strong></span> <span class='ocrx_word' id='word_1_584' title='bbox 3278 3689 3460 3734; x_wconf 84' lang='lat' dir='ltr'><strong>autem</strong></span> <span class='ocrx_word' id='word_1_585' title='bbox 3482 3695 3602 3733; x_wconf 86' lang='lat' dir='ltr'><strong>esse</strong></span> <span class='ocrx_word' id='word_1_586' title='bbox 3640 3695 3812 3747; x_wconf 87' lang='lat' dir='ltr'><strong>quare</strong></span> <span class='ocrx_word' id='word_1_587' title='bbox 3852 3680 4016 3735; x_wconf 81' lang='lat' dir='ltr'><strong>dixe-</strong></span> 
     </span>
    </p>
   </div>
   <div class='ocr_carea' id='block_1_82' title="bbox 2428 3772 4017 3841">
    <p class='ocr_par' dir='ltr' id='par_1_82' title="bbox 2428 3772 4017 3841">
     <span class='ocr_line' id='line_1_82' title="bbox 2428 3772 4017 3841; baseline 0.001 -17"><span class='ocrx_word' id='word_1_588' title='bbox 2428 3773 2589 3825; x_wconf 88' lang='lat' dir='ltr'><strong>runt?</strong></span> <span class='ocrx_word' id='word_1_589' title='bbox 2641 3772 2867 3841; x_wconf 79' lang='lat' dir='ltr'><strong>Propter</strong></span> <span class='ocrx_word' id='word_1_590' title='bbox 2914 3773 3354 3841; x_wconf 86' lang='lat' dir='ltr'><strong>passibilitatem,</strong></span> <span class='ocrx_word' id='word_1_591' title='bbox 3401 3772 4017 3840; x_wconf 77' lang='lat' dir='ltr'><strong>impassibilitatemque</strong></span> 
     </span>
    </p>
   </div>
   <div class='ocr_carea' id='block_1_83' title="bbox 2427 3862 4014 3933">
    <p class='ocr_par' dir='ltr' id='par_1_83' title="bbox 2427 3862 4014 3933">
     <span class='ocr_line' id='line_1_83' title="bbox 2427 3862 4014 3933; baseline -0.001 -15"><span class='ocrx_word' id='word_1_592' title='bbox 2427 3879 2752 3927; x_wconf 74' lang='lat' dir='ltr'><strong>comrexam,</strong></span> <span class='ocrx_word' id='word_1_593' title='bbox 2788 3873 3007 3933; x_wconf 77' lang='lat' dir='ltr'><strong>pmpter</strong></span> <span class='ocrx_word' id='word_1_594' title='bbox 3056 3865 3195 3931; x_wconf 87' lang='lat' dir='ltr'><strong>quod</strong></span> <span class='ocrx_word' id='word_1_595' title='bbox 3249 3864 3303 3916; x_wconf 91' lang='lat' dir='ltr'><strong>in</strong></span> <span class='ocrx_word' id='word_1_596' title='bbox 3356 3878 3422 3917; x_wconf 91' lang='lat' dir='ltr'><strong>eo</strong></span> <span class='ocrx_word' id='word_1_597' title='bbox 3471 3862 3653 3932; x_wconf 91' lang='lat' dir='ltr'><strong>passio</strong></span> <span class='ocrx_word' id='word_1_598' title='bbox 3698 3866 4014 3917; x_wconf 85' lang='lat' dir='ltr'><strong>secundum</strong></span> 
     </span>
    </p>
   </div>
   <div class='ocr_carea' id='block_1_84' title="bbox 2427 3948 4012 4024">
    <p class='ocr_par' dir='ltr' id='par_1_84' title="bbox 2427 3948 4012 4024">
     <span class='ocr_line' id='line_1_84' title="bbox 2427 3948 4012 4024; baseline 0 -17"><span class='ocrx_word' id='word_1_599' title='bbox 2427 3954 2713 4023; x_wconf 85' lang='lat' dir='ltr'><strong>quemdam</strong></span> <span class='ocrx_word' id='word_1_600' title='bbox 2742 3964 2828 4008; x_wconf 88' lang='lat' dir='ltr'><strong>est</strong></span> <span class='ocrx_word' id='word_1_601' title='bbox 2855 3955 3094 4008; x_wconf 90' lang='lat' dir='ltr'><strong>modum.</strong></span> <span class='ocrx_word' id='word_1_602' title='bbox 3128 3952 3403 4024; x_wconf 77' lang='lat' dir='ltr'><strong>llyssopus</strong></span> <span class='ocrx_word' id='word_1_603' title='bbox 3425 3966 3606 4008; x_wconf 89' lang='lat' dir='ltr'><strong>autem</strong></span> <span class='ocrx_word' id='word_1_604' title='bbox 3637 3954 3769 4007; x_wconf 91' lang='lat' dir='ltr'><strong>boni</strong></span> <span class='ocrx_word' id='word_1_605' title='bbox 3801 3948 4012 4016; x_wconf 85' lang='lat' dir='ltr'><strong>Odoris.</strong></span> 
     </span>
    </p>
   </div>
   <div class='ocr_carea' id='block_1_85' title="bbox 2428 4044 4013 4115">
    <p class='ocr_par' dir='ltr' id='par_1_85' title="bbox 2428 4044 4013 4115">
     <span class='ocr_line' id='line_1_85' title="bbox 2428 4044 4013 4115; baseline 0.001 -18"><span class='ocrx_word' id='word_1_606' title='bbox 2428 4046 2597 4115; x_wconf 86' lang='lat' dir='ltr'><strong>gratia</strong></span> <span class='ocrx_word' id='word_1_607' title='bbox 2648 4046 2916 4114; x_wconf 81' lang='lat' dir='ltr'><strong>Spiritus,</strong></span> <span class='ocrx_word' id='word_1_608' title='bbox 2961 4046 3301 4114; x_wconf 86' lang='lat' dir='ltr'><strong>cooperatrix</strong></span> <span class='ocrx_word' id='word_1_609' title='bbox 3352 4044 3760 4100; x_wconf 88' lang='lat' dir='ltr'><strong>emundationis</strong></span> <span class='ocrx_word' id='word_1_610' title='bbox 3806 4056 4013 4099; x_wconf 70' lang='lat' dir='ltr'><strong>nostra:</strong></span> 
     </span>
    </p>
   </div>
   <div class='ocr_carea' id='block_1_86' title="bbox 2429 4134 4013 4206">
    <p class='ocr_par' dir='ltr' id='par_1_86' title="bbox 2429 4134 4013 4206">
     <span class='ocr_line' id='line_1_86' title="bbox 2429 4134 4013 4206; baseline -0.001 -17"><span class='ocrx_word' id='word_1_611' title='bbox 2429 4146 2533 4197; x_wconf 86' lang='lat' dir='ltr'><strong>est,</strong></span> <span class='ocrx_word' id='word_1_612' title='bbox 2577 4136 2718 4190; x_wconf 92' lang='lat' dir='ltr'><strong>unde</strong></span> <span class='ocrx_word' id='word_1_613' title='bbox 2752 4136 2917 4189; x_wconf 86' lang='lat' dir='ltr'><strong>David</strong></span> <span class='ocrx_word' id='word_1_614' title='bbox 2959 4153 2972 4188; x_wconf 89' lang='lat'><strong>:</strong></span> <span class='ocrx_word' id='word_1_615' title='bbox 3006 4136 3258 4206; x_wconf 72' lang='lat' dir='ltr'><strong>Aspergcs</strong></span> <span class='ocrx_word' id='word_1_616' title='bbox 3307 4152 3407 4199; x_wconf 75' lang='lat' dir='ltr'><strong>nte,</strong></span> <span class='ocrx_word' id='word_1_617' title='bbox 3450 4134 3646 4205; x_wconf 88' lang='lat' dir='ltr'><strong>inquit,</strong></span> <span class='ocrx_word' id='word_1_618' title='bbox 3681 4136 3934 4203; x_wconf 73' lang='lat' dir='ltr'><strong>hyssopo,</strong></span> <span class='ocrx_word' id='word_1_619' title='bbox 3966 4144 4013 4188; x_wconf 82' lang='lat' dir='ltr'><strong>ct</strong></span> 
     </span>
    </p>
   </div>
   <div class='ocr_carea' id='block_1_87' title="bbox 2430 4224 4016 4296">
    <p class='ocr_par' dir='ltr' id='par_1_87' title="bbox 2430 4224 4016 4296">
     <span class='ocr_line' id='line_1_87' title="bbox 2430 4224 4016 4296; baseline -0.001 -15"><span class='ocrx_word' id='word_1_620' title='bbox 2430 4227 2723 4281; x_wconf 82' lang='lat' dir='ltr'><strong>mundabor</strong></span> <span class='ocrx_word' id='word_1_621' title='bbox 2753 4228 2817 4279; x_wconf 80' lang='lat'><strong>“.</strong></span> <span class='ocrx_word' id='word_1_622' title='bbox 2862 4224 2935 4280; x_wconf 90' lang='lat' dir='ltr'><strong>De</strong></span> <span class='ocrx_word' id='word_1_623' title='bbox 2989 4226 3303 4295; x_wconf 90' lang='lat' dir='ltr'><strong>passeribus</strong></span> <span class='ocrx_word' id='word_1_624' title='bbox 3358 4242 3522 4296; x_wconf 88' lang='lat' dir='ltr'><strong>ergo,</strong></span> <span class='ocrx_word' id='word_1_625' title='bbox 3574 4241 3711 4294; x_wconf 90' lang='lat' dir='ltr'><strong>quos</strong></span> <span class='ocrx_word' id='word_1_626' title='bbox 3768 4227 4016 4280; x_wconf 72' lang='lat' dir='ltr'><strong>diximus</strong></span> 
     </span>
    </p>
   </div>
   <div class='ocr_carea' id='block_1_88' title="bbox 2430 4317 4013 4387">
    <p class='ocr_par' dir='ltr' id='par_1_88' title="bbox 2430 4317 4013 4387">
     <span class='ocr_line' id='line_1_88' title="bbox 2430 4317 4013 4387; baseline 0 -15"><span class='ocrx_word' id='word_1_627' title='bbox 2430 4334 2549 4373; x_wconf 85' lang='lat' dir='ltr'><strong>esse</strong></span> <span class='ocrx_word' id='word_1_628' title='bbox 2597 4318 2896 4383; x_wconf 84' lang='lat' dir='ltr'><strong>Christum,</strong></span> <span class='ocrx_word' id='word_1_629' title='bbox 2948 4319 3094 4372; x_wconf 89' lang='lat' dir='ltr'><strong>hunc</strong></span> <span class='ocrx_word' id='word_1_630' title='bbox 3143 4317 3400 4387; x_wconf 70' lang='lat' dir='ltr'><strong>praecepit</strong></span> <span class='ocrx_word' id='word_1_631' title='bbox 3448 4317 3739 4378; x_wconf 89' lang='lat' dir='ltr'><strong>immolari,</strong></span> <span class='ocrx_word' id='word_1_632' title='bbox 3784 4318 3867 4370; x_wconf 88' lang='lat' dir='ltr'><strong>vel</strong></span> <span class='ocrx_word' id='word_1_633' title='bbox 3918 4333 4013 4372; x_wconf 89' lang='lat' dir='ltr'><strong>oc-</strong></span> 
     </span>
    </p>
   </div>
   <div class='ocr_carea' id='block_1_89' title="bbox 2430 4407 4019 4479">
    <p class='ocr_par' dir='ltr' id='par_1_89' title="bbox 2430 4407 4019 4479">
     <span class='ocr_line' id='line_1_89' title="bbox 2430 4407 4019 4479; baseline -0.002 -15"><span class='ocrx_word' id='word_1_634' title='bbox 2430 4410 2560 4473; x_wconf 90' lang='lat' dir='ltr'><strong>cidi,</strong></span> <span class='ocrx_word' id='word_1_635' title='bbox 2597 4410 2647 4463; x_wconf 94' lang='lat' dir='ltr'><strong>id</strong></span> <span class='ocrx_word' id='word_1_636' title='bbox 2674 4418 2775 4472; x_wconf 89' lang='lat' dir='ltr'><strong>est,</strong></span> <span class='ocrx_word' id='word_1_637' title='bbox 2810 4409 2863 4463; x_wconf 91' lang='lat' dir='ltr'><strong>id</strong></span> <span class='ocrx_word' id='word_1_638' title='bbox 2893 4409 3037 4479; x_wconf 91' lang='lat' dir='ltr'><strong>quod</strong></span> <span class='ocrx_word' id='word_1_639' title='bbox 3063 4418 3182 4463; x_wconf 87' lang='lat' dir='ltr'><strong>erat</strong></span> <span class='ocrx_word' id='word_1_640' title='bbox 3227 4407 3501 4478; x_wconf 77' lang='lat' dir='ltr'><strong>possibile,</strong></span> <span class='ocrx_word' id='word_1_641' title='bbox 3531 4416 3586 4459; x_wconf 89' lang='lat' dir='ltr'><strong>et</strong></span> <span class='ocrx_word' id='word_1_642' title='bbox 3612 4408 3761 4472; x_wconf 87' lang='lat' dir='ltr'><strong>quod</strong></span> <span class='ocrx_word' id='word_1_643' title='bbox 3797 4418 4019 4477; x_wconf 80' lang='lat' dir='ltr'><strong>poterat</strong></span> 
     </span>
    </p>
   </div>
   <div class='ocr_carea' id='block_1_90' title="bbox 756 4488 4017 4573">
    <p class='ocr_par' dir='ltr' id='par_1_90' title="bbox 756 4488 4017 4573">
     <span class='ocr_line' id='line_1_90' title="bbox 756 4488 4017 4573; baseline 0.002 -31"><span class='ocrx_word' id='word_1_644' title='bbox 756 4488 899 4560; x_wconf 87' lang='lat' dir='ltr'><strong>piam</strong></span> <span class='ocrx_word' id='word_1_645' title='bbox 942 4490 1301 4559; x_wconf 87' lang='lat' dir='ltr'><strong>legislatorem</strong></span> <span class='ocrx_word' id='word_1_646' title='bbox 1353 4492 1557 4556; x_wconf 89' lang='lat' dir='ltr'><strong>dicere,</strong></span> <span class='ocrx_word' id='word_1_647' title='bbox 1602 4493 1734 4548; x_wconf 89' lang='lat' dir='ltr'><strong>illud</strong></span> <span class='ocrx_word' id='word_1_648' title='bbox 1783 4502 1835 4549; x_wconf 90' lang='lat' dir='ltr'><strong>te</strong></span> <span class='ocrx_word' id='word_1_649' title='bbox 1877 4504 2096 4564; x_wconf 90' lang='lat' dir='ltr'><strong>oportet</strong></span> <span class='ocrx_word' id='word_1_650' title='bbox 2140 4507 2328 4551; x_wconf 89' lang='lat' dir='ltr'><strong>notare</strong></span> <span class='ocrx_word' id='word_1_651' title='bbox 2359 4516 2405 4573; x_wconf 75' lang='grc' dir='ltr'><strong>ι)</strong></span> <span class='ocrx_word' id='word_1_652' title='bbox 2431 4496 2625 4556; x_wconf 85' lang='lat' dir='ltr'><strong>occidi,</strong></span> <span class='ocrx_word' id='word_1_653' title='bbox 2661 4504 2718 4549; x_wconf 92' lang='lat' dir='ltr'><strong>et</strong></span> <span class='ocrx_word' id='word_1_654' title='bbox 2762 4496 2935 4550; x_wconf 83' lang='lat' dir='ltr'><strong>occidi</strong></span> <span class='ocrx_word' id='word_1_655' title='bbox 2980 4496 3033 4549; x_wconf 92' lang='lat' dir='ltr'><strong>in</strong></span> <span class='ocrx_word' id='word_1_656' title='bbox 3078 4510 3208 4550; x_wconf 88' lang='lat' dir='ltr'><strong>vase</strong></span> <span class='ocrx_word' id='word_1_657' title='bbox 3252 4494 3427 4560; x_wconf 83' lang='lat' dir='ltr'><strong>ﬁctili,</strong></span> <span class='ocrx_word' id='word_1_658' title='bbox 3459 4510 3621 4563; x_wconf 89' lang='lat' dir='ltr'><strong>super</strong></span> <span class='ocrx_word' id='word_1_659' title='bbox 3660 4495 3923 4549; x_wconf 84' lang='lat' dir='ltr'><strong>viventes</strong></span> <span class='ocrx_word' id='word_1_660' title='bbox 3962 4498 4017 4552; x_wconf 83' lang='lat' dir='ltr'><strong>in</strong></span> 
     </span>
    </p>
   </div>
   <div class='ocr_carea' id='block_1_91' title="bbox 756 4582 2325 4653">
    <p class='ocr_par' dir='ltr' id='par_1_91' title="bbox 756 4582 2325 4653">
     <span class='ocr_line' id='line_1_91' title="bbox 756 4582 2325 4653; baseline 0.002 -19"><span class='ocrx_word' id='word_1_661' title='bbox 756 4596 868 4651; x_wconf 69' lang='lat' dir='ltr'><strong>pra:</strong></span> <span class='ocrx_word' id='word_1_662' title='bbox 912 4582 1185 4647; x_wconf 90' lang='lat' dir='ltr'><strong>omnibus,</strong></span> <span class='ocrx_word' id='word_1_663' title='bbox 1222 4582 1347 4650; x_wconf 86' lang='lat' dir='ltr'><strong>quia</strong></span> <span class='ocrx_word' id='word_1_664' title='bbox 1388 4599 1538 4637; x_wconf 84' lang='lat' dir='ltr'><strong>nunc</strong></span> <span class='ocrx_word' id='word_1_665' title='bbox 1583 4584 1802 4653; x_wconf 88' lang='lat' dir='ltr'><strong>quando</strong></span> <span class='ocrx_word' id='word_1_666' title='bbox 1849 4584 1918 4639; x_wconf 92' lang='lat' dir='ltr'><strong>de</strong></span> <span class='ocrx_word' id='word_1_667' title='bbox 1957 4585 2325 4639; x_wconf 85' lang='lat' dir='ltr'><strong>mundationi-</strong></span> 
     </span>
    </p>
   </div>
   <div class='ocr_carea' id='block_1_92' title="bbox 756 4672 2326 4744">
    <p class='ocr_par' dir='ltr' id='par_1_92' title="bbox 756 4672 2326 4744">
     <span class='ocr_line' id='line_1_92' title="bbox 756 4672 2326 4744; baseline -0.001 -13"><span class='ocrx_word' id='word_1_668' title='bbox 756 4676 861 4731; x_wconf 89' lang='lat' dir='ltr'><strong>bus</strong></span> <span class='ocrx_word' id='word_1_669' title='bbox 892 4674 1087 4734; x_wconf 89' lang='lat' dir='ltr'><strong>sancit,</strong></span> <span class='ocrx_word' id='word_1_670' title='bbox 1116 4674 1213 4727; x_wconf 89' lang='lat' dir='ltr'><strong>soli</strong></span> <span class='ocrx_word' id='word_1_671' title='bbox 1247 4672 1435 4744; x_wconf 87' lang='lat' dir='ltr'><strong>Moysi,</strong></span> <span class='ocrx_word' id='word_1_672' title='bbox 1470 4691 1580 4728; x_wconf 91' lang='lat' dir='ltr'><strong>non</strong></span> <span class='ocrx_word' id='word_1_673' title='bbox 1626 4674 1789 4728; x_wconf 90' lang='lat' dir='ltr'><strong>etiam</strong></span> <span class='ocrx_word' id='word_1_674' title='bbox 1828 4675 2007 4727; x_wconf 83' lang='lat' dir='ltr'><strong>Aaron</strong></span> <span class='ocrx_word' id='word_1_675' title='bbox 2049 4675 2191 4729; x_wconf 89' lang='lat' dir='ltr'><strong>sicut</strong></span> <span class='ocrx_word' id='word_1_676' title='bbox 2232 4690 2326 4730; x_wconf 88' lang='lat' dir='ltr'><strong>su-</strong></span> 
     </span>
    </p>
   </div>
   <div class='ocr_carea' id='block_1_93' title="bbox 755 4766 2325 4837">
    <p class='ocr_par' dir='ltr' id='par_1_93' title="bbox 755 4766 2325 4837">
     <span class='ocr_line' id='line_1_93' title="bbox 755 4766 2325 4837; baseline 0.001 -17"><span class='ocrx_word' id='word_1_677' title='bbox 755 4766 969 4836; x_wconf 89' lang='lat' dir='ltr'><strong>perius,</strong></span> <span class='ocrx_word' id='word_1_678' title='bbox 1017 4767 1253 4833; x_wconf 91' lang='lat' dir='ltr'><strong>loquitur</strong></span> <span class='ocrx_word' id='word_1_679' title='bbox 1293 4767 1454 4835; x_wconf 87' lang='lat' dir='ltr'><strong>:quia</strong></span> <span class='ocrx_word' id='word_1_680' title='bbox 1486 4767 1695 4837; x_wconf 78' lang='lat' dir='ltr'><strong>Moyses</strong></span> <span class='ocrx_word' id='word_1_681' title='bbox 1732 4767 2003 4837; x_wconf 66' lang='lat' dir='ltr'><strong>praecipue</strong></span> <span class='ocrx_word' id='word_1_682' title='bbox 2038 4768 2325 4837; x_wconf 87' lang='lat' dir='ltr'><strong>imaginem</strong></span> 
     </span>
    </p>
   </div>
   <div class='ocr_carea' id='block_1_94' title="bbox 755 4857 2329 4928">
    <p class='ocr_par' dir='ltr' id='par_1_94' title="bbox 755 4857 2329 4928">
     <span class='ocr_line' id='line_1_94' title="bbox 755 4857 2329 4928; baseline 0.003 -20"><span class='ocrx_word' id='word_1_683' title='bbox 755 4857 984 4917; x_wconf 82' lang='lat' dir='ltr'><strong>Christi,</strong></span> <span class='ocrx_word' id='word_1_684' title='bbox 1013 4857 1311 4911; x_wconf 87' lang='lat' dir='ltr'><strong>secundum</strong></span> <span class='ocrx_word' id='word_1_685' title='bbox 1344 4857 1543 4917; x_wconf 87' lang='lat' dir='ltr'><strong>multos</strong></span> <span class='ocrx_word' id='word_1_686' title='bbox 1569 4858 1661 4926; x_wconf 89' lang='lat' dir='ltr'><strong>qui</strong></span> <span class='ocrx_word' id='word_1_687' title='bbox 1691 4858 1821 4912; x_wconf 85' lang='lat' dir='ltr'><strong>dicti</strong></span> <span class='ocrx_word' id='word_1_688' title='bbox 1853 4866 1999 4922; x_wconf 85' lang='lat' dir='ltr'><strong>sunt,</strong></span> <span class='ocrx_word' id='word_1_689' title='bbox 2037 4859 2175 4928; x_wconf 90' lang='lat' dir='ltr'><strong>gerit</strong></span> <span class='ocrx_word' id='word_1_690' title='bbox 2207 4874 2329 4912; x_wconf 86' lang='lat' dir='ltr'><strong>mo-</strong></span> 
     </span>
    </p>
   </div>
   <div class='ocr_carea' id='block_1_95' title="bbox 756 4946 2331 5018">
    <p class='ocr_par' dir='ltr' id='par_1_95' title="bbox 756 4946 2331 5018">
     <span class='ocr_line' id='line_1_95' title="bbox 756 4946 2331 5018; baseline 0.001 -17"><span class='ocrx_word' id='word_1_691' title='bbox 756 4950 875 5002; x_wconf 88' lang='lat' dir='ltr'><strong>dos.</strong></span> <span class='ocrx_word' id='word_1_692' title='bbox 913 4947 1023 5001; x_wconf 89' lang='lat' dir='ltr'><strong>Soli</strong></span> <span class='ocrx_word' id='word_1_693' title='bbox 1057 4959 1238 5001; x_wconf 86' lang='lat' dir='ltr'><strong>autem</strong></span> <span class='ocrx_word' id='word_1_694' title='bbox 1267 4946 1486 5007; x_wconf 76' lang='lat' dir='ltr'><strong>Christo</strong></span> <span class='ocrx_word' id='word_1_695' title='bbox 1526 4947 1831 5001; x_wconf 86' lang='lat' dir='ltr'><strong>communis</strong></span> <span class='ocrx_word' id='word_1_696' title='bbox 1874 4948 2036 5015; x_wconf 66' lang='lat' dir='ltr'><strong>leprze</strong></span> <span class='ocrx_word' id='word_1_697' title='bbox 2069 4952 2331 5018; x_wconf 87' lang='lat' dir='ltr'><strong>competit</strong></span> 
     </span>
    </p>
   </div>
   <div class='ocr_carea' id='block_1_96' title="bbox 754 5040 2328 5109">
    <p class='ocr_par' dir='ltr' id='par_1_96' title="bbox 754 5040 2328 5109">
     <span class='ocr_line' id='line_1_96' title="bbox 754 5040 2328 5109; baseline 0 -16"><span class='ocrx_word' id='word_1_698' title='bbox 754 5040 1089 5095; x_wconf 77' lang='lat' dir='ltr'><strong>emundatio.</strong></span> <span class='ocrx_word' id='word_1_699' title='bbox 1124 5040 1350 5109; x_wconf 86' lang='lat' dir='ltr'><strong>Propter</strong></span> <span class='ocrx_word' id='word_1_700' title='bbox 1375 5040 1519 5109; x_wconf 89' lang='lat' dir='ltr'><strong>quod</strong></span> <span class='ocrx_word' id='word_1_701' title='bbox 1550 5056 1652 5093; x_wconf 90' lang='lat' dir='ltr'><strong>nec</strong></span> <span class='ocrx_word' id='word_1_702' title='bbox 1678 5041 1745 5094; x_wconf 87' lang='lat' dir='ltr'><strong>de</strong></span> <span class='ocrx_word' id='word_1_703' title='bbox 1776 5040 1923 5108; x_wconf 90' lang='lat' dir='ltr'><strong>lepra</strong></span> <span class='ocrx_word' id='word_1_704' title='bbox 1964 5040 2125 5094; x_wconf 90' lang='lat' dir='ltr'><strong>unius</strong></span> <span class='ocrx_word' id='word_1_705' title='bbox 2161 5041 2328 5103; x_wconf 90' lang='lat' dir='ltr'><strong>modi,</strong></span> 
     </span>
    </p>
   </div>
   <div class='ocr_carea' id='block_1_97' title="bbox 756 5131 2332 5202">
    <p class='ocr_par' dir='ltr' id='par_1_97' title="bbox 756 5131 2332 5202">
     <span class='ocr_line' id='line_1_97' title="bbox 756 5131 2332 5202; baseline 0.001 -17"><span class='ocrx_word' id='word_1_706' title='bbox 756 5147 879 5201; x_wconf 64' lang='lat' dir='ltr'><strong>quae</strong></span> <span class='ocrx_word' id='word_1_707' title='bbox 907 5132 966 5186; x_wconf 84' lang='lat' dir='ltr'><strong>ﬁt</strong></span> <span class='ocrx_word' id='word_1_708' title='bbox 996 5132 1048 5185; x_wconf 92' lang='lat' dir='ltr'><strong>in</strong></span> <span class='ocrx_word' id='word_1_709' title='bbox 1081 5133 1326 5199; x_wconf 87' lang='lat' dir='ltr'><strong>vulnere,</strong></span> <span class='ocrx_word' id='word_1_710' title='bbox 1354 5133 1504 5186; x_wconf 81' lang='lat' dir='ltr'><strong>verbi</strong></span> <span class='ocrx_word' id='word_1_711' title='bbox 1534 5131 1727 5202; x_wconf 90' lang='lat' dir='ltr'><strong>gratia,</strong></span> <span class='ocrx_word' id='word_1_712' title='bbox 1757 5142 1851 5186; x_wconf 90' lang='lat' dir='ltr'><strong>aut</strong></span> <span class='ocrx_word' id='word_1_713' title='bbox 1889 5133 1942 5186; x_wconf 93' lang='lat' dir='ltr'><strong>in</strong></span> <span class='ocrx_word' id='word_1_714' title='bbox 1975 5133 2209 5198; x_wconf 88' lang='lat' dir='ltr'><strong>ustione,</strong></span> <span class='ocrx_word' id='word_1_715' title='bbox 2238 5143 2332 5187; x_wconf 88' lang='lat' dir='ltr'><strong>aut</strong></span> 
     </span>
    </p>
   </div>
   <div class='ocr_carea' id='block_1_98' title="bbox 757 5221 1498 5290">
    <p class='ocr_par' dir='ltr' id='par_1_98' title="bbox 757 5221 1498 5290">
     <span class='ocr_line' id='line_1_98' title="bbox 757 5221 1498 5290; baseline 0 -17"><span class='ocrx_word' id='word_1_716' title='bbox 757 5224 934 5283; x_wconf 77' lang='lat' dir='ltr'><strong>aliter,</strong></span> <span class='ocrx_word' id='word_1_717' title='bbox 969 5221 1226 5290; x_wconf 89' lang='lat' dir='ltr'><strong>loquitur,</strong></span> <span class='ocrx_word' id='word_1_718' title='bbox 1257 5221 1351 5275; x_wconf 87' lang='lat' dir='ltr'><strong>sed</strong></span> <span class='ocrx_word' id='word_1_719' title='bbox 1384 5221 1498 5275; x_wconf 82' lang='lat' dir='ltr'><strong>ait:</strong></span> 
     </span>
    </p>
   </div>
   <div class='ocr_carea' id='block_1_99' title="bbox 831 5310 2325 5384">
    <p class='ocr_par' dir='ltr' id='par_1_99' title="bbox 831 5310 2325 5384">
     <span class='ocr_line' id='line_1_99' title="bbox 831 5310 2325 5384; baseline 0 -17"><span class='ocrx_word' id='word_1_720' title='bbox 831 5313 927 5367; x_wconf 77' lang='lat' dir='ltr'><strong>llic</strong></span> <span class='ocrx_word' id='word_1_721' title='bbox 978 5323 1052 5366; x_wconf 77' lang='lat' dir='ltr'><strong>est</strong></span> <span class='ocrx_word' id='word_1_722' title='bbox 1101 5314 1233 5366; x_wconf 83' lang='lat' dir='ltr'><strong>ritus</strong></span> <span class='ocrx_word' id='word_1_723' title='bbox 1284 5313 1491 5381; x_wconf 75' lang='lat' dir='ltr'><strong>leprosi.</strong></span> <span class='ocrx_word' id='word_1_724' title='bbox 1532 5310 1636 5366; x_wconf 85' lang='lat' dir='ltr'><strong>Per</strong></span> <span class='ocrx_word' id='word_1_725' title='bbox 1688 5313 1791 5367; x_wconf 87' lang='lat' dir='ltr'><strong>hoc</strong></span> <span class='ocrx_word' id='word_1_726' title='bbox 1828 5329 2045 5367; x_wconf 89' lang='lat' dir='ltr'><strong>onmem</strong></span> <span class='ocrx_word' id='word_1_727' title='bbox 2090 5316 2325 5384; x_wconf 85' lang='lat' dir='ltr'><strong>speciem</strong></span> 
     </span>
    </p>
   </div>
   <div class='ocr_carea' id='block_1_100' title="bbox 758 5387 2327 5475">
    <p class='ocr_par' dir='ltr' id='par_1_100' title="bbox 758 5387 2327 5475">
     <span class='ocr_line' id='line_1_100' title="bbox 758 5387 2327 5475; baseline -0.001 -16"><span class='ocrx_word' id='word_1_728' title='bbox 758 5407 923 5475; x_wconf 63' lang='lat' dir='ltr'><strong>lepra</strong></span> <span class='ocrx_word' id='word_1_729' title='bbox 975 5404 1261 5475; x_wconf 88' lang='lat' dir='ltr'><strong>complecti</strong></span> <span class='ocrx_word' id='word_1_730' title='bbox 1311 5406 1530 5469; x_wconf 90' lang='lat' dir='ltr'><strong>volens,</strong></span> <span class='ocrx_word' id='word_1_731' title='bbox 1583 5405 1709 5474; x_wconf 87' lang='lat' dir='ltr'><strong>quia</strong></span> <span class='ocrx_word' id='word_1_732' title='bbox 1767 5415 1822 5459; x_wconf 93' lang='lat' dir='ltr'><strong>et</strong></span> <span class='ocrx_word' id='word_1_733' title='bbox 1870 5387 2120 5461; x_wconf 78' lang='lat' dir='ltr'><strong>Christus</strong></span> <span class='ocrx_word' id='word_1_734' title='bbox 2167 5422 2327 5459; x_wconf 90' lang='lat' dir='ltr'><strong>omne</strong></span> 
     </span>
    </p>
   </div>
   <div class='ocr_carea' id='block_1_101' title="bbox 755 5498 2325 5568">
    <p class='ocr_par' dir='ltr' id='par_1_101' title="bbox 755 5498 2325 5568">
     <span class='ocr_line' id='line_1_101' title="bbox 755 5498 2325 5568; baseline 0 -17"><span class='ocrx_word' id='word_1_735' title='bbox 755 5514 929 5567; x_wconf 85' lang='lat' dir='ltr'><strong>genus</strong></span> <span class='ocrx_word' id='word_1_736' title='bbox 969 5507 1315 5568; x_wconf 82' lang='lat' dir='ltr'><strong>peccatorum</strong></span> <span class='ocrx_word' id='word_1_737' title='bbox 1353 5498 1653 5553; x_wconf 85' lang='lat' dir='ltr'><strong>mundavit.</strong></span> <span class='ocrx_word' id='word_1_738' title='bbox 1688 5499 1829 5568; x_wconf 82' lang='lat' dir='ltr'><strong>Ergo</strong></span> <span class='ocrx_word' id='word_1_739' title='bbox 1862 5506 1918 5552; x_wconf 89' lang='lat' dir='ltr'><strong>et</strong></span> <span class='ocrx_word' id='word_1_740' title='bbox 1954 5499 2118 5553; x_wconf 86' lang='lat' dir='ltr'><strong>nimis</strong></span> <span class='ocrx_word' id='word_1_741' title='bbox 2154 5498 2325 5551; x_wconf 74' lang='lat' dir='ltr'><strong>simil-</strong></span> 
     </span>
    </p>
   </div>
   <div class='ocr_carea' id='block_1_102' title="bbox 757 5590 2328 5661">
    <p class='ocr_par' dir='ltr' id='par_1_102' title="bbox 757 5590 2328 5661">
     <span class='ocr_line' id='line_1_102' title="bbox 757 5590 2328 5661; baseline 0.001 -18"><span class='ocrx_word' id='word_1_742' title='bbox 757 5591 882 5644; x_wconf 82' lang='lat' dir='ltr'><strong>lima</strong></span> <span class='ocrx_word' id='word_1_743' title='bbox 924 5601 1008 5644; x_wconf 83' lang='lat' dir='ltr'><strong>est</strong></span> <span class='ocrx_word' id='word_1_744' title='bbox 1056 5591 1313 5661; x_wconf 81' lang='lat' dir='ltr'><strong>mysterio</strong></span> <span class='ocrx_word' id='word_1_745' title='bbox 1355 5592 1474 5661; x_wconf 77' lang='lat' dir='ltr'><strong>ejus</strong></span> <span class='ocrx_word' id='word_1_746' title='bbox 1522 5606 1759 5661; x_wconf 66' lang='lat' dir='ltr'><strong>praesens</strong></span> <span class='ocrx_word' id='word_1_747' title='bbox 1801 5590 2047 5653; x_wconf 84' lang='lat' dir='ltr'><strong>materia,</strong></span> <span class='ocrx_word' id='word_1_748' title='bbox 2080 5590 2221 5659; x_wconf 90' lang='lat' dir='ltr'><strong>quod</strong></span> <span class='ocrx_word' id='word_1_749' title='bbox 2264 5607 2328 5644; x_wconf 79' lang='lat' dir='ltr'><strong>ex</strong></span> 
     </span>
    </p>
   </div>
   <div class='ocr_carea' id='block_1_103' title="bbox 831 5790 1250 5856">
    <p class='ocr_par' dir='ltr' id='par_1_103' title="bbox 831 5790 1250 5856">
     <span class='ocr_line' id='line_1_103' title="bbox 831 5790 1250 5856; baseline -0.007 -10"><span class='ocrx_word' id='word_1_750' title='bbox 831 5790 874 5821; x_wconf 83' lang='grc'><strong>⁸³</strong></span> <span class='ocrx_word' id='word_1_751' title='bbox 903 5790 1059 5845; x_wconf 83' lang='lat' dir='ltr'><strong>.loan.</strong></span> <span class='ocrx_word' id='word_1_752' title='bbox 1093 5807 1167 5856; x_wconf 77' lang='lat' dir='ltr'><strong>xi,</strong></span> <span class='ocrx_word' id='word_1_753' title='bbox 1199 5791 1250 5843; x_wconf 65' lang='grc'><strong>4.</strong></span> 
     </span>
    </p>
   </div>
   <div class='ocr_carea' id='block_1_104' title="bbox 1335 5790 2205 5855">
    <p class='ocr_par' dir='ltr' id='par_1_104' title="bbox 1335 5790 2205 5855">
     <span class='ocr_line' id='line_1_104' title="bbox 1335 5790 2205 5855; baseline -0.005 -10"><span class='ocrx_word' id='word_1_754' title='bbox 1335 5790 1377 5821; x_wconf 56' lang='grc'><strong>³⁸</strong></span> <span class='ocrx_word' id='word_1_755' title='bbox 1406 5790 1541 5845; x_wconf 83' lang='lat' dir='ltr'><strong>Psal.</strong></span> <span class='ocrx_word' id='word_1_756' title='bbox 1579 5807 1627 5853; x_wconf 74' lang='grc' dir='ltr'><strong>ι,</strong></span> <span class='ocrx_word' id='word_1_757' title='bbox 1661 5792 1714 5846; x_wconf 87' lang='lat'><strong>9.</strong></span> <span class='ocrx_word' id='word_1_758' title='bbox 1794 5791 1834 5821; x_wconf 78' lang='grc'><strong>³⁷</strong></span> <span class='ocrx_word' id='word_1_759' title='bbox 1857 5790 2014 5844; x_wconf 76' lang='lat' dir='ltr'><strong>Rom.</strong></span> <span class='ocrx_word' id='word_1_760' title='bbox 2048 5805 2121 5855; x_wconf 87' lang='lat' dir='ltr'><strong>vt,</strong></span> <span class='ocrx_word' id='word_1_761' title='bbox 2153 5790 2205 5842; x_wconf 78' lang='grc'><strong>5.</strong></span> 
     </span>
    </p>
   </div>
   <div class='ocr_carea' id='block_1_105' title="bbox 2432 4584 4015 4655">
    <p class='ocr_par' dir='ltr' id='par_1_105' title="bbox 2432 4584 4015 4655">
     <span class='ocr_line' id='line_1_105' title="bbox 2432 4584 4015 4655; baseline 0 -16"><span class='ocrx_word' id='word_1_762' title='bbox 2432 4586 2610 4647; x_wconf 87' lang='lat' dir='ltr'><strong>nobis.</strong></span> <span class='ocrx_word' id='word_1_763' title='bbox 2647 4586 2701 4641; x_wconf 90' lang='lat' dir='ltr'><strong>id</strong></span> <span class='ocrx_word' id='word_1_764' title='bbox 2730 4595 2808 4641; x_wconf 86' lang='lat' dir='ltr'><strong>est</strong></span> <span class='ocrx_word' id='word_1_765' title='bbox 2847 4602 2945 4655; x_wconf 89' lang='lat' dir='ltr'><strong>pro</strong></span> <span class='ocrx_word' id='word_1_766' title='bbox 2978 4585 3156 4649; x_wconf 91' lang='lat' dir='ltr'><strong>nobis,</strong></span> <span class='ocrx_word' id='word_1_767' title='bbox 3183 4584 3445 4653; x_wconf 87' lang='lat' dir='ltr'><strong>siquidem</strong></span> <span class='ocrx_word' id='word_1_768' title='bbox 3477 4599 3667 4637; x_wconf 89' lang='lat' dir='ltr'><strong>sumus</strong></span> <span class='ocrx_word' id='word_1_769' title='bbox 3696 4599 3797 4637; x_wconf 81' lang='lat' dir='ltr'><strong>vas</strong></span> <span class='ocrx_word' id='word_1_770' title='bbox 3822 4584 4015 4649; x_wconf 78' lang='lat' dir='ltr'><strong>ﬁctile,</strong></span> 
     </span>
    </p>
   </div>
   <div class='ocr_carea' id='block_1_106' title="bbox 2432 4674 4020 4745">
    <p class='ocr_par' dir='ltr' id='par_1_106' title="bbox 2432 4674 4020 4745">
     <span class='ocr_line' id='line_1_106' title="bbox 2432 4674 4020 4745; baseline -0.003 -12"><span class='ocrx_word' id='word_1_771' title='bbox 2432 4679 2499 4733; x_wconf 89' lang='lat' dir='ltr'><strong>de</strong></span> <span class='ocrx_word' id='word_1_772' title='bbox 2546 4679 2658 4731; x_wconf 91' lang='lat' dir='ltr'><strong>luto</strong></span> <span class='ocrx_word' id='word_1_773' title='bbox 2694 4678 2947 4732; x_wconf 88' lang='lat' dir='ltr'><strong>videlicet</strong></span> <span class='ocrx_word' id='word_1_774' title='bbox 2995 4676 3143 4731; x_wconf 80' lang='lat' dir='ltr'><strong>lacti.</strong></span> <span class='ocrx_word' id='word_1_775' title='bbox 3178 4674 3502 4745; x_wconf 90' lang='lat' dir='ltr'><strong>Unigenitus</strong></span> <span class='ocrx_word' id='word_1_776' title='bbox 3543 4674 3853 4728; x_wconf 84' lang='lat' dir='ltr'><strong>secundum</strong></span> <span class='ocrx_word' id='word_1_777' title='bbox 3890 4691 4020 4729; x_wconf 82' lang='lat' dir='ltr'><strong>ear-</strong></span> 
     </span>
    </p>
   </div>
   <div class='ocr_carea' id='block_1_107' title="bbox 2434 4766 4021 4837">
    <p class='ocr_par' dir='ltr' id='par_1_107' title="bbox 2434 4766 4021 4837">
     <span class='ocr_line' id='line_1_107' title="bbox 2434 4766 4021 4837; baseline -0.001 -15"><span class='ocrx_word' id='word_1_778' title='bbox 2434 4785 2559 4822; x_wconf 87' lang='lat' dir='ltr'><strong>nem</strong></span> <span class='ocrx_word' id='word_1_779' title='bbox 2603 4769 2869 4823; x_wconf 87' lang='lat' dir='ltr'><strong>occiditur</strong></span> <span class='ocrx_word' id='word_1_780' title='bbox 2908 4782 3072 4837; x_wconf 89' lang='lat' dir='ltr'><strong>super</strong></span> <span class='ocrx_word' id='word_1_781' title='bbox 3102 4781 3269 4836; x_wconf 88' lang='lat' dir='ltr'><strong>aquas</strong></span> <span class='ocrx_word' id='word_1_782' title='bbox 3296 4766 3467 4827; x_wconf 88' lang='lat' dir='ltr'><strong>vivas,</strong></span> <span class='ocrx_word' id='word_1_783' title='bbox 3502 4766 3553 4819; x_wconf 90' lang='lat' dir='ltr'><strong>id</strong></span> <span class='ocrx_word' id='word_1_784' title='bbox 3585 4774 3670 4819; x_wconf 89' lang='lat' dir='ltr'><strong>est</strong></span> <span class='ocrx_word' id='word_1_785' title='bbox 3709 4766 4021 4835; x_wconf 82' lang='lat' dir='ltr'><strong>baptisma-</strong></span> 
     </span>
    </p>
   </div>
   <div class='ocr_carea' id='block_1_108' title="bbox 2436 4857 4021 4928">
    <p class='ocr_par' dir='ltr' id='par_1_108' title="bbox 2436 4857 4021 4928">
     <span class='ocr_line' id='line_1_108' title="bbox 2436 4857 4021 4928; baseline -0.004 -12"><span class='ocrx_word' id='word_1_786' title='bbox 2436 4864 2524 4916; x_wconf 89' lang='lat' dir='ltr'><strong>tis.</strong></span> <span class='ocrx_word' id='word_1_787' title='bbox 2568 4860 2708 4915; x_wconf 84' lang='lat' dir='ltr'><strong>Mors</strong></span> <span class='ocrx_word' id='word_1_788' title='bbox 2757 4861 2876 4928; x_wconf 85' lang='lat' dir='ltr'><strong>ejus</strong></span> <span class='ocrx_word' id='word_1_789' title='bbox 2926 4860 3127 4928; x_wconf 90' lang='lat' dir='ltr'><strong>quippe</strong></span> <span class='ocrx_word' id='word_1_790' title='bbox 3173 4866 3418 4913; x_wconf 88' lang='lat' dir='ltr'><strong>nostrum</strong></span> <span class='ocrx_word' id='word_1_791' title='bbox 3467 4857 3663 4928; x_wconf 82' lang='lat' dir='ltr'><strong>ﬁgurat</strong></span> <span class='ocrx_word' id='word_1_792' title='bbox 3712 4857 4021 4925; x_wconf 81' lang='lat' dir='ltr'><strong>baptisma,</strong></span> 
     </span>
    </p>
   </div>
   <div class='ocr_carea' id='block_1_109' title="bbox 2430 4947 4022 5021">
    <p class='ocr_par' dir='ltr' id='par_1_109' title="bbox 2430 4947 4022 5021">
     <span class='ocr_line' id='line_1_109' title="bbox 2430 4947 4022 5021; baseline -0.003 -16"><span class='ocrx_word' id='word_1_793' title='bbox 2430 4954 2571 5021; x_wconf 88' lang='lat' dir='ltr'><strong>quod</strong></span> <span class='ocrx_word' id='word_1_794' title='bbox 2600 4952 2838 5006; x_wconf 87' lang='lat' dir='ltr'><strong>ostendit</strong></span> <span class='ocrx_word' id='word_1_795' title='bbox 2868 4950 3097 5014; x_wconf 89' lang='lat' dir='ltr'><strong>Paulus,</strong></span> <span class='ocrx_word' id='word_1_796' title='bbox 3122 4950 3312 5005; x_wconf 77' lang='lat' dir='ltr'><strong>dicens</strong></span> <span class='ocrx_word' id='word_1_797' title='bbox 3341 4967 3355 5003; x_wconf 91' lang='lat'><strong>:</strong></span> <span class='ocrx_word' id='word_1_798' title='bbox 3392 4947 3698 5017; x_wconf 79' lang='lat' dir='ltr'><strong>Quicunque</strong></span> <span class='ocrx_word' id='word_1_799' title='bbox 3720 4948 3779 5000; x_wconf 83' lang='lat' dir='ltr'><strong>in</strong></span> <span class='ocrx_word' id='word_1_800' title='bbox 3807 4948 4022 5003; x_wconf 65' lang='lat' dir='ltr'><strong>Christo</strong></span> 
     </span>
    </p>
   </div>
   <div class='ocr_carea' id='block_1_110' title="bbox 2431 5040 4023 5113">
    <p class='ocr_par' dir='ltr' id='par_1_110' title="bbox 2431 5040 4023 5113">
     <span class='ocr_line' id='line_1_110' title="bbox 2431 5040 4023 5113; baseline -0.004 -16"><span class='ocrx_word' id='word_1_801' title='bbox 2431 5045 2683 5113; x_wconf 68' lang='lat' dir='ltr'><strong>baptismi</strong></span> <span class='ocrx_word' id='word_1_802' title='bbox 2725 5060 2923 5105; x_wconf 70' lang='lat' dir='ltr'><strong>runtur,</strong></span> <span class='ocrx_word' id='word_1_803' title='bbox 2956 5043 3016 5094; x_wconf 84' lang='lat' dir='ltr'><strong>in</strong></span> <span class='ocrx_word' id='word_1_804' title='bbox 3055 5050 3222 5095; x_wconf 81' lang='lat' dir='ltr'><strong>morte</strong></span> <span class='ocrx_word' id='word_1_805' title='bbox 3262 5041 3378 5109; x_wconf 74' lang='lat' dir='ltr'><strong>ejus</strong></span> <span class='ocrx_word' id='word_1_806' title='bbox 3423 5040 3679 5107; x_wconf 82' lang='lat' dir='ltr'><strong>baptizati</strong></span> <span class='ocrx_word' id='word_1_807' title='bbox 3723 5054 3919 5093; x_wconf 59' lang='lat' dir='ltr'><strong>mmo:</strong></span> <span class='ocrx_word' id='word_1_808' title='bbox 3957 5041 4023 5091; x_wconf 77' lang='grc'><strong>³⁷.</strong></span> 
     </span>
    </p>
   </div>
   <div class='ocr_carea' id='block_1_111' title="bbox 2432 5129 4026 5203">
    <p class='ocr_par' dir='ltr' id='par_1_111' title="bbox 2432 5129 4026 5203">
     <span class='ocr_line' id='line_1_111' title="bbox 2432 5129 4026 5203; baseline -0.003 -15"><span class='ocrx_word' id='word_1_809' title='bbox 2432 5136 2490 5188; x_wconf 92' lang='lat' dir='ltr'><strong>In</strong></span> <span class='ocrx_word' id='word_1_810' title='bbox 2524 5136 2625 5188; x_wconf 85' lang='lat' dir='ltr'><strong>hoc</strong></span> <span class='ocrx_word' id='word_1_811' title='bbox 2650 5134 2837 5187; x_wconf 75' lang='lat' dir='ltr'><strong>vivens</strong></span> <span class='ocrx_word' id='word_1_812' title='bbox 2861 5148 3071 5203; x_wconf 90' lang='lat' dir='ltr'><strong>passer,</strong></span> <span class='ocrx_word' id='word_1_813' title='bbox 3099 5142 3154 5187; x_wconf 93' lang='lat' dir='ltr'><strong>et</strong></span> <span class='ocrx_word' id='word_1_814' title='bbox 3183 5132 3388 5200; x_wconf 88' lang='lat' dir='ltr'><strong>lignum</strong></span> <span class='ocrx_word' id='word_1_815' title='bbox 3414 5129 3720 5193; x_wconf 88' lang='lat' dir='ltr'><strong>cedriuum,</strong></span> <span class='ocrx_word' id='word_1_816' title='bbox 3744 5140 3804 5183; x_wconf 89' lang='lat' dir='ltr'><strong>et</strong></span> <span class='ocrx_word' id='word_1_817' title='bbox 3836 5131 4026 5184; x_wconf 80' lang='lat' dir='ltr'><strong>cocci—</strong></span> 
     </span>
    </p>
   </div>
   <div class='ocr_carea' id='block_1_112' title="bbox 2436 5219 4027 5295">
    <p class='ocr_par' dir='ltr' id='par_1_112' title="bbox 2436 5219 4027 5295">
     <span class='ocr_line' id='line_1_112' title="bbox 2436 5219 4027 5295; baseline -0.002 -18"><span class='ocrx_word' id='word_1_818' title='bbox 2436 5243 2563 5279; x_wconf 90' lang='lat' dir='ltr'><strong>num</strong></span> <span class='ocrx_word' id='word_1_819' title='bbox 2594 5236 2818 5288; x_wconf 89' lang='lat' dir='ltr'><strong>tortum,</strong></span> <span class='ocrx_word' id='word_1_820' title='bbox 2837 5235 2893 5279; x_wconf 91' lang='lat' dir='ltr'><strong>et</strong></span> <span class='ocrx_word' id='word_1_821' title='bbox 2924 5225 3189 5295; x_wconf 77' lang='lat' dir='ltr'><strong>hyssopus</strong></span> <span class='ocrx_word' id='word_1_822' title='bbox 3220 5222 3478 5292; x_wconf 89' lang='lat' dir='ltr'><strong>tingitur:</strong></span> <span class='ocrx_word' id='word_1_823' title='bbox 3507 5219 3689 5275; x_wconf 87' lang='lat' dir='ltr'><strong>omnia</strong></span> <span class='ocrx_word' id='word_1_824' title='bbox 3714 5221 3870 5274; x_wconf 90' lang='lat' dir='ltr'><strong>enim</strong></span> <span class='ocrx_word' id='word_1_825' title='bbox 3904 5221 4027 5274; x_wconf 66' lang='lat' dir='ltr'><strong>haec</strong></span> 
     </span>
    </p>
   </div>
   <div class='ocr_carea' id='block_1_113' title="bbox 2439 5310 4030 5387">
    <p class='ocr_par' dir='ltr' id='par_1_113' title="bbox 2439 5310 4030 5387">
     <span class='ocr_line' id='line_1_113' title="bbox 2439 5310 4030 5387; baseline -0.003 -18"><span class='ocrx_word' id='word_1_826' title='bbox 2439 5316 2978 5387; x_wconf 74' lang='lat' dir='ltr'><strong>comprehenduntur</strong></span> <span class='ocrx_word' id='word_1_827' title='bbox 3005 5316 3059 5369; x_wconf 91' lang='lat' dir='ltr'><strong>in</strong></span> <span class='ocrx_word' id='word_1_828' title='bbox 3097 5315 3294 5370; x_wconf 87' lang='lat' dir='ltr'><strong>virtute</strong></span> <span class='ocrx_word' id='word_1_829' title='bbox 3323 5310 3681 5381; x_wconf 86' lang='lat' dir='ltr'><strong>baptismatis,</strong></span> <span class='ocrx_word' id='word_1_830' title='bbox 3704 5312 3860 5379; x_wconf 93' lang='lat' dir='ltr'><strong>quod</strong></span> <span class='ocrx_word' id='word_1_831' title='bbox 3886 5311 4030 5366; x_wconf 81' lang='lat' dir='ltr'><strong>dixi-</strong></span> 
     </span>
    </p>
   </div>
   <div class='ocr_carea' id='block_1_114' title="bbox 2437 5402 4029 5475">
    <p class='ocr_par' dir='ltr' id='par_1_114' title="bbox 2437 5402 4029 5475">
     <span class='ocr_line' id='line_1_114' title="bbox 2437 5402 4029 5475; baseline -0.004 -13"><span class='ocrx_word' id='word_1_832' title='bbox 2437 5426 2557 5462; x_wconf 88' lang='lat' dir='ltr'><strong>mus</strong></span> <span class='ocrx_word' id='word_1_833' title='bbox 2590 5407 2881 5461; x_wconf 65' lang='lat' dir='ltr'><strong>Dominicaa</strong></span> <span class='ocrx_word' id='word_1_834' title='bbox 2907 5422 3029 5460; x_wconf 89' lang='lat' dir='ltr'><strong>esse</strong></span> <span class='ocrx_word' id='word_1_835' title='bbox 3072 5404 3338 5475; x_wconf 87' lang='lat' dir='ltr'><strong>passionis</strong></span> <span class='ocrx_word' id='word_1_836' title='bbox 3372 5404 3596 5475; x_wconf 82' lang='lat' dir='ltr'><strong>ﬁguram</strong></span> <span class='ocrx_word' id='word_1_837' title='bbox 3650 5402 4029 5473; x_wconf 81' lang='lat' dir='ltr'><strong>signiﬁcatio-</strong></span> 
     </span>
    </p>
   </div>
   <div class='ocr_carea' id='block_1_115' title="bbox 2438 5490 4029 5568">
    <p class='ocr_par' dir='ltr' id='par_1_115' title="bbox 2438 5490 4029 5568">
     <span class='ocr_line' id='line_1_115' title="bbox 2438 5490 4029 5568; baseline -0.004 -15"><span class='ocrx_word' id='word_1_838' title='bbox 2438 5515 2687 5568; x_wconf 81' lang='lat' dir='ltr'><strong>nemque.</strong></span> <span class='ocrx_word' id='word_1_839' title='bbox 2720 5498 2824 5552; x_wconf 89' lang='lat' dir='ltr'><strong>Sed</strong></span> <span class='ocrx_word' id='word_1_840' title='bbox 2858 5498 3045 5552; x_wconf 90' lang='lat' dir='ltr'><strong>vivens</strong></span> <span class='ocrx_word' id='word_1_841' title='bbox 3089 5512 3295 5567; x_wconf 88' lang='lat' dir='ltr'><strong>passer,</strong></span> <span class='ocrx_word' id='word_1_842' title='bbox 3320 5510 3480 5565; x_wconf 85' lang='lat' dir='ltr'><strong>quem</strong></span> <span class='ocrx_word' id='word_1_843' title='bbox 3511 5492 3566 5547; x_wconf 93' lang='lat' dir='ltr'><strong>in</strong></span> <span class='ocrx_word' id='word_1_844' title='bbox 3597 5490 3890 5563; x_wconf 87' lang='lat' dir='ltr'><strong>Unigeniti</strong></span> <span class='ocrx_word' id='word_1_845' title='bbox 3926 5508 4029 5547; x_wconf 79' lang='lat' dir='ltr'><strong>ne-</strong></span> 
     </span>
    </p>
   </div>
   <div class='ocr_carea' id='block_1_116' title="bbox 2437 5582 4028 5659">
    <p class='ocr_par' dir='ltr' id='par_1_116' title="bbox 2437 5582 4028 5659">
     <span class='ocr_line' id='line_1_116' title="bbox 2437 5582 4028 5659; baseline -0.003 -15"><span class='ocrx_word' id='word_1_846' title='bbox 2437 5593 2667 5645; x_wconf 71' lang='lat' dir='ltr'><strong>eessarie</strong></span> <span class='ocrx_word' id='word_1_847' title='bbox 2685 5590 3022 5646; x_wconf 84' lang='lat' dir='ltr'><strong>divinitatem</strong></span> <span class='ocrx_word' id='word_1_848' title='bbox 3041 5589 3358 5659; x_wconf 86' lang='lat' dir='ltr'><strong>accipimus,</strong></span> <span class='ocrx_word' id='word_1_849' title='bbox 3376 5586 3431 5641; x_wconf 92' lang='lat' dir='ltr'><strong>in</strong></span> <span class='ocrx_word' id='word_1_850' title='bbox 3449 5585 3714 5657; x_wconf 85' lang='lat' dir='ltr'><strong>sanguine</strong></span> <span class='ocrx_word' id='word_1_851' title='bbox 3734 5586 3832 5641; x_wconf 87' lang='lat' dir='ltr'><strong>hic</strong></span> <span class='ocrx_word' id='word_1_852' title='bbox 3853 5582 4028 5643; x_wconf 73' lang='lat' dir='ltr'><strong>occisi</strong></span> 
     </span>
    </p>
   </div>
  </div>
