4218 6450
215 412 312 475 953

1282 451 1294 463 ο
1324 421 1405 478 IN
1446 422 1881 481 LEVITICUM.
1918 448 1982 459 --
2012 427 2160 487 LlB.
2202 432 2303 493 IV.

3344 438 3448 506 951

212 521 460 614 passeris,
499 532 556 614 et
596 536 734 592 aqua
761 523 1038 614 tingitur,
1074 525 1127 579 id
1167 534 1250 580 est
1285 526 1339 579 in
1380 527 1550 595 gratia
1598 527 1772 596 bapti-
1802 542 1843 593 Α
1875 550 1998 590 eum
2032 538 2357 609 cegitatione
2397 543 2623 613 cupiens
2664 544 2938 614 praecepit,
2977 545 3071 599 sed
3116 561 3317 600 novum
3365 560 3449 602 to-

211 609 415 676 smatis,
445 611 568 681 quia
601 627 713 666 non
756 612 812 666 in
842 614 1077 668 hominis
1120 615 1391 683 passione,
1443 617 1537 671 sed
1586 615 1678 671 Dci
1720 626 1775 671 et

211 701 444 756 hominis
473 703 724 772 passione
756 704 1117 773 baptizamur.
1158 704 1361 760 Deinde
1393 717 1516 775 post
1556 708 1659 761 hoc
1691 708 1773 760 vi-

214 807 339 845 vens
372 807 561 861 passer
608 795 663 846 in
707 810 895 864 agrum
942 803 1003 849 ut
1045 796 1244 861 avolet,
1283 797 1593 851 dimittitur.
1635 798 1776 870 Ergo

212 885 559 954 impassibilis
588 888 868 953 divinitas,
904 897 959 944 et
986 890 1362 959 inseparabilis
1384 899 1558 945 erata
1588 907 1773 955 carne,

208 990 326 1041 quae
355 990 514 1044 passa
548 985 651 1042 est,
684 978 830 1031 unde
863 987 922 1033 et
954 980 1274 1048 separabilis
1303 980 1358 1033 in
1387 980 1650 1050 sanguine
1679 980 1777 1034 ba-

208 1064 462 1130 ptizatur,
493 1072 554 1118 ut
588 1064 938 1135 impassibilis
978 1068 1098 1121 viva
1142 1068 1197 1121 in
1229 1082 1420 1137 agrum
1455 1067 1632 1122 avolet
1663 1085 1678 1123 :
1709 1068 1778 1122 ad

212 1153 551 1210 latitudinem
622 1158 874 1213 videlicet
934 1159 1410 1230 contemplationis
1472 1160 1773 1223 emittitur,

211 1259 316 1312 quo
362 1246 512 1300 illum
560 1248 902 1315 dimittente,
945 1261 1135 1306 nostro
1181 1251 1431 1307 videlicet
1475 1252 1772 1307 intellectu.

211 1335 311 1388 sub
359 1336 523 1405 hujus
568 1338 713 1391 enim
758 1341 1217 1409 contemplatione
1270 1350 1524 1407 tenetur,
1572 1342 1777 1396 solum-

212 1427 371 1480 modo
420 1439 622 1498 sponte
665 1431 908 1497 detenta,
956 1448 1080 1487 cum
1126 1449 1157 1487 a
1204 1434 1353 1489 nullo
1396 1434 1505 1489 alio
1544 1434 1778 1489 detineri

206 1517 397 1585 possit.
456 1518 684 1588 Insuper
728 1521 775 1576 is
822 1522 913 1591 qui
957 1524 1250 1578 mundatus
1292 1532 1415 1588 est,
1454 1525 1775 1580 vestimenta

207 1607 371 1670 lavat,
405 1609 658 1663 videlicet
688 1611 949 1673 actiones,
980 1622 1037 1667 et
1069 1613 1112 1667 si
1144 1629 1280 1682 quas
1309 1616 1536 1671 virtutes
1566 1616 1770 1681 habuit,

202 1701 331 1768 quia
376 1710 430 1754 et
479 1701 577 1755 has
615 1712 840 1772 peccato
870 1704 1089 1773 polluit;
1131 1706 1272 1759 lavat
1297 1716 1477 1761 autem
1508 1709 1782 1778 paeniten-

206 1792 279 1845 tia
310 1811 322 1846 :
360 1803 417 1847 et
442 1795 582 1849 radit
606 1795 795 1865 pilum,
829 1797 882 1851 id
913 1807 998 1852 est
1026 1813 1242 1851 omnem
1270 1800 1650 1869 cogitationem
1680 1801 1775 1855 de-

204 1883 380 1953 ponit,
418 1886 547 1953 quia
571 1900 764 1940 omnes
790 1901 884 1941 eas
913 1888 1147 1944 habebat
1187 1890 1515 1945 immundas.
1543 1892 1611 1945 Et
1634 1893 1777 1949 lotus
1808 1869 1847 1925 Β

199 1989 342 2043 aqua
378 1977 711 2044 ptenitentize
757 1987 855 2032 aut
889 1978 1261 2048 baptismatis,
1301 1989 1432 2036 tunc
1469 1983 1776 2036 necessarie

208 2066 574 2120 mandabitur.
614 2067 747 2121 Nam
788 2068 890 2122 ctsi
926 2071 1187 2124 mundum
1228 2087 1354 2125 eum
1397 2072 1647 2141 superius
1677 2088 1776 2126 no-

207 2155 449 2220 minavit,
484 2157 559 2210 ait
588 2160 735 2210 enim
764 2177 776 2211 :

274 2240 403 2297 Cum
435 2246 574 2297 risus
617 2246 773 2315 fuerit
808 2262 917 2300 esse
952 2250 1259 2311 mundatus,
1288 2251 1461 2319 oﬂeret
1490 2251 1619 2304 duos
1651 2267 1775 2317 pas-

199 2350 362 2388 seres.
423 2334 528 2389 Sed
585 2353 709 2391 eum
750 2340 844 2408 qui
892 2349 1051 2409 aptus
1098 2350 1215 2395 erat
1257 2343 1325 2397 ad
1365 2343 1771 2398 mundationem

195 2423 413 2478 dicebat
445 2444 457 2478 :
490 2441 613 2479 nam
663 2429 934 2497 quomodo
980 2432 1047 2493 is,
1099 2431 1191 2499 qui
1229 2432 1339 2501 jam
1384 2434 1619 2488 mundus
1667 2444 1770 2497 est,

200 2515 379 2569 adhuc
419 2532 643 2574 necesse
685 2520 848 2574 habet
881 2523 1130 2577 mandari
1153 2524 1176 2577 ‘l
1198 2523 1351 2577 Tunc
1381 2525 1433 2578 in
1469 2534 1644 2579 castra
1690 2525 1773 2578 in-

200 2607 495 2676 gredietur,
529 2620 589 2663 ut
634 2614 930 2666 conventui
984 2623 1174 2670 nostro
1218 2615 1452 2682 intersit,
1486 2625 1647 2685 atque
1688 2616 1773 2669 in-

200 2697 558 2766 telligibilium
599 2711 975 2757 contractuum
1024 2706 1226 2770 socius,
1261 2716 1317 2761 et
1351 2708 1575 2761 alterius
1622 2724 1771 2762 com-

197 2786 506 2851 mistianis,
570 2806 690 2859 qua:
741 2807 864 2846 cum
922 2792 1171 2850 ﬁdelibus
1231 2796 1480 2859 habetur,
1530 2797 1773 2866 acquirat

197 2875 429 2932 fructus.
475 2880 521 2931 Α
565 2897 671 2950 qua
718 2882 845 2951 quia
900 2884 1259 2952 prohibentur
1306 2885 1363 2939 hi
1401 2887 1490 2956 qui
1537 2888 1769 2942 necdum

199 2970 443 3024 mundati
491 2981 619 3027 sunt
664 2981 1004 3043 peccatores,
1046 2975 1170 3029 audi
1217 2977 1538 3046 Apostolum
1585 2978 1770 3033 dicen-

198 3067 310 3112 tem
345 3078 360 3114 :
394 3060 452 3115 Si
479 3064 524 3116 is
562 3065 651 3134 qui
697 3067 865 3135 frater
911 3068 1237 3129 nominatur,
1278 3079 1375 3122 aut
1417 3070 1624 3124 adulter
1670 3080 1765 3135 cst,

1878 635 2011 694 tum,
2046 639 2104 684 et
2139 632 2290 700 quasi
2319 634 2479 688 modo
2502 635 2742 704 genitum
2778 635 2891 690 ﬁeri
2924 636 3132 700 volens,
3165 643 3222 689 et
3248 651 3445 705 θηρη-

1876 720 2008 775 liare
2029 732 2267 778 veterem
2298 725 2595 789 hominem,
2626 735 2686 780 ut
2708 726 2890 796 capiat
2916 742 3136 781 novum.
3164 727 3449 793 Quomodo

1876 812 2020 865 enim
2053 814 2102 865 ei
2131 813 2222 882 qui
2262 814 2544 884 antiquum
2593 816 2725 870 rasit
2769 816 2959 885 pilum.
2994 816 3132 871 alius
3174 831 3348 871 novus
3392 825 3446 870 et

1877 919 2067 959 recens
2102 907 2364 971 nascitur,
2400 908 2479 962 sic
2521 916 2580 961 et
2626 908 2752 962 buic
2792 909 3070 963 veteribus
3106 908 3309 963 carenti
3353 924 3447 962 co-

1877 996 2249 1066 gitationibus,
2281 999 2399 1053 alia:
2439 1014 2593 1053 nova:
2634 1001 2701 1053 ad
2746 1000 2969 1054 meliora
3016 1000 3297 1071 pullulant.
3341 999 3447 1053 La-

1880 1102 2004 1140 vare
2033 1087 2195 1141 etiarn
2228 1104 2417 1143 rursus
2452 1089 2777 1144 vestimenta
2809 1106 2929 1155 sua,
2978 1091 3030 1144 id
3078 1100 3159 1145 est
3207 1090 3448 1144 actiones

1879 1176 2128 1234 nutndas.

1948 1265 2016 1319 Et
2065 1266 2262 1319 tat-abit
2310 1267 2499 1320 iterum
2541 1285 2728 1337 corpus
2766 1286 2927 1339 aqua.
2973 1269 3223 1324 Secundo
3262 1271 3446 1341 utique

1877 1358 2008 1411 illud
2055 1357 2263 1422 laxans,
2299 1357 2456 1411 nobis
2500 1369 2678 1412 autem
2727 1375 2839 1413 non
2882 1370 2968 1414 est
3002 1360 3300 1414 secundum
3348 1363 3444 1415 ba-

1879 1450 2095 1519 ptisma.
2144 1449 2285 1504 Unus
2331 1450 2466 1503 enim
2506 1447 2773 1514 Dominus,
2810 1468 2918 1504 una
2966 1451 3115 1519 ﬁdes,
3148 1468 3309 1505 unum
3349 1459 3443 1505 ba-

1878 1544 2070 1611 ptisma
2108 1543 2173 1594 ³⁹.
2235 1540 2300 1593 Et
2352 1540 2623 1609 quomodo
2685 1542 2929 1596 secundo
2990 1542 3278 1605 lavabitur,
3343 1542 3442 1596 nisi

1877 1631 2125 1686 absolute
2156 1646 2251 1698 per
2284 1630 2577 1699 lacrymas?
2618 1628 2733 1683 lloc
2775 1630 2921 1682 enim
2964 1644 3074 1683 non
3120 1628 3309 1692 semel,
3346 1643 3447 1681 nec

1877 1721 1980 1785 bis,
2011 1719 2106 1774 sed
2136 1721 2321 1782 tertio,
2354 1727 2410 1771 et
2451 1718 2764 1787 frequenter
2810 1717 2936 1771 licet
2976 1716 3159 1787 peragi
3194 1735 3206 1767 :
3240 1716 3364 1784 quia
3395 1729 3447 1769 et

1883 1812 2049 1867 David
2071 1811 2286 1865 dicebat
2314 1828 2326 1862 :
2357 1808 2540 1864 Factw
2563 1819 2683 1862 sunt
2706 1810 2835 1863 milii
2861 1808 3108 1877 lacrymaz
3134 1823 3259 1861 mea:
3287 1824 3448 1875 panes

1878 1903 1961 1956 die
2003 1919 2067 1955 ar
2105 1909 2252 1955 nocte
2284 1901 2351 1954 “.
2384 1898 2669 1954 Suﬂiciunt
2714 1915 2843 1970 ergo
2885 1908 2940 1953 et
2984 1900 3098 1954 hmc
3139 1899 3447 1953 satisfacere

1878 1994 2209 2060 intendenti,
2232 1994 2358 2062 quia
2389 2007 2451 2046 ea
2480 2007 2601 2061 quae.
2634 2000 2759 2045 sunt
2799 1992 3081 2060 spiritalia,
3114 1989 3447 2060 spiritalibus

1876 2087 1959 2139 lex
1999 2085 2278 2155 praecepit,
2302 2094 2356 2140 et
2386 2099 2514 2139 vere
2545 2083 2772 2152 lepram,
2808 2082 2861 2137 id
2890 2092 2976 2137 est
3014 2092 3315 2153 peccatum,
3347 2100 3448 2138 nos

1876 2180 2066 2233 timere
2095 2178 2388 2233 desiderat.
2422 2176 2651 2244 Pr0pter
2690 2175 2835 2244 quod
2876 2176 2996 2245 ejus
3033 2176 3449 2230 emundationes

1875 2271 2135 2340 plurimas
2181 2270 2461 2340 praecepit,
2489 2285 2611 2323 cum
2656 2268 2710 2321 in
2750 2267 2898 2320 nullo
2927 2281 3020 2320 eas
3054 2266 3304 2331 aliorum,
3327 2283 3447 2337 quae

1873 2363 2015 2417 circa
2046 2377 2244 2432 corpus
2270 2370 2550 2431 geruntur,
2574 2360 2939 2428 prmcepisset.
2973 2359 3239 2414 Subtilior
3267 2369 3446 2416 tamen

1874 2456 2123 2525 probatio
2149 2454 2252 2508 erit
2278 2455 2474 2508 horum
2505 2469 2569 2506 ex
2602 2451 3079 2519 subsequentibus.

1944 2545 2106 2600 Vens.
2139 2546 2320 2600 10-20.
2370 2564 2389 2596 ι
2424 2545 2681 2598 Assumet
2732 2543 2869 2596 duos
2901 2558 3072 2612 agnos
3127 2542 3449 2597 immacula-

1874 2644 1977 2696 tos,
2013 2642 2069 2689 et
2121 2649 2278 2688 ovem
2331 2633 2641 2686 anniculam
2699 2631 2905 2699 absque
2951 2631 3182 2693 macula,
3237 2641 3293 2685 et
3340 2640 3448 2686 tres

1871 2727 2110 2781 decimas
2138 2725 2327 2779 simin
2347 2724 2401 2777 in
2424 2723 2714 2786 sacriﬁcio,
2745 2738 2866 2792 qua:
2896 2736 3195 2790 conspersa
3214 2721 3283 2776 sit
3303 2722 3445 2781 oleo.

1874 2828 1927 2872 et
1953 2819 2181 2873 seorsim
2213 2817 2320 2871 olei
2350 2817 2667 2871 sextarium.
2710 2815 2957 2884 Cumque
2989 2815 3246 2870 sacerdos
3294 2816 3447 2885 puri-

1875 2910 2042 2963 licans
2065 2908 2364 2971 hominem,
2393 2906 2645 2961 statuerit
2662 2906 3006 2968 cum,etb:nc
3022 2906 3228 2971 omnia,
3265 2920 3447 2960 coram

1871 3001 2101 3055 Domino
2124 3000 2179 3054 in
2209 2999 2350 3055 ostio
2376 2997 2705 3052 tabernaculi
2739 2997 3055 3063 testimonii,
3082 2995 3228 3051 tollet
3249 3012 3446 3068 agnum

1871 3101 1927 3146 et
1976 3091 2170 3147 oﬂeret
2216 3091 2368 3144 illum
2430 3104 2529 3160 pro
2591 3089 2811 3150 delicto,
2866 3088 3079 3156 oleique
3130 3088 3445 3142 sextarium.

197 3161 293 3203 aut
326 3169 543 3217 avarus,
573 3165 667 3209 aut
715 3156 999 3221 detractor,
1032 3167 1125 3211 aut
1170 3159 1420 3224 ebriosus,
1450 3172 1542 3214 aut
1576 3178 1768 3231 rapax,

1874 3182 1939 3235 Et
1963 3181 2163 3235 oblatis
2183 3189 2310 3234 ante
2327 3156 2613 3232 Dominum
2634 3179 2889 3232 omnibus
2915 3177 3217 3231 immolabit
3241 3192 3444 3249 agnum

190 3259 317 3297 cum
366 3245 667 3314 hujusmodi
712 3263 806 3300 nec
846 3249 1018 3303 cibum
1053 3266 1259 3304 sumere
1284 3251 1349 3305 ³⁸.
1384 3252 1768 3307 Verumtamen

195 3345 404 3402 septem
430 3336 547 3391 dies
565 3348 720 3393 extra
746 3339 1157 3395 tabernaculum
1182 3357 1340 3397 suum
1368 3354 1569 3407 manet,
1594 3346 1772 3400 adhuc

188 3441 227 3483 .a
291 3438 603 3484 sanctorum
678 3433 1103 3497 communione,
1162 3444 1386 3505 prepter
1434 3436 1770 3491 subtiliorem

195 3520 523 3584 custodiam,
564 3529 621 3575 et
656 3522 917 3590 paulatim
947 3523 1015 3579 ad
1054 3525 1276 3580 meliora
1322 3526 1648 3595 profectum,
1684 3542 1771 3582 se-

196 3619 445 3677 paratus;
512 3610 924 3667 tabernaculum
979 3615 1125 3670 enim
1184 3616 1614 3688 uniuscujusque
1670 3634 1771 3673 no-

194 3709 373 3753 strum
399 3702 781 3771 mysteriorum
809 3704 1033 3774 adeptio
1063 3714 1169 3772 est,
1198 3721 1231 3762 a
1268 3708 1391 3778 gelu
1424 3717 1608 3779 tegens
1646 3725 1767 3775 nos,

192 3801 253 3843 et
280 3792 349 3851 ab
374 3803 507 3853 aestu
554 3795 968 3853 tabernaculum
1009 3797 1066 3853 in
1107 3815 1217 3869 quo
1262 3809 1443 3855 ctenat
1476 3816 1601 3857 cum
1634 3801 1767 3869 Deo,

190 3883 341 3939 sicut
384 3901 508 3941 cum
534 3897 687 3956 patre
712 3888 844 3954 ﬁlii,
874 3898 971 3945 aut
996 3905 1119 3945 cum
1144 3906 1347 3961 sponso
1370 3906 1591 3961 sponsa,
1614 3893 1700 3948 vel
1724 3893 1768 3948 si

186 3976 395 4046 aliquid
443 3978 584 4034 aliud
618 3980 836 4045 dicitur,
864 3982 1009 4053 quod
1047 3984 1220 4055 magis
1265 3983 1334 4040 ad
1367 3984 1768 4055 proximitatem

187 4069 529 4136 cognatiOuis
564 4071 815 4140 pertinet.

263 4159 331 4213 Et
370 4162 456 4214 die
490 4165 711 4230 septima
756 4166 906 4218 rodet
948 4165 1171 4233 capillos
1199 4168 1387 4235 capitis
1425 4168 1765 4239 barbamque,

185 4262 242 4305 et
283 4253 563 4319 supercilia
608 4269 673 4305 ac
715 4255 873 4309 totius
916 4257 1147 4324 corporis
1186 4257 1341 4325 pilos.
1382 4256 1488 4311 Sed
1532 4258 1620 4313 hic
1657 4274 1767 4321 non

184 4338 368 4393 solum
402 4347 584 4408 caput,
617 4341 709 4395 sed
751 4351 805 4395 et
840 4342 1085 4410 barbam,
1127 4354 1183 4399 et
1222 4346 1531 4416 supercilia,
1564 4355 1619 4402 et
1648 4364 1767 4417 om-

184 4447 318 4487 nem
350 4434 668 4505 simpliciter
699 4437 886 4505 pilum,
915 4438 1007 4508 qui
1042 4440 1098 4493 in
1128 4441 1276 4495 omni
1305 4456 1534 4512 corpore
1562 4452 1667 4510 est,
1702 4460 1766 4500 ac

1877 3273 1966 3327 ubi
1998 3271 2265 3327 immolari
2323 3271 2459 3326 solet
2502 3272 2678 3326 hostia
2738 3287 2837 3341 pro
2882 3278 3131 3340 peccato,
3193 3278 3248 3327 et
3290 3270 3446 3325 bolo-

1873 3372 2144 3428 caustum,
2174 3362 2227 3417 id
2258 3372 2361 3427 est,
2389 3363 2510 3416 loco
2534 3370 2743 3417 saneto.
2775 3362 2928 3416 Sicut
2977 3362 3123 3415 enim
3172 3377 3272 3433 pro
3316 3377 3445 3432 pec-

1871 3465 2013 3516 cato,
2073 3454 2148 3507 ita
2193 3463 2249 3508 ct
2306 3469 2406 3523 pro
2458 3454 2656 3507 delicto
2702 3453 2769 3507 ad
2821 3453 3157 3507 sacerdotem
3209 3452 3444 3523 pertinet

1872 3544 2080 3599 hosuia:
2112 3544 2310 3599 Sancta
2337 3553 2651 3598 sanctorum
2687 3554 2790 3598 est.
2819 3546 3223 3614 Assumensque
3263 3559 3444 3599 sacer-

1871 3634 1970 3689 dos
2016 3634 2085 3690 de
2137 3635 2404 3705 sanguine
2460 3635 2654 3689 hostiae
2705 3652 2826 3704 qua:
2884 3636 3158 3690 immolata
3213 3644 3297 3690 est
3344 3651 3444 3706 pro

1872 3724 2091 3791 delicto,
2146 3734 2314 3794 ponet
2363 3740 2529 3795 super
2580 3735 2885 3780 extremum
2942 3725 3198 3780 auriculae
3238 3725 3443 3781 dextrae

1871 3813 1991 3881 ejus
2022 3813 2114 3882 qui
2145 3813 2499 3877 mundantur,
2530 3821 2585 3868 et
2612 3830 2778 3884 super
2811 3815 3062 3884 pollicem
3087 3830 3281 3869 manus
3310 3814 3445 3869 dex-

1872 3908 1967 3959 trae
1992 3914 2048 3960 et
2076 3903 2252 3975 pedis.
2286 3905 2354 3959 Et
2382 3904 2451 3959 de
2481 3904 2587 3960 olei
2624 3905 2867 3960 sextario
2905 3905 3087 3959 mittet
3135 3904 3189 3958 in
3220 3920 3441 3959 manum

1870 4008 2021 4048 suam
2057 3994 2363 4048 sinistram:
2398 3994 2679 4065 tingetque
2710 3994 2941 4064 digitum
2985 3995 3235 4048 dextrum
3269 3994 3322 4048 in
3354 4010 3441 4056 eo.

1870 4096 1925 4139 et
1949 4094 2207 4156 asperget
2243 4086 2446 4155 septies
2480 4096 2674 4142 contra
2704 4074 3023 4141 Dominum.
3074 4086 3230 4151 Quod
3260 4096 3443 4141 autem

1871 4179 2137 4248 reliquum
2166 4187 2253 4233 est
2283 4178 2409 4242 olei,
2449 4179 2506 4233 in
2556 4179 2746 4234 laevam
2772 4194 2994 4234 manum
3047 4174 3236 4235 fundet
3281 4194 3444 4249 super

1868 4278 2172 4323 extremum
2194 4270 2452 4324 auricula:
2482 4270 2718 4324 dexterae
2751 4270 2872 4339 ejus
2903 4269 2994 4339 qui
3051 4271 3365 4335 mandatur,
3388 4278 3443 4324 et

1867 4377 2033 4431 super
2057 4361 2306 4431 pollicem
2357 4375 2573 4426 manus,
2627 4376 2691 4416 ac
2736 4361 2896 4429 pedis
2954 4361 3127 4415 dextri
3188 4370 3239 4415 et
3280 4376 3444 4431 super

1868 4453 2207 4523 sanguinem.
2234 4453 2326 4521 qui
2352 4452 2507 4507 msus
2528 4461 2611 4507 est
2636 4468 2732 4520 pro
2756 4453 2976 4515 delicto,
3010 4461 3065 4507 et
3093 4464 3258 4522 super
3278 4461 3442 4522 caput

186 4539 291 4594 per
332 4525 432 4581 hoc
474 4534 531 4585 et
571 4529 905 4586 occultarum
956 4532 1189 4600 partium
1233 4536 1510 4604 praecepit.
1550 4535 1761 4591 Nullam
1798 4546 1838 4598 l)
1866 4545 2006 4613 ejus.
2046 4543 2382 4615 Rogabitque
2415 4560 2515 4613 pro
2549 4559 2617 4598 eo
2666 4558 2849 4598 coram
2887 4543 3140 4605 Domino,
3196 4552 3251 4598 et
3281 4543 3443 4598 faciet

180 4632 322 4686 ergo
365 4618 412 4671 ei
453 4620 834 4689 cogitationem
874 4632 1112 4677 veterem
1158 4640 1446 4681 remanere
1481 4628 1619 4691 vult,
1650 4645 1761 4684 non

180 4706 364 4763 solum
397 4709 513 4765 illas
545 4726 665 4780 qua:
703 4723 953 4767 ornatum
996 4715 1226 4778 homini,
1264 4726 1453 4788 utpote
1486 4721 1759 4785 rationali,

176 4809 244 4853 et
270 4800 441 4855 multa
468 4803 535 4856 de
564 4803 765 4858 divinis
793 4806 1118 4876 disceptanti
1146 4809 1391 4878 praebent
1424 4829 1439 4864 :
1472 4811 1590 4866 illas
1613 4814 1758 4867 enim

180 4904 287 4958 per
309 4900 489 4958 caput,
520 4902 744 4961 propter
764 4905 1038 4959 ornatum,
1071 4905 1126 4951 et
1157 4898 1557 4955 multitudinem
1588 4902 1758 4972 signi-

176 4982 332 5043 ﬁcat,
369 4981 462 5035 sed
507 4997 607 5037 nec
658 4984 757 5038 bas
806 5001 927 5054 quae
971 4987 1247 5043 hominem
1279 4994 1760 5061 contemplativum

176 5070 554 5136 constituunt,
594 5072 662 5126 de
715 5074 1041 5131 sublimibus
1089 5087 1142 5132 et
1193 5079 1553 5136 divinioribus
1600 5084 1761 5138 rebus

176 5165 540 5234 cogitantem.
585 5164 697 5222 Hoc
740 5169 886 5223 enim
926 5173 1231 5241 superciliis
1264 5175 1594 5244 designatur,
1638 5194 1760 5247 quae

176 5259 241 5311 in
293 5260 577 5316 altioribus
610 5270 739 5317 sunt
774 5262 895 5327 sita,
942 5273 998 5320 et
1030 5265 1173 5320 circa
1211 5269 1757 5338 contemplativorum

173 5351 462 5406 manentia
530 5367 789 5408 sensuum
851 5371 1071 5426 organa.
1127 5357 1233 5413 Sed
1289 5375 1391 5415 nec
1442 5361 1590 5426 illas,
1635 5379 1755 5432 qua:

170 5439 621 5498 discretionalem
646 5446 1011 5512 continentes,
1041 5464 1138 5517 per
1164 5450 1385 5505 barbam
1416 5460 1559 5507 recte
1586 5454 1751 5524 signi-

170 5532 449 5596 ﬁcantur,
492 5536 617 5604 quia
652 5538 817 5592 barba
863 5540 1095 5595 maxime
1135 5541 1279 5597 inter
1310 5543 1461 5599 virile
1500 5561 1669 5616 genus
1699 5555 1755 5602 et

170 5622 450 5680 muliebre
466 5625 742 5694 dijudieat.
781 5630 905 5688 llzec
933 5645 1113 5691 autem
1133 5654 1238 5693 non
1273 5642 1543 5710 quomodo
1568 5658 1752 5698 carere

251 5818 298 5852 ³⁸
334 5821 353 5876 l
384 5822 505 5880 Cor.
545 5842 594 5893 γ,
631 5828 711 5883 11.
791 5831 832 5863 ³9
862 5833 1062 5903 Ephcs.
1100 5852 1173 5903 ιγ,
1202 5837 1252 5891 5.

1333 5841 1373 5872 "°
1410 5842 1547 5896 l'sal.
1582 5859 1687 5909 xu,
1723 5845 1773 5900 4.

1868 4635 2196 4692 sacriﬁcium
2227 4651 2325 4705 pro
2358 4643 2601 4704 peccato.
2631 4634 2787 4688 Tunc
2836 4634 3138 4687 immolabit
3181 4634 3441 4689 holocau—

1867 4738 2033 4794 stum,
2060 4736 2114 4782 et
2146 4736 2310 4797 ponet
2344 4725 2473 4780 illud
2510 4726 2562 4779 in
2593 4725 2763 4780 altare
2797 4741 2918 4779 cum
2951 4726 3267 4779 libamentis
3301 4725 3437 4787 suis,

1865 4831 1918 4875 et
1953 4820 2116 4874 homo
2143 4820 2244 4873 rite
2274 4818 2645 4873 mundabitur.
2680 4835 2699 4867 ι

1936 4911 2150 4965 Scimus
2190 4910 2318 4981 quia
2353 4912 2437 4965 lex
2475 4907 2735 4979 spiritalis
2785 4916 2902 4973 est;
2958 4909 3103 4977 quod
3155 4918 3438 4978 propterea

1867 5003 2067 5057 Paulus
2103 5003 2178 5055 ait
2200 5003 2274 5065 “,
2309 5010 2366 5055 ut
2404 5000 2719 5069 spiritaliter
2750 4994 3115 5069 dijudicantes
3144 5016 3251 5054 non
3283 5001 3437 5054 dam-

1859 5093 2145 5148 niﬁcemur
2176 5092 2445 5147 fructibus
2471 5092 2623 5159 legis,
2656 5091 2746 5160 qui
2766 5091 3113 5145 occultantur
3150 5091 3204 5145 in
3234 5091 3435 5145 littera.
3470 5098 3473 5099 ⁷

1860 5182 2149 5252 Postquam
2187 5183 2335 5236 enim
2390 5183 2565 5251 prima
2599 5182 2689 5235 die
2732 5198 2837 5252 qua
2873 5183 3149 5253 egreditur
3185 5173 3439 5237 sacerdos

1857 5285 2010 5331 extra
2040 5286 2241 5339 castra,
2285 5276 2554 5330 immolari
2609 5277 2677 5331 ad
2735 5277 3181 5331 cmundationem
3238 5276 3435 5345 leprosi

1862 5369 2152 5438 praecepit:
2187 5382 2315 5423 ecce
2346 5383 2537 5423 rursus
2568 5384 2715 5423 nunc
2744 5380 2934 5424 octava
2964 5368 3072 5430 die,
3102 5369 3205 5422 alia
3236 5384 3335 5437 pro
3368 5384 3436 5423 eo

1861 5462 2124 5517 sacriﬁcia
2154 5461 2269 5516 ﬁeri
2288 5461 2571 5531 jubentur.
2603 5461 2804 5517 Octava
2852 5477 2983 5532 ergo
3011 5462 3128 5516 dies
3183 5462 3432 5516 eamdem

1861 5569 2025 5623 quam
2063 5555 2235 5624 prima
2266 5553 2375 5608 vim
2409 5555 2567 5625 gerit,
2606 5554 2732 5625 quia
2759 5570 2922 5611 omne
2949 5569 3188 5625 praesens
3223 5564 3436 5622 tempus

1863 5648 1919 5701 in
1952 5647 2383 5704 hebdomadibus
2412 5648 2737 5706 conciditur.
2768 5649 2894 5705 Post
2935 5665 3071 5721 quas
3106 5656 3294 5704 octava
3325 5656 3430 5711 est,

1855 5845 1893 5876 “
1932 5844 2084 5901 Rom.
2123 5863 2218 5911 vn,
2258 5847 2275 5900 1
2318 5862 2472 5917 seqq.
