4218 6450
731 373 837 436 955
1922 375 2281 438 ιιΕδιιξιειι
2339 382 2804 441 Ηίἱᾲδὶϊίΐεὶὶί
3906 378 4011 448 956

732 501 963 555 mquam,
1003 497 1059 539 ut
1108 487 1362 550 diximus,
1420 488 1673 542 virtutem
1733 496 1918 557 prima:
1969 512 2183 563 gerens.
2225 498 2307 548 vel
2343 502 2379 553 Α
2414 498 2605 563 pertiaa
2634 497 2909 566 cognitio:
2946 498 3091 565 quod
3117 513 3245 569 ergo
3268 501 3448 552 minus
3483 509 3565 553 est
3617 511 3708 553 aut
3741 500 4006 568 amplius,

733 577 958 631 rmriino
992 578 1161 645 ipsam
1222 594 1512 633 reuovaus.
1574 581 1668 634 Est
1703 592 1883 636 autem
1946 584 2059 638 hcc
2121 587 2171 639 in
2202 606 2305 654 qna
2409 588 2474 639 ad
2520 587 2894 640 infidelitatem
2939 591 3130 643 tendit.
3170 590 3277 644 Sed
3304 592 3660 660 quamobrem
3697 592 4008 645 sextarium

734 665 983 719 Salvator
1019 670 1341 729 resurrexit,
1384 671 1436 721 in
1473 686 1576 738 qua
1614 672 1667 724 in
1698 688 1872 728 castra
1918 678 2304 745 iugrediemur.
2411 682 2539 741 olei,
2579 682 2661 733 vel
2684 684 2916 751 cotylam
2948 683 3261 753 dixit?quia
3292 686 3603 747 miseratus,
3637 684 3833 753 inquit,
3861 682 4010 736 Deus

738 755 860 808 i’nst
904 758 1020 811 dies
1066 762 1211 812 enim
1274 770 1481 828 septem
1548 781 1672 817 cum
1734 766 1826 834 qui
1878 772 2172 823 mundatus
2226 781 2311 825 est
2413 772 2712 826 humanum
2742 789 2912 839 genus
2953 792 3077 826 cuin
3122 776 3250 828 illud
3287 778 3354 829 ad
3381 777 3645 845 explenda
3674 778 3807 846 legis
3836 793 4007 845 opera

755 865 1004 916 cprosus,
1051 853 1139 906 die
1192 853 1436 905 \‘idelim-t
1486 862 1697 920 octava,
1751 860 1805 911 in
1854 862 2049 916 castris
2103 863 2310 932 ingredi
2412 863 2748 917 inﬁrmatum
2787 865 3035 927 vidisset,
3066 868 3175 933 jam
3220 884 3327 921 non
3364 885 3427 921 ex
3466 870 3721 937 operibus
3764 870 4003 926 saltare,

738 944 1025 1011 priet-epit:
1071 945 1160 996 sed
1198 955 1375 999 castra
1411 949 1630 1016 qualia?
1662 950 1956 1015 ιιί‹;ιιο111.ι
1986 970 2108 1022 quae
2141 952 2312 1011 Jacob
2412 955 2507 1008 sed
2557 970 2654 1024 per
2689 958 2918 1025 gratiam
2956 958 3233 1011 hominem
3298 960 3484 1013 voluit.
3538 960 3719 1013 Gratia
3755 977 3887 1013 vero
3941 978 4006 1012 es

733 1032 1039 1096 patriarcha
1078 1034 1229 1096 vidit,
1266 1040 1485 1104 quando
1506 1041 1712 1108 angelis
1747 1043 1849 1095 sibi
1876 1047 2307 1110 occurrentibus,
2414 1048 2781 1103 misericordia
2820 1059 2981 1119 atque
3040 1052 3416 1119 compassione
3472 1054 3764 1121 praebetur.
3801 1064 3857 1105 et
3906 1056 4010 1107 ηδε

736 1120 916 1174 locum
956 1132 1131 1176 castra
1179 1126 1268 1177 llei
1302 1130 1676 1197 appellavit“.
1729 1132 1809 1185 Ad
1850 1136 1964 1187 luce
2019 1140 2315 1195 mandatus
2421 1142 2901 1211 comprehenditur
2941 1143 3077 1206 sola,
3112 1160 3219 1197 non
3265 1158 3329 1197 ex
3362 1145 3645 1211 operibus,
3707 1156 3761 1197 ut
3801 1145 4011 1197 l'auhs

737 1221 1005 1278 Ieprosus,
1046 1225 1231 1284 utpote
1275 1219 1405 1272 olim
1432 1221 1781 1288 jnstiﬁcatus,
1833 1235 2077 1295 tempore
2130 1248 2314 1285 resur—
2412 1233 2543 1285 dicit
2576 1233 2640 1286 “.
2676 1231 2808 1285 Nam
2839 1235 3014 1303 gratia
3037 1235 3155 1302 jam
3188 1252 3287 1286 non
3322 1238 3419 1289 erit
3448 1239 3621 1305 gratia
3644 1239 3704 1287 “.
3741 1238 3838 1289 His
3876 1254 4010 1306 ergo

735 1305 993 1359 i't‘t'llnllls
1035 1309 1200 1361 \cnit.
1254 1310 1307 1362 lu
1364 1314 1517 1378 cujus
1556 1313 1802 1382 ﬁguram,
1847 1330 2093 1372 octavam
2142 1324 2309 1387 diem,
2412 1322 2682 1390 acceptis,
2721 1324 2787 1375 ad
2861 1324 3059 1376 ostium
3136 1324 3469 1378 tabernaculi
3540 1328 3869 1386 testimonii,
3939 1330 4006 1379 ad

737 1396 1154 1461 .iiintdiximns,
1204 1402 1483 1469 legislator
1542 1407 1775 1475 accepit.
1826 1408 1958 1471 Qua:
2016 1422 2197 1465 autem
2256 1414 2311 1467 in
2413 1413 2716 1481 ingressum
2755 1413 3009 1466 videlicet
3035 1416 3277 1469 scientiae
3299 1416 3392 1468 Dei
3431 1418 3523 1484 qui
3570 1419 3865 1469 Inundatus
3900 1428 4004 1475 est.

741 1504 781 1535 ,ιε
806 1497 922 1539 lava
956 1490 1042 1541 die
1069 1492 1148 1558 agi
1179 1503 1447 1560 praecepta
1473 1505 1615 1555 sunt,
1644 1497 1935 1566 imaginem
1993 1502 2132 1567 ejus,
2168 1507 2312 1571 quod
2411 1504 2716 1558 adducitur.
2749 1503 3017 1558 Sacerdos
3061 1517 3241 1559 autem
3299 1523 3524 1560 sumens
3575 1524 3772 1575 agnum
3831 1524 4005 1561 unum

736 1581 1035 1632 M-cundum
1071 1598 1170 1634 nos
1201 1592 1283 1635 est
1311 1586 1549 1653 mysterii
1578 1596 1791 1655 gerunt.
1824 1587 2089 1660 Prmcepit
2147 1595 2313 1663 siqui-
2414 1614 2510 1666 pro
2540 1598 2741 1651 delicto
2776 1599 3038 1651 immolat.
3070 1599 3234 1667 Atqui
3269 1603 3311 1651 si
3338 1601 3404 1653 de
3436 1601 3700 1667 corporali
3743 1603 4009 1668 passione

735 1669 857 1720 dcru
894 1671 1031 1723 duos
1069 1689 1237 1741 agnos
1272 1676 1646 1731 immaculatos
1689 1680 1974 1736 anniculos
2031 1688 2194 1749 sumi,
2259 1697 2315 1740 ιι
2411 1694 2555 1738 esset
2584 1686 2699 1739 haec
2735 1688 2964 1749 sanctio,
3027 1685 3167 1739 sicut
3198 1688 3525 1755 quihusdam
3584 1690 3826 1751 \idelur.
3872 1690 4008 1757 quid

734 1775 891 1813 ovem
922 1764 1229 1818 anniculam
1264 1768 1665 1823 iuunaculatam
1707 1789 1891 1837 unam,
1921 1792 2153 1843 quorum
2185 1782 2309 1847 qui-
2410 1785 2529 1829 erat
2579 1791 2808 1829 "808856
2855 1793 3055 1846 agnum
3114 1794 3215 1846 PI'O
3246 1791 3471 1849 ρθρεειιο
3540 1780 3863 1834 immolari?
3898 1782 4008 1833 Sed

734 1851 858 1903 dem
893 1868 1059 1907 unum
1095 1871 1193 1923 pro
1223 1869 1447 1924 peccato
1469 1899 1483 1921 ,
1531 1861 1695 1915 alium
1739 1875 1917 1918 autem
1958 1868 2011 1920 in
2045 1869 2305 1925 holocau-
2346 1849 2385 1902 Β
2411 1868 2536 1936 quia
2571 1868 2861 1923 adumbrat
2886 1880 3112 1939 propter
3136 1869 3505 1924 inﬁrmitatem
3522 1869 3845 1925 Judzeorum
3890 1889 4011 1940 my-

735 1949 877 1992 stmn
910 1944 1167 2011 praecepit
1196 1945 1483 2000 immolari.
1508 1947 1698 2002 Omnia
1724 1959 1904 2007 autem
1933 1955 2049 2010 haec
2084 1957 2309 2028 ﬁguram
2413 1960 2602 2025 steria,
2634 1972 2797 2030 atque
2850 1962 3149 2032 spiritalem
3212 1962 3547 2017 intellectum
3601 1964 3894 2018 abscondit
3955 1966 4011 2018 in

732 2040 930 2099 gerunt
976 2034 1228 2089 sacriﬁcii
1271 2036 1585 2093 Salv-aleris.
1619 2040 1739 2110 Ipse
1765 2044 1909 2097 enim
1944 2058 2166 2117 propter
2212 2069 2311 2107 no-
2415 2055 2627 2119 liltcra,
2662 2056 2741 2110 sic
2775 2056 2938 2110 etiam
2965 2057 3059 2110 dat
3090 2058 3356 2126 quasdam
3401 2058 3725 2112 occasiones
3754 2069 4015 2112 conten:-

734 2131 843 2217 stra
1129 2134 1181 2177 et
1217 2125 1437 2188 delicta,
1478 2129 1655 2183 hostia
1705 2132 1820 2201 ipse
1852 2137 1905 2188 in
1935 2138 2309 2196 holocaustum
2415 2145 2670 2213 plationis
2724 2162 2820 2215 per
2874 2125 3131 2210 litteram,
3179 2156 3235 2201 et
3300 2147 3461 2201 verba
3517 2163 3636 2216 quae
3692 2148 4013 2217 signiﬁcent

732 2212 854 2310 fuit.
895 2213 983 2313 Es-
1006 2224 1235 2313 utroque
1284 2228 1464 2313 autem
1512 2237 1712 2289 genere
1765 2237 2052 2295 propterea
2106 2234 2312 2286 sacriﬁ-
2413 2238 2749 2294 intellectum
2803 2243 3049 2310 spiritus.
3085 2242 3237 2296 Unde
3298 2254 3353 2296 et
3424 2256 3573 2297 nunc
3622 2259 3746 2297 cum
3805 2260 4010 2313 agnum

730 2303 876 2355 cium
906 2303 1090 2404 ollerri
1140 2308 1418 2404 praecepit,
1472 2319 1532 2404 ut
1565 2315 1876 2370 ostenderet
1904 2319 2031 2386 quia
2060 2319 2311 2377 Christus
2414 2346 2581 2384 unum
2614 2349 2711 2400 pro
2764 2342 2988 2401 peccato
3038 2334 3385 2402 praecepisset
3444 2334 3737 2398 immolari,
3784 2338 4014 2404 qualern

732 2410 831 2461 l’"0
875 2396 1041 2496 ηυιὶίξ
1070 2397 1323 2459 οεοίδιιε.
1376 2400 1538 2455 simul
1587 2408 1885 2461 masculum
1946 2410 2311 2483 feminamque
2415 2438 2523 2475 non
2563 2425 2713 2487 dicit,
2741 2427 2865 2492 quia
2906 2426 3021 2494 ipse
3056 2436 3141 2479 est
3180 2427 3366 2494 procul
3396 2427 3563 2480 dubio
3593 2438 3701 2480 tam
3757 2444 3861 2496 pro
3910 2429 4009 2481 de—

729 2486 982 2539 sahabil.
1016 2486 1136 2541 Non
1174 2489 1376 2544 frustra
1407 2502 1589 2546 autem
1613 2498 1925 2564 agniculum
1973 2502 2028 2556 in
2082 2514 2311 2575 utroque.
2416 2514 2563 2575 licto,
2592 2486 2939 2583 quam-illius-
2964 2518 3122 2585 cujus
3154 2486 3318 2570 a-ures
3347 2532 3375 2570 a
3406 2518 3556 2586 lepra
3589 2486 4011 2572 detinebantur.

730 2578 1009 2675 praecepit,
1047 2580 1143 2633 sed
1174 2580 1476 2648 perfectum
1507 2600 1601 2652 per
1622 2587 1723 2640 hoc
1755 2591 2081 2647 sacriﬁcium
2119 2598 2313 2664 ﬁgura-
2417 2578 2642 2673 Propter
2679 2606 2807 2673 quid
2840 2622 2969 2675 ergo
3000 2578 3079 2661 sic
3129 2607 3277 2667 facit,
3315 2608 3417 2661 nisi
3461 2578 3603 2663 lor-te
3633 2619 3689 2663 ιιι
3748 2610 4013 2663 auditum

730 2667 827 2725 \it,
859 2668 1017 2735 cujus
1045 2670 1316 2732 sacrilicii,
1360 2673 1500 2725 sicut
1532 2675 1735 2729 dictum
1785 2688 1889 2743 est,
1941 2681 2041 2736 ista
2085 2684 2310 2755 ﬁguram

2422 2667 2645 2758 muniat,
2679 2667 2734 2748 et
2783 2667 3001 2749 cautum
3064 2696 3298 2749 reddat?
3342 2695 3480 2761 Quia
3532 2698 3645 2767 ipse
3686 2714 3717 2751 a
3769 2701 4018 2753 dramne

730 2767 963 2855 gerunt}
1000 2760 1241 2827 perfecta
1266 2763 1413 2815 enim
1452 2764 1505 2817 in
1537 2768 1808 2833 praedictis
1836 2773 2167 2830 animalibus
2185 2788 2313 2831 sunt
2414 2785 2693 2848 seductus,
2733 2796 3016 2855 peccatum
3047 2795 3107 2840 ut
3133 2760 3379 2841 seduxit.
3402 2788 3507 2843 Per
3530 2760 3784 2844 actiones
3825 2800 4017 2845 autem

731 2851 984 2904 annicula
1016 2853 1293 2917 animalia,
1328 2856 1397 2908 ita
1422 2864 1481 2909 ut
1504 2860 1642 2913 etad
1678 2859 1816 2917 ﬁlios
1838 2869 2177 2934 generandcs
2202 2871 2314 2926 sint
2415 2892 2636 2931 manum
2674 2877 2965 2947 signiﬁcat,
3017 2892 3114 2946 per
3143 2880 3335 2947 pedem
3377 2896 3507 2933 vero
3550 2897 3744 2935 omnes
3782 2896 4014 2935 nostros

732 2941 952 3038 idonea.
986 2944 1093 2997 Sed
1125 2947 1249 3014 quia
1286 2963 1413 3001 eum
1444 2950 1534 3018 qui
1569 2954 1881 3017 mundatur,
1914 2973 2081 3027 super
2108 2963 2311 3016 sacrili-
2416 2979 2595 3023 motus
2655 2977 2707 3023 et
2738 2969 2851 3022 vias
2875 2969 3345 3037 comprehendere
3400 2980 3455 3023 et
3485 2970 3786 3038 praevenire
3815 2971 4017 3024 voluit.

730 3036 817 3085 eiu
841 3051 876 3085 ιι
904 3033 1177 3103 Unigeniti
1218 3038 1383 3091 etiam
1422 3040 1526 3093 ﬁde
1578 3044 1742 3098 totius
1791 3045 2075 3103 Trinitatis
2109 3050 2309 3121 signari
2417 3060 2514 3114 His
2547 3060 2691 3114 enim
2745 3033 3060 3123 custoditis,
3104 3076 3200 3128 per
3257 3033 3579 3131 sanguinem
3650 3061 4021 3132 intelligibilis

730 3136 965 3190 oportet,
998 3136 1111 3182 tres
1164 3130 1402 3183 decimas
1451 3134 1665 3196 similaz,
1737 3137 1791 3189 id
1848 3149 1931 3192 est
1986 3139 2310 3197 Trinitatem
2342 3186 2383 3243 ο
2415 3150 2561 3221 agni,
2617 3160 2669 3203 et
2729 3150 3037 3220 ﬁdemque
3090 3152 3146 3205 in
3208 3166 3332 3206 eum
3368 3130 3629 3222 est,quie
3690 3130 3859 3208 nobis
3924 3170 4023 3224 per

738 3220 906 3243 Iun—1..
985 3228 1029 3243 Α.
1083 3219 1198 3243 L‘Jl:
1283 3231 1325 3243 ,ιι
1426 3241 1469 3243 ,-,
1516 3227 1549 3243 .·
1607 3226 1638 3243 n
1684 3228 1695 3237 -
1735 3229 1767 3243 ι-
1918 3232 1929 3243 ι
1989 3232 2002 3243 ι
2104 3241 2109 3243 .
2260 3236 2271 3243 .
2480 3242 2485 3243 ,
2591 3240 2600 3243 -
2726 3242 2753 3243 κν

736 3220 930 3283 latris,
982 3228 1035 3273 et
1081 3219 1224 3283 Filii,
1277 3231 1331 3275 et
1380 3227 1549 3278 sancti
1607 3226 1861 3295 Spiritus.
1916 3232 2207 3287 habentem
2260 3219 2383 3288 inu
2420 3219 2848 3295 misericordiam
2901 3219 2956 3295 et
3010 3243 3446 3311 compassionem
3498 3219 3620 3314 ejus
3675 3246 3884 3298 donata
3925 3219 4024 3300 est

2420 3333 2776 3403 intelligihilis
2828 3334 2977 3403 lepra
3050 3350 3395 3404 nequaquam
3460 3337 3671 3405 poterit
3726 3338 4021 3392 hominem

2421 3437 2733 3494 penetrare,
2770 3441 3083 3494 quanquam
3126 3434 3183 3481 et
3215 3428 3398 3481 oleum
3432 3428 3681 3492 sextarii,
3712 3443 3815 3483 seu
3867 3440 4026 3500 coty-

2415 3517 2498 3580 lae,
2555 3534 2717 3586 quam
2758 3532 2879 3570 esse
2937 3518 3099 3573 ﬁdem
3157 3518 3391 3572 dicimus
3424 3560 3438 3584 ,
3480 3520 3534 3572 in
3579 3536 3745 3574 manu
3796 3521 4024 3575 mittere

2419 3608 2761 3661 sacerdotem
2790 3608 2927 3669 vult,
2976 3617 3036 3661 ut
3080 3609 3383 3662 sacerdotis
3435 3608 3589 3671 ﬁdes,
3618 3625 3717 3678 per
3755 3626 3928 3679 quam
3969 3621 4023 3665 et

2420 3714 2523 3754 nos
2549 3699 2883 3769 proﬁcimus,
2936 3700 2990 3753 in
3020 3701 3281 3769 operibus
3314 3702 3657 3755 ostendatur.
3707 3700 3827 3756 Nec
3870 3704 4021 3757 enim

2418 3792 2576 3845 aliter
2596 3792 2703 3845 vim
2729 3807 2883 3845 suam
2908 3794 3136 3856 exserit,
3165 3792 3271 3845 nisi
3300 3808 3498 3846 manus
3519 3803 3804 3861 assumpta
3827 3793 4018 3853 fuerit,

2421 3882 2475 3935 id
2521 3890 2609 3936 est
2661 3882 2879 3936 actione
2939 3881 3283 3947 conﬁrmata,
3343 3891 3400 3936 et
3456 3883 3671 3952 signata
3729 3884 4015 3951 operibus.

2420 3973 2583 4028 Mittit
2614 3982 2795 4028 autem
2822 3974 3004 4028 oleum
3034 3975 3089 4027 in
3121 3974 3400 4029 sinistram
3432 3989 3682 4037 manum,
3712 3984 3771 4028 et
3796 3976 4022 4047 intingit

2420 4067 2649 4138 digitum
2675 4066 2928 4120 dextrum
2965 4067 3019 4119 in
3047 4067 3170 4120 oleo
3201 4068 3343 4120 sicut
3373 4068 3448 4120 ait
3473 4066 3705 4121 Paulus:
3734 4066 3844 4121 Per
3864 4086 4020 4121 arma

2414 4156 2641 4225 justititz
2710 4173 2743 4209 a
2782 4157 2982 4209 dextris
3040 4165 3089 4209 et
3137 4174 3168 4209 a
3221 4158 3487 4219 sinistris,
3536 4171 3881 4211 conversatus
3934 4177 4025 4227 per

2420 4248 2648 4319 gloriam
2696 4257 2746 4301 et
2799 4248 3212 4317 ignobilitatem,
3262 4264 3356 4317 per
3408 4249 3694 4317 infamiam
3731 4258 3782 4302 et
3832 4251 4022 4303 bonum

734 3326 1056 3380 unaquaque
1097 3328 1330 3381 persona
1357 3318 1769 3383 perfectionem.
1797 3322 2082 3379 Perfectus
2112 3328 2316 3396 quippe

732 3411 815 3455 est
854 3404 1113 3457 denarius
1153 3421 1438 3467 numerus.
1496 3421 1719 3480 propter
1762 3416 1906 3481 quod
1951 3427 2005 3470 et
2054 3416 2316 3473 Dominus

731 3494 982 3546 dici-hat:
1040 3494 1227 3550 Simile
1261 3510 1334 3551 cst
1370 3517 1588 3570 regnum
1633 3505 1885 3559 cwlorum
1934 3510 2165 3575 mulieri,
2201 3529 2318 3581 quae

734 3588 994 3653 accipiens
1036 3590 1347 3651 fermentum
1379 3594 1649 3647 abscondit
1698 3598 1753 3650 in
1797 3600 1989 3667 farina
2035 3604 2138 3655 tria
2166 3614 2315 3670 sata,

735 3694 895 3738 usque
923 3680 1047 3731 dum
1106 3683 1611 3750 perfermentarctur
1641 3697 1807 3741 totum
1827 3690 1898 3744 ".
1948 3692 2103 3747 Sulni
2135 3704 2315 3749 autem

735 3769 851 3821 lucc
889 3786 1187 3840 conSpersa
1222 3774 1347 3827 olco
1392 3776 1446 3827 in
1501 3778 1827 3834 sacriﬁcium
1857 3783 2049 3850 jubet:
2106 3787 2317 3840 sacriﬁ-

733 3863 878 3914 cium
916 3872 1097 3917 autem
1129 3864 1261 3918 dicit
1291 3865 1586 3936 Unigeniti,
1631 3873 1776 3940 quod
1810 3873 1866 3925 in
1900 3874 2023 3929 oleo
2060 3893 2318 3948 consper-

735 3971 854 4007 snrn
886 3964 988 4018 est,
1023 3956 1151 4024 quia
1207 3958 1278 4010 ob
1321 3962 1757 4029 compassionem
1815 3978 2057 4022 nostram
2106 3982 2319 4041 gestum

733 4056 834 4101 est.
873 4047 980 4101 Sed
1006 4050 1281 4117 quomodo
1311 4050 1616 4108 dicimusin
1654 4071 1722 4110 eo
1748 4066 1861 4113 tres
1890 4060 2078 4116 offerri
2129 4065 2320 4119 simila:

736 4140 765 4190 ιι
805 4139 1009 4192 cunas?
1045 4139 1155 4194 Aut
1190 4141 1318 4210 quia
1347 4144 1451 4197 etsi
1517 4145 1797 4218 Unigeniti
1826 4153 2103 4219 passione,
2137 4165 2319 4211 tamen

737 4230 904 4283 totius
928 4230 1234 4297 Trinitatis,
1273 4234 1379 4289 hoc
1417 4240 1562 4306 quod
1588 4255 1651 4293 es
1701 4241 1793 4297 illo
1820 4245 2091 4302 sacriﬁcio
2136 4258 2319 4303 actum

733 4329 839 4376 est.
878 4321 1197 4392 mysterium
1236 4324 1358 4379 fuit.
1401 4326 1460 4379 ln
1491 4330 1714 4384 nomine
1742 4333 1887 4387 enim
1918 4334 2115 4400 Patris,
2156 4338 2320 4407 atque
2422 4341 2627 4409 famam
2646 4339 2693 4371 "
2716 4377 2732 4402 .
2772 4349 2829 4393 et
2852 4355 2975 4408 qua:
3007 4340 3095 4393 his
3132 4340 3332 4394 similia
3363 4351 3513 4394 sunt.

736 4411 906 4479 ipsius
940 4415 1205 4485 unigeniti
1238 4414 1359 4470 Filii
1405 4428 1459 4473 et
1510 4424 1684 4477 sancti
1716 4424 1953 4494 Spiritus
1982 4432 2149 4483 etiam
2182 4431 2318 4500 bap-
2495 4432 2639 4486 Tunc
2667 4442 2908 4503 asperge!
2936 4434 3125 4501 septies
3154 4443 3338 4486 contra
3379 4432 3689 4487 Dominum.
3730 4434 4027 4489 Praesumit

736 4505 895 4557 tisma
953 4504 1154 4575 agitur,
1184 4506 1238 4560 in
1268 4523 1379 4576 quo
1409 4509 1465 4563 in
1493 4522 1666 4567 morte
1696 4514 1900 4570 Christi
1950 4518 2312 4588 baptizamur,
2349 4530 2393 4585 ι)
2422 4522 2571 4577 enim
2605 4521 2729 4576 talis
2757 4522 3013 4577 sacerdos
3063 4522 3203 4591 apud
3261 4522 3456 4587 Deum,
3489 4522 3711 4592 quando
3750 4525 4027 4577 mundare

736 4603 789 4647 et
832 4604 1004 4650 totum
1063 4597 1240 4668 ipsum
1300 4604 1614 4672 mysterium
1685 4607 1740 4659 in
1794 4626 1860 4663 eo
1909 4614 2311 4667 sanctilieatur.

739 4685 1005 4755 Prmeepit
1033 4698 1216 4745 autem
1255 4702 1310 4747 et
1361 4698 1659 4751 sextarium
1688 4701 1797 4754 olei
1834 4703 1999 4767 sumi,
2027 4705 2157 4772 quia
2212 4704 2319 4759 lide

738 4777 1083 4849 in:.elligitur,
1117 4794 1171 4841 et
1227 4787 1405 4854 agitur
1472 4793 1903 4862 unumquodque
1955 4811 2147 4850 eorum
2198 4813 2320 4866 qua:

737 4869 996 4937 pnedieta
1026 4880 1175 4926 sunt.
1202 4872 1333 4940 Quae
1354 4877 1503 4946 juste
1533 4884 1804 4938 sextarius
1829 4886 2169 4950 nominatur,
2192 4889 2319 4958 quia

735 4960 1194 5029 quemadmodum
1220 4969 1490 5023 sextarius
1543 4988 1798 5029 mensura
1835 4984 1941 5035 est.
1974 4978 2057 5032 vel
2082 4979 2127 5034 si
2170 4989 2321 5052 coty-

739 5054 843 5109 lam
919 5058 1222 5114 secundum
1285 5061 1427 5118 LXX
1479 5066 1744 5130 dicamus,
1811 5072 2002 5127 eadem
2062 5090 2319 5129 mensura

739 5148 1171 5221 uniuscujusque
1209 5155 1391 5210 minus
1423 5167 1478 5213 et
1509 5160 1628 5229 plus
1650 5177 1758 5215 non
1786 5164 1949 5234 capit.
1986 5165 2143 5231 Quod
2172 5169 2321 5222 enim

740 5240 864 5309 plus
892 5248 999 5303 est,
1046 5241 1365 5307 eflunditur,
1396 5248 1579 5304 minus
1622 5259 1806 5307 autem
1865 5263 2159 5325 propterea
2210 5273 2320 5312 non

740 5332 990 5401 suscipit,
1025 5335 1153 5403 quia
1187 5336 1292 5392 hoc
1318 5340 1464 5407 quod
1495 5342 1766 5398 minuitur
1814 5361 2158 5419 nequaquam
2207 5352 2320 5421 jam

741 5424 1034 5489 sextarius,
1060 5428 1145 5482 vel
1176 5430 1351 5500 cotyla
1402 5434 1602 5501 poterit
1632 5438 1913 5505 appellari.
1960 5439 2052 5495 Sic
2081 5451 2136 5496 et
2187 5443 2323 5497 ﬁdes

743 5516 811 5569 ad
853 5518 1055 5571 mentis
1082 5531 1283 5576 nostra:
1316 5538 1627 5582 mensuram
1657 5529 1837 5593 datur,
1878 5549 2000 5603 qua:
2031 5551 2138 5589 non
2179 5538 2324 5605 capit

745 5609 978 5676 amplius
1008 5618 1102 5665 aut
1151 5612 1330 5667 minus
1361 5630 1520 5685 quam
1554 5618 1848 5689 unicuique
1874 5637 1902 5675 a
1946 5620 2055 5676 Deo
2083 5633 2167 5677 est
2212 5625 2325 5679 dis-

819 5784 864 5817 ⁸³
892 5784 1025 5839 Gen.
1068 5803 1255 5851 xxxiii,
1294 5790 1341 5841 2.
1424 5792 1463 5822 λδ
1497 5791 1624 5845 an.
1658 5810 1775 5860 xm,
1808 5794 1897 5849 21.

1984 5797 2022 5827 λλ
2052 5795 2211 5850 Rom.
2247 5812 2328 5861 Ill,
2355 5795 2542 5851 20-22.

2418 4628 2514 4668 eos
2532 4611 2627 4682 qui
2658 4610 3041 4666 necessitatem
3066 4611 3368 4679 patiuntur,
3392 4620 3449 4665 et
3473 4610 3753 4664 dimittere
3776 4611 3866 4665 eis
3893 4626 4027 4680 pec-

2419 4714 2541 4759 cata
2586 4704 2849 4773 potuerit.
2898 4702 3129 4772 Propter
3159 4702 3305 4772 quod
3348 4701 3553 4772 septies
3582 4702 3853 4772 aspergit,
3897 4702 4027 4772 quia

2421 4809 2687 4847 numerus
2713 4794 2815 4847 iste
2856 4792 3109 4845 remissio
3142 4800 3495 4861 peccatorum
3523 4805 3646 4844 esse
3676 4790 4036 4844 demonstra-

2423 4896 2511 4941 tus
2534 4896 2638 4940 est.
2676 4886 2782 4940 Sed
2822 4895 3109 4955 postquam
3164 4884 3369 4938 fuderit
3410 4899 3577 4954 super
3606 4892 3862 4937 extrema
3892 4884 4033 4938 dese

2426 4990 2631 5034 trarqu
2681 4978 3077 5041 auricularum,
3110 4985 3166 5031 et
3207 4992 3373 5047 super
3424 4976 3650 5046 pollices
3708 4991 3941 5039 manus,
3970 4992 4035 5031 ac

2426 5070 2579 5140 pedis
2591 5068 2790 5134 dextri,
2811 5069 3113 5123 secundum
3130 5068 3276 5138 quod
3292 5083 3453 5137 supra
3466 5067 3727 5129 diximus,
3748 5068 4033 5137 reliquum

2423 5160 2528 5213 olei
2571 5160 2624 5213 in
2660 5169 2825 5231 caput
2853 5160 3033 5214 fundit
3057 5160 3178 5229 ejus
3200 5160 3293 5229 qui
3318 5170 3544 5215 vocatus
3574 5169 3658 5214 est
3701 5169 3765 5213 ut
3793 5161 4034 5213 munda-

2427 5264 2607 5310 retur:
2644 5270 2744 5325 per
2788 5265 2955 5323 caput
3002 5254 3495 5309 sanctificationem
3544 5251 3695 5307 omni
3752 5264 4033 5323 pnestans

2428 5345 2677 5416 corpori,
2734 5344 3117 5414 christumque
3175 5343 3391 5399 Domini
3422 5358 3546 5398 eum
3585 5343 3677 5412 qui
3721 5344 4033 5398 mundatus

2430 5446 2537 5501 est,
2568 5452 2667 5506 per
2694 5436 2837 5491 hanc
2886 5436 3206 5491 unctionem
3258 5435 3526 5490 efﬁciens.
3578 5432 3762 5500 Tunc,
3819 5436 4031 5507 inquit,

2433 5544 2534 5597 pro
2575 5537 2800 5595 peccato
2835 5527 3163 5587 sacriﬁcium
3201 5526 3432 5581 oﬂ‘ertur
3468 5544 3480 5579 :
3537 5527 3773 5596 qualiter
3813 5538 4031 5591 autem,

2434 5634 2545 5672 non
2578 5619 2731 5681 dicit,
2768 5634 2827 5672 es
2875 5620 2960 5673 his
2975 5620 3121 5673 enim
3153 5634 3274 5688 quae
3304 5620 3373 5673 de
3399 5618 3613 5673 delictis
3672 5618 3821 5673 dicta
3880 5628 4027 5681 sunt,

2635 5797 2676 5828 “
2711 5796 2867 5850 Rom.
2898 5812 2969 5858 ιι.
2999 5799 3051 5850 6.
3131 5797 3173 5827 “
3213 5795 3254 5851 ll
3287 5796 3411 5851 Cor.
3447 5812 3520 5859 vi,
3564 5794 3693 5860 7,8.
