4218 6450
206 409 312 476 957

1351 408 1434 468 ΙΝ
1473 409 1919 470 LEVITICUM.
1959 432 2030 444 -
2063 409 2213 468 LIB.
2244 408 2340 469 IV.

3379 410 3486 476 958

211 518 446 584 possunt
474 511 639 566 etiam
695 524 760 567 ea
793 528 916 582 qua:
943 527 1046 582 pro
1092 521 1318 583 peccato
1362 522 1514 581 sunt,
1559 513 1789 585 conjici:
1822 518 1868 575 Α
1899 514 2419 584 contemplationem
2459 513 2730 584 intendat,
2788 525 2846 572 et
2897 516 2964 572 ad
3009 516 3223 572 occulta
3254 515 3486 586 spiritus

213 601 391 656 vicina
419 601 566 656 enim
594 612 743 666 sunt,
774 613 832 657 et
858 604 1168 658 communia
1197 613 1388 674 utpote
1433 606 1486 658 in
1520 607 1796 660 communi

217 693 464 748 materia.
495 693 627 749 Post
674 693 777 749 hoc
823 694 1066 749 immolat
1095 697 1497 760 holocaustum,
1531 705 1587 752 et
1642 701 1799 768 ponit

215 785 348 840 illud
378 785 432 840 in
463 785 656 851 altare,
679 795 786 840 tam
823 803 921 856 pro
949 788 1143 843 ordine
1183 789 1598 851 sacriﬁciorum,
1632 805 1796 859 quam

215 893 316 947 pro
338 892 406 932 eo
429 878 521 946 qui
546 879 826 948 paulisper
855 881 1109 948 provenit
1136 881 1269 950 legis
1315 882 1586 950 profectu.
1641 881 1796 937 Prius

214 970 364 1024 enim
396 969 726 1026 sacriﬁcium
759 972 972 1040 peccati
1022 980 1078 1026 et
1105 973 1288 1027 delicti
1321 974 1523 1043 posuit,
1577 983 1632 1029 et
1665 983 1796 1030 tunc

218 1058 618 1114 holocaustum.
673 1059 814 1130 Ergo
844 1061 996 1130 prius
1025 1077 1125 1117 nos
1158 1063 1360 1117 Christi
1405 1063 1730 1118 sacriﬁcium
1763 1078 1793 1119 a

216 1151 434 1206 delictis
463 1160 519 1205 et
540 1153 783 1220 peccatis
811 1153 1061 1216 mundat,
1091 1163 1147 1207 et
1175 1163 1311 1208 tunc
1349 1164 1598 1210 nostrum
1621 1157 1796 1210 conﬁ-

216 1247 362 1297 citur
384 1243 784 1300 holocaustum.
817 1243 882 1298 Et
905 1253 1191 1314 propterea
1242 1246 1477 1314 primum
1517 1263 1548 1301 a
1596 1248 1786 1305 delictc

215 1335 441 1402 dicens,
488 1337 688 1390 deinde
736 1335 854 1391 haec
893 1337 1157 1403 subdidit,
1189 1338 1315 1408 quia
1346 1339 1414 1392 tle
1469 1337 1689 1394 Christo
1741 1349 1798 1394 et

217 1428 338 1482 hinc
371 1439 427 1482 ct
456 1428 543 1482 illa
583 1429 822 1496 dicebat,
855 1441 912 1485 et
956 1431 1024 1485 ad
1049 1447 1216 1485 unum
1247 1433 1605 1499 sacriﬁcium,
1648 1434 1795 1504 quod

214 1535 285 1573 ex
320 1519 494 1575 hostia
524 1520 684 1576 nobis
714 1522 1205 1578 sanctiﬁcationem
1233 1525 1462 1594 praebet,
1513 1527 1661 1596 quod
1695 1542 1796 1582 nos

214 1609 288 1663 ad
315 1609 484 1663 altare
505 1610 803 1665 ascendere
832 1610 980 1665 facit.
1007 1610 1239 1677 Quando
1255 1612 1402 1666 enim
1435 1613 1795 1684 intelligibilis

213 1700 608 1754 emundatione
654 1702 882 1770 spiritus
940 1709 1114 1755 totum
1177 1713 1424 1756 nostrum
1481 1719 1682 1773 corpus
1739 1715 1795 1757 et

215 1789 453 1843 animant
519 1790 944 1854 sanetiﬁcantes,
997 1792 1272 1860 spiritales
1316 1791 1443 1845 facti
1488 1792 1788 1856 fuerimus,

1903 605 2134 659 deducat
2167 621 2293 660 cum
2333 605 2428 675 qui
2459 605 2573 660 vult
2606 607 2812 678 ingredi
2843 610 2910 664 ad
2935 610 3224 664 thesauros
3250 609 3484 666 abscon-

1898 694 2044 750 ditos
2084 696 2350 751 scientias.
2379 696 2515 750 Cum
2549 697 2737 752 liceret
2755 698 2901 752 enim
2929 699 2980 753 ei
3013 708 3295 752 coarctare
3316 697 3486 752 sacri-

1898 787 2146 841 liciorum
2171 803 2484 852 numerum,
2510 797 2738 860 propter
2769 801 3143 860 paupertatem
3175 790 3481 852 oﬁ'erentis,

1899 876 2004 931 hoc
2029 879 2308 943 amittens,
2335 879 2459 934 vilia
2489 881 2736 951 quiedam
2765 882 2837 944 ei,
2865 890 2921 935 ct
2957 896 3066 935 non
3114 882 3293 952 magni
3321 880 3482 952 pretii

1895 970 2156 1038 exquirit,
2180 972 2325 1040 quod
2346 971 2475 1027 facit
2492 981 2601 1027 tam
2631 973 2937 1044 paupertati
2976 972 3264 1042 ignoscens
3316 987 3480 1040 quam

1893 1059 2062 1113 etiam
2091 1060 2246 1116 lucro
2278 1062 2694 1128 sacriﬁciorum,
2738 1063 2928 1118 volens
2977 1066 3068 1118 dat
3094 1062 3399 1132 intelligere
3451 1078 3481 1115 a

1895 1163 2001 1216 qua
2029 1149 2179 1220 lepra
2205 1150 2470 1205 malitiam
2489 1151 2789 1221 signiﬁcat,
2829 1151 3032 1207 deinde
3070 1153 3235 1222 hujus
3289 1165 3483 1214 emun-

1893 1243 2042 1297 datio
2065 1253 2151 1299 est
2180 1243 2524 1314 ptenitentia.
2561 1242 2687 1298 llaec
2729 1252 2913 1297 autem
2957 1258 3122 1313 opera
3171 1241 3482 1297 necessaria

1898 1341 2077 1405 lialet,
2138 1357 2260 1411 qua:
2304 1341 2600 1396 virtutibus
2652 1351 2710 1395 et
2762 1340 2997 1395 actionis
3043 1340 3225 1396 studio
3269 1339 3484 1395 valeant

1894 1430 2078 1484 delere
2133 1439 2396 1500 peccata,
2453 1438 2682 1499 propter
2734 1429 2878 1497 quod
2945 1427 3186 1484 Joannes
3243 1427 3481 1496 Baptista

1896 1522 2098 1592 populo
2121 1521 2437 1576 Judaorum
2480 1521 2734 1576 dicebat:
2777 1519 2960 1574 Facite
3001 1521 3229 1590 fructum
3263 1522 3482 1591 dignum

1893 1610 2307 1680 paenitentia".
2370 1609 2752 1665 Consideravit
2825 1609 3006 1675 enim,
3057 1609 3198 1665 sicut
3265 1609 3482 1664 subtilis

1894 1704 2191 1774 legislator,
2215 1718 2311 1758 eos
2327 1699 2438 1773 'qui
2461 1718 2573 1756 non
2591 1702 2776 1756 omnia
2805 1701 3038 1771 possint,
3061 1717 3182 1770 qua:
3207 1701 3482 1770 pertinent

1896 1799 1961 1852 ad
1993 1797 2297 1852 districtam
2327 1795 2595 1849 rationem
2625 1793 2968 1864 paenitentia:
3012 1793 3298 1858 exhibere,
3343 1806 3483 1862 opus

217 1890 349 1934 tunc
380 1881 526 1951 digni
549 1883 616 1937 ad
662 1884 1043 1938 ascensionem
1089 1885 1274 1938 altaris
1323 1885 1624 1940 eﬁicimur:
1661 1893 1792 1941 tunc
1825 1863 1864 1916 Β
1894 1887 2044 1942 enim
2070 1886 2236 1940 habet
2265 1884 2591 1955 paenitentia
2631 1863 2937 1937 orationem
2990 1882 3280 1944 intentam,
3333 1882 3476 1935 elee—

215 1973 589 2043 plenissimam
655 1977 955 2046 accipimus
1015 1978 1448 2044 mundationem,
1504 1988 1789 2048 postquam

209 2060 323 2129 jam
349 2063 510 2116 aliam
541 2066 906 2119 necessariam
933 2081 1040 2120 non
1074 2067 1360 2122 habemus.
1399 2067 1610 2122 Audisti
1644 2068 1790 2123 enim

212 2168 365 2206 nunc
387 2155 844 2210 emundationnm
875 2156 1202 2225 profectum,
1247 2173 1475 2227 quarum
1511 2159 1626 2213 hzec
1669 2159 1792 2227 qui.-

207 2245 337 2298 detn
371 2260 521 2299 nosa
549 2247 854 2315 pollutione
881 2249 1047 2317 lepra:
1078 2249 1295 2312 liberat,
1340 2249 1442 2303 alia
1501 2259 1684 2304 autem
1735 2251 1790 2304 in

209 2337 411 2392 Castris
436 2337 734 2395 introducit
769 2341 895 2405 Dei;
938 2342 1056 2395 ιιωο
1085 2351 1268 2396 autem
1316 2343 1380 2396 ad
1414 2344 1584 2396 altare
1615 2344 1789 2413 ipsum

207 2427 505 2492 deducere,
536 2438 720 2499 utpote
749 2430 1066 2500 plenissime
1096 2433 1406 2497 mundatus,
1430 2441 1592 2502 atque
1612 2433 1792 2488 suble-

209 2532 343 2571 vare
387 2528 588 2587 potest.
638 2519 774 2574 Cum
828 2529 1008 2574 autem
1063 2537 1322 2576 vocemur
1364 2523 1430 2576 ad
1468 2527 1790 2593 sequentia,

209 2623 442 2663 necesse
475 2619 558 2663 est
587 2619 644 2664 ut
675 2611 742 2665 ad
776 2626 840 2665 ea
862 2627 985 2666 cum
1013 2612 1163 2666 omni
1189 2613 1368 2668 studio
1405 2623 1762 2669 transeamus.

288 2700 449 2756 Vsus.
479 2701 667 2756 2l-3‘2.
711 2722 729 2755 ι
761 2702 916 2769 Quod
941 2704 985 2758 si
1019 2696 1225 2774 pauper
1247 2716 1350 2769 est,
1398 2718 1453 2760 et
1476 2722 1585 2760 non
1617 2716 1795 2778 potest

212 2806 410 2848 manus
441 2792 560 2862 ejus
596 2794 846 2848 invenire
871 2811 993 2864 quae
1023 2797 1166 2850 dicta
1202 2807 1353 2861 sunt,
1382 2809 1564 2853 sumet
1594 2816 1792 2870 agnum

210 2897 315 2957 pro
346 2882 546 2938 delicto
575 2885 642 2939 ad
673 2886 1024 2952 oblationem,
1050 2896 1110 2942 ut
1138 2897 1289 2958 roget
1305 2905 1402 2958 pro
1427 2905 1493 2943 eo
1520 2891 1792 2956 sacerdos,

211 2971 590 3042 decimamque
616 2982 826 3043 partem
853 2976 1044 3031 similae
1064 2991 1421 3047 conspersam
1454 2981 1575 3034 oleo
1623 2981 1678 3034 in
1707 2997 1794 3035 sa-

206 3063 504 3125 criﬁcium.
530 3073 586 3120 et
613 3066 718 3118 olei
739 3068 1061 3133 sextarium,
1097 3069 1346 3140 duosque
1384 3081 1628 3126 turtures
1679 3076 1794 3128 sive

211 3154 352 3207 duos
375 3154 553 3223 pullos
572 3155 861 3220 columbae,
895 3172 1129 3226 quorum
1156 3160 1226 3212 sit
1251 3175 1394 3214 unus
1420 3177 1519 3231 pro
1549 3173 1792 3230 peccato,

204 3256 269 3310 et
300 3247 443 3309 alter
472 3248 528 3300 in
571 3247 949 3303 holocaustum
975 3293 988 3312 ,
1041 3251 1311 3321 oﬁ‘ertque
1353 3269 1418 3308 ea
1465 3255 1554 3308 die
1603 3264 1795 3309 octavo

211 3336 615 3404 pn-riﬁcatienis
645 3353 758 3392 sua:
786 3339 1054 3394 sacerdoti
1104 3340 1169 3394 ad
1203 3341 1404 3395 ostium
1465 3343 1796 3396 tabernaculi

214 3429 515 3485 testimonii
535 3445 719 3484 comm
748 3429 994 3486 Domino.
1013 3433 1117 3499 Qui
1144 3433 1456 3504 suscipiens
1477 3450 1676 3504 agnum
1697 3451 1797 3505 pro

209 3520 449 3584 delicto.
479 3533 536 3576 et
563 3523 861 3579 sextarium
899 3510 1039 3586 olei,
1073 3525 1274 3580 levabit
1303 3527 1500 3591 simul;
1549 3528 1796 3589 immola-

210 3621 382 3679 toque
402 3625 561 3678 agno,
584 3611 655 3666 de
681 3611 946 3682 sanguine
966 3615 1088 3683 ejus
1116 3624 1281 3684 ponet
1297 3630 1463 3686 super
1493 3627 1795 3672 extremum

211 3701 474 3756 auricula:
499 3702 705 3756 dextrze
756 3702 879 3772 ejus
905 3704 998 3772 qui
1022 3704 1377 3769 emundatur,
1408 3713 1462 3757 et
1488 3719 1653 3774 super
1683 3706 1799 3774 pol-

213 3795 350 3850 lices
380 3809 574 3849 manus
598 3795 718 3864 ejus
753 3810 816 3848 ac
845 3797 1001 3864 pedis
1025 3796 1221 3849 dextri.
1255 3796 1370 3849 Oiei
1401 3811 1533 3850 vero
1586 3807 1796 3865 partem

212 3887 398 3941 mittet
420 3887 474 3940 in
506 3901 727 3940 manum
758 3902 911 3942 suam
941 3888 1245 3952 sinistram,
1269 3887 1327 3941 in
1354 3903 1464 3957 quo
1520 3889 1798 3957 intingens

209 3976 445 4044 digitum
507 3977 710 4031 dextrze
766 3992 993 4042 manus,
1051 3987 1306 4048 asperget
1348 3978 1556 4047 septies
1605 3986 1796 4032 contra

215 4068 532 4125 Dominum.
570 4067 887 4139 Tangetque
943 4078 1252 4123 extremum
1282 4058 1487 4123 dextrae
1537 4070 1798 4124 auricula:

215 4163 364 4215 illius
404 4162 497 4230 qui
532 4163 830 4215 mandatur
885 4170 942 4215 et
991 4161 1220 4230 pollices
1273 4176 1488 4216 manus.
1524 4177 1588 4217 ac
1644 4162 1798 4230 pedis

213 4251 394 4306 dextri
429 4251 486 4303 in
517 4250 636 4304 loco
657 4250 943 4320 sanguinis
975 4251 1068 4320 qui
1094 4249 1303 4305 eﬁ‘usus
1323 4260 1407 4305 est
1436 4265 1537 4320 pro
1577 4250 1794 4304 delicto.

214 4340 502 4408 Reliquam
530 4348 713 4394 autem
763 4348 971 4409 partem
1003 4339 1130 4403 olei,
1177 4354 1299 4408 qua:
1349 4347 1436 4394 est
1470 4339 1526 4393 in
1577 4338 1797 4394 sinistra

210 4446 384 4487 manu
419 4432 599 4486 mittet
621 4447 792 4500 super
837 4439 1002 4501 caput
1040 4429 1333 4500 puriﬁcati,
1387 4439 1446 4484 ut
1474 4432 1653 4501 placet
1698 4447 1798 4500 pro

1896 1992 2196 2049 mosynatn,
2253 1976 2484 2046 vigilias,
2553 1988 2795 2038 saccum,
2845 1970 3156 2041 jejunium;
3205 1979 3483 2040 postremo

1894 2072 2055 2127 etiam
2095 2072 2180 2126 illa
2231 2086 2352 2138 qua
2401 2067 2568 2123 David
2609 2066 2778 2122 dicit:
2831 2065 3012 2121 Factae
3045 2072 3166 2116 sunt
3222 2064 3353 2116 milii
3397 2062 3484 2116 la-

1893 2181 2083 2234 CTme
2113 2179 2240 2217 mea!
2275 2177 2437 2230 panes
2470 2161 2556 2213 die
2601 2176 2665 2212 ac
2701 2166 2846 2211 nocte
2865 2156 2910 2189 “
2935 2197 2949 2211 .
2984 2156 3051 2210 Et
3079 2172 3091 2208 :
3128 2154 3340 2208 Lavabo
3390 2168 3484 2223 per

1891 2257 2127 2326 singulas
2144 2264 2314 2307 noctes
2342 2253 2531 2306 lectum
2556 2268 2729 2305 meum
2750 2267 2768 2314 ;
2790 2249 3039 2319 lacrymis
3056 2256 3283 2302 stratum
3309 2262 3482 2299 meum

1894 2347 2137 2419 rigabo“
2159 2387 2172 2400 .
2208 2346 2316 2400 Sed
2348 2353 2434 2398 et:
2477 2343 2720 2398 Cinerem
2767 2342 2904 2395 sicut
2935 2356 3127 2409 panem
3184 2339 3469 2393 mandura~

1895 2439 2036 2495 bam.
2083 2449 2131 2492 et
2159 2448 2340 2506 potum
2365 2452 2537 2490 meum
2572 2450 2702 2492 .cum
2727 2435 2853 2503 ﬂetu
2906 2431 3250 2486 miscebam”
3269 2471 3284 2485 .
3343 2428 3484 2484 Sunt

1894 2532 2094 2587 etenim
2122 2529 2216 2600 qui
2257 2530 2375 2584 haec
2430 2527 2616 2583 omnia
2668 2526 2892 2581 forsitan
2951 2532 3176 2593 propter
3227 2531 3482 2577 senectu-

1894 2633 2025 2687 tem,
2051 2632 2146 2678 aut
2185 2630 2408 2692 propter
2440 2621 2668 2675 nimiam
2697 2617 2944 2688 corporis
2979 2615 3374 2679 inﬁrmitatem,
3398 2615 3482 2667 vel

1894 2717 2050 2770 aliam
2081 2714 2488 2776 necessitatem,
2516 2727 2677 2781 agere
2709 2725 2819 2764 non
2851 2716 3104 2779 possunt,
3132 2707 3272 2761 sicut
3300 2708 3356 2760 in
3379 2705 3486 2759 alio

1893 2805 2116 2876 negotio
2148 2804 2438 2874 praesentis
2469 2803 2590 2856 libri
2619 2799 2957 2870 interpretati
2991 2812 3217 2852 sumus:
3255 2794 3486 2866 ignoscit

1897 2897 1999 2961 his,
2035 2895 2158 2965 quia
2200 2894 2390 2948 volunt
2415 2893 2657 2963 quidem.
2689 2907 2799 2945 non
2827 2889 3043 2944 invenit
3073 2897 3260 2942 autem
3289 2902 3486 2941 manus

1896 3001 2108 3040 eorum.
2129 2983 2248 3036 Non
2279 2994 2512 3052 possunt
2545 2982 2716 3048 enim,
2763 2987 2816 3033 et
2853 2987 3043 3049 utpote
3069 2977 3285 3032 veniam
3325 2976 3482 3039 dans,

1896 3076 2126 3130 alteram
2160 3076 2241 3129 eis
2279 3075 2424 3127 viam
2469 3072 2828 3143 paenitentiae,
2872 3071 2977 3125 alia
3024 3085 3224 3140 genera
3277 3067 3486 3146 sacriﬁ-

1896 3169 2104 3221 ciorum
2167 3165 2424 3235 exquirit,
2487 3172 2542 3218 et
2604 3173 2733 3218 ante
2784 3162 2968 3217 omnia
3021 3161 3240 3232 quidem
3287 3175 3486 3231 agnum

1897 3257 2072 3314 dicit:
2131 3265 2350 3327 oportet
2392 3255 2539 3310 enim
2589 3267 3039 3323 unumquemque
3092 3248 3475 3321 pmnitentiam

1897 3338 2150 3420 agentem
2197 3348 2266 3402 ad
2312 3345 2704 3416 benignitatem
2752 3353 2879 3397 ante
2908 3342 3091 3410 omnia
3149 3341 3384 3410 migrare
3431 3348 3488 3392 et

1900 3440 2043 3494 hanc
2105 3437 2347 3501 studere,
2381 3434 2507 3504 quia
2556 3434 2675 3488 bazc
2724 3433 2892 3487 etiam
2924 3431 3153 3484 cuilibet
3191 3420 3372 3483 facilis
3417 3428 3486 3482 ad

1897 3528 2313 3599 adipiscendum
2340 3536 2424 3582 est
2454 3541 2619 3595 quam
2656 3540 2687 3578 a
2733 3523 2889 3577 malis
2926 3521 3270 3577 abstinuerit.
3351 3564 3360 3573 .

1972 3621 2241 3674 Decimam
2270 3628 2476 3688 partem
2503 3616 2696 3670 similae
2746 3630 3078 3684 conspersam
3105 3615 3238 3666 oleo.
3295 3612 3355 3668 Id
3406 3621 3491 3667 est

1896 3711 2102 3767 Christi
2135 3709 2463 3779 theologiam
2489 3706 2734 3776 assequi,
2763 3706 2859 3776 qui
2883 3705 3008 3760 oleo
3045 3719 3143 3758 seu
3176 3702 3492 3758 misericor-

1897 3803 1985 3856 dia
2016 3800 2187 3855 nostri
2212 3797 2613 3868 contemperari
2648 3811 2841 3866 passus
2874 3804 2960 3849 est
2989 3795 3140 3847 carni
3161 3794 3278 3861 ._Et
3305 3800 3488 3847 sexta-

1899 3892 2062 3955 rium,
2096 3904 2196 3944 seu
2220 3889 2524 3942 secundum
2549 3885 2712 3952 LXX,
2747 3885 2977 3954 cotylant
2998 3883 3097 3936 olei
3133 3897 3326 3946 unam;
3348 3881 3492 3936 hanc

1899 3993 2230 4036 autemesse
2281 3977 2734 4034 manifestissime
2789 3977 2953 4030 ﬁdem
3007 3975 3066 4028 in
3125 3973 3493 4028 anterioribus

1897 4070 2420 4127 demonstravimus.
2449 4068 2558 4124 Sed
2575 4068 2706 4138 quid
2739 4066 2925 4120 oﬁerri
2951 4080 3078 4120 cum
3105 4065 3193 4119 his
3217 4063 3493 4135 legislator

1899 4164 2199 4237 praecepit?

1975 4258 2116 4310 Duos
2137 4264 2390 4318 turtures,
2445 4254 2527 4309 vel
2550 4255 2683 4308 duos
2725 4252 2898 4322 pullos
2937 4250 3323 4304 columbarum.
3365 4247 3493 4303 Haec

1900 4359 2082 4403 autem
2128 4347 2290 4402 facile
2319 4346 2675 4416 reperiuntur
2717 4359 2749 4398 a
2777 4343 3048 4414 quolibet,
3082 4342 3138 4397 id
3178 4350 3271 4395 est
3311 4340 3491 4395 conti-

1899 4455 2064 4493 nuam
2100 4438 2235 4509 legis
2291 4437 2891 4504 meditationem,.quaa
2918 4449 3028 4488 non
3072 4432 3246 4487 solum
3280 4447 3349 4485 ex
3399 4431 3495 4484 le-

213 4538 286 4578 co
323 4523 633 4577 Dominum.
675 4521 744 4577 Et
771 4531 1064 4588 turturem,
1102 4521 1218 4576 sive
1269 4523 1477 4591 pullum
1530 4523 1796 4578 columbae
1829 4533 1872 4587 D
1901 4531 2108 4590 ctione,
2139 4542 2208 4581 ne
2243 4525 2384 4581 forte
2411 4535 2468 4580 et
2496 4526 2640 4579 hanc
2668 4525 2819 4578 dicas
2845 4537 2969 4577 esse
2996 4521 3324 4591 quibusdam
3349 4517 3492 4574 ditii-

211 4613 429 4679 oﬁ‘eret,
468 4628 637 4668 unum
667 4629 768 4683 pro
799 4613 1017 4676 delicto,
1067 4622 1122 4668 et
1152 4614 1384 4667 alterum
1432 4613 1487 4666 in
1537 4613 1796 4668 holocau-

212 4715 362 4760 stum
380 4718 504 4759 cum
522 4702 836 4758 libamentis
859 4702 992 4757 suis.
1015 4702 1131 4758 Hoc
1150 4711 1235 4757 est
1255 4703 1580 4758 sacriﬁcium
1599 4704 1795 4774 leprosi

1897 4621 2086 4688 cilem,
2103 4619 2197 4672 sed
2220 4627 2276 4672 et
2315 4633 2382 4671 ex
2414 4615 2902 4686 contemplatione,
2939 4629 3062 4684 qua:
3096 4621 3182 4667 est
3211 4612 3269 4665 in
3307 4612 3494 4664 animo

1895 4714 1954 4759 et
2001 4711 2205 4768 mente,
2266 4704 2576 4759 conﬁcitur.
2617 4702 2754 4770 Quae
2799 4711 3034 4772 utraque
3085 4717 3189 4771 pro
3235 4715 3398 4755 sacco
3438 4709 3496 4755 et

210 4796 310 4867 qui
334 4796 534 4850 habere
563 4810 673 4851 non
704 4795 1099 4865 potestomnia
1126 4795 1180 4848 in
1209 4796 1599 4850 emundatione
1627 4797 1731 4850 sui.
1771 4818 1790 4848 ι
1891 4795 2103 4865 jejunio
2147 4805 2202 4850 et
2248 4796 2532 4867 iacrymis,
2590 4804 2646 4850 et
2687 4796 2910 4860 cinere,
2953 4795 3080 4849 cibo
3125 4801 3293 4859 sunt,
3330 4803 3494 4860 atque

289 4887 612 4941 Admirabili
640 4900 767 4956 erga
791 4901 888 4940 eos
919 4887 1012 4954 qui
1035 4886 1206 4956 legem
1228 4887 1796 4957 accipiuntlegislator

212 4978 686 5034 condescensione
715 4979 908 5032 utitur.
943 4977 1082 5032 Ecce
1109 4980 1256 5032 enim
1310 4978 1526 5032 veniam
1557 4993 1794 5048 pauper-

211 5069 314 5122 tati
335 5070 448 5132 dat.
481 5077 536 5124 et
565 5069 843 5123 moderata
879 5068 1104 5139 pauperi
1144 5068 1408 5123 sacriﬁcia
1443 5084 1564 5124 esse
1591 5084 1797 5138 praece-

210 5160 314 5233 pit,
345 5177 412 5216 ne
464 5161 605 5216 forte
646 5162 1021 5230 Obstupescat.
1071 5160 1202 5215 dum
1253 5162 1457 5231 majora
1510 5161 1581 5227 ei,
1629 5177 1796 5231 quam

211 5255 390 5310 virtus
414 5263 520 5316 est,
552 5254 967 5324 prmcipiuntur.
990 5252 1098 5308 Sed
1128 5254 1253 5324 quia
1284 5269 1388 5309 nec
1431 5268 1621 5309 eorum
1674 5269 1794 5324 quat

210 5348 362 5404 dicta
411 5357 541 5402 sunt
581 5347 860 5418 quidpiam
915 5347 1075 5402 facile
1123 5347 1178 5401 in
1237 5355 1446 5417 quaestu
1497 5361 1795 5416 pauperum

214 5437 567 5504 invenimus,
626 5437 719 5509 qui
779 5437 928 5492 enim
981 5453 1089 5491 non
1157 5437 1322 5492 habet
1366 5452 1592 5506 panem,
1651 5437 1796 5492 unde

212 5531 450 5601 agnum?
480 5530 572 5600 qui
602 5541 784 5584 autem
815 5530 1044 5600 pecunia
1074 5538 1215 5602 eget,
1242 5530 1389 5584 unde
1413 5538 1558 5584 emat
1583 5529 1796 5584 colum-

216 5624 342 5679 bam
375 5622 457 5675 vel
503 5629 770 5676 turturem
801 5623 824 5675 Υ
855 5621 1204 5678 manifestum
1240 5629 1323 5676 est
1362 5619 1506 5690 quod
1559 5619 1790 5689 aliquam

292 5820 337 5856 ⁸⁷
370 5819 557 5876 ﬁatut.
593 5836 678 5889 tu,
715 5822 768 5877 8.
850 5821 889 5854 ³³
928 5823 1068 5878 Psal.
1099 5839 1204 5889 su,
1239 5823 1289 5878 ai.

1896 4886 2190 4951 similibus,
2218 4887 2265 4940 si
2291 4887 2380 4941 illa
2428 4886 2496 4942 ad
2527 4885 2924 4940 bumiliandam
2953 4899 3175 4939 carnem
3207 4892 3266 4937 et
3315 4881 3494 4936 refre-

1897 4980 2136 5033 nandam
2165 4979 2403 5033 animam
2433 4994 2464 5032 a
2509 4977 2746 5034 terrenis
2779 4976 3042 5047 operibus
3071 4975 3305 5046 agimus.
3342 4973 3495 5026 Facit

1897 5080 2080 5126 autem
2112 5070 2228 5125 haec
2257 5069 2421 5124 etiam
2442 5070 2580 5140 legis
2605 5068 2912 5130 meditatio,
2938 5077 2994 5122 et
3032 5065 3356 5121 continuum
3387 5064 3494 5117 hoc

1898 5164 2144 5218 studium
2169 5162 2526 5230 districtaque
2554 5161 2866 5216 divinorum
2903 5159 3288 5214 mandatorum
3328 5165 3493 5224 atque

1899 5253 2292 5309 beneﬁciorum
2326 5253 2738 5322 contemplatio.
2771 5261 2827 5306 et
2882 5248 3251 5320 perscrutatio
3300 5262 3493 5301 neces-

1899 5346 2041 5403 sarie
2070 5345 2187 5400 hau:
2214 5345 2480 5399 sacriﬁcia
2516 5359 2616 5414 pro
2657 5343 2764 5398 illis
2807 5342 3133 5402 introduxit,
3168 5355 3292 5409 qua
3324 5338 3488 5392 etiam

1901 5435 2069 5491 David
2114 5436 2342 5506 exponit
2377 5435 2602 5490 dicens:
2650 5431 2850 5486 Beatus
2887 5432 2970 5485 uir
3005 5431 3094 5501 qui
3135 5445 3239 5483 non
3273 5429 3400 5481 abiit
3433 5428 3490 5478 in

1900 5528 2118 5583 consilio
2141 5527 2447 5597 impiorum,
2482 5535 2531 5578 et
2558 5526 2613 5578 in
2632 5526 2718 5578 via
2759 5533 3091 5592 peccatorum
3122 5538 3222 5575 non
3253 5520 3414 5584 stetit,
3441 5527 3489 5571 et

1904 5622 1959 5673 in
1991 5621 2238 5674 cathedsa
2266 5619 2572 5688 pcstilentiw
2597 5633 2699 5669 non
2732 5616 2919 5668 sedit“
2947 5659 2958 5668 .
2992 5614 3147 5682 Quod
3176 5611 3492 5670 manifestat

1371 5823 1411 5854 δ’
1442 5821 1584 5877 Psal.
1616 5837 1691 5885 vt,
1725 5823 1776 5875 7.
1854 5820 1899 5853 '°
1929 5819 2072 5876 Psal.
2102 5836 2176 5887 CI,
2214 5821 2298 5876 10.
2377 5820 2420 5854 ⁸¹
2455 5819 2598 5876 Psal.
2636 5834 2676 5886 ι,
2712 5817 2760 5872 l.
