4218 6450
779 376 884 439 959

1958 379 2315 439 llESYClll'.
2361 379 2826 439 l‘liESBYTEllI

3930 381 4041 447 960

777 490 901 558 agni
935 490 1258 549 sacrificium
1289 493 1437 547 omni
1468 491 1703 546 carentis
1726 489 1957 547 macula.
1985 498 2147 557 atque
2182 504 2345 557 prop-
2378 502 2418 551 Α
2521 484 2817 555 Quijuvari
2846 487 3135 551 desiderat,
3174 497 3356 542 saneta
3388 490 3649 557 spiritalia
3687 490 4039 561 negligenter

780 589 929 633 terea
963 580 1331 635 innocentiam
1374 584 1616 652 signans.
1648 580 1748 634 Sed
1773 582 1826 632 in
1855 578 1965 647 lege
2008 578 2219 633 Domini
2249 579 2347 647 fuit

779 665 1022 718 vultuum
1052 668 1256 735 ejus":
1294 669 1436 723 illius
1484 668 1735 723 videlicet
1760 668 1850 737 qui
1883 665 2138 719 mundam
2186 664 2349 717 habet

779 758 1087 819 scientiam,
1128 774 1223 827 per
1254 760 1769 829 contemplationem
1802 756 2169 811 innocentium
2202 755 2351 823 cogi-

781 845 1044 899 tationum
1081 850 1268 916 quales
1292 853 1553 917 quosdam
1592 848 1787 901 Paulus
1830 846 1999 901 dicit:
2033 842 2223 915 Legem
2249 859 2351 896 non

779 931 1047 997 habentes,
1072 944 1119 986 et
1146 951 1303 1003 opera
1323 922 1449 1004 legis
1474 936 1670 1001 scripta
1700 935 1753 986 in
1770 934 2008 986 cordibus
2026 933 2135 985 suis
2152 933 2226 996 ⁵³;
2253 946 2351 1002 per

783 1026 1153 1094 disciplinatas
1203 1036 1489 1095 castusque
1519 1027 1871 1096 cogitationes
1893 1026 2349 1088 demonstrantes,

782 1116 957 1185 qualis
1016 1116 1416 1184 quodammodo
1487 1126 1573 1170 est
1623 1116 1846 1170 turturis
1913 1114 2133 1168 oblatio.
2200 1114 2352 1168 Unde

782 1208 1149 1277 cognitionem
1176 1210 1393 1263 animali
1419 1209 1533 1278 ipse
1564 1210 1660 1263 Dei
1690 1209 1912 1279 spiritus
1940 1224 2036 1277 per
2062 1206 2350 1262 Jeremiam

780 1298 1106 1367 prophetam
1138 1298 1315 1353 inesse
1343 1310 1573 1353 testatus
1602 1307 1687 1353 est
1719 1318 1731 1351 :
1766 1299 1960 1353 Turtur
1979 1340 1996 1365 ,
2026 1308 2073 1352 et
2104 1300 2350 1364 hirundo,

783 1397 833 1440 et
865 1389 1089 1451 ciconia,
1131 1391 1481 1443 custodierunt
1534 1400 1734 1459 tempus
1762 1392 2013 1444 adventus
2062 1390 2165 1452 sui;
2196 1406 2356 1459 papu-

785 1475 865 1528 lus
890 1487 1067 1529 autem
1087 1495 1227 1531 meus
1246 1494 1347 1531 non
1375 1481 1611 1549 cognovit
1631 1480 1891 1548 judicium
1922 1480 2189 1533 Domini”
2207 1520 2221 1533 .
2248 1480 2353 1535 Sed

784 1570 914 1636 quid
948 1569 1110 1623 David
1164 1571 1489 1638 supradictis
1514 1570 1756 1624 addidit?
1806 1570 1870 1622 Et
1904 1572 1956 1622 in
2004 1571 2112 1639 lege
2146 1570 2356 1624 Domini

786 1656 888 1720 luit
924 1656 1163 1709 voluntas
1191 1657 1328 1725 ejus,
1360 1668 1407 1710 et
1438 1659 1491 1710 in
1534 1658 1643 1726 lege
1665 1659 1779 1727 ejus
1809 1658 2145 1711 meditabitur
2187 1660 2270 1711 die
2292 1675 2356 1711 ac

785 1748 998 1799 nocte"
1018 1788 1031 1800 .
1066 1746 1205 1801 lluic
1239 1764 1619 1817 comparamus
1648 1749 1975 1812 columbam,
2007 1764 2166 1818 quam
2198 1750 2352 1818 quasi

2453 579 2701 631 meditari
2726 595 2833 631 non
2865 579 3046 642 debet,
3078 596 3140 632 ea
3165 596 3285 648 quae
3332 582 3563 634 maxime
3602 582 4041 651 circumspicere

2449 672 2498 724 ei
2530 685 2757 723 necesse
2780 680 2884 734 est,
2921 671 2973 723 in
3002 672 3201 739 quibus
3241 672 3444 726 inimici
3506 673 3818 743 indoctique
3850 675 4039 728 oﬂen-

2450 762 2607 814 duttt.
2647 761 2783 814 Nam
2817 776 2945 815 ecce
2976 762 3194 830 quidam
3243 763 3295 815 in
3353 778 3528 833 nuper
3549 763 3685 819 lecta
3741 765 3867 834 lege
3933 766 4039 819 hoc

2452 851 2884 920 reprehendunt,
2907 852 3053 920 quia,
3086 854 3385 907 secundum
3412 854 3554 923 quod
3585 853 3723 907 LXX
3750 862 4037 915 asserunt,

2450 942 2621 996 Deum
2654 942 2925 996 dicentem
2967 943 3174 1013 Moyses
3200 944 3532 998 introduxit:
3564 945 3712 998 Dabo
3759 944 4040 998 maculant

2453 1029 2613 1097 lepra
2638 1031 2694 1083 in
2713 1031 2949 1085 domibus
2967 1034 3169 1096 vestris,
3201 1035 3255 1084 in
3281 1043 3422 1085 terra
3446 1036 3806 1102 promissionis
3827 1046 4038 1089 uestra.

2453 1120 2714 1187 Putasne,
2738 1121 2899 1187 Deus,
2932 1124 3204 1193 inquiunt,
3238 1126 3442 1179 inducit
3474 1126 3650 1179 mala?
3679 1126 3903 1190 Quibus
3952 1142 4041 1180 rb

2456 1214 2813 1283 spoadcmns,
2838 1216 3013 1269 Etiam
3041 1234 3055 1270 :
3080 1218 3173 1269 scd
3197 1233 3297 1271 nec.
3323 1219 3499 1287 turpia
3518 1229 3645 1272 sunt
3663 1234 3764 1272 nec
3786 1219 3960 1281 mala,
3978 1234 4040 1272 ea

2454 1319 2576 1373 qua:
2594 1304 2838 1375 allligunt
2871 1306 2937 1360 ad
2983 1308 3369 1363 eruditionem.
3401 1324 3497 1363 seu
3539 1325 3697 1377 poena
3728 1324 3834 1377 pro
3877 1309 4041 1376 juva-

2456 1397 2602 1450 minc
2631 1398 2943 1463 constituta,
2982 1400 3146 1453 veluti
3187 1400 3377 1464 ΐιιιιιες,
3412 1411 3568 1456 terra:
3590 1411 3795 1463 motus,
3850 1401 4040 1454 hiatus

2459 1497 2635 1553 terrae,
2678 1496 2973 1558 tempestas
3015 1491 3200 1552 maris,
3219 1492 3420 1545 bellum
3445 1501 3607 1560 atque
3634 1492 3857 1553 similia,
3894 1492 4041 1545 sicut

2455 1587 2513 1631 ct
2547 1579 2661 1648 ipse
2693 1582 3128 1649 penprophetam
3180 1583 3343 1635 dicit:
3379 1582 3490 1653 Ego
3522 1582 3803 1645 Dominus,
3838 1591 3890 1633 et
3935 1598 4037 1633 non

2456 1678 2530 1721 est
2549 1669 2709 1734 alius,
2740 1671 2975 1740 formans
3013 1672 3203 1735 lucent,
3226 1682 3273 1724 et
3303 1688 3487 1724 creatis
3524 1673 3782 1735 tenebras,
3836 1671 4039 1737 faciens

2457 1775 2660 1826 pacem,
2688 1772 2735 1813 et
2762 1778 2943 1814 creans
2978 1763 3211 1816 mala".
3270 1762 3479 1827 Quibus
3530 1762 3725 1815 similia
3782 1771 3845 1814 et
3900 1760 4040 1813 alter

789 1839 1087 1892 meditandi
1141 1840 1247 1893 vim
1303 1841 1505 1894 habere
1556 1840 1723 1893 Isaias
1778 1842 2038 1909 praphcta
2091 1842 2245 1904 dicit,
2276 1842 2352 1894 ait
2388 1828 2427 1881 Β

2465 1851 2720 1918 propheta
2746 1852 2910 1905 dicit:
2959 1851 3093 1916 Quia
3146 1855 3518 1906 descenderunt
3541 1852 3685 1906 mala
3720 1869 3753 1904 α
3805 1851 4038 1904 Domino

784 1926 964 1980 cnim:
995 1927 1139 1981 Sicut
1160 1928 1334 1996 pullus
1362 1930 1679 1994 hirundinis,
1726 1931 1801 1982 sic
1829 1929 2095 1994 clamabo;
2127 1932 2352 1985 medita-

786 2017 880 2071 bor
900 2029 953 2072 ut
977 2019 1212 2073 columba
1231 2021 1275 2053 ⁸³
1294 2060 1307 2072 .
1340 2018 1553 2075 Invenit
1580 2037 1705 2091 ergo
1759 2021 2029 2091 legislator
2057 2023 2219 2089 viam,
2259 2040 2355 2093 per

786 2125 949 2177 quam
982 2120 1038 2165 ct
1066 2111 1341 2165 inﬁrmum
1370 2113 1631 2165 mundare
1658 2111 1767 2166 Deo
1786 2128 1905 2183 qua:
1931 2113 2100 2182 possit
2131 2113 2351 2169 oll‘erre.

786 2199 855 2255 ljt
885 2212 1169 2270 propterea
1204 2203 1336 2273 legis
1380 2204 1543 2276 hujus
1580 2190 1965 2273 subsequentia
2016 2222 2123 2259 non
2156 2207 2352 2260 immu-

787 2292 943 2358 tavit,
975 2292 1268 2346 ostendens
1305 2293 1451 2360 quia,
1507 2294 1610 2348 etsi
1650 2309 1843 2346 litantis
1876 2296 2195 2364 cuiusquam
2242 2312 2351 2350 non

788 2383 1035 2437 inveniat
1071 2383 1175 2437 hoc
1215 2384 1359 2453 quod
1399 2384 1726 2453 ptenitentia:
1772 2385 2003 2440 intentio
2055 2388 2355 2442 secundum

787 2474 1017 2545 primam
1053 2475 1315 2530 rationem
1339 2476 1523 2544 exigit,
1554 2475 1849 2543 ignoscitur
1876 2477 2091 2545 quidem
2114 2479 2187 2541 ci,
2218 2478 2357 2531 sicut

788 2580 853 2618 ex
905 2566 1219 2620 inﬁrmitate
1278 2566 1537 2635 patienti:
1600 2568 1858 2637 prmccpit
1903 2576 2081 2621 tamen
2122 2585 2241 2637 qua:
2282 2570 2357 2625 illi

772 2656 1034 2713 eamdem
1058 2659 1523 2720 emundationcm.
1551 2662 1907 2730 eamdemque
1940 2661 2266 2717 oblationem
2290 2662 2357 2715 ad

789 2747 960 2801 Deum
995 2748 1283 2820 proﬂigare
1335 2751 1563 2819 possint.
1621 2752 1749 2806 Post
1785 2753 1901 2807 haec
1939 2755 2005 2808 ad
2036 2754 2196 2809 aliam
2248 2755 2359 2809 dis-

788 2839 1191 2906 pensationem,
1229 2839 1405 2893 eidem
1439 2840 1677 2894 materia:
1708 2843 2096 2908 cohaerentem,
2145 2840 2356 2901 t'ransit.

869 2924 1028 2979 Vens.
1057 2926 1249 2980 55-47.
1299 2947 1317 2979 ι
1356 2927 1596 2983 Locutus
1626 2938 1710 2983 est
1746 2931 2007 2985 Dominus
2036 2934 2102 2986 ad
2142 2934 2358 3003 Moysen

788 3024 843 3071 ct
877 3019 1052 3072 Aaron
1083 3018 1305 3073 dicens:
1347 3020 1483 3074 Cum
1528 3021 1755 3091 ingressi
1816 3021 2028 3076 fueritis
2059 3022 2111 3075 in
2162 3032 2360 3078 terram

2456 1936 2511 1988 in
2534 1948 2745 2005 portam
2789 1938 3105 2004 Jerusalem,
3140 1940 3419 2005 tumultus,
3462 1940 3731 2010 quadriga:
3775 1940 4036 2006 stuporis,

2456 2026 2719 2081 habitanti
2748 2028 3027 2083 Lacltis“.
3081 2030 3188 2084 Sed
3215 2040 3270 2085 et
3306 2033 3569 2100 propheta
3618 2032 3790 2083 Amos
3831 2032 3947 2083 ait:
3983 2029 4039 2084 Si

2458 2128 2531 2172 est
2556 2119 2757 2172 malum
2773 2121 2827 2173 in
2854 2122 3080 2186 civitate,
3106 2124 3243 2192 quod
3266 2122 3519 2176 Dominus
3544 2138 3646 2175 non
3669 2123 3790 2190 fecit
3807 2120 4042 2187 ’Ἶροι

2457 2212 2676 2280 quidem
2710 2210 2872 2274 Deus,
2902 2229 3009 2267 non
3036 2224 3093 2267 ut
3130 2225 3345 2277 noceat,
3378 2214 3592 2284 ingerit,
3652 2213 3748 2266 sed
3783 2223 3850 2265 ut
3885 2213 4042 2266 valde

2452 2302 2608 2370 juvet
2639 2303 2948 2360 hominem:
2974 2305 3207 2359 amictus
3232 2306 3432 2375 quippe
3479 2306 3819 2367 humiliatur,
3854 2304 4043 2356 humi-

2459 2394 2621 2448 liatus
2663 2406 2847 2450 autem
2905 2398 3077 2451 currit
3128 2397 3196 2451 ad
3241 2413 3365 2449 eum
3415 2398 3505 2465 qui
3552 2396 3763 2466 erigere
3820 2405 4043 2463 potest,

2460 2485 2701 2555 dicitque
2731 2501 2856 2540 cum
2890 2486 3091 2540 David:
3136 2486 3342 2539 Bonum
3368 2488 3516 2551 mihi,
3552 2488 3689 2554 quod
3742 2486 4047 2536 tiu-uitiaui

2463 2594 2563 2640 me,
2611 2587 2668 2630 ut
2694 2578 2942 2631 discerem
2962 2577 3363 2645 justifcmioncs
3394 2586 3510 2629 tuas
3525 2576 3601 2637 ⁸⁸,
3632 2585 3688 2628 ει
3716 2574 3950 2629 fesuinat
3981 2578 4046 2627 ad

2463 2668 2760 2730 medicum,
2787 2668 2877 2737 qui
2905 2682 3030 2721 eum
3058 2668 3254 2720 lil.erct
3289 2684 3319 2720 a
3350 2667 3595 2721 vulnere.
3638 2667 3708 2720 Et
3731 2667 3876 2720 Διωο
3922 2667 4045 2734 qui-

2465 2761 2589 2814 dem
2612 2760 2685 2813 ita
2706 2774 2765 2814 se
2810 2760 3034 2814 habent.
3095 2759 3201 2813 Sed
3236 2775 3337 2812 nos
3382 2759 3449 2811 ad
3496 2758 4047 2827 contemplationem,

2467 2850 2879 2920 qtueintminet,
2926 2865 3301 2914 recurramus,
3332 2866 3401 2903 ne
3431 2849 3611 2903 forsan
3669 2849 4049 2918 legislatorem

2464 2942 2621 3010 quasi
2648 2943 2716 2996 de
2748 2942 2932 3011 lignis,
2952 2952 3005 2995 et
3033 2941 3321 3010 lapidibus,
3351 2951 3405 2994 et
3428 2941 3726 3008 parietibus
3750 2941 4055 2994 insensatis

2467 3031 2831 3095 sancientem,
2888 3031 3106 3099 quidam
3147 3046 3335 3083 eorum
3381 3031 3472 3098 qui
3521 3030 3664 3083 circa
3707 3031 4051 3083 exteriorem

788 3107 1072 3174 Chanaan,
1092 3126 1255 3179 quam
1282 3127 1382 3181 ego
1404 3112 1544 3165 dabo
1564 3114 1719 3167 vobis
1750 3112 1803 3165 in
1842 3115 2280 3182 possessionem:
2317 3118 2361 3170 si
2389 3150 2435 3209 ο
2469 3120 2791 3189 sapientiam
2822 3129 3027 3184 errant,
3067 3120 3469 3188 reprehendere
3494 3121 3760 3180 nitantur,
3792 3135 3825 3171 a
3847 3121 4054 3188 quibus

788 3202 953 3257 fuerit
983 3204 1135 3275 plaga
1177 3206 1339 3275 lepra:
1373 3207 1428 3261 in
1449 3207 1676 3272 aedibus,
1710 3208 1810 3261 ibit
1840 3209 1997 3277 cujus
2025 3217 2108 3263 est
2140 3209 2354 3273 domus,

790 3295 1051 3348 nuntians
1092 3296 1383 3357 sacerdoti.
1438 3308 1494 3351 et
1543 3298 1689 3352 dicet
1726 3316 1739 3351 :
1776 3297 1940 3362 Quasi
1987 3299 2142 3370 plaga
2200 3298 2363 3368 lepra:

790 3384 1005 3439 videtur
1034 3386 1164 3440 mihi
1195 3403 1318 3443 esse
1348 3388 1403 3442 in
1426 3389 1591 3443 domo
1617 3404 1761 3444 mea.
1784 3392 1855 3444 At
1886 3389 1977 3443 ille
2003 3390 2280 3459 pracipiet
2306 3401 2365 3445 ut

789 3476 1024 3531 eﬁ‘crant
1070 3479 1318 3535 universa
1343 3481 1411 3535 de
1457 3481 1621 3536 domo
1665 3482 1983 3551 priusquam
2030 3481 2364 3552 ingrediatur

791 3586 940 3633 cam,
979 3580 1041 3624 ut
1068 3571 1247 3652 videat
1283 3582 1465 3627 utrum
1503 3574 1653 3643 lepra
1686 3575 1870 3638 sit,ne
1903 3573 2181 3629 immunda
2233 3575 2366 3628 ﬁant

792 3662 973 3716 omnia
1014 3678 1135 3731 quae
1174 3662 1228 3715 in
1280 3663 1444 3718 domo
1483 3673 1629 3718 sunt.
1674 3662 2010 3736 lntrabitque
2058 3674 2269 3737 postea,
2305 3676 2366 3721 ut

790 3752 1101 3807 consideret
1138 3754 1357 3807 domum
1383 3755 1565 3823 leprae.
1602 3755 1672 3809 Et
1711 3771 1835 3810 cum
1879 3757 2074 3812 viderit
2104 3759 2159 3812 in
2187 3761 2365 3829 parie-

794 3842 940 3896 tibus
994 3843 1141 3897 illius
1168 3845 1323 3913 quasi
1379 3845 1680 3910 valliculas,
1739 3847 1965 3917 pallore,
2006 3849 2122 3905 sive
2169 3851 2367 3906 rubore

793 3933 1087 3997 deformes,
1106 3941 1163 3987 et
1188 3934 1508 3988 humiliores
1545 3934 1833 4004 superﬁcie
1854 3937 2081 4007 reliqua,
2118 3940 2366 4010 egredie-

796 4036 884 4079 tur
912 4026 1112 4081 ostium
1146 4026 1362 4091 domus,
1418 4034 1473 4081 et
1518 4027 1700 4081 statim
1746 4028 1962 4085 claudet
1995 4045 2113 4084 eam
2157 4042 2368 4102 septem

795 4117 1006 4171 diebus.
1040 4117 1422 4188 Reversusque
1448 4120 1536 4174 die
1556 4120 1810 4189 septimo,
1835 4122 2203 4178 considerabit
2225 4139 2365 4179 eam:

796 4210 841 4263 si
884 4209 1158 4265 invenerit
1184 4210 1425 4265 crevisse
1479 4210 1711 4280 lepram,
1739 4211 1953 4280 iubebit
1988 4213 2107 4267 erui
2138 4214 2368 4283 lapides,

796 4299 854 4354 in
879 4302 1087 4371 quibus
1111 4300 1260 4370 lepra
1292 4310 1394 4367 est,
1425 4313 1480 4356 et
1508 4302 1701 4373 projici
1727 4317 1825 4357 eos
1880 4313 2034 4358 extra
2065 4304 2366 4370 civitatem,

798 4391 997 4447 inloco
1025 4392 1326 4459 immundo,
1354 4393 1574 4467 domum
1610 4401 1791 4448 autem
1822 4395 1995 4464 ipsam
2026 4397 2142 4450 radi
2173 4397 2371 4450 intrin-

2468 3213 2595 3281 quia
2616 3212 2742 3266 mali
2764 3220 2916 3274 sunt,
2948 3212 3087 3266 mala
3116 3212 3277 3265 ctiam
3328 3211 3467 3265 bona
3490 3211 3831 3279 judicantur.
3896 3212 4055 3264 Nunc

2468 3302 2617 3356 enim
2646 3302 2975 3372 legislatoris
3028 3302 3263 3355 intentio
3314 3310 3419 3365 est,
3472 3302 3541 3353 de
3582 3302 3724 3354 veris
3791 3304 4058 3354 domibus

2472 3391 2721 3445 videlicet
2765 3406 2830 3444 ea
2866 3391 3010 3445 laesis
3049 3391 3284 3453 sancire,
3318 3390 3371 3443 id
3400 3398 3482 3442 est
3516 3404 3637 3457 qua:
3683 3388 3735 3441 in
3766 3389 3880 3443 illis
3928 3405 4057 3458 pas-

2470 3480 2655 3536 siones
2681 3481 2971 3546 curabiles,
3001 3480 3251 3535 facilesve
3273 3480 3340 3535 ad
3360 3479 3829 3541 emundationem.
3860 3494 4056 3549 quaere

2469 3574 2577 3628 sint
2636 3572 3005 3635 incurabiles,
3057 3571 3594 3640 destructionemque
3657 3571 4044 3639 plenissimam

2472 3665 2804 3736 ingerentes.
2854 3663 2964 3719 Sed
2998 3664 3453 3736 horumimodum
3494 3662 3776 3725 discimus,
3809 3677 3942 3715 cum
3990 3663 4055 3715 ad

2470 3735 2679 3825 eaquae
2716 3756 2861 3809 dicta
2889 3763 3040 3819 sunt,
3077 3735 3409 3809 vene'rimus.
3445 3752 3828 3807 Possessionis
3848 3759 4052 3805 nostra

2474 3857 2620 3902 terra
2675 3855 2781 3911 est,
2821 3862 2983 3916 quam
3016 3861 3118 3900 nos
3168 3844 3537 3915 possidemus,
3578 3843 3875 3897 haereditas
3925 3856 4055 3910 gen-

2475 3939 2634 3993 tium.
2696 3937 2818 4007 Ipsa
2864 3945 2950 3991 est
2999 3936 3144 3991 enim
3190 3944 3378 3990 nostra
3437 3933 3731 4004 possessio,
3781 3934 3892 3987 etsi
3929 3941 4057 3985 tunc

2473 4032 2714 4086 hostium
2756 4038 3068 4085 nostrorum
3114 4028 3220 4083 fuit
3253 4046 3267 4081 :
3299 4028 3355 4081 in
3400 4027 3504 4081 hac
3557 4026 3704 4081 enim
3750 4040 3863 4078 nos
3909 4024 4055 4079 Deus

2472 4123 2781 4193 acquisivit,
2808 4130 2866 4175 et
2895 4136 2991 4176 eos
3016 4119 3108 4189 qui
3135 4110 3409 4188 quondam
3437 4131 3548 4171 non
3582 4124 3743 4170 erant
3788 4116 4048 4184 populus,

2474 4229 2622 4267 nunc
2653 4211 2911 4282 populum
2954 4210 3115 4263 habet
3146 4208 3265 4273 Dei,
3317 4217 3539 4278 propter
3584 4206 3732 4275 quod
3776 4206 4059 4275 possessio

2478 4311 2624 4353 recte
2651 4298 3044 4353 nominabitur.
3080 4295 3153 4349 De
3174 4295 3277 4349 hac
3309 4305 3453 4349 terra
3486 4294 3750 4351 Dominus
3801 4294 4059 4348 dicebat:

2476 4393 2579 4458 Qui
2606 4407 2727 4444 vero
2757 4392 2815 4442 in
2845 4399 3042 4443 terram
3060 4389 3250 4441 bonam
3280 4388 3572 4438 seminatus
3596 4393 3693 4448 est,
3722 4385 3811 4437 hic
3845 4394 3925 4438 est
3972 4386 4058 4453 qui

797 4499 960 4540 secus
986 4500 1083 4554 per
1119 4485 1435 4551 circuitum,
1485 4496 1541 4539 et
1587 4485 1783 4556 spargi
1828 4486 2106 4556 pulverem
2168 4502 2369 4542 rasurae
2399 4496 2444 4552 ι)
2472 4486 2623 4544 audit
2643 4482 2849 4536 uerbum
2867 4490 2915 4534 et
2937 4475 3482 4547 intelligit“.Domus
3497 4474 4067 4531 enimnostraEcde-

795 4585 951 4632 extra
978 4578 1191 4642 urbem,
1235 4577 1288 4631 in
1319 4578 1438 4632 loco
1461 4577 1762 4642 immundo,
1792 4577 2104 4648 lapidesque
2136 4572 2272 4632 alios
2290 4595 2375 4633 re-

800 4669 931 4740 poni
958 4684 1056 4739 pro
1084 4669 1281 4738 bisqui
1332 4669 1499 4726 ablati
1536 4668 1762 4733 fuerint,
1792 4675 1849 4723 et
1900 4669 2015 4722 luto
2066 4654 2176 4723 alio
2226 4667 2375 4722 liniri

799 4761 1042 4816 domum.
1071 4761 1167 4814 Sin
1192 4770 1373 4816 autem
1399 4753 1682 4831 postquam
1728 4761 1869 4815 eruti
1902 4771 2030 4815 sunt
2071 4761 2299 4831 lapides,
2323 4768 2379 4814 et

802 4851 991 4923 pulvis
1022 4851 1216 4915 elatus,
1248 4862 1304 4905 et
1328 4850 1433 4907 alia
1469 4860 1612 4906 terra
1647 4851 1761 4916 lita,
1798 4851 2074 4922 ingressus
2125 4851 2380 4906 sacerdos

803 4943 999 4998 viderit
1030 4958 1300 4999 reversam
1324 4943 1640 5012 lepram,'et
1670 4942 1906 5012 parietes
1922 4957 2173 5013 aspersas
2198 4958 2377 4999 macu-

803 5038 891 5101 lis,
928 5036 1076 5105 lepra
1105 5045 1189 5091 est
1213 5050 1590 5105 perseverans,
1622 5042 1677 5088 et
1700 5034 1979 5088 immunda
2001 5033 2197 5087 domus
2219 5048 2383 5103 quam

805 5128 990 5182 statim
1034 5128 1354 5181 destruent:
1413 5135 1470 5180 et
1500 5124 1710 5194 lapides
1762 5124 1879 5193 ejus
1908 5140 1971 5178 ac
2021 5124 2184 5194 ligna,
2222 5134 2384 5194 atque

808 5218 1122 5273 universum
1167 5218 1445 5287 pulverem
1489 5216 1775 5285 projicient
1815 5223 1965 5278 extra
1993 5215 2269 5285 oppidum,
2330 5216 2382 5268 in

807 5312 928 5366 loco
950 5310 1252 5365 immundo.
1276 5310 1380 5376 Qui
1399 5309 1682 5365 intraverit
1696 5308 1941 5372 domum,
1961 5308 2180 5377 quando
2202 5308 2384 5363 clausa

808 5411 913 5468 est,
957 5404 1269 5458 immundus
1318 5404 1423 5458 erit
1454 5418 1626 5472 usque
1682 5403 1748 5457 ad
1802 5417 2114 5471 vesperum.
2174 5402 2241 5455 Et
2291 5402 2383 5470 qui

808 5493 1175 5548 dormieritin
1238 5509 1325 5557 ea,
1372 5503 1427 5548 et
1474 5492 1775 5549 comederit
1820 5492 2116 5563 quidpiam,
2187 5492 2387 5547 lavabit

812 5583 1133 5639 vestimenta
1174 5600 1290 5637 sua.
1332 5602 1348 5632 ι

886 5720 930 5749 ⁵³
962 5718 1101 5770 Psal.
1140 5733 1176 5776 ι,
1201 5717 1255 5768 ‘2.
1332 5718 1375 5748 ⁵³
1408 5717 1562 5771 Rotn.
1595 5735 1655 5777 ll,
1688 5718 1773 5771 lii.

1872 5717 1917 5748 ⁸³
1946 5716 2148 5770 Jercm.
2188 5731 2310 5774 \'l|l.
2344 5714 2396 5767 7.

814 5791 860 5821 ⁸⁸
892 5789 1054 5844 Μὶυιι.
1081 5804 1117 5853 ι,
1154 5788 1232 5852 1-3,
1272 5788 1353 5840 15.
1431 5789 1475 5819 ⁸³
1513 5794 1677 5843 Amos
1708 5806 1790 5851 ιιι,
1822 5785 1873 5841 6.
1952 5788 1997 5819 ⁶⁰
2022 5787 2160 5841 l’sal.
2195 5802 2383 5849 cxvnt,
2418 5783 2504 5838 'il.

2478 4581 2575 4637 sia:
2599 4586 2747 4641 sunt,
2776 4576 2845 4629 de
2872 4574 3070 4643 quibus
3094 4568 3295 4623 Paulus
3323 4564 3645 4623 dicebat:Si
3674 4567 3996 4631 tardaverit,
4014 4580 4066 4619 ut

2477 4670 2617 4725 scias
2637 4667 2891 4739 “modo
2911 4678 2959 4718 te
2978 4672 3217 4732 oporteat
3234 4663 3289 4716 in
3310 4662 3463 4715 domo
3478 4660 3577 4715 Dei
3601 4659 3936 4722 conuersari,
3957 4674 4069 4728 qu

2479 4771 2553 4816 est
2584 4760 2801 4815 ecclesia
2833 4756 2928 4811 Dei
2956 4758 3057 4810 uiri
3083 4758 3151 4811 “.
3178 4755 3239 4809 In
3262 4754 3368 4819 his,
3399 4750 3700 4806 secundum
3733 4747 3911 4812 LXX,
3945 4750 4070 4803 dare

2479 4869 2540 4907 se
2570 4851 2835 4905 maculam
2861 4850 3024 4917 lepra:
3052 4846 3192 4901 Deus
3204 4843 3495 4916 promittit.
3522 4840 3675 4908 Quod
3706 4840 4070 4895 manifestam

2484 4944 2600 5014 ipsa
2622 4940 2942 5012 legislatoris
2980 4938 3177 5002 verba;
3200 4950 3323 4991 cum
3350 4935 3497 4989 enim
3532 4932 3764 4987 dixisset
3792 4949 3805 4984 :
3832 4930 3911 4984 Et
3942 4932 4071 4984 dabo

2483 5034 2748 5089 maculant
2775 5032 2933 5099 lepra:
2952 5032 3007 5082 in
3031 5028 3290 5090 domibus,
3323 5034 3464 5079 terra
3488 5022 3829 5092 possessionis
3864 5032 4067 5075 vestra.

2484 5128 2556 5181 Et
2587 5128 2754 5181 ueniet
2781 5126 2934 5193 cujus
2978 5133 3052 5177 est
3082 5125 3269 5175 domus
3292 5160 3308 5186 ,
3345 5120 3490 5173 illico
3534 5116 3822 5185 subiunxit
3855 5133 3873 5168 :
3926 5115 4072 5169 Nun-

2488 5214 2629 5268 tians
2649 5213 2935 5276 sacerdoti,
2966 5221 3017 5265 et
3054 5212 3229 5264 dicet:
3278 5207 3446 5273 Quasi
3492 5205 3701 5260 macula
3733 5204 3909 5271 leprtz
3934 5205 4073 5257 side-

2489 5313 2575 5357 tur
2604 5302 2733 5356 mihi
2755 5318 2864 5355 esse
2884 5302 2942 5354 in
2995 5301 3150 5354 donto
3189 5314 3329 5353 mea.
3377 5296 3495 5351 Hoc
3542 5303 3727 5348 autem
3783 5293 4072 5348 sentientis

2493 5395 2800 5464 passionem
2824 5402 2928 5458 est,
2960 5390 3103 5460 quod
3142 5405 3252 5444 non
3276 5398 3362 5444 est
3383 5388 3671 5458 cujuslib:t
3694 5386 3852 5450 doni,
3883 5395 3945 5438 et
3979 5385 4072 5439 tale

2492 5485 2651 5556 quale
2681 5486 2847 5538 Deum
2875 5483 3141 5538 condecet
3162 5478 3447 5551 impertiri.
3488 5477 3543 5533 Si
3583 5476 3727 5532 enim
3753 5476 3926 5530 decet
3963 5490 4070 5530 meo

2494 5580 2695 5642 dicam,
2732 5589 2792 5630 ut
2822 5590 2931 5629 non
2954 5574 3219 5630 concedat
3244 5581 3504 5642 aegrotum
3527 5569 3772 5640 quaedam
3795 5566 4071 5621 mortifera

2923 5709 2967 5737 "’
2998 5708 3102 5760 lsa.
3141 5720 3373 5769 xxxviii,
3404 5700 3488 5756 14.
3565 5701 3610 5731 ⁸⁷
3640 5699 3740 5769 lsa.
3781 5713 3910 5761 va,
3942 5695 3997 5759 6,
4021 5694 4067 5747 7.

2472 5714 2516 5744 ⁵⁵
2546 5710 2684 5764 Psal.
2721 5727 2757 5770 ι,
2790 5709 2845 5761 ‘2.

3212 5777 3255 5808 “
3295 5768 3476 5828 l'l‘im.
3512 5787 3594 5835 ut,
3628 5768 3713 5822 l5.

2583 5783 2624 5812 ⁶¹
2660 5780 2848 5833 Matth.
2897 5794 3014 5835 xm.
3045 5779 3135 5830 9.5.
