4218 6450
187 421 287 484 961

1324 421 1408 481 IN
1449 420 1893 481 LEVITICUM.
1924 444 1987 452 -·
2025 419 2169 478 LIB.
2209 421 2305 480 1V.

3338 426 3441 490 962

188 546 371 601 agere,
397 530 554 585 decet
579 540 635 585 et
654 530 823 585 Deum
850 544 960 584 non
1013 526 1314 584 concedere
1343 527 1638 597 peccatori,
1682 528 1766 582 in-
1797 534 1837 590 Α
1870 542 2033 597 super
2085 541 2206 591 nos,
2233 527 2469 582 liberans
2496 543 2598 584 nos
2625 528 2693 584 ab
2744 529 2829 583 his
2879 530 3078 600 quibus
3101 530 3306 587 dudum
3334 546 3449 586 ser-

189 622 565 677 sensibilitatis
590 622 781 677 morbo
822 619 1030 675 diutius
1078 618 1329 684 detineri,
1358 634 1428 673 ne
1458 620 1513 672 in
1540 617 1765 688 profun-

188 714 318 768 dum
343 714 538 767 inferni
571 729 806 782 peccans
842 713 897 767 in
930 721 1195 767 aeternum
1246 720 1388 773 ruat,
1422 711 1570 781 quod
1597 710 1765 765 David

186 820 350 859 ornus
374 806 586 860 diccbat
624 823 635 858 :
674 804 754 859 Ne
778 812 987 859 avertas
1010 806 1200 875 faciem
1229 815 1375 859 tuam
1404 822 1436 859 a
1460 821 1560 869 me,
1589 814 1638 858 et
1677 820 1765 858 ero

186 896 379 948 similis
411 896 837 948 descendentibus
860 896 916 947 in
943 894 1122 947 lacum
1169 894 1237 947 “.
1260 892 1376 948 Hoc
1406 894 1610 947 donum
1641 908 1766 946 sen-

185 1004 280 1042 sus
312 988 563 1041 Ecclesia:
585 988 775 1042 datur:
803 985 1097 1058 Synagogaa
1119 997 1300 1042 autem
1329 987 1638 1042 Iudaeorum
1656 1002 1763 1040 non

184 1083 367 1141 datur,
396 1078 541 1147 quod
564 1076 914 1131 manifestum
934 1084 1019 1131 est
1049 1092 1115 1131 ex
1143 1092 1210 1132 eo
1251 1077 1395 1146 quod
1457 1077 1572 1145 ipse
1622 1077 1766 1130 Deus

188 1187 284 1235 pt‘t‘
317 1171 456 1223 Osee
487 1170 808 1238 prophetam
837 1169 944 1223 ait:
980 1167 1245 1234 Quoniam
1294 1169 1394 1222 nisi
1435 1184 1554 1222 cum
1600 1184 1766 1222 mere-

185 1262 403 1314 tricibus
436 1261 800 1326 versabantur,
819 1274 865 1315 et
889 1278 1007 1315 cum
1023 1262 1345 1331 effeminatis.
1368 1261 1763 1329 sacriﬁcabant.

190 1352 253 1403 tit
285 1353 506 1421 populus
527 1369 630 1405 non
659 1352 955 1423 intelligens
1002 1352 1278 1422 vapulabit
1304 1353 1384 1405 α’.-
1403 1353 1470 1407 Et
1517 1368 1707 1407 rursus
1745 1368 1761 1407 :

187 1447 339 1497 Dedit
373 1447 448 1498 eis
473 1444 611 1498 Deus
638 1446 883 1514 spiritum
914 1445 1342 1513 compunctionis,
1374 1445 1549 1498 oculos
1579 1455 1634 1498 ut
1665 1462 1765 1498 non

184 1539 418 1603 videant,
444 1548 488 1591 et
520 1554 676 1592 aures
703 1547 760 1591 ut
782 1553 886 1590 non
901 1539 1125 1591 audiant
1151 1538 1217 1590 ⁸⁸.
1240 1537 1418 1592 Alium
1446 1538 1609 1592 etiam
1642 1553 1767 1607 pro-

188 1632 409 1697 phetam
483 1630 812 1696 audivimus,
887 1630 1158 1685 dicentem
1193 1646 1207 1682 :
1244 1627 1559 1685 Clauserunt
1593 1629 1766 1683 oculos

188 1740 332 1781 suos,
360 1730 416 1773 ut
451 1737 554 1774 non
578 1722 833 1784 viderent,
857 1729 906 1774 et
933 1735 1087 1773 aures
1113 1736 1237 1774 suas
1264 1729 1643 1790 aggravarunt.
1703 1735 1768 1773 ne

185 1811 433 1862 audirent
456 1811 543 1862 “:
606 1818 797 1880 utpote
846 1826 877 1865 a
920 1810 1070 1881 justo
1084 1810 1268 1879 judice
1301 1825 1366 1865 ex
1390 1825 1491 1865 suo
1542 1818 1766 1880 peccato

187 1902 512 1969 puniuntur.
560 1901 803 1957 Ecclesia
846 1912 1028 1957 autem
1071 1917 1181 1957 non
1238 1902 1313 1957 ita
1342 1943 1356 1966 ,
1408 1904 1504 1959 sed
1553 1905 1766 1973 quoties

186 2003 398 2062 peceat,
429 1994 558 2049 facit
582 2011 700 2051 eam
729 1996 869 2050 Deus
910 1995 1113 2051 sentire
1161 2005 1463 2065 peccatum.
1510 1996 1667 2053 Unde
1710 2006 1765 2052 ct

184 2084 417 2151 eumqui
441 2084 494 2138 in
523 2083 786 2138 Corintho
824 2084 1123 2140 fornicatus
1153 2095 1256 2149 est,
1292 2086 1491 2142 Paulus
1550 2089 1765 2143 Satanas

188 2177 430 2238 tradidit,
459 2184 519 2230 ut
542 2175 775 2231 alllictus
801 2177 870 2230 ab
897 2191 983 2243 eo,
1025 2187 1309 2246 peccatum
1335 2179 1598 2234 sentiret:
1632 2179 1762 2233 Tra-

185 2268 315 2327 didi,
341 2268 614 2337 inquiens,
650 2284 770 2322 eum
813 2271 902 2338 qui
936 2269 1238 2337 hujusmodi
1298 2279 1393 2336 est,
1421 2271 1607 2340 angelo
1659 2270 1762 2326 Sa-

185 2372 325 2411 mnar
373 2359 428 2410 in
465 2360 740 2413 interitum
785 2363 961 2414 carnis
986 2361 1030 2392 ⁸⁷
1081 2378 1094 2413 :
1159 2361 1357 2416 similia
1399 2364 1761 2432 praesentibus

187 2450 513 2517 legiSInloriS
536 2451 715 2505 verbis
736 2451 944 2506 dicens.
978 2451 1045 2506 Et
1066 2453 1157 2507 hic
1178 2452 1419 2521 quidem,
1455 2454 1757 2509 secundum

189 2541 326 2594 LXX
350 2583 364 2603 ,
401 2542 568 2608 Dabo,
596 2543 791 2613 inquit,
816 2545 1081 2598 maculam
1119 2548 1297 2615 lepra’,
1327 2562 1437 2601 non
1472 2549 1625 2617 quasi
1674 2550 1760 2602 in-

186 2647 409 2703 gerente
432 2637 544 2689 Deo
574 2636 803 2705 lepram,
836 2638 931 2692 sed
971 2640 1119 2694 velut
1170 2650 1458 2695 exercente
1488 2651 1650 2711 atque
1671 2658 1759 2696 ar-

185 2738 404 2793 guente.
438 2727 532 2781 [lle
564 2739 746 2781 autem
793 2728 868 2783 ait
903 2745 918 2786 :
975 2729 1191 2783 Tradidi
1238 2732 1539 2800 hujusmodi
1576 2734 1761 2804 angelo

184 2822 436 2883 Saluum;
458 2821 608 2889 atqui
633 2833 917 2891 acceperat
946 2837 1072 2877 eum
1108 2824 1239 2878 olim
1260 2840 1358 2894 per
1380 2825 1623 2881 illicitam
1650 2827 1760 2881 for—

188 2916 538 2980 nicationem,
558 2917 654 2971 sed
693 2926 754 2971 ut
780 2916 972 2988 majori
1032 2928 1301 2988 potestate
1334 2920 1401 2975 ab
1427 2936 1493 2976 eo
1528 2922 1761 2991 castiga-

188 3020 295 3069 tus,
327 3008 404 3059 ait
434 3008 580 3063 enim
615 3008 715 3063 :In
744 3010 1020 3065 interitum
1073 3015 1271 3075 carnis,
1309 3022 1366 3067 ut
1403 3014 1621 3083 spiritus
1647 3014 1760 3067 sal-

185 3114 276 3150 vus
305 3097 421 3165 ﬁat,
446 3113 665 3153 sensum
688 3102 899 3169 peccati
928 3103 1256 3171 perciperet,
1278 3104 1535 3174 ﬁeretque
1570 3120 1758 3161 emen-

184 3191 364 3243 datior
396 3206 410 3242 ;
444 3191 606 3245 simul
633 3194 797 3247 etiam
837 3203 899 3248 ut
946 3195 1391 3252 manilestaretur
1439 3198 1583 3262 aliis,
1620 3215 1759 3268 qua-
1791 3216 1831 3274 ο

194 3293 353 3336 lenus
379 3298 503 3337 eum
531 3283 755 3339 minime
784 3286 1021 3343 debeant
1058 3288 1282 3343 imitari.
1319 3289 1424 3344 Sed
1454 3300 1537 3344 est
1568 3290 1763 3344 domus

186 3375 303 3427 haec
344 3382 501 3429 terra:
531 3376 917 3442 possessionis,
961 3378 1013 3431 id
1037 3387 1120 3432 est
1152 3378 1761 3435 Ecclesiishzereditatis

185 3466 454 3533 gentium.
482 3466 610 3522 Cum
635 3470 856 3539 ingressi
881 3471 1107 3540 fueritis,
1155 3470 1351 3540 Moyses
1375 3480 1423 3525 et
1444 3473 1625 3524 Aaron
1654 3515 1668 3537 ,
1704 3473 1762 3525 in

183 3569 381 3609 (errant
411 3557 853 3615 Chananteorum.
884 3555 1148 3627 Quaenam
1181 3572 1265 3617 est
1292 3563 1449 3617 haec?
1483 3562 1653 3627 Quam
1670 3580 1762 3633 ego

182 3649 322 3702 dabo
348 3651 489 3703 vobis
524 3652 579 3704 in
619 3654 1016 3720 possessionem.
1066 3655 1202 3720 Quia
1227 3669 1356 3725 ergo
1399 3664 1607 3724 septem
1658 3672 1762 3710 nu-

184 3756 339 3795 mero
359 3751 568 3810 gentes,
600 3743 649 3797 id
682 3753 766 3799 est
789 3745 1103 3810 Chananzci,
1128 3745 1422 3811 Pherezaci,
1468 3746 1759 3817 Gergesaei,

184 3832 510 3900 Amorrhaei,
568 3833 838 3901 Gehusaai,
888 3836 1116 3902 Cethaei,
1164 3847 1219 3892 et
1247 3837 1508 3904 Haradaai,
1560 3847 1761 3893 terram

187 3924 513 3992 promissam
554 3925 787 3982 Abraha:
821 3928 1193 3997 possidebant.
1240 3930 1532 3999 Imaginem
1579 3941 1759 3987 autem

184 4014 450 4081 gerebant
478 4017 556 4071 hae
588 4027 799 4087 septem
849 4019 1159 4087 iniquorum
1184 4021 1493 4089 spirituum,
1529 4024 1595 4079 de
1637 4026 1759 4094 qui-

184 4106 290 4160 bus
320 4108 584 4162 Dominus
612 4110 666 4162 in
692 4110 1000 4181 Evangeliis
1022 4112 1154 4167 dicit
1178 4129 1191 4163 :
1247 4113 1376 4168 Cum
1415 4118 1633 4185 spiritus
1656 4120 1761 4171 im-

182 4201 411 4253 mundus
455 4201 637 4255 exierit
666 4201 732 4255 ab
756 4203 984 4268 homine,
1019 4215 1247 4258 assumet
1271 4206 1403 4260 alios
1431 4224 1471 4260 ει
1493 4219 1625 4262 atem
1650 4212 1749 4277 spi-

185 4289 344 4353 ritus,
374 4292 644 4360 nequiores
664 4307 739 4358 se,
769 4301 818 4346 et
840 4292 1048 4346 habitat
1074 4296 1129 4347 in
1157 4296 1381 4363 homine,
1417 4300 1565 4367 cujus
1590 4302 1763 4353 novis-

180 4381 321 4433 sima
379 4391 501 4435 sunt
538 4384 799 4437 deteriora
844 4386 1106 4454 prioribus
1133 4385 1197 4441 ⁸⁸.
1240 4386 1303 4441 Hi
1336 4398 1515 4443 autem
1538 4390 1762 4459 spiritus

183 4487 371 4525 veram
430 4482 631 4527 terram
656 4474 984 4543 promissam
1033 4477 1137 4545 ipsi
1166 4479 1420 4546 Abrahae,
1451 4481 1503 4535 id
1530 4492 1613 4535 est
1632 4498 1762 4552 gen-

182 4564 325 4617 tium
375 4565 745 4619 haereditatent
803 4568 1173 4637 possidebant,
1223 4570 1326 4640 ipsi
1374 4574 1518 4627 enim
1555 4574 1760 4629 dictum

181 4663 273 4707 est
323 4671 337 4707 :
393 4654 533 4721 Quia
586 4667 793 4725 patrem
843 4658 1133 4713 multarum
1181 4662 1414 4732 gentium
1440 4666 1591 4732 posui
1617 4674 1665 4718 te
1691 4666 1759 4719 σν.

181 4745 415 4811 Quando
434 4747 643 4818 Moyses
665 4757 721 4803 et
746 4750 946 4815 Aaron,
973 4752 1055 4805 lex
1082 4752 1336 4808 videlicet
1378 4764 1434 4810 et
1457 4757 1759 4825 prophetae,

186 4839 383 4889 horum
413 4838 557 4892 enim
586 4840 811 4909 ﬁguram
859 4842 913 4896 hi
964 4853 1179 4913 gerunt,
1231 4847 1356 4915 quia
1381 4848 1561 4901 Aaron
1608 4849 1764 4920 [Moy-

183 4942 332 4993 seos,
370 4929 463 4997 qui
514 4930 739 5000 ﬁguram
792 4933 923 5004 legis
945 4936 1083 5005 gerit
1133 4938 1395 5006 propheta
1417 4953 1537 4993 esse
1584 4940 1763 4994 dictus

182 5027 292 5081 est,
322 5020 549 5090 ingressi
577 5022 782 5078 fuerint
806 5024 948 5079 inter
987 5036 1198 5096 gentes,
1226 5036 1357 5083 tunc
1382 5044 1482 5099 per
1506 5045 1601 5085 eos
1616 5030 1766 5085 Deus

186 5110 529 5178 tyrannidem
557 5112 865 5169 obtinentes
893 5116 947 5169 in
972 5116 1248 5186 gentibus,
1276 5120 1369 5188 qui
1398 5128 1531 5173 sunt
1562 5119 1765 5173 intelli-

186 5198 397 5268 gibiles,
427 5199 765 5257 Cbananaeos
789 5205 1078 5273 praedictos
1099 5208 1316 5276 expellit
1346 5210 1571 5277 spiritus
1600 5225 1613 5261 :
1642 5225 1766 5278 pos-

186 5290 489 5345 sessionem
512 5302 696 5348 autem
722 5295 856 5365 legis
879 5306 936 5350 et
961 5299 1374 5368 prophetarum,
1402 5309 1458 5354 et
1484 5300 1603 5355 haec
1626 5316 1768 5370 prce—

183 5380 485 5435 dicantium
514 5383 631 5452 ipse
651 5400 771 5440 esse
797 5388 1045 5441 concedit
1069 5398 1276 5459 gentes,
1312 5390 1403 5460 qui
1428 5406 1521 5445 eas
1547 5392 1766 5461 proprio

184 5471 473 5541 sanguine,
504 5481 613 5527 tam
646 5490 742 5544 per
768 5477 1097 5533 oblationem
1127 5481 1575 5551 regenerationis,
1600 5499 1762 5552 quam

188 5564 605 5619 renovationem
634 5570 805 5622 sancti
843 5568 1098 5638 Spiritus,
1124 5587 1286 5640 quem
1323 5572 1516 5627 cﬁ'udit
1548 5574 1762 5628 abunde

264 5758 305 5785 ⁵³
339 5755 475 5810 l’snl.
509 5775 670 5822 exul,
701 5764 751 5813 7.
849 5763 893 5791 “
920 5762 1055 5816 Osce
1081 5780 1152 5826 Iv,
1180 5766 1263 5817 Η.

189 5825 285 5885 45,
317 5828 399 5879 ii.
477 5829 520 5857 ⁸³³
553 5831 690 5883 (Sen.
728 5848 859 5892 xx'tt,
894 5836 941 5886 4.

1362 5766 1405 5795 ⁸⁵
1447 5764 1601 5818 Rom.
1645 5779 1717 5817 xi.
1757 5765 1808 5816 3.

1022 5834 1066 5863 7°
1096 5834 1198 5887 lsa.
1244 5851 1387 5894 sxw.
1424 5834 1505 5887 15.
1585 5836 1625 5865 ⁷³
1662 5836 1817 5887 Ilum.
1853 5851 1960 5893 xw.
2002 5835 2078 5886 19.

1866 618 2168 682 viehamus,
2195 628 2334 674 utet
2366 619 2421 673 hi
2446 620 2538 688 qui
2581 635 2647 675 ex
2697 621 2990 690 generibus
3040 631 3188 687 sunt,
3237 623 3450 692 possint

1867 709 2019 764 Isaia:
2047 710 2332 765 Canticum
2349 710 2531 765 dicere
2562 726 2576 763 :
2606 711 2830 765 Domine
2856 711 2994 766 Deus
3030 723 3225 780 noster,
3271 728 3447 783 posse-

1866 803 2066 855 derunt.
2080 818 2170 856 nos
2196 803 2397 855 domini
2428 802 2621 872 absque
2640 813 2707 865 te,
2736 814 2946 858 tantum
2968 805 3023 857 in
3045 814 3092 858 te
3111 807 3446 861 recordemur

1866 894 2091 947 nominis
2116 896 2192 946 tui
2218 896 2283 947 ⁷ο.
2306 893 2657 964 Quaecunque
2687 906 2869 951 autem
2898 896 3019 966 ejus
3043 898 3320 966 possessio
3336 908 3441 965 est,

1864 985 2029 1039 etiam
2055 1000 2334 1040 servorum
2381 987 2866 1057 ministret-umque
2891 989 3012 1057 ejus
3041 989 3231 1058 procul
3274 989 3445 1046 dubio

1865 1082 1968 1128 est.
1996 1074 2137 1145 Ergo
2163 1076 2378 1145 quando
2402 1077 2685 1147 prophetae
2732 1086 2784 1131 et
2806 1076 2888 1132 lex
2917 1079 2972 1132 in
3000 1078 3243 1149 gentium
3268 1078 3443 1134 haere-

1865 1166 2091 1220 ditatem
2138 1166 2371 1235 ingressi
2424 1167 2647 1231 fuerint,
2698 1168 3072 1223 ministrantes
3120 1169 3446 1241 evangelica

1865 1257 2260 1329 pradicationi,
2313 1268 2371 1314 et
2418 1275 2484 1314 ea
2532 1276 2655 1330 quae
2701 1275 2849 1316 nunc
2897 1261 2965 1315 de
3015 1261 3451 1332 intelligibilibus-

1865 1350 2119 1406 domibus
2146 1352 2289 1408 dicta
2317 1361 2466 1419 sunt,
2496 1367 2759 1423 apparere
2784 1354 3088 1424 potuerint.

1939 1464 2039 1519 Ibit
2068 1466 2218 1535 cujus
2243 1474 2318 1531 est
2345 1467 2551 1531 domus,
2586 1466 2837 1521 nuntians
2853 1466 3151 1535 sacerdoti,'
3177 1477 3228 1523 et
3257 1469 3395 1524 dicet
3423 1484 3446 1526 :

1866 1555 2031 1621 Quasi
2057 1558 2217 1629 plaga
2255 1557 2413 1627 leprte
2436 1558 2642 1610 videtur
2706 1557 2834 1610 mihi
2886 1575 2993 1612 esse
3009 1559 3063 1611 in
3101 1561 3255 1613 domo
3301 1575 3443 1615 mea.

1865 1651 1997 1716 Quae
2023 1650 2169 1705 enim
2197 1660 2326 1706 sunt
2350 1650 2662 1705 domesticae
2703 1648 2980 1715 Ecclesiae,
3042 1659 3101 1705 ut
3158 1661 3447 1722 propterea

1866 1742 2007 1796 dicat
2040 1758 2054 1793 :

1942 1872 2049 1927 Ibit
2087 1875 2239 1944 cujus
2265 1875 2578 1928 estdomus.
2625 1874 2925 1929 Audiamus
2973 1875 3200 1929 Paulum
3253 1869 3447 1930 dicen-

1869 1974 1975 2018 tem
2008 1981 2019 2016 :
2071 1964 2315 2019 Salutate
2342 1963 2607 2032 Priscum,
2636 1974 2687 2019 et
2731 1966 3001 2037 Aquilam,
3030 1976 3078 2019 et
3104 1967 3448 2027 domesticam

1867 2073 2046 2110 eorum
2097 2058 2369 2112 ecclesiam
2389 2058 2455 2113 '“.
2486 2057 2589 2125 Qui
2641 2074 2770 2129 ergo
2798 2060 2926 2114 huic
2964 2068 3183 2128 praeest,
3205 2059 3252 2113 si
3279 2058 3448 2115 sentit

1867 2146 2071 2216 lepram
2093 2147 2507 2220 intelligibilem,
2561 2149 2614 2202 id
2652 2156 2755 2209 est.
2784 2149 2826 2202 si
2856 2149 3008 2202 malae
3034 2157 3089 2202 et
3114 2148 3296 2219 impiae
3346 2148 3445 2204 do-

1865 2242 2052 2298 ctrina:
2104 2257 2328 2297 sensum
2363 2242 2675 2312 quempiam
2714 2240 3446 2311 comprehenderit:timens

1863 2353 1932 2392 ne
1960 2338 2061 2392 hoc
2086 2337 2230 2407 quod
2251 2337 2461 2391 studuit
2486 2337 2553 2391 ad
2572 2336 2859 2406 justitiam,
2881 2334 2971 2389 ﬁat
2996 2336 3044 2388 ei
3066 2334 3133 2388 ad
3153 2333 3443 2403 judicium:

1864 2430 2046 2485 veniat
2065 2430 2133 2484 ad
2161 2430 2520 2495 sacerdotem,
2573 2427 2666 2497 qui
2716 2427 3028 2482 discernere
3079 2434 3277 2497 potest,
3325 2424 3449 2494 ipse

1862 2521 2010 2576 enim
2036 2536 2147 2575 non
2175 2521 2423 2575 absolute
2461 2519 2716 2575 sacerdos
2756 2528 2858 2584 est,
2894 2518 3041 2586 quod
3090 2514 3444 2571 manifestum

1862 2622 1946 2668 est
1973 2629 2040 2668 ex
2066 2612 2154 2667 his
2180 2628 2301 2683 qua:
2337 2627 2531 2667 rursus
2556 2612 2756 2667 Paulus
2793 2610 2861 2664 ad
2887 2610 3239 2665 Colossenses
3268 2610 3446 2681 scrip-

1862 2706 2247 2762 sit:Salutate
2270 2704 2591 2774 Nympham,
2645 2714 2694 2758 et
2740 2705 3077 2758 domesticam
3120 2703 3235 2773 ejus
3284 2702 3449 2757 eccle-

1861 2798 2094 2851 siam".
2156 2795 2296 2862 Quia
2348 2795 2504 2849 multi
2568 2806 2793 2865 propter
2841 2796 3016 2849 zelum
3084 2803 3139 2850 et
3186 2795 3447 2864 pietatem

1864 2890 2126 2945 ecclesias
2153 2888 2480 2944 domesticas
2507 2889 2927 2951 constituentes,
2976 2887 3031 2941 in
3060 2887 3140 2942 eis
3191 2887 3444 2944 doctores

1862 2982 2194 3046 divinorum,
2223 2981 2630 3049 ministrosque,
2656 2994 2870 3034 necnon
2897 2979 2964 3032 ad
2998 2978 3445 3035 communionem

1864 3084 2031 3144 atque
2060 3074 2481 3128 exsultationem
2522 3087 2708 3127 eorum
2737 3073 3149 3135 convenientes,
3179 3071 3445 3142 suscipio—

1865 3165 2016 3219 bant.
2057 3165 2109 3220 ls
2152 3180 2283 3235 ergo
2332 3166 2426 3233 qui
2454 3162 2895 3233 hujusmodiest,
2939 3161 3041 3216 ibit
3066 3161 3135 3216 ad
3192 3175 3319 3216 eum
3344 3164 3441 3233 qui

1867 3258 1980 3310 veri
2008 3256 2295 3311 sacerdotii
2323 3256 2546 3326 ﬁguram
2571 3254 2729 3325 gerit,
2756 3253 2946 3322 quales
2972 3253 3194 3307 fuerunt
3218 3252 3440 3321 Petrus,

1865 3350 1951 3405 vel
1994 3350 2214 3415 Paulus,
2245 3348 2331 3403 vel
2371 3347 2711 3411 Timotheus,
2774 3346 3067 3415 easterique
3115 3348 3208 3416 qui
3249 3363 3443 3404 eorum

1864 3442 2169 3497 doctrinam
2215 3440 2557 3507 virtutesque
2588 3438 2988 3501 custodierunt,
3042 3438 3445 3509 irreptebensi-

1863 3534 2001 3589 biles
2031 3540 2435 3603 permanentes.
2459 3529 2673 3599 Oportet
2703 3519 2841 3582 enim
2888 3529 3187 3597 episcopum
3214 3531 3447 3599 irrepre-

1863 3623 2159 3678 hensibilem
2192 3639 2299 3676 esse
2325 3622 2392 3685 ",
2427 3630 2487 3676 ut
2523 3630 2811 3691 propterea
2839 3619 3013 3689 possit
3061 3620 3242 3675 aliena
3294 3619 3446 3689 judi-

1864 3731 1989 3772 care
2011 3724 2255 3786 peccata.
2305 3714 2372 3768 Et
2399 3714 2591 3769 dicet:
2627 3712 2791 3777 Quasi
2836 3714 2996 3780 plaga
3030 3711 3189 3780 lepra:
3233 3713 3444 3767 videtur

1863 3808 1991 3861 mihi
2016 3823 2127 3860 esse
2151 3807 2207 3859 in
2232 3806 2405 3869 domo,
2443 3803 2496 3857 id
2521 3809 2626 3865 est,
2650 3815 2842 3854 sensus
2872 3799 3052 3868 impia
3074 3799 3338 3854 doctrinas
3381 3800 3437 3854 in

1863 3914 1983 3954 mea
2015 3898 2315 3953 domestica
2348 3902 2571 3965 apparet
2617 3891 2881 3948 Ecclesia.
2923 3891 3114 3944 Atille
3144 3892 3439 3960 prwcipiet,

1862 4002 1919 4047 ut
1938 3993 2186 4061 auferant
2203 3990 2448 4042 universa
2482 3988 2546 4039 de
2578 3986 2769 4049 domo;
2801 3985 2914 4038 sive
2961 3992 3021 4038 ut
3074 3982 3216 4037 LXX
3245 3985 3438 4051 edunt,

1870 4082 1935 4135 Et
1958 4081 2226 4151 praecipiet
2254 4079 2496 4133 sacerdos
2521 4078 2753 4145 detegere
2772 4077 3008 4135 domum.
3039 4082 3088 4127 et
3109 4090 3213 4127 non
3234 4074 3441 4143 ﬂorebit

1864 4178 1914 4229 iu
1950 4190 2154 4228 omnem
2210 4173 2455 4235 domum;
2507 4169 2561 4224 id
2614 4175 2755 4223 est:
2816 4166 3101 4234 Praecipiet
3181 4166 3442 4221 recedere

1861 4277 2080 4318 omnem
2115 4260 2373 4331 populum
2396 4259 2486 4327 qui
2530 4258 2583 4311 in
2619 4271 2682 4310 ea
2712 4256 3085 4325 colligebatur.
3115 4252 3214 4309 Hic
3241 4264 3326 4309 est
3359 4265 3440 4309 te-

1862 4363 2009 4409 ctum
2042 4352 2253 4413 domus,
2287 4349 2401 4403 sive
2431 4348 2782 4409 instructura,
2817 4346 3120 4400 secundum
3147 4346 3292 4416 quod
3324 4346 3436 4400 fre-

1862 4454 2092 4514 quenter
2119 4441 2474 4496 ostendimus.
2509 4438 2795 4493 Discedere
2823 4447 3004 4491 autem
3038 4452 3134 4493 eos
3158 4437 3435 4507 praecepit,

1792 4543 1836 4598 ι)
1865 4536 1917 4590 id
1968 4543 2053 4589 est
2117 4548 2283 4603 Opere
2323 4531 2634 4594 ostendere,
2689 4529 2833 4599 quod
2891 4528 3056 4583 alieni
3088 4528 3435 4591 sintamalo,

1867 4628 2011 4698 quod
2045 4624 2293 4695 apparuit
2333 4624 2388 4678 in
2421 4621 2683 4685 Ecclesia,
2751 4628 2807 4674 et
2861 4634 2972 4674 non
3033 4620 3442 4675 communicent

1869 4734 2065 4789 pinnae,
2096 4732 2217 4787 quae
2246 4724 2331 4769 est
2353 4704 2532 4783 impiis
2579 4712 2897 4783 ingerenda.
2936 4709 3167 4780 Propter
3188 4712 3334 4780 quod
3384 4721 3440 4766 et

1868 4812 2095 4880 Moyses,
2124 4808 2340 4877 quando
2387 4806 2592 4859 Dathan
2622 4814 2677 4858 et
2734 4806 2940 4859 Abiron
2983 4805 3050 4858 ad
3104 4806 3440 4873 puniendum

1869 4913 2032 4974 atque
2053 4899 2470 4956 discernendum
2493 4897 2830 4951 deducturus
2858 4906 2996 4960 erat,
3020 4898 3277 4951 recedere
3316 4898 3444 4951 reli-

1868 5008 2030 5064 quam
2060 4990 2480 5052 multitudinem,
2517 4997 2580 5041 ut
2623 5002 2730 5041 non
2763 4988 3059 5057 participes
3096 4986 3444 5042 edicerentur

1867 5100 2059 5155 ptume,
2102 5082 2360 5153 praecepit
2389 5096 2403 5132 :
2436 5080 2540 5135 hoc
2567 5088 2651 5133 est
2679 5080 2826 5134 enim
2861 5080 3005 5148 quod
3040 5081 3117 5132 ait
3158 5094 3172 5130 :

1937 5198 2016 5252 Ne
2036 5194 2304 5249 inmunda
2339 5192 2473 5261 ﬁant
2501 5193 2679 5245 omnia
2743 5208 2859 5262 qua:
2891 5192 2944 5243 in
2967 5193 3120 5244 domo
3149 5198 3289 5247 sunt.
3347 5189 3446 5244 In-

1870 5289 2131 5359 trabitque
2163 5294 2338 5355 postea
2372 5285 2511 5338 idem
2532 5285 2795 5348 sacerdos,
2828 5292 2886 5335 ut
2934 5285 3224 5336 consideret
3257 5283 3444 5335 domus

1874 5384 2096 5450 lepram.
2131 5381 2192 5433 Et
2212 5384 2328 5433 cum
2348 5378 2537 5431 viderit
2569 5380 2625 5430 in
2646 5377 2937 5447 parietibus
2964 5376 3129 5439 illius,
3153 5376 3305 5445 quasi
3328 5374 3445 5428 val-

1875 5475 2081 5537 liculas,
2112 5474 2314 5542 pallore
2335 5474 2438 5527 sive
2458 5472 2647 5525 rubore
2662 5471 2942 5539 deformes.
2976 5468 3217 5523 Parietes
3234 5467 3446 5521 domus

1875 5574 2022 5619 recte
2052 5566 2305 5619 dicuntur
2330 5565 2385 5619 hi
2410 5564 2499 5635 qui
2529 5577 2647 5617 eam
2682 5562 2989 5625 continent,
3014 5561 3065 5614 id
3100 5569 3204 5625 est,
3225 5559 3447 5612 ordines

1917 5764 1960 5793 “
1997 5764 2220 5815 Zachar.
2252 5778 2346 5817 \‘ll.
2383 5760 2467 5813 Η.
2548 5760 2590 5790 ⁸⁷
2620 5759 2635 5810 1
2670 5759 2798 5811 Cor.
2835 5775 2886 5818 ν,
2917 5757 2968 5808 5.
3046 5758 3091 5788 ⁸⁸
3124 5756 3310 5810 Matth.
3345 5771 3442 5823 stt,

2192 5834 2236 5863 τ’
2272 5833 2475 5885 ίζωιοδδ.
2518 5847 2590 5889 tv,
2637 5830 2718 5883 l5.
2836 5828 2919 5884 7’1
2961 5826 3079 5881 Tim
3134 5842 3217 5885 ut.
3247 5828 3303 5879 2.
