4218 6450
768 401 871 465 953

1967 395 2259 455 IlESYCH
2274 394 2326 452 ιι
2370 392 2692 451 ΡΗΕΞΒΥἸ
2709 389 2842 451 EItI

3976 380 4072 444 364

767 506 951 559 divina
978 502 1273 559 dicentium
1295 510 1459 569 atque
1488 498 1820 554 docentium.
1890 496 1968 551 Ex
2008 499 2093 552 his
2143 497 2345 566 quippe
2374 500 2419 556 Α
2447 496 2647 563 quibus
2673 494 2894 564 quando
2932 506 3102 548 sacra
3122 492 3387 548 doctrina:
3405 505 3557 559 sunt,
3598 509 3717 547 non
3757 506 4071 562 incongrue

770 611 897 649 vere
924 595 1175 649 consistit
1241 591 1504 657 Ecclesia,
1548 601 1604 644 et
1652 606 1759 643 non
1796 590 1939 643 sicut
1971 587 2194 658 quidam
2242 603 2347 656 pu-

771 697 907 752 tant,
942 704 1006 741 ex
1047 685 1205 754 lignis
1244 694 1409 755 atque
1439 684 1729 754 lapidibus.
1784 681 1939 737 Unde
2002 692 2058 734 et
2112 680 2345 751 Moyses,

767 779 986 847 quando
1013 777 1269 846 colligere
1325 776 1619 846 jubebatur
1675 774 1997 835 Ecclesiam,
2039 788 2149 826 non
2181 773 2347 842 ligna,

767 878 822 922 et
858 868 1084 937 lapides,
1110 876 1414 934 cmteraque
1443 865 1664 927 similia,
1692 866 1787 919 sed
1817 864 2052 933 plebem,
2081 863 2347 926 seniores,

770 959 1096 1028 Levitasque
1121 958 1479 1012 convocabat.
1511 957 1823 1010 Secundum
1860 971 2023 1024 quam
2061 956 2225 1010 etiam
2263 969 2350 1007 ra—

772 1050 999 1111 tionein.
1027 1028 1289 1109 Iacobus,
1337 1057 1392 1101 et
1425 1048 1658 1138 tlepbas,
1689 1056 1742 1099 et
1796 1044 2037 1111 Joannes
2086 1046 2352 1100 columna:

769 1142 1027 1196 Ecclesia:
1057 1141 1409 1195 dicebantur.
1436 1137 1603 1209 Ergo
1633 1138 1874 1208 parietes
1914 1146 2065 1192 recte
2117 1137 2349 1191 ministri

769 1249 1072 1298 sacrorum,
1100 1234 1511 1302 doctoresque:
1580 1242 1770 1301 utpote
1840 1232 1939 1300 ipsi
1998 1232 2351 1285 stabilitatem

775 1327 1031 1380 Ecclesia:
1054 1325 1343 1378 lulcicntes
1402 1334 1460 1376 ut
1493 1324 1706 1393 plebem
1758 1322 2160 1392 quodammodo
2212 1322 2353 1375 intra

772 1421 1109 1488 semetipsos.
1133 1418 1471 1488 colligentes.
1500 1417 1936 1479 Pallensautcm,
1974 1431 2069 1469 seu
2105 1424 2162 1468 ut
2191 1413 2352 1477 LXX,

772 1511 1035 1573 viridans,
1058 1517 1113 1563 et
1140 1509 1447 1563 rubicunda
1474 1509 1685 1562 macula
1710 1508 1888 1575 qualis
1908 1521 2096 1576 quaeve
2115 1504 2205 1569 sit,
2226 1505 2356 1558 satis

776 1600 1166 1670 interpretatio
1201 1600 1561 1668 praecedentis
1583 1597 1882 1651 sanctionis
1914 1596 2175 1650 ostendit.
2222 1595 2356 1649 Esse

771 1694 917 1746 cnim
959 1692 1101 1745 illam
1135 1708 1327 1744 vanam
1380 1692 1605 1760 gloriam
1670 1698 1834 1758 atque
1892 1690 2203 1759 superbiam
2262 1688 2356 1741 de-

773 1783 1119 1834 monstravit.
1155 1781 1227 1833 lix
1258 1780 1457 1848 quibus
1524 1780 1757 1833 maxime
1826 1780 2066 1849 parietes
2101 1777 2356 1833 Ecclesia:

771 1887 1077 1943 corpusque.
1132 1888 1287 1926 saera
1356 1872 1783 1926 ministrantium
1839 1872 2233 1940 doctorumque
2289 1869 2357 1923 ad

773 1967 945 2019 malas
1005 1980 1071 2018 ac
1123 1964 1377 2027 nefarias,
1410 1964 1713 2031 impiasqne
1766 1963 2044 2016 doctrinas
2108 1977 2358 2031 prorum-

772 2067 932 2129 punt.
987 2057 1041 2110 Si
1072 2072 1202 2127 ergo
1262 2066 1541 2125 aspectum
1585 2056 1873 2125 parietum,
1936 2055 2211 2108 valliculas
2262 2070 2359 2109 seu

773 2151 946 2205 fossas
978 2150 1291 2213 habentem,
1326 2150 1378 2203 id
1409 2161 1511 2215 est,
1546 2151 1589 2203 si
1652 2150 1940 2203 humiliora
2000 2163 2154 2202 sacra
2196 2147 2357 2199 mini-

773 2243 1086 2306 strantium,
1115 2242 1196 2295 vel
1235 2242 1616 2313 magistrorum
1671 2243 2011 2311 opinionem,
2069 2241 2358 2296 valescen-

776 2341 995 2398 temqne
1027 2330 1427 2397 quodammodo
1454 2346 1519 2384 ex
1554 2333 1953 2401 comprehenso
1980 2340 2204 2400 peccato
2229 2345 2354 2398 pcr-

773 2423 1037 2492 spcxerit,
1073 2421 1391 2490 Egredietur
1417 2424 1607 2474 ostium
1664 2424 1870 2487 domus,
1910 2432 1959 2474 et
1994 2423 2176 2475 statim
2207 2420 2359 2474 clau-

774 2515 862 2567 det
890 2532 1007 2567 eam
1029 2524 1223 2579 septem
1248 2513 1447 2569 diebus.
1503 2515 1763 2569 Ecclesia:
1813 2516 2151 2569 moderatam
2209 2515 2362 2585 inge-

776 2608 1390 2676 rensinerepationem,
1424 2624 1529 2676 qua
1590 2608 1925 2675 paenitentia:
1982 2608 2211 2677 percipit
2271 2624 2363 2663 ve-

777 2696 944 2761 niam,
980 2706 1033 2749 et
1059 2698 1381 2751 absolvitur.
1409 2698 1766 2766 Septenarius
1796 2714 1927 2768 ergo
1966 2714 2227 2753 numerus
2246 2712 2365 2768 pec-

777 2788 885 2841 cati
926 2789 1138 2840 veniam
1180 2787 1470 2857 signiﬁcat.

849 2878 1203 2947 Reversusquc
1230 2880 1313 2930 die
1352 2880 1571 2947 septima
1603 2881 1951 2933 considerabit
1986 2900 2102 2934 eam
2150 2884 2233 2935 :si
2285 2885 2366 2935 in-

778 2971 975 3021 uenerit
994 2970 1212 3022 crevisse
1238 2970 1459 3037 lepram,
1481 2971 1680 3039 jnbebit
1710 2974 1822 3025 erui
1843 2972 2067 3041 lapides,
2099 2976 2151 3025 in
2177 2974 2364 3044 quibus

778 3058 928 3131 lepra
948 3071 1048 3124 est,
1070 3071 1117 3113 et
1139 3060 1329 3128 projici
1352 3077 1437 3113 eos
1466 3072 1615 3114 extra
1641 3064 1902 3116 civitatem
1933 3066 1986 3115 in
2004 3064 2115 3117 loco
2132 3065 2365 3117 immun-

2450 585 2651 639 dicitur
2694 604 2706 638 :
2748 583 2974 654 Lapides
2997 587 3169 638 sancti
3204 586 3486 639 volvuntur
3536 602 3702 655 super
3764 596 3983 639 terra.
4004 584 4050 615 "

2451 676 2517 730 Et
2544 693 2731 731 rursus
2769 694 2783 729 :
2813 675 3121 747 Quicunque
3154 678 3496 746 a'diﬁcavrrit
3526 695 3693 746 super
3732 678 4040 748 {undam

2453 778 2561 821 tum
2589 771 2683 821 hoc
2710 786 2927 834 aurum,
2948 780 3249 840 argentum,
3287 772 3491 837 lapides
3520 769 3877 839 pretiosos.”
3904 774 3920 786 ‘
3944 768 4063 823 Pul-

2453 877 2635 915 veretn
2658 877 2787 916 vero
2813 877 2933 915 eam
2966 878 3089 932 qua:
3128 863 3464 931 participalis
3495 874 3601 923 est,
3637 864 4056 930 interpretatio-

2453 968 2577 1007 nem
2618 964 2779 1023 atque
2811 954 3141 1018 doctrinam,
3171 954 3288 1022 ipse
3320 954 3532 1022 Moyses
3564 955 3866 1023 legislator
3898 953 4064 1022 signi-

2456 1046 2600 1110 ﬁcat,
2632 1045 2929 1099 secundum
2948 1044 3108 1099 LXX.
3139 1046 3370 1111 Quando
3401 1062 3530 1115 ergo
3563 1048 4061 1099 [lcttlerottomium

2454 1137 2579 1189 liliis
2612 1137 2779 1191 Israel
2810 1136 3027 1199 edebat,
3065 1137 3183 1191 hac
3212 1138 3279 1190 ad
3329 1153 3429 1191 nos
3478 1139 3697 1191 dicebat
3841 1138 3907 1188 Fr
3980 1141 4063 1187 uti:

2455 1242 2767 1297 quacunque
2810 1228 2895 1279 die
2919 1228 3240 1297 transgressi
3277 1229 3487 1297 fueritis
3550 1230 3813 1279 Iordanis
3846 1242 4039 1279 terram

2456 1335 2616 1387 quant
2644 1319 2901 1372 Dominus
2930 1318 3067 1372 Deus
3097 1330 3216 1372 tuus
3237 1322 3402 1375 dabit.
3430 1332 3632 1372 statues
3668 1323 3889 1385 luptdes
3908 1337 4035 1386 wall

2456 1415 2542 1463 des
2564 1454 2577 1474 ,
2615 1422 2664 1465 et
2698 1413 2849 1465 linies
2884 1428 2969 1465 eos
3003 1412 3215 1479 pulvere
3237 1454 3251 1475 ,
3293 1423 3340 1463 et
3393 1415 3584 1465 scribes
3643 1430 3807 1479 super
3873 1415 4063 1479 lapides

2458 1519 2635 1554 omnes
2655 1518 2919 1555 sermones
2942 1502 3070 1572 legis
3114 1503 3271 1570 hujus
3303 1504 3361 1551 τε.
3408 1502 3614 1554 Deinde
3669 1503 3928 1569 lapidum
3968 1503 4059 1553 vim

2460 1596 2700 1657 tradens,
2742 1596 2986 1663 apertius
3010 1593 3221 1647 addidit
3263 1613 3274 1645 :
3337 1593 3623 1645 ἔωσι-ὤιξε
3654 1610 3813 1659 super
3875 1594 4059 1659 lapidi».

2458 1702 2661 1738 ontncm
2693 1685 2857 1753 legem
2894 1686 3029 1737 hanc
3060 1697 3185 1752 apte
3244 1686 3399 1737 nimis
3460 1685 3626 1753 Lapis
3658 1698 3853 1738 autem
3904 1687 4060 1753 legem

2460 1793 2569 1831 non
2599 1777 2872 1846 explanat,
2897 1778 2990 1832 sed
3018 1778 3316 1846 explanant
3350 1794 3471 1830 eam
3501 1780 3919 1844 exponentium
3940 1778 4035 1845 dog

2460 1880 2603 1925 mata
2637 1882 2803 1942 atque
2847 1880 3247 1942 syngrammata
3300 1888 3363 1924 ac
3408 1873 3754 1939 pal’llCipnilS
3791 1873 4058 1938 interpre-

2459 1964 2630 2017 tatio:
2660 1980 2892 2034 quorum
2929 1965 3031 2019 hoc
3056 1965 3277 2034 quidem
3311 1980 3405 2033 per
3434 1966 3667 2032 εαριάιιδ.
3702 1965 3862 2017 aliuu
3893 1977 4059 2015 autem

2460 2070 2558 2124 per
2577 2055 2856 2125 pulverem
2889 2054 3233 2127 signiﬁcavit.
3265 2056 3417 2110 Unde
3444 2066 3499 2107 et
3533 2058 3814 2107 Dominus
3851 2069 4047 2123 apt-stu

2465 2147 2534 2199 lis
2561 2148 2841 2216 praeepit,
2874 2158 2935 2201 ut
2962 2156 3153 2201 contra
3177 2161 3272 2201 eos
3302 2152 3393 2215 qui
3420 2164 3530 2200 non
3564 2149 3929 2215 susciperent
3956 2163 4057 2199 ver-

2461 2240 2590 2293 bum
2616 2255 2802 2294 eorum
2835 2250 2998 2310 atque
3024 2241 3353 2302 doctrinam,
3376 2245 3542 2293 etiam
3576 2241 3877 2309 pulverem
3910 2256 4060 2293 excu-

2464 2341 2641 2385 terent
2672 2333 2869 2401 pedum
2904 2350 2917 2385 :
2954 2330 3263 2401 Quicunque
3287 2348 3387 2384 non
3447 2334 3747 2400 receperint
3807 2348 3921 2392 ros,
3984 2348 4062 2381 rm

2461 2425 2751 2489 audierint,
2784 2436 3027 2478 exeuntes
3055 2426 3174 2478 inde
3195 2426 3422 2477 excutite
3444 2424 3715 2492 pulverem
3759 2425 3825 2475 de
3855 2425 4064 2489 pedibus

2461 2518 2669 2581 vestris,
2705 2518 2761 2569 in
2797 2518 3152 2571 testiinonium
3182 2517 3289 2570 illis
3318 2517 3383 2567 ττι
3452 2517 3612 2581 Quod
3648 2518 3704 2569 in
3760 2516 3852 2569 his
3899 2517 4066 2569 verbis

2464 2609 2874 2679 praecipientem
2903 2607 3196 2670 Dominum
3224 2608 3440 2662 Marcus
3478 2608 3672 2673 refert,
3722 2609 3858 2676 quia
3929 2610 4065 2661 enim

2465 2703 2654 2770 pedes,
2694 2703 3043 2774 evangelicos
3082 2702 3249 2755 libros
3276 2717 3394 2765 eos,
3441 2702 3589 2770 quod
3653 2704 3708 2755 in
3775 2703 3915 2772 ipsis
3974 2712 4058 2753 ite.

2463 2791 2717 2845 doetores
2740 2801 2924 2861 agant,
2948 2792 3133 2846 divina
3157 2791 3407 2861 intelligit
3438 2793 3747 2859 Scriptura.
3792 2794 3944 2846 unde
3971 2804 4063 2844 an;

2465 2882 2635 2947 Quam
2661 2885 2881 2954 speciosi
2913 2887 3066 2953 pedes
3092 2886 3572 2955 euangelizandum
3607 2902 3796 2937 υσαηη
3819 2887 3883 2929 ’⁸
3909 2886 4067 2938 [tecte

2466 2977 2750 3045 pulverem
2776 2978 2879 3032 sub
2906 2978 3074 3047 pedes
3087 2994 3301 3043 eorum,
3322 2982 3775 3048 evangelicnrnm
3803 2979 4065 3031 librorum

2469 3069 2720 3122 videlicet
2758 3069 3286 3138 interpretationem,
3321 3080 3547 3139 prepter
3580 3071 3813 3122 nimiam
3844 3073 4067 3136 accepit

781 3150 868 3203 do.
937 3150 1007 3203 Et
1040 3149 1166 3210 hoc,
1220 3149 1344 3216 quia
1374 3148 1624 3203 diffusam
1657 3152 1924 3205 maculam
1974 3169 2083 3207 non
2138 3154 2361 3209 invenit.

2470 3163 2846 3216 subtilitatem.
2873 3162 3106 3231 Lapides
3134 3179 3267 3232 ergo
3293 3163 3462 3218 eradi.
3499 3174 3554 3215 et
3580 3162 3871 3231 pulverem
3907 3161 4067 3213 alium

784 3257 887 3295 nec
913 3242 1306 3295 exuberantem
1378 3242 1739 3310 impietatem.
1778 3244 1827 3297 id
1876 3254 1981 3308 est,
2018 3245 2103 3299 his
2140 3245 2358 3315 quidem

783 3333 875 3401 qui
900 3340 1288 3401 peccaverunt,
1307 3341 1492 3400 utpote
1528 3335 1943 3399 pceuitentibus,
1968 3336 2199 3405 ignoscit
2225 3347 2277 3391 et
2306 3349 2360 3391 ut

784 3439 849 3478 ex
879 3424 1191 3476 inﬁrmitate
1222 3424 1592 3493 peccantibus.
1658 3430 1910 3498 Dogmata
1958 3439 2137 3482 autem
2166 3439 2221 3482 ct
2247 3445 2364 3499 syn-

784 3524 1106 3585 grammata,
1142 3514 1195 3566 in
1225 3514 1421 3582 quibus
1449 3525 1532 3567 est
1570 3516 1922 3587 intelligibilis
1974 3520 2154 3588 Iepraz,
2177 3521 2361 3573 videli.

786 3616 874 3659 cet
903 3605 1199 3673 impietatis
1230 3606 1462 3667 macula,
1515 3608 1630 3661 haec
1676 3624 1787 3661 non
1836 3611 2011 3664 solum
2070 3623 2222 3665 extra
2266 3614 2355 3665 do-

785 3712 959 3761 mum,
1000 3698 1093 3749 sed
1126 3707 1275 3749 extra
1310 3697 1583 3751 civitatem
1607 3711 1750 3753 recte
1776 3704 2089 3771 projiciunt,
2128 3720 2235 3758 non
2273 3720 2362 3757 se»

786 3789 898 3841 lum
926 3788 993 3841 tle
1017 3804 1122 3840 una
1156 3786 1417 3849 Ecclesia,
1445 3791 1538 3842 sed
1576 3791 1643 3843 de
1703 3793 1995 3847 universali
2060 3796 2341 3865 ejicientcs

795 3878 1135 3933 Universalis
1179 3879 1326 3931 enim
1370 3878 1609 3934 Ecclesia
1656 3881 1958 3938 Jerusalem
2014 3896 2118 3947 est,
2176 3888 2366 3941 civitas

795 3970 884 4023 Dei
910 3970 1038 4033 vivi,
1080 3986 1201 4038 qua:
1226 3971 1472 4025 continet
1499 3972 1791 4029 Ecclesiam
1820 3978 2365 4046 primitivorumcon-

789 4060 1047 4128 scriptam
1073 4059 1127 4112 in
1160 4058 1403 4113 caelis“.
1456 4058 1820 4125 Quamobrem
1867 4068 2033 4120 etiam
2081 4070 2134 4122 iu
2186 4071 2364 4125 lin-um

790 4152 1131 4206 immundum
1157 4152 1475 4221 projiciunt,
1498 4153 1640 4208 inter
1695 4156 2079 4214 haereticorum
2110 4163 2373 4219 videlicet

762 4321 764 4324 ν
788 4242 1169 4297 conventicula
1197 4258 1211 4294 :
1238 4242 1326 4296 hic
1350 4253 1435 4297 est
1456 4244 1601 4297 enim
1658 4244 1828 4312 locus,
1850 4249 2183 4317 immundus,
2241 4254 2368 4324 quia

790 4331 974 4385 omnia
1019 4331 1215 4400 recipit
1282 4332 1531 4403 dogmata
1595 4334 1911 4404 impietatis.
1958 4341 2023 4394 Et
2056 4343 2184 4411 quid
2243 4355 2367 4414 post

791 4422 907 4477 hac
921 4423 944 4471 ’ἒ

2468 3256 2655 3307 tnl’erri
2693 3256 2900 3319 dicens,
2932 3264 3158 3324 purgata
3181 3256 3251 3308 ab
3283 3256 3432 3308 omni
3464 3253 3608 3307 malo
3639 3256 3927 3323 dogmata,
3991 3265 4067 3305 at-

2466 3364 2571 3415 que
2603 3347 2910 3401 doctrinam
2953 3363 3050 3417 pro
3103 3349 3257 3401 malis
3289 3349 3394 3401 illis
3424 3347 3637 3409 inferri,
3675 3360 3727 3400 et
3763 3347 4065 3400 Ecclesiain

2469 3439 2608 3492 Imiri
2634 3442 2751 3493 sine
2772 3440 2879 3495 ulla
2907 3439 3189 3493 dubietate
3222 3482 3230 3489 .
3290 3441 3392 3493 hoc
3414 3440 3559 3493 enim
3618 3440 3782 3492 nobis
3810 3439 4061 3492 conside-

2470 3543 2605 3584 ratio
2628 3532 2761 3601 legis
2794 3531 3075 3585 evidenter
3108 3533 3366 3586 ostendit.
3414 3533 3608 3584 Annon
3663 3542 3719 3585 et
3752 3532 3966 3584 Paulus
3998 3530 4041 3581 le

2470 3639 2617 3691 praui
2640 3624 2954 3693 doguiatutn
2980 3625 3035 3677 in
3077 3624 3395 3679 doctoribus
3427 3625 3789 3677 Antiochena:
3808 3639 4061 3683 cernens,

2468 3716 2668 3770 Iacobo
2709 3726 2896 3786 utpote
2932 3718 3203 3771 sacerdoti
3256 3732 3454 3787 magno
3503 3717 3779 3770 nuntiavit
3799 3719 3847 3747 ⁷⁸
3886 3716 4063 3781 ?Quia

2466 3810 2634 3863 erasis
2655 3824 2947 3877 pravorum
2982 3810 3271 3863 doctorum
3304 3809 3449 3862 notis
3487 3810 3867 3879 dogmatibus,
3905 3809 4057 3862 aule-

2468 3916 2595 3953 rens
2635 3900 2842 3969 lapides
2867 3900 2921 3953 in
2951 3900 3071 3953 luco
3095 3914 3284 3953 eorum
3320 3917 3333 3949 :
3365 3900 3700 3954 rectissimus
3746 3899 4059 3967 llierosolyv

2468 3992 2688 4045 initanze
2726 3992 2973 4046 ecclesia:
3000 3992 3226 4053 litteras,
3255 4000 3310 4043 et
3345 3992 3623 4059 pulverem
3662 4009 3675 4041 :
3719 4007 3881 4043 suam
3915 3992 4053 4043 vide-

2468 4082 2591 4135 licet
2617 4081 2924 4135 doctrinam
2945 4081 3175 4144 addens,
3220 4084 3375 4134 unxit
3406 4080 3706 4135 Ecclesiam
3733 4086 4059 4149 curavitque

2467 4176 2609 4242 quod
2635 4173 2930 4227 acciderat.
2974 4171 3082 4227 Sed
3114 4189 3215 4227 nec
3258 4176 3339 4227 sic
3362 4190 3481 4227 eam
3515 4174 3750 4243 relinqui
3784 4175 4059 4228 indiscus-

2468 4280 2582 4318 sam
2608 4265 2661 4317 in
2681 4265 3139 4334 subsequentibus
3154 4267 3385 4319 sancivit
3419 4285 3431 4319 :
3464 4267 3590 4335 quia
3617 4266 3763 4319 enim
3800 4266 4062 4336 iniquitas

2469 4357 2523 4410 in
2549 4372 2666 4422 eos,
2691 4358 2785 4427 qui
2817 4372 3109 4428 pravorum
3144 4359 3457 4427 dogmatum
3489 4359 3680 4412 morbo
3718 4358 4058 4422 alﬁciuutur,

2468 4450 2581 4503 cito
2614 4450 2929 4514 revertitur,
2966 4460 3329 4519 etpropterea
3348 4452 3420 4503 ait
3451 4470 3463 4501 :

862 4514 1088 4568 Domum
1119 4524 1296 4612 autem
1318 4518 1496 4612 ipsum
1544 4520 1663 4571 radi
1691 4520 2007 4577 intrinsecus
2041 4542 2134 4594 per
2166 4529 2364 4582 ctrcui-
2397 4505 2466 4560 θ’
2544 4541 2639 4597 Sin
2664 4555 2843 4596 autem
2878 4505 3156 4612 postquam
3213 4544 3349 4595 etuti
3384 4552 3504 4595 sunt
3538 4543 3760 4609 lapides,
3795 4553 3846 4593 et
3896 4542 4061 4605 putris

791 4615 926 4668 tum,
958 4616 1006 4657 et
1030 4606 1212 4674 spargi
1235 4607 1497 4673 pulverem
1533 4624 1734 4663 rasura:
1767 4623 1917 4665 extra
1952 4616 2154 4682 urbem,
2177 4620 2233 4671 in
2254 4619 2365 4673 loco

758 4698 1081 4757 ,immundo.
1118 4698 1333 4751 llatiunt
1364 4700 1605 4765 domum,
1657 4704 1748 4772 qui
1783 4704 1950 4759 libros
1968 4709 2368 4768 ecclesiasticos

754 4777 759 4789 ’
792 4787 1106 4858 intelligere
1140 4798 1305 4857 atque
1331 4791 1646 4846 discernere
1689 4796 1961 4853 subtiliter
2003 4803 2242 4871 student,
2307 4816 2369 4861 ut

792 4880 896 4948 ipsi
926 4894 1145 4933 onmem
1172 4882 1437 4935 malitiam
1481 4883 1773 4955 diligenter
1798 4902 2227 4962 perscrutantes,
2281 4899 2368 4953 in-

795 4969 1137 5038 sidentesque
1165 4972 1417 5027 doctores
1435 4975 1491 5027 in
1526 4976 1708 5044 pravis
1732 4978 1904 5045 libris,
1943 4986 2151 5041 rosario
2170 4989 2368 5058 dijudi-

792 5060 1028 5115 cationis
1051 5063 1409 5129 excutientes,
1443 5067 1625 5121 nullas
1656 5068 1710 5121 iu
1737 5084 1801 5123 ea
1842 5072 2136 5142 impietatis
2187 5082 2370 5137 sinant

795 5166 1078 5206 remanere
1106 5154 1363 5224 reliquias
1395 5173 1407 5209 :
1436 5158 1531 5211 sed
1569 5167 1623 5212 et
1652 5175 1771 5228 qua:
1800 5162 2122 5232 abraseriut,
2154 5170 2269 5226 lucc
2314 5174 2369 5227 in

796 5242 1115 5311 pmdictunt
1151 5245 1492 5301 immundum
1524 5249 1725 5315 locum,
1755 5254 1897 5309 sicut
1928 5256 2202 5315 immunda
2234 5273 2288 5317 et
2313 5265 2369 5319 in

795 5330 1090 5387 immundis
1114 5334 1332 5389 inventa
1366 5348 1513 5392 recte
1556 5340 1868 5410 deportant,
1896 5346 2209 5420 lapidesque
2235 5354 2370 5410 alios

797 5425 988 5491 reponi
1024 5442 1121 5494 pro
1152 5427 1235 5482 his
1262 5432 1354 5499 qui
1390 5431 1553 5485 ablati
1583 5433 1819 5500 fuerant,
1860 5440 2045 5494 etluto
2082 5444 2186 5499 alio
2220 5447 2366 5504 liniri

796 5516 1219 5585 dumum.Quod
1265 5524 1471 5592 lapides
1532 5539 1781 5598 oporteat
1846 5535 2068 5606 intelligi
2117 5539 2366 5611 dogmata

798 5611 1191 5676 exponentium
1217 5613 1457 5670 divinam
1514 5620 1686 5689 legem
1722 5634 1776 5674 et
1829 5639 2249 5697 syngrammata,
2299 5634 2367 5687 de

904 5748 949 5779 "
981 5748 1145 5804 Hebr.
1205 5770 1301 5813 xu,
1329 5753 1420 5818 ΕΞ,
1461 5754 1549 5807 23.

808 5810 849 5842 τ.
871 5757 949 5842 ,ίῗζ
982 5757 1155 5842 ¹ῗ⁴ῗέπς
1177 5840 1186 5842 _
1205 5770 1301 5842 ξμς
1322 5757 1420 5842 ξεν
1461 5757 1567 5842 95-.
1647 5757 1692 5788 "
1709 5758 1943 5842 ἔδρων-
1980 5780 2067 5842 ιι»-
2086 5767 2170 5821 16-

868 5818 972 5873 lsa.
1004 5835 1096 5886 LII,
1126 5822 1188 5888 7;
1223 5825 1377 5878 llom.
1428 5842 1479 5889 x,
1510 5827 1598 5881 15.

1709 5832 1751 5862 τ’
1773 5832 1891 5888 Act.
1921 5851 2009 5899 xv,
2052 5837 2069 5888 l
2107 5854 2257 5909 seqq.

2274 5775 2335 5803 "'
2374 5770 2390 5824 Ι
2423 5774 2546 5827 Cor.
2585 5789 2671 5834 in.
2706 5774 2796 5827 12.

2471 4635 2667 4700 elatus,
2704 4643 2751 4687 ct
2783 4634 2894 4685 alia
2942 4643 3084 4686 terra
3130 4634 3225 4686 lita
3246 4676 3260 4696 ,
3293 4634 3554 4703 ingressus
3585 4634 3836 4685 sacerdos
3879 4636 4061 4685 uiderit

2473 4741 2737 4779 reversam
2762 4725 2963 4793 leprant
2989 4736 3038 4779 et
3073 4727 3301 4794 parietes
3360 4740 3598 4792 aspersas
3628 4725 3882 4787 maculis,
3915 4724 4056 4793 lepra

2472 4826 2549 4871 est
2581 4833 2941 4885 perseverans,
2971 4826 3020 4871 et
3049 4817 3322 4870 immunda
3351 4816 3553 4869 domus.
3592 4815 3649 4868 Si
3679 4814 3830 4868 enim
3872 4816 4058 4883 ejectis

2473 4907 2631 4962 malis
2651 4902 3021 4978 dogmatibus,
3046 4915 3102 4962 et
3115 4907 3235 4961 aliis
3256 4923 3403 4961 sanae
3421 4905 3679 4961 doctrinas
3705 4906 4057 4963 introductis.

2467 4999 2582 5068 ipsa
2614 5000 2803 5053 rut-suis
2831 5000 3127 5069 impietatis
3155 5000 3404 5054 doctrina
3458 4999 3768 5053 inveniatur
3813 5013 4057 5065 aspersa.

2470 5090 2521 5141 id
2552 5098 2638 5142 est
2670 5088 2890 5155 dil'l'usa,
2917 5091 3033 5143 sive
3056 5090 3389 5153 exuberans,
3418 5099 3548 5143 tunc
3573 5088 3836 5141 sacerdos
3865 5104 3978 5139 non
4003 5104 4061 5137 ex

2470 5177 2769 5247 longinquo
2805 5178 3014 5241 auditu,
3063 5179 3159 5233 sed
3217 5179 3555 5246 inspectione
3608 5192 3704 5230 sua
3756 5176 4061 5245 cognoscit,

2470 5268 2618 5335 quod
2646 5282 2978 5338 permanens
2994 5275 3077 5320 est
3104 5266 3404 5335 impietatis
3430 5266 3629 5336 passio,
3664 5274 3721 5318 et
3754 5265 4066 5318 inuuuudat

2476 5360 2636 5414 aliam
2678 5359 3055 5413 ministrorum
3099 5359 3493 5428 doctorumque
3531 5357 3836 5411 Ecclestam
3872 5358 3932 5410 iu
3968 5372 4065 5426 qua

2479 5450 2645 5504 fuerit
2665 5465 2887 5519 aspersa
2906 5465 3001 5504 seu
3018 5449 3238 5504 diﬂ'usa.
3258 5451 3513 5519 Impietas
3538 5459 3684 5503 recte
3702 5449 4066 5511 discernitur,

2476 5542 2621 5613 quod
2643 5542 2937 5597 ostendent
2958 5543 3273 5613 sequentia:
3311 5542 3386 5595 ait
3410 5542 3557 5595 enim
3586 5559 3597 5592 :

2548 5634 2720 5699 Quum
2740 5637 2925 5689 statim
2954 5636 3246 5700 destruent,
3282 5645 3330 5688 et
3380 5636 3579 5702 lapides
3631 5634 3749 5702 ejus
3801 5652 3870 5687 ac
3910 5638 4067 5707 ligna,

2894 5775 2939 5805 "
2973 5774 3131 5829 Deut.
3177 5791 3343 5837 xxvii,
3390 5776 3508 5829 4-8.
3587 5777 3630 5807 "
3657 5772 3834 5832 Marc.
3872 5794 3957 5843 vr,
3994 5779 4071 5831 ll.
