4218 6450
176 422 275 483 965

1338 422 1420 481 1N
1463 422 1902 481 LEVI'llCUM.
1942 449 2003 457 ν--
2042 426 2186 485 LIB.
2224 426 2284 483 ν.

3321 422 3427 485 966

174 546 323 604 utque
353 536 651 587 uniuersum
685 548 950 598 pumrem
990 535 1266 600 proﬁcient
1298 544 1447 587 extra
1479 537 1745 600 oppidum,
1779 543 1815 595 Α
1854 555 1949 597 prtt
1973 539 2126 591 nobis
2160 548 2235 590 est
2264 538 2598 601 incarnatus,
2639 535 3024 591 committitur.
3054 534 3116 589 Et
3139 544 3427 604 propterea

176 628 226 677 in
260 627 423 678 locum
451 625 801 678 immundum.
829 626 884 678 Id
917 635 1020 684 est,
1058 640 1166 677 non
1201 624 1375 677 solum
1444 626 1550 693 jam
1610 643 1739 678 ron-

174 714 714 782 denmantdogmata,
740 713 834 767 sed
872 724 926 767 et
967 715 1111 781 ipsos
1166 714 1217 765 in
1271 714 1469 781 quibus
1519 713 1738 768 inventa

177 805 392 867 luerint,
419 805 597 857 ethos
625 821 690 857 ex
719 820 951 873 quorum
998 806 1270 859 locutione
1314 805 1478 873 impia
1512 805 1740 859 ecclesia

175 896 1048 964 constiterat,omnemqueipsant
1100 897 1391 949 destruunt
1424 894 1739 949 Ecclesiant.

175 987 319 1040 0dit=i
350 989 520 1049 enim,
548 988 742 1057 inquit,
781 992 1236 1057 congregationem
1262 986 1637 1055 malignorum,
1694 1002 1737 1035 et

178 1096 293 1131 cum
323 1080 496 1147 impiis
527 1096 627 1131 non
661 1081 865 1141 sedebo,
897 1080 1037 1132 sicut
1076 1078 1243 1130 David
1274 1078 1489 1131 dicebat
1511 1076 1577 1125 '°-
1606 1076 1742 1142 Ειὲῐυ

174 1178 391 1221 ctextra
418 1183 556 1227 eant,
585 1184 705 1234 quae
737 1168 787 1218 in
819 1168 969 1221 cwlis
998 1176 1080 1219 est
1108 1165 1398 1219 constituta
1455 1166 1572 1217 viva
1592 1164 1743 1216 viue-

176 1258 383 1310 licetur
416 1274 537 1310 vera
573 1259 878 1311 excluditur
921 1257 1202 1309 cititatvct
1265 1272 1386 1308 cunt
1455 1255 1743 1309 immundis

177 1362 451 1417 reputatur
485 1350 771 1402 haereticis.

244 1445 340 1503 Qui
368 1443 635 1491 mtrurrrit
670 1442 725 1491 in
748 1441 959 1491 domum
998 1458 1175 1501 istum,
1209 1438 1418 1506 quando
1449 1438 1626 1491 clausa
1648 1448 1741 1489 est.

178 1534 229 1584 ιιι
258 1546 358 1593 est,
388 1549 508 1599 qua!
540 1534 719 1585 multae
749 1548 845 1583 seu
880 1545 1053 1599 pmna’
1087 1532 1330 1598 subjecta
1362 1539 1464 1582 est.

241 1627 337 1688 Qui
364 1627 621 1693 ingressus
648 1625 819 1687 luerit.
886 1624 939 1675 ltt
968 1624 1212 1691 quolibet
1236 1626 1286 1675 ei
1338 1621 1747 1676 communicatis

174 1718 553 1771 conventiculo
593 1720 907 1768 immundus
938 1716 1042 1766 erit
1088 1728 1259 1781 usque
1283 1714 1413 1768 dum
1461 1713 1742 1781 ρωιιὶιυειι.

177 1810 236 1861 lit
269 1810 437 1862 multo
467 1809 635 1877 magis
657 1810 749 1875 qui
776 1808 829 1859 in
868 1823 931 1858 ea
969 1810 1191 1869 dormit,
1219 1806 1306 1859 hic
1339 1806 1604 1875 Siquidem
1638 1820 1744 1858 non

176 1903 328 1955 aliter
357 1902 670 1969 suscipitur.
696 1900 797 1952 nisi
848 1902 1094 1969 laerynus
1125 1899 1319 1952 laverit
1347 1896 1740 1967 intelligibiletn
1779 1870 1823 1929 Β

174 1996 387 2048 stolam.
419 1993 659 2046 Dormire
689 2002 870 2045 autem
904 1992 957 2043 in
1006 2006 1066 2044 ea
1126 1990 1474 2060 intelligimus
1528 1988 1745 2056 requie-

175 2096 415 2138 scentent
436 2100 485 2134 ιιι
517 2083 693 2135 verbis
713 2082 852 2151 ejus,
870 2092 927 2134 et
951 2095 1061 2133 non
1077 2078 1499 2133 consuetudinis
1515 2077 1747 2146 alicujus

175 2191 332 2228 rztusa
358 2177 412 2229 itt
445 2174 563 2242 ejus
579 2173 818 2227 consiliis
842 2174 1216 2226 divertentent.

245 2269 344 2319 Sed
371 2276 419 2319 et
448 2267 537 2335 qui
564 2266 842 2318 comederit
877 2267 929 2316 in
961 2282 1043 2316 ea.
1082 2265 1277 2317 (libum
1302 2261 1512 2316 scilicet
1558 2258 1746 2330 mysti-

176 2369 297 2406 e-nm
328 2354 561 2406 similem
594 2353 744 2423 legis.
777 2362 831 2405 et
869 2358 1120 2405 eumdem
1164 2354 1298 2419 iuris
1326 2350 1517 2404 sortita
1541 2359 1624 2403 est
1661 2350 1746 2402 ef-

180 2454 405 2495 ;a-etum'
436 2444 558 2510 quia
592 2441 737 2493 illius
792 2442 1045 2511 mysteria
1077 2442 1354 2509 percipere
1403 2437 1749 2509 praesumpsit

180 2534 448 2593 Ecclesiae,
480 2548 639 2600 quam
676 2534 943 2585 destruxit
975 2532 1245 2591 sacerdos,
1280 2530 1558 2599 reperiens
1583 2529 1747 2597 impie

174 2636 445 2693 agentem,
468 2635 521 2677 et
549 2624 826 2677 doctrinas
849 2622 1016 2675 malas
1097 2623 1147 2672 id
1197 2630 1300 2684 est,
1340 2621 1505 2690 ligna,
1535 2618 1740 2681 fenum,

174 2716 429 2783 stipulam
450 2715 742 2768 habentem
791 2713 944 2767 Unde
987 2727 1092 2765 non
1136 2712 1310 2766 solum
1352 2710 1563 2779 lapides
1604 2712 1743 2777 eius,

178 2818 354 2870 neque
389 2804 532 2856 enim
565 2815 715 2857 erant
758 2804 1000 2873 pretiosi,
1036 2805 1131 2855 sed
1158 2813 1212 2853 et
1236 2802 1378 2869 ligna
1411 2811 1597 2866 utpote
1615 2816 1747 2853 con-

172 2900 361 2961 juncta
392 2898 518 2950 leno
558 2914 619 2951 ac
646 2898 856 2967 stipulae
885 2897 1129 2965 projecit.

254 3012 412 3070 Vens.
438 3014 626 3069 48-55.
662 3033 678 3064 t
705 3012 859 3078 Quod
900 3016 943 3067 si
969 3011 1239 3066 introierit
1268 3010 1521 3064 sacerdos
1545 3010 1597 3060 in
1648 3010 1743 3061 do-

177 3123 349 3171 mum,
377 3116 431 3161 et
461 3106 656 3162 viderit
685 3105 886 3175 lepram
942 3119 1047 3158 non
1080 3103 1317 3157 crevisse
1347 3111 1627 3171 postquam
1653 3101 1751 3155 de~-

1846 645 1895 679 Ill
1926 630 2147 681 domum
2179 628 2547 682 ntundandam
2581 631 2697 683 haec
2728 629 2976 697 accipere
2999 626 3259 681 sacriﬁcia
3284 643 3426 696 pra:-

1844 720 1991 787 cipit,
2049 735 2170 789 qute
2225 720 2539 788 mysterium
2588 720 2708 787 ejus
2769 719 3142 787 passionisque
3164 716 3423 786 ﬁgurant,

1846 817 2033 875 utpote
2064 824 2184 876 qum
2207 808 2543 862 sullicienter
2563 823 2659 876 per
2693 808 2813 869 has,
2847 823 2967 876 qua:
3018 808 3086 861 de
3147 806 3232 861 his
3273 817 3421 871 sunt,

1871 900 2139 969 heologias
2160 904 2330 969 possit
2360 916 2552 955 sanare
2585 902 2925 969 peccantium
2957 901 3183 969 linguas,
3212 901 3425 954 omnia-
3478 932 3479 937 η

1844 1006 1948 1057 que
1974 1005 2165 1043 eorum
2193 993 2460 1045 mundare
2501 1003 2742 1061 peccata.

1919 1082 2076 1134 Vens.
2099 1082 2290 1135 iii-57.
2323 1102 2339 1131 ι
2380 1083 2483 1135 Ista
2516 1092 2601 1135 est
2636 1083 2814 1135 omnis
2865 1083 2948 1135 lex
2979 1084 3162 1153 leprte,
3202 1092 3255 1136 et
3296 1098 3425 1151 pen

1846 1188 2087 1227 cussurae
2117 1174 2301 1242 lepra',
2342 1175 2598 1236 \‘Cslllltll,
2641 1184 2696 1227 et
2725 1175 3010 1228 domorum
3042 1176 3329 1237 cicatricis,
3373 1183 3429 1229 et

1850 1267 2254 1334 erumpentium
2285 1265 2607 1334 papularum
2647 1266 2883 1319 lucentis
2939 1266 3188 1331 macula,
3258 1277 3310 1321 et
3373 1268 3427 1319 in

1849 1358 2027 1411 varias
2059 1358 2272 1426 species
2306 1358 2579 1411 coloribus
2641 1355 2962 1418 immutatis,
2988 1364 3049 1409 ut
3078 1358 3247 1424 possit
3303 1356 3425 1410 sciri

1849 1464 1958 1514 quo
2000 1462 2245 1517 tempore
2284 1448 2414 1517 quid
2461 1448 2727 1501 mundutn
2785 1447 2869 1500 vel
2909 1445 3251 1499 immundum
3282 1447 3372 1499 sit.
3405 1466 3421 1498 t

1921 1539 2022 1592 Ista
2056 1549 2141 1591 est
2166 1537 2347 1591 omnis
2375 1536 2458 1589 lex
2500 1536 2700 1605 leprae:
2737 1535 2862 1605 quia
2896 1536 3056 1588 latius
3086 1536 3427 1589 sanctionem

1848 1629 2013 1699 lepra:
2045 1629 2319 1698 exposuit,
2352 1626 2717 1681 necessarium
2738 1626 3000 1695 judicavit
3023 1626 3143 1693 ejus
3171 1626 3427 1680 reiterare

1849 1719 2124 1789 capitula,
2188 1727 2243 1771 et
2310 1717 2463 1786 prius
2524 1716 2741 1785 quidem
2816 1715 3153 1784 complexive
3215 1731 3421 1783 genus,

1852 1818 1971 1881 post
2022 1812 2137 1864 haec
2180 1816 2364 1863 autem
2413 1807 2642 1877 species.
2656 1822 2754 1877 per
2801 1816 2985 1876 partes
3015 1808 3270 1876 exponit;
3304 1824 3426 1862 t'lllll

1852 1902 1997 1957 enim
2029 1901 2166 1956 dixit
2200 1918 2218 1955 :

1922 1994 2007 2049 Ita
2040 2003 2117 2047 est
2156 1994 2325 2047 omnis
2347 1993 2430 2046 lea:
2462 1992 2617 2060 lepra-
2639 2033 2653 2049 .
2690 1993 3025 2062 complexive
3052 2007 3222 2061 genus
3248 2003 3416 2047 osten-

1852 2084 1950 2138 dit.
1987 2084 2213 2155 Species
2242 2092 2426 2137 autent
2467 2093 2596 2137 sunt
2623 2083 3000 2152 apertissima,
3033 2098 3170 2152 quas
3207 2084 3260 2136 in
3295 2084 3425 2137 suh~

1852 2177 2205 2247 sequentibus
2258 2176 2485 2241 addidit,
2530 2190 2855 2246 praeponens
2882 2186 3026 2229 recte
3069 2190 3424 2245 percussum.

1853 2270 1996 2340 quod
2053 2285 2162 2323 non
2213 2277 2299 2323 est
2348 2267 2728 2339 qualecunque
2790 2278 3074 2337 peccatum
3116 2286 3131 2322 :
3183 2268 3428 2323 omnium

1853 2363 2053 2430 quippe
2083 2375 2204 2415 esse
2235 2360 2340 2415 hoc
2379 2359 2621 2415 deterius
2646 2360 2902 2414 diximus.
2945 2358 3039 2414 Est
3077 2369 3260 2414 autem
3296 2360 3430 2431 dog-

1855 2463 2058 2507 malum
2104 2452 2376 2523 impietas,
2407 2467 2528 2521 qua:
2570 2451 2841 2524 contingit
2863 2452 3188 2522 quibusdam
3217 2453 3285 2507 de
3331 2468 3430 2521 po-

1857 2547 2003 2616 pulo.
2062 2547 2130 2600 de
2179 2545 2381 2614 quibus
2438 2554 2495 2599 et
2559 2543 2835 2614 legislator
2874 2544 3129 2599 dicebat:
3194 2543 3302 2611 Vir,
3335 2554 3429 2598 aut

1858 2636 2065 2697 mulier,
2114 2637 2170 2687 in
2213 2651 2315 2705 quo
2364 2636 2520 2704 fuerit
2563 2634 2722 2703 plaga
2772 2633 2947 2703 leprre.
2995 2632 3054 2688 Si
3102 2643 3281 2687 autem
3313 2642 3431 2688 tan-

1856 2728 2133 2782 tummodo
2176 2726 2520 2781 sacerdotum
2560 2727 2879 2779 memoriam
2936 2725 3156 2780 fecisset
3185 2766 3200 2790 ,
3238 2725 3433 2780 mulie-

1859 2836 1970 2874 rem
1995 2819 2217 2873 minime
2248 2820 2601 2872 nominasset.
2634 2819 2765 2873 Post
2793 2818 2907 2872 hanc
2934 2817 3164 2887 lepram,
3199 2832 3320 2886 quae
3348 2828 3432 2872 est

1857 2914 1910 2964 in
1946 2911 2259 2971 virtutibus,
2296 2913 2513 2979 posuit;
2552 2910 2666 2961 haec
2711 2920 2837 2962 suttt
2861 2908 3008 2962 enim
3039 2909 3233 2962 animae
3266 2912 3431 2964 vesti-

1859 3010 2058 3064 menta,
2104 3002 2157 3055 id
2205 3013 2285 3055 est
2330 3017 2393 3055 ea
2420 3016 2540 3071 qua;
2575 3010 2705 3054 sunt
2750 3002 2802 3053 itt
2840 3001 3205 3055 Eeclesiarum
3240 3002 3433 3057 docte-

1860 3094 2009 3146 ribus
2037 3108 2101 3147 ac
2130 3092 2527 3147 sacerdotibus.
2582 3090 2645 3145 lli
2680 3092 2826 3145 enim
2858 3092 3055 3146 domus
3094 3104 3149 3147 et
3197 3095 3432 3162 parietes

176 3213 288 3251 nuo
314 3198 481 3253 lenita
498 3188 948 3266 cst,'purittcabit
988 3210 1107 3250 eam
1152 3194 1359 3249 reddita
1382 3194 1629 3248 sanitate.
1685 3194 1749 3245 lit
1777 3242 1813 3266 ρ
1852 3198 2018 3238 terrae
2058 3184 2420 3252 possessionis
2470 3183 2676 3237 ostensi
2720 3192 2866 3237 sunt.
2908 3182 3113 3237 Deinde
3161 3185 3432 3239 cicatricis

176 3291 231 3341 in
262 3288 639 3358 puriﬁcatione
662 3289 781 3357 ejus
803 3289 966 3341 sumit
989 3287 1128 3340 duos
1155 3301 1401 3354 passeres
1431 3285 1745 3353 liguutnqtte

173 3383 481 3447 cedrinum,
505 3392 559 3435 et
587 3380 964 3442 vermiculum,
988 3389 1149 3448 atque
1172 3380 1482 3447 hyssopum.
1536 3375 1600 3428 Et
1656 3376 1749 3427 im—

176 3473 380 3528 molato
406 3488 516 3527 uno
546 3487 766 3542 passere
798 3472 850 3524 in
874 3486 996 3525 vase
1034 3470 1177 3525 lictilt
1199 3483 1363 3537 super
1391 3481 1560 3536 aquas
1575 3466 1746 3528 vivas,

176 3564 543 3635 tollitlignutn
570 3563 852 3619 cedrinum
893 3571 944 3616 et
974 3563 1287 3632 hyssopum.
1332 3568 1383 3613 et
1410 3573 1658 3617 coccum.
1695 3567 1750 3612 et

174 3670 453 3724 passerem
496 3656 701 3719 vivum,
732 3664 786 3708 et
839 3654 1070 3723 intinget
1132 3652 1312 3706 omnia
1376 3667 1428 3704 in
1490 3651 1751 3720 sanguine

172 3748 412 3817 passeris
428 3747 708 3811 immolati,
727 3756 889 3817 atque
906 3746 960 3799 iit
979 3746 1135 3814 aquis
1147 3742 1475 3798 viventibus.
1501 3750 1553 3795 et
1568 3755 1727 3810 asper

174 3849 268 3909 get
288 3840 508 3893 domum
543 3840 763 3909 septies.
792 3835 1212 3907 puriﬁcabitque
1238 3842 1505 3895 eam,tam
1535 3833 1587 3884 in
1625 3846 1751 3884 san-

172 3933 345 4003 guine
360 3933 616 4000 passeris,
639 3945 799 4001 quam
828 3930 883 3983 in
909 3928 1064 3997 aquis
1092 3925 1421 3987 viventibus,
1461 3932 1515 3977 et
1546 3926 1601 3975 in
1628 3936 1753 3991 pas”

172 4036 302 4076 sere
329 4024 474 4085 vivo,
499 4022 756 4092 lignoque
788 4020 1035 4081 cedrino,
1062 4025 1118 4074 et
1150 4017 1407 4087 hyssopo,
1437 4022 1602 4084 atque
1632 4030 1751 4067 ver--

174 4114 404 4168 miculo.
443 4116 690 4182 Cumque
754 4112 1027 4174 dimiserit
1079 4124 1364 4179 passerem
1420 4107 1636 4161 avolare
1698 4106 1751 4159 itt

173 4220 369 4272 agrum
403 4206 569 4260 libere
590 4249 602 4269 ,
628 4205 808 4258 orabit
829 4219 927 4273 pro
956 4203 1145 4261 domo,
1169 4211 1224 4255 et
1242 4202 1363 4269 jure
1380 4196 1751 4252 mandabitur.

256 4296 425 4365 Cujus
462 4295 753 4363 imaginem
797 4293 911 4346 hac
940 4290 1223 4354 sacriﬁcia,
1257 4289 1324 4343 de
1348 4288 1548 4357 quibus
1576 4284 1757 4355 loqui-

177 4399 273 4441 tur
316 4385 612 4455 legislator.
640 4394 849 4454 gerant.
902 4397 997 4451 per
1046 4379 1435 4449 subsequentia
1485 4376 1759 4432 subtiliter

175 4491 522 4546 exponemus
563 4496 572 4526 :
606 4474 827 4545 quando
880 4488 943 4527 ea
973 4484 1029 4526 et
1066 4476 1119 4524 in
1174 4483 1502 4539 unoquoque
1545 4467 1757 4537 leproso

1852 3288 1903 3329 cl
1928 3275 2329 3345 erumpentium
2361 3273 2681 3344 papularum
2704 3274 3018 3328 memoriam
3044 3272 3196 3337 facit,
3226 3275 3431 3345 leprant

1856 3382 2031 3420 veram
2075 3366 2408 3427 describens,
2455 3380 2573 3418 eam
2604 3379 2725 3434 quae
2764 3365 2818 3417 in
2874 3364 3135 3434 peccatis,
3171 3365 3287 3418 sive
3327 3365 3397 3420 du

1851 3459 1975 3512 biis.
2004 3459 2118 3512 sive
2141 3456 2379 3526 probatis
2409 3457 2680 3515 omnibus,
2717 3457 2802 3509 Itis
2831 3457 3068 3510 subdidit
3096 3475 3109 3511 :

1929 3550 1988 3603 Ut
2016 3550 2175 3615 possit
2199 3549 2322 3602 sciri
2351 3565 2451 3617 quo
2483 3558 2712 3615 tempore
2763 3548 2888 3616 quid
2933 3549 3186 3601 mundum
3239 3550 3317 3602 vel
3338 3550 3432 3603 im-

1854 3642 2104 3694 mundum
2138 3643 2225 3692 sit.
2270 3636 2599 3701 Ostendens,
2651 3637 2776 3705 quia
2810 3648 2937 3690 tunc
2979 3637 3431 3706 delinquensittt-

1856 3730 2087 3783 mundus
2142 3738 2224 3783 est
2281 3726 2497 3796 quando
2571 3727 2749 3782 sciens
2811 3729 3155 3795 peccaverit;
3216 3732 3435 3798 quando

1856 3831 2034 3876 autem
2086 3821 2360 3892 ignorans,
2414 3821 2622 3874 veniam
2675 3828 2895 3888 propter
2926 3821 3285 3891 ignorantiam
3322 3839 3434 3877 me—

1855 3922 2036 3975 retur,
2071 3913 2211 3966 sicut
2245 3920 2300 3966 et
2330 3925 2507 3965 caicus
2535 3910 2838 3970 oﬂ‘endens,
2872 3911 2945 3964 ita
2975 3920 3033 3964 ut
3073 3909 3337 3967 Dominus
3366 3914 3433 3968 de

1854 4005 2055 4060 ludatis
2080 4005 2287 4059 diceret
2337 4044 2345 4052 ς
2380 4001 2438 4055 Si
2468 4004 2592 4057 cirri
2611 4004 2806 4065 essetis,
2844 4018 2945 4056 non
2970 4003 3228 4057 haberetis
3249 4020 3437 4072 pecca-

1856 4108 1997 4162 tum;
2041 4112 2177 4149 nunc
2214 4106 2391 4148 autem
2457 4096 2651 4159 dicitis,
2684 4096 2811 4165 quia
2854 4096 3111 4161 videmus,
3164 4105 3437 4165 peccatum

1856 4198 2082 4242 vestrum
2149 4195 2323 4240 manet
2341 4186 2406 4239 ⁶¹.
2459 4186 2563 4241 Sed
2621 4202 2723 4241 nos
2766 4187 2940 4242 oculis
2977 4187 3220 4242 scientiae
3272 4187 3337 4242 ad
3372 4203 3437 4243 ea

1856 4296 1977 4350 qua:
2005 4278 2301 4349 expediunt
2333 4286 2568 4343 utamur,
2614 4287 2675 4332 ut
2707 4294 2803 4349 per
2837 4279 2985 4350 ipsos
3014 4280 3285 4335 evitemus
3306 4295 3438 4351 pec-

1857 4382 2000 4433 cata,
2045 4370 2537 4439 conquiramusque
2590 4370 2937 4424 munditiam.
2993 4370 3244 4426 Sciamus
3291 4371 3439 4426 diem

1858 4465 1915 4519 in
1939 4477 2044 4533 qua
2066 4460 2455 4516 mundabimur
2492 4460 2839 4531 scientesque
2862 4477 3239 4529 occurramus,
3265 4470 3320 4517 et
3356 4471 3441 4517 to-

174 4566 353 4635 aceipi
380 4565 658 4633 prateepit.
701 4562 1015 4617 Hocautem
1052 4560 1362 4615 necessarie
1387 4558 1606 4620 dicitur,
1625 4555 1753 4626 quia
1787 4572 1830 4628 ι)
1863 4562 1973 4607 tam
2022 4551 2196 4621 legem
2242 4550 2409 4620 lepra:
2441 4548 2831 4605 custodiamus.
2893 4550 3078 4604 Mundi
3128 4550 3275 4604 enim
3333 4550 3442 4605 hoc

173 4654 467 4709 manifeste
492 4662 715 4724 apparet
742 4652 886 4722 quod
952 4652 1221 4720 iegislator
1286 4649 1430 4703 illam
1472 4646 1643 4718 magis
1701 4646 1758 4700 in

1862 4644 2023 4699 modo
2040 4643 2095 4697 in
2112 4641 2401 4697 dominicis
2423 4640 2790 4697 tabernaculis
2806 4641 3193 4706 habitabimus,
3212 4641 3269 4695 in
3279 4639 3440 4695 Chri-

175 4741 479 4797 Ecclesiam
503 4742 815 4797 docentium
844 4740 1209 4811 iniquitatem,
1242 4753 1362 4809 quae
1406 4744 1491 4791 est
1528 4736 1584 4790 in
1629 4736 1764 4805 ειυς-
1861 4742 1944 4790 sto
2002 4731 2175 4800 Jesu,
2230 4748 2328 4804 per
2378 4746 2541 4801 quem
2622 4738 2679 4786 et
2738 4745 2863 4785 cum
2896 4746 3005 4800 quo
3051 4729 3221 4801 gloria
3271 4728 3439 4799 Patri,

176 4842 329 4887 male
359 4834 752 4901 reprehendat.
790 4842 843 4885 et
875 4833 927 4884 in
970 4831 1438 4896 dispensationem
1479 4828 1620 4896 ejus,
1669 4827 1760 4896 qui

194 5020 329 5033 ‘so

906 4995 3299 5024 MM

1863 4841 1989 4880 eunt
2040 4833 2232 4879 sancto
2278 4821 2507 4893 Spiritu,
2532 4821 2587 4876 in
2637 4820 2833 4875 saecula
2862 4820 3211 4875 steeulorum.
3243 4820 3442 4873 Amen.

1317 5162 1667 5250 LIBER
1724 5162 2296 5266 QUINTUS.

760 5511 1174 5573 ΡΒΙΕΕΑΤΙΟ.

253 5612 356 5680 Qui
382 5610 517 5682 legis
534 5608 874 5664 meditationi
892 5620 1113 5677 operam
1134 5606 1266 5660 dant
1291 5605 1358 5659 ad
1380 5619 1542 5673 quem
1571 5602 1757 5668 ﬁnem,

174 5712 518 5777 quantumve
576 5698 982 5759 conscendant,
1047 5710 1318 5765 quamque
1366 5694 1757 5750 beatitudinem

295 5838 339 5870 ⁸⁸
370 5838 506 5893 Psal.
544 5852 629 5891 st.
658 5837 686 5886 Β
820 5836 859 5864 ³*
885 5830 1041 5885 Joan-
1078 5847 1151 5890 ix,
1180 5831 1265 5884 8i.

1868 5510 2093 5577 spiritus
2122 5517 2335 5580 gerant,
2372 5507 2536 5563 David
2561 5508 2821 5577 propheta
2849 5507 3007 5578 plane
3035 5508 3274 5578 exponit.
3307 5506 3444 5561 Eunt

1866 5600 2013 5654 enim
2047 5600 2138 5670 qui
2170 5600 2336 5654 habet
2359 5598 2697 5653 voluntatem
2729 5600 2781 5653 in
2815 5600 2929 5669 lege
2960 5599 3193 5663 Domini,
3239 5606 3294 5652 et
3323 5597 3444 5653 die-

1868 5692 1968 5745 bus
2015 5701 2069 5744 et
2120 5690 2373 5746 noctibus
2417 5692 2470 5743 itt
2524 5704 2588 5745 ea
2641 5690 2930 5747 meditator
2956 5700 3060 5756 est,
3089 5689 3256 5746 dicit:
3293 5686 3443 5744 Sicut
