4218 6450
741 380 842 445 971

1933 371 2289 430 llESYCllll.
2348 370 2814 434 PRESBY'I‘EHI

3933 406 4036 468 912

741 484 1030 557 modiorum
1078 501 1130 553 in
1174 498 1457 569 hypocrisi,
1496 498 1844 550 mulcriutum
1896 499 2142 555 habentes
2187 519 2311 557 con-
2345 508 2385 566 Α
2486 501 2825 566 Generaliter
2851 505 3028 561 sanxit
3054 522 3161 562 non
3204 509 3365 565 licere
3398 514 3536 585 tangi
3585 514 3822 571 fructum
3860 520 4037 574 labio-

738 596 1032 657 scientiam,
1082 593 1405 658 prohibentes
1460 595 1666 651 nubere,
1710 599 1756 640 et
1800 590 2066 642 abstinere
2113 608 2143 642 α
2175 591 2326 650 cibis,

738 702 855 758 qua:
890 688 1022 739 licus
1072 685 1266 737 creavit
1311 689 1380 735 ad
1408 681 1801 750 percipiendum
1830 682 1867 745 ί,
1930 689 2157 734 stratum
2203 682 2325 749 qni-

738 784 882 845 dem,
925 791 979 833 et
1023 796 1113 832 vas
1166 781 1462 831 secundmn
1516 775 1835 844 przcdictum
1869 778 2090 829 modum
2128 775 2322 828 ﬂuunt.

737 875 1059 943 Quicunque
1086 872 1137 925 in
1160 881 1365 927 Mutum
1401 869 1662 923 immundi
1701 877 1848 931 sunt,
1881 878 1936 923 ut
1961 884 2061 923 nec
2093 869 2323 923 munda-

739 972 941 1023 tioncm
966 984 1153 1021 eorum
1205 967 1525 1036 praeciperet
1557 965 1869 1035 legislator:
1921 966 2025 1019 scit
2057 966 2202 1019 enim
2229 980 2324 1020 eos

736 1065 806 1117 ita
837 1062 1026 1116 morbo
1072 1060 1317 1125 allectos,
1360 1069 1418 1113 ut
1453 1058 1833 1128 pmnitentiam
1878 1074 2039 1128 agere
2085 1060 2320 1112 nullate-

735 1174 838 1210 nus
867 1155 1118 1225 possint:
1182 1169 1287 1207 non
1317 1153 1463 1207 enim
1501 1167 1565 1204 ex
1618 1151 1921 1222 ignorantia
1974 1151 2031 1203 in
2093 1151 2183 1204 tali
2221 1152 2321 1205 do-

732 1246 925 1308 ctrina,
970 1245 1063 1298 sed
1127 1259 1287 1313 prava
1337 1242 1661 1295 habitudine
1694 1242 1911 1306 infecti,
1945 1244 1999 1295 in
2025 1243 2319 1311 impudicis

732 1338 997 1406 corrupti,
1033 1352 1127 1390 seu
1178 1336 1421 1390 dissoluti
1452 1345 1580 1389 sunt
1624 1335 1804 1388 verbis
1834 1353 1847 1387 :
1894 1335 2038 1388 unde
2071 1337 2231 1390 etiam
2263 1338 2317 1391 in

736 1440 944 1485 tantum
973 1430 1205 1483 libenter
1233 1428 1281 1481 ci
1304 1428 1672 1481 adhmserunt.
1694 1426 1752 1481 Si
1775 1436 1953 1479 autem
1982 1429 2099 1497 quis
2130 1430 2317 1498 tetige-

736 1527 803 1577 rit
834 1523 1079 1577 lectulum
1111 1522 1246 1590 ejus,
1274 1521 1323 1574 id
1359 1532 1441 1575 est
1472 1522 1513 1573 si
1546 1520 1819 1590 particeps
1852 1521 2036 1582 luerit,
2066 1536 2317 1589 sumpse-

730 1619 904 1686 ritque
937 1617 1003 1670 de
1046 1617 1291 1669 doctrina
1324 1616 1464 1684 ejus.
1498 1624 1554 1667 et
1590 1629 1699 1666 non
1755 1612 2020 1667 insederit
2050 1613 2314 1685 dogmati-

727 1711 828 1762 bus
864 1711 985 1778 ejus
1001 1709 1091 1778 qui
1114 1723 1276 1778 prava
1303 1710 1463 1762 docet
1489 1722 1552 1759 ac
1584 1705 1825 1767 sordida,
1854 1705 2164 1773 iniquorum
2193 1705 2314 1774 ejus

728 1805 1015 1857 verborum
1042 1802 1340 1869 discipulus
1361 1800 1585 1853 exsistit.
1610 1798 1715 1851 Sed
1740 1798 2128 1866 discipulorum
2147 1797 2311 1861 illius,

727 1900 824 1967 ipsi
868 1897 1132 1966 siquidem
1194 1904 1321 1949 sunt
1370 1897 1491 1962 ejus
1560 1908 1684 1946 vasa
1754 1901 1809 1944 et
1894 1901 2157 1954 stratura,
2220 1892 2312 1960 qui

726 1990 879 2043 audit
903 2004 1019 2053 cos,
1050 1987 1164 2057 ipse
1204 2002 1422 2056 quoque
1450 1985 1768 2039 immundus
1798 1992 1899 2036 est.
1932 1982 2103 2036 Lavat
2138 1992 2318 2036 tamen

728 2079 1048 2134 vestimenta
1078 2092 1172 2130 sua
1208 2092 1304 2145 per
1350 2075 1751 2145 pmnitentiam,
1798 2074 1938 2127 sicut
1978 2089 2122 2143 saepe
2175 2074 2317 2128 dixi-

727 2186 870 2233 mus,
924 2181 977 2225 et
1007 2173 1124 2241 ipse
1160 2171 1304 2224 lotus
1347 2183 1487 2237 aqua
1514 2168 1877 2237 lacrymarum
1918 2167 2005 2220 vel
2036 2166 2314 2235 baptismi,

726 2264 1041 2319 immundus
1103 2264 1208 2318 erit
1258 2277 1431 2331 usque
1482 2261 1549 2314 ad
1622 2275 1952 2329 vesperum;
2008 2260 2315 2329 usquedum

724 2369 942 2427 tempus
991 2357 1261 2425 compleat
1300 2354 1659 2425 paenitentiae.
1691 2352 1866 2422 Hujus
1904 2353 2051 2407 enim
2084 2353 2313 2423 figuram

724 2467 1012 2520 vesperum
1059 2450 1110 2502 in
1143 2449 1329 2503 multis
1357 2448 1517 2516 gerit.
1559 2454 1615 2500 et
1644 2446 1904 2507 maxime,
1931 2445 2058 2514 quia
2085 2446 2139 2498 in
2169 2461 2310 2499 con-

722 2544 1092 2598 summatione
1139 2543 1487 2603 surculorum,
1522 2541 1575 2593 id
1632 2549 1737 2603 est,
1796 2553 1994 2594 occasu
2028 2539 2315 2608 praesentis

722 2638 928 2701 saeculi,
960 2636 1213 2690 Christus
1243 2634 1401 2688 nobis
1427 2634 1745 2704 praedicavit
1765 2631 2168 2702 pmnitentiam.

792 2729 957 2782 Vens.
990 2730 1042 2793 7,
1079 2728 1133 2782 3.
1171 2746 1188 2779 ι
1233 2727 1338 2792 Qui
1390 2728 1629 2795 tetigerit
1655 2739 1877 2779 carnem
1926 2724 2068 2792 ejus,
2111 2721 2315 2777 lavabit

719 2823 1045 2877 vestimenta
1102 2836 1221 2884 sua,
1263 2828 1319 2873 et
1349 2820 1466 2889 ipse
1508 2820 1654 2872 lotus
1705 2832 1843 2885 aqua
1870 2815 2184 2870 immundus
2209 2816 2313 2889 erit

721 2929 893 2985 usque
948 2915 1013 2967 ad
1069 2927 1380 2981 vesperum.
1412 2912 1466 2964 Si
1512 2910 1738 2963 salivam
1791 2908 2105 2978 hujusmodi
2151 2909 2313 2961 homo

714 3007 908 3077 jccerit
950 3020 1115 3076 super
1147 3020 1272 3059 eum
1307 3003 1401 3075 qui
1450 3002 1690 3057 mundus
1725 3011 1848 3064 est,
1897 2999 2100 3053 lavabit
2144 2998 2311 3052 vesti-

719 3106 900 3153 menta
930 3112 1050 3161 sua,
1083 3105 1137 3151 et
1170 3096 1315 3149 lotus
1352 3108 1514 3163 aqua,
1551 3091 1867 3146 immundus
1896 3093 2001 3142 erit
2046 3105 2217 3159 usque
2242 3088 2307 3141 ad

719 3205 1029 3261 vesperum.
1067 3209 1085 3241 ι

793 3282 925 3336 lium
955 3280 1211 3335 videlicet
1235 3277 1326 3347 qui
1359 3275 1417 3329 ﬁt
1458 3275 1731 3344 particeps
1760 3272 2046 3336 doctrinm,
2078 3272 2307 3342 profana

716 3375 984 3438 docentis,
1018 3370 1356 3426 immundum
1399 3383 1520 3423 esse
1562 3382 1741 3436 usque.
1781 3366 1910 3419 dum
1948 3367 2304 3435 semetipsum

715 3466 884 3518 diluat
923 3478 1022 3533 per
1059 3460 1460 3532 paenitentiam,
1493 3474 1613 3512 eam
1657 3472 1821 3526 quam
1850 3456 2127 3526 legislator
2169 3472 2307 3526 pne-

715 3558 880 3626 ccpit,
910 3557 1025 3610 sive
1055 3554 1196 3609 ultro
1223 3553 1495 3622 quispiam
1526 3550 1804 3620 particeps
1830 3549 2096 3604 eﬂiciatnr
2124 3565 2306 3619 pravae

716 3649 993 3713 doctrinae,
1021 3646 1126 3701 hoc
1148 3654 1233 3700 est
1261 3645 1407 3699 enim
1438 3657 1660 3697 carnem
1704 3651 1945 3713 tangere,
1980 3640 2185 3694 ﬂuxum
2216 3656 2305 3694 sc-

718 3742 882 3795 minis
907 3738 1185 3810 patientis,
1216 3737 1332 3792 sive
1369 3734 1620 3791 docentis
1650 3749 1713 3788 cx
1742 3748 1909 3803 opere
1952 3733 2134 3786 initiat
2170 3749 2306 3802 qun-

714 3834 1005 3889 dammodo
1061 3831 1456 3900 semetipsum,
1512 3826 1923 3896 introducitque
1981 3842 2299 3881 sermonem

714 3925 977 3980 doctrinae
1001 3940 1135 3989 suae,
1194 3923 1302 3977 hoc
1324 3932 1407 3977 est
1449 3921 1673 3974 salivam
1726 3921 2014 3989 projicere.
2076 3918 2304 3988 Propter

715 4017 856 4087 quod
886 4016 1104 4086 Aquila,
1130 4016 1175 4069 si
1196 4030 1351 4083 super
1380 4011 1640 4081 exspuerit
1661 4027 1679 4063 :

788 4108 944 4162 Vens.
977 4109 1032 4162 9.
1072 4127 1090 4159 c
1121 4106 1319 4178 Sagma
1347 4119 1513 4174 super
1543 4102 1690 4172 quod
1725 4102 1933 4157 sederit
1959 4100 2299 4155 immundum

715 4201 820 4256 erit
848 4215 1022 4270 usque
1052 4200 1123 4253 ad
1145 4212 1460 4268 vesperum.
1499 4215 1518 4249 ι

779 4293 932 4349 Sicut
961 4300 1191 4347 stratum
1229 4290 1283 4343 in
1307 4304 1416 4360 quo
1446 4290 1493 4344 is
1527 4289 1622 4358 qui
1652 4286 1856 4342 ﬂuxum
1901 4289 2129 4344 seminis
2155 4291 2301 4360 pati-

714 4397 821 4448 tur,
876 4385 1191 4455 requiescit,
1225 4392 1280 4439 et
1323 4387 1500 4439 vasin
1531 4398 1642 4452 quo
1671 4383 1825 4437 sedet
1876 4383 2063 4445 nimis,
2115 4384 2169 4437 id
2217 4390 2303 4437 est

711 4478 866 4535 valde
904 4493 1032 4535 eum
1076 4477 1423 4532 adhaerentes
1466 4474 1809 4545 disciplinas.
1857 4513 1872 4527 .
1918 4516 1930 4528 .
1978 4514 1991 4527 .
2038 4515 2050 4527 .
2097 4517 2109 4530 .
2163 4517 2176 4530 .
2221 4514 2236 4528 .
2281 4516 2293 4528 .

2437 608 2779 656 rum,eorum
2802 598 2894 664 qui
2923 598 3153 668 subjeCti
3171 611 3300 656 sunt
3330 603 3509 660 eﬂ‘ecti
3527 606 3751 675 profana
3780 611 4035 665 docenti-

2433 684 2552 747 bus,
2576 686 2666 753 qui
2687 688 3046 744 subdiderunt
3060 694 3387 765 semetipsos
3402 697 3824 768 quodammodo,
3852 706 4035 758 verbis

2430 788 2591 848 atque
2608 780 2920 854 incongruis
2941 786 3204 843 doctrinis
3228 791 3641 850 substernentes
3661 797 3885 853 animas
3908 816 4034 856 suas

2432 880 2686 941 tanquam
2715 891 2864 941 vasa,
2893 878 2949 931 in
2979 894 3103 948 qua:
3118 880 3342 938 distillet
3384 884 3679 956 impietatis
3720 906 4030 947 venenum.

2429 960 2493 1017 Et
2529 964 2761 1034 tetigerit
2791 967 3017 1037 aliquid,
3052 970 3380 1031 immundus
3409 977 3535 1041 erit,
3563 993 3658 1034 seu
3683 980 3729 1033 is
3760 996 3869 1037 suo
3904 1000 4035 1053 pec-

2426 1063 2550 1109 cato
2582 1060 2907 1127 susceperit,
2930 1061 3044 1116 sive
3065 1062 3391 1134 imposuerit
3415 1070 3561 1137 quod
3589 1070 3772 1127 facere
3801 1076 4031 1143 quidam

2425 1154 2851 1212 consueverunt,
2905 1148 3021 1218 ipse
3052 1153 3209 1220 quasi
3237 1154 3419 1210 dicere
3453 1173 3513 1211 se
3549 1170 3693 1214 recta
3717 1173 3815 1217 aut
3841 1162 4032 1218 facere

2424 1235 2763 1301 simulantes,
2786 1254 2975 1295 eorum
2989 1252 3170 1298 autem
3186 1246 3277 1315 qui
3304 1262 3467 1317 prava
3481 1248 3699 1317 docent,
3719 1264 3817 1308 aut
3834 1270 4028 1325 agunt,

2422 1328 3007 1399 conﬁrmantconatus,
3038 1345 3200 1406 atque
3223 1338 3345 1394 ideo
3368 1341 3602 1410 qualiter
3621 1360 3681 1399 se
3701 1360 3833 1417 erga
3865 1365 4029 1417 prava

2423 1418 2663 1474 habeant
2709 1421 3129 1478 convincuntur.
3160 1426 3529 1486 Nihilominus
3570 1433 3674 1502 ipsi
3713 1439 4028 1494 secundum

2420 1512 2737 1580 praulictum
2755 1514 2999 1578 modum,
3018 1516 3594 1577 habentneccssariam
3614 1526 4025 1594 paenitentiam.

2492 1603 2659 1657 Vens.
2694 1607 2781 1660 ll.
2824 1626 2841 1658 ι
2884 1607 3094 1673 Omnis,
3130 1626 3291 1679 quem
3341 1615 3575 1685 tetigerit
3620 1620 3712 1688 qui
3746 1621 3873 1675 talis
3922 1636 4024 1678 est.

2418 1711 2527 1750 non
2561 1697 2687 1752 lotis
2730 1710 2857 1754 ante
2890 1701 3163 1767 manibus,
3206 1705 3406 1760 lavabit
3443 1709 3765 1765 vestimenta
3820 1729 3943 1775 sua.
3978 1729 4027 1768 et

2420 1787 2563 1841 lotus
2592 1804 2729 1858 aqua
2761 1792 3076 1847 inunundus
3109 1793 3214 1848 erit
3242 1811 3412 1865 usque
3438 1799 3505 1851 ad
3534 1817 3849 1870 vesperam.
3889 1824 3911 1855 ι

2493 1881 2808 1937 Necessaric
2822 1887 3182 1955 praesentibus
3198 1889 3379 1944 verbis
3397 1907 3526 1945 usus
3545 1903 3629 1946 est
3651 1895 3842 1965 legisla
3854 1907 3942 1952 tor
3960 1916 4026 1954 ne

2422 1974 2646 2029 omnino
2672 1975 2829 2030 nobis
2864 1976 3016 2031 ﬂeret
3054 1978 3362 2048 desperatio
3392 1982 3459 2037 de
3498 1985 3896 2054 conjunctione
3924 1992 4025 2045 do-

2422 2066 2599 2120 cuntis
2647 2082 2829 2133 prava,
2861 2069 2954 2123 sed
2990 2068 3136 2125 illam
3182 2079 3413 2137 tantum,
3444 2090 3564 2144 quae
3596 2086 3679 2132 est
3711 2083 4022 2149 usquedum

2422 2157 2677 2225 respiciat
2698 2157 2763 2211 ad
2798 2158 3200 2227 paenitentiam,
3231 2170 3393 2230 atque
3423 2164 3545 2218 ideo
3569 2176 3698 2221 sunt
3722 2169 4021 2233 immundi,

2420 2264 2775 2319 quoscunque
2796 2251 3000 2306 ﬂuxum
3048 2253 3273 2308 seminis
3301 2256 3511 2324 patiens
3550 2261 3812 2328 tetigerit,
3849 2264 3905 2317 id
3942 2275 4025 2318 est

2418 2341 2620 2408 quibus
2648 2343 2969 2398 commistus
2993 2343 3175 2398 fuerit.
3227 2347 3346 2400 Non
3385 2348 3511 2403 lotis
3546 2361 3730 2407 autem
3764 2359 4025 2413 manibus

2416 2447 2576 2500 aqua,
2603 2434 2836 2487 necdum
2864 2434 3115 2489 videlicet
3141 2452 3295 2491 suam
3313 2439 3478 2493 vitam
3505 2457 3601 2511 per
3631 2447 4024 2513 paenitentiam

2416 2524 2619 2579 abluit:
2652 2526 2833 2581 lavare
2862 2528 3129 2597 siquidem
3163 2545 3387 2610 manus,
3422 2535 3599 2589 sordis
3637 2539 3933 2607 cujusdam
3971 2553 4025 2595 ct

2417 2618 2639 2673 maculae
2663 2618 3054 2687 depositionem
3084 2623 3410 2678 manifestat.
3432 2625 3660 2696 Propter
3673 2632 3824 2699 quod
3845 2632 4018 2687 David

2413 2708 2628 2763 dicebat
2654 2728 2666 2763 :
2694 2710 2905 2764 Lavabo
2935 2713 3071 2765 inter
3090 2715 3386 2768 innocentes
3413 2733 3598 2772 manus
3622 2737 3791 2787 meas,
3827 2733 3879 2776 et
3910 2726 4015 2777 cir-

2415 2802 2562 2854 cuibo
2579 2802 2754 2856 altare
2773 2812 2939 2866 tuum,
2962 2802 3185 2857 Domine
3199 2807 3239 2860 ’.
3265 2806 3529 2863 Sardibus
3546 2811 3691 2864 enim
3712 2822 3819 2877 est,
3841 2817 4023 2884 turpia

2413 2900 2469 2945 et
2486 2906 2646 2961 prava
2665 2892 2886 2948 docens.
2906 2892 2981 2946 Ex
2998 2894 3124 2948 vita:
3143 2897 3290 2951 enim
3315 2896 3547 2965 fallacia,
3569 2911 3625 2956 et
3638 2906 3865 2960 sordida
3885 2924 4021 2961 con-

2413 2983 2641 3037 scientia
2670 2983 2737 3037 ad
2758 2984 3075 3053 hujusmodi
3102 2989 3347 3056 pervenit
3365 2991 3690 3048 doctrinam.
3729 2996 3840 3053 lste
3860 3015 4015 3071 ergo,

2411 3077 2500 3144 qui
2536 3076 2589 3129 in
2618 3077 2775 3131 malis
2811 3078 3075 3134 docendis
3126 3082 3450 3149 quibusdam
3481 3090 3847 3159 semetipsum
3884 3096 4023 3148 mis-

2338 3196 2382 3254 ε
2414 3169 2607 3234 cuerit,
2643 3170 2876 3223 necdum
2919 3172 2986 3224 ad
3039 3173 3415 3242 penitentiam
3464 3180 3785 3248 respiciens,
3820 3196 3879 3238 et
3916 3187 4022 3249 hic,

2416 3262 2749 3327 immundus,
2780 3263 3160 3333 paenitentiam
3200 3266 3365 3323 habet
3408 3274 3800 3328 necessariam.
3845 3278 4026 3334 Lare:

2411 3367 2542 3421 ergo
2572 3355 2897 3407 vestimenta
2926 3370 3044 3420 sua,
3072 3356 3123 3410 id
3158 3369 3239 3411 est
3275 3361 3545 3426 actiones,
3578 3380 3699 3432 quae
3743 3382 3851 3420 nos
3894 3372 4019 3438 upi-

2410 3444 2671 3500 nionibus
2695 3454 2752 3499 et
2767 3446 2933 3500 sectis
2967 3445 3369 3515 ditl'erentibus,
3391 3452 3529 3506 sicut
3571 3453 3713 3509 'stola
3747 3458 4017 3515 induunt.

2409 3536 2510 3601 Qui
2544 3551 2675 3606 ergo
2701 3536 2972 3605 patientes
3007 3540 3284 3595 sustinent
3314 3544 3505 3608 malos,
3534 3555 3588 3600 et
3614 3561 3681 3600 ex
3728 3550 4014 3617 conjunc-

2410 3628 2557 3681 tione
2602 3628 2728 3682 talia
2768 3628 3085 3683 docentium
3141 3633 3207 3687 ad
3255 3635 3500 3690 actiones
3554 3639 3721 3692 n.alas
3773 3656 4017 3697 convcr-

2409 3731 2614 3786 tuntur,
2647 3722 2809 3777 etiam
2845 3732 3068 3793 pr0pter
3087 3725 3190 3780 hoc
3214 3725 3395 3781 lavent
3425 3743 3622 3798 corpus
3654 3746 3819 3785 suum
3846 3751 4015 3804 aqua,

2410 3824 2468 3869 ut
2499 3824 2554 3869 ct
2587 3830 2746 3869 suum
2773 3817 3034 3885 templum
3066 3831 3096 3870 a
3124 3820 3499 3887 compassione
3549 3823 3848 3879 verborum
3894 3828 4017 3879 illn-

2407 3924 2526 3961 rum
2566 3908 2876 3977 puriﬁcent,
2928 3916 2984 3963 et
3017 3918 3146 3964 tunc
3191 3922 3405 3966 certum
3456 3914 3561 3968 erit
3597 3918 3724 3984 quia
3774 3920 4015 3972 munda-

2405 4000 2627 4053 buntur.
2644 3998 2778 4053 Nam
2796 4001 2901 4054 etsi
2938 4002 3253 4059 immundus
3289 4004 3454 4058 fuerit
3502 4022 3672 4076 usque
3704 4010 3775 4063 ad
3812 4026 4013 4078 vespe-

2409 4102 2550 4151 ram,
2587 4089 2732 4156 quod
2770 4097 2855 4142 est
2899 4104 3072 4157 usque
3120 4092 3186 4145 ad
3219 4100 3433 4163 tempus
3474 4095 3839 4160 pcenitentim,
3871 4098 4016 4153 sicut

2403 4181 2724 4251 praedictum
2743 4191 2847 4246 est,
2872 4184 2965 4252 qui
2984 4185 3146 4238 docet
3165 4184 3413 4254 profana,
3437 4186 3557 4240 sine
3579 4185 3749 4241 dubio
3763 4190 4013 4243 mundus

2403 4272 2510 4325 erit
2542 4282 2665 4341 post
2698 4272 3095 4342 paenitentiam.

2476 4379 2640 4434 Vens.
2677 4382 2763 4435 12.
2803 4400 2821 4433 t
2865 4380 2929 4435 Et
2961 4398 3056 4436 vas
3100 4382 3262 4437 ﬁctile
3301 4384 3614 4455 quicunque
3644 4388 3891 4460 tetigerit
3913 4392 4008 4460 qui

2406 4470 2610 4525 ﬂuxum
2658 4473 2885 4526 seminis
2930 4473 3156 4542 patitur,
3209 4474 3606 4546 confringetur.
3660 4477 3770 4533 Vas
3818 4493 4007 4536 autem

708 4585 831 4638 qua:
876 4568 1091 4624 difﬁcile
1120 4566 1319 4622 mutari
1357 4567 1442 4621 vel
1474 4566 1673 4620 molliri
1722 4576 1969 4635 possunt.
1997 4565 2090 4620 Sic
2128 4566 2290 4620 etiam
2331 4545 2371 4597 υ
2402 4563 2639 4633 ligneum
2680 4561 2951 4617 lavabitur
2971 4579 3132 4634 aqua,
3161 4574 3217 4619 et
3244 4545 3510 4621 mundum
3541 4569 3664 4623 erit.
3707 4590 3726 4622 ι

711 4664 798 4716 Ιιίε
820 4662 875 4714 in
902 4676 1109 4731 sagma,
1129 4661 1242 4714 sive
1265 4669 1324 4713 ut
1344 4657 1483 4712 LXX
1504 4657 1808 4724 ediderunt,
1834 4658 1890 4710 in
1921 4674 2106 4728 sagma
2131 4658 2290 4719 asini,

708 4751 1153 4823 negligentiorem
1182 4751 1401 4821 quidem
1435 4749 1783 4818 discipulum,
1813 4750 1909 4804 sed
1940 4759 2124 4804 tamen
2150 4749 2291 4803 mol—

710 4846 812 4898 lius
836 4844 1125 4899 habentem
1144 4860 1238 4897 cor
1259 4843 1325 4897 ad
1343 4844 1787 4897 commutandum
1810 4856 1868 4895 se
1896 4860 1908 4894 :
1940 4841 2123 4895 mollia
2144 4842 2291 4894 enim

705 4948 948 5009 sagmata
965 4937 1100 4991 asini
1119 4936 1388 5007 legislator
1412 4935 1699 4990 intellexit.
1723 4935 1828 4989 Sed
1848 4934 1965 4987 etis
1985 4934 2110 5002 quia
2132 4933 2292 4987 bonis

706 5029 979 5100 magistris
1007 5028 1209 5092 excuti,
1233 5028 1318 5082 vel
1339 5026 1468 5080 dilui
1499 5035 1661 5095 atque
1685 5040 1943 5095 respuere
1962 5024 2166 5078 malum
2192 5026 2298 5078 dis-

704 5123 1000 5192 cipulatum
1054 5129 1228 5190 potest
1261 5140 1272 5172 :
1308 5120 1431 5190 quia
1465 5120 1569 5174 tale
1608 5126 1691 5173 cst
1735 5117 1879 5187 quod
1918 5116 2079 5181 LXX,
2105 5117 2303 5170 ἔπεσα-

705 5230 820 5279 ·ίμα
855 5212 1150 5281 appellant,
1184 5210 1235 5264 id
1257 5220 1358 5272 est,
1385 5219 1620 5281 stratura
1647 5217 1740 5271 ;et
1769 5208 1884 5277 ipse
1903 5206 2157 5260 videlicet
2198 5206 2303 5259 im-

706 5301 941 5354 mundus
964 5301 1086 5365 erit,
1109 5301 1410 5369 usquedum
1431 5279 1889 5369 ad'pmnitcntiam
1907 5311 1965 5350 se
1990 5296 2231 5349 verterit.

781 5390 942 5446 Vens.
974 5391 1059 5446 10.
1103 5411 1117 5443 ι
1153 5391 1219 5443 Et
1242 5390 1421 5444 omnis
1442 5390 1533 5460 qui
1567 5389 1802 5459 tetigerit
1830 5386 2091 5457 quidquid
2114 5387 2215 5440 sub
2237 5402 2303 5440 eo

707 5485 827 5547 erit,
856 5484 1169 5539 immundus
1188 5484 1293 5537 erit
1326 5497 1499 5550 usque
1526 5482 1592 5536 ad
1616 5494 1926 5550 vesperum.
1961 5479 2025 5532 Et
2052 5477 2142 5547 qui
2172 5493 2299 5546 por-

708 5573 903 5626 tivcrit
925 5572 1117 5626 hormn
1149 5572 1366 5640 aliquid,
1395 5571 1593 5624 lavabit
1612 5571 1931 5624 vestimenta
1953 5584 2071 5632 sua,
2097 5578 2151 5622 et
2182 5570 2298 5637 ipse

707 5661 851 5711 lotus
877 5674 1013 5730 aqua
1046 5660 1357 5713 immundus
1386 5658 1489 5711 erit
1520 5674 1689 5727 usque
1719 5658 1782 5710 ad
1816 5672 2126 5725 ves‘pcrnm.
2163 5674 2179 5705 ι

1899 5861 1916 5889 τ’
1953 5857 2121 5912 ltior.
2147 5874 2244 5921 vlt,
2277 5856 2330 5911 6.

816 5864 835 5894 ⁸
864 5862 885 5917 l
914 5861 1029 5917 Tim
1082 5882 1156 5928 tv,
1190 5864 1239 5915 l.
1352 5865 1370 5894 ²
1401 5861 1543 5915 PSul.
1580 5879 1703 5925 xxv,
1732 5861 1782 5912 li.

2472 4653 2916 4725 lnsuperieribus
2933 4657 3094 4726 hujus
3110 4657 3321 4728 legis.in
3344 4675 3447 4728 qua
3460 4660 3813 4717 dixitﬂuxum
3838 4669 4011 4723 semi-

2402 4748 2491 4802 nis
2522 4746 2841 4818 patientem,
2872 4747 3147 4818 quoslibet
3194 4748 3449 4803 homines
3479 4758 3707 4822 tangere
3762 4755 4010 4811 diximus

2401 4858 2514 4905 eos,
2532 4843 2731 4911 quibus
2751 4844 2862 4911 ipse
2878 4857 2934 4895 se
2947 4858 3111 4911 prava
3131 4842 3333 4898 docens
3351 4844 3663 4911 immiscuit,
3689 4856 3748 4901 et
3766 4853 4008 4922 sumpsit

2403 4936 2469 4989 ad
2493 4935 2784 5004 quamdam
2834 4935 3147 4989 societatem
3202 4936 3307 5001 sui,
3340 4937 3447 4993 hoc
3493 4941 3637 4993 enim
3671 4950 3759 4995 est
3814 4956 4011 5013 aperte

2406 5038 2647 5097 tangere,
2666 5027 2811 5081 unde
2823 5037 2879 5081 et
2893 5027 3092 5087 Paulus
3106 5036 3329 5098 propter
3340 5031 3652 5085 societatem
3673 5034 4006 5089 muliebrem

2405 5120 2702 5173 cavendam
2732 5118 2973 5172 :Bonum
2997 5130 3093 5176 est.
3114 5120 3310 5189 inquit,
3334 5120 3555 5187 homini,
3588 5123 3869 5178 mulierem
3901 5143 4005 5179 non

2410 5223 2640 5281 tangere.
2698 5210 2924 5280 Propter
2966 5204 3357 5281 fornicationes~
3410 5224 3586 5266 autem
3635 5219 4004 5286 unusquisque

2408 5318 2560 5354 suam
2607 5316 2822 5353 uxorem
2864 5302 3073 5365 habeat,
3105 5311 3152 5354 et
3201 5318 3530 5372 unaquaque
3579 5320 3731 5357 suum
3760 5308 3987 5363 cirum’.

2408 5391 2471 5445 Hi
2492 5405 2621 5462 ergo
2641 5406 2767 5444 vasa
2787 5390 2905 5459 ejus
2921 5390 3097 5445 eﬂ‘ccti
3118 5399 3245 5445 sunt
3260 5392 3561 5447 doctrinam
3574 5393 3665 5461 qui
3683 5394 3753 5447 ab
3771 5410 3861 5458 eo,
3880 5395 4005 5451 licet

2407 5498 2651 5553 parvam,
2685 5492 3049 5552 susceperunt
3094 5502 3106 5537 :
3148 5499 3326 5553 neque
3351 5484 3499 5537 enim
3544 5486 3863 5554 supersedit
3901 5488 4003 5550 eis,

2404 5574 2454 5626 id
2482 5582 2692 5627 estnon
2715 5581 2883 5627 totam
2904 5574 2958 5627 in
2987 5573 3134 5643 ipsos
3154 5589 3305 5627 suam
3328 5574 3634 5630 doctrinam
3662 5576 4001 5635 exinanivit.

2406 5661 2578 5732 tetigit
2609 5669 2811 5730 tamen,
2843 5671 3053 5732 partem
3074 5664 3357 5733 quamdam
3389 5665 3624 5721 tradens.
3656 5665 4001 5723 Permauent
