4218 6450
1413 425 1491 484 ξΝ
1531 426 1964 486 ῙιΕνΙΊῚΟΙῖΝΙ.
2107 425 2247 487 LIB-
2291 428 2352 487 Υ.

3408 435 3514 498 97-5

237 538 404 607 igitur
449 534 659 595 ﬁctiles.
712 536 761 590 id
819 547 903 590 cst
952 537 1168 607 fragiles
1198 546 1250 590 es.
1314 539 1512 592 terreni
1562 539 1628 593 ad
1654 539 1826 592 lutum
1860 561 1900 613 Α
1932 542 2104 596 sancti
2155 541 2392 612 Spiritus
2437 543 2680 615 designat
2736 559 3057 615 imaginem,
3089 549 3308 616 oportet
3347 541 3491 596 enim

235 642 414 690 suum,
468 633 524 679 et
552 626 619 680 ad
681 626 1088 694 corruptionem
1135 626 1226 679 luti
1280 627 1643 691 intendentes,
1695 627 1821 696 quia

234 727 659 790 corrrmxpuutztr
691 719 855 773 etiam
888 734 917 772 a
951 720 1220 788 paucitate
1273 723 1584 785 verborum,
1627 735 1820 774 ncces-

234 811 376 864 sarie
401 819 776 866 conteruntur.
816 812 871 864 Si
901 821 1081 865 autem
1113 811 1295 882 lignei,
1331 812 1456 882 quia
1485 813 1659 882 lignea
1696 827 1820 865 vasa

233 902 395 955 luteis
445 911 500 955 et
541 901 795 956 ﬁctilibus
853 901 998 956 vasis
1045 902 1266 956 fortiora
1315 911 1464 961 sunt,
1506 903 1821 971 diutiusque

231 994 565 1054 subsistunt.
612 1009 749 1062 aqua
793 994 951 1048 lavati
1026 995 1373 1050 mundantur.
1432 995 1618 1062 Neque
1670 994 1821 1048 enim

233 1081 432 1136 iii-Sedit
467 1081 521 1134 iu
555 1082 658 1143 eis,
682 1097 784 1137 nec
811 1099 1030 1136 onmem
1062 1083 1202 1152 ejus,
1235 1083 1375 1139 sicut
1407 1084 1674 1148 diximus,
1708 1099 1820 1137 ma-

229 1173 335 1226 lam
394 1174 701 1228 doctrinam
747 1186 1141 1243 susceperunt,
1179 1177 1532 1246 quamobrem
1587 1193 1688 1232 nee
1739 1178 1818 1230 sic

229 1264 594 1330 iutirmantur,
639 1277 696 1320 ut
727 1282 824 1334 per
845 1267 1224 1336 paenitentiam
1248 1269 1425 1321 sanari
1453 1269 1813 1338 nonpossint.

228 1353 368 1425 Ergo
400 1357 636 1410 intentio
672 1366 758 1412 est
794 1358 1138 1428 legislatoris,
1175 1361 1472 1415 ostendere
1506 1361 1597 1430 qui
1638 1361 1815 1430 poeni-

228 1449 452 1502 tentiam
482 1458 661 1519 agant,
707 1450 788 1503 vel
816 1450 942 1519 quia
970 1465 1078 1503 non
1116 1453 1500 1520 paruitcutiam
1527 1452 1818 1524 agentibus

228 1541 374 1596 salus
397 1542 624 1596 olIcrtur
650 1560 663 1594 :

298 1630 463 1686 Vens.
519 1632 604 1686 15.
646 1651 664 1684 ι
709 1631 764 1686 Si
801 1642 1022 1687 sanatus
1073 1631 1256 1696 fuerit,
1310 1633 1398 1702 qui
1441 1634 1812 1703 hujuscemodi

221 1727 453 1780 sustinet
514 1726 844 1794 passionem,
885 1727 1230 1782 enumerabit
1295 1736 1504 1796 septem
1565 1727 1682 1780 dies
1747 1728 1812 1782 ad

223 1819 664 1874 emundationem
693 1820 800 1885 sui,
828 1831 884 1875 et
903 1820 1027 1875 lotis
1061 1819 1305 1874 vestibus
1328 1834 1390 1873 ac
1422 1827 1538 1874 toto
1559 1835 1808 1891 corpore,

222 1911 278 1961 in
307 1911 463 1980 aquis
485 1911 792 1968 viventibus
819 1912 926 1966 erit
953 1912 1212 1966 mundus.
1259 1932 1276 1960 ι

293 2002 568 2059 Mundatio
583 2014 665 2060 est
685 2004 823 2075 ejus,
848 2005 937 2074 qui
953 2006 1156 2059 fluxum
1177 2003 1399 2058 seminis
1417 2003 1639 2075 patitur,
1658 2020 1805 2059 ean.-

221 2097 346 2151 dem
372 2098 780 2167 corruptionem
801 2097 1026 2154 seminis
1050 2114 1393 2169 nequaquam
1426 2100 1654 2153 ulterius
1684 2114 1807 2154 sus-

219 2190 417 2244 tinere.
463 2187 519 2243 Si
571 2204 699 2261 ergo
732 2190 949 2245 sordida
982 2205 1256 2260 pravaque
1311 2207 1370 2244 ac
1409 2190 1613 2244 nefaria
1653 2191 1806 2260 quis-

220 2282 370 2349 piam
396 2281 599 2338 docens
622 2282 942 2347 cessaverit,
967 2292 1157 2352 utpote
1192 2283 1284 2352 qui
1312 2294 1628 2348 cessaverit,
1658 2299 1686 2338 a
1717 2286 1805 2338 tali

220 2379 594 2450 impudicitia,
655 2380 894 2435 mundus
940 2389 1090 2434 recte
1132 2379 1375 2435 dicitur:
1425 2381 1528 2436 Pro
1574 2382 1808 2437 sordidis

220 2473 568 2528 sermonibus
589 2481 794 2540 autem,
820 2489 960 2543 quos
983 2473 1178 2528 elIudit
1203 2473 1371 2544 prius,
1397 2490 1621 2530 necesse
1643 2475 1810 2529 habet

218 2575 429 2634 septem
454 2565 572 2620 dies
608 2565 976 2629 dinumerare,
1031 2566 1099 2619 ad
1134 2567 1500 2620 omnimodam
1546 2569 1808 2623 ernunda-

219 2661 450 2725 tionem,
474 2676 595 2730 qua:
626 2661 907 2730 perﬁcitur
934 2676 1030 2730 per
1058 2661 1375 2726 adventum,
1426 2662 1804 2717 subministra-

220 2753 541 2822 tionemque
569 2752 818 2822 spiritus,
849 2752 1007 2822 cujus
1036 2754 1375 2824 septemplex
1410 2753 1613 2808 donum
1656 2756 1810 2810 nobis

219 2842 389 2898 Isaias
420 2845 834 2913 exposuit,cum
863 2844 937 2898 ait
969 2843 1238 2914 :Spiritus
1255 2846 1532 2913 sapientia:
1563 2864 1609 2898 ει
1654 2848 1810 2900 intel-

215 2935 401 2997 lectus,
429 2937 646 3005 spiritus
667 2935 870 2989 consilii
894 2944 942 2988 et
970 2936 1316 3005 fortitudinis,
1336 2935 1553 3004 spiritus
1581 2938 1813 2990 scientia:

217 3037 268 3082 ct
298 3029 527 3098 pietatis,
554 3029 772 3097 spiritus
793 3029 999 3082 timoris
1028 3028 1238 3082 Domini
1261 3028 1519 3094 ‘.Quibus
1556 3029 1813 3083 euntibus

215 3130 400 3192 egent,
426 3121 516 3189 qui
555 3119 854 3190 perfectam
884 3121 1297 3174 mundationem
1323 3121 1425 3174 sibi
1467 3124 1748 3189 procurari
1785 3143 1810 3174 ,ι

218 3214 448 3276 malitia,
476 3229 597 3281 qua:
624 3222 710 3266 est
738 3213 791 3266 in
826 3213 1124 3272 locutione,
1159 3211 1273 3267 sive
1306 3212 1362 3266 in
1402 3210 1680 3282 operibus,
1708 3215 1798 3268 sed

217 3314 277 3356 et
307 3320 446 3373 aqua
489 3305 608 3358 viva
648 3305 831 3358 lavant
863 3304 1187 3358 vestimenta
1228 3313 1278 3358 et
1312 3319 1530 3374 corpus.
1570 3305 1700 3371 Quia
1731 3307 1799 3359 sit

216 3413 348 3450 vero
385 3397 464 3450 vis
514 3397 982 3462 vestimentorum,
1035 3405 1090 3450 et
1131 3397 1399 3466 corporis,
1450 3398 1585 3451 satis
1609 3407 1694 3451 est
1750 3398 1802 3450 in

214 3487 589 3554 superioribus
609 3489 1056 3540 demonstratum.
1078 3489 1226 3555 Aqua
1256 3496 1438 3540 autem
1459 3501 1578 3539 vita
1602 3486 1802 3551 lavant,

217 3577 307 3631 illa
332 3577 583 3632 videlicet
612 3578 679 3631 de
705 3593 811 3647 qua
857 3576 1090 3646 Spiritus
1120 3576 1334 3630 dicebat
1367 3595 1382 3631 :
1414 3574 1516 3640 Qui
1551 3577 1709 3630 credit
1751 3578 1804 3629 in

217 3688 320 3736 me,
366 3672 499 3724 sicut
539 3671 668 3723 dicit
713 3669 1030 3741 Scriptura,
1065 3669 1292 3737 ﬁumina
1355 3669 1418 3723 de
1472 3681 1646 3723 ventre
1688 3669 1801 3738 ejus

219 3766 383 3833 ﬂuent
421 3780 574 3834 aqua
615 3764 742 3817 viva
773 3765 814 3817 ³.
864 3761 930 3816 Et
967 3777 1200 3817 rursus:
1229 3759 1533 3830 Quicunque
1583 3761 1711 3814 bibit
1738 3776 1803 3813 ea:

218 3873 356 3926 aqua
388 3873 546 3926 quam
579 3872 672 3925 ego
700 3857 767 3909 do
799 3855 868 3916 ei,
895 3854 983 3923 ﬁet
1019 3856 1075 3908 in
1113 3871 1173 3908 eo
1200 3855 1314 3925 fons
1345 3869 1499 3924 aqua:
1556 3853 1799 3906 salientis

217 3951 274 4002 in
300 3948 464 4002 vitam
491 3957 746 4002 aeternam
779 3948 820 4001 ⁸.
848 3945 988 4016 Ergo
1016 3944 1297 4001 inundatio
1328 3960 1494 4014 prava
1523 3945 1799 4016 docentis,

216 4056 317 4111 per
342 4040 540 4094 bonam
587 4013 990 4110 legitimamque
1020 4013 1343 4092 doctrinam
1358 4037 1630 4106 provenit.
1673 4013 1802 4092 Ηῖἶιι

211 4143 302 4189 est
353 4133 500 4189 enim
535 4131 654 4189 viva
701 4147 864 4204 aqua,
910 4130 1038 4202 quia
1079 4130 1250 4186 vitam
1281 4130 1350 4185 ad
1378 4145 1439 4185 se
1491 4132 1802 4188 accedentis

215 4237 457 4298 praestat.

289 4321 446 4376 Vens.
472 4321 562 4376 ﬂ.
583 4338 602 4372 ι
634 4317 728 4374 Die
751 4327 934 4373 autem
956 4324 1168 4382 octavo,
1192 4323 1371 4370 sumet
1399 4315 1536 4370 duos
1561 4321 1802 4370 turtures

207 4423 309 4468 aut
335 4415 473 4468 duos
515 4413 693 4482 pullos
735 4409 1019 4474 columbae,
1081 4417 1138 4462 et
1165 4407 1349 4463 veniet
1398 4407 1452 4461 in
1504 4417 1802 4478 conspectu

213 4508 428 4563 Doniini
457 4508 522 4560 ad
557 4507 758 4560 ostium
789 4501 1125 4560 tabernaculi
1167 4502 1464 4558 testimonii
1501 4519 1514 4556 :
1543 4503 1801 4572 dabitque

1926 635 2204 689 doctorem
2225 635 2560 690 meditationi
2591 635 2818 706 spiritali
2846 652 3064 707 operam
3105 638 3256 692 dare.
3288 636 3514 710 Propter

1926 726 2069 793 quod
2103 737 2159 780 ut
2192 729 2529 783 sacerdotem
2578 738 2633 782 et
2666 732 2998 800 magistrum,
3055 730 3373 802 sibimetipsi
3417 748 3510 787 su~~

1928 833 2077 871 mcre
2117 818 2220 872 hoc
2254 819 2578 873 sacriﬁcium
2620 819 2897 889 prazeepit,
2939 821 3081 890 quod
3129 824 3180 876 iu
3212 823 3318 877 alio
3343 825 3478 880 sacri
3493 856 3512 865 ι

1926 913 2048 968 ﬁcio
2065 913 2165 968 nisi
2192 930 2380 968 rursus
2415 913 2711 969 sacerdotis
2727 914 2957 986 alicujus
2984 916 3147 971 fuerit
3168 933 3231 972 ac
3250 920 3510 987 magistri,

1932 1005 2141 1060 dixisse
2175 1007 2484 1061 nullatenus
2513 1005 2808 1064 invenitur.

2019 1095 2302 1166 Ipsamque
2352 1099 2559 1166 deferre
2598 1099 2820 1152 hostiam
2867 1099 2921 1151 in
2949 1099 3137 1152 ostium
3184 1100 3514 1154 tabernacu'i

1924 1191 2233 1246 testimonii.
2267 1190 2349 1245 Ad
2380 1191 2748 1261 apostolorum
2777 1191 3034 1247 videlicet
3054 1191 3330 1246 doctrinas
3367 1209 3379 1255 ;
3417 1195 3514 1246 has

1921 1301 2068 1340 Cllllll
2117 1299 2238 1339 esse
2273 1283 2591 1348 introitum,
2624 1293 2717 1338 aut
2763 1300 2950 1339 verum
2994 1285 3402 1340 tabernaculum
3436 1300 3526 1340 tet.

1921 1375 2190 1436 stimonii.
2210 1376 2264 1430 id
2293 1385 2376 1430 est
2401 1376 2789 1432 habitationem
2809 1377 3037 1440 Christi,
3065 1386 3120 1432 et
3139 1379 3509 1433 conversatio-

1919 1485 2068 1532 nem,
2101 1469 2352 1538 superius
2398 1469 2454 1523 in
2494 1469 2774 1524 sacriﬁciis
2804 1470 3166 1534 ostendimus,
3195 1479 3253 1524 ut
3280 1472 3345 1525 ad
3378 1488 3510 1541 apo-

1919 1559 2166 1613 stolicam
2198 1560 2560 1614 intentionem
2590 1561 2643 1614 in
2695 1560 2878 1614 futuro
2906 1577 3056 1616 suam
3111 1563 3356 1632 perficiat
3410 1563 3482 1616 lin

1917 1668 2097 1724 gnam.
2117 1652 2269 1708 Sicut
2292 1660 2472 1707 autem
2489 1653 2578 1722 qui
2604 1653 2865 1723 peccavit,
2889 1654 3246 1710 etsacerdotii
3269 1655 3509 1711 habitum

1917 1759 1976 1812 in
2026 1764 2083 1804 se
2128 1748 2460 1803 inﬁrmavit:
2509 1756 2671 1818 atque
2699 1749 2946 1804 inefﬁcax
2986 1749 3242 1814 reddidit,
3267 1749 3399 1806 dare
3420 1766 3510 1804 sa~

1914 1841 2144 1904 cerdoti.
2174 1849 2232 1896 et
2254 1841 2541 1896 sacerdotii
2583 1841 2947 1896 ministerium
2975 1842 3063 1896 alii
3101 1843 3296 1897 cedere
3323 1843 3510 1912 jussus

1850 1921 1891 1976 Β
1925 1947 2034 1992 cst.
2073 1936 2180 1992 Sed
2232 1936 2510 2006 accipiens
2589 1936 2843 1990 sacerdos
2912 1934 3048 1990 duos
3107 1942 3366 1999 turtures,
3418 1945 3512 1988 aut

1908 2030 2046 2084 duos
2079 2029 2254 2100 pullos
2287 2028 2683 2092 columbarum,
2719 2027 2846 2095 quid
2879 2026 3054 2080 facit?

1984 2121 2150 2175 Unum
2199 2120 2324 2188 facit
2363 2135 2458 2187 pro
2487 2127 2718 2183 peccato,
2764 2132 2809 2170 ct
2842 2134 3003 2170 unum
3029 2118 3082 2170 in
3129 2119 3508 2185 holocausta»;

1912 2214 1984 2270 Ut
2020 2213 2123 2267 hoc
2160 2212 2381 2278 quidem
2415 2210 2666 2265 sacriﬁcii
2698 2213 2764 2264 ad
2785 2210 3120 2266 ablutionem
3147 2215 3288 2280 ejus,
3316 2227 3511 2281 eorum

1909 2321 2029 2376 qua:
2050 2313 2295 2375 peccavit
2324 2305 2376 2356 in
2405 2302 2650 2357 doctrina
2675 2305 3084 2356 contradicente
3106 2301 3206 2373 legi
3232 2303 3508 2372 proﬁciat:

1916 2398 2047 2451 illud
2077 2407 2258 2450 autem
2287 2397 2355 2450 ad
2411 2396 2687 2464 sapienter
2712 2395 3147 2449 conversaudum
3202 2397 3260 2450 in
3287 2398 3507 2463 futuro;

1926 2490 2092 2557 hujus
2130 2488 2276 2542 enim
2310 2499 2394 2542 est
2421 2487 2635 2557 signum
2668 2487 2722 2541 in
2753 2488 3154 2544 holocaustum.

1972 2581 2034 2634 fit
2066 2581 2141 2633 sic
2169 2578 2536 2647 deprecabitur
2565 2595 2663 2638 pro
2694 2594 2753 2632 eo
2783 2581 3022 2634 sacerdos
3048 2595 3232 2633 coram
3263 2581 3469 2634 00min:
3495 2622 3512 2644 ,

1922 2683 1978 2724 nl
2023 2671 2336 2726 cmundetur
2374 2689 2405 2723 ιι
2432 2671 2583 2738 fluau
2641 2671 2852 2723 seminis
2900 2671 3004 2724 sui.
3041 2669 3151 2724 Nec.
3173 2672 3317 2726 enim
3352 2672 3512 2725 aliter

1914 2765 2198 2836 quisquam
2222 2763 2628 2819 mundationem
2656 2778 2839 2815 coram
2864 2765 3090 2818 ιιοιιηιιο
3113 2763 3291 2819 facere
3309 2776 3508 2834 potest,

1917 2859 1967 2910 id
1998 2867 2082 2910 est
2112 2857 2416 2910 secundum
2454 2854 2814 2916 voluntatem,
2840 2867 2895 2906 et
2937 2853 3106 2923 legem
3143 2853 3262 2916 Dei,
3301 2854 3404 2908 nisi
3443 2858 3510 2908 de

1923 2951 2008 3004 bis
2043 2964 2164 3017 quae
2207 2950 2452 3016 peccavit
2505 2946 2801 3012 poenitens,
2829 2956 2884 3000 et
2927 2961 3026 3015 per
3071 2947 3338 3003 sacriﬁcia
3367 2963 3498 3003 ora-

1919 3039 2128 3092 tionum
2172 3035 2535 3099 satisfaciens,
2597 3047 2891 3104 posteaque
2937 3046 3087 3091 rctte
3145 3037 3394 3098 vivendo.
3448 3057 3511 3092 ιω

1920 3129 2159 3200 perfecte
2205 3130 2491 3197 sapicndo.
2561 3127 2702 3197 Ergo
2752 3127 2845 3194 qui
2887 3144 3110 3182 suorum
3162 3142 3505 3200 peccatorum

1918 3219 2363 3276 eiiiundationem
2403 3217 2508 3271 alio
2560 3217 2723 3272 modo
2769 3218 2998 3288 peragit,
3038 3235 3138 3288 pro
3178 3221 3281 3274 hoc
3323 3237 3505 3302 egra»:

1911 3311 2141 3366 Domino
2171 3319 2527 3380 non,rogatur
2554 3349 2564 3360 .
2592 3325 2766 3378 neque
2791 3311 2936 3363 enim
2960 3311 3078 3379 ejus
3097 3313 3507 3369 mundationeu;

1908 3405 2137 3473 suscipit
2167 3404 2326 3464 Deus,
2362 3401 2456 3455 sed
2487 3417 2589 3455 nec
2614 3417 2709 3455 eos
2736 3401 2828 3471 qui
2865 3417 2962 3470 pro
2994 3420 3060 3457 eo
3091 3403 3331 3459 olIerunt
3385 3424 3508 3476 prc-

1907 3507 2019 3547 Ccs.
2043 3491 2404 3560 Quamobrem
2428 3491 2543 3545 sive
2569 3493 2635 3546 ad
2656 3493 2958 3545 doctrinam
2981 3494 3102 3562 quis
3134 3495 3504 3566 incongruam.

1907 3585 2023 3640 sive
2053 3585 2122 3638 ad
2150 3583 2314 3638 vitam
2344 3582 2564 3637 defluxit
2593 3583 2810 3646 malum,
2838 3583 2950 3638 sive
3003 3597 3313 3657 utrumque,
3346 3591 3504 3644 simul

1905 3691 2098 3748 preces
2126 3677 2426 3741 effundere,
2446 3675 2744 3730 secundum
2797 3677 2939 3744 quod
2969 3677 3174 3733 dictum
3211 3691 3295 3735 est
3322 3697 3503 3738 coram

1909 3768 2164 3832 Domino,
2187 3768 2280 3839 qui
2320 3769 2484 3823 habet
2523 3770 2577 3823 in
2621 3778 2893 3839 potestate
2937 3771 3217 3826 dimittere
3261 3788 3501 3844 peccata,

1907 3860 2150 3914 festinet.

1979 3951 2143 4007 Vens.
2175 3951 2271 4007 i6.
2321 3972 2339 4004 ι
2377 3953 2471 4009 Vir
2498 3953 2564 4010 de
2601 3970 2711 4024 quo
2739 3953 3037 4025 egredietur
3077 3971 3262 4010 sirincu
3309 3957 3502 4018 coitus,

1904 4043 2107 4100 lavabit
2150 4060 2290 4116 aqua
2316 4060 2479 4100 omne
2506 4061 2708 4116 corpus
2738 4062 2919 4110 suum,
2953 4057 3009 4100 et
3035 4047 3348 4104 immundus
3402 4067 3508 4104 t‘l‘tl

1905 4154 2077 4208 usque
2098 4139 2165 4193 ad
2180 4153 2486 4209 vesperam,
2508 4136 2728 4192 Vestem
2747 4147 2802 4192 et
2826 4139 3022 4208 pellem
3059 4156 3220 4208 quam
3253 4141 3505 4196 habuerit

1905 4221 2110 4276 lavabit
2150 4236 2311 4291 aqua,
2357 4231 2413 4276 et
2441 4220 2722 4275 immunda
2757 4221 2862 4275 erit
2891 4237 3061 4291 usque
3105 4223 3170 4276 ad
3199 4240 3503 4294 vesperam.

1906 4313 2097 4368 Mulier
2124 4328 2251 4368 cum
2279 4329 2386 4384 qua
2414 4312 2628 4378 coierit,
2662 4313 2931 4368 lavabitur
2953 4309 3114 4383 aqua,
3138 4325 3194 4369 et
3223 4315 3500 4377 immunda

1869 4407 2009 4496 ’erit
2032 4421 2202 4477 usque
2229 4406 2296 4461 ad
2328 4421 2630 4476 vesperam.
2673 4424 2691 4456 ο

1975 4496 2351 4554 Necessariam
2396 4495 2598 4550 habere
2646 4494 3114 4566 regenerationem
3160 4495 3505 4566 baptismatis

207 4615 310 4653 eos
351 4598 641 4661 sacerdoti,
690 4596 784 4667 qui
813 4594 977 4650 faciet
1021 4609 1191 4649 unum
1227 4609 1327 4663 pro
1357 4600 1688 4664 peccato.et
1712 4593 1796 4646 al-
1837 4616 1876 4668 η
1909 4591 2208 4646 humanum
2245 4604 2438 4660 genus,
2487 4587 2601 4657 ipse
2650 4587 2914 4642 Dominus
2963 4587 3224 4648 ostendit,
3273 4588 3501 4642 dicens:

209 4700 391 4746 ternm
422 4689 476 4742 in
548 4689 948 4752 holocaustum,
986 4684 1308 4756 rogabitque
1363 4699 1464 4754 pro
1500 4699 1568 4738 eo
1618 4699 1803 4738 coram

211 4783 465 4848 Domino,
498 4780 897 4836 utemundetur
919 4793 952 4833 a
971 4777 1118 4832 ﬂuxu
1147 4777 1374 4833 seminis
1399 4776 1505 4831 sui.
1553 4795 1572 4827 ι

285 4875 388 4942 Qui
415 4885 626 4945 septem
641 4873 760 4928 dies
778 4870 1089 4926 numerabit
1114 4870 1241 4934 sibi,
1263 4869 1317 4924 id
1347 4877 1435 4924 est
1455 4868 1810 4938 operationes

209 4969 460 5037 Spiritus,
505 4965 593 5020 hic
634 4972 826 5019 octava
867 4963 975 5028 die,
1024 4962 1076 5017 id
1107 4970 1193 5016 est
1241 4962 1298 5016 in
1332 4960 1504 5033 gratia
1555 4959 1808 5015 videlicet

206 5057 437 5123 Christi,
477 5071 598 5126 quae
635 5062 823 5109 octava
868 5051 957 5108 die
983 5050 1404 5106 resurrectionis
1450 5049 1668 5113 enituit,
1698 5063 1799 5103 seu

209 5152 426 5215 claruit,
443 5145 976 5204 saerifieiumoﬁ‘erre
999 5145 1190 5215 jussus
1205 5154 1308 5200 est.
1332 5142 1488 5210 Quod
1511 5153 1596 5198 est
1616 5151 1800 5197 autem

213 5247 322 5300 hoc
351 5242 701 5298 sacrificium.

289 5333 356 5388 ιιι
387 5346 485 5395 est,
512 5333 640 5386 duos
671 5339 920 5392 turtures,
951 5337 1046 5383 aut
1066 5328 1197 5382 duos
1219 5327 1396 5397 pullos
1415 5326 1799 5381 columbarum.

214 5425 450 5496 Dignum
461 5433 562 5496 est
582 5423 684 5478 hoc
707 5420 1022 5477 doctoribus
1072 5418 1435 5486 sacriﬁcium;
1474 5433 1538 5472 es
1579 5417 1801 5472 alitibus

215 5517 365 5571 enim
412 5525 540 5569 sunt
583 5515 699 5569 haec
733 5513 1013 5568 animalia.
1047 5512 1114 5566 Et
1164 5511 1384 5583 quidem
1432 5519 1611 5565 turtur
1647 5511 1801 5579 quasi

219 5607 621 5664 meditatorium
661 5616 744 5661 est
782 5607 983 5660 animal
1015 5623 1030 5672 ;
1059 5605 1310 5660 columba
1358 5613 1540 5658 autem
1583 5613 1807 5673 propter

220 5699 516 5770 generandi
573 5699 962 5768 frequentiam,
1014 5709 1073 5752 et
1124 5709 1344 5768 propter
1399 5696 1804 5765 simplicitatem

1367 5897 1385 5928 ⁶
1418 5895 1576 5951 Joan.
1612 5913 1684 5949 tr.
1726 5896 1807 5949 Μ.

328 5901 345 5930 ⁸
373 5899 478 5954 lsa.
512 5900 671 5968 11,2.
795 5902 816 5933 ⁸
840 5899 998 5955 Joan.
1030 5915 1127 5958 vn,
1162 5899 1250 5952 58.

1915 4683 2036 4738 Nisi
2066 4684 2183 4755 quis
2215 4690 2428 4736 renatus
2455 4681 2615 4752 fuerit
2645 4695 2782 4750 aqua
2820 4690 2870 4733 ct
2905 4680 3123 4746 spiritu;
3149 4697 3252 4734 non
3283 4681 3504 4734 intrabit

1914 4775 1969 4830 in
2002 4791 2219 4846 regnum
2270 4773 2521 4828 caelorum
2542 4773 2583 4827 ⁷.
2616 4770 2788 4842 Cujus
2820 4773 3076 4842 equidem
3107 4773 3285 4828 sordis
3315 4773 3370 4828 in
3407 4791 3506 4828 no-

1913 4866 2078 4922 bisex
2103 4866 2273 4920 Adam
2302 4864 2669 4920 inohedientia
2689 4874 2770 4919 cst
2793 4864 3087 4929 transfusa,
3102 4865 3244 4920 unde
3261 4875 3317 4920 et
3336 4864 3504 4921 David

1910 4957 1968 5011 in
2019 4956 2400 5028 iniquitatibus
2444 4971 2503 5009 se
2547 4963 2758 5017 natum,
2807 4962 2863 5010 et
2892 4953 2948 5007 in
2994 4954 3233 5024 peccatis
3271 4959 3506 5010 asseruit

1909 5066 2034 5106 esse
2062 5058 2410 5120 conceptum,
2444 5064 2554 5103 non
2585 5057 2818 5103 matrem
2857 5062 3014 5101 suam
3040 5062 3306 5102 accusans
3325 5048 3368 5112 ',
3407 5048 3502 5102 sed

1909 5151 2196 5215 peccatum
2253 5142 2513 5204 innucns,
2555 5139 2704 5211 quod
2761 5139 3007 5196 decurrit
3057 5155 3126 5194 ex
3177 5155 3400 5211 genere.
3440 5141 3506 5195 [at

1909 5252 2060 5292 nunc
2092 5234 2370 5307 legislator
2402 5249 2554 5299 eum,
2605 5232 2675 5288 de
2703 5247 2814 5303 quo
2865 5247 3054 5286 semen
3083 5233 3365 5305 egreditur
3388 5232 3505 5288 coi-

1909 5338 2019 5395 tus,
2048 5329 2102 5384 id
2125 5335 2212 5382 est
2237 5342 2362 5382 eum
2383 5325 2477 5396 qui
2511 5325 2754 5391 pro-trhis
2775 5323 3130 5395 procreandis
3155 5339 3344 5378 semen
3371 5324 3510 5378 etIn-

1910 5422 2015 5486 dit,
2044 5420 2141 5476 sed
2171 5429 2228 5474 et
2270 5417 2557 5474 mulierem
2603 5433 2726 5488 qua:
2763 5415 3028 5487 suscepit,
3094 5416 3275 5470 lavare
3306 5431 3507 5485 corpus

1916 5510 2183 5583 prmeepit
2226 5509 2298 5564 ob
2354 5509 2480 5570 hoc.
2542 5507 2671 5577 quia
2720 5521 2910 5561 semen
2941 5505 3202 5576 suscepit,
3236 5519 3334 5576 per
3361 5504 3505 5574 quod

1917 5605 2022 5659 hoc
2057 5603 2320 5672 templum
2355 5610 2607 5655 nostrmn
2653 5608 2848 5674 totum,
2897 5598 2950 5653 id
2979 5607 3081 5662 est,
3114 5597 3325 5668 integer
3347 5597 3510 5650 llOmu

1919 5693 2251 5749 describitur
2297 5706 2363 5745 ex
2397 5691 2578 5744 anima
2625 5698 2683 5743 et
2727 5702 2980 5757 corpore.
3042 5685 3507 5753 Quemadmodum

1924 5894 2127 5948 71min.
2170 5911 2249 5956 δῖε,
2295 5897 2346 5946 ὃ.
2460 5892 2478 5921 ⁸
2512 5888 2655 5942 Psal.
2692 5904 2741 5942 ι..
2768 5887 2818 5939 .‘j.
