4218 6450
724 370 832 432 9Ἰῦ

1922 364 2279 424 llESYCHli
2319 366 2795 429 “RESBYTERI

3890 374 3995 436 976

710 501 839 553 ergo
894 482 1135 537 animam
1174 478 1353 535 divina
1392 477 1674 546 Scriptura
1731 475 1966 544 appellat
2010 491 2160 539 cum,
2209 478 2299 545 qui
2336 488 2372 538 Α
2404 492 2510 542 eto,
2570 491 2624 533 et
2681 482 2907 544 semine,
2967 498 3029 536 ex
3095 500 3202 553 quo
3252 501 3422 554 genus
3475 498 3713 541 accusat.
3748 487 3875 540 Non
3912 498 4001 541 est

711 588 790 631 est
827 592 890 631 ex
926 577 1103 628 anima
1164 583 1219 627 et
1247 586 1494 639 corpore.
1535 569 1846 621 hominem:
1890 568 2032 621 sicut
2068 569 2289 637 (plaudo

711 670 875 721 dicit:
945 665 1218 719 Descendit
1272 660 1437 714 Jacob
1485 662 1537 712 in
1596 658 1825 728 /Egypto
1875 661 1928 711 in
1954 659 2291 729 septuaginta

707 762 935 826 quinque
964 756 1303 817 animabus’;
1342 755 1420 808 sic
1453 768 1651 820 corpus
1693 768 1882 804 rursus
1908 759 2081 804 totum
2109 749 2294 819 appel-

713 856 822 905 lare
856 851 1133 903 hominem
1162 847 1465 900 consuevit.
1497 844 1651 909 Quod
1682 842 1921 897 ostendit
1950 842 2087 897 Lber
2117 842 2294 897 Gene-

710 949 786 1000 sis
810 944 1009 1012 .loseph
1062 941 1334 995 fiumenta
1365 940 1706 991 ministrasse
1738 935 2015 998 fratribus,
2048 950 2143 1004 per
2170 949 2293 987 cor-

711 1053 841 1107 pora
891 1036 1102 1089 dicens.
1130 1032 1269 1099 Quia
1310 1041 1490 1084 autem
1527 1026 1777 1081 sordidus
1811 1026 2039 1079 effectus
2075 1041 2167 1093 per
2212 1025 2296 1076 in-

710 1128 1077 1183 oluedientiam
1102 1126 1270 1177 Adam
1299 1122 1577 1176 sordidum
1598 1118 1716 1172 esse
1743 1118 1906 1171 etiam
1927 1132 2111 1169 semen
2137 1131 2292 1167 suum

712 1225 873 1275 fecit:
907 1219 1322 1287 necessarieqne
1357 1230 1559 1284 corpus
1589 1212 1869 1265 sordidum
1903 1218 2007 1274 est,
2041 1224 2107 1261 eo
2148 1207 2291 1276 quod

684 1328 770 1370 ‘ex
796 1316 1003 1369 semine
1032 1310 1277 1381 procedit
1315 1309 1367 1360 in
1395 1322 1501 1376 quo
1538 1303 1878 1358 iimnundnm
1907 1311 1991 1355 est
2033 1314 2201 1368 usque
2226 1298 2293 1351 ad

712 1421 1015 1476 vesperam,
1049 1404 1100 1456 id
1139 1411 1224 1455 est
1254 1400 1435 1453 saeculi
1478 1397 1670 1450 finem:
1719 1394 1842 1463 quia
1892 1394 1944 1445 in
1974 1393 2078 1446 line
2120 1407 2295 1444 seru-

713 1505 883 1554 lnrntn
916 1496 1167 1551 Christus
1208 1492 1433 1544 veniens
1472 1488 1714 1541 ostendit
1744 1502 1960 1555 aquam,
1989 1500 2093 1553 qua
2124 1499 2295 1552 genus

713 1603 955 1646 nostrum
985 1586 1335 1640 mundaretur
1364 1599 1377 1635 :
1423 1589 1474 1633 et
1515 1579 1640 1649 quia
1686 1577 2088 1647 permansimus
2121 1589 2295 1642 usque

710 1694 840 1733 time
868 1677 1157 1739 immundi,
1191 1674 1451 1743 probatur
1482 1687 1543 1723 ex
1569 1685 1635 1723 eo
1666 1668 1809 1737 quod
1846 1676 1899 1719 et
1922 1667 1973 1718 hi
2028 1665 2121 1734 qui
2161 1681 2293 1718 nec—

710 1773 839 1824 dum
898 1773 1280 1840 peccaverunt,
1324 1764 1375 1816 id
1419 1770 1521 1821 est,
1584 1761 1639 1814 in
1669 1769 1829 1813 nitate
1856 1758 2071 1810 iulirnta
2098 1756 2297 1811 consti-

2397 582 2577 624 autem
2645 574 2984 639 admirabile,
3023 577 3065 628 si
3100 579 3374 641 mulieres,
3430 595 3551 648 qua:
3610 595 3718 631 non
3748 580 3995 632 tiliorunt

2395 665 2587 731 gratia,
2633 666 2724 718 sed
2789 677 3011 737 propter
3065 684 3194 722 usus
3232 671 3623 739 turpitudinem
3672 687 3805 725 eum
3863 674 3997 724 viris

2401 758 2668 822 habitant,
2705 770 2909 813 vestem
2939 769 2994 813 et
3025 762 3219 830 pellem
3272 762 3575 834 intelligere
3610 764 3991 834 legislatcrum

2396 846 2631 900 diximus
2657 866 2669 901 :
2702 850 3012 905 vestimenti
3043 851 3210 918 enim,
3243 864 3297 907 et
3324 853 3382 907 in
3410 855 3552 908 malo
3582 856 3794 926 aliquo,
3826 864 3999 926 atque

2395 946 2583 989 c0ntra
2641 937 2836 1008 legem,
2875 955 3033 993 usum
3064 941 3117 994 in
3155 942 3344 996 divina
3379 942 3660 1014 Scriptura
3698 957 3996 1016 acceptum

2400 1028 2638 1093 invenis,
2673 1032 2814 1084 sicut
2848 1032 3012 1085 llavid
3040 1033 3175 1088 dicit
3202 1051 3215 1087 :
3262 1034 3329 1087 Et
3366 1036 3539 1089 induit
3569 1055 3625 1091 se
3656 1038 3999 1092 maledictio-

2399 1136 2513 1172 nem
2542 1122 2675 1173 sicut
2708 1126 3070 1177 vestimentum
3092 1127 3154 1179 ".
3198 1127 3265 1180 Et
3298 1142 3523 1181 rursus:
3563 1128 3881 1182 Induantur
3908 1132 4000 1200 qui

2397 1211 2677 1265 detrahunt
2718 1214 2843 1265 milii
2878 1216 3163 1268 reverentia
3192 1217 3254 1270 ¹⁸.
3309 1218 3473 1272 Pellis
3525 1229 3708 1274 autem
3762 1224 3998 1289 quando

2397 1303 2597 1370 aliquid
2648 1304 2774 1357 boni
2823 1306 3110 1376 signilieat,
3155 1318 3285 1362 tunc
3330 1325 3439 1363 non
3490 1312 3816 1380 simpliciter
3876 1313 3993 1381 ipsa

2401 1396 2575 1463 pellis,
2605 1396 2699 1450 sed
2737 1399 2931 1467 pellent
2963 1400 3029 1453 ad
3065 1416 3204 1469 opus
3233 1411 3415 1472 aptam
3458 1404 3737 1473 Iegislator
3767 1405 3913 1468 edit,
3941 1418 3999 1458 ct

2399 1487 2503 1539 hoc
2533 1490 2674 1556 quod
2707 1490 2910 1544 factum
2964 1492 3131 1546 fuerit
3160 1508 3300 1563 opus
3333 1510 3399 1548 ex
3430 1510 3516 1557 ea,
3549 1504 3643 1548 aut
3668 1497 3819 1565 quod
3853 1497 3996 1550 lien-

2396 1581 2524 1633 dnm
2556 1591 2638 1634 υηι
2668 1598 2729 1636 ex
2768 1583 2902 1652 ipsa,
2939 1600 3037 1653 per
3066 1602 3182 1639 eam
3202 1588 3559 1643 demonstrat.
3591 1590 3749 1643 iiunc
3774 1598 3996 1651 autem,

2398 1672 2522 1740 quin
2578 1674 2679 1727 hoe
2732 1690 2839 1727 non
2875 1676 3029 1738 dixit,
3074 1694 3251 1747 neque
3304 1680 3359 1733 in
3394 1682 3663 1735 sacrilicio
3701 1683 3873 1753 pellis
3905 1700 3995 1735 as-

2399 1774 2614 1834 sumpta
2669 1777 2772 1828 est,
2807 1768 2949 1822 sicut
2997 1783 3122 1823 cum
3170 1770 3483 1826 decoriatus
3515 1772 3911 1827 holocaustum
3947 1777 3995 1827 in

712 1865 833 1925 luti.
882 1860 1221 1933 Signaculum
1267 1855 1521 1925 υὲψιίδηὶί
1555 1852 1929 1907 ιιοοθδείιΐίιιῖη
1962 1851 2188 1915 ὶκιέπηῑ,
2228 1865 2295 1904 Im
2329 1857 2369 1909 Β
2400 1857 2755 1929 incongruam
2804 1862 3240 1917 cmniniationcm
3278 1865 3513 1933 positum
3554 1876 3656 1920 cst.
3709 1866 3833 1920 Non
3867 1882 3999 1937 ergo

712 1964 850 2015 forte
896 1968 1070 2013 morte
1115 1952 1536 2024 superveniente.
1568 1949 1773 2002 sordidi
1805 1956 2087 2002 transeant
2125 1965 2137 2000 :
2174 1961 2292 2000 sor—

710 2062 830 2113 dem
859 2070 979 2125 quae
1023 2068 1089 2106 ex
1128 2051 1294 2104 Adam
1320 2045 1621 2103 descendit.
1656 2044 1708 2096 in
1736 2041 2045 2111 semetipsis
2084 2041 2293 2095 hahen-

712 2160 811 2209 les,
849 2158 899 2201 et
942 2154 1226 2215 propterea
1270 2156 1379 2194 non
1440 2139 1686 2191 valentes
1726 2136 1778 2188 in
1828 2149 2053 2205 regnum
2090 2134 2295 2186 intrare

710 2244 993 2297 ctelorum.
1057 2237 1295 2298 Vestem,
1341 2241 1397 2286 et
1461 2231 1656 2301 pellem
1703 2245 1865 2299 quum
1915 2230 2116 2283 habent
2168 2244 2290 2283 cum

712 2344 941 2399 coeunt,
979 2331 1235 2385 videlicet
1264 2325 1543 2381 immunda
1586 2339 1726 2386 esse,
1762 2333 1817 2376 ct
1851 2322 2015 2375 lavari
2069 2320 2289 2383 debere,

710 2430 939 2484 duarum
971 2439 1153 2479 rerum
1187 2420 1445 2491 praecepit
1495 2417 1666 2487 gratia
1705 2435 1717 2469 :
1754 2430 1879 2469 nam
1924 2415 2171 2469 extendit
2214 2414 2293 2467 le-

710 2510 830 2593 gem
883 2528 1045 2589 atque
1096 2514 1428 2575 manifestat,
1456 2520 1718 2581 quantum
1754 2523 1956 2579 corpus
1991 2508 2293 2562 humanum

711 2623 932 2684 propter
982 2624 1145 2663 unam
1203 2604 1631 2661 inobedien'tiam
1690 2600 1973 2655 sordidum
2037 2600 2110 2653 sit
2148 2598 2293 2653 clie-

710 2718 892 2772 ctznn,
952 2714 1014 2759 ut
1068 2703 1231 2757 etiam
1294 2698 1634 2754 insensibilia
1693 2713 1759 2750 ex
1817 2695 1900 2750 eis
1951 2693 2290 2764 polluantur.

710 2800 917 2855 Deinde
945 2813 1040 2869 per
1083 2797 1201 2850 haec
1240 2792 1558 2849 manifestas
1589 2789 1719 2843 facit
1748 2788 2026 2849 mulieres,
2067 2802 2189 2857 qua:
2228 2786 2287 2839 li-

712 2882 912 2948 bidinis
948 2903 1134 2948 causa,
1175 2885 1308 2939 viris
1338 2882 1405 2937 ad
1439 2880 1730 2951 quemdam
1760 2876 2113 2947 temporalem
2144 2872 2296 2931 com-

710 2985 1009 3038 miscentur
1064 2992 1245 3040 usum,
1299 2972 1513 3045 qualem
1575 2970 1753 3023 solent
1802 2967 2123 3022 vestimenta
2156 2982 2293 3035 prte-

711 3080 838 3130 bere
894 3071 1227 3135 hominibus,
1291 3067 1432 3122 sicut
1484 3074 1539 3117 ct
1572 3061 1766 3116 abusio
1803 3060 2023 3131 pellium
2064 3061 2296 3131 quasin-

712 3178 963 3223 veteratae
988 3163 1179 3235 projici
1212 3160 1410 3217 solent.
1442 3156 1579 3210 Nam
1615 3164 1671 3209 ct
1711 3154 1924 3208 illarum
1955 3155 2294 3208 consuetudo

2399 1964 2497 2019 per
2522 1958 2750 2005 stratum
2781 1952 3022 2013 seminis,
3058 1953 3108 2007 id
3141 1963 3225 2007 est
3252 1970 3349 2024 per
3386 1959 3590 2011 coitum
3635 1958 3901 2028 legalem.
3934 1978 3998 2013 ex

2398 2058 2505 2111 quo
2558 2058 2745 2098 semen
2790 2044 3042 2111 ellieitnr,
3086 2048 3283 2116 pellem
3325 2051 3543 2118 polluit,
3595 2061 3693 2103 aut
3730 2054 3999 2120 perfundi

2395 2133 2563 2187 dixit:
2619 2135 2925 2189 necessarie
2959 2150 3088 2206 ergo
3133 2152 3252 2190 eam
3290 2154 3396 2207 qua
3423 2140 3546 2209 quis
3578 2141 3835 2195 abutitur
3873 2159 3997 2195 nin-

2398 2227 2606 2290 liercm,
2640 2227 2834 2297 pellem
2870 2230 3151 2285 intellexit.
3182 2232 3315 2284 Illud
3350 2242 3532 2287 tamen
3561 2235 3770 2303 ubique
3806 2246 4000 2290 custo-

2396 2319 2497 2385 dis,
2539 2322 2664 2390 quia
2694 2322 2761 2375 ad
2794 2322 3281 2377 sanetilicationem
3311 2335 3366 2378 et
3396 2326 3727 2387 castitatem,
3766 2324 3999 2380 Judam-

2397 2428 2517 2467 rum
2557 2429 2729 2484 genus
2773 2414 3047 2485 legislator
3101 2417 3346 2481 trahens,
3380 2418 3545 2471 nimis
3574 2418 3722 2471 enim
3762 2420 3997 2487 quidam

2398 2523 2584 2561 eorum
2616 2508 2845 2563 luxuria:
2880 2510 3212 2573 serviebant,
3241 2511 3354 2564 haec
3387 2520 3577 2565 contra
3609 2527 3707 2564 eos
3738 2514 3838 2581 qui
3869 2530 4000 2581 qua-

2398 2599 2745 2669 litercunqnc
2789 2601 3080 2655 cli'nndunt
3111 2619 3318 2669 semen,
3366 2617 3420 2658 ct
3459 2621 3555 2660 eos
3581 2608 3674 2674 qui
3718 2608 3845 2662 haec
3879 2618 4001 2661 tan-

2397 2699 2532 2761 gunt
2559 2692 2624 2746 ad
2654 2693 3122 2755 emundationem.
3152 2696 3199 2749 ei
3229 2697 3553 2767 praecipiens
3585 2708 3646 2753 ut
3681 2701 3886 2755 saltem
3922 2702 3999 2755 sic

2398 2784 2530 2838 casti
2572 2784 2939 2844 efficerentur.
2989 2797 3044 2841 et
3096 2788 3389 2843 luxuriosis
3437 2790 3789 2846 abstinerent
3841 2809 4000 2848 com-

2398 2875 2764 2942 mistionibus,
2802 2877 3022 2933 fastidio
3053 2879 3255 2935 laboris
3307 2880 3683 2952 frequentium
3736 2888 4003 2953 ραι-ωερε

2400 2970 2627 3021 tionum.
2659 2971 2806 3023 lianc
2829 2971 2974 3023 enim
3001 2971 3362 3026 intentionem
3387 2974 3695 3027 secundum
3724 2975 3999 3037 litteram,

2397 3069 2451 3112 ct
2478 3062 2532 3113 in
2575 3061 3036 3131 subsequentibus
3083 3061 3168 3115 lex
3200 3063 3385 3129 habet,
3420 3064 3547 3119 licet
3588 3065 3805 3135 aliquid
3848 3067 4002 3120 aliud

2399 3150 2698 3204 secundum
2735 3150 2990 3220 spiritum
3042 3152 3240 3223 signet,
3277 3153 3422 3207 sicut
3468 3154 3586 3223 ipse
3630 3158 4003 3226 expositurus

710 3266 1083 3315 veterasceute
1112 3253 1349 3309 amfcitia
1405 3248 1701 3318 respu’tur,
1736 3254 1898 3314 atque
1930 3245 1983 3298 in
2028 3260 2179 3299 more
2204 3260 2293 3298 vc-
2322 3242 2362 3295 C
2397 3259 2539 3308 sum,
2600 3243 2724 3313 quia
2756 3259 2858 3296 nec
2905 3244 3104 3311 ipsum,
3148 3246 3239 3313 qui
3277 3246 3365 3300 hic
3407 3254 3511 3308 est,
3564 3247 3881 3316 spiritalem
3915 3250 4002 3302 in-

710 3356 1111 3415 stimentorum,
1137 3363 1234 3403 seu
1267 3345 1487 3416 pellium
1519 3348 1908 3405 commutatur,
1940 3352 2118 3406 neque
2147 3337 2293 3389 enim

712 3460 926 3514 gertzper
955 3458 1078 3497 cum
1135 3440 1216 3494 eis
1268 3438 1480 3496 vivunt,
1549 3447 1672 3487 cum
1730 3430 1928 3496 quibus
1986 3428 2294 3482 inordinate

710 3537 1103 3591 concumbunt.
1141 3530 1254 3584 lloc
1283 3543 1412 3599 ergo
1446 3526 1606 3581 tundo
1648 3523 2018 3592 intelligentcs
2050 3521 2296 3574 Mosaicae

713 3628 845 3697 legis
872 3627 1056 3687 verba,
1083 3622 1380 3677 maximum
1406 3634 1472 3672 ex
1499 3616 1578 3670 eis
1600 3616 1859 3684 jnvamen
1885 3612 2152 3681 capimus,
2191 3621 2245 3665 et
2265 3628 2294 3664 a

713 3726 847 3795 legis
871 3720 1172 3793 quastione
1212 3715 1564 3787 quiescimus.
1607 3711 1718 3766 Nec
1743 3709 2147 3780 reprehendere
2174 3723 2293 3763 eam

714 3829 1026 3885 possumus,
1083 3820 1143 3867 ut
1178 3808 1453 3879 superﬂue
1486 3805 1826 3875 punientem,
1877 3810 1933 3855 et
1967 3802 2035 3855 de
2067 3799 2153 3854 his
2181 3801 2297 3854 exi-

712 3919 928 3980 gentem
957 3918 1195 3975 pennam,
1225 3916 1345 3970 quae
1374 3900 1431 3954 in
1460 3906 1649 3951 nostra
1690 3894 1968 3949 voluntate
2000 3908 2110 3945 non
2137 3899 2292 3945 sunt:

712 4004 887 4055 tlnxus
916 3998 1058 4051 cutim
1086 3994 1311 4050 seminis
1338 4007 1447 4046 non
1475 4006 1539 4044 ex
1572 3998 1756 4043 nostra
1787 3986 1972 4044 evenit
1995 3986 2294 4044 voluntate,

711 4093 804 4147 sed
853 4100 907 4145 et
938 4104 1002 4142 ex
1033 4085 1346 4141 infirmitate
1393 4080 1682 4150 contingit.
1719 4076 1931 4130 Rursus
1962 4074 2138 4129 virum
2183 4090 2297 4127 mu-

713 4180 831 4235 lieri
862 4179 1158 4240 coba-rere,
1214 4182 1271 4229 et
1311 4172 1541 4227 muliere
1570 4171 1708 4232 viro,
1740 4165 2020 4235 compellit
2050 4164 2296 4218 naturale

712 4274 1071 4335 consortium,
1094 4278 1148 4323 et
1178 4267 1273 4324 Dei
1299 4265 1544 4320 definitio
1566 4277 1686 4332 quae
1709 4260 1783 4315 ait
1813 4278 1827 4313 :
1856 4258 2128 4326 Relinquat
2145 4256 2297 4309 homo

710 4376 914 4435 patrem
940 4375 985 4417 et
1019 4370 1261 4426 matrem,
1313 4367 1362 4411 et
1415 4352 1702 4409 adlnerebit
1727 4352 1882 4404 uxori
1912 4365 2042 4411 nne,
2073 4356 2121 4401 et
2144 4355 2296 4400 erunt

710 4461 813 4510 (lno
839 4458 1068 4509 incarne
1098 4452 1287 4505 una".
1315 4447 1450 4502 Nam
1494 4446 1595 4501 etsi
1634 4443 1764 4499 AdIe
1797 4444 1913 4497 hzec
1945 4440 2111 4495 verba
2147 4448 2295 4501 sunt,

711 4564 890 4606 tanien
913 4565 977 4602 ex
1004 4546 1189 4601 divino
1215 4545 1331 4597 hzrc
1360 4540 1495 4596 dixit
1520 4538 1749 4609 Spiritu.
1778 4535 1933 4591 Unde
1956 4543 2012 4589 et
2046 4532 2297 4587 Christus

706 4641 923 4711 quando
968 4636 1248 4692 Pharisaeo
1301 4649 1409 4687 non
1456 4629 1811 4686 dimittendas
1860 4626 2119 4681 mulieres
2141 4624 2296 4679 dice-

704 4736 819 4793 bat,
854 4734 1048 4785 horum
1093 4745 1212 4798 qua:
1252 4741 1396 4779 nunc
1426 4724 1663 4778 diximus
1698 4720 2018 4773 memoriam
2063 4717 2290 4780 faciens,

706 4827 771 4880 ad
824 4827 991 4879 Deum
1020 4839 1105 4887 ea,
1150 4821 1290 4874 sicut
1328 4818 1396 4872 ab
1428 4832 1495 4870 eo
1525 4816 1691 4875 dicta,
1748 4812 1953 4875 retulit,
2002 4810 2075 4863 ait
2101 4809 2243 4864 enim
2277 4827 2289 4863 :

703 4919 804 4983 Qui
835 4921 897 4971 ub
926 4915 1077 4970 initio
1115 4914 1236 4986 fecit
1270 4908 1562 4964 masculum
1610 4915 1657 4960 et
1691 4905 1942 4975 [auinam
1992 4904 2113 4973 fecit
2148 4901 2286 4966 illos,

704 5024 751 5064 et
780 5008 949 5063 dixit:
989 5004 1269 5073 Propterea
1314 5001 1569 5072 relinquet
1628 4998 1779 5050 homo
1811 5004 2039 5063 patrem,
2081 5002 2128 5046 et
2174 5010 2289 5045 ma-

703 5116 855 5161 trem,
885 5109 931 5153 et
963 5096 1243 5152 adliterebit
1291 5093 1442 5147 uxori
1509 5091 1697 5143 ante“.
1752 5087 1896 5157 Ergo
1927 5103 2035 5140 non
2070 5101 2285 5154 pmnam

701 5210 890 5248 eorum
946 5206 1065 5258 qua:
1120 5196 1311 5241 contra
1354 5184 1690 5240 voluntatem
1718 5180 2063 5248 contingunt,
2098 5177 2283 5245 exigit,

702 5302 802 5340 nec
832 5284 983 5353 quasi
1015 5298 1045 5334 a
1085 5278 1320 5333 sordidis
1370 5277 1475 5335 his,
1514 5275 1603 5344 qui
1647 5273 1948 5327 secundum
1999 5261 2123 5337 eius
2152 5285 2285 5322 con-

695 5379 869 5448 juncti
903 5385 1034 5431 sunt
1076 5373 1276 5442 legem,
1327 5368 1421 5423 sed
1483 5368 1533 5420 in
1598 5366 1683 5419 his
1710 5363 1930 5432 quidem
1959 5362 2050 5431 qui
2080 5361 2282 5413 littxum

703 5470 928 5526 seminis
975 5465 1275 5535 patiuntur.
1325 5470 1610 5528 corruptos
1645 5454 2034 5523 doctores,qui
2090 5451 2282 5521 ingrati

700 5570 831 5615 sunt
856 5560 1087 5612 filiorum
1130 5552 1539 5625 procreationis.
1581 5548 1678 5603 llic
1719 5557 1899 5601 autem
1930 5547 2058 5600 Adae
2096 5545 2285 5599 inohc-

702 5651 985 5714 dientiam,
1011 5661 1197 5719 utpote
1226 5663 1289 5698 ex
1325 5661 1385 5697 ca
1414 5657 1613 5713 genere
1645 5642 1884 5693 humano
1913 5639 2133 5692 sordido
2162 5632 2289 5684 cili:-

800 5853 824 5885 ⁹
857 5850 1015 5904 Deut.
1051 5865 1103 5912 x,
1131 5845 1220 5900 2‘2.
1342 5847 1380 5878 ⁸⁵
1412 5847 1548 5899 lien.
1586 5860 1643 5905 ιι,
1678 5842 1767 5894 ii.

1882 5842 1917 5869 “
1949 5838 2137 5891 .iiatth.
2175 5853 2282 5895 xix,
2314 5837 2364 5899 .i,
2396 5836 2445 5888 ὅ.

2400 3334 2673 3387 tcllectum
2742 3343 3030 3404 praetereo.
3101 3334 3573 3400 Quemadmodum
3642 3355 3781 3410 ergo
3844 3342 4001 3394 illum

2395 3427 2485 3495 qui
2530 3427 2734 3481 ﬂuxum
2795 3428 3023 3483 seminis
3068 3429 3309 3496 patitur,
3356 3444 3481 3483 eum
3538 3416 3633 3499 qui
3684 3434 4005 3501 Corrumpit

2396 3514 2723 3581 doctrinam,
2776 3515 3160 3579 intelleximus,
3214 3516 3292 3569 sic
3342 3517 3409 3570 de
3446 3533 3554 3585 quo
3586 3533 3783 3571 semen
3819 3522 4005 3574 coitus

2398 3607 2693 3677 egreditur,
2726 3621 2857 3661 eum
2892 3607 2983 3676 qui
3013 3607 3080 3661 ad
3105 3607 3326 3661 Iudaeos
3368 3608 3740 3676 pertinentem
3776 3610 4002 3664 doctri-

2398 3715 2521 3753 nam
2547 3707 2785 3754 sectatur
2812 3698 3181 3768 intelligimus.
3224 3698 3357 3753 Nam
3388 3699 3529 3755 sicut
3565 3699 3876 3756 effundens
3903 3719 4004 3756 na-

2398 3791 2572 3843 turale
2626 3799 2682 3844 et
2740 3805 2936 3844 sanum
2986 3804 3194 3852 semen,
3258 3800 3484 3859 propter
3528 3791 3753 3845 sordem
3813 3802 4002 3845 tanien

2397 3885 2566 3938 Adam
2615 3883 2931 3938 immundus
2974 3893 3078 3949 est,
3131 3884 3208 3937 sic
3252 3892 3306 3937 et
3347 3897 3536 3937 eorum
3572 3898 3729 3947 sana,
3767 3896 4004 3955 propter

2400 3979 2569 4048 legem
2614 3992 2734 4046 qum
2779 3985 3004 4046 putatur
3038 3976 3307 4039 doctrina,
3345 3976 3447 4029 sub
3490 3976 3645 4044 culpa
3682 3986 3774 4030 est
3828 3989 3889 4031 et
3922 3997 4003 4032 re-

2398 4070 2805 4138 prehensibilis,
2848 4068 2975 4136 quia
3012 4068 3245 4122 litteram
3282 4067 3464 4131 docet,
3489 4083 3613 4137 quae
3638 4069 4003 4125 maledicun-

2399 4178 2522 4217 nem
2550 4163 2713 4215 infert
2741 4162 3020 4231 discipulis
3048 4161 3161 4215 suis
3187 4178 3200 4225 ;
3228 4176 3407 4231 neque
3431 4164 3574 4214 enim
3612 4162 3894 4229 possibile
3925 4176 4003 4216 est

2397 4255 2707 4324 quempiam
2740 4270 2834 4323 per
2873 4254 3021 4308 illam
3056 4252 3297 4321 perfecte
3330 4253 3551 4323 corrigi.
3591 4252 3755 4308 Unde
3794 4255 4004 4309 Mosai-

2397 4362 2474 4400 ca:
2517 4345 2881 4400 maledictioni
2923 4343 3220 4413 discipulos
3260 4358 3391 4398 suos
3443 4344 3664 4398 subdit:
3729 4345 4002 4416 ipsosque

2396 4438 2634 4503 JlldlEOS,
2687 4439 2780 4509 qui
2834 4439 2889 4491 in
2939 4438 3230 4492 mulierum
3280 4438 3595 4491 coeuntium
3641 4440 4003 4508 accipientur

2403 4530 2592 4599 figura,
2616 4536 2803 4598 utpote
2822 4528 2912 4597 qui
2940 4542 3157 4597 semper
3177 4526 3480 4590 adhaerent,
3502 4534 3556 4580 et
3582 4530 4003 4597 conquiescunt

2402 4621 2720 4675 doctoribus
2748 4620 3152 4673 institutionum
3171 4634 3415 4671 suarum.
3445 4616 3561 4673 Hoc
3587 4630 3781 4673 autem
3813 4622 3999 4690 ipsum

2399 4724 2453 4768 (ι
2486 4716 2539 4766 in
2580 4728 2675 4767 eos
2720 4712 2813 4781 qui
2856 4712 2909 4764 iu
2949 4710 3217 4780 prteputio
3249 4719 3381 4764 sunt
3408 4719 3733 4780 aperantur,
3770 4716 4003 4782 quando

2397 4806 2661 4859 doctrina:
2705 4819 2898 4857 eorum
2929 4818 3117 4856 semen
3152 4801 3479 4871 suscipiunt,
3508 4817 3649 4871 quos
3676 4808 4002 4859 vestimen-

2398 4905 2511 4949 tum
2541 4904 2596 4949 et
2623 4893 2816 4963 pellem
2843 4908 2963 4947 esse
2985 4892 3240 4956 dicimus,
3278 4901 3467 4961 utpote
3509 4894 3906 4959 temporaliter
3950 4908 4001 4948 ιι

2399 4986 2708 5041 trausitorie
2733 4985 3011 5039 doctrinas
3055 4999 3266 5048 eorum,
3320 4998 3432 5037 non
3485 4992 3543 5037 ut
3594 4991 3652 5036 et
3700 4986 3814 5054 ipsi
3868 5004 4000 5056 pro-

2397 5085 2585 5132 creent
2625 5077 2859 5145 aliquam
2912 5058 3141 5144 legalem
3166 5074 3459 5145 justitiam,
3483 5076 3837 5145 suseipiunt:
3869 5096 3994 5133 nam

2392 5169 2666 5238 quomodo
2702 5165 2959 5236 possibile
2991 5167 3224 5228 esthoc,
3259 5166 3313 5217 in
3348 5166 3617 5235 prazputio
3649 5182 3995 5235 permanen-

2394 5262 2559 5324 tibus,
2592 5259 2687 5313 sed
2726 5266 2784 5311 ut
2813 5274 2911 5327 per
2939 5271 3225 5311 sermones
3252 5273 3442 5311 eorum
3473 5270 3527 5310 et
3554 5258 3656 5326 ipsi
3692 5262 3995 5317 maledicti

2394 5354 2523 5422 legis
2554 5352 2739 5421 pollui,
2774 5349 3135 5419 accipiantur.

2470 5444 2627 5498 Vens.
2664 5444 2847 5497 l9-23.
2882 5462 2899 5493 σ
2934 5440 3123 5495 Mulier
3152 5458 3273 5511 quae
3297 5453 3560 5496 redeunte
3608 5459 3811 5497 mense
3857 5452 3999 5515 pati-

2398 5550 2483 5593 tnr
2533 5540 2736 5590 llnxum
2785 5536 3089 5604 sanguinis,
3124 5545 3333 5604 septem
3379 5535 3576 5588 diebus
3604 5539 3999 5605 scparabitur.

2394 5630 2587 5683 llumis
2610 5630 2696 5697 qui
2733 5628 2972 5695 tetigerit
3021 5643 3163 5685 eam,
3191 5626 3504 5680 immundus
3539 5628 3648 5680 erit
3691 5644 3879 5698 usque.
3934 5632 4001 5685 ad

2564 5836 2604 5866 “
2640 5834 2779 5887 l‘sttl.
2810 5849 2958 5893 evan.
3000 5831 3080 5883 i8.
3197 5831 3238 5861 ‘~‘
3268 5828 3405 5882 Psai.
3439 5842 3584 5892 xxiv,
3615 5822 3711 5881 ‘26.
