4218 6450
220 423 327 492 977

1376 411 1456 478 ΙΝ
1500 415 1933 480 LEVlTlCUM.
1965 441 2035 458 -δ-
2072 426 2219 487 LIB.
2255 431 2319 489 Υ.

3385 448 3486 510 978

225 554 524 611 vesperam.
562 537 623 592 Et
665 538 718 591 in
768 552 876 606 quo
903 534 1203 598 dormivrit,
1240 536 1325 589 vel
1361 535 1566 590 sederit
1597 536 1795 590 diebus
1827 543 1868 597 Α
1899 540 2056 596 aliter
2085 551 2394 614 inundatur,
2433 555 2540 613 nisi
2574 555 2785 615 lavatus
2823 577 2982 630 aqua.
3029 564 3168 630 Quid
3201 567 3275 623 sit
3300 578 3484 624 autem

223 631 582 702 separationis
616 645 728 684 sua:
768 628 1046 698 polluitur.
1095 627 1198 694 Qui
1252 628 1491 698 tetigerit
1537 629 1798 683 lectulum

222 723 360 791 ejus,
420 719 622 774 lavahit
679 719 1001 773 vestimenta
1050 733 1169 780 sua,
1213 727 1267 769 et
1311 717 1428 785 ipse
1477 717 1795 788 lotusaqua,

227 812 468 882 pollutus
513 811 618 865 erit
643 825 814 880 usque
850 811 916 864 ad
957 825 1261 880 vesperam.
1300 811 1475 865 Omne
1509 827 1600 864 vas
1636 826 1800 881 super

219 907 362 974 quod
416 904 502 957 illa
551 902 772 964 sederit,
807 901 1059 970 quisquis
1090 903 1351 971 attigerit,
1389 902 1587 956 lavahit
1629 903 1796 956 vesti-

220 1006 400 1052 menta
456 1013 575 1058 sua,
631 993 685 1050 et
740 993 884 1048 lotus
932 1009 1071 1062 aqua
1103 993 1341 1062 pollutus
1381 994 1488 1046 erit
1520 1008 1691 1062 usque
1728 994 1794 1047 ad

218 1107 522 1160 vesperam.
564 1109 583 1142 ι

287 1179 869 1251 lntentio-legislatoris
904 1188 986 1233 est
1016 1193 1045 1232 a
1076 1177 1327 1232 muliebri
1363 1177 1586 1231 libidine
1620 1177 1795 1230 alidu-

212 1290 338 1330 cere
366 1274 668 1338 hominem,
701 1271 970 1340 simulque
995 1285 1116 1324 cum
1149 1270 1282 1324 viris
1308 1277 1364 1323 et
1391 1269 1648 1340 mulieres
1670 1284 1795 1338 prn-

216 1369 402 1421 hihere
436 1382 465 1420 a
503 1365 676 1434 turpis
697 1362 1105 1419 commistionis
1139 1378 1328 1418 causa.
1359 1361 1474 1416 Non
1506 1362 1651 1416 enim
1692 1363 1794 1415 hoc

214 1474 311 1529 pro
342 1458 573 1512 ﬁliorum
598 1455 974 1526 procreatione
1000 1455 1104 1524 agi,
1133 1456 1364 1508 maxime
1395 1469 1458 1508 ea
1490 1470 1609 1523 qua:
1642 1469 1791 1508 nunc

212 1553 488 1613 dicuntur,
525 1549 815 1604 afﬁrmant.
864 1545 1076 1602 Invenit
1117 1549 1264 1602 cnim
1299 1551 1519 1601 modum
1557 1564 1665 1618 quo
1695 1564 1793 1617 per

211 1646 357 1699 varia
391 1652 717 1713 temporum,
750 1657 815 1696 ac
844 1641 1077 1711 plurima
1107 1641 1410 1703 intervalla,
1443 1641 1512 1695 ah
1543 1641 1788 1711 ingressu

212 1734 462 1790 muliebri
513 1743 728 1802 separet
771 1733 965 1786 viros:
1023 1748 1149 1786 nam
1212 1733 1489 1786 mensibus
1559 1734 1791 1801 singulis

209 1829 414 1883 ﬂuxum
442 1828 720 1900 sanguinis
759 1827 1060 1897 patiuntur.
1096 1825 1316 1895 Septem
1368 1835 1550 1880 autem
1593 1828 1788 1881 diebus

206 1920 518 1975 immundos
539 1936 633 1975 eas
664 1935 805 1984 esse,
837 1933 1040 1988 eosque
1067 1917 1230 1972 etiam
1265 1917 1355 1987 qui
1381 1916 1615 1988 simplici
1641 1929 1788 1974 tactu

205 2029 301 2067 cas
325 2014 670 2083 tontingunt,
707 2013 1017 2066 immundos
1043 2027 1165 2065 esse
1196 2026 1368 2076 usque
1404 2013 1470 2067 ad
1500 2029 1786 2082 veSperam

207 2106 489 2177 praecepit.
516 2105 619 2173 Qui
647 2120 778 2161 vero
801 2121 925 2160 cum
963 2107 1048 2160 his
1085 2108 1384 2170 dormiunt,
1421 2124 1531 2163 non
1569 2125 1676 2163 una
1701 2109 1788 2165 die

204 2201 534 2266 immundos,
588 2200 683 2255 sed
739 2208 947 2269 septem
992 2199 1108 2255 dies
1162 2215 1283 2256 esse
1316 2201 1468 2256 dicit.
1502 2202 1644 2274 Ergo
1685 2204 1788 2258 sub

202 2294 421 2348 dierum
453 2293 750 2349 multorum
785 2293 1147 2357 continentia,
1178 2300 1288 2347 tam
1334 2294 1592 2351 mulieres
1630 2312 1660 2351 a
1711 2299 1788 2351 vi-

200 2386 301 2447 ris,
328 2401 493 2456 quam
524 2385 623 2439 viri
657 2401 686 2440 a
721 2387 1039 2441 mulieribus
1065 2387 1393 2444 necessitate
1436 2389 1781 2445 cohibentur.

201 2479 276 2532 Et
299 2478 388 2532 his
417 2479 638 2550 quidem
671 2479 948 2534 sensibilis
971 2479 1212 2544 Iudaeus,
1249 2489 1303 2534 et
1332 2483 1632 2537 secundum
1665 2501 1786 2538 car-

200 2587 330 2626 nem
367 2572 610 2628 Israelita
661 2573 842 2642 juvari
881 2589 978 2644 per
1008 2575 1241 2630 litteram
1270 2586 1522 2647 peierat;
1565 2578 1669 2632 hoc
1702 2589 1786 2634 cst

197 2673 385 2720 autem
441 2667 785 2729 verissimum
828 2667 1087 2737 juvamcn
1145 2670 1404 2739 spiritalis
1461 2674 1783 2728 considera--

199 2760 388 2825 tionis,
431 2759 577 2830 quod
611 2769 694 2815 est
731 2761 878 2815 intus
907 2761 1198 2817 inclusum.
1243 2764 1443 2822 Fluxus
1479 2768 1625 2822 enim
1659 2784 1784 2823 san-

195 2849 383 2919 guinis
410 2853 627 2913 auinun,
652 2855 809 2923 cujus
837 2870 1147 2923 personam,
1173 2866 1358 2926 utpote
1388 2859 1778 2920 elicminatmu,

196 2949 261 2995 et
310 2939 682 2998 fortitudinem
748 2947 969 3015 pietatis
1029 2950 1387 3018 prodentem,
1444 2953 1496 3004 in
1555 2953 1784 3006 muliere

195 3049 349 3090 nunc
398 3036 673 3107 legislator
731 3041 1048 3104 insinuavit,
1095 3043 1398 3099 idololatria
1451 3055 1563 3100 est.
1609 3047 1783 3115 Hujus

127 3191 136 3196 ,
194 3127 499 3182 secundum
546 3130 692 3197 quod
723 3129 862 3185 LXX
894 3132 1064 3188 edunt
1110 3136 1284 3202 ﬂuxus
1310 3137 1363 3188 in
1392 3153 1607 3206 corpore
1631 3139 1780 3208 ejus:

1901 651 2037 704 aqua
2082 638 2135 693 in
2181 646 2620 708 prmcelentibus
2663 650 2920 716 diximus,
2970 655 3484 730 ints‘ntuuroportet

1900 729 1967 782 ab
2000 733 2146 786 omni
2201 733 2518 793 idololatriae
2561 742 2770 798 malitia
2812 746 3112 814 abstinere,
3162 758 3215 804 et
3257 729 3362 806 nec
3388 768 3484 806 eos

1898 823 1989 890 qui
2027 825 2187 881 idolis
2222 829 2491 895 serviunt,
2535 851 2637 890 nec
2671 837 2771 892 hos
2794 839 2998 908 quibus
3036 842 3108 896 illi
3136 844 3292 914 quasi
3323 860 3482 915 orga-

1897 914 2005 978 nis,
2033 918 2114 970 vel
2142 920 2296 988 quasi
2332 922 2508 989 lectis,
2540 934 2633 979 aut
2665 929 2808 982 vasis
2830 939 3085 997 utuntur,
3121 921 3439 1005 contingere
3467 954 3478 988 :

1898 1006 1951 1059 id
1977 1018 2059 1062 cst
2110 1010 2162 1064 in
2190 1014 2338 1066 nullo
2400 1007 2544 1070 cum~
2572 1020 2651 1074 eis
2691 1023 3136 1079 communionem
3167 1027 3390 1090 habere,
3426 1036 3483 1082 ut

1898 1095 2101 1154 Paulus
2157 1106 2476 1172 prohiberet
2537 1111 2700 1165 etiam
2764 1115 2818 1168 in
2879 1115 3046 1170 idolio
3125 1118 3479 1178 recumbere,

1896 1205 1958 1244 ac
1988 1192 2160 1247 multo
2190 1196 2357 1266 magis
2389 1200 2679 1256 comedere
2713 1189 3071 1275 idolothvtum
3098 1208 3162 1261 ⁸³.
3206 1206 3314 1260 Sed
3367 1207 3484 1266 hac

1895 1283 2115 1351 quidem
2143 1301 2332 1355 parum
2359 1303 2580 1366 nocent,
2605 1309 2708 1349 nec
2737 1295 3093 1364 pollutionem
3120 1299 3344 1356 habent.
3373 1299 3480 1354 Sed

1896 1375 1986 1429 illo
2011 1376 2098 1431 die
2129 1379 2469 1436 immundum
2505 1399 2626 1439 esse
2660 1385 2790 1441 dicit
2815 1389 3125 1458 legislator:

1965 1467 2128 1524 Vens.
2176 1471 2266 1526 24.
2312 1491 2332 1525 σ
2403 1474 2459 1528 Si
2481 1485 2661 1530 autem
2710 1477 2906 1548 aliquis
2973 1480 3167 1535 coierit
3204 1495 3328 1534 cum
3392 1495 3478 1542 ca,

1897 1573 2139 1632 tempore
2170 1567 2448 1638 sanguinis
2489 1570 2860 1633 menstrualis,
2908 1572 3221 1628 immundus
3250 1572 3351 1627 erit
3384 1587 3474 1626 se-

1896 1665 2041 1724 ptem
2071 1658 2206 1714 dics.
2238 1679 2256 1710 ι

1965 1748 2020 1801 ld
2050 1759 2153 1816 est,
2185 1751 2229 1805 si
2263 1752 2384 1822 quis
2413 1753 2575 1818 malo,
2609 1761 2664 1808 et
2691 1753 2893 1809 actioni
2920 1754 3119 1809 animae
3171 1755 3332 1811 idolis
3360 1771 3481 1811 ser-

1895 1842 2091 1897 vientis
2120 1844 2624 1910 eommunicaverit,
2649 1846 2939 1903 immolans
2980 1847 3212 1902 forsitan
3266 1859 3322 1904 et
3363 1848 3478 1918 ipse

1893 1936 2068 2002 idolis,
2090 1937 2203 1992 sive
2235 1937 2432 2005 libans,
2455 1947 2549 1993 aut
2574 1939 2777 2010 aliquid
2804 1955 2971 2012 agens
2998 1940 3267 1997 idolorum
3300 1940 3478 2000 servi-

1896 2031 2000 2085 tuti
2037 2031 2345 2101 proximum
2380 2051 2394 2088 :
2429 2033 2535 2088 hoc
2554 2041 2638 2088 est
2665 2033 2811 2088 enim
2853 2049 2976 2089 cum
3009 2033 3214 2090 ﬂuxum
3259 2035 3480 2106 sanguin

1891 2119 1976 2174 nis
2012 2119 2251 2190 patiente
2285 2120 2544 2185 dormire,
2574 2118 2948 2191 multipliciter
3011 2129 3241 2191 peccato
3274 2123 3475 2194 pollui-

1893 2223 1997 2268 tur.
2021 2212 2254 2284 Propter
2282 2213 2429 2284 quod
2458 2229 2560 2285 pro
2588 2229 2696 2268 una
2725 2213 2814 2269 die
2860 2221 3071 2285 septem
3101 2215 3299 2271 diebus
3346 2232 3471 2273 eum

1890 2310 2232 2365 immundum
2261 2325 2386 2366 esse
2412 2311 2694 2382 prtecepit,
2722 2310 2864 2366 sicut
2904 2311 2996 2381 qui
3049 2327 3269 2368 omnem
3319 2329 3476 2369 suam

1891 2402 2076 2469 vitam,
2109 2409 2164 2457 et
2187 2417 2408 2457 omnem
2459 2418 2612 2459 suam
2652 2403 3128 2459 conversationem
3170 2403 3299 2461 fecit
3319 2405 3478 2462 idolis

1888 2496 2175 2551 serviendo
2197 2496 2536 2552 sordescere.
2950 2487 2954 2490 ’

1959 2591 2125 2646 Vens.
2157 2590 2343 2645 25-27.
2380 2609 2398 2643 ι
2436 2589 2630 2646 Mulier
2654 2591 2777 2662 qua:
2821 2591 3025 2662 patitur
3052 2592 3242 2646 multis
3284 2591 3478 2649 diebus

1889 2681 2090 2736 ﬂuxum
2109 2680 2409 2752 sanguinis,
2442 2696 2552 2736 non
2583 2689 2831 2752 tempore
2876 2683 3220 2746 menstruali,
3249 2683 3332 2738 vel
3355 2699 3476 2754 quae

1889 2783 2007 2843 post
2032 2783 2375 2829 menstruum
2404 2775 2722 2845 sanguinem
2749 2774 2919 2831 ﬂuere
2938 2792 3048 2832 non
3081 2785 3283 2840 cessat,
3302 2794 3476 2849 quan-

1886 2867 1979 2920 diu
2012 2867 2139 2921 huic
2167 2867 2412 2936 subjacet
2445 2866 2706 2936 passioni,
2749 2867 3033 2922 immunda
3058 2867 3188 2931 erit,
3221 2869 3382 2938 quasi
3405 2870 3475 2922 sit

1887 2958 1941 3011 in
1975 2968 2219 3028 tempore
2241 2965 2546 3014 menstruo.
2589 2957 2762 3013 Omne
2796 2967 3028 3013 stratum
3069 2959 3127 3013 in
3183 2974 3293 3029 quo
3347 2959 3478 3015 dor-

1886 3051 2085 3116 mierit,
2108 3060 2164 3106 et
2194 3067 2290 3107 vas
2310 3052 2364 3106 in
2395 3067 2506 3122 quo
2528 3051 2735 3107 sederit
2782 3050 3052 3121 pollutum
3077 3051 3202 3107 erit.
3233 3051 3476 3119 Quicun-

1885 3159 1993 3212 que
2029 3143 2272 3215 tetigerit
2323 3159 2408 3210 ea,
2451 3146 2656 3201 lavabit
2707 3146 3034 3201 vestimenta
3087 3161 3205 3212 sua,
3262 3156 3320 3202 et
3363 3146 3478 3217 ipse

196 3221 485 3291 corruptio
513 3222 681 3290 enim,
728 3239 823 3278 seu
875 3227 1107 3294 perditio
1151 3238 1236 3282 est
1267 3229 1491 3283 humani
1542 3233 1780 3301 generis.
1812 3239 1854 3295 ο
1889 3237 2030 3292 lotus
2064 3253 2221 3307 aqua,
2274 3237 2591 3293 immundus
2646 3239 2752 3293 erit
2808 3253 2981 3307 usque
3009 3239 3077 3294 sd
3103 3254 3410 3310 vesperam.
3454 3257 3472 3292 ι

196 3311 528 3367 idololatrici
577 3317 861 3386 sanguinis
921 3317 1139 3372 eﬂ‘usio.
1181 3320 1411 3390 Propter
1466 3323 1611 3392 quod
1671 3340 1781 3378 non

197 3403 342 3458 dixit
364 3404 430 3458 de
454 3420 684 3476 corpore
716 3408 856 3478 ejus,
898 3426 1077 3477 neque
1111 3412 1257 3465 enim
1293 3432 1320 3464 ιι
1365 3414 1524 3469 nobis
1549 3425 1634 3470 est
1666 3417 1784 3472 ido-

195 3495 414 3552 lolatria
455 3498 768 3566 adinvcnta,
805 3503 902 3558 sed
953 3521 982 3558 a
1023 3506 1363 3562 dmmonibus
1399 3527 1411 3561 :
1448 3509 1501 3563 in
1557 3526 1785 3581 corpore

200 3590 458 3647 videlicet
481 3596 664 3663 generi
696 3606 884 3651 nostro
913 3598 1115 3654 inﬂicta
1144 3609 1246 3675 est,
1283 3610 1339 3655 et
1364 3604 1643 3672 corruptio
1685 3604 1788 3658 hu-

195 3697 379 3738 manae
427 3693 511 3739 est
550 3684 745 3754 aﬂ'ecta
794 3697 1022 3743 naturte.
1056 3691 1162 3744 Sed
1207 3700 1262 3744 et
1293 3701 1535 3762 tempora
1573 3693 1788 3749 denun-

197 3777 367 3840 tians,
430 3778 485 3831 in
534 3779 734 3848 quibus
786 3780 1089 3837 idololatria
1142 3784 1402 3850 obtinuit,
1457 3787 1526 3841 de
1583 3788 1786 3856 quibus

197 3867 406 3923 Paulus
443 3870 694 3925 diccbat:
729 3872 795 3927 Et
826 3874 1037 3944 quidem
1079 3884 1317 3946 tempora
1356 3879 1673 3948 ignorantia:
1696 3883 1788 3935 dea

190 3958 424 4021 spiciens
445 3959 602 4024 Deus,
635 3977 772 4014 nunc
799 3965 1083 4017 annuntiat
1112 3982 1291 4020 omnes
1316 3968 1508 4038 ubique
1532 3972 1788 4037 prcniteno

198 4051 338 4104 tiam
366 4068 523 4120 agere
547 4055 611 4108 “.
663 4053 802 4120 Quid
829 4056 1001 4112 dixit:
1030 4056 1240 4129 Septem
1282 4062 1466 4117 diebus
1513 4065 1786 4132 separabi-

183 4144 326 4196 -tur?
380 4142 534 4210 Quod
577 4147 665 4202 alii
701 4166 714 4201 :
773 4148 894 4204 Erit
947 4151 1002 4205 in
1032 4154 1346 4222 purgatione
1368 4173 1490 4210 sua.
1514 4158 1620 4212 Alii
1655 4175 1786 4214 vero

198 4233 582 4304 interpretes:
633 4237 696 4292 In
749 4243 1083 4309 separatione
1143 4246 1440 4316 iniquitatis
1493 4264 1620 4303 suae.
1681 4249 1785 4304 Alii

192 4333 381 4380 autem
409 4328 635 4382 miseriae
670 4331 980 4397 ediderunt,
1016 4343 1075 4388 ut
1123 4351 1220 4405 per
1253 4339 1620 4407 scptenarium
1666 4342 1783 4394 dic-

191 4433 321 4472 rum
369 4435 679 4486 numerum,
721 4432 965 4495 tempora
1009 4427 1364 4499 signiﬁcaret.
1418 4430 1657 4500 Spiritus
1689 4434 1783 4502 qui

191 4523 369 4578 usque
416 4511 485 4565 ad
551 4515 972 4584 completionem
1017 4528 1319 4588 temporum
1374 4534 1522 4586 sunt,
1573 4524 1628 4577 in
1675 4540 1779 4594 qua

1960 3327 2233 3392 Quantum
2259 3327 2496 3383 vindicet
2529 3329 2753 3399 spiritus
2778 3329 2868 3384 Dei
2897 3330 3030 3402 legis
3057 3325 3476 3400 contemplatio.

1889 3433 2036 3483 nem,
2069 3427 2126 3473 et
2152 3419 2441 3473 lectionem
2471 3419 2668 3475 litterae
2723 3421 2810 3476 his
2840 3437 2962 3491 quae.
2991 3436 3090 3492 per
3145 3431 3328 3493 partes
3349 3438 3477 3479 san-

1891 3512 2136 3578 ciuntur,
2169 3511 2412 3566 ostendit
2450 3529 2462 3564 :
2496 3512 2623 3581 quia
2680 3513 2827 3567 cnim
2868 3512 3072 3568 ﬂuxum
3105 3513 3333 3570 seminis
3379 3529 3479 3584 pa—

1891 3605 2140 3668 tientem,
2161 3604 2253 3674 qui
2277 3604 2444 3659 habet
2476 3604 2531 3658 in
2581 3605 2698 3675 lege
2742 3604 3039 3660 obscenam
3066 3615 3124 3662 et
3165 3615 3475 3678 corruptam

1893 3698 2227 3761 doctrinam,
2260 3697 2390 3752 olim
2426 3697 2686 3763 diximus,
2721 3706 2779 3754 et
2817 3698 2885 3754 de
2934 3714 3042 3769 quo
3071 3699 3247 3755 coitus
3290 3714 3476 3755 semen

1890 3791 2193 3861 egreditur,
2230 3790 2458 3846 Iudaica
2509 3801 2700 3845 utente
2754 3791 3027 3848 doctrina.
3077 3789 3381 3847 Restabant
3421 3791 3476 3845 hi

1893 3883 1982 3951 qui
2011 3897 2346 3952 paganorum
2374 3883 2681 3938 doctrinam
2708 3883 2910 3939 docent
2942 3901 2953 3938 :
2988 3897 3116 3938 ecce
3143 3882 3308 3937 etiam
3327 3882 3476 3953 ipsos

1891 3989 2041 4030 nunc
2064 3984 2370 4046 opportune
2395 3974 2672 4030 subinfert
2706 3992 2851 4032 esse.
2901 3975 3042 4046 Ergo
3075 3975 3282 4030 ﬂuxum
3345 3991 3477 4031 san-

1889 4067 2088 4138 guinis,
2113 4067 2378 4122 idolorum
2408 4067 2804 4133 seductionem,
2827 4076 2886 4124 et
2913 4082 3156 4123 errarent
3209 4067 3474 4132 diximus,

1891 4168 2078 4230 utpote
2103 4174 2306 4232 genere
2324 4158 2720 4215 daemoniorum
2757 4159 3020 4231 sanguine
3070 4159 3363 4230 gaudente,
3423 4169 3478 4213 et

1888 4271 2000 4310 non
2029 4255 2206 4318 solum
2236 4269 2518 4325 pecorum,
2549 4253 2890 4324 aliorumque
2907 4253 3220 4307 animalium
3255 4252 3474 4307 irratio-

1887 4348 2173 4414 nabilium,
2207 4348 2304 4403 sed
2332 4348 2497 4404 etiam
2524 4347 2808 4402 hominum
2837 4344 3103 4402 sacriﬁcia
3137 4344 3460 4414 praecipien-

1890 4442 1984 4505 tia,
2004 4441 2077 4496 ita
2105 4451 2164 4497 ut
2185 4441 2239 4495 in
2263 4440 2455 4495 multis
2477 4440 2613 4495 locis
2638 4438 2781 4509 apud
2818 4454 2914 4493 eos
2943 4438 3074 4493 talia
3122 4435 3474 4492 celebraren-

1889 4544 1978 4588 tur
2006 4533 2285 4606 mysteria,
2314 4532 2481 4589 veluti
2509 4531 2748 4603 Dionysii
2783 4539 2841 4588 et
2873 4530 3078 4594 Dianae,
3127 4528 3472 4596 aliorumque

187 4601 563 4671 completione
589 4607 899 4676 evangelica
941 4612 1192 4678 provenit
1221 4614 1557 4682 praedicatio,
1601 4617 1654 4670 iu
1693 4618 1778 4672 his
1815 4595 1856 4648 Ῑ)
1885 4595 2217 4687 daemonum,
2242 4595 2295 4676 in
2340 4632 2550 4690 tantum
2603 4595 2784 4677 ﬂuxus
2839 4620 3124 4692 sanguinis
3179 4619 3324 4689 apud
3377 4595 3474 4671 eos

183 4695 430 4762 separati
460 4711 490 4751 a
521 4698 630 4752 Deo
658 4715 755 4768 per
789 4701 1149 4758 idololatriam
1176 4705 1431 4762 homines
1478 4709 1530 4761 in
1559 4723 1780 4779 separa-

184 4785 346 4840 tione
376 4787 692 4859 iniquitatis,
720 4802 776 4848 et
798 4794 1026 4850 miseria:
1066 4801 1376 4854 necessario
1400 4811 1578 4869 erant,
1609 4818 1780 4873 usque

182 4876 327 4933 dum
379 4878 489 4934 Deo
546 4898 643 4952 per
693 4887 1062 4956 evangelicam
1117 4893 1592 4948 conversationem
1648 4911 1780 4950 con-

173 4971 565 5040 iungeremur,
595 4992 714 5045 quae
748 4978 800 5030 in
841 4987 1088 5034 octavam
1116 4981 1259 5055 diem
1309 4985 1579 5054 accipitur
1606 5005 1619 5041 :
1651 4990 1778 5057 quia

180 5065 432 5135 signum,
464 5078 517 5122 et
547 5069 898 5140 principium,
932 5082 1004 5128 ct'
1024 5090 1118 5130 ara
1148 5079 1558 5146 quodammodo
1588 5082 1774 5136 saeculi

177 5167 281 5213 est
319 5159 507 5225 futuri,
557 5171 779 5232 propter
808 5167 975 5234 quod,
1021 5177 1074 5222 et
1115 5179 1304 5223 octava
1353 5171 1444 5225 die
1479 5169 1778 5229 Salvatoris

177 5255 461 5324 processit
497 5257 847 5311 resurrectio.
887 5259 1006 5313 Non
1040 5261 1215 5314 solum
1247 5273 1431 5317 autem
1467 5265 1624 5320 idolis
1655 5281 1775 5320 ser-

174 5345 352 5399 viens
393 5347 594 5412 anima,
628 5350 720 5403 sed
760 5359 815 5405 et
849 5352 893 5405 is
921 5353 1011 5420 qui
1050 5368 1171 5408 eam
1204 5355 1398 5424 tangit,
1437 5357 1487 5409 id
1530 5367 1634 5421 est,
1681 5362 1774 5428 qui

175 5435 466 5508 particeps
487 5440 605 5507 ejus
628 5441 862 5520 Veﬂii-itur
896 5463 908 5496 :
942 5453 996 5498 et
1042 5448 1213 5500 multo
1245 5449 1414 5516 magis
1453 5450 1562 5515 hic,
1594 5453 1685 5518 qui
1721 5450 1774 5504 in

171 5544 305 5598 quo
350 5532 568 5595 dormit,
617 5519 699 5588 vel
735 5534 786 5587 in
817 5552 925 5603 quo
967 5538 1138 5603 sedet,
1180 5548 1364 5608 utpote
1389 5541 1481 5609 qui
1509 5541 1774 5597 doctrina:

172 5621 334 5689 ejus,
367 5631 422 5675 et
458 5624 760 5678 traditionis
781 5626 1050 5695 particeps
1083 5629 1164 5681 vel
1195 5630 1287 5699 qui
1316 5631 1511 5684 coierit
1532 5646 1656 5687 cum
1687 5647 1771 5693 ea,

169 5713 510 5769 immundus
565 5715 688 5782 erit,
720 5725 773 5770 et
831 5719 1203 5774 mundationis
1237 5735 1372 5789 opus
1435 5721 1617 5786 habet,
1674 5737 1774 5777 nec

305 5891 347 5923 "‘
374 5889 497 5947 Act.
531 5910 663 5960 xm,
702 5896 785 5949 50.
905 5900 944 5932 ¹⁵
977 5900 996 5952 l
1025 5897 1148 5954 Cor.
1182 5916 1327 5960 xvnt,
1364 5897 1518 5952 8-H.

1886 4711 2186 4767 inoleverat
2215 4730 2230 4766 :
2261 4712 2495 4767 Attende
2525 4721 2708 4767 autem
2755 4727 2921 4775 nunc,
2952 4710 3153 4782 quibus
3181 4709 3363 4766 verbis
3393 4708 3472 4765 le-

1887 4807 2106 4878 gislator
2141 4822 2272 4862 usus
2299 4815 2402 4861 est.

1963 4898 2157 4952 Mulier
2191 4915 2308 4969 qua:
2330 4901 2532 4966 patitur
2561 4897 2743 4951 multis
2807 4896 2991 4952 diebus
3014 4897 3219 4966 ﬂuxum
3245 4897 3473 4965 sangui-

1889 4992 1968 5044 nis
1998 5007 2099 5044 non
2147 4999 2378 5059 tempore
2402 4989 2734 5044 mcnstruali.
2761 4987 2916 5055 Quod
2962 4986 3104 5042 LXX
3144 4989 3223 5042 sic
3274 4988 3469 5043 edide-

1883 5092 2011 5138 runt
2053 5101 2067 5138 :
2099 5084 2292 5138 Mulier
2317 5083 2364 5136 si
2380 5084 2514 5151 ﬂuat
2537 5083 2854 5151 proﬂuvium
2883 5082 3161 5152 sanguinis
3189 5081 3299 5135 dies
3322 5096 3468 5136 com-

1880 5177 2076 5247 plures.
2109 5175 2226 5230 Non
2254 5175 2413 5237 dixit,
2442 5176 2485 5230 si
2517 5173 2636 5230 ﬂuit
2665 5174 3013 5245 sanguinem,
3038 5175 3184 5243 quod
3212 5173 3470 5228 estidolis

1882 5269 2110 5328 servire,
2155 5266 2728 5321 siveimmolare:sed
2757 5265 2816 5320 Si
2836 5265 3050 5334 ﬂuxerit
3085 5265 3289 5335 ﬂuxum
3336 5280 3468 5318 san-

1881 5361 2072 5431 guinis,
2115 5360 2166 5414 id
2187 5371 2291 5424 est,
2323 5359 2366 5412 si
2398 5358 2517 5412 ﬂuit
2542 5359 2809 5412 maculam
2848 5365 2904 5411 et
2957 5371 3199 5411 errorem
3232 5355 3465 5411 idolola-

1884 5453 2032 5506 trite:
2067 5450 2196 5506 facit
2219 5448 2400 5505 autem
2429 5451 2532 5503 hoc
2571 5465 2684 5503 non
2729 5449 2784 5502 in
2815 5457 3062 5519 tempore
3115 5448 3462 5505 menstruali.

1886 5545 1936 5595 id
1972 5553 2076 5600 est.
2097 5559 2204 5596 non
2233 5543 2286 5596 in
2320 5542 2659 5612 temporibus
2681 5542 2880 5611 quibus
2920 5541 3193 5594 idolorum
3224 5539 3465 5594 servitus

1885 5634 2185 5692 obtinebat.
2229 5633 2343 5686 haec
2372 5646 2496 5686 esse
2526 5630 2882 5685 menstrualia
2939 5638 3211 5699 tempora,
3262 5626 3316 5682 in
3358 5627 3465 5680 illis

1887 5725 2086 5789 verbis,
2127 5725 2180 5779 in
2212 5725 2410 5793 quibus
2437 5726 2504 5778 de
2532 5740 2596 5778 ea
2627 5724 3000 5792 loquebamur,
3034 5730 3318 5775 ostensum
3355 5728 3461 5774 est.
