4218 6450
236 402 328 467 981
1412 420 1484 479 ἶΝ
1540 420 1665 488 ιΕι
1691 424 1978 484 l'l‘ltLUM.

3411 439 3515 508 989

239 524 294 577 in
334 525 488 580 nobis
520 538 625 591 est,
660 530 991 583 mentionem
1025 528 1152 583 fecit
1182 550 1186 554 ‘
1224 534 1633 590 tabernaculum
1673 540 1820 591 enim
1854 545 1896 598 Α
1930 550 2116 609 ιιιιτι·ρ;ι
2142 546 2195 598 in
2238 547 2536 601 immundis
2565 550 2849 605 ordinatus
2872 564 2975 611 est,
3019 563 3072 606 et
3104 554 3265 626 hujus
3293 556 3513 624 quidem

239 614 333 670 Dei
370 626 456 672 est
471 619 651 672 cunnis
687 627 874 674 noster
905 621 1089 686 homo,
1122 623 1178 675 in
1210 640 1320 692 quo
1373 624 1515 679 Deus
1573 629 1817 682 habitare

236 708 476 764 creditur
506 711 782 779 :primum
806 712 1026 783 quidem
1052 729 1149 784 per
1170 716 1481 787 imaginem,
1520 736 1682 788 qttam
1716 738 1816 775 ιιι)-

235 804 317 857 bis
365 804 606 869 donavit,
665 806 862 860 deinde
914 822 1011 876 per
1052 807 1339 876 primitias,
1378 827 1512 880 quas
1572 828 1599 865 a
1655 814 1815 868 nobis

234 896 482 964 sumpsit.
514 897 751 951 Verbum
786 898 936 952 enim
976 914 1104 954 caro
1151 900 1355 955 factum
1402 912 1505 967 est,
1530 906 1675 972 quod
1720 924 1815 974 per

232 989 376 1043 illam
406 988 761 1043 munitionem
792 989 957 1044 etiam
992 991 1045 1045 in
1089 991 1314 1062 reliquis
1363 994 1609 1049 habitare
1644 998 1816 1050 homi-

235 1081 393 1135 aibus
420 1080 641 1145 dicitur,
674 1082 819 1151 quod
864 1083 1060 1152 probat
1113 1082 1353 1140 Joannes
1398 1085 1588 1140 dicens
1633 1105 1644 1138 :
1689 1088 1815 1141 ler-

232 1172 350 1223 bum
376 1188 501 1224 caro
532 1172 732 1241 factum
758 1183 855 1233 est,
881 1181 928 1225 et
952 1173 1207 1227 habitavit
1234 1176 1287 1227 in
1321 1175 1467 1228 nobis
1495 1175 1558 1230 ".

306 1262 463 1317 Vens.
492 1264 579 1327 52,
598 1265 684 1319 55.
712 1284 728 1314 ί
761 1263 871 1319 Ista
889 1273 971 1319 est
993 1264 1082 1320 lex
1102 1266 1222 1336 ejus
1260 1267 1355 1336 qui
1379 1268 1584 1336 patitur
1608 1268 1811 1325 ﬂuxum

228 1357 470 1417 seminis.
491 1367 545 1411 et
570 1358 660 1427 qui
682 1358 939 1428 polluitur
960 1359 1108 1413 coitu
1130 1368 1187 1413 et
1209 1359 1301 1429 qui
1343 1364 1641 1417 menstruis
1673 1374 1778 1419 tem
1795 1396 1810 1405 ο

229 1451 457 1518 poribus
485 1460 793 1519 separatur,
827 1452 913 1507 vel
934 1467 1056 1522 qua:
1100 1454 1220 1525 jugi
1260 1454 1380 1509 ﬂuit
1408 1458 1694 1528 sanguine,
1760 1470 1814 1514 et

228 1542 464 1597 hominis
487 1543 577 1613 qui
610 1543 889 1599 dormierit
908 1561 1031 1601 cum
1061 1561 1144 1601 ea.
1186 1564 1205 1599 ι

297 1633 649 1706 Quaecunque
668 1635 913 1705 ejusdem
942 1637 1241 1694 sanctionis
1281 1640 1386 1695 sibi
1417 1642 1715 1707 cohaerent,
1758 1655 1810 1698 et

224 1748 458 1800 quorum
493 1732 561 1788 ad
592 1748 753 1787 unam
792 1733 1154 1790 intentionem
1179 1735 1234 1790 in
1271 1737 1471 1792 cﬂ‘cctu
1502 1739 1672 1794 tradit
1699 1742 1807 1794 uti-

226 1825 370 1895 litas,
400 1827 514 1880 haec
543 1825 763 1881 sibimet
785 1826 1058 1898 legislator
1077 1838 1404 1885 connectere
1424 1831 1731 1897 consuevit,
1754 1843 1811 1888 ut

222 1916 276 1970 ei
296 1915 387 1985 qui
418 1915 759 1971 meditationi
783 1916 920 1987 legis
964 1917 1206 1972 studium
1238 1920 1467 1989 praebet,
1498 1920 1810 1995 manifestet
1845 1906 1884 1964 Β
1917 1933 2063 1971 nunc
2096 1934 2218 1973 cum
2246 1922 2529 1993 redarguit
2561 1925 2703 1995 lege,
2765 1935 2822 1981 et

223 2007 497 2076 quomodo
528 2015 777 2078 oporteat
800 2008 922 2063 haec
944 2008 1197 2081 intelligi,
1238 2021 1440 2082 etquae
1461 2029 1585 2069 cu-n
1611 2017 1811 2086 quibus

222 2101 605 2171 cognationem
666 2101 968 2156 secundum
1024 2103 1437 2161 similitudinem
1505 2107 1814 2164 intellectus

224 2192 478 2249 habeant.
504 2189 641 2259 Quia
672 2208 795 2248 esse
824 2192 1030 2250 ﬂuxum
1085 2198 1315 2253 seminis
1351 2201 1587 2270 patiens,
1617 2203 1808 2258 docto-

220 2302 343 2340 rum
391 2300 752 2357 eorrumpens
785 2302 997 2353 semen,
1028 2298 1084 2343 et
1115 2291 1296 2360 turpia
1349 2303 1515 2364 atque
1565 2311 1810 2351 corrum-

214 2380 400 2449 pentia
424 2380 724 2436 admonens
747 2390 833 2436 est
856 2382 1117 2451 probatus
1152 2402 1165 2438 :
1200 2384 1264 2438 Et
1305 2387 1370 2440 de
1399 2404 1501 2457 quo
1540 2391 1809 2459 egreditur

211 2490 392 2526 semen
415 2474 602 2528 coitus.
631 2472 703 2528 Ut
733 2475 1024 2545 polluatur,
1055 2476 1120 2544 is,
1151 2478 1246 2549 qui
1274 2477 1501 2535 Judaica
1532 2493 1804 2553 praecepta

209 2566 395 2630 docet,
428 2566 481 2620 in
509 2565 711 2633 quibus
736 2566 853 2636 ipse
879 2577 940 2622 ut
984 2569 1126 2623 mala
1171 2570 1318 2625 bona
1350 2573 1561 2628 docens
1589 2586 1645 2629 et
1669 2576 1805 2646 legis

213 2658 577 2713 intentionem
609 2659 1016 2729 transgrediens
1073 2661 1356 2730 polluitur,
1399 2664 1527 2718 dum
1561 2681 1625 2719 ea
1680 2684 1804 2736 quin

210 2751 279 2805 ad
330 2751 568 2805 litteram
614 2750 916 2820 pertinent.
962 2762 1117 2807 extra
1147 2763 1365 2825 tempus
1427 2757 1689 2827 proferet,
1750 2772 1803 2816 et

212 2843 379 2899 modo
411 2844 648 2913 quodam
679 2843 899 2898 mundis
950 2845 1092 2900 sicut
1138 2846 1436 2901 immundis
1486 2849 1678 2915 utitur,
1735 2854 1803 2905 dc

208 2935 413 3003 quibus
432 2935 639 2989 dictum
681 2943 767 2990 est
803 2952 816 2987 :
850 2934 1036 2990 Omnia
1092 2938 1290 2991 munda
1357 2940 1585 3003 mundis,
1655 2945 1801 2995 coin-

208 3027 447 3096 quinatis
469 3036 649 3081 autem
693 3036 741 3080 et
772 3027 1066 3097 inﬁdelibus
1094 3029 1228 3082 nihil
1273 3031 1545 3096 mundum,
1578 3035 1669 3087 sed
1690 3035 1801 3104 pol-

210 3120 327 3173 luta
354 3128 473 3172 sunt
493 3135 673 3171 eorum
698 3135 842 3173 meus
869 3129 918 3172 et
935 3120 1255 3174 conscientia
1271 3122 1337 3174 ”.
1371 3121 1663 3195 Sanguinis
1700 3142 1799 3179 au-

214 3217 324 3262 tem
358 3208 559 3263 ﬂuxum
584 3210 855 3279 patientes
874 3212 927 3266 in
962 3214 1260 3270 menstruis
1292 3216 1428 3280 suis,
1468 3218 1523 3272 bi
1551 3234 1672 3274 esse
1699 3220 1795 3274 de-

209 3303 496 3357 monstrati
528 3313 674 3367 sunt,
711 3305 801 3375 qui
822 3321 883 3360 ea
914 3322 1036 3377 quze
1071 3307 1137 3365 ad
1177 3308 1513 3380 impietatem
1544 3313 1795 3375 tendunt.

208 3393 587 3453 illodoetrina:
628 3406 897 3468 tempore,
956 3400 1009 3454 in
1035 3416 1145 3470 quo
1192 3418 1365 3470 genus
1410 3403 1695 3459 hominum
1745 3408 1797 3459 in

207 3486 362 3540 cultu
386 3487 653 3543 idolorum
692 3488 976 3544 detentum
1033 3490 1086 3544 in
1118 3494 1416 3547 menstruis
1435 3495 1569 3560 suis,
1602 3496 1655 3549 in
1710 3513 1797 3551 se-

207 3579 492 3648 paratione
518 3582 755 3642 malitiae,
784 3600 812 3635 a
846 3584 989 3636 malo
1019 3584 1165 3639 enim
1199 3588 1436 3655 separati
1466 3602 1574 3640 non
1608 3601 1793 3649 erant;

209 3680 275 3724 ιιι
296 3674 613 3727 ostenderet
641 3674 767 3743 quia
795 3677 987 3730 eadem
1016 3675 1085 3730 de
1123 3677 1209 3731 his
1240 3680 1332 3747 qui
1370 3695 1534 3747 prava
1574 3681 1795 3745 docent,

209 3765 297 3819 lex
327 3766 585 3835 loquitur.
611 3768 837 3822 Addidit
863 3769 1165 3824 secundum
1189 3769 1331 3825 LXX
1366 3792 1377 3826 :
1419 3771 1653 3827 Fluxum
1713 3792 1795 3828 se-

1930 652 2088 702 ptena
2125 638 2417 693 manifesta
2444 649 2546 693 est.
2582 642 2922 697 Manifestum
2947 653 3032 699 est
3049 646 3213 699 etiam
3242 650 3513 716 quomodo

1929 727 2184 783 nnmdata
2215 745 2243 784 a
2269 732 2448 801 ptenis
2480 734 2696 788 liberari
2729 735 2965 805 possint.
3014 736 3121 792 Sed
3185 736 3366 795 adhuc
3428 741 3513 796 his

1928 820 2368 888 supermdiﬂcans
2399 824 2698 895 legislator,
2742 837 2935 899 utpote
2960 842 3360 887 consonantem
3386 852 3482 888 san

1925 909 2162 965 etiouem
2187 928 2307 982 qum
2334 915 2689 986 subsequitur
2711 920 2909 987 posuit.

2508 1074 2740 1130 (iA'r’UT
2780 1076 2915 1131 XVI.

1994 1175 2156 1232 Vsus.
2198 1182 2241 1234 Ι.
2268 1200 2286 1231 ι
2327 1182 2569 1237 Locutus
2600 1196 2686 1241 est
2715 1187 2976 1244 Dominus
3012 1193 3078 1247 ad
3124 1170 3382 1272 bloyscdf
3429 1198 3509 1249 di»

1922 1284 2052 1323 cens
2086 1288 2097 1322 :
2133 1271 2257 1328 Post
2280 1285 2510 1332 mortem
2539 1280 2773 1335 duormn
2807 1282 3039 1339 filiorum
3060 1288 3262 1353 Aaron,
3288 1293 3508 1358 quando

1922 1359 2215 1418 oﬂ'erentes
2246 1365 2424 1432 ignem
2441 1369 2678 1425 alienum
2712 1371 2982 1429 interfecti
3007 1386 3155 1432 sunt.
3203 1396 3220 1427 ι

1994 1453 2131 1507 Ecce
2147 1464 2201 1509 et
2230 1473 2375 1512 nunc
2398 1459 2487 1514 Dei
2512 1463 2738 1531 spiritus
2761 1475 2931 1519 unum
2968 1482 3167 1537 corpus
3192 1468 3326 1541 legis
3356 1471 3499 1531 facit.

1919 1553 1974 1597 et
1999 1547 2067 1599 ad
2110 1564 2277 1601 unum
2305 1551 2500 1621 redigit
2522 1552 2755 1608 invicem
2780 1555 2882 1610 sibi
2916 1548 3268 1625 cohaerhttia,
3311 1572 3367 1616 et
3383 1580 3505 1617 ιτιιιιι

1919 1639 2123 1694 dudum
2153 1642 2793 1716 manifestasseteaqme
2833 1647 2902 1703 ad
2952 1647 3257 1706 doctrinam
3323 1669 3335 1704 :
3385 1670 3506 1724 qua:

1919 1740 2114 1787 contra
2142 1733 2318 1805 legem
2342 1745 2447 1798 est,
2472 1739 2774 1807 pertinent,
2812 1743 3113 1814 modosque
3162 1744 3284 1814 ejus
3315 1747 3505 1802 multi-

1920 1825 2088 1892 plices
2117 1829 2403 1895 quosdam,
2438 1840 2602 1902 atque
2639 1833 2960 1908 diﬂ‘erenjtes
2988 1839 3353 1908 exposuisset,
3397 1856 3503 1895 una

2920 1944 3180 1984 onunune
3231 1931 3500 2000 quodam-

1918 2009 2080 2064 modo
2108 2022 2298 2066 contra
2319 2027 2437 2068 eam
2472 2016 2718 2071 subdidit
2776 2033 3132 2091 praeceptum,
3188 2031 3245 2076 ct
3278 2038 3499 2079 causam

1916 2104 2090 2159 morbi
2111 2106 2282 2176 ipsius
2316 2110 2661 2165 manifestam
2700 2112 2852 2177 fecit,
2883 2101 2936 2168 id
2964 2123 3069 2179 est,
3099 2116 3243 2170 unde
3278 2117 3497 2171 contiu‘

1913 2199 1989 2266 git
2023 2207 2078 2253 et
2102 2200 2247 2256 unde
2277 2205 2618 2271 supervenit.
2674 2207 2890 2262 Audisti
2918 2210 3086 2273 enim,
3109 2211 3329 2281 quando
3358 2211 3498 2266 lilio-

1912 2306 2032 2345 rum
2059 2282 2270 2359 Aaron,
2297 2312 2489 2351 eorum
2508 2299 2599 2368 qui
2646 2299 2838 2355 divino
2872 2303 2994 2373 igne
3016 2305 3328 2374 consumpti
3367 2316 3497 2360 sunt

1908 2384 2291 2451 quzerebamus
2331 2399 2589 2453 mortem,
2620 2391 2771 2461 quia,
2810 2409 2939 2448 cum
2975 2394 3203 2449 verbum
3227 2395 3334 2450 illic
3360 2397 3497 2467 lega-

1908 2475 1975 2530 lis
2012 2478 2320 2536 traditionis
2351 2492 2407 2537 et
2461 2483 2706 2541 historia:
2762 2486 3089 2554 faceremus,
3142 2490 3322 2562 ignem
3359 2492 3493 2546 alie-

1906 2583 2063 2629 num,
2096 2570 2333 2625 alienam
2368 2590 2396 2625 a
2431 2574 2544 2629 Deo
2603 2576 2915 2633 doctrinam
2969 2580 3233 2642 diximus,
3281 2592 3335 2637 et
3362 2601 3489 2654 ιιι-οι

1906 2668 2094 2727 pterea
2153 2679 2182 2716 a
2229 2664 2418 2720 divino
2466 2668 2592 2738 igne
2635 2670 2891 2726 videlicet
2939 2672 3189 2743 spiritus,
3244 2692 3343 2732 eos
3396 2682 3490 2747 qui

1907 2750 2086 2821 ignem
2110 2755 2259 2811 illum
2277 2758 2583 2815 oﬂ‘crehant
2598 2779 2719 2818 esse
2742 2775 3132 2837 consumptos:
3162 2771 3289 2839 quia
3306 2772 3493 2829 divino

1904 2844 2014 2913 igni
2044 2857 2229 2915 aperte
2258 2851 2663 2913 contradicunt,
2701 2865 2757 2910 et
2785 2864 2977 2912 contra
3047 2858 3315 2928 Spiritum
3367 2882 3489 2918 san—

1904 2948 2052 2992 ctmu
2104 2950 2275 3011 agunt
2338 2944 2412 3007 hi,
2445 2945 2541 3015 qui
2573 2961 2638 3001 ea
2685 2962 2807 3017 quae
2839 2950 2977 3004 mala
3038 2962 3093 3005 et
3126 2953 3311 3023 iniqua
3363 2960 3493 3011 sunt

1902 3030 2119 3086 docent.
2154 3032 2283 3087 Sive
2313 3050 2446 3107 ergo
2466 3053 2529 3091 ea
2556 3054 2677 3107 quae
2704 3039 3020 3096 idololatria:
3045 3044 3346 3101 cohaerent.
3365 3049 3497 3117 quis

1904 3120 2103 3184 tradat,
2131 3123 2248 3177 sive
2276 3134 2591 3196 corrumpat
2619 3144 2904 3199 exponens
2969 3133 3152 3188 divina
3209 3138 3483 3195 mandata.

1904 3210 2111 3266 nefaria
2142 3214 2194 3267 in
2217 3216 2297 3269 eis
2327 3217 2683 3275 subinferens
2732 3224 2896 3277 verba
2943 3228 3059 3280 sive
3099 3228 3327 3285 Judaica
3387 3233 3458 3285 do

1907 3305 2077 3359 ctrina
2107 3308 2183 3361 sic
2216 3318 2421 3373 utatur,
2449 3322 2507 3365 ut
2545 3329 2609 3366 ex
2645 3330 2707 3368 ea
2766 3317 3063 3386 polluatur.
3108 3333 3298 3376 contra
3349 3335 3486 3378 lt‘lll»

1908 3410 2007 3462 pus
2026 3395 2278 3450 videlicet
2313 3406 2367 3450 et
2403 3399 2764 3456 intentionem
2791 3405 2947 3474 legis,
2980 3406 3152 3476 ipsius
3176 3410 3307 3479 legis
3340 3410 3477 3463 litte~

1909 3501 2018 3538 ram
2051 3487 2357 3555 proferens.
2399 3494 2577 3559 ignem
2608 3493 2847 3548 alienum
2885 3495 2995 3550 Deo
3022 3498 3237 3562 offeret,
3272 3511 3327 3554 et
3364 3519 3459 3568 pro

1905 3589 2090 3645 pterea
2142 3584 2275 3634 mori
2336 3583 2613 3645 dicuntur,
2666 3602 2731 3641 ex
2796 3589 2913 3659 lege
2947 3592 3182 3645 celerem
3221 3594 3488 3651 habentes

1906 3676 2365 3744 tmnsgressionis
2394 3694 2631 3746 poenam,
2669 3679 2870 3736 Verum
2910 3686 3134 3754 quando
3182 3687 3233 3740 hi
3288 3700 3484 3743 mortui

1906 3760 2129 3825 iuerint,
2156 3761 2209 3816 id
2239 3773 2342 3827 est,
2374 3767 2595 3834 quando
2618 3768 2888 3837 dispertiti
2961 3772 3185 3838 fuerint,
3240 3768 3296 3831 e't
3345 3796 3456 3847 quo

206 3858 367 3912 minis
402 3860 624 3928 patienti
645 3860 879 3913 masculo
917 3870 965 3912 et
993 3861 1226 3928 feminae.
1263 3862 1444 3933 Atquit
1482 3863 1536 3917 in
1582 3878 1794 3933 prmcc-
1836 3852 2193 3927 mdanunodo
2212 3854 2539 3919 defecerint,
2579 3869 2711 3913 tunc
2763 3865 2974 3918 sanetio
3029 3883 3151 3936 qua:
3217 3871 3462 3938 sequitur

205 3948 363 4002 denti
390 3950 672 4003 sanctione
708 3948 776 4003 de
801 3950 918 4003 solo
942 3948 1089 4005 ﬂuxu
1118 3952 1347 4006 seminis
1392 3953 1637 4022 patiente
1664 3970 1795 4008 ma-

204 4038 361 4093 sct'rio
396 4039 563 4105 dicit;
597 4039 814 4096 femina:
842 4054 1024 4096 autem
1064 4041 1269 4097 ﬂuxum
1313 4044 1539 4099 seminis
1576 4046 1794 4115 patien-

202 4130 276 4184 tis
323 4131 639 4185 memoriam
669 4133 969 4187 seeuudum
1006 4133 1244 4188 litteram
1279 4137 1500 4203 penitus
1560 4152 1671 4190 non
1710 4139 1793 4191 l'e-

202 4223 283 4277 cit
320 4223 458 4278 :sed
490 4239 587 4293 per
624 4226 909 4281 mulierem
938 4226 1194 4296 qumﬂuit
1222 4227 1429 4283 ﬂuxum
1485 4232 1789 4300 sanguinis,

199 4330 328 4369 eum
358 4316 451 4385 qui
484 4315 718 4375 eﬂ'uudit
770 4318 1075 4375 doctrinam
1131 4321 1450 4377 idololatria:
1500 4322 1786 4380 intellexit.

199 4410 500 4478 Propterea
527 4426 674 4466 nunc
699 4426 821 4467 eam
850 4411 1054 4469 ﬂuxum
1089 4414 1319 4469 seminis
1352 4416 1657 4485 patientem
1688 4434 1788 4487 ap-

202 4501 446 4572 pellavit.
483 4511 544 4557 ut
574 4519 674 4559 nos
709 4504 1050 4561 disceremus
1096 4506 1219 4577 quia
1265 4523 1392 4562 eum
1415 4509 1508 4579 qui
1535 4525 1787 4565 corrum—

1902 3943 2195 3998 obtinebit.
2235 3946 2299 3999 Et
2333 3958 2625 4018 pr0pterea
2658 3964 2783 4022 post
2832 3965 3062 4009 mortem
3124 3958 3355 4013 filiorum
3392 3965 3464 4013 Aa

1903 4051 2023 4100 ron,
2056 4038 2149 4106 qui
2181 4038 2360 4108 ignem
2396 4043 2637 4097 alienum
2688 4046 3028 4111 obtulerunt,
3091 4051 3294 4105 dixisse
3344 4054 3484 4107 Dens

1898 4128 1965 4180 ad
1999 4127 2215 4199 Moysen
2240 4148 2301 4185 ea
2326 4149 2448 4202 qua:
2479 4147 2805 4206 sequuntur,
2827 4138 3026 4194 dicitur
3064 4158 3074 4191 :

1973 4218 2136 4275 Vens.
2172 4224 2226 4277 2.
2266 4248 2282 4274 ι
2325 4224 2393 4280 Et
2424 4228 2685 4298 pragcepit
2737 4232 2787 4284 ei
2835 4231 3026 4287 dicens
3062 4251 3074 4287 :
3114 4234 3365 4305 Loquere
3416 4241 3485 4293 ad

1896 4310 2077 4367 Aaron
2121 4313 2345 4370 fratrem
2369 4326 2546 4383 tuum,
2585 4336 2655 4375 ne
2685 4324 2833 4377 omni
2866 4332 3115 4395 tempore
3147 4327 3489 4400 ingrediatur

1897 4410 2294 4473 sanctuarium,
2322 4412 2467 4479 quod
2495 4420 2579 4467 est
2614 4416 2755 4469 intra
2800 4418 3007 4483 velum,
3056 4435 3241 4476 coram
3299 4424 3486 4494 propi-

1899 4498 2119 4554 tiatorio
2150 4518 2261 4571 quo
2307 4505 2509 4575 tegitur
2535 4522 2681 4573 area,
2750 4520 2809 4565 ut
2853 4527 2962 4565 non
3016 4514 3302 4582 moriatur,
3357 4518 3485 4587 quia

120 4640 139 4652 ρ
201 4596 287 4665 pit
310 4596 507 4651 bonam
530 4596 859 4662 doctrinam,
904 4599 1144 4669 turpiter
1200 4617 1321 4656 eam
1351 4611 1407 4657 et
1436 4602 1789 4678 maleprofe-
1828 4636 1871 4692 ο
1901 4591 2119 4692 “illum
2152 4598 2450 4666 apparebo:
2483 4615 2650 4692 ξεινον
2679 4603 2981 4659 οηουιιιιιιι
3021 4625 3039 4656 ι

200 4702 350 4752 rens,
376 4688 535 4742 talem
569 4689 746 4757 qualis
778 4698 863 4745 est
884 4690 932 4745 is
962 4691 1055 4761 qui
1100 4692 1437 4763 impietatem
1471 4696 1652 4761 docet,
1709 4697 1789 4751 lex

200 4791 439 4851 reputet,
476 4792 833 4855 utrorumque
863 4787 1010 4842 enim
1059 4790 1225 4844 verba
1255 4792 1611 4862 corruptione
1629 4796 1788 4865 plena

199 4883 348 4929 sunt.
386 4874 479 4929 llis
524 4877 700 4930 virum
753 4880 1043 4947 conjunxit
1100 4897 1226 4939 cum
1278 4894 1617 4942 menstruata
1658 4888 1787 4943 dor-

199 4966 481 5021 mientem.
507 4968 649 5023 Dicit
679 4977 861 5025 autem
883 4973 1119 5043 eumqui
1150 4990 1214 5030 ex
1247 4975 1390 5030 ﬂdeli
1413 4979 1632 5047 populo,
1663 4981 1786 5034 ido-

198 5056 428 5111 lolatrian
464 5060 659 5114 mistns
693 5074 777 5117 est
812 5063 995 5119 :sicut
1021 5066 1274 5135 superius
1301 5067 1561 5125 diximus.
1627 5070 1783 5125 Unde

196 5164 308 5202 non
332 5150 672 5218 simpliciter.
696 5154 792 5209 sed
815 5156 1118 5212 masculum
1159 5160 1473 5228 periectiori
1495 5164 1783 5227 vocabulo,

195 5241 339 5293 sicut
369 5256 572 5298 nomen
603 5244 780 5300 ﬂdelis
826 5247 1218 5316 possidentem,
1247 5252 1403 5306 dixit.
1444 5252 1500 5307 Si
1524 5258 1785 5322 praevari-

195 5337 348 5383 cator
380 5332 627 5396 eﬂ'ectus,
654 5335 756 5390 hoc
777 5338 1100 5393 vocabulum
1151 5350 1312 5411 negat
1362 5342 1669 5414 falsumque
1728 5349 1781 5399 in

166 5430 256 5472 :se
304 5420 423 5475 esse
449 5424 813 5489 demonstrat,
860 5430 1092 5499 adeptus
1134 5432 1279 5485 enim
1338 5433 1432 5487 Dei
1507 5435 1779 5500 militiam,

198 5510 357 5566 idolis
387 5529 445 5567 se
476 5515 716 5582 tradidit,
750 5534 874 5573 eum
923 5521 1206 5577 dormiens
1240 5523 1495 5579 videlicet
1527 5538 1580 5580 et
1604 5527 1777 5580 errori

194 5619 255 5657 se
283 5609 639 5674 permiscens,
662 5613 898 5679 primum
950 5614 1171 5683 quidem
1205 5624 1263 5669 ut
1294 5617 1544 5679 sordens,
1580 5617 1781 5671 deinde

202 5705 259 5747 ut
298 5696 384 5749 cui
429 5697 567 5751 inest
600 5700 756 5769 longe
782 5718 811 5756 ιι
847 5702 956 5755 Deo
993 5706 1207 5771 sedere,
1237 5716 1291 5762 et
1313 5708 1529 5777 degere.
1565 5703 1627 5761 Et
1654 5724 1781 5779 pro~

312 5859 352 5890 ‘9
383 5859 539 5917 Joan.
571 5879 605 5929 ι,
647 5865 724 5919 Η.
824 5868 865 5898 ²¹⁵
896 5869 1001 5926 Tit.
1042 5889 1076 5929 ι.
1116 5876 1196 5929 l5.

1316 5879 1353 5908 ²¹
1397 5877 1584 5932 Matth.
1632 5893 1740 5939 ινι,
1784 5876 1873 5932 26.

1970 4682 2247 4749 Quantum
2273 4700 2460 4757 parcat
2482 4691 2624 4747 Deus
2646 4693 2809 4748 saluti
2832 4707 3054 4757 nostrae.
3070 4714 3137 4754 ex
3162 4702 3484 4773 multisquaa

1898 4774 1952 4829 in
1990 4776 2106 4848 lege
2135 4779 2281 4834 dicta
2308 4790 2440 4836 sunt
2482 4798 2495 4835 :
2539 4786 2881 4843 considerari
2917 4799 2973 4844 et
3002 4791 3134 4846 disci
3173 4803 3376 4863 potest,
3413 4797 3482 4851 de

1894 4866 2096 4936 quibus
2114 4869 2248 4924 nihil
2282 4872 2640 4943 negligentes,
2680 4878 2871 4933 oculos
2919 4882 3121 4937 mentis
3145 4900 3244 4954 per
3266 4887 3480 4957 singula

1894 4960 2262 5016 intendamus.
2282 4962 2421 5028 Quid
2446 4967 2585 5021 enim
2615 4970 2846 5035 prodest,
2874 4971 3027 5027 homo
3057 4977 3102 5028 si
3126 4985 3295 5031 totum
3322 4997 3481 5033 mmi—

1891 5054 2016 5105 dum
2042 5052 2292 5119 lucretur,
2320 5060 2513 5113 attinnt
2531 5069 2707 5113 autem
2736 5079 2845 5117 sum
2874 5065 3245 5123 detrimentum
3279 5073 3482 5139 faciat?

1892 5149 1994 5201 .lut
2047 5166 2205 5215 quam
2270 5152 2415 5205 dabit
2478 5156 2630 5208 hoino
2656 5164 3121 5215 commutationem
3143 5179 3239 5231 pro
3295 5168 3476 5219 anima

1888 5259 1985 5293 sua
2016 5243 2084 5294 “‘t
2107 5241 2243 5306 Quia
2267 5262 2398 5315 ergo
2422 5262 2657 5309 summa,
2685 5249 2799 5304 sive
2838 5253 3137 5321 capitulum
3160 5258 3353 5311 salutis
3382 5275 3478 5314 nos

1892 5345 2037 5395 strar,
2078 5334 2239 5389 Verbi
2264 5338 2508 5392 doctrina
2535 5350 2640 5403 est,
2665 5340 2778 5410 ipsa
2817 5343 2976 5399 nobis
3025 5346 3142 5400 vias
3195 5348 3391 5410 bonas,
3433 5366 3476 5403 St

1891 5427 2029 5480 bona
2062 5426 2225 5481 luerit
2258 5446 2268 5477 :
2302 5431 2343 5482 si
2378 5438 2559 5483 autem
2594 5432 2946 5495 mala,malas
2962 5433 3134 5504 digito
3169 5449 3479 5493 monstrare

1892 5521 2198 5575 consuevit.
2239 5522 2407 5576 Recte
2463 5524 2753 5579 maximam
2799 5527 3135 5596 diligentiam
3202 5531 3479 5602 legislator

1898 5615 2116 5669 exhibet
2142 5633 2201 5669 ιιι
2231 5633 2338 5669 non
2362 5618 2536 5671 solum
2575 5617 2626 5671 in
2656 5621 2837 5674 verbis
2870 5622 3154 5691 turpibus,
3188 5635 3281 5679 aut
3315 5624 3369 5679 in
3397 5626 3478 5679 l'a—

1894 5708 2034 5762 bulis
2056 5706 2295 5762 Judairis
2326 5719 2418 5761 aut
2446 5709 2501 5762 in
2537 5710 2720 5780 aliquo
2747 5711 3066 5767 idololatriae
3097 5714 3477 5783 phantasmate

2234 5805 2245 5843 i
