4218 6450
258 435 362 499 985

1424 410 1501 468 ΙΝ
1536 407 1971 469 LEViTlCUM.
2003 433 2070 442 ·-
2099 407 2245 467 LIB.
2282 407 2344 466 Υ.

3415 395 3518 458 986

255 541 385 593 tiam
404 552 474 591 ex
497 533 699 606 Spiritu
723 537 911 586 sancto
929 529 1249 585 habentem:
1277 540 1340 580 ex
1363 522 1640 592 Spir-ilibus
1661 520 1832 581 enim,
1866 525 1907 578 Α
1938 517 2213 586 quomodo
2244 517 2394 584 jubet
2448 515 2524 567 uti
2569 511 2784 582 quando
2830 507 3198 578 nosmetipsos
3225 504 3518 576 perfeceri-

254 631 307 686 id
352 639 439 684 est
480 627 656 683 ventis
698 625 874 679 nubes
915 622 1239 676 subsistunt.
1277 619 1502 685 Propter
1532 613 1675 683 quod
1715 613 1833 677 eius

255 721 555 776 subtilitate
581 718 742 773 simul
772 726 826 771 et
855 714 1079 770 levitate
1104 709 1424 767 munditiam
1455 706 1625 762 lsaias
1647 712 1834 756 osten-

253 814 386 868 dens
402 811 614 866 dicebat
638 830 651 865 :
677 810 808 864 Ecce
837 807 1094 860 Dominus
1122 803 1355 858 ascendit
1377 817 1532 868 super
1553 797 1737 850 nubem
1757 794 1803 847 le
1821 823 1833 831 -

251 923 382 969 vem,
411 914 457 958 et
493 904 815 974 ingredietur
851 899 1159 968 Egyptum,
1193 905 1240 949 et
1271 891 1726 947 commovebuntur
1762 887 1836 940 si-

257 998 495 1050 mulacra
540 995 845 1066 Egypti”,
877 992 1023 1048 nube
1080 989 1331 1044 similiter
1367 1001 1477 1040 non
1538 986 1834 1052 incongrue

250 1088 621 1158 evangelicum
643 1085 975 1156 appellamus
994 1080 1240 1143 verbum,
1260 1079 1386 1148 quia
1405 1091 1522 1130 mos
1537 1084 1621 1129 est
1635 1073 1832 1127 divinae

256 1180 553 1249 Scripturae
580 1177 752 1231 sancti
784 1174 1020 1244 Spiritus
1057 1169 1382 1232 doctrinam,
1414 1166 1617 1220 nubem
1647 1162 1833 1233 appel-

253 1274 382 1326 lare.
427 1271 584 1327 Unde
633 1278 686 1324 et
738 1268 953 1323 vineam
993 1265 1306 1320 Iudaeorum
1348 1261 1489 1314 sicut
1529 1259 1834 1324 infructuo-

253 1378 390 1426 sam,
419 1361 677 1415 auferens
706 1360 920 1415 dicebat
951 1375 964 1412 :
996 1356 1257 1412 Mandabo
1289 1353 1529 1408 nubibus.
1560 1367 1622 1402 ne
1647 1349 1833 1419 pluunt

253 1471 411 1522 super
439 1470 557 1506 eam
590 1452 808 1505 imbrem
839 1451 904 1503 ".
937 1449 1143 1504 Deinde
1172 1463 1293 1518 quae
1331 1446 1402 1500 sit
1442 1444 1622 1506 vinea,
1663 1455 1832 1510 expo-

254 1560 392 1598 nens
421 1543 605 1598 subdit
641 1560 652 1596 :
690 1542 846 1596 Vinea
874 1541 1012 1595 enim
1038 1538 1292 1602 Sabaoth,
1321 1538 1504 1590 domus
1540 1534 1706 1588 Israel
1734 1541 1830 1597 est,

250 1648 298 1692 et
330 1639 514 1690 domus
558 1636 720 1698 Juda,
757 1634 1016 1688 novellum
1065 1633 1313 1686 delictum
1345 1630 1408 1682 ⁴⁰.
1453 1629 1512 1682 ln
1563 1629 1662 1681 hac
1705 1641 1834 1695 ergo

251 1729 417 1792 nube,
453 1727 598 1781 Deus
642 1736 750 1779 tam
781 1725 836 1778 in
865 1724 1143 1779 Dominica
1176 1737 1360 1786 carne,
1389 1736 1548 1788 quam
1583 1719 1636 1772 in
1667 1733 1834 1771 evan-

251 1820 424 1890 gelica
479 1816 869 1888 praedicatione
925 1817 1254 1879 insinuatur,
1305 1823 1358 1868 et
1407 1811 1544 1866 nihil
1599 1809 1833 1879 amplius

249 1925 560 1980 quaeramus
585 1924 686 1962 nos
711 1907 802 1978 qui
826 1906 1033 1976 aliquid
1059 1907 1125 1961 de
1154 1907 1264 1960 Deo
1290 1904 1521 1959 scrutari
1552 1902 1824 1964 volumus,

249 2001 345 2055 sed
373 2009 637 2069 quantum
661 1999 821 2052 nobis
847 1997 1191 2068 evangelicus
1215 2010 1396 2050 sermo
1419 1994 1602 2056 tradit,
1626 1998 1827 2061 quanta

248 2109 314 2147 ex
346 2092 624 2147 Dominica
650 2105 814 2145 carne
841 2089 1172 2160 percipimus
1202 2109 1214 2142 :
1242 2103 1420 2158 neque
1449 2087 1595 2142 enim
1628 2085 1830 2138 frustra

250 2200 361 2239 uno
391 2183 613 2237 nomine
640 2197 860 2236 carnem
893 2180 1126 2245 Domini,
1151 2188 1208 2233 et
1234 2177 1585 2249 Evangelium
1615 2174 1830 2245 legisla-

253 2286 337 2331 tor
369 2274 714 2345 signiﬁcavit,
746 2274 842 2328 sed
889 2275 1017 2342 quia
1066 2272 1380 2343 Evangelio,
1411 2280 1467 2324 et
1513 2284 1675 2324 carne
1723 2270 1829 2322 Do-

252 2367 474 2430 minica,
502 2365 716 2419 occasio
740 2373 903 2433 atque
926 2363 1282 2418 subsistentia
1311 2373 1416 2416 est.
1443 2359 1826 2414 Verumtamen

247 2468 302 2512 et
334 2458 419 2510 illa
459 2471 606 2510 nunc
634 2455 853 2511 iteratio
882 2455 1188 2518 confirmat,
1225 2453 1350 2522 quia
1380 2468 1490 2505 non
1521 2451 1694 2505 solum
1727 2451 1832 2503 hoc

250 2553 429 2619 ipsum
461 2549 841 2604 diﬁ‘erentibus
869 2547 1184 2602 nominibus
1213 2545 1399 2600 divina
1428 2544 1651 2600 nomina
1685 2542 1831 2596 Scri-

249 2655 410 2713 ptura
451 2649 508 2695 ut
541 2641 860 2712 differentes
895 2638 1245 2708 Operationes
1275 2636 1473 2705 signet,
1515 2635 1608 2688 sed
1643 2635 1695 2687 iu
1728 2649 1829 2686 no-

249 2737 488 2790 minibus
508 2734 872 2788 diﬂerenliam
890 2732 1148 2793 ostendit,
1174 2731 1496 2798 plerumque
1523 2727 1687 2782 etiam
1707 2740 1832 2780 con-

249 2830 472 2883 trariam
502 2847 514 2881 :
548 2843 673 2881 nam
719 2825 1010 2894 aliquando
1052 2825 1274 2893 quidem
1309 2823 1536 2891 sagittas
1559 2819 1745 2881 malas,
1779 2826 1833 2872 et

246 2919 454 2987 igneas,
473 2918 591 2972 illas
609 2933 730 2986 quas
752 2925 879 2971 sunt
895 2913 1482 2984 concupiscentiarum,
1497 2921 1589 2965 aut
1607 2910 1831 2964 alterius

245 3009 505 3077 nequitiie
536 3023 762 3078 organa,
785 3016 838 3062 et
860 3009 1208 3077 operationes
1238 3013 1396 3058 vocat
1419 3004 1527 3074 igni
1557 3003 1830 3056 diabolum

244 3099 575 3161 assimilans,
595 3099 722 3168 quia
737 3098 1037 3166 corrumpit
1050 3111 1146 3152 eos
1160 3097 1252 3166 qui
1267 3096 1314 3149 ei
1330 3112 1388 3150 se
1405 3094 1522 3164 conj
1534 3101 1764 3165 ungunt,
1777 3100 1833 3146 et

1938 625 2060 662 mus
2100 609 2215 662 sive
2258 605 2842 667 consummaverimus,
2881 616 3028 655 nunc
3069 598 3309 658 tradidit,
3345 596 3396 650 id
3437 601 3521 649 est

1939 717 2047 754 non
2081 699 2415 770 ingrediatur
2451 697 2632 750 Aaron
2673 697 2724 750 in
2766 703 2974 754 sancta,
3011 691 3115 745 nisi
3155 691 3273 744 hzrc
3306 687 3515 742 fecerit.

1939 792 2040 846 Hic
2083 791 2344 849 ostendit.
2378 789 2504 858 quia
2540 802 2649 840 non
2694 786 2866 838 solum
2904 798 3012 837 non
3054 777 3387 848 frequenter,
3424 774 3517 835 sed

1937 899 2041 937 nec
2083 882 2308 936 omnino
2355 895 2466 933 non
2510 877 2720 948 ingredi
2764 877 2817 928 in
2867 871 3242 928 sublimiorem
3281 869 3517 922 divinam

1936 975 2458 1042 contemplationem
2488 971 2768 1042 praecepit,
2801 985 2962 1037 quam
2990 977 3045 1020 et
3067 964 3363 1033 appellavit
3393 977 3513 1016 san-

1935 1066 2231 1123 ctuarium.
2262 1073 2447 1132 utpote
2476 1078 2596 1130 qua:
2627 1062 2694 1115 de
2726 1062 2836 1114 Deo
2866 1068 2970 1122 est,
3002 1057 3094 1125 qui
3127 1059 3358 1108 Sanctus
3388 1068 3513 1106 san-

1935 1167 2147 1209 ctorum
2179 1164 2279 1217 cst,
2316 1164 2371 1208 ct
2403 1169 2526 1207 eum
2566 1153 2657 1221 qui
2706 1152 2845 1204 bene
2876 1165 2937 1203 ca
2975 1149 3165 1211 utitur,
3198 1143 3516 1201 sanctiﬁcat.

1937 1251 2031 1304 sed
2080 1249 2171 1317 qui
2219 1249 2406 1316 utique
2444 1248 2626 1299 Aaron
2676 1250 2778 1306 est,
2811 1242 2864 1295 id
2899 1251 3000 1303 est,
3032 1240 3195 1293 altam
3229 1251 3515 1291 conserva-

1937 1345 2140 1396 tionem
2195 1340 2425 1402 habens,
2459 1347 2515 1392 et
2568 1337 2659 1406 qui
2712 1336 2768 1388 in
2817 1341 3029 1388 tantum
3079 1338 3372 1400 provectus
3415 1336 3518 1391 est,

1936 1433 2241 1487 ascendens
2273 1432 2340 1484 ad
2382 1430 2476 1483 Dei
2523 1427 3033 1485 sanctiﬁcationem,
3070 1430 3130 1476 ut
3164 1420 3304 1474 sicut
3334 1417 3516 1471 divina

1937 1541 2061 1578 arca
2105 1521 2440 1592 reslzondere
2475 1520 2666 1590 possit,
2701 1519 2803 1570 hoc
2843 1517 2988 1570 enim
3027 1516 3207 1567 Aaron
3248 1510 3519 1575 interpre-

1940 1628 2100 1680 tatur,
2133 1617 2222 1670 hic
2257 1615 2594 1686 irgrcdiens,
2627 1611 2857 1666 vitulum
2893 1609 3085 1662 ollcret
3131 1620 3229 1674 pro
3272 1608 3518 1672 peccato,

1938 1711 2192 1765 videlicet
2237 1710 2291 1762 in
2341 1707 2610 1762 sacrilicio
2659 1703 2960 1773 ingreditur
2990 1697 3214 1755 Christi.
3251 1695 3352 1761 Qui
3392 1694 3519 1762 quia

1938 1822 2047 1860 non
2079 1804 2254 1858 solum
2300 1817 2399 1871 pro
2440 1799 2678 1869 peccatis
2709 1796 2910 1851 nostris
2944 1793 3254 1848 immolatus
3285 1796 3389 1851 est,
3422 1785 3520 1840 scd

1869 1879 1904 1930 Β
1934 1908 1991 1954 et
2025 1899 2188 1953 vitam
2231 1893 2390 1948 nobis
2422 1898 2642 1962 praestat
2677 1888 2999 1960 perfectam,
3033 1895 3217 1939 tamen
3261 1886 3519 1951 peccato-

1931 2008 2050 2047 rum
2087 1990 2246 2045 nobis
2276 1987 2702 2047 absolutionem,
2728 1997 2891 2051 quam
2932 1980 3194 2033 virtutum
3229 1971 3520 2044 perfectio—

1932 2098 2057 2136 nem
2107 2081 2196 2135 Dei
2246 2076 2576 2133 sacriﬁcium
2609 2072 2906 2141 conquirit,
2942 2080 2998 2123 et
3031 2065 3278 2139 apponit,
3313 2059 3520 2117 addidit

1932 2175 2227 2244 legislatur.

2008 2268 2070 2319 Et
2125 2267 2343 2318 arietem
2398 2265 2450 2315 in
2495 2261 2874 2314 holocaustum.
2923 2254 3064 2310 LXX
3111 2261 3291 2306 autem
3335 2250 3518 2304 edide-

1935 2370 2080 2421 runt.
2115 2361 2176 2412 de
2203 2358 2383 2412 vitulo.
2419 2357 2492 2409 lix
2527 2353 2701 2408 bobus
2733 2351 2839 2404 illis
2865 2346 3245 2417 operatoribus
3271 2342 3517 2413 iustitiae.

1932 2454 2233 2510 secundum
2282 2464 2502 2504 carnem
2554 2446 2734 2500 lactus
2784 2450 2887 2503 est.
2925 2440 3072 2494 verbi
3110 2438 3299 2506 gratia,
3344 2436 3518 2489 Abra-

1932 2549 2078 2611 ham,
2121 2546 2288 2606 Isaac,
2323 2541 2513 2601 Jacob,
2547 2537 2717 2592 David
2752 2555 2766 2596 ;
2799 2550 2924 2588 nam
2963 2533 3132 2586 boves
3177 2532 3282 2594 lex,
3304 2545 3398 2583 eos
3429 2527 3519 2597 qui

1928 2640 2199 2712 justitiam
2240 2645 2522 2706 operatur,
2555 2631 2708 2685 novit
2742 2629 2880 2682 sicut
2915 2625 3073 2680 nobis
3109 2624 3307 2677 Paulus
3352 2621 3520 2674 tradi-

1933 2735 2031 2796 dit,
2069 2731 2200 2785 illud
2246 2730 2616 2797 interpretans
2645 2722 2960 2776 mandatum
3001 2738 3013 2772 :
3051 2718 3167 2771 Non
3195 2715 3439 2784 alligabis
3466 2730 3521 2765 os

1933 2823 2047 2877 bovi
2080 2818 2351 2873 trituranti
2385 2817 2425 2846 δι
2453 2833 2467 2880 ;
2504 2813 2701 2867 deinde
2743 2809 2976 2876 subjecit
3013 2825 3026 2860 :
3060 2806 3312 2875 Nunquid
3338 2805 3399 2856 de
3428 2802 3522 2854 bo-

1934 2917 2027 2970 bus
2053 2931 2179 2968 cura
2213 2921 2290 2965 est
2332 2909 2440 2963 Dea
2473 2907 2553 2958 “?
2594 2922 2662 2959 an
2717 2914 2938 2972 propter
2982 2915 3082 2954 nos
3128 2898 3310 2966 utique
3341 2896 3471 2950 dicit
3505 2912 3518 2947 :

1935 3008 2069 3072 Quia
2102 3006 2248 3060 debet
2291 3004 2347 3055 in
2387 3017 2476 3067 spe
2512 2999 2601 3066 qui
2630 3007 2712 3050 rat
2743 3011 2958 3057 aarare,
2989 3004 3036 3046 et
3075 2992 3164 3063 qui
3197 2990 3435 3051 triturat,
3467 2988 3522 3039 in.

1935 3117 2024 3168 spe
2061 3100 2258 3166 {ructus
2314 3091 2636 3162 percipiendi
2663 3088 2745 3140 ‘3?
2795 3086 2930 3152 Quia
2975 3092 3156 3138 autem
3193 3090 3246 3135 et
3297 3080 3518 3145 vitulus,

247 3193 302 3246 in
331 3207 396 3245 eo
424 3207 482 3246 se
509 3190 913 3259 quodammodo
944 3189 1188 3243 mittunt.
1229 3185 1536 3255 Aliquando
1561 3192 1743 3238 autem
1776 3184 1829 3235 in
1863 3227 1904 3281 Ο
1940 3199 2084 3244 recte
2134 3195 2358 3257 propter
2406 3182 2758 3243 sacriﬁcium,
2792 3188 2845 3233 et
2882 3178 3140 3233 virtutem
3190 3171 3518 3242 appellatur,

243 3284 428 3352 specie
455 3283 614 3352 ignis,
647 3291 756 3336 tam
787 3281 937 3345 alibi,
955 3296 1120 3350 quam
1148 3280 1201 3333 in
1226 3279 1362 3334 rubo
1380 3279 1548 3332 Deum
1571 3276 1832 3336 insinuat.

239 3377 371 3444 quia
406 3376 493 3429 lux
516 3384 598 3429 est
619 3390 807 3429 eorum
831 3375 922 3442 qui
963 3373 1030 3426 ad
1063 3388 1187 3426 eum
1208 3387 1305 3440 per
1335 3370 1543 3439 singula
1570 3367 1836 3422 accedunt

241 3479 511 3538 tempora.
541 3468 798 3535 calorque
845 3466 1031 3519 vitalis
1061 3475 1223 3534 atque
1255 3464 1524 3533 purgatio.
1558 3459 1674 3514 Non
1706 3476 1834 3530 ergo

238 3559 479 3611 astlmes
525 3555 796 3625 superﬂua
832 3553 946 3608 sive
994 3568 1136 3606 nova
1187 3552 1370 3606 induci
1404 3565 1502 3620 per
1533 3550 1832 3618 expositio-

245 3665 392 3712 nem,
434 3648 654 3718 quando
709 3646 916 3700 eisdem
968 3643 1284 3698 nominibus
1335 3643 1392 3696 in
1449 3641 1835 3697 dill‘erentibus

243 3740 416 3792 utitur
468 3737 671 3801 causis,
727 3745 823 3789 aut
871 3735 1092 3789 nomina
1150 3734 1458 3808 diﬂ‘erentia
1517 3734 1572 3789 in
1623 3733 1830 3788 eisdem

241 3831 444 3901 accipit
470 3833 654 3885 rebus.
685 3829 793 3884 Sed
819 3829 952 3883 illud
983 3827 1209 3881 intende
1238 3837 1446 3881 tantum
1474 3827 1517 3880 si
1555 3843 1666 3881 non
1702 3843 1830 3896 pro-

238 3925 383 3994 prie,
434 3933 491 3978 et
539 3922 839 3976 secundum
893 3929 1131 3990 tempus,
1183 3919 1612 3990 signiﬁcationes
1653 3920 1832 3974 nomi-

242 4033 374 4071 num
435 4015 487 4068 in
546 4013 926 4083 adjacentibus
963 4012 1293 4082 expositioni
1345 4013 1510 4066 rebus
1557 4013 1832 4081 interpres

237 4104 476 4173 accepit.
512 4101 620 4157 Sed
646 4103 757 4172 jam
787 4119 909 4172 qua:
941 4111 1245 4171 sequuntur
1271 4101 1574 4157 videamus.
1607 4101 1713 4157 Sed
1754 4103 1832 4158 sic

239 4196 588 4263 ingrediatur
620 4197 801 4250 Aaron
837 4195 1230 4250 sanctuarium.

315 4287 482 4342 Vens.
519 4287 572 4351 '5,
620 4287 675 4340 4.
723 4304 741 4336 ι
783 4286 1025 4340 Vitulum
1079 4285 1273 4340 oll‘eret
1328 4301 1427 4356 pro
1480 4293 1726 4355 peccato,
1777 4293 1832 4339 et

239 4377 472 4430 arietem
512 4377 567 4430 in
604 4377 1006 4431 holocaustum.
1036 4376 1242 4430 Tunica
1279 4376 1420 4430 linea
1458 4376 1742 4440 vestietur,
1777 4384 1832 4428 et

241 4470 597 4524 feminalibus
652 4469 812 4524 lineis
860 4470 1165 4526 verecunda
1225 4470 1445 4523 celabit.
1500 4470 1831 4538 Accingetur

1938 3280 2251 3351 evangelica
2279 3278 2538 3346 explanat
2567 3273 2821 3343 parabola
2846 3272 2912 3331 ³³,
2945 3270 2996 3323 in
3022 3285 3126 3338 qua
3159 3267 3385 3337 prodigo
3412 3263 3522 3316 ﬁlio

1939 3349 2101 3436 pater
2131 3362 2450 3424 revertenti,
2485 3360 2717 3429 primam
2767 3357 2959 3410 stolam
3001 3355 3135 3408 dans
3182 3349 3521 3420 baptismatis

1937 3469 1990 3514 et
2026 3458 2310 3520 annulum,
2354 3454 2406 3508 id
2438 3462 2523 3506 est
2555 3449 2892 3520 signaculum
2926 3446 3170 3516 spiritus,
3203 3442 3431 3496 vitulum
3469 3439 3517 3492 ci

1937 3549 2266 3605 sacriﬁcium
2329 3543 2588 3615 unigeniti
2640 3539 2958 3601 immolavit,
3010 3538 3124 3606 ipse
3180 3543 3235 3588 et
3277 3534 3420 3587 aries
3465 3533 3519 3584 in

1938 3639 2317 3694 holocaustum
2370 3642 2472 3689 est.
2531 3630 2643 3684 lloc
2686 3631 2834 3684 enim
2881 3643 2947 3683 ea
2989 3643 3108 3696 qua:
3149 3633 3234 3678 est
3272 3625 3338 3677 de
3373 3621 3520 3675 Isaac

1938 3735 2163 3791 historia
2197 3731 2531 3803 explanavit,
2555 3727 2775 3797 quando
2809 3740 2910 3796 pro
2953 3723 3178 3777 arietem
3216 3718 3518 3775 secundum

1936 3827 2098 3890 LXX,
2141 3828 2197 3878 in
2228 3823 2457 3893 virgulto
2502 3819 2719 3882 Sabech,
2754 3818 2806 3871 id
2845 3826 2928 3870 est
2969 3816 3022 3869 in
3057 3812 3292 3884 virgulto
3320 3809 3517 3872 venim,

1935 3933 2033 3987 per
2062 3915 2208 3984 quod
2239 3913 2488 3968 absolute
2518 3924 2738 3965 crucem
2777 3904 3157 3974 intelligimus,
3196 3903 3249 3955 in
3281 3919 3385 3971 qua
3417 3915 3518 3952 no-

1935 4018 2175 4064 strorum
2210 4016 2559 4076 peccatorum
2594 4008 2810 4071 peracta
2845 4008 2928 4051 est
2956 3996 3137 4060 venia,
3164 4011 3227 4048 ex
3259 3993 3520 4047 cornibus

1934 4103 2248 4170 colligatum
2294 4098 2488 4153 videns
2520 4095 2792 4150 Abraham
2829 4090 3131 4145 immolavit
3162 4103 3310 4151 eum,
3341 4095 3396 4138 et
3431 4100 3518 4137 sa-

1934 4193 2123 4249 criﬁcii
2151 4192 2356 4245 Christi
2399 4187 2694 4257 complevit
2742 4186 3054 4255 imaginem.
3088 4181 3243 4236 Unde
3274 4189 3328 4232 et
3357 4179 3424 4231 de
3454 4192 3521 4230 eo

1938 4286 2197 4342 Dominus
2233 4284 2495 4338 dicebat:
2536 4279 2805 4332 Abraham
2859 4276 3164 4338 exsultavit,
3218 4281 3273 4325 ut
3325 4271 3521 4323 videret

1933 4379 2069 4432 diem
2094 4392 2289 4439 meum,
2315 4382 2364 4427 et
2383 4372 2532 4434 vidit,
2563 4379 2608 4423 et
2640 4369 2850 4438 gavisus
2876 4376 2951 4420 est
2974 4365 3039 4419 ⁸⁵.
3070 4364 3207 4429 Quia
3223 4376 3352 4430 ergo
3381 4359 3522 4413 aries

1933 4458 1999 4524 ex
2035 4483 2231 4538 genere
2261 4468 2442 4520 ovium
2493 4473 2595 4527 est,
2635 4470 3010 4515 verumtamen
3059 4467 3144 4511 est
3188 4456 3517 4526 praecipuus,

239 4576 382 4616 zona
425 4562 590 4627 linea,
627 4561 863 4631 cydarim
921 4561 1119 4614 lineam
1172 4561 1418 4629 imponet
1469 4560 1653 4628 capiti.
1701 4559 1827 4613 llznc
1864 4561 1984 4619 Det
2033 4561 2212 4631 gregis
2262 4558 2393 4619 dux,
2430 4566 2576 4610 recte
2625 4554 2896 4625 signiﬁcat
2942 4551 3248 4612 Christum,
3288 4547 3378 4616 qui
3435 4551 3520 4598 cst

234 4653 393 4707 enim
425 4655 750 4708 vestimenta
786 4661 914 4708 sunt
953 4661 1160 4719 sancta,
1200 4653 1400 4722 quibus
1433 4653 1666 4718 cunctis,
1699 4670 1823 4709 cum

233 4745 392 4799 lotus
423 4744 606 4808 fuerit,
642 4745 916 4799 induetur.
946 4764 964 4796 ι

321 4837 638 4892 Admirabili
687 4839 880 4892 ordine
926 4839 1090 4892 etiam
1146 4855 1292 4892 nunc
1343 4837 1618 4907 legislator
1653 4820 1729 4892 ad
1762 4857 1826 4893 cn

233 4929 586 4999 qumjuvare
625 4937 875 4996 possunt.
911 4937 966 4981 et
1004 4929 1154 4981 utilia
1208 4944 1330 4981 esse
1386 4929 1691 4998 legentibus
1746 4931 1827 4983 le-

217 5036 391 5091 gem,
418 5026 474 5073 ct
521 5019 612 5087 qui
646 5019 962 5076 thesaurum
1016 5020 1353 5074 rec:-nditum
1386 5021 1440 5072 in
1476 5036 1538 5073 ea
1571 5037 1827 5090 perscru-

231 5121 455 5176 tantur,
485 5112 674 5166 utitur.
712 5113 848 5166 Cum
877 5112 1022 5165 enim
1054 5112 1280 5166 dixisset
1322 5128 1430 5166 non
1474 5113 1640 5167 licere
1678 5115 1826 5166 omni

233 5208 408 5263 hora,
434 5203 484 5256 id
511 5215 594 5256 est
615 5220 722 5257 non
754 5205 1033 5268 continue,
1061 5205 1110 5257 id
1136 5214 1238 5268 est,
1274 5206 1392 5258 sine
1421 5206 1828 5259 intermissione

233 5295 460 5364 ingredi
499 5296 553 5350 in
583 5295 780 5349 Samia
825 5310 1160 5361 sanctorum,
1199 5313 1267 5350 ne
1314 5298 1452 5352 forte
1496 5300 1616 5351 sine
1659 5307 1828 5360 metu,

225 5401 300 5445 et
333 5387 822 5455 circumspectione
861 5388 927 5441 ad
964 5405 1027 5442 ea
1059 5404 1179 5456 qum
1215 5389 1394 5442 divina
1440 5399 1588 5450 sunt,
1625 5406 1831 5458 prz‘esu-

228 5496 464 5540 mantus
506 5488 600 5533 aut
646 5480 987 5545 accedamus,
1022 5495 1090 5535 ne
1131 5483 1393 5552 maiorem
1441 5483 1833 5552 perscrutatio-

228 5589 375 5633 uezn
419 5572 643 5626 omnino
687 5574 984 5640 prohibuit,
1030 5577 1122 5628 sed
1174 5575 1394 5644 «plaudo
1439 5591 1537 5627 nos
1586 5576 1705 5638 hac,
1742 5583 1833 5626 aut

362 5783 402 5812 ³³
428 5780 530 5840 lsa.
567 5794 674 5832 χιχ,
719 5779 761 5828 Ι.
877 5780 917 5809 ³³
945 5779 1045 5830 lsa.
1073 5778 1191 5830 v.6.
1309 5781 1349 5808 *θ
1376 5778 1504 5832 i'nid.
1536 5781 1584 5832 7.

226 5856 287 5885 ιε
330 5851 486 5908 Joan.
530 5865 641 5909 vin,
669 5848 964 5901 Iib’.“Luc.
1007 5866 1055 5914 λ,
1094 5850 1178 5900 ‘22.

1664 5779 1700 5807 "‘
1743 5779 1755 5830 l
1791 5779 1913 5832 (lor.
1953 5794 2024 5838 Ix,
2060 5779 2110 5832 0.

1933 4673 1998 4712 ex
2031 4672 2209 4711 massa
2253 4665 2460 4716 nostra,
2489 4654 2582 4708 sed
2627 4653 2954 4720 praecipuus,
2992 4656 3047 4702 et
3087 4645 3366 4700 excellens
3399 4657 3519 4705 nos,

1934 4758 1990 4802 et
2017 4749 2126 4801 dux
2153 4746 2368 4816 generis
2406 4744 2629 4798 humani
2659 4752 2819 4812 atque
2849 4756 2939 4794 rex
2969 4746 3074 4792 est.
3108 4738 3168 4791 In
3201 4738 3324 4799 hoc,
3355 4735 3406 4787 id
3439 4742 3521 4785 est

1937 4842 1992 4894 in
2017 4839 2256 4900 Christo,
2281 4837 2396 4890 vult
2421 4852 2522 4890 nos
2545 4835 2754 4906 ingredi
2784 4834 2837 4886 in
2866 4839 3054 4886 sancta
3086 4847 3098 4882 :
3127 4827 3342 4881 initium
3371 4825 3518 4877 enim

1936 4935 2002 4988 de.
2033 4935 2142 4986 Deo
2169 4930 2448 5000 loquendi,
2473 4928 2724 4982 Christus
2762 4935 2866 4988 est,
2909 4934 2964 4977 et
3001 4923 3122 4990 ejus
3152 4919 3355 4988 passio.
3388 4916 3518 4980 Quze

1939 5026 1981 5078 si
2017 5039 2122 5076 non
2151 5031 2310 5075 aucta
2336 5019 2524 5073 luisset
2554 5028 2609 5070 et
2649 5028 2756 5071 tam
2797 5027 3135 5085 paganorum
3176 5025 3275 5062 nos
3309 5020 3518 5066 errore,

1939 5132 2099 5184 quam
2143 5115 2212 5168 ab
2253 5114 2442 5167 umbra
2473 5110 2606 5180 legis
2631 5119 2685 5164 et
2713 5107 2946 5177 caligine
2974 5105 3283 5164 liberasset,
3315 5115 3418 5152 nos
3455 5099 3519 5151 dc

1942 5208 2116 5262 l’atris
2145 5206 2432 5260 divinitate
2466 5203 2612 5270 loqui
2658 5199 2881 5255 minime
2917 5196 3322 5267 potuissemus:
3356 5193 3520 5244 Neirio

1938 5301 2073 5350 enim
2110 5297 2205 5349 scit
2252 5295 2483 5356 Patrem,
2516 5294 2613 5346 nisi
2655 5292 2840 5353 Filius,
2873 5300 2921 5342 et
2965 5289 3050 5341 cui
3092 5286 3310 5340 voluerit
3351 5282 3520 5334 Filius

1941 5390 2174 5442 revelare
2198 5387 2265 5440 “.
2310 5387 2416 5439 Sed
2451 5387 2575 5452 quia
2610 5385 2712 5445 his,
2743 5382 2835 5450 qui
2866 5381 2935 5435 de
2965 5379 3075 5433 Deo
3103 5382 3385 5431 locuturus
3415 5385 3519 5434 est.

1940 5492 1995 5536 et
2035 5481 2231 5534 intueri
2270 5481 2462 5542 Deum,
2493 5481 2546 5532 in
2582 5487 2847 5547 quantum
2891 5474 3147 5543 possibile
3177 5481 3262 5525 est
3292 5471 3518 5523 homini-

1942 5575 2062 5633 bus,
2099 5572 2232 5635 vult,
2266 5587 2491 5625 necesse
2520 5579 2603 5622 est
2635 5576 2692 5621 ut
2724 5568 2978 5623 erunibus
3015 5565 3306 5618 virtutibus
3343 5575 3519 5614 arme~

2194 5775 2390 5830 “ibid.
2474 5775 2514 5804 η
2550 5773 2681 5828 ibid.
2744 5771 2822 5824 ιο.
2905 5765 3312 5827 “Luem,”
3367 5775 3514 5829 seqq.
