4218 6450
727 404 825 462 illi?

727 608 872 650 totes
894 600 1039 651 enim
1062 608 1297 665 quatuor
1318 596 1598 665 generales
1625 606 1771 651 sunt.
1797 594 2029 659 iustitia.
2057 592 2295 651 castitas,

728 690 1006 753 tortitudo,
1042 689 1337 757 sapientia;
1368 698 1652 756 propterea
1689 686 1863 752 inquit
1890 702 1900 734 :

798 784 989 835 Tunica
1038 784 1175 835 linea
1217 784 1479 833 induetur.
1534 780 1588 832 Id
1631 791 1712 833 est
1754 778 2121 845 justitia,b;cc
2153 777 2297 829 enim

725 890 944 942 proprie
995 877 1378 928 vestimentum
1429 875 1666 925 hominis
1706 884 1817 933 est,
1868 875 2082 927 tunica,
2135 886 2297 937 quam

724 968 862 1020 LXX
895 969 1277 1035 sanctiﬁcatum
1322 968 1510 1025 edunt.
1542 965 1667 1032 quia
1711 962 2081 1016 sanctificatur
2125 978 2152 1013 a
2188 961 2299 1013 Deo

725 1063 813 1127 qui
834 1060 1102 1125 justitiam
1134 1059 1328 1126 diligit,
1362 1067 1415 1109 et
1442 1056 1810 1125 principaliter
1836 1070 1898 1107 ea
1940 1054 2161 1107 indutus
2191 1064 2295 1105 est.

725 1150 878 1202 Unde
908 1151 975 1203 de
1014 1166 1081 1204 eo
1116 1150 1252 1203 dixit
1294 1148 1459 1201 David
1482 1166 1505 1199 τ
1541 1148 1721 1201 Justus
1756 1147 2027 1219 Dominus.
2061 1158 2109 1199 et
2135 1148 2297 1213 justi-

728 1244 823 1291 ’ias
858 1240 1040 1292 dilexit
1086 1242 1151 1291 ".
1202 1240 1301 1292 Per
1348 1239 1622 1293 feminalia
1674 1241 1894 1293 castitas
1941 1238 2293 1307 significatur,

720 1335 863 1385 quod
906 1333 1255 1385 manifestum
1303 1345 1387 1387 est
1433 1351 1496 1387 ex
1543 1350 1608 1385 eo
1649 1334 1794 1401 quod
1830 1349 1939 1386 non
1972 1335 2296 1401 permittunt

728 1432 889 1483 ιιάρτσ
922 1435 1105 1484 carnis
1144 1442 1343 1485 nostra!
1375 1434 1773 1486 inlionestiora.
1811 1433 1947 1497 Quia
1983 1450 2113 1503 ergo
2150 1445 2296 1488 totus

721 1540 966 1582 ὀι-νοτες
1019 1526 1183 1577 ἀει-οι·
1235 1526 1455 1578 castitas
1506 1536 1611 1589 est,
1661 1527 1969 1579 necessarie
2020 1528 2295 1595 legislator

795 1708 1147 1760 l'emiiialibus
1181 1708 1332 1761 lineis
1364 1712 1650 1762 verecunda
1683 1712 1892 1764 celabit.
1938 1713 2096 1781 Atqui
2131 1732 2295 1782 super

718 1798 947 1857 femora,
985 1810 1042 1853 et
1086 1800 1229 1854 circa
1274 1803 1452 1854 iit-ina
1500 1804 1579 1855 eis
1632 1806 1897 1867 membra,
1939 1808 2114 1860 Solum
2164 1820 2287 1861 sunt

1914 387 2269 447 ilESYCllli
2332 385 2801 444 PitEbﬂlTiﬂiL

726 514 831 559 lar.
860 512 1093 561 Attende
1110 522 1165 560 et
1190 522 1276 560 not
1318 506 1774 573 quemadmodum
1808 502 2159 570 approbaiit;
2194 500 2274 549 vir
2338 504 2378 554 Δ
2412 498 2789 551 holocaustum
2818 539 2827 553 .
2900 500 3156 551 intutum
3237 502 3479 554 νεότητα

3894 392 4003 451 988

3562 502 3965 565 perfectionem
3995 518 4003 557 ζ

2414 596 2589 659 ipsum
2621 593 2767 644 enim
2802 592 2978 644 virum
3010 591 3334 659 perfectum,
3378 602 3433 644 et
3472 608 3789 644 mensuram
3825 594 4007 645 anatis

2409 683 2721 749 appellavit.
2760 682 3039 750 suscipere
3079 697 3198 743 nus,
3233 695 3286 735 et
3330 685 3477 734 indui
3526 683 3731 741 volens,
3772 694 4008 750 propter

2408 778 2551 843 quod
2586 787 2637 828 et
2666 776 3009 843 baptismatis
3050 776 3279 845 gratiam
3330 778 3631 828 intro-luxit
3669 795 3680 827 :
3721 778 3853 843 quia
3906 793 4006 843 per

2408 867 2579 934 ipsam
2619 868 2855 920 maxime
2888 868 3167 920 Christum
3200 869 3482 921 induimur
3536 869 3767 932 Quando
3814 880 4003 919 atllrm

2408 962 2523 1014 [nec
2565 962 2745 1029 adepti
2790 962 3076 1025 fuerimus,
3111 964 3165 1015 in
3208 963 3407 1015 Sancta
3452 973 3765 1014 sint-torum
3816 964 4004 1029 ingrc-

2408 1053 2639 1111 diemur,
2689 1069 2798 1106 non
2851 1055 3214 1107 substantiam
3266 1066 3673 1122 perscrutantes
3731 1056 3859 1106 Dei.
3920 1057 4003 1110 iet

2406 1143 2785 1205 discutientcs,
2821 1145 2919 1197 hoc
2953 1144 3099 1196 enim
3142 1146 3484 1213 prohibitum
3531 1155 3633 1200 est.
3671 1146 3767 1197 sed
3816 1146 3889 1196 ad
3936 1162 4003 1195 ea

2406 1251 2525 1302 qua:
2576 1244 2703 1287 sunt
2754 1236 2822 1289 dc
2878 1237 3287 1303 dispensatione
3340 1237 3545 1291 Christi
3611 1240 4002 1305 sacriﬁcioque

2405 1329 2524 1394 ejus
2555 1344 2654 1395 pro
2685 1330 2863 1389 nobis,
2903 1342 2954 1381 et
2991 1334 3151 1383 bonis
3191 1347 3311 1399 qua-
3355 1347 3453 1397 per
3494 1348 3559 1383 ea
3608 1334 3873 1387 fruimur.
3914 1349 3999 1383 sa-

2404 1424 2622 1490 pientia:
2652 1426 2998 1493 dogmatibus
3029 1428 3267 1479 studium
3297 1427 3493 1479 dantes
3524 1446 3536 1476 :
3568 1428 3671 1479 hoc
3700 1428 3856 1477 enim
3889 1444 3975 1477 nia

2404 1518 2662 1570 mlestum
2704 1518 2911 1572 faciunt
2942 1520 3177 1572 maxime
3208 1536 3331 1587 qua
3355 1532 3660 1588 sequuntur
3689 1538 3705 1573 :

2478 1609 2637 1665 Vens.
2674 1613 2722 1665 5.
2757 1614 2810 1662 li.
2854 1633 2871 1661 ε
2911 1614 3179 1680 Siisi-ipiet
3228 1613 3297 1666 ab
3336 1616 3591 1667 uniuersa
3636 1614 3997 1667 multitudine

2405 1703 2635 1757 filiorum
2681 1706 2840 1757 Israel
2890 1708 3028 1758 duos
3070 1709 3250 1759 hircos
3298 1721 3397 1774 pro
3444 1721 3689 1773 peccaui,
3726 1717 3785 1758 et
3823 1722 3995 1757 unum

2401 1798 2626 1850 arietem
2658 1799 2711 1850 iu
2740 1799 3137 1852 holocaustum.
3165 1800 3413 1866 Cumque
3440 1801 3702 1853 obtuierit
3734 1801 3995 1851 vitulum.

719 1889 1019 1943 femiualia.
1060 1894 1165 1946 Sed
1206 1894 1495 1947 ostendi-re
1528 1897 1659 1955 vult,
1696 1897 1821 1964 quia
1854 1896 2168 1952 feniinalem
2205 1901 2295 1953 bie
2328 1868 2344 1918 Ι

2397 1897 2453 1939 et
2483 1891 2721 1942 oraverit
2745 1906 2844 1957 pro
2870 1905 2930 1944 se
2955 1904 3011 1945 et
3036 1908 3136 1959 pro
3164 1900 3327 1946 domo
3351 1909 3470 1946 sua.
3506 1915 3523 1943 ›

721 1996 1045 2041 εελςιιωιμηι.
1094 1996 1266 2039 totum
1311 2002 1513 2055 corpus
1558 1989 1954 2042 custodientem
1987 1992 2170 2044 carnis
2200 2009 2297 2045 no—

719 2085 843 2127 stra:
894 2077 1091 2143 signat.
1151 2075 1252 2129 Per
1302 2093 1528 2136 zonam.
1588 2079 1962 2132 fortitudinem
2021 2082 2291 2147 intelligit,

717 2168 864 2220 unde
901 2166 1043 2219 Deus
1069 2169 1173 2220 Job
1220 2169 1509 2220 sublevans
1551 2172 1892 2235 passionibus
1932 2188 1993 2224 ac
2038 2175 2293 2241 periculis

716 2276 1038 2327 oppressum
1084 2260 1295 2313 dicebat
1333 2280 1343 2311 :
1380 2262 1602 2330 Accinge
1640 2274 1694 2313 at
1736 2267 1815 2316 i'ir
1844 2265 2044 2318 lumbos
2079 2278 2193 2319 tuos
2226 2268 2290 2322 ⁸⁸.

714 2349 821 2402 Per
856 2351 1121 2420 cydarim,
1156 2352 1281 2419 quia
1333 2353 1712 2407 indumentum
1760 2357 1953 2424 capitis
1986 2368 2090 2415 est.
2132 2360 2293 2411 intel-

715 2442 898 2509 ligitur
930 2444 1109 2496 modis
1134 2446 1390 2496 omnibus
1423 2446 1685 2513 sapientia
1721 2465 1733 2498 :
1766 2449 1893 2515 quia
1924 2454 2068 2502 enim
2103 2452 2156 2503 in
2200 2468 2293 2504 ca-

714 2536 825 2601 pite
860 2536 1144 2603 sapientiae
1179 2547 1262 2589 est
1305 2553 1589 2605 organum,
1624 2555 1731 2593 non
1782 2542 2112 2611 ignoramus,
2148 2547 2292 2613 quod

716 2638 771 2679 et
816 2631 1105 2681 cerebrum
1148 2630 1365 2692 dicitur,
1406 2642 1459 2681 et
1513 2633 1659 2684 unde
1702 2642 1763 2701 et_
1806 2645 1965 2701 caput
2015 2636 2160 2687 omni
2210 2648 2293 2689 est

714 2720 1091 2772 honorabilius
1149 2723 1383 2789 corpori.
1449 2723 1555 2775 Sed
1619 2720 1762 2777 lizcc‘
1793 2726 1935 2779 linea
1999 2738 2288 2796 propterea

716 2824 837 2859 esse
883 2812 1160 2878 pia-cepit.
1192 2822 1251 2863 ut
1293 2813 1608 2865 ostenderet
1640 2816 1907 2887 virtutum
1953 2818 2289 2879 facilitatem,

716 2911 765 2949 et
818 2902 1048 2952 celerem
1100 2904 1581 2970 conquisitionem,
1618 2889 1703 2958 vel
1760 2909 2017 2966 habilem.
2056 2922 2291 2980 gratam-

716 3007 820 3051 que
868 2995 1188 3059 adipisceuti
1240 3010 1385 3055 esse,
1420 2998 1562 3049 sicut
1608 3008 1662 3049 et
1707 3016 1772 3052 ea
1813 3016 1933 3069 qua:
1976 3003 2118 3056 iiuea
2162 3016 2292 3058 sunt

717 3099 952 3149 corpori.
992 3101 1157 3153 super
1187 3089 1330 3153 quod
1366 3098 1511 3142 sunt.

2471 1977 2636 2032 Multa
2682 1979 2769 2031 hic
2818 1982 3070 2035 intentio.
3118 1981 3354 2034 dicentis
3394 1984 3577 2037 sintut.
3614 1993 3667 2034 et
3712 1982 3996 2034 audientis

2397 2084 2477 2126 est
2513 2074 2842 2127 necessaria.
2879 2083 2936 2125 ut
2967 2090 3072 2127 non
3109 2076 3366 2128 recedant
3396 2077 3466 2128 ab
3500 2091 3567 2127 eo
3592 2078 3741 2144 quod
3777 2086 3991 2128 rectum

2396 2172 2500 2217 est.
2532 2163 2659 2230 quia
2702 2166 2933 2217 maxima
2966 2174 3093 2217 sunt
3126 2168 3402 2235 mysteria.
3446 2182 3508 2218 ea
3543 2183 3666 2232 qua:
3701 2183 3855 2219 nunc
3899 2183 3994 2219 ei-

2397 2253 2549 2321 ponit
2581 2255 2689 2313 lex.
2727 2266 2780 2308 et
2822 2256 3041 2322 quidam
3084 2260 3135 2309 in
3180 2258 3314 2324 ipsis
3350 2256 3641 2310 offendunt
3670 2259 3995 2326 ignorantes

2399 2347 2590 2399 borum
2647 2346 2905 2400 virtutem
2955 2348 3247 2402 dictorum.
3304 2350 3410 2401 Sed
3470 2349 3587 2403 ba‘c
3639 2349 3894 2417 quidem,
3942 2350 3991 2400 in

2394 2441 2594 2504 quibus
2641 2442 2949 2498 oﬂcndunt.
2988 2444 3247 2496 subtilius
3288 2447 3342 2495 in
3383 2444 3857 2511 subsequentibus
3908 2443 3994 2495 di-

2396 2545 2609 2586 centur.
2645 2534 2784 2600 Quia
2815 2548 2997 2589 autem
3028 2540 3095 2590 ad
3129 2552 3307 2605 ipsum
3337 2537 3618 2591 Christum
3647 2552 3713 2589 ea
3755 2536 3829 2589 de
3868 2536 3993 2603 qui-

2396 2628 2494 2679 bus
2548 2628 2762 2681 locutus
2811 2640 2895 2681 est
2947 2630 3245 2699 legislator.
3283 2631 3337 2682 in
3392 2632 3650 2697 praiseuti
3703 2630 3995 2682 evidenter

2397 2722 2706 2772 referuntur
2754 2740 2766 2771 :
2818 2721 3169 2774 manifestam
3223 2722 3436 2789 species
3481 2720 3903 2776 sacrificiorum.
3938 2732 3990 2770 et

2394 2810 2642 2871 edi-etus,
2673 2813 2767 2863 sed
2804 2824 2857 2864 et
2894 2815 2945 2864 In
2991 2828 3019 2863 a
3065 2814 3266 2870 quibus
3303 2812 3570 2864 sacrificia
3615 2811 3991 2876 accipiuntur.

2397 2905 2433 2954 Α
2463 2919 2727 2971 synagoga
2756 2906 2923 2960 enim.
2963 2908 3038 2957 sel
3074 2908 3327 2958 universa
3359 2903 3713 2957 multitudine
3746 2902 3988 2954 lilionini

2393 2997 2556 3051 Israel
2599 2999 2767 3066 accipi
2815 3001 3080 3053 sacriticn
3115 3000 3412 3068 pracepit:
3445 3000 3571 3065 quia
3598 2998 3864 3050 Christus
3890 2994 3987 3062 qui

2302 3128 2313 3137 .
2395 3105 2494 3155 pro
2535 3092 2694 3144 nobis
2724 3092 3038 3144 immolatus
3075 3102 3178 3149 est.
3210 3107 3276 3145 ex
3310 3092 3436 3145 filiis
3478 3092 3643 3144 Israel
3678 3089 3988 3142 secundum

794 3176 900 3227 Mn
954 3179 1006 3228 in
1056 3181 1182 3244 ipsis
1232 3183 1439 3234 ηισεηια
1494 3185 1672 3252 eﬁ'ecta
1717 3189 1889 3253 fuerit.
1944 3189 2079 3253 Quia
2128 3193 2290 3245 etiam
2317 3202 2360 3254 ο
2399 3202 2618 3239 carnem
2647 3187 2767 3241 fuit.
2796 3189 2865 3239 ita
2889 3195 2949 3241 ut
2979 3185 3181 3240 Paulus
3208 3188 3417 3241 diceret
3450 3203 3466 3238 :
3498 3189 3581 3239 Ea:
3609 3184 3801 3255 quibus
3831 3183 3989 3235 Chri—

736 3289 836 3324 :um
871 3275 1133 3329 sublunes
1164 3280 1291 3339 sint,
1328 3285 1687 3375 conversatio“
1714 3299 1906 3337 eorum
1954 3295 2131 3354 potest
2170 3302 2290 3340 esse

719 3380 770 3415 ill
825 3379 985 3418 terris
1051 3366 1293 3431 Quorum
1350 3372 1558 3441 singula
1616 3366 1687 3427 in“
1720 3376 1888 3429 linum
1938 3381 2285 3445 proveniunt.

720 3462 857 3521 quod
895 3457 1063 3509 altuni
1094 3463 1313 3527 quidem
1347 3465 1614 3518 calamum
1650 3467 1831 3521 habet.
1868 3471 1963 3521 sed
2004 3470 2232 3523 multum
2263 3487 2290 3521 .1

717 3562 860 3599 terra
895 3552 1156 3607 asCendit.
1191 3553 1455 3621 facileque
1489 3560 1735 3626 conquiri
1790 3571 1965 3628 potest
2019 3579 2047 3615 a
2092 3572 2345 3633 paupe-‘t

718 3638 885 3690 ribus.
933 3651 987 3689 et
1034 3658 1081 3692 ei
1128 3643 1219 3708 qui
1269 3645 1369 3697 hoc
1419 3646 1694 3707 induetur,
1724 3661 2005 3717 acceptum
2052 3664 2293 3721 gratum-

716 3745 819 3795 que
865 3740 967 3789 est,
1011 3734 1150 3786 sicut
1207 3751 1368 3804 supra
1422 3738 1678 3793 diximus.
1731 3740 2074 3797 Estuantem
2128 3747 2291 3799 etiam

716 3816 1016 3887 refrigerat.
1056 3823 1149 3874 sed
1200 3836 1253 3876 et
1303 3826 1355 3876 in
1405 3827 1527 3896 gelu
1575 3827 1742 3889 fovet,
1772 3834 1915 3898 quod
1956 3844 2039 3886 est
2077 3834 2294 3888 virtutis

717 3923 1025 3977 proprium,
1060 3928 1179 3983 quae
1225 3915 1509 3987 refrigerat
1550 3920 1772 3988 quidem
1817 3923 1873 3976 in
1912 3935 2047 3978 :estu
2086 3940 2292 3981 concu-

716 4001 1137 4069 piscentiarnin,
1176 4006 1227 4058 in
1277 4008 1475 4078 frigore
1524 4020 1704 4065 autem
1750 4016 2111 4069 tentationum
2147 4017 2294 4071 cale—

716 4092 865 4151 facit.
898 4105 1061 4165 atque
1094 4099 1159 4152 ad
1196 4101 1372 4154 zelum
1421 4101 1665 4175 [ccelum]
1699 4107 1879 4176 erigit,
1914 4120 1970 4162 et
2014 4124 2124 4163 non
2167 4126 2293 4179 per-

716 4186 884 4239 mittit
930 4190 1119 4241 seiitiri
1162 4202 1558 4257 persecutores.
1595 4194 1702 4250 Sed
1752 4208 1811 4251 ut
1858 4214 1966 4254 non
2005 4202 2167 4255 etiam
2204 4218 2292 4255 sa-

715 4273 842 4327 lutis
897 4277 1091 4345 perdas
1140 4280 1462 4347 capitulum,
1506 4285 1652 4351 quod
1709 4296 1794 4340 est
1846 4288 2139 4355 baptisma.
2188 4305 2294 4345 nec

715 4368 951 4421 testiines
1000 4370 1096 4422 tibi
1150 4372 1397 4427 sullicere
1440 4375 1709 4441 virtutes,
1750 4378 1867 4432 sine
1915 4380 2061 4433 dono
2116 4383 2293 4451 bapti-

715 4460 923 4515 smatis.
960 4462 1168 4516 addidit
1206 4483 1219 4515 :

2395 3286 2501 3326 stas
2539 3284 2823 3329 secundum
2875 3294 3110 3341 caruerit,
3140 3278 3230 3343 qui
3274 3289 3350 3331 est
3409 3275 3545 3330 Deus
3588 3277 3894 3329 benedictus
3932 3276 3987 3324 in

2397 3358 2603 3423 saeu’la.
2658 3374 2810 3422 tmen
2861 3372 2905 3400 δ’
2978 3370 3108 3424 Dein
3165 3370 3556 3439 sacriﬁciorum
3605 3370 3709 3421 alia
3761 3370 3988 3437 quidem

2397 3480 2492 3529 pro
2550 3464 2787 3519 peccatis
2838 3484 2843 3511 :
2898 3463 2999 3514 alia
3061 3474 3242 3515 autem
3301 3464 3354 3515 in
3404 3462 3785 3515 holocaustum
3832 3462 3989 3527 jubet

2395 3553 2599 3608 offerri,
2641 3552 2892 3622 ﬁgurans.
2939 3556 3078 3605 sicut
3120 3553 3427 3617 oportebat.
3463 3552 3666 3605 Christi
3712 3553 3988 3604 sacriﬁcio

2396 3646 2669 3696 virtutem.
2717 3659 2807 3710 qui
2865 3659 2964 3709 pro
3010 3645 3216 3696 nostris
3270 3643 3511 3705 peccatis
3553 3642 3825 3700 oﬂertur;
3863 3645 3986 3694 audi

2397 3753 2522 3805 ergo
2563 3738 2788 3790 Paulum
2834 3737 3109 3790 dicentem
3144 3758 3153 3785 :
3188 3736 3426 3791 Christus
3464 3737 3624 3788 semel
3669 3736 3889 3787 oblatus
3921 3740 3990 3785 ad

2396 3828 2681 3877 multorum
2718 3829 3078 3879 exhauriendo
3124 3836 3362 3893 peccata.
3398 3828 3675 3878 notissime
3712 3828 3834 3878 sine
3874 3844 3987 3892 pec-

2395 3929 2515 3970 rato
2542 3919 2817 3986 apparebit
2856 3921 3275 3987 exspectantibus
3304 3936 3359 3972 se
3392 3921 3457 3972 ⁵⁸.
3509 3920 3646 3986 Quia
3679 3931 3873 3973 autem
3925 3923 3985 3970 ad

2396 4012 2770 4065 holocaustum
2818 4019 2874 4063 et
2924 4012 2987 4064 ad
3044 4010 3440 4077 perfectionem
3489 4012 3769 4068 videlicet.
3816 4024 3875 4065 et
3924 4016 3985 4063 ad

2394 4102 2696 4170 profectum
2739 4104 2888 4165 vitae,
2924 4111 3087 4172 atque
3130 4104 3393 4158 virtutum
3444 4102 3719 4172 Unigeniti
3770 4105 3985 4155 sacriﬁ-

2394 4194 2538 4245 cium
2590 4192 2792 4246 factuni
2851 4203 2957 4258 est,
3001 4194 3274 4262 quomodo
3321 4194 3575 4249 dubitare
3620 4195 3751 4248 licet
3797 4204 3985 4262 aperti:

2360 4284 2562 4342 ,l‘aulo
2589 4285 2806 4339 dicente
2844 4305 2856 4339 :
2893 4286 3033 4356 Ergo
3067 4289 3279 4357 fratres,
3314 4298 3360 4340 et
3393 4305 3481 4341 vos
3511 4288 3824 4355 mortiﬁcati
3866 4292 3985 4341 estis

2395 4378 2514 4447 legi,
2545 4395 2637 4446 per
2665 4395 2851 4447 corpus
2883 4377 3095 4433 Christi.
3124 4390 3179 4431 ut
3220 4382 3337 4433 sitis
3372 4380 3589 4432 alterius
3618 4382 3707 4447 qui
3738 4398 3806 4433 ea:
3842 4398 3982 4433 rnor-

2396 4473 2499 4523 tuis
2549 4472 2856 4532 resurrexit,
2894 4480 2951 4523 ut
2989 4472 3362 4540 fructiﬁceuiitr
3410 4472 3515 4525 Deo
3552 4474 3620 4525 ".
3674 4472 3741 4525 Et
3794 4490 3986 4527 rursus

785 4549 907 4601 "(re
937 4542 1085 4603 ’enim
1127 4564 1246 4606 sunt
1290 4556 1594 4608 vestimenta
1633 4568 1839 4620 sancta,
1872 4562 2058 4629 quibus
2090 4564 2289 4617 cunctis
2322 4540 2367 4594 Β
2396 4562 2465 4615 de
2493 4576 2560 4614 eo
2588 4562 2722 4615 dixit
2751 4582 2762 4615 :
2810 4563 2953 4616 Unde
2989 4574 3037 4615 et
3089 4564 3295 4617 saleare
3338 4568 3391 4616 in
3428 4577 3738 4633 perpetuum
3793 4580 3982 4635 potest.

714 4659 831 4693 cum
863 4644 998 4696 lotus
1027 4647 1183 4713 fuerit
1210 4647 1477 4700 induetur.
1510 4648 1747 4703 Lavatur
1770 4666 1934 4704 omne
1962 4669 2162 4722 corpus
2192 4671 2291 4724 per

714 4750 905 4801 aquam
944 4737 1308 4804 baptismatis,
1339 4740 1465 4807 quia
1512 4750 1689 4794 torum
1736 4753 1985 4797 nostrum
2034 4746 2198 4809 lavat,
2236 4758 2290 4802 ct
2358 4733 2379 4757 4

714 4834 941 4878 renovat
974 4828 1271 4881 hominem.
1308 4831 1447 4900 Ergo
1479 4832 1741 4900 baptizari
1775 4846 1989 4903 oportet
2028 4840 2202 4907 prius,
2234 4852 2289 4895 et

712 4934 780 4970 ex
833 4933 971 4985 aqua
1030 4922 1360 4989 regenerari.
1396 4939 1459 4977 ac
1508 4924 1735 4993 Spiritu.
1777 4944 1839 4981 ac
1883 4929 1961 4981 sic
2014 4933 2287 4999 praedictis

712 5008 1005 5063 virtutibus
1057 5011 1229 5074 indui,
1262 5023 1319 5066 et
1361 5031 1457 5082 per
1503 5032 1598 5070 eas
1631 5016 1908 5071 Christum
1945 5038 1958 5074 :
1994 5022 2097 5075 hoc
2137 5024 2283 5077 enim

712 5110 765 5153 et
798 5101 915 5169 ipse
944 5111 1233 5159 contextus
1275 5106 1527 5176 legalium
1564 5109 1737 5179 signat
1781 5112 2093 5167 verborum.
2132 5114 2286 5169 Post-
2316 5154 2331 5183 τ

713 5209 870 5260 quam
915 5193 1061 5247 enim
1110 5195 1247 5250 dixit
1290 5196 1584 5267 legislator,
1625 5217 1694 5255 ne
1723 5204 1873 5257 omni
1910 5213 2156 5275 tempore
2196 5207 2284 5259 in—
2318 5190 2323 5203 ’

711 5286 989 5356 grediatur
1016 5290 1410 5354 sanctuarium,
1438 5291 1543 5346 nisi
1577 5292 1693 5347 lucc
1719 5304 1846 5349 ante
1879 5296 2069 5351 fecerit
2103 5315 2114 5349 :

784 5374 1012 5427 Vitalian
1052 5393 1149 5444 pro
1187 5390 1418 5443 peccato,
1447 5381 1692 5436 subdidit
1724 5402 1736 5435 :
1769 5394 1815 5436 et
1855 5388 2071 5440 arietem
2108 5390 2161 5441 in
2190 5391 2285 5440 lio-

712 5472 1023 5519 locaustuni.
1075 5467 1270 5522 Tunica
1312 5471 1449 5523 linea
1501 5476 1767 5535 vestietur,
1800 5485 1853 5529 et
1903 5480 2129 5548 reliqua.
2167 5479 2283 5532 Nm]

716 5559 885 5612 solum
934 5560 1209 5613 Christum
1263 5564 1653 5633 iiitclligiliileni
1707 5572 1953 5622 arietem.
1996 5582 2047 5624 et
2097 5588 2282 5625 verum

814 5760 860 5829 δῖ
890 5764 1028 5815 Ρφιῖηὶ.
1082 5780 1131 5829 X,
1186 5763 1237 5816 8.

720 5828 923 5889 in,23.i.

1360 5768 1375 5791 ³
1428 5767 1528 5819 .lob
1582 5782 1782 5834 ιδῃ-ιι,
1832 5771 1878 5823 5.

1995 5772 2037 5802 ³³
2072 5769 2229 5826 Rom.
2282 5787 2355 5837 ix,

2390 4654 2692 4707 accedentes
2748 4671 2841 4723 per
2886 4671 2939 4707 se
2988 4657 3058 4707 ad
3104 4655 3271 4709 Deum
3321 4658 3388 4707 ".
3450 4657 3543 4710 Sic
3590 4658 3885 4725 perfectio,
3932 4671 3982 4711 et

2388 4747 2701 4800 omnimoda
2727 4757 2913 4801 nostra
2948 4749 3114 4810 salus,
3149 4749 3291 4803 ﬁlius
3321 4766 3419 4819 per
3451 4750 3787 4805 sacrificium
3819 4768 3980 4805 suum

2389 4836 2565 4889 factus
2594 4845 2698 4890 est.
2748 4836 2975 4906 Proprie
3016 4848 3198 4891 autem
3248 4840 3302 4892 in
3346 4841 3632 4894 effectibus
3677 4842 3979 4895 sacrificio-

2391 4947 2530 4992 rum,
2562 4931 2774 4998 accepit
2805 4931 3079 5000 legislator
3106 4947 3169 4985 ea
3199 4948 3321 5000 qua:
3351 4934 3784 4988 immolabantur
3812 4954 3826 4987 :
3853 4953 3977 4990 cum

2390 5024 2535 5077 enim
2584 5024 2809 5077 dixisset
2843 5024 3024 5078 hircos
3062 5041 3160 5094 pro
3201 5036 3429 5092 peccato
3465 5005 3678 5082 offerri.
3712 5029 3977 5095 quoniam

2392 5114 2496 5167 hoc
2530 5114 2732 5167 animal
2776 5115 2829 5167 in
2859 5125 3210 5184 peccatorum
3254 5131 3426 5185 genus
3469 5115 3653 5169 divina
3686 5114 3971 5184 Scriptus;

2390 5208 2637 5276 accipere
2686 5209 3008 5269 consuevit,
3059 5208 3371 5262 nullatenus
3422 5210 3798 5269 immemores,
3827 5211 3967 5276 quia

2384 5300 2606 5367 quando
2667 5301 3060 5354 sacrificiorum
3124 5301 3239 5353 hec
3294 5300 3631 5367 pmuitentiae
3699 5302 3973 5354 rationein

2385 5392 2787 5456 signiﬁcabant,
2820 5393 3167 5446 occasionem
3208 5410 3273 5444 ex
3310 5393 3462 5460 legali
3509 5393 3610 5445 hoc
3644 5392 3839 5445 codice
3884 5409 3973 5445 5i:-

2385 5492 2598 5535 meutcs
2623 5484 2981 5552 exposuimus
3011 5503 3022 5534 :
3052 5484 3285 5540 lia-dum,
3315 5488 3403 5550 qui
3450 5482 3638 5535 Grmce
3691 5484 3973 5537 ehimarus

2386 5575 2584 5627 dicitur
2625 5585 2772 5628 recte
2806 5575 3070 5627 immolari
3107 5575 3173 5624 :ili
3200 5591 3265 5626 eo
3295 5578 3383 5640 qni
3422 5573 3802 5641 pa‘nitcntiaui
3842 5578 3968 5643 agit,

2576 5778 2616 5799 ¹·³
2646 5776 2811 5829 llclii'.
2851 5792 2923 5831 ιη,
2954 5776 3017 5823 ἐκ
3154 5776 3193 5801 ¹⁵¹
3236 5774 3367 5825 lioni
3428 5792 3518 5833 κη,
3552 5778 3599 5827 4,
3727 5778 3765 5805 ³³
3797 5774 3959 5827 Hebr

2408 5796 2457 5825 η,
