4218 6450
225 446 330 509 989

1394 435 1474 495 IN
1513 429 1952 494 LEVITICUM.
1989 455 2049 467 -
2086 429 2231 490 LIB.
2265 429 2331 489 Υ.

3395 424 3502 490 990

226 555 562 614 ostendimus
601 571 615 608 :
648 559 839 622 utpote
867 551 921 606 in
956 558 1300 620 tempestate,
1330 557 1385 602 et
1412 547 1576 601 lluctu
1603 540 1810 595 consti-
1841 543 1888 600 Α
1920 555 2015 607 per
2045 540 2222 610 ipsum
2244 540 2486 610 Moysen,
2519 547 2575 593 et
2612 539 2854 594 fratrem.
2900 547 2954 596 ct
3021 535 3191 593 lilium
3215 544 3270 588 et
3304 534 3496 605 tiliam,

224 649 349 714 tuti,
387 661 562 718 usque
589 645 720 702 dum
748 643 1088 716 penitentiaa
1121 643 1244 712 ejus
1279 639 1608 708 suscipiatur
1634 633 1808 688 sacri-

221 744 431 801 ﬁcium.
458 742 618 797 Aries
640 749 825 795 autem
859 746 1052 808 utpote
1076 736 1332 791 ducatum
1360 731 1506 804 gregi
1537 727 1807 800 praebens,

223 836 515 908 deputatus
561 842 710 889 recte
755 833 810 887 in
855 831 1257 890 holocaustum,
1289 827 1340 880 id
1377 835 1462 879 est
1499 824 1552 876 in
1609 822 1810 875 virtute

223 939 279 983 et
305 927 646 999 perfectione
674 925 800 981 vitae
831 923 1116 993 accipitur,
1141 935 1376 989 quorum
1405 925 1488 972 est
1515 914 1663 969 enim
1704 911 1809 967 nisi

222 1022 642 1092 praepositorum
683 1019 884 1074 docere
927 1014 1205 1086 perfecta?
1244 1012 1339 1067 His
1369 1012 1440 1065 ita
1471 1025 1528 1065 se
1557 1008 1810 1064 habenti-

221 1115 344 1175 bus,
372 1111 691 1167 omnimodo
729 1109 882 1164 dicis.
914 1108 1027 1162 Cur
1056 1107 1101 1160 si
1132 1107 1314 1160 hircos
1347 1119 1444 1174 pro
1473 1110 1698 1172 peccato
1724 1100 1809 1153 les

193 1207 478 1278 gprzecepit
505 1203 715 1261 oll'erri.
743 1217 892 1256 nunc
923 1202 1087 1255 etiam
1119 1198 1346 1254 vitulum
1374 1195 1560 1251 oﬂ‘erri
1604 1206 1811 1264 pra-ce-

189 1365 192 1369 .
221 1300 332 1370 pit?
365 1300 484 1356 Una
513 1306 697 1352 autem
741 1294 973 1354 ratione,
996 1292 1256 1361 brevique
1277 1289 1412 1344 solvi
1439 1298 1602 1356 atque
1623 1285 1812 1355 expla-

219 1392 340 1445 nari
372 1398 574 1460 potest,
599 1387 726 1457 quia
753 1401 864 1440 non
906 1385 1069 1440 unius
1100 1381 1339 1454 generis,
1357 1381 1451 1435 sed
1480 1389 1590 1433 tam
1617 1393 1812 1447 pecea-

218 1494 423 1545 torum,
474 1495 637 1550 quam
686 1480 960 1548 justorum
1005 1486 1090 1532 est
1132 1474 1408 1546 Unigeniti
1458 1470 1807 1526 sacriﬁcium.

218 1573 286 1628 Ει
323 1584 612 1646 propterea
647 1576 809 1637 hirci,
834 1592 933 1647 pro
959 1589 1158 1647 genere
1187 1569 1590 1643 quodammodo
1615 1581 1812 1637 pecca-

219 1675 398 1719 torum
426 1666 612 1720 offerri
641 1667 1054 1737 praecipiuntur,
1081 1665 1238 1718 vivus
1273 1672 1458 1717 autem
1496 1675 1595 1730 pro
1623 1659 1810 1728 justis,

216 1757 343 1826 quia
383 1756 646 1822 bos,cum
695 1759 768 1812 sit
801 1757 866 1812 ad
905 1755 1242 1826 operandum
1274 1765 1460 1824 aptum
1495 1750 1719 1815 animal,
1757 1749 1810 1803 in

224 1865 459 1920 persona
492 1851 625 1920 justi
662 1851 963 1906 secundum
995 1850 1168 1919 legem
1198 1847 1485 1916 accipitur.

1914 642 1969 686 et
1996 633 2275 687 civitatem
2307 633 2599 703 integrann,
2617 648 2736 703 quis
2761 632 2828 686 ai’.
2855 631 2992 686 idola
3018 631 3369 691 convertitur,
3388 630 3503 684 dis-

1915 725 2070 795 perdi
2129 725 2408 796 przecepit,
2439 733 2493 780 et
2524 725 2724 794 clamat
2763 741 2778 778 ς
2805 724 2924 778 Non
2961 734 3110 778 erunt
3152 722 3246 776 tibi
3275 723 3350 776 dii
3380 721 3501 789 alii,

1914 819 2112 889 absque
2132 835 2214 872 me
2240 819 2307 874 ⁸⁸.
2348 816 2450 872 Per
2478 816 2643 874 David
2669 827 2851 872 autem
2885 815 3017 872 dicit
3045 832 3057 868 :
3084 816 3204 870 Non
3239 813 3341 869 erit
3369 816 3427 868 iu
3451 824 3501 869 te

1913 912 2055 966 Deus
2081 929 2274 974 recens,
2313 929 2478 984 neque
2533 913 2783 967 adorabis
2827 911 2993 966 Deum
3031 911 3268 963 alienum
3301 910 3368 963 ³⁷.
3403 908 3502 963 llic

1914 1020 2046 1076 ergo
2070 1005 2161 1075 qui
2185 1006 2301 1060 haec
2334 1005 2617 1075 praecepit,
2641 1020 2740 1075 pro
2775 1020 2842 1059 eo
2897 1003 3042 1073 quod
3074 1017 3227 1056 suam
3251 1002 3499 1072 gloriam,

1913 1113 1978 1152 ac
2001 1097 2457 1161 sacerdotium,et
2480 1098 2688 1153 cultum
2715 1096 3000 1166 aequaturi,
3034 1103 3089 1148 et
3110 1110 3232 1149 eum
3264 1109 3330 1148 eo
3360 1093 3499 1147 divi-

1916 1191 2226 1255 sorierant,
2306 1190 2410 1244 hoc
2453 1190 2627 1260 jubet,
2689 1199 2749 1242 ut
2801 1189 3018 1244 duobus
3073 1188 3238 1242 hircis
3300 1186 3498 1242 oblatis

1917 1299 2085 1338 unum
2122 1283 2444 1354 praeciperet
2473 1283 2574 1338 sibi
2614 1282 2898 1352 applicari,
2937 1283 3102 1337 alium
3167 1290 3349 1336 autem
3399 1283 3498 1336 ad-

1915 1376 2157 1430 versario
2186 1389 2306 1438 suo,
2332 1390 2494 1444 quem
2519 1375 2866 1430 emissarium
2899 1384 3094 1444 putant
3111 1374 3236 1428 diei.
3259 1373 3363 1428 Sed
3389 1390 3498 1428 non

1915 1476 2310 1538 cognoverunt,
2351 1482 2530 1537 neque
2555 1467 2967 1532 intellexerunt,
3025 1467 3078 1520 in
3115 1466 3356 1520 tenebris
3386 1482 3499 1520 am-

1918 1558 2123 1613 bulant.
2154 1557 2507 1614 Emissarium
2541 1557 2708 1621 enim,
2758 1573 2884 1612 eum
2936 1556 3174 1620 hircum,
3206 1556 3298 1625 qui
3329 1556 3498 1610 mitti—

1919 1659 2008 1702 tur
2038 1650 2091 1703 in
2114 1649 2415 1714 desertum,
2474 1649 2752 1720 legislator
2808 1648 3117 1717 appellavit.
3172 1647 3284 1701 Nos
3318 1659 3498 1701 autem

1917 1753 1982 1793 ex
2009 1739 2094 1794 his
2125 1755 2245 1810 quae
2283 1740 2350 1794 ad
2373 1740 2568 1795 littera:
2601 1739 2789 1810 legalis
2813 1739 3161 1793 traditionem
3195 1737 3494 1805 pertinent,

1917 1832 2378 1901 quemadmodum
2417 1848 2529 1886 non
2561 1842 2710 1887 esset
2724 1832 3022 1887 verisimile
3057 1833 3160 1886 hoc
3200 1830 3496 1901 praecipere

293 1942 437 1998 Unde
475 1918 597 1995 etin
623 1944 807 2007 rituto,
857 1941 956 2006 ait,
1003 1918 1174 1994 orabit
1229 1956 1322 2006 pro
1347 1955 1419 1994 se.
1449 1947 1496 1990 et
1525 1953 1620 2004 pro
1648 1937 1803 1990 domo
1834 1918 1875 1974 Β
1914 1929 2277 2000 legislalorem
2337 1927 2800 1992 demonstremus,
2872 1928 3072 1982 deinde
3132 1926 3494 1981 intentionem

219 2052 340 2089 sua.
371 2035 601 2089 Domum
635 2035 926 2104 Deijustos
949 2033 1252 2105 appellans,
1293 2032 1506 2087 habitat
1560 2032 1705 2085 enim
1748 2031 1802 2084 in

216 2129 316 2188 eis,
347 2137 402 2180 et
433 2126 757 2181 inambulat.
791 2127 910 2196 Ipse
940 2136 1024 2180 est
1067 2141 1258 2180 eorum
1293 2123 1454 2189 Deus,
1493 2133 1548 2178 et
1577 2123 1651 2177 illi
1685 2123 1806 2192 ejus

217 2217 470 2288 populus.
502 2217 896 2286 Deprecabitur
924 2225 978 2270 et
1013 2231 1113 2285 pro
1169 2230 1257 2277 eo,
1286 2214 1338 2269 id
1370 2222 1454 2268 est
1493 2228 1592 2283 pro
1641 2214 1805 2268 domo

217 2310 451 2379 propriae.
484 2311 686 2371 carnis,
725 2325 851 2364 nam
884 2309 985 2363 etsi
1018 2318 1291 2376 peccatum
1352 2323 1454 2360 nou
1512 2307 1656 2375 fecit,
1703 2321 1805 2359 nec.

215 2403 366 2455 dolus
395 2403 633 2455 iuventus
659 2414 730 2455 est
760 2403 814 2455 in
843 2418 933 2454 ore
961 2401 1075 2470 ejus
1104 2401 1172 2464 ⁵³,
1221 2407 1599 2453 verumtamen
1633 2398 1804 2453 Adam

215 2493 439 2548 indutus
474 2504 575 2560 est,
597 2495 690 2564 qui
729 2495 1434 2565 propitiationem,propter
1456 2493 1804 2547 maledictum

215 2585 362 2654 quod
419 2587 589 2641 semel
647 2589 886 2642 humano
943 2587 1396 2654 snperinductum
1451 2596 1536 2639 est
1595 2585 1803 2656 generi,

215 2693 356 2745 opus
378 2677 622 2732 haberet.
661 2679 803 2733 Audi
835 2693 964 2749 ergo
995 2677 1224 2732 Paulum
1283 2677 1350 2732 ad
1419 2676 1678 2732 Hebraeos
1736 2679 1804 2733 de

214 2770 438 2823 Christo
465 2769 586 2823 talia
622 2770 994 2825 scribentem:
1045 2768 1148 2834 Qui
1199 2786 1302 2822 non
1356 2769 1505 2823 habet
1575 2773 1806 2840 quotidie

216 2862 596 2921 necessitatmt,
639 2862 1078 2931 quemadmodum
1105 2863 1422 2924 sacerdotes,
1458 2863 1686 2930 primum
1710 2880 1806 2931 pro

214 2951 328 3003 suis
356 2951 558 3004 delictis
576 2951 776 3004 hostias
799 2953 1002 3021 offerre,
1042 2953 1228 3006 deinde
1272 2968 1367 3022 pro
1397 2953 1606 3023 pupulis
1641 2969 1658 3005 :
1713 2955 1806 3006 huc

214 3039 354 3092 enim
386 3037 504 3108 fecit
536 3040 698 3092 semel
719 3056 772 3093 se
797 3041 1056 3110 oﬁ'eremlo
1084 3042 1149 3095 ".

291 3129 454 3186 Vens.
484 3130 629 3187 6'40.
668 3151 685 3183 ε
724 3131 972 3202 Cumque
1017 3133 1279 3188 obtulerit
1312 3135 1567 3200 vitulum,
1592 3145 1644 3191 et
1677 3151 1802 3190 ora-

211 3224 356 3275 verit
388 3237 486 3292 pro
521 3238 599 3287 se,
629 3233 683 3277 et
715 3240 814 3293 pro
843 3225 1008 3279 domo
1032 3241 1151 3287 sua.
1180 3227 1319 3283 duos
1341 3229 1524 3284 hircos
1548 3240 1697 3283 stare
1730 3229 1802 3283 fa-
1831 3262 1874 3320 ο

209 3314 321 3366 ciet
351 3328 536 3367 coram
564 3314 814 3378 Domino,
840 3315 895 3368 in
933 3315 1077 3370 ostio
1109 3317 1444 3372 tabernaculi
1479 3319 1798 3381 testimonii,

209 3406 503 3475 mittetque
524 3421 692 3476 super
722 3415 1014 3477 utrumque
1038 3417 1236 3474 sortes,
1271 3427 1438 3464 unam
1463 3410 1717 3479 Domino,
1745 3424 1797 3469 et

207 3500 372 3553 aliam
397 3515 564 3570 capro
590 3502 873 3556 emissario
901 3519 914 3555 :
947 3503 1107 3572 cujus
1137 3519 1257 3558 sors
1315 3505 1534 3569 exierit,
1569 3504 1800 3562 Domino

207 3592 410 3647 oll‘eret
439 3593 587 3649 illum
621 3610 721 3665 pro
747 3603 996 3664 peccato;
1026 3597 1183 3666 cujus
1235 3610 1418 3652 autem
1471 3597 1526 3652 in
1572 3614 1797 3669 caprum

207 3685 580 3751 emissarium,
603 3695 807 3743 statuet
834 3702 962 3744 eum
996 3689 1178 3743 vivum
1225 3703 1406 3744 coram
1444 3688 1695 3757 Domino,
1740 3702 1801 3748 ut

208 3776 405 3832 fundat
435 3792 625 3846 preces
652 3794 816 3849 super
837 3796 960 3835 eum
984 3791 1039 3836 et
1073 3781 1255 3836 mittat
1277 3783 1429 3837 illum
1464 3782 1520 3838 in
1551 3785 1801 3842 solitudi-

205 3883 359 3923 nem.
393 3867 488 3924 His
519 3869 621 3925 rite
641 3869 952 3938 celebratis,
988 3871 1184 3928 oll'eret
1231 3873 1482 3940 vitulum,
1512 3883 1568 3933 et
1599 3891 1798 3950 rogans

205 3974 310 4029 pro
343 3975 402 4014 se
432 3968 486 4015 et
513 3977 612 4031 pro
632 3963 797 4018 domo
823 3979 943 4019 sua.
977 3983 995 4016 ι

283 4046 474 4105 Solent
501 4052 627 4104 casei
654 4050 710 4105 in
743 4052 951 4107 lumine
983 4053 1214 4118 oil‘endi,
1243 4066 1301 4112 et
1319 4056 1568 4113 inﬁdeles
1587 4058 1644 4112 in
1678 4058 1796 4128 lege

203 4143 304 4196 Dei
341 4143 721 4209 scandalizari,
753 4146 898 4218 quod
943 4144 1140 4202 Petrus
1176 4150 1379 4212 sciens,
1417 4158 1524 4204 tam
1547 4150 1615 4204 de
1644 4149 1792 4209 l’auli

199 4236 355 4292 vasis
375 4235 658 4289 electionis
685 4236 951 4305 epistolis,
973 4253 1137 4308 quam
1165 4239 1233 4293 de
1255 4240 1404 4294 omni
1431 4240 1615 4295 divina
1641 4238 1793 4293 Scri-

198 4341 369 4405 plura
398 4329 536 4384 dixit
561 4346 579 4380 :
608 4329 674 4382 In
704 4331 892 4393 quibus
920 4341 1040 4383 sunt
1090 4333 1338 4400 quwdam
1372 4333 1607 4402 dijﬁcilia
1641 4334 1796 4387 intel-

197 4423 343 4476 lectu
372 4437 489 4491 quae
535 4419 734 4473 indocti
781 4430 830 4474 et
870 4420 1142 4475 instabiles
1194 4429 1509 4492 depravant,
1565 4427 1700 4479 sicut
1744 4436 1796 4480 et

196 4523 427 4573 ceteras
461 4510 791 4577 Scripturas,
828 4511 898 4564 ad
918 4527 1072 4567 suam
1096 4513 1330 4579 ipsorum
1357 4515 1707 4583 perditionem
1721 4518 1789 4570 ".

1907 2021 2212 2077 sanctionis
2251 2037 2318 2077 ex
2348 2022 2576 2092 spiritus
2626 2022 3070 2077 consideratione
3116 2035 3492 2075 exerceamus.

1910 2115 2052 2169 Duos
2082 2131 2212 2184 ergo
2243 2115 2424 2169 hircos
2451 2125 2692 2169 statuere
2709 2130 2891 2169 coram
2914 2114 3144 2169 Domino
3166 2114 3219 2168 in
3239 2114 3382 2168 ostio
3412 2121 3494 2166 ta-

1908 2208 2188 2264 bernaculi
2220 2209 2514 2262 testimonii
2545 2209 2821 2278 praecepit,
2861 2224 2972 2262 non
3003 2218 3185 2261 autem
3213 2221 3309 2261 eos
3351 2206 3496 2260 abla-

1911 2313 2062 2357 turos
2096 2316 2218 2356 esse
2249 2301 2382 2364 Deo,
2416 2303 2518 2355 hoc
2544 2309 2627 2354 est
2651 2299 2796 2354 enim
2831 2316 3012 2354 coram
3055 2300 3304 2364 Domino,
3336 2313 3404 2352 ne
3426 2298 3494 2352 ad

1907 2394 2106 2448 ostium
2134 2392 2308 2447 Deiea
2332 2408 2453 2461 quae.
2473 2391 2690 2446 diabolo
2732 2383 3111 2455 mittebantur,
3131 2390 3225 2445 sed
3257 2401 3313 2444 et
3371 2405 3492 2444 sor-

1910 2495 2016 2539 tem
2046 2484 2284 2547 mittere,
2321 2498 2485 2536 unam
2533 2481 2780 2543 Domino,
2808 2491 2862 2535 et
2919 2496 3080 2534 unam
3153 2479 3494 2535 lustrationis

1909 2578 2185 2647 praecepit.
2218 2575 2274 2630 Si
2316 2583 2498 2630 autem
2541 2575 2594 2629 in
2644 2574 2877 2642 alicujus
2924 2573 3143 2644 maligni
3203 2589 3492 2643 personant

1908 2672 2252 2726 emissarium
2293 2672 2613 2740 accepisset,
2666 2683 3010 2738 nequaquam
3036 2668 3104 2722 de
3127 2683 3213 2732 eo,
3237 2682 3361 2722 cum
3427 2683 3494 2721 eo

1907 2766 1995 2834 qui
2033 2765 2125 2818 Dei
2146 2773 2284 2827 erat,
2318 2780 2436 2818 sors
2467 2764 2792 2824 mitteretur,
2821 2763 2947 2831 quia
2967 2779 3069 2818 nec
3099 2778 3221 2816 cum
3253 2760 3495 2831 quoliLet

1909 2860 2050 2913 tnalo
2078 2859 2377 2928 quemlibet
2406 2859 2609 2913 bonum
2667 2867 2870 2911 sortem
2927 2857 3128 2911 habere
3181 2856 3235 2909 in
3294 2854 3494 2910 divinis

1910 2952 2209 3022 Scripturis
2248 2951 2519 3006 invenies.
2557 2948 2662 3005 Sed
2703 2950 2917 3020 quoties
2972 2934 3091 3004 sors
3153 2949 3492 3009 mittebatur,

1905 3045 2141 3115 aequales
2168 3059 2293 3098 cum
2323 3043 2626 3112 aequalibus
2667 3044 2958 3097 mittebant
3008 3051 3205 3106 sortes,
3249 3043 3391 3096 sicut
3439 3051 3494 3095 et

1909 3139 2082 3193 tribus
2116 3137 2301 3200 Israel,
2328 3137 2678 3201 dividebant;
2705 3152 2832 3190 nam
2858 3137 3079 3205 quando
3102 3151 3201 3206 pro
3236 3135 3374 3190 Juda
3425 3136 3493 3190 ad

1907 3230 2270 3301 apostolatum
2301 3230 2467 3284 alium
2495 3229 2696 3300 eligere
2734 3244 2958 3283 necesse
2994 3229 3290 3290 habebant,
3328 3243 3493 3296 super

1907 3323 2047 3378 duos
2075 3322 2223 3377 viros
2238 3322 2475 3391 mquales
2500 3322 2817 3385 virtutibus,
2848 3332 2904 3375 et
2916 3321 3188 3384 doctrina,
3213 3319 3491 3373 Matthiam

1910 3414 2183 3474 videlicet.
2219 3423 2274 3468 et
2301 3413 2501 3482 Joseph
2524 3413 2755 3483 justum.
2800 3420 2976 3466 sortes
3009 3413 3190 3465 missae
3217 3419 3368 3474 sunt,
3416 3411 3491 3466 ita

1907 3516 1969 3561 ut
2031 3506 2226 3561 Petrus
2275 3505 2653 3560 concionando
2710 3503 2967 3558 diceret:
3014 3501 3108 3566 Tu,
3130 3502 3375 3567 Domine,
3401 3502 3492 3572 qui

1907 3598 2064 3651 corda
2090 3597 2225 3651 nosti
2271 3596 2528 3658 omnium,
2588 3595 2798 3648 ostende
2843 3610 2995 3663 quem
3037 3592 3250 3664 elegeris
3292 3607 3356 3646 ea:
3412 3593 3498 3649 Itis

1906 3688 2128 3752 duobus,
2159 3688 2401 3756 accipere
2425 3686 2597 3740 locum
2626 3685 2906 3739 ministerii
2933 3684 3117 3753 hujus,
3145 3693 3195 3738 et
3217 3683 3456 3753 apostolo
3474 3711 3491 3726 -

1908 3792 1990 3835 tus
2013 3781 2077 3834 ³⁸.
2110 3779 2229 3835 Non
2261 3779 2434 3834 solum
2456 3787 2640 3834 autem
2677 3787 2971 3847 antequam
3030 3791 3153 3831 sors
3180 3777 3492 3832 mitteretur

1907 3871 1961 3926 in
1986 3872 2124 3927 duos
2154 3869 2356 3937 hircos,
2378 3884 2562 3926 coram
2586 3868 2816 3924 Domino
2836 3884 2931 3925 eos
2950 3868 3068 3925 sisti
3094 3853 3373 3938 pmcepit,
3395 3867 3491 3924 sed

1905 3975 1960 4019 et
1996 3965 2145 4019 illum
2175 3964 2233 4017 in
2263 3977 2375 4032 quo
2424 3976 2545 4016 sors
2601 3961 2914 4016 omissionis
2971 3960 3142 4025 venit,
3200 3965 3489 4029 postquam

1904 4055 2096 4110 eadem
2139 4070 2261 4110 sors
2308 4069 2472 4122 super
2500 4068 2628 4107 eum
2682 4053 2966 4115 ceciderit,
3028 4061 3083 4106 et
3134 4050 3491 4111 manifestqu

1905 4147 2071 4202 fuerit
2100 4147 2265 4202 statui
2297 4161 2482 4202 coram
2514 4145 2745 4199 Domino
2785 4145 3043 4214 przecepit
3072 4153 3128 4198 et
3157 4143 3368 4198 eﬂ‘undi
3391 4158 3487 4198 su~

1905 4256 2002 4310 per
2031 4255 2098 4295 eo
2131 4254 2344 4310 preces.
2374 4239 2663 4305 Quomodo
2701 4252 2833 4308 ergo
2872 4236 2964 4306 qui
2987 4245 3118 4290 ante
3149 4235 3345 4290 faciem
3384 4234 3486 4296 Dei

1903 4343 2140 4390 statutus
2161 4341 2266 4398 est,
2288 4333 2450 4401 eique
2481 4331 2720 4401 quodam
2771 4330 2934 4384 modo
2962 4337 3338 4400 consecratus,
3369 4327 3490 4396 ipse

1903 4442 2095 4484 rursus
2127 4426 2349 4482 diabolo
2381 4423 2652 4480 mittitur?
2684 4421 2784 4476 Vel
2825 4437 2936 4492 quo
2999 4423 3164 4478 modo
3220 4419 3490 4491 propitias

1905 4521 2106 4576 tionem
2142 4527 2514 4590 peccatorum,
2551 4517 2654 4571 hoc
2685 4515 2831 4586 quod
2860 4515 3051 4584 iniquo
3068 4512 3486 4576 transmittitur,

199 4602 321 4656 lloe
363 4610 419 4656 et
441 4616 588 4656 nunc
616 4601 922 4670 patiuntur,
943 4602 1034 4670 qui
1058 4603 1125 4658 ad
1152 4617 1310 4656 suam
1347 4605 1707 4671 voluntatem,
1732 4618 1790 4661 et
1825 4621 1870 4675 υ
1901 4611 2229 4666 sacriﬁcium
2261 4607 2505 4679 peragit?
2543 4607 2598 4662 Si
2627 4607 2772 4661 enim
2799 4607 2920 4676 ejus
2949 4605 3185 4659 intentio
3207 4613 3294 4657 est
3315 4603 3486 4657 etiam

195 4708 316 4751 non
346 4693 414 4747 ad
453 4707 638 4748 veram
674 4692 1036 4752 intentionem
1097 4695 1410 4765 intelligunt
1463 4698 1637 4769 legem
1671 4700 1788 4764 Ilei,

194 4794 260 4839 et
286 4784 508 4838 noxium
540 4785 734 4838 animos
776 4798 841 4838 ac
878 4785 1224 4854 pestilentem
1253 4787 1524 4843 idolorum
1574 4792 1787 4847 cultum

194 4875 539 4933 constituere
591 4891 658 4931 ex
709 4877 816 4941 his,
863 4893 984 4947 quae
1014 4879 1157 4933 dicta
1218 4891 1348 4935 sunt
1388 4897 1419 4935 a
1459 4882 1785 4952 legislatore,

194 4959 443 5021 inaniter
473 4964 734 5035 eogitant.
763 4964 898 5018 Nam
957 4967 1149 5022 dicunt
1178 4985 1190 5020 :
1225 4969 1402 5037 Super
1423 4971 1562 5027 duos
1604 4973 1788 5030 hircos

191 5061 292 5117 lex
323 5069 524 5113 sortem
551 5061 692 5115 mitti
724 5063 1001 5132 prmpit,
1059 5079 1229 5120 unum
1270 5066 1521 5135 Domino,
1553 5071 1786 5125 alterum

191 5158 389 5209 autem
407 5152 472 5206 ad
489 5153 838 5207 emissionem
869 5159 1108 5225 separari
1139 5161 1411 5229 praecepit.
1438 5161 1789 5219 Emissarium

189 5253 388 5304 autem
418 5245 1007 5313 appellantdiaholmu,
1060 5258 1118 5302 ut
1157 5266 1220 5304 es
1291 5253 1393 5306 hoc
1443 5256 1788 5311 occasionem

191 5335 482 5408 praebeant
507 5336 573 5388 ad
602 5337 891 5391 colendum
945 5341 1240 5410 malignum
1276 5343 1328 5395 in
1363 5352 1573 5399 tantum
1626 5362 1786 5400 aures

186 5431 543 5491 obturantes,
585 5436 641 5481 et
673 5429 726 5481 in
783 5438 992 5482 tantum
1062 5446 1242 5486 mente
1293 5436 1440 5490 e:rci.
1501 5437 1786 5502 Quomodo

187 5536 332 5589 ergo
368 5518 562 5572 haheat
628 5521 914 5582 rationem,
973 5523 1115 5578 haud
1171 5528 1433 5582 credibile
1480 5541 1585 5595 est,
1641 5534 1783 5601 quod

190 5615 348 5665 Deus
379 5611 492 5679 ipse
515 5611 842 5666 sacrificium
871 5614 1089 5668 diabolo
1120 5617 1302 5671 oderri
1333 5622 1634 5690 praecipiat,
1690 5626 1780 5693 qui

267 5815 352 5867 ⁸³1
386 5817 529 5870 Petr.
575 5835 634 5881 It,
676 5819 766 5873 ‘22.

187 5905 256 5948 ιι.
295 5887 386 5941 2i.

880 5823 926 5852 “
957 5821 1118 5878 Hebr.
1162 5841 1252 5882 vti.
1279 5827 1368 5880 ‘27.

499 5889 544 5920 '9
573 5889 715 5948 Psal.
752 5907 904 5957 avni,
947 5893 1000 5948 5.
1112 5896 1156 5926 “
1198 5897 1340 5951 l'sal.
1377 5915 1520 5965 xstv,
1557 5901 1638 5956 ll.

1483 5829 1526 5858 ”
1563 5829 1599 5882 ll
1629 5830 1772 5886 Patr.
1806 5848 1881 5893 tu,
1918 5834 1996 5886 lti.

1894 4703 2073 4773 justos
2105 4709 2420 4772 peccatores
2469 4697 2708 4762 edicere,
2772 4696 3052 4766 quomodo
3103 4694 3493 4764 peceatdribus

1897 4793 2342 4865 propitiationem
2368 4799 2586 4862 poterat
2615 4787 2950 4860 proﬂigare?
2983 4785 3270 4855 Quomodo
3295 4795 3483 4843 autem

1897 4888 1945 4942 is
1976 4886 2092 4957 ipse
2117 4894 2390 4956 peccator,
2420 4884 2489 4940 de
2519 4897 2630 4954 quo
2655 4883 2731 4937 ait
2759 4879 2929 4936 David
2959 4897 2974 4932 :
3003 4876 3272 4934 Constitue
3301 4893 3489 4946 pecca-

1899 4989 2063 5033 torem
2081 4980 2331 5032 adversus
2354 4993 2495 5042 eunt,
2517 4985 2567 5031 et
2593 4975 2836 5030 diabolus
2863 4984 2965 5030 stet
2988 4991 3022 5028 ιι
3056 4974 3257 5028 dextris
3280 4972 3396 5041 ejus
3414 4971 3482 5034 ”,

1900 5069 2346 5140 prepitiationem
2377 5076 2559 5139 potest
2588 5068 2919 5136 conquirere
2966 5064 3366 5136 peccatorum?
3397 5078 3484 5117 so-

1901 5162 2004 5215 lius
2033 5161 2238 5230 quippe
2263 5161 2366 5214 hoc
2395 5158 2483 5213 Dei
2507 5167 2611 5220 est,
2644 5158 2715 5212 ad
2743 5173 2910 5227 quem
2945 5157 3112 5211 David
3139 5156 3381 5218 dicebat,
3413 5154 3485 5208 Et

1899 5253 2190 5321 propitiare
2210 5263 2422 5321 peccato
2455 5267 2588 5316 meo,
2655 5252 2925 5317 capiosum
2977 5258 3052 5302 est
3103 5249 3242 5302 enim
3265 5247 3333 5300 “.
3387 5245 3485 5300 llis

1897 5359 2027 5414 ergo
2066 5345 2137 5398 ita
2156 5359 2215 5398 se
2246 5342 2593 5405 habentibus,
2651 5350 2708 5395 et
2739 5341 2981 5408 undique
3012 5340 3318 5409 incongrue
3381 5337 3485 5392 hoc

1895 5447 2120 5492 ostenso
2139 5437 2415 5492 intellectu
2441 5450 2550 5489 non
2581 5435 2897 5504 ignoremus
2923 5447 3042 5494 nos,
3070 5431 3198 5499 quia
3232 5429 3300 5483 de
3323 5428 3484 5482 Chri-

1897 5533 1961 5585 sti
1997 5531 2262 5585 saerilicrio
2322 5530 2508 5601 procul
2542 5529 2708 5581 dubio
2741 5525 2975 5579 maxime
3036 5524 3154 5577 haec
3205 5521 3485 5592 legislator

1893 5623 2103 5678 dixerit.
2181 5621 2338 5675 l'ndc
2375 5621 2585 5674 aestimo
2643 5619 2766 5671 ntali
2817 5616 3130 5670 intellectus
3213 5613 3479 5666 zizaniam

2112 5832 2156 5860 ’⁵³
2191 5829 2360 5886 Evod.
2398 5845 2486 5893 xx,
2512 5828 2564 5882 3.
2645 5824 2841 5879 ’τίνεςιὶ
2893 5839 3049 5886 Lxxx,
3095 5821 3175 5877 l0.
3262 5821 3308 5851 "'
3349 5821 3469 5875 Aet.
