4218 6450
688 387 783 456 991

1880 385 2240 446 IIES'i'ClllI
2277 383 2746 443 PRESBYTERI

3854 379 3974 441 992

688 511 1047 565 disseminare
1069 510 1274 564 inimici
1303 511 1543 564 veritatis
1571 510 1780 569 volunt,
1813 507 1995 575 glori:
2015 503 2254 574 mysterii
2291 505 2332 556 Α
2432 500 2662 565 Caprum
2681 515 2802 552 vero
2830 516 2988 566 super
3014 518 3166 568 qum
3218 500 3413 552 rem-rit
3481 497 3776 550 emissienis
3819 514 3965 556 sors,

689 603 1016 666 invidentes,
1045 603 1361 670 clarumque
1414 603 1532 669 ejus
1595 600 1969 654 testimonium
2019 614 2084 651 et
2142 597 2261 665 lege

688 696 1096 748 considerantes
1131 693 1290 761 :quia
1321 695 1465 746 enim
1519 692 1682 753 Iit-us,
1715 702 1769 744 et
1806 692 1968 744 homo
1997 698 2134 749 erat,
2167 687 2259 756 qui

690 802 788 854 pro
805 787 960 838 nobis
984 787 1297 838 incarnatus
1320 796 1400 838 est
1426 785 1674 838 Christus
1717 784 1898 840 Jesus.
1953 781 2263 850 impassibi-

691 877 1496 936 lemdivinitatcmcustodiens,
1552 879 1720 929 sal-am
1750 876 2104 944 passioaihus
2162 873 2264 927 hu-

694 969 1010 1021 manitatem
1041 970 1286 1036 prxbuit,
1321 969 1547 1021 cﬂ’ectns
1611 979 1791 1020 autem
1821 967 2091 1036 passionis
2120 966 2260 1033 ejus,

694 1059 746 1112 id
775 1069 858 1112 est
884 1068 1064 1111 nostra
1094 1059 1427 1125 propitiatia.
1456 1073 1563 1110 non
1593 1059 1767 1109 solum
1834 1072 2006 1124 passa:
2055 1057 2263 1115 carnis,

694 1150 790 1203 sed
827 1149 997 1202 multo
1024 1150 1197 1217 magis
1232 1149 1579 1216 impassibilis
1601 1149 1901 1202 divinitatis
1934 1148 2055 1209 fuit,
2119 1147 2266 1214 quod

695 1249 928 1294 testatur
955 1240 1175 1297 Paulus.
1209 1240 1441 1293 dicens:
1491 1239 1591 1304 Qui
1641 1257 1758 1291 cum
1820 1251 1951 1293 esset
2024 1238 2271 1307 splendor

696 1333 896 1402 gloria,
926 1343 974 1384 et
997 1333 1167 1402 ﬁgura
1199 1334 1506 1385 substantia
1548 1333 1682 1400 ejus.
1744 1343 2058 1400 portamque
2092 1334 2270 1385 omnia

697 1424 847 1475 rcrbo
877 1425 1084 1475 virtutis
1108 1439 1217 1474 sua
1250 1424 1316 1474 ".
1354 1423 1743 1476 Demonstrans
1774 1433 1956 1476 autem
1987 1424 2130 1492 quod
2159 1425 2273 1477 hac

697 1514 880 1566 omnia
908 1514 973 1563 de
1006 1511 1279 1580 L'nigcuiti
1341 1512 1626 1564 divinitate
1671 1511 1941 1574 dicantur,
1975 1510 2220 1563 subdidit
2255 1525 2269 1560 :

702 1603 1074 1668 Purgationem
1107 1611 1433 1670 peccatorum
1489 1601 1704 1670 faciens,
1728 1602 1865 1653 sedet
1895 1601 1966 1652 ad
2005 1601 2276 1652 dexteram

705 1694 1000 1762 majestatis
1031 1695 1084 1744 in
1110 1694 1325 1746 excelsis
1370 1695 1438 1756 ",
1473 1693 1573 1760 ipsi
1613 1693 1744 1757 Deo,
1794 1694 1961 1746 verbo
2002 1693 2163 1745 etiam
2211 1707 2274 1744 ca

703 1804 823 1855 qua:
855 1788 1067 1853 proprie
1098 1787 1215 1850 eius
1237 1796 1392 1839 erant
1424 1787 1626 1848 carnis,
1661 1789 2023 1855 conjungens.
2052 1788 2109 1840 Si
2143 1803 2275 1853 ergo

707 1880 819 1929 lucc
851 1887 975 1944 apte
1013 1877 1154 1928 dicta
1181 1886 1328 1940 sunt,
1351 1887 1638 1945 prOpterea
1679 1878 1788 1930 duo
1810 1885 2101 1931 sumuntur
2119 1879 2274 1940 hirci,

703 1977 762 2020 ct
797 1976 1111 2020 statuuntur
1140 1983 1323 2021 coram
1361 1967 1610 2030 Domino,
1645 1968 1697 2020 in
1752 1970 1895 2021 ostio
1938 1970 2276 2022 tabernaculi

707 2058 1023 2119 testimonii,
1064 2068 1123 2110 ut
1147 2059 1210 2109 ad
1240 2058 1526 2127 imaginem
1579 2058 1783 2111 Christi
1822 2060 1938 2112 ham
1971 2059 2022 2110 in
2050 2059 2127 2111 eis
2150 2074 2278 2127 age-

708 2161 912 2202 rentur.
949 2149 1070 2216 Ipse
1100 2159 1180 2201 est
1209 2150 1352 2202 enim
1383 2150 1583 2204 ostium
1602 2151 1975 2219 verum,quod
1997 2151 2062 2203 ad
2082 2152 2280 2204 ostium

709 2242 1040 2296 tabernaculi
1074 2241 1392 2300 testimonii.
1426 2244 1570 2310 quod
1611 2253 1694 2296 cst
1722 2244 1774 2295 in
1801 2243 1974 2305 ccelis,
2012 2244 2180 2298 ducit.
2219 2242 2280 2296 Et

709 2337 870 2389 mittit
890 2337 1066 2388 Aaron
1100 2353 1265 2404 super
1296 2347 1586 2403 utrumque
1617 2337 1830 2390 hircum
1855 2347 2080 2400 sortem,
2109 2353 2280 2390 unum

708 2428 945 2495 qudem.
982 2437 1040 2480 ut
1070 2430 1267 2480 virtute
1305 2438 1358 2480 ct
1407 2427 1800 2496 significatione
1848 2428 2077 2481 sortium
2116 2429 2283 2481 dividi

710 2518 1174 2586 diSpo-nsationem
1229 2518 1531 2570 divinitatis
1587 2517 1786 2571 Christi
1825 2527 1881 2570 et
1934 2520 2286 2570 humanitatis

713 2609 1097 2677 intelligamus.
1135 2609 1305 2662 Divili
1340 2625 1486 2675 vero,
1521 2620 1628 2662 tam
1681 2610 1806 2662 huic
1836 2626 1999 2678 quam
2037 2611 2113 2663 illi
2159 2619 2291 2662 sunt

714 2701 951 2768 propria,
995 2713 1051 2753 ut
1084 2701 1196 2755 b:ec
1215 2703 1431 2770 quidem
1465 2703 1822 2771 patiatur,illa
1855 2714 2036 2755 autem
2070 2705 2290 2754 confor-

716 2801 794 2844 tet
828 2793 1142 2860 patientem,
1171 2805 1225 2846 et
1259 2809 1352 2862 per
1371 2796 1648 2862 passiones
1681 2810 1801 2862 quae
1847 2795 1900 2846 in
1973 2812 2034 2846 ea
2096 2810 2292 2863 opera-

717 2882 946 2947 hantur;
969 2892 1074 2936 tam
1107 2884 1395 2937 contrariw
1423 2884 1579 2938 nobis
1636 2886 2053 2938 moderarentur
2085 2889 2293 2953 passio-

718 2984 839 3032 ncs,
883 2986 1044 3038 quam
1113 2989 1265 3024 suam
1329 2973 1706 3026 manifestaret
1781 2962 2290 3044 ill‘paSbibiliwlettt.

723 3062 924 3114 Deinde
953 3073 1153 3116 sortem
1179 3079 1361 3125 unam,
1405 3064 1498 3125 ait,
1545 3063 1794 3126 Domino,
1828 3077 1883 3118 et
1912 3066 2073 3118 aliam
2130 3082 2296 3135 capro

2364 602 2560 645 statuet
2589 595 2759 646 rit-um
2780 604 2901 646 ante
2921 595 3195 644 deminuat
3223 633 3237 655 ,
3277 604 3333 644 stt
3389 593 3579 659 {urtdut
3598 606 3774 654 preces
3799 605 3971 655 super

2364 702 2442 738 co.
2474 685 2610 751 Quia
2640 688 2783 739 cnim
2801 698 3004 738 sortem
3038 686 3311 739 emissuii
3341 686 3581 737 tiisinms
3611 683 3844 752 ﬁgurate
3872 695 3972 734 rb

2369 778 2494 830 ferri
2518 779 2584 830 ad
2615 761 2820 831 Christi
2851 778 3218 838 divinitatem,
3279 785 3483 830 statuet
3541 777 3682 827 hanc
3745 775 3968 831 vivam.

2369 871 2760 940 impassibilcm
2804 871 3146 931 custodiens,
3199 878 3260 922 ut
3291 884 3390 938 per
3431 883 3554 921 eam
3603 868 3964 934 deprecatur.

2368 961 2540 1015 Nemo
2582 962 2728 1015 enim
2775 971 2957 1029 potest
3004 961 3280 1014 dimittere
3340 969 3584 1026 peccata,
3638 957 3749 1010 nisi
3814 957 3975 1008 solus

2376 1053 2536 1106 Deus.
2581 1051 3021 1105 Dimittitautem
3049 1067 3174 1104 eum
3226 1051 3279 1102 in
3313 1049 3630 1108 solitudine,
3683 1057 3759 1106 et,
3823 1046 3974 1097 sicut

2373 1146 2522 1198 aiunt
2553 1141 2718 1206 L‘X,
2749 1143 2977 1210 portabit
3010 1142 3185 1192 hircus
3221 1156 3378 1205 super
3409 1156 3465 1191 se
3489 1138 3704 1189 nomina
3757 1151 3972 1194 eorum,

2372 1241 2426 1290 iu
2461 1247 2656 1289 terram
2680 1235 3007 1294 solitariam,
3037 1235 3152 1285 sive
3178 1234 3398 1284 iuriam.
3437 1230 3714 1283 Desertam
3739 1241 3973 1281 terram,

2375 1340 2430 1383 et
2461 1329 2780 1391 solitariam,
2815 1327 2930 1379 sive
2963 1326 3163 1378 inviam
3231 1324 3546 1376 nullatenus
3584 1319 3976 1372 existimemus

2375 1410 2524 1474 nunc
2557 1421 2610 1472 in
2637 1421 2882 1488 quolibet
2912 1418 3056 1471 malo
3090 1426 3350 1485 oportere
3390 1414 3592 1482 accipi,
3657 1426 3846 1478 neque
3877 1424 3978 1477 per

2379 1516 2482 1566 hoc
2515 1513 2728 1580 piorum
2753 1527 2935 1574 aures,
2965 1510 3019 1562 hi
3046 1509 3136 1578 qui
3168 1508 3236 1561 ad
3282 1507 3620 1575 impietatem
3649 1506 3828 1574 legent
3865 1512 4008 1564 tra-_

2377 1606 2537 1667 bunt,
2576 1604 2925 1658 conturbent.
2965 1602 3244 1655 Desertam
3293 1600 3443 1652 enim
3485 1615 3514 1652 a
3549 1594 3878 1655 maludicit,
3929 1602 3983 1644 ct

2380 1694 2702 1755 solitariam,
2734 1693 2850 1745 sive
2881 1693 3109 1754 inviam,
3145 1706 3266 1760 qua:
3293 1690 3363 1743 ab
3407 1688 3850 1756 intelligibilil-us
3881 1685 3982 1736 bo-

2380 1788 2556 1841 stibus
2576 1785 2842 1838 ambulari
2872 1798 2982 1836 non
3017 1792 3221 1850 potest,
3253 1781 3306 1833 in
3332 1797 3439 1850 qua
3465 1779 3608 1833 Deus
3637 1780 3878 1836 habitat,
3931 1785 3982 1826 et

2381 1887 2626 1949 apparet,
2649 1877 2792 1946 quod
2816 1874 3130 1929 manifestat
3164 1875 3328 1927 David
3352 1874 3547 1927 dicens
3581 1891 3593 1923 :
3657 1871 3800 1923 Deus
3839 1868 3984 1920 Dus

2384 1988 2549 2031 meus,
2583 1975 2653 2023 ad
2692 1980 2741 2022 te
2761 1971 2824 2021 de
2842 1969 2956 2020 luce
2985 1967 3165 2037 vigilo.
3212 1965 3464 2020 Sitiritiu
3519 1975 3568 2016 te
3598 1964 3785 2014 anima
3839 1977 3985 2019 mea,

2383 2080 2542 2133 quam
2590 2050 2955 2127 multipliciter
2981 2061 3074 2112 tibi
3106 2075 3232 2112 caro
3269 2075 3408 2111 mea.
3463 2056 3524 2109 In
3568 2057 3798 2115 deserto,
3840 2064 3895 2105 et
3935 2054 3988 2103 in

2382 2158 2542 2219 invio,
2567 2167 2616 2208 et
2646 2157 2922 2223 inaquoso,
2953 2155 3026 2206 sic
3061 2155 3117 2205 in
3155 2161 3339 2206 sancto
3365 2150 3595 2218 apparni
3618 2148 3732 2208 tibi,
3759 2156 3816 2198 ut
3838 2147 3988 2198 tide-

2387 2264 2495 2299 rcm
2519 2249 2762 2300 virtutem
2792 2257 2959 2301 tuam.
2985 2255 3032 2298 et
3060 2245 3286 2314 gloriam
3322 2254 3470 2295 tuam
3512 2243 3580 2295 ⁵³.
3623 2242 3764 2308 Ergo
3793 2238 3990 2292 deSer-

2388 2349 2502 2392 tum
2524 2348 2579 2391 et
2599 2337 2826 2400 invium,
2848 2347 3097 2389 sanctum
3132 2346 3236 2398 est,
3259 2344 3314 2387 et
3345 2333 3530 2386 Sancti
3556 2343 3874 2385 sanctorum
3901 2331 4003 2380 ha-

2390 2432 2706 2492 bitaculum,
2735 2430 2825 2482 ubi
2859 2431 2912 2482 in
2946 2431 3115 2482 ccelos
3148 2428 3403 2482 divinitas
3429 2437 3676 2494 tempore
3715 2422 3994 2493 passionis

2390 2524 2590 2576 abiisse
2627 2522 2850 2585 dicitur,
2883 2537 2994 2574 non
3025 2521 3092 2573 de
3124 2521 3244 2572 loco
3280 2521 3349 2572 ad
3376 2519 3556 2572 locum
3594 2517 3860 2585 migrans,
3898 2515 3994 2566 sed

2392 2616 2659 2669 cohibens
2693 2614 2968 2682 propriam
3000 2613 3262 2664 virtutem
3302 2627 3368 2664 ex
3406 2609 3774 2664 humanitate,
3804 2616 3863 2657 ut
3895 2606 3996 2656 da-

2401 2717 2486 2759 rct
2515 2706 2753 2774 spatium
2782 2703 3047 2772 passioni.
3080 2704 3134 2756 in
3187 2704 3306 2756 loco
3355 2702 3522 2770 digno
3576 2699 3702 2760 sibi,
3765 2698 3821 2748 in
3867 2697 3997 2750 sinu

2396 2798 2573 2850 Patris
2606 2796 2860 2849 videlicet
2887 2810 3138 2847 manens.
3170 2794 3252 2846 Ad
3281 2809 3404 2861 qua:
3430 2793 3612 2844 nullus
3631 2790 3998 2847 acerdit.nisi

2397 2891 2516 2958 ipse
2549 2901 2601 2942 et
2635 2898 2860 2942 sanctus
2892 2886 3151 2956 Spiritus,
3176 2896 3232 2938 et
3258 2884 3388 2953 quia
3422 2885 3538 2950 ipse
3588 2883 3639 2934 in
3689 2881 3856 2934 Patre
3887 2889 3998 2935 est.

2399 2992 2447 3033 ct
2484 2982 2720 3049 Spiritus
2740 2989 2985 3042 sanctus,
3007 2978 3150 3030 sicut
3178 2977 3512 3045 evan‘gelicis
3536 2973 3834 3027 didicimus
3879 2970 3999 3023 Lit-

2401 3075 2552 3137 teris,
2583 3087 2713 3140 ergo
2745 3072 2917 3135 abire,
2954 3071 3216 3123 cohibere
3260 3068 3521 3137 intellige.
3554 3065 3646 3118 Sic
3681 3065 3833 3117 enim
3856 3062 4002 3114 Deus

719 3153 1024 3217 emiswrio,
1056 3169 1164 3206 non
1196 3155 1286 3207 alii
1325 3155 1427 3207 nisi
1449 3156 1683 3216 Christo,
1710 3157 1850 3210 sicut
1881 3160 2134 3226 superius
2155 3159 2296 3212 dixi-
2327 3177 2370 3231 ο
2405 3166 2576 3229 abire,
2601 3165 2692 3231 qui
2724 3163 2926 3232 ubique
2957 3177 3201 3232 przesens
3248 3169 3353 3222 est,
3391 3174 3516 3212 cum
3577 3172 3732 3209 suam
3773 3153 4002 3207 cohibet

721 3259 861 3296 mus.
890 3245 943 3297 Si
969 3246 1190 3299 inimico
1206 3247 1420 3299 cuidam
1469 3257 1524 3299 ct
1575 3247 1809 3317 maligno
1851 3264 1968 3301 sors
1994 3259 2087 3302 aut
2117 3251 2302 3305 hircus

721 3337 964 3391 daretur.
991 3353 1096 3389 non
1128 3342 1415 3389 sortiretur
1448 3353 1570 3390 cum
1601 3338 1732 3412 Deo.
1767 3341 1859 3393 sed
1885 3356 1985 3393 nec
2008 3342 2074 3394 ad
2099 3342 2246 3395 ostiu
2267 3357 2298 3392 n

725 3431 1056 3481 tabernaculi
1077 3430 1372 3482 testimonii
1401 3431 1782 3495 deduceretur,
1813 3450 1914 3485 nec
1931 3451 2118 3502 preces
2140 3452 2306 3504 super

725 3534 848 3571 eum
875 3519 1257 3583 funderentur,
1304 3521 1389 3572 vel
1437 3523 1750 3589 propitiatio
1802 3523 1855 3575 in
1913 3539 1977 3576 eo
2029 3538 2300 3593 ageretur.

726 3611 902 3679 Caper
939 3627 1066 3681 ergo
1095 3613 1432 3670 emissarius.
1489 3621 1677 3682 utpote
1728 3616 1818 3682 qui
1846 3617 2080 3670 emissus
2109 3629 2190 3671 est
2251 3628 2306 3673 ct

727 3701 1182 3763 nouimmolatur,
1210 3705 1426 3757 dicitur.
1461 3703 1631 3770 Cujus
1672 3717 1850 3759 autem
1889 3708 1961 3760 rei
1987 3711 2155 3776 gratia
2194 3725 2304 3762 non

729 3793 1061 3855 immolatur,
1082 3795 1172 3860 qui
1199 3795 1262 3846 ad
1296 3794 1665 3860 conﬁrmatum
1701 3795 1995 3864 deputatus
2024 3805 2130 3861 est,
2162 3798 2306 3851 sicut

728 3886 919 3953 Aquila
946 3886 1148 3962 edidit?
1168 3886 1289 3954 quis
1315 3897 1498 3942 autem
1526 3888 1594 3941 sit
1622 3887 1974 3942 conﬁrmatus
1997 3888 2108 3943 sive
2127 3889 2301 3955 fortis,

730 3977 855 4030 audi
892 3976 993 4030 Job
1027 3977 1295 4030 dicentem
1331 3994 1343 4028 :
1370 3976 1507 4043 Scio,
1543 3981 1667 4047 quia
1694 3991 1874 4047 potens
1900 3997 1974 4042 es,
2001 3991 2048 4033 et
2081 3981 2226 4035 nulla
2257 3993 2305 4035 te

733 4071 861 4124 latet
899 4071 1144 4138 cogitatio
1179 4069 1244 4124 ".
1289 4072 1428 4125 Audi
1475 4080 1530 4124 ct
1590 4071 1756 4124 David
1795 4089 1808 4123 :
1880 4072 2305 4129 Firmamentum

733 4171 807 4214 est
835 4159 1086 4212 Dominus
1118 4161 1418 4213 timentibus
1447 4177 1563 4214 cum
1593 4163 1657 4216 “.
1693 4163 1852 4233 Ergo,
1912 4178 2016 4216 una
2085 4163 2305 4232 quidem

735 4263 854 4300 sors
906 4247 1196 4300 immolata:
1250 4248 1401 4300 carni
1459 4247 1686 4312 Christi,
1734 4266 1855 4318 qua:
1881 4266 2004 4304 cum
2039 4251 2188 4304 unita
2238 4253 2308 4305 sit

738 4341 848 4393 Deo
874 4335 1073 4405 Verbo,
1103 4352 1249 4394 recte
1281 4340 1541 4393 Dominus
1569 4343 1900 4396 nominatur.
1924 4341 2151 4412 Propter
2169 4345 2311 4412 quod

739 4431 935 4484 Paulus
959 4433 1063 4485 ait:
1097 4431 1154 4485 Si
1184 4448 1304 4502 ergo
1333 4433 1707 4500 cognouissent,
1739 4451 2007 4504 nunquam
2035 4436 2314 4488 Dominum

739 4525 918 4593 gloriw
998 4524 1374 4592 cruciﬁxicsent
1404 4525 1466 4578 ⁸³.

741 4617 921 4670 Deitas
949 4616 1234 4684 accipitur.

811 4705 1233 4776 Sortisubjiciet.
1298 4707 1428 4762 Sors
1475 4710 1575 4763 ista
1607 4710 1661 4763 in
1713 4710 1816 4763 hac
1842 4712 2146 4778 a:-cipitur:
2199 4713 2314 4766 haec

744 4798 889 4852 enim
915 4799 1096 4852 omnia
1113 4799 1388 4860 obtinens,
1420 4801 1583 4854 etiam
1628 4801 1899 4870 propriam
1937 4818 2158 4856 carnem
2189 4820 2315 4873 pas-

745 4890 897 4944 sione
947 4887 1095 4943 recte
1150 4892 1508 4946 conﬁrmavit.
1559 4891 1850 4961 Propterea
1900 4894 2092 4948 oll'eret
2135 4896 2314 4950 Aaron

746 4999 990 5050 caprum,
1026 4983 1213 5051 inquo
1248 4985 1457 5037 venerit
1499 4985 1548 5038 ci
1573 5001 1693 5039 sors
1740 4986 1988 5048 Domino,
2027 4996 2081 5040 et
2127 4989 2323 5042 θεῖοι-ιιι

747 5091 870 5128 eum
901 5090 995 5142 pro
1024 5084 1264 5143 peccato.
1293 5075 1650 5144 lntelligibilis
1706 5079 1850 5131 enim
1916 5079 2117 5140 Aaron,
2154 5080 2198 5132 is
2229 5081 2320 5149 qui

748 5165 1052 5221 sacerdotio
1083 5175 1271 5219 nostro
1313 5177 1528 5234 praeest,
1591 5168 1658 5222 de
1706 5184 1816 5236 quo
1881 5169 2078 5223 Paulus
2144 5171 2317 5224 dicit:

751 5261 896 5309 Sicut
923 5258 1211 5313 Aaron.sic
1241 5268 1288 5309 et
1329 5257 1563 5312 Christus
1603 5263 1935 5327 semc:ipsmu
1987 5262 2316 5331 gloriﬁcarit,

752 5358 806 5400 ut
839 5348 1080 5400 sacerdos
1109 5347 1253 5414 ﬁeret
1289 5349 1352 5400 “.
1390 5349 1483 5402 llic
1511 5366 1660 5403 suam
1690 5366 1907 5404 carnem
1940 5351 2131 5405 olleret
2158 5354 2319 5416 Patri,

754 5451 807 5491 rt
841 5440 892 5490 in
917 5439 1029 5506 ipsa
1059 5439 1253 5492 olleret
1277 5457 1373 5508 pro
1399 5451 1645 5510 peccato,
1687 5443 1752 5496 de
1803 5459 1910 5511 quo
1973 5445 2173 5499 Paulus
2221 5446 2322 5498 Ile-

758 5531 915 5582 hr.cis
955 5532 1173 5599 scripsit
1208 5549 1219 5584 :
1258 5532 1352 5586 llic
1384 5551 1541 5586 unum
1567 5551 1660 5602 pro
1705 5545 1915 5602 peccato
1965 5537 2180 5603 oﬂ’ercns
2233 5540 2324 5589 I.'o-

760 5626 937 5685 stium,
974 5624 1030 5677 in
1057 5638 1360 5690 perpemum
1395 5627 1531 5678 scdct
1570 5628 1621 5678 in
1652 5628 1835 5679 dextra
1862 5628 1952 5680 Dei
1983 5630 2045 5681 ⁸⁷.

830 5765 872 5794 δ”
908 5765 1065 5818 ΙΙιιιιτ.
1103 5782 1138 5825 t,
1173 5767 1224 5818 5.
1338 5770 1380 5795 "
1416 5767 1547 5820 ibid.

1663 5769 1706 5798 ⁸³
1728 5768 1828 5819 .loh
1861 5787 1909 5824 Χῖ
1932 5787 1987 5826 tt.
2018 5771 2063 5823 ὗ.

767 5835 851 5891 12.
927 5837 970 5865 ⁶¹
1002 5838 1140 5890 νεμι.
1173 5853 1304 5898 ιλιι,
1345 5837 1453 5892 1-5.

1531 5840 1574 5869 ⁸³
1655 5838 1808 5892 Deut.
1851 5842 2028 5902 tv,'.‘l.

1556 4524 1617 4577 ιιι
1697 4526 2074 4581 conﬁrmatum
2132 4538 2311 4582 autem
2350 4514 2390 4566 Ῑ)

2183 5772 2226 5799 ⁸⁸
2254 5770 2394 5823 Ρελι.
2430 5785 2570 5822 inn.
2614 5767 2692 5817 lt.

2108 5843 2149 5871 7"
2181 5840 2369 5893 Matth.
2413 5856 2500 5900 tv,
2533 5837 2624 5889 2i.

2403 3258 2803 3326 operationem,
2840 3255 3061 3307 dicitur.
3099 3252 3286 3306 Portat
3328 3251 3498 3305 etiam
3538 3249 3868 3316 iniquitates
3897 3261 4001 3298 no-

2404 3359 2566 3411 stras,
2596 3349 2723 3416 quia
2760 3347 2901 3416 ignis
2930 3344 3209 3415 proprium
3243 3350 3330 3396 est
3368 3342 3556 3396 fenum
3576 3348 4003 3399 eonsumere,et

2403 3438 2705 3490 divinitatis
2735 3446 3020 3505 peccatum
3055 3434 3348 3502 perimere,
3399 3431 3544 3485 unde
3575 3438 3632 3482 et
3681 3427 3828 3497 ignis
3866 3441 4001 3481 con-

2405 3545 2630 3584 sum-ns
2656 3529 2799 3581 Deus
2829 3528 3034 3580 dicitur
3065 3526 3132 3578 ".

2480 3618 2639 3671 Vens.
2668 3618 2854 3670 ll-l5.
2895 3634 2914 3665 ι
2951 3615 3015 3668 Et
3035 3613 3230 3667 oﬂ’eret
3255 3617 3437 3664 Aaron
3479 3609 3712 3663 vitulum
3751 3622 3855 3675 pro
3874 3620 3993 3674 pee-

2407 3719 2552 3766 cato.
2584 3718 2640 3761 et
2666 3722 2860 3777 rogans
2888 3721 2986 3774 pro
3021 3721 3104 3764 se.
3147 3715 3204 3758 et
3240 3720 3340 3773 pro
3378 3704 3544 3757 domo
3575 3717 3694 3765 sua,
3734 3699 3990 3753 immola-

2411 3803 2490 3855 hit
2518 3817 2664 3855 eum.
2691 3800 3097 3867 Assumptoque
3132 3798 3439 3860 thuribulo,
3469 3793 3616 3863 quod
3665 3794 3736 3848 de
3803 3793 3999 3862 prunis

2411 3892 2599 3946 altaris
2623 3890 2949 3958 impleverit,
2979 3897 3035 3941 et
3066 3888 3331 3941 hauriens
3392 3901 3560 3940 manu
3626 3883 3996 3951 compositum

2415 3984 2707 4054 thymiama
2738 3983 2795 4035 in
2827 3982 3134 4044 incensum,
3166 3979 3308 4032 ultra
3335 3978 3516 4032 velum
3542 3975 3773 4030 intrabit
3800 3976 3859 4029 in
3875 3989 3997 4027 san-

2413 4086 2521 4136 cta.
2580 4083 2641 4128 ut
2697 4073 2892 4143 positis
2944 4087 3111 4141 super
3161 4072 3342 4141 ignem
3400 4069 3763 4128 aromatibus,
3797 4068 3996 4125 nebula

2413 4181 2602 4219 eorum
2630 4172 2685 4218 et
2733 4179 2903 4232 vapor
2932 4162 3142 4231 operiat
3190 4161 3500 4219 oraculum.
3541 4159 3690 4228 quod
3718 4167 3811 4212 est
3839 4172 4001 4226 super

2416 4256 2812 4318 testimonium,
2839 4263 2894 4308 et
2923 4270 3034 4308 non
3062 4253 3349 4307 moriatur.
3385 4271 3404 4303 ι
3961 4323 3982 4332 ⁸

2487 4350 2623 4415 Quia
2641 4349 3141 4418 multalrequenter
3183 4357 3303 4401 acta
3333 4347 3574 4403 diximus
3626 4361 3727 4414 per
3799 4343 4003 4397 sacriﬁ-

2417 4442 2561 4496 cium
2595 4439 2910 4496 Salvatoris.
2939 4437 3253 4492 necessarie
3290 4436 3438 4489 ineo
3490 4434 3680 4488 multa:
3710 4432 4002 4501 exquisita

2419 4543 2548 4588 sunt
2573 4535 2626 4586 in
2653 4534 2768 4602 lege
2785 4532 3130 4585 dill'erentiae.
3153 4528 3546 4598 Principaliter
3573 4540 3706 4596 ergo
3733 4595 3738 4598 ξ
3772 4540 3875 4592 per
3941 4523 4003 4576 il-

2421 4625 2536 4688 lud,
2562 4626 2662 4693 ipsi
2687 4622 2849 4676 Israel
2880 4623 3268 4692 proﬂigabatur
3297 4619 3575 4675 absolutio
3609 4627 3842 4687 propter
3861 4616 4003 4686 quod

2421 4717 2673 4770 dicebat:
2713 4715 2830 4768 Non
2861 4715 2973 4767 reni
3006 4715 3106 4765 nisi
3139 4713 3211 4764 ad
3245 4728 3360 4764 oves
3389 4725 3507 4780 qua:
3533 4708 4006 4778 perieruutdomus

2423 4807 2655 4862 Israel"
2710 4807 2830 4859 Non
2859 4806 3034 4859 solum
3066 4813 3251 4857 autem
3299 4803 3469 4856 Israel
3503 4799 3775 4862 liberatio,
3805 4797 3904 4851 sed
3955 4805 4006 4849 et

2423 4897 2667 4967 gentium
2698 4896 2948 4948 ineratiu
2982 4894 3255 4946 sacrilicio
3303 4891 3503 4944 Christi
3542 4887 3840 4942 correctio.
3899 4883 4008 4938 lloc

2425 4997 2606 5040 autem
2639 4996 2825 5054 aperte
2856 4983 3053 5036 Paulus
3074 4996 3372 5050 exponens,
3401 4982 3465 5033 ad
3496 4978 3767 5046 Ephesios
3798 4975 4003 5030 scribe-

2425 5078 2550 5130 bat:
2581 5077 2640 5132 Ut
2669 5079 2798 5130 duos
2822 5075 3008 5127 condat
3040 5074 3098 5125 in
3143 5072 3441 5139 semetipso,
3493 5069 3545 5120 in
3610 5083 3773 5119 unum
3821 5081 4004 5118 novum

2423 5170 2680 5221 hominem
2701 5168 2896 5236 faciens
2925 5181 3104 5232 pacen
3131 5172 3178 5216 ct
3207 5161 3505 5215 reconciliet
3551 5160 3734 5211 ambos
3798 5159 3855 5208 in
3907 5173 4007 5208 uno

2425 5278 2639 5330 corpore
2680 5259 2803 5321 Deo,
2847 5276 2937 5327 per
2971 5273 3176 5309 crucem
3226 5254 3543 5322 interﬁciens
3593 5251 3910 5304 inimicitias
3959 5253 4009 5302 in

2429 5353 2725 5419 semetipso,
2754 5361 2800 5402 et
2843 5350 3047 5403 veniens
3097 5346 3472 5416 evangelizuvit
3523 5358 3700 5409 pacem
3726 5341 3874 5392 vobis
3924 5340 4009 5406 qui

2433 5445 2583 5512 longe
2614 5443 2808 5512 fuistis,
2832 5450 2877 5491 et
2920 5455 3100 5507 putent
3132 5437 3209 5488 Iris
3250 5437 3337 5505 qui
3368 5451 3528 5503 prope
3558 5434 3620 5482 ".
3655 5431 3846 5498 Longe
3883 5443 4008 5498 gen-

2437 5547 2518 5590 tes
2549 5535 2832 5604 appellans
2857 5534 2983 5600 quia
3011 5532 3169 5598 longe
3222 5529 3290 5581 ab
3321 5527 3467 5588 omni
3530 5524 3712 5576 tltvina
3778 5520 4007 5572 scientia

2435 5637 2612 5686 erant,
2644 5627 2793 5693 juxta
2830 5623 2992 5677 Israel
3023 5636 3186 5690 quem
3222 5619 3588 5688 propinquare
3625 5612 3932 5688 prophetat.
3958 5618 4009 5660 et

2771 5766 2811 5790 ”
2842 5765 2856 5817 l
2885 5761 3004 5816 Cor.
3043 5779 3101 5817 :t.
3138 5760 3188 5811 8.
3269 5761 3314 5794 "
3350 5757 3509 5810 llebr.
3549 5773 3599 5821 v,
3635 5753 3684 5805 4.
3765 5751 3811 5781 θ’
3847 5750 4004 5812 Ηρδτ,

2699 5835 2740 5865 τί
2779 5834 2976 5900 Ιίβὴςε.
3010 5849 3066 5894 n,
3097 5829 3279 5884 l5-l7.
