4218 6450
233 403 334 465 993

1393 412 1469 470 ΙΝ
1516 413 1954 475 ιΕῑίΤῑευΜ.
1987 442 2052 449 υ-
2094 417 2238 476 LlB.
2276 420 2342 479 V.

3392 434 3490 499 994

230 515 313 568 lex
344 513 594 571 iaciebat.
636 518 845 575 Dehine
872 522 1205 577 subnectens
1234 521 1433 578 Paulus
1468 525 1629 578 dixit:
1665 523 1801 590 Quia
1835 538 1877 591 Α
1907 529 2169 584 Adeamus
2201 548 2319 584 eum
2345 534 2661 602 conﬁdentia
2696 538 2770 591 ad
2803 539 3045 594 thronum
3071 543 3255 613 glorier
3287 545 3399 614 ejus
3424 550 3492 600 ⁸⁸.

230 624 317 674 per
341 609 508 677 ipsum
526 610 774 664 habemus
794 628 1081 676 accessura,
1106 615 1316 684 utrique
1340 616 1392 667 in
1417 632 1519 669 uno
1534 618 1721 685 spiritu
1745 620 1816 672 ad

236 698 445 752 l‘atrem
478 700 541 755 τ’.
569 701 819 756 immolat
845 720 976 774 ergo
1038 705 1403 774 intelligibilis
1435 710 1618 759 Aaron
1669 709 1806 762 vitu-

227 790 359 855 lutn,
388 791 437 848 id
472 801 554 848 cst
578 797 856 865 propriam
916 814 1166 865 carnem,
1197 801 1356 869 cujus
1394 802 1573 856 hostia
1597 804 1814 870 quando

228 881 533 938 inJudaica:
557 886 733 954 plebis
752 887 1137 944 liberationem
1165 894 1451 964 accpitnr,
1480 896 1810 949 Sacrificium

228 974 378 1028 \ituli
404 980 713 1033 necessarie
742 985 1084 1048 assumitur;
1121 985 1357 1039 habebat
1388 988 1533 1041 enim
1569 990 1684 1056 ipse
1744 990 1813 1043 le-

226 1068 396 1136 galem
427 1070 900 1138 justiﬁcationem,
942 1078 1182 1131 maxime
1244 1085 1303 1131 ut
1335 1089 1523 1146 aperte
1552 1083 1811 1148 praedica-

228 1171 346 1213 ret:
383 1161 503 1214 Non
537 1168 653 1217 veni
684 1167 882 1221 solvere
911 1168 1098 1238 legem,
1132 1171 1221 1223 sed
1277 1171 1496 1240 implere
1522 1173 1587 1223 ⁷³.
1612 1174 1811 1229 l'aulns

226 1263 406 1308 autem
430 1256 494 1309 tle
528 1257 647 1326 ipso
681 1259 898 1314 diccbat
937 1279 947 1312 :
1006 1262 1149 1315 Misit
1201 1264 1343 1318 Deus
1385 1264 1583 1319 Filium
1631 1283 1805 1329 suum,

226 1346 510 1410 factumex
549 1348 792 1416 muliere,
814 1352 1014 1421 factum
1037 1357 1130 1408 sub
1154 1355 1286 1425 lege,
1324 1348 1395 1411 ἀι
1448 1374 1536 1412 eos
1583 1362 1674 1424 qui
1714 1360 1808 1413 sub

225 1436 334 1505 lege
357 1448 528 1499 erant.
564 1442 846 1495 redimeret
874 1444 941 1498 '”.
971 1445 1095 1499 llaec
1147 1457 1332 1502 autem
1358 1450 1561 1503 vitulus
1587 1460 1808 1519 propter
1839 1448 1843 1451 ⁷

214 1530 404 1600 jugum
443 1538 831 1594 mandatorum
856 1551 982 1611 apte
1016 1544 1358 1614 intelligitur.

284 1624 495 1696 Rogaus
527 1646 716 1694 prose.
743 1634 1013 1691 Videlicet
1076 1653 1174 1701 pro
1219 1640 1561 1695 humanitate
1588 1660 1602 1707 ;
1641 1643 1804 1713 hujus

212 1718 357 1771 enim
393 1721 448 1774 in
475 1724 774 1795 semetipso
792 1728 1019 1798 ﬁguram
1064 1731 1305 1801 gerebat.

281 1809 384 1866 Sed
411 1824 460 1867 et
494 1831 591 1884 pro
621 1818 775 1872 domo
792 1836 913 1875 sua.
967 1819 1195 1893 Proprie
1225 1838 1351 1877 eum
1389 1824 1481 1893 qui
1522 1827 1624 1879 sub
1685 1827 1802 1897 lege

1921 619 2033 674 llee
2058 637 2188 693 ergo
2214 624 2558 696 intelligbilc
2582 629 2796 684 dicebat
2818 631 3009 695 altare.
3059 638 3205 705 quod
3261 638 3492 694 manife-

1917 719 2201 780 stautqme
2228 724 2576 784 sequuntur;
2612 720 2688 774 ait
2712 722 2859 774 enim
2894 739 2907 774 :
2949 726 3011 779 (Et
3040 729 3365 798 accipiamus
3399 733 3486 783 mi-

1915 802 2276 871 sericordiam,
2305 816 2353 859 et
2383 809 2613 876 gratiam
2648 812 2980 867 inveniamus
3008 818 3063 869 in
3083 822 3285 874 uua-ilia
3312 840 3491 893 oppor-

1916 902 2040 945 tune
2069 895 2133 950 κ’.
2170 897 2372 972 llornrn
2409 904 2557 957 enim
2588 914 2878 975 utrumque
2895 911 2963 963 ab
2991 911 3145 966 altari
3177 915 3293 969 sine
3315 920 3491 989 aliqua

1914 982 2193 1040 dubietate
2232 991 2584 1060 percipimus.
2622 995 2725 1052 Sed
2754 1001 2883 1068 quid
2907 1001 2959 1054 in
2994 1003 3078 1055 his
3101 1020 3222 1073 qum
3250 982 3490 1075 sequun-

1917 1085 2025 1137 lur.
2056 1078 2338 1148 lcgislatnr
2374 1086 2653 1143 subdidit?

1984 1169 2050 1223 Et
2078 1172 2330 1229 hauriens
2357 1193 2519 1232 manu
2551 1182 2843 1253 thymiama
2867 1190 3207 1257 compositum
3226 1194 3281 1245 in
3308 1195 3489 1248 incen-

1910 1277 2045 1324 sum,
2070 1264 2210 1317 ultra
2236 1267 2407 1322 velum
2438 1272 2659 1328 intrabit
2690 1278 2744 1329 in
2773 1291 2978 1334 saneta.
3021 1281 3112 1335 Vel
3140 1285 3278 1339 sicut
3310 1287 3481 1342 LXX:

1912 1353 2240 1424 Etimplrbit
2300 1376 2489 1414 manus
2541 1380 2666 1419 suas
2707 1369 3053 1437 thymiamate
3100 1378 3489 1443 compositionis

1908 1446 2132 1509 subtilis,
2202 1459 2250 1502 et
2291 1452 2467 1520 offeret
2523 1456 2743 1512 interius
2783 1462 2837 1514 in
2888 1463 3140 1523 interiora
3192 1470 3486 1528 velamiuis.

1910 1533 2051 1589 Dicit
2076 1548 2259 1592 autem
2288 1543 2595 1599 orationem
2623 1548 2689 1602 de
2722 1565 2826 1613 qua
2858 1552 2995 1608 dixit
3022 1555 3191 1612 David
3222 1576 3235 1611 :
3266 1560 3478 1633 Dirigao

1911 1636 2000 1679 tur
2035 1631 2207 1684 oratio
2236 1650 2372 1697 mea,
2402 1636 2537 1691 sicut
2562 1640 2828 1696 incensum
2878 1646 2933 1697 in
2979 1663 3252 1717 conspectu
3308 1664 3396 1706 tuo
3416 1654 3483 1708 δ’.

1909 1720 2033 1774 Hn-c
2060 1738 2190 1794 ergo
2223 1730 2445 1795 quando
2470 1734 2752 1788 stecttlaria
2814 1752 3056 1805 oramus,
3119 1758 3300 1799 crassa
3348 1762 3487 1816 quo-

1906 1813 2223 1879 damtnodo,
2255 1828 2441 1875 etnon
2475 1824 2695 1879 subtilis
2732 1836 2834 1881 est.
2900 1830 3128 1896 Quando
3152 1845 3333 1891 autem
3371 1841 3485 1910 spi-

1076 1886 1092 1893 -
1407 1886 1421 1893 -
1739 1886 1757 1897 ι
2910 1886 2942 1896 η
3156 1886 3333 1891 πη---
3371 1886 3451 1910 η..

211 1903 429 1959 νίνθδὲῑ
458 1909 741 1978 ροριιιυηι,
784 1914 875 1981 qui
906 1915 1115 1981 domus
1149 1916 1320 1985 ipsius
1349 1929 1571 1986 propter
1598 1935 1797 1988 cogita.
1834 1886 1874 1940 Β
1907 1906 2083 1960 ritalia
2115 1911 2371 1978 petimus,
2416 1914 2467 1967 id
2492 1926 2575 1969 est
2598 1918 2882 1975 scientiam
2921 1924 3187 1989 divinam,
3253 1946 3483 2001 regnum

209 1995 415 2050 tionem
450 1998 570 2063 luit,
601 2001 748 2056 venit
794 2002 1050 2058 liberare.
1101 2006 1327 2074 Propter
1356 2009 1499 2076 quod
1530 2007 1798 2077 Cleophas

204 2087 423 2143 dicebat
453 2106 465 2140 :
496 2092 605 2145 Nos
634 2103 810 2147 autent
834 2098 1203 2166 sperabamus,
1238 2100 1361 2169 quia
1394 2102 1501 2168 ipse
1541 2112 1673 2155 esset
1714 2119 1796 2155 re-

202 2176 514 2247 dempturus
540 2182 709 2236 Israel
734 2186 797 2239 ⁷⁵.

274 2270 833 2345 Immolabitgueeum.
898 2278 1017 2349 ipse
1065 2282 1212 2335 enim
1241 2283 1519 2352 propriam
1572 2301 1790 2341 Carnem

202 2359 543 2427 immolavit;
579 2365 695 2433 ipse
735 2366 819 2419 sui
845 2369 1099 2422 sacriﬁcii
1133 2373 1374 2438 pontifex
1431 2375 1483 2427 in
1533 2369 1681 2430 'Sion
1708 2380 1791 2431 [δη

198 2463 327 2506 ctus
352 2465 457 2520 est,
497 2459 715 2525 quando
743 2462 1023 2529 sanguinis
1080 2466 1206 2517 novi
1261 2470 1578 2523 testamenti
1628 2471 1791 2525 dabat

196 2545 448 2603 calicem.

269 2638 646 2710 Assumptoque
675 2642 962 2709 thuribuio,
1017 2648 1155 2715 quod
1183 2648 1247 2701 de
1271 2651 1454 2716 prunis
1478 2651 1668 2705 altaris
1690 2655 1788 2706 int-

194 2732 437 2799 pleverit.
471 2734 859 2802 Thuribulum,
882 2740 1122 2809 linguam
1151 2742 1490 2798 llcminicam
1524 2747 1611 2800 hic
1633 2749 1781 2812 dicit,

194 2825 258 2876 in
284 2826 398 2893 ipsa
430 2828 578 2880 enim
606 2838 721 2882 erat
763 2829 1014 2899 Spiritus.
1055 2834 1232 2887 Sumit
1267 2852 1396 2905 ergo
1420 2838 1637 2907 plenmn
1660 2843 1786 2893 thu—

195 2915 435 2969 ribulmn
462 2918 813 2983 carbonibus,
865 2922 991 2990 quia
1028 2925 1298 2979 sacrilicio
1353 2942 1453 2980 suo
1489 2929 1782 2983 doctoralia

191 3008 389 3072 verba,
422 3024 542 3078 quc
572 3020 731 3064 erant
760 3012 947 3067 divina
974 3023 1031 3067 et
1061 3016 1327 3083 ctelestia,
1356 3020 1605 3087 protinus
1630 3023 1783 3075 addi-

192 3102 298 3165 dit,
335 3103 401 3156 de
438 3105 637 3173 quibus
682 3107 845 3161 David
914 3110 1130 3164 diccbat
1168 3128 1182 3163 :
1232 3114 1500 3169 Carbone:
1549 3123 1781 3173 succensi

1906 1998 2194 2067 caelorum,
2236 2006 2616 2063 remissionem
2665 2022 3038 2080 precatorum.
3072 2021 3288 2077 subtilis
3334 2041 3487 2094 qua--

1903 2089 2027 2143 dam
2062 2100 2167 2156 est,
2204 2104 2394 2165 utpote
2419 2100 2679 2169 spiritalis
2725 2114 2781 2158 et
2806 2089 3367 2185 intelligibilis,quani
3399 2120 3484 2174 in-

1900 2183 2196 2255 telligibilis
2215 2191 2473 2246 sacerdos
2494 2209 2594 2263 pro
2622 2198 2782 2253 nobis
2811 2200 2991 2256 ollert.
3017 2183 3363 2263 Manifestum
3384 2228 3485 2265 an-

1904 2288 2009 2330 tem
2043 2290 2125 2333 est
2160 2297 2224 2337 ex
2253 2297 2320 2336 eo
2350 2286 2495 2353 quod
2548 2302 2647 2357 pro
2678 2290 2963 2359 discipulis
3010 2296 3262 2355 Christus
3293 2318 3482 2369 orans,

1896 2370 2390 2428 sanctificationcm
2423 2377 2501 2431 eis
2529 2387 2586 2433 et
2612 2381 2883 2437 unitatem
2906 2400 3114 2453 secum,
3147 2389 3484 2448 libertatem-

1892 2477 1998 2529 que
2040 2462 2091 2515 in
2119 2466 2355 2531 'muntlo,
2381 2477 2436 2522 et
2472 2471 2576 2525 alia
2623 2473 2749 2527 talia
2796 2476 3147 2546 deposcebat.
3175 2482 3404 2539 Intrabit
3429 2490 3485 2541 in

1891 2564 2109 2617 saneta;
2135 2556 2271 2622 sive,
2306 2563 2602 2616 secundum
2640 2564 2871 2634 LXX,”
2901 2571 3075 2639 offeret
3118 2575 3173 2626 iu
3225 2576 3483 2632 interiora

1894 2646 2204 2707 velamiuis.
2234 2653 2419 2705 carnis
2447 2654 2703 2711 videlicet
2738 2674 2869 2713 SILI}.
2896 2662 3097 2717 Oﬂerel
3136 2677 3339 2731 autem,
3361 2672 3484 2723 cui?

1888 2738 2032 2793 Patri
2070 2743 2339 2810 videlicet,
2369 2749 2495 2816 quia
2526 2749 2641 2804 bzec
2669 2752 2885 2820 quidem
2920 2756 3204 2813 manifesta
3232 2763 3483 2831 aspectui

1888 2833 2129 2885 omnium
2164 2835 2576 2904 przcl'ercbatnr,
2604 2840 2720 2909 ipse
2737 2853 2916 2897 autem
2939 2856 3056 2899 erat
3082 2846 3375 2906 invisibilis
3405 2871 3418 2905 :

1964 2923 2028 2978 Ut
2058 2927 2244 2992 positis
2278 2944 2437 2997 super
2464 2932 2636 3000 ignem
2685 2937 3035 3002 aromatibus,
3075 2940 3266 2995 nebula
3300 2960 3481 2999 eorum

1886 3023 1934 3067 et
1965 3032 2130 3085 vapor
2165 3020 2370 3087 aperiat
2399 3022 2696 3089 oraculum,
2734 3032 2872 3096 quod
2913 3040 2987 3083 est
3034 3048 3195 3102 super
3243 3036 3479 3090 testimo-

1891 3110 2060 3171 nium,
2095 3120 2144 3164 et
2176 3128 2279 3165 non
2307 3116 2587 3169 moriatur.
2637 3118 2935 3185 Dupliciter
2981 3123 3068 3177 hic
3096 3128 3238 3193 quod
3276 3129 3481 3183 dicit:.r

188 3205 317 3247 sunt
345 3196 409 3249 ab
431 3212 488 3249 eo
512 3198 574 3248 ".
615 3197 729 3253 Hoc
760 3200 1001 3256 Joan..es
1030 3204 1083 3257 in
1138 3219 1293 3258 cmaa
1325 3215 1443 3261 acta
1494 3220 1775 3280 postquam

1904 3199 2168 3273 intelligo.
2221 3203 2359 3269 Quia
2385 3222 2513 3276 ergo
2545 3208 2725 3263 Aaron
2778 3211 2951 3279 ipsius
2991 3215 3194 3271 Christi
3251 3219 3477 3290 ligarant

187 3286 215 3340 J
229 3289 367 3345 mlas
384 3302 468 3344 est
487 3306 741 3361 egressus
761 3295 977 3363 Scripsit
996 3299 1065 3362 ⁷⁷,
1088 3298 1140 3350 in
1161 3299 1378 3367 quibus,
1394 3305 1667 3369 quomodo
1682 3306 1797 3374 qui_

187 3384 322 3436 dem
352 3382 513 3439 Pater
551 3387 603 3438 in
634 3388 774 3455 ipso,
809 3390 1086 3458 quomodo
1130 3401 1313 3445 autem
1348 3392 1464 3462 ipse
1483 3410 1607 3449 cum
1639 3401 1709 3450 sit
1738 3398 1795 3452 in

187 3472 383 3539 Patre,
412 3475 595 3529 mittat
622 3478 829 3532 donum
862 3480 1105 3550 Spiritus
1130 3499 1145 3546 ;
1170 3485 1447 3551 quomodo
1490 3485 1653 3541 Pater
1713 3499 1795 3545 est

183 3565 451 3633 agricola,
507 3568 622 3637 ipse
655 3570 799 3635 vitis,
828 3573 1062 3641 apostoli
1089 3590 1220 3627 vero
1243 3575 1492 3643 palmitis
1518 3595 1531 3642 ;
1558 3594 1792 3647 quomo-

184 3659 263 3710 do
309 3658 564 3728 princeps
603 3662 794 3716 mundi
834 3663 1002 3733 hujus
1053 3665 1356 3734 iudicetur,
1396 3668 1607 3738 aliaque
1628 3686 1794 3742 expo-

182 3750 276 3802 nit
305 3750 583 3817 miracula,
607 3768 728 3821 qua:
763 3766 894 3809 sunt
946 3760 1223 3813 carbones
1249 3761 1405 3829 ignis,
1432 3770 1619 3831 utpote
1647 3764 1792 3817 cale-

183 3841 446 3895 facientia
473 3857 573 3897 nos
604 3846 670 3898 ad
701 3846 980 3915 pietatem,
1028 3864 1153 3903 cum
1185 3854 1298 3904 sint
1330 3855 1658 3921 generaliter
1679 3856 1790 3929 spi-

183 3932 369 3986 ritalia
410 3936 542 3990 :sed
573 3945 628 3989 et
648 3940 840 4005 altare,
873 3942 1020 4010 quod
1068 3944 1374 3998 secundum
1432 3944 1597 4013 LXX,
1660 3958 1787 4002 ante

180 4024 498 4081 Dominum.
532 4027 645 4085 lloc
668 4038 853 4085 autem
896 4048 1016 4087 esse
1046 4050 1140 4088 sex
1187 4036 1507 4099 (Lherubim.
1556 4042 1608 4092 in
1649 4041 1783 4110 ipsis

176 4120 478 4186 prooemiis
505 4120 629 4175 libri
658 4121 827 4193 hujus
874 4126 1240 4182 osmndimus.
1267 4129 1381 4183 Illic
1410 4131 1558 4184 enim
1594 4134 1784 4187 carbo-

1902 3293 2063 3362 get'il,
2097 3306 2318 3364 propter
2343 3301 2632 3354 sacerdotii
2674 3303 3015 3373 dignitatem,
3055 3307 3280 3378 figurant
3312 3313 3476 3369 etiam

1898 3385 2037 3454 gerit
2084 3390 2327 3457 corporis
2379 3394 2744 3448 sacerdotum.
2791 3396 3201 3470 Superimponit
3256 3408 3475 3475 quidem

1901 3476 2155 3532 Christus
2181 3480 2362 3550 ignem
2400 3493 2665 3549 aromata,
2718 3487 2770 3539 id
2829 3498 2911 3542 est
2953 3492 3255 3548 orasioncm
3311 3513 3478 3566 super

1895 3572 2297 3637 doetrinam,et
2326 3577 2505 3644 operit
2552 3594 2715 3647 vapor
2750 3596 2939 3634 eorum
2994 3584 3229 3653 nebulae,
3281 3588 3332 3641 id
3392 3600 3477 3644 est

1894 3666 2161 3719 orationis
2194 3666 2388 3721 virtus.
2425 3666 2715 3724 Oraculum
2777 3674 2916 3742 quod
2946 3684 3019 3727 est
3044 3692 3202 3746 super
3240 3681 3473 3733 testimo-

1886 3760 2064 3829 nium;
2128 3760 2178 3813 id
2211 3770 2315 3826 est,
2347 3777 2568 3817 carnem
2608 3780 2784 3830 suam,
2814 3781 2877 3820 es
2907 3783 3011 3837 qua
3044 3771 3357 3839 propitiatio
3375 3789 3472 3827 no-

1890 3851 1974 3907 bis
2003 3853 2309 3923 conquisita
2340 3864 2426 3909 cst
2456 3866 2824 3925 peccatorum,
2849 3868 2904 3913 et
2931 3859 2982 3912 in
3021 3862 3246 3917 salutari
3276 3874 3359 3919 est
3389 3866 3471 3919 vi-

1888 3944 2089 4000 delicet
2112 3948 2383 4015 passione.
2416 3948 2531 4003 lloc
2553 3960 2736 4005 autem
2768 3967 2889 4007 esse
2920 3956 3292 4013 testimonium
3313 3961 3474 4029 paulo

1888 4039 2141 4106 superius
2163 4039 2525 4095 ostendimus.
2554 4041 2622 4094 Et
2676 4058 2775 4095 non
2804 4046 3060 4099 morietur
3104 4052 3473 4119 corruptionis

1888 4137 2085 4192 morte,
2118 4144 2306 4200 neque
2330 4129 2479 4184 enim
2533 4147 2659 4187 caro
2694 4133 2813 4202 eius
2855 4135 2994 4189 vidit
3037 4141 3469 4209 corruptionem,

173 4225 291 4264 nes
356 4210 713 4283 intelligibilis
752 4215 893 4286 ignis
950 4219 1279 4273 constitutos
1327 4235 1468 4284 esse,
1529 4222 1782 4279 Ezechiel

168 4303 457 4372 propheta
476 4304 913 4374 demonstravit;
985 4307 1275 4363 Dominum
1326 4312 1529 4381 quippe
1576 4316 1777 4382 ipsum,

164 4395 279 4461 qui
312 4405 430 4450 erat
459 4396 682 4451 indutus
714 4400 941 4467 pedere,
975 4410 1032 4454 et
1057 4403 1340 4457 accinctos
1375 4405 1608 4458 habebat
1640 4407 1780 4459 lum-
1881 4403 2221 4473 deprecans:
2256 4403 2395 4469 Quia
2461 4421 2564 4459 non
2593 4407 2920 4477 derelinques
2952 4411 3189 4464 animam
3224 4429 3394 4465 meam
3416 4417 3472 4468 iu

162 4489 309 4549 bos,
352 4490 609 4558 proponit
636 4490 913 4547 dicentem
949 4508 964 4545 :
1017 4493 1300 4563 Ingredere
1337 4496 1392 4548 in
1438 4497 1665 4552 medium
1686 4515 1776 4551 ro-
1880 4495 2108 4564 ἱηῙειήο,
2134 4511 2299 4565 neque
2329 4495 2481 4548 άαῦίδ
2508 4509 2751 4549 εαηοηηη
2788 4508 2936 4551 "mm
2974 4501 3147 4554 υίιίτνε
3171 4505 3470 4572 εοννυρείο·

162 4590 363 4632 tarum
387 4581 567 4634 subter
599 4579 909 4647 Cherubim,
942 4596 991 4638 et
1022 4585 1184 4655 imple
1204 4604 1395 4640 manus
1421 4598 1540 4642 tuas
1572 4590 1637 4643 de
1665 4606 1776 4643 me-
1811 4588 1852 4641 D
1883 4602 2000 4639 nem
2024 4586 2093 4643 ⁸³.
2124 4586 2285 4641 Ponit
2312 4594 2492 4640 autem
2525 4588 2898 4659 unusquisque
2924 4592 3182 4646 sacerdos
3210 4594 3279 4648 de
3309 4595 3468 4648 Chri-

157 4673 274 4726 ιιἱο
299 4672 667 4728 Cherubim".
693 4674 830 4739 Quia
858 4691 987 4746 ergo
1014 4677 1186 4732 altare
1210 4678 1569 4749 intelligihile,
1598 4682 1652 4734 in
1673 4698 1783 4751 quo
1888 4685 1972 4731 sto
1998 4677 2242 4746 loquens.
2267 4677 2322 4731 in
2352 4679 2528 4747 ignem
2571 4688 2833 4744 aromata,
2896 4681 3153 4751 spiritalis
3206 4683 3470 4741 doctrina:

157 4765 455 4821 carbones
473 4766 625 4837 ignis
650 4776 803 4832 sunt,
846 4772 1037 4824 sedem
1061 4771 1360 4825 Cherubin:
1388 4782 1606 4843 oportet
1628 4775 1786 4830 intel-

1890 4768 2215 4833 orationem,
2271 4777 2329 4823 et
2376 4770 2642 4825 orationis
2691 4772 2862 4826 virtus
2920 4775 3095 4842 operit
3161 4780 3464 4841 oraculum,

156 4859 299 4929 ligi,
334 4860 462 4914 audi
494 4861 691 4914 Isaiam
715 4862 1032 4916 dicentem:
1064 4863 1133 4916 Et
1176 4865 1311 4917 venit
1355 4866 1427 4917 ad
1453 4881 1534 4918 me
1564 4883 1698 4921 unus
1718 4869 1782 4922 de

1890 4860 2036 4927 quod
2061 4869 2145 4913 est
2171 4874 2338 4929 super
2359 4862 2759 4916 testimonium.
2819 4860 2937 4917 Non
2966 4864 3233 4933 permittit
3284 4875 3463 4922 autem

146 4951 487 5019 Seraphim,
513 4960 562 5003 et
590 4952 645 5004 in
670 4969 833 5006 manu
863 4954 979 5022 ejus
1015 4953 1267 5019 calculus,
1289 4972 1442 5025 quem
1469 4959 1666 5027 forcipe
1696 4970 1782 5014 ιιι-
1885 4970 2011 5007 eum
2047 4968 2294 5022 qua-rere
2317 4953 2386 5008 de
2415 4954 2765 5023 passionibus
2815 4955 3111 5011 Dominieae
3148 4959 3355 5023 carnis,
3401 4975 3462 5012 ea

148 5043 408 5096 leratde
434 5042 622 5111 altari,
658 5054 710 5097 et
746 5046 918 5116 tetigit
963 5063 1019 5100 os
1044 5065 1216 5102 meum
1248 5050 1311 5104 "'.
1363 5049 1517 5116 Quod
1542 5068 1673 5124 ergo
1720 5055 1773 5109 in
1884 5061 2005 5116 quae
2065 5060 2233 5114 suile"
2296 5046 2552 5101 Vi"um
2627 5047 2925 5115 (Ιυίὲτθηιίε
2995 5057 3177 5114 δυτιιῖ
3240 5058 3295 5103 ει
3350 5065 3458 5103 TW“

142 5136 324 5191 coelo
356 5144 441 5190 est
472 5136 643 5190 altare
676 5138 845 5202 aliud,
876 5140 981 5194 nisi
1022 5140 1378 5196 Cherubim?
1413 5144 1520 5198 Sed
1554 5145 1661 5210 his,
1698 5148 1775 5202 si-
1879 5139 2180 5193 mSTiemul'
2204 5154 2267 5193 ea
2299 5155 2419 5208 003’-
2455 5140 2676 5194 de‘i‘m“
2723 5148 2808 5194 εει
2856 5140 3234 5194 ίηδωοδθωίίε
3280 5141 3459 5209 ἰ¹¹ίΙ³²Ῑ’

136 5229 442 5283 cutenitn
473 5238 578 5282 tam
606 5231 878 5300 pontifex,
912 5249 1077 5302 quam
1126 5250 1245 5296 rex,
1297 5236 1439 5289 idem
1479 5247 1533 5291 et
1585 5242 1771 5296 sedem
1878 5232 2277 5302 δίῑοτίδιιενηυῖ
2338 5248 2401 5287 (³³
2463 5241 2721 5302 (ιυεετιιηι
2786 5249 2907 5302 ιιιιω
2974 5231 3290 5287 hominibus
3345 5249 3454 5286 ¹¹⁰²¹

137 5320 368 5385 habet,
403 5332 459 5375 et
486 5322 696 5377 altare:
735 5325 841 5383 hoc
865 5343 997 5397 ergo
1020 5328 1225 5383 Paulus
1274 5331 1515 5386 Hebraeis
1562 5333 1770 5404 signili-
1876 5325 2006 5378 Μ)οῐ
2044 5342 2309 5395 ηυεειέτθο
2345 5336 2539 5381 Νοτιε-

128 5426 315 5469 cans
344 5412 557 5467 dicebat
583 5431 599 5469 :
646 5414 766 5468 Non
826 5420 965 5469 enim
1013 5419 1262 5472 habemus
1317 5420 1632 5488 ponti/irem,
1682 5424 1772 5491 qui
1949 5417 2110 5472 Vens.
2140 5419 2229 5473 Η.
2260 5439 2278 5469 σ
2306 5419 2481 5472 'l‘ollet
2503 5434 2719 5489 quoque
2748 5419 2814 5474 de
2831 5418 3096 5517 sanguine
3117 5416 3267 5517 vituli
3296 5425 3348 5517 et
3368 5432 3458 5472 as-

130 5521 288 5563 non
310 5515 477 5572 potest
514 5510 744 5576 contpati
794 5510 1188 5578 inﬁrmitatibus
1238 5514 1452 5573 nostris,
1517 5524 1771 5566 tentatum
1882 5521 2072 5582 perget
2103 5511 2269 5583 digito
2293 5516 2497 5582 septies
2521 5512 3157 5583 contrapropitiatorium
3179 5511 3245 5563 ad
3268 5510 3453 5564 orien—

122 5604 363 5654 autem
398 5612 491 5663 per
544 5600 722 5651 omnia
752 5617 847 5668 pro
902 5602 1268 5668 similitudine,
1299 5604 1490 5672 aesque
1538 5615 1768 5670 peccato.
1878 5612 2006 5657 tem.
2052 5624 2068 5655 ι

1884 4221 2009 4289 quia
2027 4236 2228 4289 vapore
2254 4233 2560 4276 aromatum
2585 4224 2784 4279 virtute
2811 4226 2995 4296 utique
3020 4231 3284 4285 orationis
3307 4234 3468 4298 illius,

1883 4312 2254 4379 operiebatur,
2289 4313 2357 4367 de
2406 4329 2511 4383 qua
2576 4315 2742 4370 David
2796 4318 2889 4381 ait,
2926 4319 3209 4375 Christum
3254 4321 3469 4379 Patrem

2536 5788 2579 5817 ⁷⁸
2612 5787 2749 5840 Psal.
2794 5805 2933 5851 xvn,
2964 5792 3015 5843 υ.
3093 5788 3138 5818 ⁷⁷
3174 5785 3328 5839 Joan.
3361 5801 3452 5855 xv,

2474 5859 2517 5889 ⁸³
2559 5858 2702 5912 Psal.
2734 5876 2849 5926 cst,
2879 5869 2930 5914 2.
3008 5860 3051 5889 ”
3080 5858 3225 5912 Psal.
3252 5870 3334 5911 sv.

1412 5784 1648 5836 7"Calai.
1702 5800 1774 5844 tv,
1810 5788 1862 5837 4.
1941 5786 1985 5814 ⁷⁵
2014 5784 2142 5839 [.uc.
2194 5804 2335 5850 xxiv,
2370 5789 2457 5842 Ql.

252 5787 297 5816 τ’
326 5786 525 5853 Epites.
586 5802 646 5845 Il,
684 5786 771 5839 18.
850 5786 894 5816 ⁷³
932 5786 1123 5838 Matth.
1153 5804 1204 5850 v,
1246 5786 1334 5838 i7.
1412 5786 1648 5865 “Calai.
1702 5800 1774 5844 ιγ,

252 5873 389 5917 seua.
466 5856 509 5885 τε
543 5857 744 5913 l-Lzerh.
781 5873 833 5917 χ,
870 5857 917 5909 i.
997 5857 1039 5886 7°
1068 5855 1165 5909 l:a.
1200 5875 1273 5919 λι,
1312 5858 1362 5921 6,
1388 5858 1436 5910 Ἰ.
1515 5854 1562 5884 ⁸ο
1587 5856 1750 5908 ltebr.
1789 5873 1795 5905 l

1941 5786 1985 5814 ⁷⁵
2014 5786 2142 5839 Luc.
2194 5804 2335 5850 xxiv,
2370 5789 2396 5842 Ξ

1907 5856 1987 5919 l5,
2026 5855 2109 5910 iii.
2190 5859 2227 5888 ⁸¹
2263 5858 2396 5912 ibid.

122 5869 161 5922 ι
225 5873 389 5917 seua.
466 5856 509 5885 τε
543 5857 744 5913 l-Lzerh.
781 5873 833 5917 κ,
870 5857 917 5909 l.

850 5786 894 5816 ⁷³
932 5784 1123 5838 Matth.
1153 5804 1204 5850 v,
1246 5786 1334 5838 i7.

997 5857 1039 5886 7“
1068 5855 1165 5909 l:a.
1200 5875 1273 5919 λι,
1312 5858 1362 5923 6,
1388 5858 1436 5910 Ἰ.
