4218 6450
703 422 806 485 395
1900 413 1948 474 ii
1960 415 2132 472 ESYC
2144 416 2189 473 ii
2205 415 2256 473 [Ι
2299 412 2732 472 PRESBYTER
2748 412 2770 470 ἶ
3888 406 3975 466 -ἐὸδ

769 537 898 594 Sive
927 543 986 591 ut
1015 533 1175 600 LXX,
1218 540 1469 602 aspergct
1519 529 1683 600 digito
1735 545 1834 582 suo
1869 545 2034 598 super
2095 531 2280 599 propi-
2313 537 2354 591 Α
2386 530 2508 583 dam
2544 545 2652 582 non
2693 542 2945 597 popilius,
2983 541 3130 580 unm:
3155 537 3335 582 autem
3377 527 3629 596 populus,
3673 553 3725 579 ..ε
3767 541 3878 596 quo
3903 537 3968 579 de

703 626 976 682 tiatorium
1028 625 1093 678 ad
1147 625 1415 678 orientem
1478 631 1606 675 ante
1668 620 1860 674 faciem
1923 621 2282 688 propitiaturii

704 723 952 784 :tspcrget
973 712 1176 782 septies
1207 713 1374 782 digito
1405 727 1524 766 suo.
1585 710 1924 764 Sacriﬁcium
1983 709 2282 777 bnigeniti,

707 819 826 858 esse
853 804 1072 873 quidem
1112 804 1232 873 ejus
1256 804 1437 857 carnis
1474 817 1572 870 per
1593 805 1845 855 virtutem
1897 816 2086 854 rursus
2145 800 2285 854 divi-

707 897 892 951 uitatis
911 897 1050 966 ejus,
1075 909 1130 952 et
1165 912 1262 966 per
1291 895 1700 964 bencplacitum
1750 893 1948 954 l'atris,
1987 894 2052 946 ad
2094 894 2288 947 remis-

708 991 918 1044 sionem
989 999 1334 1058 peccatorum
1403 997 1735 1047 nostrorum,
1810 994 1865 1039 et
1927 995 2080 1053 crept
2103 1002 2287 1048 onem,

709 1080 977 1146 simulque
1011 1079 1078 1131 ad
1109 1079 1313 1132 donum
1343 1076 1864 1131 snbministrationis
1908 1075 2133 1144 Spiritus
2164 1070 2288 1144 per-

708 1169 834 1240 agi,
885 1178 1070 1237 aperte
1126 1185 1191 1223 ex
1256 1170 1339 1222 his
1373 1207 1388 1231 ,
1439 1185 1561 1237 qua:
1617 1184 1765 1222 nunc
1812 1168 1946 1221 dicit
1993 1167 2288 1235 legislator,

711 1262 1111 1315 manifestatur.
1146 1261 1354 1332 Digitus
1383 1261 1528 1314 enim
1562 1261 1829 1328 signiﬁcat
1870 1261 2122 1314 virtutem
2153 1259 2292 1313 divi-

711 1353 925 1417 uitatis;
961 1352 1106 1405 unde
1157 1352 1328 1406 David
1386 1352 1560 1405 dixit:
1619 1353 1881 1415 Quoniam
1911 1350 2092 1403 ridebo
2141 1351 2292 1403 cmlos

713 1461 869 1512 opera
904 1446 1191 1512 digitorum
1232 1455 1459 1509 tuorum,
1493 1446 1696 1507 lunam,
1747 1455 1794 1496 et
1847 1444 2027 1496 stellas
2053 1460 2182 1513 quas
2237 1453 2294 1496 tn

714 1537 952 1604 fundasti
973 1537 1037 1589 ⁸⁸.
1073 1536 1376 1604 Utrumque
1400 1550 1529 1605 ergo
1555 1535 1622 1588 ad
1658 1532 1958 1587 divinitatis
1996 1534 2296 1602 accipimus

714 1627 997 1692 virtutem,
1026 1626 1248 1694 ipseque
1280 1625 1503 1694 sanguis
1545 1625 1699 1678 vituli
1753 1639 1921 1692 super
1975 1624 2295 1692 propitiato-

714 1715 856 1767 riuni
908 1715 978 1768 ad
1025 1716 1293 1790 orientem
1340 1713 1667 1782 aspergitur.
1722 1712 1804 1765 All
1855 1710 2295 1780 pr0pitiationem

718 1809 862 1860 enim
925 1817 1189 1872 nostram,
1261 1807 1530 1874 simulque
1585 1805 2062 1870 illuminationem,
2117 1803 2296 1874 passio

2389 620 2547 672 nobis
2576 620 2845 688 primitias
2865 618 3025 672 Jesus
3055 619 3312 687 suscepit.
3354 619 3495 688 Ergo
3537 625 3592 671 ut
3623 618 3978 673 demonstra-

2391 719 2493 774 ret,
2550 711 2617 763 de
2674 709 2878 765 Judaeis
2925 711 3299 781 principaliter
3356 712 3669 774 Christum,
3739 723 3964 779 propte'

2390 802 2686 862 Abraham,
2717 803 3094 871 cognationem
3123 818 3267 867 esse,
3295 804 3387 857 sed
3417 813 3598 857 tamen
3630 807 3810 858 omnis
3870 821 3978 858 nou

2395 901 2529 947 strze
2557 900 2790 953 naturai,
2821 909 2940 960 quze
2972 895 3025 946 in
3070 903 3292 962 peccato
3315 903 3394 947 est
3431 895 3695 962 primitias
3728 905 3979 964 portare,

2393 992 2616 1052 propter
2643 982 2790 1050 quod
2842 981 3011 1034 Adam
3055 981 3358 1050 appellatus
3393 991 3495 1042 est,
3551 982 3777 1035 vitulum
3812 983 3977 1034 sint“:

2392 1083 2448 1127 ct
2480 1074 2690 1128 hircum
2724 1072 2805 1126 lex
2852 1073 2916 1126 ad
2950 1075 3170 1142 ﬁguram
3219 1073 3465 1126 sacriﬁcii
3502 1074 3620 1142 ejus
3655 1088 3954 1140 assumpsit

2392 1166 2529 1220 Cum
2571 1174 2753 1220 autem
2815 1181 2984 1219 unum
3055 1167 3125 1218 sit
3179 1166 3537 1226 sacriticmmt
3578 1181 3689 1216 sure
3746 1165 3981 1227 rutulus,

2395 1259 2511 1312 sive
2547 1259 2736 1312 hircus
2763 1257 3104 1319 nominetur,
3129 1255 3462 1324 eﬂectusque
3487 1271 3624 1308 unus
3662 1257 3712 1306 iu
3739 1265 3985 1321 utroque

2388 1351 2481 1410 sit,
2512 1357 2864 1417 peccatorum
2895 1345 3044 1399 enim
3091 1359 3159 1397 ex
3206 1358 3273 1397 eo
3307 1343 3622 1412 proﬂiqalur
3668 1344 3976 1406 absolutio,

2389 1439 2703 1494 necessarie
2732 1437 3046 1492 communia
3093 1445 3220 1488 sunt
3255 1451 3339 1498 ea,
3371 1450 3491 1502 qua:
3527 1434 3580 1486 in
3617 1434 3940 1500 hircozagun
3975 1464 3978 1468 -

2393 1542 2501 1596 tur,
2553 1540 2606 1584 et
2666 1529 2859 1583 vitulo.
2910 1527 3103 1581 Cernis
3145 1527 3312 1588 enim,
3363 1529 3488 1592 quia
3536 1525 3696 1578 etiam
3753 1526 3978 1577 hircun:

2390 1625 2674 1686 occidens,
2711 1631 2838 1675 ante
2876 1619 3164 1674 Dominum
3211 1620 3456 1673 ’νωςιὴςθί
3493 1630 3698 1683 patrem
3765 1638 3816 1668 Ct
3852 1633 3987 1668 sull-

2391 1717 2610 1786 guinem
2649 1708 2896 1769 inferens
2924 1713 2976 1766 in
3021 1713 3284 1766 interiora
3345 1711 3638 1763 relaininis.
3711 1710 3760 1761 id
3797 1718 3883 1762 est
3908 1711 3987 1760 ao.

2394 1821 2628 1880 patrem.
2671 1808 2883 1862 Rursus
2936 1819 3068 1874 ergo
3123 1804 3269 1858 hunc
3324 1803 3552 1854 interius
3615 1800 3921 1869 intelligibil
3958 1816 3987 1851 ς

717 1895 969 1947 salutaris
1021 1903 1241 1962 peracta
1295 1902 1420 1946 est:
1481 1893 1626 1946 unde
1681 1892 1794 1962 ipsa
1858 1891 2042 1961 passio
2100 1893 2299 1946 dicitur
2330 1885 2702 1965 Bvelaminis,
2735 1899 2968 1954 visibilis
2993 1898 3247 1952 videlicet
3291 1898 3498 1950 liornun
3534 1898 3715 1947 carnis
3768 1893 3984 1946 intelli:

719 1988 1180 2057 propitiatorium,
1229 1987 1372 2041 sicut
1409 1985 1724 2054 frequenter
1756 1984 2114 2039 ostendimus.
2149 1985 2295 2039 Dici-

718 2091 805 2135 tur
837 2091 1016 2136 autem
1049 2081 1344 2142 ctOriens;
1375 2079 1451 2133 ait
1483 2080 1626 2132 enim
1656 2077 1724 2132 de
1759 2093 1824 2131 eo
1855 2077 2146 2131 Zacharias
2169 2076 2296 2130 Pro-

721 2175 914 2240 pheta:
954 2170 1084 2224 Ecce
1112 2172 1212 2232 vir,
1259 2169 1448 2224 Oriens
1496 2184 1685 2221 nomen
1737 2167 1873 2236 ejus,
1922 2176 1969 2220 et
2015 2169 2191 2221 subter
2237 2182 2297 2220 eo

719 2266 1006 2320 orietur”.
1050 2267 1139 2318 Ait
1165 2273 1347 2319 autem
1375 2272 1429 2318 et
1473 2262 1765 2316 Zacharias
1815 2261 2086 2325 sacerdos,
2147 2268 2296 2331 pater

717 2355 978 2407 Joannis:
1011 2353 1074 2406 In
1120 2352 1305 2421 quibus
1351 2367 1443 2404 nos
1492 2350 1748 2412 uisitauit,
1788 2347 1995 2414 Oriens,
2046 2364 2112 2402 ea:
2165 2348 2296 2411 alto,

720 2445 1032 2498 lliuminare
1067 2444 1147 2496 his
1171 2444 1260 2512 qui
1287 2443 1341 2496 in
1396 2443 1616 2496 tenebris
1665 2443 1861 2505 sedent,
1916 2451 1966 2494 et
2007 2442 2060 2493 in
2113 2440 2300 2494 umbra

721 2535 995 2588 mortis“.
1022 2535 1205 2588 Sedet
1246 2543 1435 2588 contra
1487 2533 1942 2603 propitiatorium,
1995 2533 2047 2586 id
2103 2541 2186 2586 est
2247 2532 2300 2585 in

721 2635 1020 2695 conspectu
1061 2627 1251 2694 patris,
1281 2636 1532 2694 aspergct
1576 2627 1800 2694 septies,
1844 2634 1904 2678 ut
1949 2634 2060 2678 tant
2112 2624 2302 2678 remis-

722 2721 934 2773 sionem
977 2727 1348 2786 peccatorutn,
1381 2733 1544 2786 qnam
1577 2716 1815 2786 Spiritus
1843 2717 2017 2770 sancti
2073 2716 2298 2778 domnn,

725 2817 792 2867 de
851 2815 1138 2869 Dominico
1174 2813 1437 2883 sanguine
1473 2829 1520 2882 gt
1539 2829 1641 2867 nus
1664 2813 1948 2866 hominum
1981 2813 2300 2882 susciperet.

724 2908 1029 2975 [ill‘llllltlue
1084 2906 1232 2958 enim
1288 2905 1634 2975 septenarius
1695 2919 1958 2958 numerus
2011 2903 2302 2973 signiﬁcat,

723 3003 846 3066 quia
876 2997 1135 3051 videlicet
1165 3005 1371 3061 septem
1402 3005 1530 3048 sunt
1557 2996 1700 3048 dona
1755 2993 2012 3062 Spiritus,
2059 3000 2116 3045 et
2163 2992 2303 3046 idem

726 3104 990 3143 numerus
1018 3096 1369 3157 peccatorum
1405 3085 1677 3156 signiﬁcat
1721 3085 2118 3138 remissionem.
2172 3083 2304 3136 Nam

727 3182 886 3234 l‘etro
938 3180 1214 3233 Christum
1269 3179 1659 3246 interrogante,
1697 3177 1756 3230 Si
1797 3176 2082 3244 peccaverit
2129 3175 2184 3227 in
2226 3168 2304 3226 m'e

725 3275 890 3338 frater
908 3288 1070 3331 meus,
1099 3271 1296 3340 quoties
1324 3270 1588 3322 dimittam
1617 3270 1682 3333 ei,
1707 3285 1868 3336 usque
1881 3268 2109 3336 septies?
2153 3266 2301 3322 (μη-ἰ-
2332 3266 2372 3283 "

725 3375 832 3418 stus
863 3367 970 3417 ait:
1007 3363 1125 3416 Non
1149 3364 1285 3427 dico,
1320 3365 1530 3432 septies,
1563 3362 1652 3413 sed
1684 3378 1842 3430 usque
1872 3363 2162 3429 septuagics
2187 3376 2304 3428 sep-

728 3457 899 3510 'ies".
941 3456 1304 3525 )lultiplicans
1334 3469 1625 3507 numerum
1670 3454 2063 3522 scptcnarium.

799 3545 958 3600 Vsus.
1008 3547 1093 3598 15.
1158 3565 1175 3597 ι
1235 3547 1481 3614 Curaque
1541 3545 1858 3598 mactaverit
1934 3545 2145 3597 hircum
2207 3559 2305 3612 pro

728 3648 952 3705 peccato
982 3639 1187 3708 populi,
1224 3639 1420 3691 inferet
1445 3638 1763 3706 sanguinem
1788 3637 1908 3705 ejus
1931 3637 2068 3690 intra
2103 3635 2302 3699 velum,

728 3732 870 3783 sicut
907 3739 1240 3799 praeceptum
1274 3739 1356 3782 est
1384 3729 1449 3782 de
1475 3728 1737 3798 sanguine
1758 3727 1938 3790 vituli,
1976 3737 2032 3780 ut
2056 3735 2306 3796 aspergat

725 3840 756 3875 e
791 3822 1010 3892 regione
1041 3821 1262 3886 oraculi,
1291 3831 1344 3874 et
1365 3820 1546 3889 expiet
1579 3819 1948 3873 sanetuarium
1979 3819 2047 3872 ab
2071 3821 2305 3872 immun-

725 3914 873 3966 ditiis
904 3914 1136 3966 ﬁliorum
1159 3913 1319 3966 Israel
1362 3921 1417 3966 ct
1445 3928 1474 3966 a
1507 3911 2044 3982 praevaricationibus
2076 3927 2262 3966 eorum
2285 3951 2302 3977 ,

725 4005 1045 4072 cunctisque
1087 4005 1343 4074 peccatis.
1387 4024 1406 4056 ι

799 4096 1170 4150 Admirandus
1197 4107 1281 4150 est
1309 4097 1610 4166 lt-gislator,
1651 4095 1926 4150 sutﬁciens
1953 4097 2022 4151 ad
2079 4095 2305 4167 ﬁguram

729 4189 994 4258 mystcrii,
1018 4189 1439 4257 nullatenusque
1468 4190 1952 4259 reprehendendus
1973 4201 2056 4244 est
2076 4190 2130 4243 in
2165 4191 2305 4244 mul-

729 4278 800 4330 tis
820 4277 1010 4330 ferinis
1037 4278 1396 4348 multiplicem
1445 4281 1940 4348 pra-ﬁgurationem
1995 4281 2305 4334 necessarie

726 4369 995 4425 dividens.
1040 4369 1176 4435 Quia
1204 4372 1352 4425 enim
1386 4370 1636 4426 Christus
1664 4371 1732 4426 de
1771 4371 1974 4426 Iuda-is
2003 4372 2304 4426 secundum

727 4475 972 4522 carnem,
1005 4462 1098 4530 qui
1133 4463 1234 4516 sub
1255 4463 1385 4532 jugo
1415 4463 1548 4532 legis
1575 4463 1828 4516 vivebant
1861 4470 2014 4516 ortus
2033 4471 2135 4525 est,
2157 4470 2304 4515 recte

725 4552 880 4605 vituli
913 4553 1242 4608 sacriﬁcium
1275 4555 1612 4610 nominatur.
1651 4556 1833 4626 Legali
1873 4559 2021 4611 enim
2074 4557 2222 4625 iugo,
2249 4566 2305 4610 et

725 4649 1022 4718 pertinenti
1065 4651 1132 4704 ad
1157 4667 1282 4705 eum
1339 4651 1666 4722 operationi,
1729 4660 1785 4706 et
1828 4653 2053 4722 iustitia:
2105 4651 2305 4706 vitulus

726 4752 1094 4810 comparatur,
1150 4743 1342 4811 jugutn
1385 4753 1684 4798 consuetus
1738 4744 1977 4807 trahere,
2019 4753 2182 4812 atque
2229 4743 2305 4796 ita

727 4841 926 4886 terram
949 4837 1186 4904 Operari.
1229 4837 1364 4901 Quia
1403 4845 1584 4890 autem
1615 4839 1916 4890 secundum
1946 4838 2090 4905 quod
2119 4852 2302 4888 mear-

726 4935 886 4979 natus
913 4937 1051 4993 erat,
1085 4929 1152 4983 de
1173 4931 1449 4984 communi
1468 4946 1646 4985 massa
1674 4932 1954 4985 hominum
1988 4929 2163 4984 iactus
2187 4939 2292 4992 est,

725 5029 1012 5086 propterea
1045 5036 1236 5074 rursus
1259 5023 1444 5077 hircus
1487 5024 1811 5092 appellatur.
1858 5025 2129 5092 Asperum
2170 5039 2301 5092 ergo

725 5105 829 5160 hoc
853 5109 1052 5163 animal
1088 5111 1319 5180 pilorum
1377 5113 1758 5167 indumentum
1810 5115 1951 5183 gerit
1985 5135 1999 5166 :
2045 5128 2302 5183 asperum

726 5208 906 5251 autem
955 5211 1141 5271 utpote
1197 5213 1426 5272 peccato
1460 5205 1745 5270 refertum,
1785 5221 1950 5258 omne
1999 5207 2300 5258 viventium

726 5306 920 5356 genus,
953 5295 1081 5362 quia
1134 5295 1272 5349 nihil
1306 5306 1392 5350 est
1429 5307 1655 5365 peccato
1688 5299 1958 5366 asperius.
2003 5296 2155 5352 Unde
2197 5298 2300 5351 hoc

724 5383 1025 5451 approbare
1051 5394 1237 5455 aperte
1269 5387 1540 5456 lcgislator
1575 5389 1762 5442 volens
1805 5389 2012 5457 inquit:

797 5471 1033 5542 Cumque
1104 5479 1415 5530 mactaverit
1452 5479 1656 5531 hircum
1691 5495 1785 5546 pro
1840 5489 2052 5548 peccato
2093 5479 2293 5548 populi.

727 5559 924 5614 Totum
948 5562 1034 5617 hic
1059 5562 1366 5636 intelligens
1399 5568 1697 5622 humanum
1724 5585 1912 5639 genus,
1941 5571 2087 5639 quod
2121 5588 2269 5641 quon

795 5757 841 5786 "
876 5758 1014 5817 PSJI.
1047 5781 1161 5830 vnt,
1195 5767 1246 5823 τί.

1324 5769 1366 5800 ⁸⁵
1395 5767 1558 5822 Zuch.
1600 5785 1669 5829 γι,
1709 5768 1796 5820 Η.

728 5826 906 5883 ιιι-δι.

1876 5773 1919 5800 ιδ
1947 5771 2073 5826 Luc.
2103 5788 2140 5836 ι,
2166 5773 2252 5824 78.

2333 5774 2590 5828 3TMatth.
2627 5791 2773 5836 M‘tit,
2810 5776 2896 5838 9i,
2936 5775 3024 5830 31’.

2394 1994 2498 2064 gis,
2525 2000 2708 2063 utpote
2733 1991 3064 2046 invisibilem
3088 1989 3325 2042 inferens
3345 1989 3664 2057 ε-ιιιεςιιίιιθηξ
3692 1987 3811 2055 ejus
3832 1989 3985 2038 intra

2402 2089 2606 2150 velum,
2641 2087 2791 2140 sicut
2831 2094 3158 2154 praeceptum
3207 2093 3284 2133 »ει

2468 2177 2537 2232 Et
2563 2179 2626 2231 u'e
2653 2179 2907 2244 sanguine
2939 2175 3092 2228 rituli
3119 2190 3357 2242 asperge.
3387 2173 3552 2239 .tigito
3573 2171 3762 2238 septies
3791 2178 3987 2222 contra

2399 2260 2839 2330 propitiatorium
2893 2261 2964 2313 ad
3018 2261 3266 2314 orientem
3332 2259 3419 2313 Vel
3462 2263 3603 2315 sicut
3643 2261 3783 2315 LXX
3828 2278 3991 2328 super

2400 2353 2832 2422 propitiatorium
2892 2361 3015 2406 ante
3091 2355 3278 2423 faciem.
3336 2351 3713 2423 ἰπὶθίδρηξιηονὶέ.
3777 2354 3988 2408 Deinde

2399 2445 2530 2514 quid
2560 2444 2845 2514 sequitur?

2476 2535 2638 2590 Vens.
2681 2536 2769 2591 16.
2810 2557 2829 2588 ί
2890 2538 2958 2590 Et.
2989 2538 3172 2606 expiet;
3228 2529 3590 2593 lancruarium
3625 2537 3694 2592 ab
3739 2538 3946 2593 immur.
3975 2565 3987 2575 ι

2403 2627 2554 2681 ditiis
2581 2628 2816 2683 ﬁliorum
2846 2629 3035 2694 Israel,
3068 2640 3122 2683 et
3149 2645 3176 2683 a
3209 2629 3748 2700 przevaricationibus
3769 2645 3981 2686 eorum.

2404 2722 2726 2790 eruit-lisque
2753 2724 3012 2790 peccatis.
3061 2743 3078 2773 ›

2477 2813 2709 2866 Videtur
2766 2814 2988 2882 quidem
3039 2814 3106 2868 de
3176 2815 3526 2869 tabernaculo
3579 2815 3796 2880 dicere,
3853 2815 3989 2869 ἀίει(

2405 2915 2588 2959 autem
2614 2920 2724 2958 non
2749 2906 2819 2960 de
2856 2921 2923 2959 eo
2945 2905 3090 2974 quod
3133 2907 3318 2960 sensui
3352 2905 3617 2978 subiacet.
3647 2905 3787 2971 Quid
3837 2906 3988 2959 enim

2405 2997 2734 3066 expiationis
2766 3013 2863 3052 seu
2899 2998 3310 3068 propitiationis
3339 2999 3482 3068 ligna
3513 2999 3764 3068 egerint?
3784 2998 3991 3065 quidve

2414 3093 2587 3159 pelles
2605 3091 2688 3144 vel
2707 3093 3006 3161 reliqua,ex
3025 3093 3224 3162 quibus
3240 3093 3651 3147 tabernaculum
3669 3091 3988 3146 Judaeormn

2407 3185 2552 3252 quod
2584 3186 2767 3237 sensui
2799 3185 3134 3253 subiacebat,
3170 3187 3478 3239 confectum
3511 3184 3788 3239 erat?Sed
3831 3201 3992 3252 gene-

2410 3275 2701 3337 ralitatem,
2721 3278 2838 3331 sive
2863 3287 3026 3331 totam
3050 3279 3181 3332 dicit
3206 3282 3485 3334 hominum
3504 3283 3766 3349 speciem.
3787 3283 3988 3337 Sancta

2407 3368 2554 3422 enim
2587 3370 2780 3425 tuitab
2808 3373 2964 3425 initio
3005 3388 3181 3428 massa
3225 3386 3430 3434 nostra.
3474 3375 3550 3428 ita
3601 3389 3654 3428 ut
3691 3375 3783 3427 Dei
3834 3377 3886 3428 in
3923 3396 3991 3429 ea

2411 3466 2679 3520 habitaret
2710 3466 2952 3534 spiritus.
2994 3467 3150 3531 Quod
3189 3467 3592 3522 demonstratur
3630 3486 3688 3521 ex
3723 3487 3809 3532 eo,
3844 3472 3990 3534 quod

2408 3557 2624 3610 auferre
2656 3557 2786 3609 illud
2818 3559 3061 3610 irascens
3087 3558 3323 3611 minatus
3355 3572 3437 3612 est
3483 3559 3642 3619 Dens,
3685 3559 3905 3627 quando
3933 3561 3990 3613 hi

2406 3647 2498 3714 qui
2553 3660 2618 3700 ex
2652 3646 2786 3700 Seth
2851 3647 3278 3709 descendebant,
3328 3665 3450 3702 eum
3504 3660 3686 3703 essent
3728 3651 3881 3720 justi,
3935 3665 3992 3704 et

2411 3739 2502 3792 lilii
2532 3739 2624 3792 l’lei
2655 3739 3081 3808 appellarentur.
3127 3741 3585 3809 concupiscentes
3620 3757 3711 3794 eas
3761 3758 3883 3810 qua:
3922 3759 3988 3795 ex

2408 3847 2470 3882 ea
2511 3830 2566 3882 in
2625 3840 2982 3900 posterosque
3015 3833 3135 3900 ejus
3187 3847 3283 3900 per
3328 3833 3732 3886 successionem
3792 3835 3991 3901 genita!

2407 3931 2556 3984 sunt,
2579 3936 2701 3990 quae
2736 3930 2791 3975 et
2811 3921 2936 3976 ﬁlia:
2961 3922 3245 3977 hominum
3266 3923 3609 3983 dicebantur,
3643 3926 3808 3978 unius
3829 3941 3993 3988 genev

2407 4015 2484 4069 ris
2523 4030 2650 4070 cum
2690 4014 2846 4069 malis
2890 4023 2947 4068 et
2991 4014 3189 4083 iniquis
3243 4013 3425 4068 eﬂ‘ecti
3453 4024 3599 4074 sunt,
3653 4015 3790 4067 dixit
3841 4017 3986 4069 enim

2408 4107 2488 4160 sic
2523 4124 2537 4159 :
2585 4107 2821 4160 Videntes
2849 4107 2948 4175 lilii
2982 4105 3077 4160 Dei
3119 4107 3259 4175 filias
3304 4109 3593 4169 hominum,
3645 4109 3783 4174 quod
3822 4119 3989 4159 essent

2407 4197 2659 4266 pulchrar,
2691 4207 3001 4266 acceperunt
3027 4198 3125 4251 sibi
3148 4215 3334 4251 uxores
3358 4215 3422 4251 ea:
3443 4200 3681 4251 omnibus
3721 4216 3853 4268 quas
3883 4202 3988 4253 ete-

2411 4299 2618 4360 gerunt,
2650 4301 2700 4343 et
2724 4291 2861 4344 dixit
2900 4289 3152 4344 Dominus
3187 4289 3358 4344 Deus:
3378 4289 3497 4342 Non
3525 4291 3848 4358 permanebit
3879 4292 3989 4352 spi-

2409 4384 2544 4436 ritus
2568 4399 2712 4437 meus
2742 4384 2797 4436 in
2822 4383 3030 4436 homine
3075 4383 3131 4435 in
3175 4392 3450 4445 a'ternum,
3503 4383 3628 4450 quia
3664 4398 3789 4433 caro
3832 4379 3984 4433 est“.

2414 4475 2555 4546 Ergo
2577 4476 2624 4532 si
2657 4476 2938 4531 habitabat
2964 4476 3190 4545 spiritus
3227 4475 3317 4528 Dei
3351 4475 3405 4528 in
3445 4476 3665 4528 homine
3693 4487 3988 4542 antequam

2337 4584 2383 4641 ι)
2407 4583 2602 4624 omnes
2620 4569 2775 4638 sequi
2803 4568 3086 4637 passiones
3124 4568 3309 4621 carnis
3348 4567 3632 4636 inciperet,
3671 4577 3856 4620 sancta
3872 4583 3990 4622 me-

2409 4660 2516 4713 rito
2546 4667 2668 4712 erat
2702 4659 2986 4711 hominum
3016 4673 3227 4711 massa:
3257 4673 3382 4711 nam
3404 4671 3504 4710 nec
3543 4657 3812 4726 primitias
3837 4673 3901 4710 et
3925 4672 3990 4711 ea

2409 4751 2643 4805 Sanctus
2663 4761 2975 4804 sanctorum
2996 4759 3320 4803 assumeret.
3349 4749 3485 4814 Quia
3513 4760 3692 4803 autem
3715 4751 3990 4803 sordidata

2405 4852 2510 4905 est,
2543 4841 2781 4911 expiavit
2809 4855 2934 4895 eum
2980 4841 3050 4893 ab
3095 4840 3460 4894 immunditiis
3514 4842 3747 4894 tiliurum
3799 4841 3988 4894 Israel.

2406 4933 2651 4987 Primum
2681 4933 2901 5003 quidem
2931 4933 3211 4986 sensibilis
3260 4933 3391 5001 ipsis
3420 4933 3542 4986 data
3574 4942 3660 4986 est
3693 4933 3802 4998 let,
3859 4932 3987 5002 quia

2409 5025 2733 5094 transgressi
2796 5033 2943 5088 sunt,
3013 5038 3138 5077 reos
3195 5023 3316 5077 illos
3361 5023 3672 5084 maledicto,
3712 5031 3769 5075 et
3825 5038 3932 5075 lllOt
3950 5023 3987 5074 ti

2407 5117 2717 5180 constituit,
2787 5126 2850 5170 ut
2917 5127 3206 5187 propterea
3289 5118 3658 5170 necessariam
3721 5115 3991 5166 haberent

2407 5209 2799 5278 expiationem,
2831 5217 2886 5262 et
2922 5223 3022 5277 pro
3047 5209 3131 5261 eis
3181 5207 3404 5276 quidem
3436 5205 3810 5276 principaliter
3864 5205 3989 5258 uui-

2410 5301 2577 5370 geniti
2615 5300 2930 5353 immolatur
2959 5297 3319 5353 sacriﬁcium:
3371 5298 3686 5351 immolatur
3721 5306 3904 5350 autem
3936 5309 3991 5351 et

2399 5406 2500 5461 pro
2550 5391 2810 5444 omnibus
2839 5389 3176 5454 hominibus,
3224 5390 3298 5444 ita
3353 5401 3412 5442 ut
3468 5390 3702 5458 Caiphas
3744 5389 3987 5442 diceret:

2399 5484 2613 5552 Oportet
2657 5495 2712 5536 ut
2745 5501 2882 5536 unus
2921 5485 3076 5537 homo
3107 5485 3371 5535 moriatur
3428 5500 3523 5550 pro
3561 5483 3771 5549 populo.
3805 5491 3852 5534 et
3887 5498 3990 5533 non

2399 5584 2508 5627 tota
2549 5591 2671 5645 gens
2721 5575 2989 5644 pereat”.
3029 5574 3295 5644 Quodque
3341 5575 3548 5627 dictum
3593 5581 3731 5639 erat,
3790 5570 3990 5626 conﬁr-

3103 5777 3147 5808 εδ
3170 5775 3305 5830 Gen.
3360 5797 3394 5829 ,ι

3408 5831 3415 5839 η
3464 5777 3564 5828 ἳ-ἒ.
3648 5781 3686 5800 ³⁹
3722 5779 3874 5832 illiti
3921 5796 3985 5831 .“.
