4218 6450
238 411 347 477 997

1415 407 1491 467 ΙΝ
1535 405 1974 465 LEVl'l‘ICUM.
2015 431 2077 440 --
2120 405 2265 465 LIB.
2312 408 2374 465 Υ.

3405 412 3510 476 998

245 535 396 575 nans
432 517 702 589 simulque
744 527 800 572 et
851 518 1128 591 corrigens
1181 518 1507 590 evangelista
1570 517 1829 579 Joannes,
1861 519 1901 572 Α
1933 513 2215 569 bonum".
2269 515 2441 571 Nemo
2500 516 2778 572 cmlestem
2839 518 3316 575 conversationem
3379 528 3511 575 tune

240 611 481 669 addidit:
520 609 634 665 Hoc
667 620 843 664 autem
865 628 897 664 a
925 612 1199 679 semetipso
1229 627 1328 663 non
1393 610 1545 673 dixit,
1567 610 1657 662 sed
1701 624 1817 661 cum

239 713 369 756 esset
397 704 632 774 pontifex
663 704 791 756 anni
820 703 983 767 illius,
1037 702 1383 773 prophetavit,
1418 704 1540 772 quia
1600 701 1820 754 moritu-

244 810 333 847 rus
366 795 503 849 esset
527 794 678 849 Jesus
706 811 802 865 pro
831 804 1002 865 gente,
1034 804 1081 848 et
1106 811 1209 848 non
1229 795 1398 849 solum
1419 811 1515 863 pro
1542 803 1710 864 gente,
1730 793 1820 845 sed

249 896 295 937 ιι
328 887 463 954 ﬁlios
498 887 615 951 Dei,
649 889 738 957 qui
769 887 992 956 dispersi
1022 897 1173 941 erant
1204 887 1258 940 in
1286 903 1448 939 unum
1512 885 1774 955 colligeret
1803 901 1815 936 :

251 988 436 1047 gentes
479 979 753 1044 videlicet,
802 979 870 1033 de
916 979 1047 1049 ipsis
1078 979 1222 1033 enim
1276 979 1542 1032 Dominus
1570 977 1817 1030 dicebat:

252 1071 429 1127 Habeo
457 1071 594 1124 enim
629 1070 764 1124 alias
789 1086 925 1135 oves,
958 1087 1073 1140 qua:
1106 1087 1208 1123 non
1236 1080 1354 1123 sunt
1384 1070 1448 1122 de
1476 1070 1569 1120 hoc
1601 1067 1740 1130 ovili.
1773 1077 1820 1120 et

252 1160 371 1213 illas
415 1167 614 1228 oportet
644 1174 725 1212 me
745 1159 987 1230 colligere
1010 1160 1077 1212 ’°.
1118 1157 1320 1228 Aperte
1352 1167 1534 1211 autem
1573 1156 1665 1209 filii
1703 1155 1819 1221 Dei,

246 1252 419 1308 multo
449 1251 617 1322 magis
646 1261 771 1307 sunt
809 1250 1081 1316 Israelitte,
1109 1250 1233 1320 quia
1252 1250 1415 1305 Israel
1443 1250 1633 1317 videns
1653 1249 1820 1303 Deum

247 1344 655 1411 interpretatur,
687 1351 742 1397 et
791 1342 1093 1397 secundum
1130 1342 1393 1396 rationem
1440 1355 1540 1410 pro
1579 1340 1821 1403 sensibili

246 1433 409 1487 lsrael
451 1432 605 1489 lesus
636 1433 965 1499 immolatus,
1018 1434 1067 1487 id
1103 1442 1187 1488 est
1234 1432 1579 1495 sacriﬁcium,
1627 1441 1681 1486 et
1724 1448 1823 1503 pro

245 1528 393 1581 omni
444 1526 686 1583 humano
723 1544 945 1599 genere,
993 1528 1059 1583 ad
1114 1528 1483 1598 expiationem
1524 1527 1822 1581 immundi-

246 1621 441 1675 tiarum
470 1630 783 1676 nostrarum
812 1621 1030 1676 obtulit.
1050 1619 1290 1685 Quarum
1322 1619 1825 1674 itumunditiarum?

246 1714 303 1767 ld
331 1722 415 1768 cst
444 1728 473 1767 a
497 1713 1044 1783 praevaricationibus
1075 1728 1290 1779 eorum,
1330 1712 1526 1781 inquit,
1583 1713 1823 1768 cunctis-

243 1822 350 1875 que
376 1807 643 1876 peccatis.
676 1806 889 1861 Anima:
918 1806 1120 1876 quippe
1140 1805 1502 1869 itumunditia,
1536 1821 1644 1859 non
1675 1821 1823 1859 mor-

246 1899 324 1951 tui
365 1898 615 1968 pollutio,
670 1914 780 1954 non
834 1900 1094 1969 porciuus
1149 1898 1325 1963 cibus,
1379 1914 1487 1952 non
1545 1898 1821 1967 quippiam

244 1992 391 2046 aliud
418 1991 617 2058 simile,
648 1992 747 2048 sed
784 2008 985 2049 nocere
1013 1992 1263 2063 proximo
1291 2001 1394 2058 est,
1428 1999 1483 2046 ct
1518 2006 1745 2061 peccare
1770 1992 1824 2045 in

246 2084 444 2147 Deum,
473 2086 560 2139 vel
592 2084 847 2139 mandata
868 2084 985 2139 Dei.

314 2178 478 2232 Juxta
515 2179 651 2233 hunc
684 2179 848 2232 ritum
900 2179 1056 2249 faciet
1108 2176 1513 2231 tabernaculum
1543 2177 1825 2231 testimonii

246 2272 383 2339 quod
421 2269 582 2337 ﬁxum
617 2279 690 2323 est
712 2270 849 2323 inter
880 2286 984 2333 eos,
1015 2270 1068 2322 in
1104 2270 1273 2322 medio
1289 2269 1510 2322 sortium
1541 2268 1825 2322 habitatio-

248 2364 328 2414 nis
358 2378 561 2417 eorum.
589 2362 788 2417 Nullus
814 2363 1086 2417 hominum
1120 2364 1187 2415 sit
1208 2364 1260 2414 in
1284 2361 1642 2427 tabernaculo,
1664 2378 1828 2432 quan-

245 2455 313 2505 do
346 2454 580 2524 pontifex
617 2445 910 2525 ingreditur
934 2458 987 2507 in
1024 2455 1409 2519 sanctuarium,
1453 2463 1509 2507 ut
1540 2464 1680 2524 roget
1732 2470 1827 2522 pro

247 2565 302 2599 se
331 2557 379 2600 et
431 2564 527 2617 pro
555 2548 709 2601 domo
755 2564 871 2608 sua,
905 2556 953 2600 et
1006 2564 1102 2615 pro
1153 2547 1393 2599 universo
1450 2557 1581 2601 caetu
1632 2546 1824 2601 Israel.

249 2640 407 2705 Quod
459 2640 547 2693 lex
603 2640 859 2709 superius
899 2640 1192 2709 appellavit
1248 2650 1455 2705 saneta,
1503 2655 1630 2695 ecce
1678 2658 1828 2696 nunc

250 2729 661 2783 tabernaculum
721 2729 1021 2783 testimonii
1056 2729 1315 2798 appellat,
1349 2729 1496 2799 quod
1538 2728 1704 2783 ﬁxum
1744 2739 1828 2784 est

250 2821 393 2874 inter
432 2835 546 2885 eos,
610 2821 668 2874 in
728 2820 910 2875 medio
941 2820 1172 2875 sortium
1218 2819 1575 2874 habitationis
1612 2836 1822 2876 eorum.

251 2911 379 2964 Sive
414 2912 717 2966 secundum
749 2911 886 2965 LXX
930 2910 1256 2966 aedificatum
1310 2912 1363 2964 in
1392 2912 1493 2973 eis,
1535 2912 1587 2965 in
1645 2911 1827 2967 medio

250 3002 723 3057 itnmunditiarum
773 3019 985 3059 eorum.
1020 3003 1218 3057 Eadem
1272 3004 1475 3072 quippe
1515 3005 1743 3067 ratione,
1774 3012 1829 3057 et

249 3103 435 3149 saneta
465 3110 610 3157 esse,
675 3106 731 3150 et
767 3096 1063 3149 testimonii
1094 3095 1354 3165 appellari
1392 3096 1823 3158 tabernaculum,

1923 607 2273 676 sequebatur,
2302 622 2405 662 nec
2430 608 2646 680 dignam
2674 611 2885 666 ccelesti
2905 611 3128 667 homine
3154 610 3507 682 sapientiam,

1925 699 2228 768 usquedum
2266 700 2319 753 in
2356 708 2546 755 sancto
2572 704 2805 772 propriae
2826 705 3009 758 carnis
3026 716 3237 774 rogaret
3267 718 3366 774 per
3380 717 3511 757 cru-

1923 804 2065 857 cem,
2096 799 2151 843 ct
2181 806 2432 862 egressus
2454 792 2540 847 est
2564 808 2633 847 ex
2666 809 2730 849 ea
2781 795 2899 866 lege
2931 796 3238 850 communis
3283 794 3501 857 mortis,

1923 881 2180 935 cmitteus
2203 883 2478 951 spiritum,
2503 894 2557 939 et
2577 901 2800 941 carnem
2838 889 3162 959 relinquens
3208 889 3264 941 in
3320 889 3511 959 sepul-

1924 986 2056 1033 cro,
2093 973 2239 1040 quod
2282 974 2401 1042 ejus
2455 975 2741 1030 evidenter
2791 979 2970 1033 exitus
3008 979 3341 1033 nominatur.
3403 979 3511 1033 Sed

1926 1079 2035 1117 non
2087 1067 2425 1134 generalitati
2481 1070 2727 1123 omnium
2781 1069 3066 1125 hominum
3124 1072 3329 1142 profuit
3398 1070 3507 1125 hoc

1923 1156 2067 1225 quod
2093 1174 2241 1212 nunc
2274 1168 2358 1213 est
2392 1162 2701 1230 expositum
2733 1163 3080 1219 sacriﬁcium.
3108 1164 3298 1219 Rullus
3335 1164 3515 1219 homi-

1925 1263 2057 1302 num
2092 1250 2181 1315 sit,
2220 1251 2415 1321 inquit,
2474 1253 2527 1306 in
2562 1254 2938 1321 tabernaculo,
2989 1261 3209 1326 quando
3258 1256 3510 1311 Pontifex

1927 1340 2233 1411 ingreditur
2267 1344 2319 1395 in
2350 1349 2722 1401 sanctuarium
2749 1357 2809 1402 ut
2839 1359 3009 1419 roget.
3047 1349 3211 1420 Atqui
3249 1350 3302 1403 iu
3338 1350 3512 1403 sacri-

1928 1432 2051 1487 ﬁcio
2085 1435 2231 1503 quod
2278 1445 2365 1489 est
2413 1439 2713 1493 secundum
2750 1439 3007 1507 litteram,
3065 1443 3212 1497 solus
3270 1456 3514 1512 praesens

1926 1536 2073 1580 esset
2101 1526 2334 1596 populus
2370 1526 2706 1586 Judmorum.
2736 1528 2853 1585 Non
2877 1542 3061 1587 autem
3119 1533 3298 1586 omnis
3348 1530 3514 1585 homo

1927 1617 1995 1672 de
2029 1619 2386 1674 tabernaculo
2436 1622 2737 1676 secundum
2784 1633 2999 1693 tempus
3043 1624 3316 1688 sacriﬁcii,
3366 1623 3513 1693 quod

1928 1725 2077 1765 nunc
2101 1709 2308 1765 dictum
2338 1719 2441 1775 est,
2465 1713 2892 1768 excluderetur:
2920 1715 3015 1769 sed
3032 1715 3319 1786 signiﬁcat,
3348 1729 3513 1770 oume

1930 1802 2217 1856 hominum
2244 1818 2435 1874 genus,
2468 1812 2686 1860 terrena
2711 1822 2861 1861 nunc
2899 1822 3110 1877 sapere,
3163 1816 3219 1862 et
3270 1808 3324 1861 in
3383 1823 3516 1878 pec-

1930 1895 2068 1948 catis
2092 1909 2235 1958 esse,
2264 1908 2327 1949 ac
2362 1904 2655 1964 propterea
2699 1896 2755 1951 in
2786 1897 3113 1970 intelligibili
3158 1897 3513 1953 tabernaculo

1929 1988 2229 2042 testimonii
2266 1999 2413 2045 recte
2444 2004 2553 2044 non
2580 1991 2838 2046 inveniri.

2000 2079 2162 2136 Vens.
2200 2081 2405 2143 18,19.
2444 2100 2463 2134 ‹
2499 2080 2641 2137 Cum
2700 2093 2885 2138 autem
2955 2082 3151 2138 exierit
3197 2083 3267 2138 ad
3317 2083 3513 2149 altare,

1919 2174 2076 2242 quod
2108 2189 2293 2228 coram
2347 2173 2580 2229 Domino
2608 2182 2694 2229 est
2726 2185 2846 2229 oret
2882 2191 2982 2245 pro
3027 2190 3087 2230 se
3125 2183 3180 2230 et
3232 2183 3511 2243 sumptum

1928 2267 2253 2338 sanguinem
2309 2269 2466 2323 vituli
2501 2279 2664 2339 atque
2710 2269 2847 2324 hirci
2873 2269 3070 2325 fundat
3108 2285 3273 2340 super
3304 2285 3511 2324 cornua

1927 2358 2049 2427 ejus
2072 2374 2169 2427 per
2197 2374 2410 2429 gyrum,
2446 2375 2820 2430 spargensque
2843 2362 3011 2431 digito
3042 2362 3266 2439 septies,
3299 2360 3507 2429 expiet,

1930 2445 2348 2515 sanctiﬁcetque
2445 2447 2578 2501 illud
2671 2447 2739 2501 ab
2833 2448 3197 2503 immunditiis
3278 2447 3512 2502 liliorutn

1928 2538 2116 2593 Israel.
2166 2557 2185 2590 ι
3301 2586 3325 2603 η

1997 2630 2135 2695 Quia
2173 2647 2295 2700 qua:
2335 2631 2513 2697 vituli,
2537 2640 2593 2687 et
2624 2631 2763 2687 hirci
2792 2642 2997 2696 essent,
3033 2634 3165 2688 satis
3199 2634 3255 2688 in
3282 2634 3368 2688 his
3395 2650 3516 2704 qua:

1929 2723 2073 2777 dicta
2114 2732 2263 2787 sunt,
2291 2724 2642 2792 explanatum
2674 2732 2777 2779 est.
2830 2724 3008 2797 Simili
3054 2727 3201 2782 enim
3230 2730 3520 2796 utriusque

1930 2834 2154 2873 sumens
2205 2821 2549 2889 sanguinem,
2611 2836 2892 2889 ununtque
2952 2819 3084 2875 illud
3141 2823 3519 2893 conjunctioni

1928 2910 2336 2975 demonstrans,
2382 2927 2547 2980 super
2580 2926 2788 2967 cornua
2814 2912 3002 2967 altaris
3039 2915 3214 2983 ponit,
3243 2930 3341 2969 seu
3388 2914 3518 2968 fun-

1930 3002 2029 3054 dit.
2083 3001 2193 3055 Sed
2251 3001 2380 3071 quid
2436 3001 2589 3071 agit?
2662 3001 3015 3073 Quaacunque
3074 3006 3316 3074 mysterii
3379 3007 3518 3062 ordo

1932 3092 2118 3162 exigit,
2147 3102 2204 3146 et
2229 3094 2635 3162 consequentia:
2659 3094 2776 3149 vult
2811 3094 2999 3165 ﬁgura,
3025 3112 3186 3165 quam
3218 3112 3342 3150 cum
3364 3099 3517 3152 omni

250 3201 429 3241 massa
465 3196 648 3241 nostra
674 3196 871 3257 potest.
933 3188 989 3241 Si
1017 3188 1165 3241 enim
1220 3188 1631 3244 tabernaculum
1670 3191 1822 3244 testi-
1850 3200 1894 3257 (ι
1932 3184 2239 3238 subtililule
2268 3185 2547 3253 legislawl‘
2570 3186 2789 3255 εετὶρείι
2812 3196 3001 3256 Ροειεει
3024 3196 3277 3251 Ποδιΐυιιι
3328 3204 3520 3259 egres-

249 3277 420 3330 monii
478 3278 674 3332 caelum
736 3278 1001 3345 diximus,
1061 3289 1211 3334 recte
1267 3289 1454 3334 sancta
1511 3283 1827 3337 nominatur

249 3370 490 3424 cmlestis
514 3378 703 3425 noster
725 3370 1005 3433 homo,-de
1036 3387 1145 3440 quo
1171 3371 1250 3425 ait
1270 3370 1500 3426 Paulus:
1539 3371 1685 3427 Sicut
1708 3391 1831 3442 por-

250 3465 478 3517 tavimus
534 3464 817 3533 imaginem
862 3464 1075 3527 terreni,
1124 3472 1389 3531 portemus
1442 3472 1490 3517 et
1544 3465 1828 3535 imaginem

249 3555 466 3608 caelestis
484 3554 551 3607 ⁹¹.
590 3554 832 3609 Rursus:
870 3554 926 3609 Si
959 3556 1219 3608 terrestris
1242 3556 1429 3609 domus
1457 3567 1633 3610 nostra
1672 3559 1828 3626 hujus

249 3647 589 3700 habitationis
613 3647 952 3712 dissolvatur,
984 3648 1235 3702 habemus
1261 3649 1665 3717 wdi/icationem
1711 3667 1828 3720 qua:

252 3752 316 3789 ea:
352 3735 457 3789 Deo
489 3744 585 3801 est,
633 3738 846 3791 domum
896 3754 999 3790 non
1028 3755 1190 3791 maria
1233 3740 1450 3809 factam,
1498 3750 1749 3794 (uernam
1774 3743 1831 3794 in

252 3828 391 3881 aclis
408 3830 475 3882 θ’.
504 3827 670 3882 Recte
694 3844 823 3899 ergo
857 3838 1108 3884 sanctum
1144 3832 1481 3894 nominatur,
1510 3834 1634 3901 quia
1662 3834 1831 3888 aediﬁ-

251 3932 407 3974 catus
439 3930 522 3975 est
549 3921 603 3974 in
632 3920 810 3975 nobis.
844 3920 1086 3974 Primum
1120 3923 1257 3976 enim
1288 3924 1534 3992 formavit
1576 3924 1831 3980 Dominu’s

252 4013 395 4065 Deus
418 4014 482 4065 de
508 4012 721 4082 pulvere
752 4022 906 4068 teme
934 4014 1219 4079 hominem,
1244 4026 1293 4069 et
1322 4026 1445 4071 tunc
1470 4018 1753 4088 insufﬂauit
1776 4020 1830 4073 in

253 4104 440 4173 faciem
460 4104 576 4173 ejus
595 4105 843 4173 spiritum
873 4104 1070 4158 vitai”.
1106 4103 1205 4160 Hic
1231 4114 1316 4160 est
1337 4120 1466 4174 ergo
1493 4116 1682 4161 noster
1718 4121 1832 4161 ca:-

254 4195 406 4250 lestis
447 4196 632 4260 homo,
668 4196 761 4265 qui
796 4198 851 4250 in
889 4197 1071 4251 medio
1111 4198 1578 4252 immunditiarum
1612 4207 1833 4253 nostra-

256 4301 378 4341 rum
409 4294 512 4353 est,
543 4288 637 4357 qui
668 4287 831 4341 etiam
863 4288 1213 4357 passionibus
1238 4289 1420 4344 carnis
1463 4300 1828 4361 oppugnatur,

254 4376 556 4431 secundum
599 4379 745 4447 quod
794 4378 994 4433 Paulus
1045 4380 1216 4435 dixit:
1268 4380 1421 4434 Video
1476 4382 1614 4434 enim
1665 4381 1832 4436 aliam

255 4469 420 4539 legem
436 4470 493 4523 in
509 4471 751 4525 membris
772 4473 922 4534 meis,
944 4482 1322 4541 repugnantem
1347 4472 1448 4543 legi
1474 4474 1659 4527 mentis
1680 4489 1829 4539 mete,

1929 3293 2051 3332 sum
2106 3279 2176 3334 ad
2234 3279 2426 3343 altare,
2497 3279 2643 3349 quod
2700 3288 2786 3333 est
2838 3295 3022 3334 coram
3069 3279 3318 3335 Domino.
3380 3281 3522 3335 υὶιὶι

1930 3380 2111 3424 autem
2142 3386 2291 3437 eum,
2321 3372 2415 3440 qui
2447 3380 2530 3425 est
2562 3371 2955 3442 thymiamatis,
2980 3374 3127 3441 quod
3176 3388 3299 3427 esse
3331 3374 3521 3427 sedem

1929 3465 2225 3518 Cheruhim
2254 3465 2614 3528 ostendimus,
2673 3481 2801 3520 cum
2861 3482 3026 3521 carne
3077 3466 3403 3530 asecndens,
3462 3477 3521 3522 et

1930 3563 2173 3610 nostram
2210 3552 2266 3605 in
2320 3567 2388 3607 eo
2418 3553 2790 3621 captivitatem
2839 3555 3163 3620 sublevavit,
3210 3554 3371 3607 simul
3416 3570 3519 3609 nos

1929 3645 2223 3708 suscitans,
2248 3654 2300 3699 et
2330 3646 2525 3700 sedere
2548 3645 2758 3699 faciens
2795 3646 2847 3698 in
2873 3646 3062 3700 dextra
3090 3646 3143 3699 in
3176 3646 3514 3701 cwlcstibus.

1930 3737 1998 3792 Et
2025 3748 2302 3807 sumptum
2344 3740 2668 3809 sanguinem
2711 3739 3133 3802 ellunditsuper
3159 3754 3364 3792 cornua
3399 3739 3520 3809 ejus

1932 3845 2031 3899 per
2057 3846 2263 3900 gytum,
2293 3845 2701 3901 aspergensque
2738 3830 2909 3901 digito
2964 3831 3188 3899 septies,
3227 3832 3410 3900 expiet
3465 3840 3522 3884 et

1932 3920 2237 3975 sanctiﬁcct
2302 3921 2435 3976 illud
2493 3923 2563 3976 ab
2621 3922 2992 3976 immunditiis
3042 3921 3276 3976 filiorum
3332 3922 3519 3978 Israel.

1932 4013 2068 4079 Quia
2105 4014 2325 4083 propria
2366 4015 2622 4082 passione
2652 4030 2761 4069 nou
2807 4014 2982 4068 solum
3018 4029 3222 4069 cornua
3254 4015 3392 4083 ejus,
3429 4015 3521 4083 qui

1933 4105 2098 4159 estin
2132 4106 2273 4161 ccnlo
2298 4107 2507 4166 altaris.
2543 4108 2777 4162 virtutes
2829 4109 3043 4162 scilicet
3094 4111 3421 4179 praecipuas,
3469 4119 3524 4164 ct

1934 4198 2236 4268 generales,
2267 4199 2616 4268 sapientiam,
2650 4201 3062 4266 fortitudinem,
3090 4201 3357 4270 justitiam
3382 4243 3397 4267 ,
3429 4217 3524 4255 ca-

1935 4288 2180 4342 stitatem
2215 4289 2603 4344 sanctiﬁeavit:
2635 4306 2757 4360 quae
2801 4306 3008 4346 cornua
3047 4292 3344 4345 Cherubin]
3379 4302 3524 4348 recte

1935 4389 2088 4446 sunt,
2153 4380 2354 4452 ﬁguras
2408 4383 2557 4436 enim
2615 4400 2806 4439 eorum
2863 4385 3091 4440 caeleste
3146 4383 3251 4439 hoe
3317 4384 3523 4453 animal

1937 4473 2122 4537 habet,
2155 4475 2214 4529 in
2250 4491 2601 4545 personaque
2636 4477 2877 4531 hominis
2906 4488 2964 4532 et
2992 4476 3166 4532 leonis
3194 4486 3248 4530 et
3280 4476 3435 4531 vituli
3471 4487 3520 4530 et

254 4568 302 4613 et
328 4560 594 4626 captivum
624 4577 705 4613 me
731 4561 1001 4614 ducentem
1030 4562 1087 4614 in
1120 4562 1230 4631 lege
1274 4562 1493 4631 peccati,
1526 4578 1643 4627 quae
1671 4573 1745 4617 est
1777 4565 1833 4617 in
1865 4567 1909 4625 D
1937 4566 2132 4635 aquilae
2168 4568 2326 4639 gerit,
2374 4568 2659 4638 sapientia:
2683 4570 2904 4638 quidem
2934 4568 2989 4623 in
3029 4583 3268 4638 persona
3324 4568 3523 4632 leonis,

255 4650 501 4704 membris
525 4651 738 4706 meis".
770 4651 999 4723 Propter
1020 4654 1169 4723 quod
1191 4653 1356 4709 nimis
1384 4649 1471 4709 lex
1501 4670 1836 4726 consequen-

252 4752 335 4796 ter
356 4742 600 4797 subdidit
628 4759 642 4796 :

328 4830 487 4885 Vens.
523 4832 608 4885 Π.
644 4850 661 4882 ι
700 4830 892 4886 Nullus
922 4832 1086 4887 homo
1111 4832 1180 4888 sit
1216 4834 1271 4887 in
1298 4834 1650 4890 tabernaculo
1682 4838 1835 4893 testi-

252 4922 446 4987 monii,
468 4924 688 4993 quando
714 4924 960 4994 pontifex
992 4925 1299 4995 ingreditur
1328 4934 1390 4982 ut
1430 4940 1581 4999 roget
1613 4945 1715 5000 pro
1754 4946 1834 4998 se,

256 5024 309 5067 et
336 5030 435 5084 pro
470 5016 634 5070 domo
654 5030 773 5080 sua,
793 5026 850 5071 et
869 5034 966 5088 pro
995 5018 1253 5073 universo
1275 5028 1422 5074 cmtu
1447 5019 1629 5076 Israel.
1669 5040 1688 5073 ›

325 5109 555 5173 Quando
582 5112 729 5166 enim
750 5110 1003 5167 Christus
1051 5112 1357 5184 ingreditur
1385 5114 1441 5169 in
1473 5123 1745 5182 sanctum,
1781 5118 1835 5172 id

254 5211 358 5265 est,
393 5202 612 5271 quando
630 5204 1039 5267 incarnabatur,
1061 5205 1337 5261 caelestem
1368 5205 1645 5262 hominem
1674 5217 1837 5279 atque

254 5305 322 5344 ex
355 5291 513 5345 nobis
544 5292 813 5363 primitias
839 5294 1115 5361 sumebat,
1150 5311 1310 5350 nemo
1329 5304 1448 5351 erat
1477 5298 1533 5351 in
1580 5298 1838 5369 intelligi-

254 5383 349 5437 hili
383 5385 738 5441 tabernaculo
762 5386 1083 5449 testimonii,
1108 5402 1212 5442 nec
1232 5389 1450 5459 gentilis
1472 5404 1575 5444 nec
1598 5389 1833 5444 circum-

254 5474 420 5538 cisus,
454 5480 557 5530 nec
590 5465 774 5541 levita,
810 5492 915 5535 nec
936 5480 1206 5543 sacerdos,
1240 5480 1367 5549 quia
1401 5498 1575 5535 omnes
1594 5481 1829 5535 declina—

257 5576 460 5629 verunt,
492 5569 651 5621 simul
700 5570 913 5626 inutiles
946 5571 1076 5640 facti
1114 5580 1257 5638 sunt,
1294 5588 1396 5632 non
1420 5582 1499 5625 est
1550 5575 1638 5642 qui
1666 5574 1831 5643 faciat

330 5766 372 5793 "
396 5764 552 5819 Joan.
579 5780 629 5827 κ,
670 5769 753 5829 lc.

258 5824 304 5853 9.
396 5768 552 5853 toan.
576 5769 753 5853 mula.
832 5768 876 5801 οι
910 5768 928 5821 Ι
960 5768 1086 5823 Cor.
1148 5786 1237 5836 xv,
1272 5772 1358 5825 49.

286 5831 304 5857 ⁸
334 5834 496 5892 Hebr.
532 5851 607 5904 ιι,
631 5836 721 5890 25.

1439 5772 1483 5802 "
1520 5771 1559 5824 ll
1598 5771 1721 5825 Cor.
1759 5788 1812 5835 v,
1846 5773 1889 5823 Ι.

1929 4657 2161 4728 iustitiae
2219 4660 2277 4714 in
2340 4676 2576 4730 persona
2634 4661 2813 4727 vituli,
2856 4661 3126 4715 castitatis
3173 4660 3227 4713 in
3290 4671 3525 4730 persona

1931 4753 2158 4822 aquilae:
2188 4754 2255 4807 de
2292 4753 2493 4822 quibus
2531 4754 2749 4823 plenius
2796 4755 2849 4807 in
2892 4753 3177 4823 propheta:
3220 4751 3525 4807 Ezechielis

1933 4844 2387 4915 interpretatione
2418 4845 2547 4900 olim
2575 4847 2952 4914 exposuimus.

2006 4934 2197 5004 Expiet
2225 4945 2275 4988 et
2296 4935 2587 5003 sanctiﬁcet
2620 4936 2754 4989 illud
2787 4936 2855 4989 ab
2889 4935 3246 4989 immunditiis
3290 4933 3521 5002 ﬁliorum

1935 5028 2127 5083 Israel.
2150 5027 2358 5083 Christi
2400 5029 2547 5082 enim
2587 5014 3198 5098 sacriﬁcio'expiantur
3250 5039 3306 5081 et
3358 5026 3523 5081 cwle-

1937 5122 2041 5174 stia
2063 5121 2132 5182 “,
2158 5120 2233 5174 ita
2264 5131 2323 5175 ut
2354 5121 2555 5175 Paulus
2588 5120 2831 5175 diceret:
2858 5120 3221 5175 diﬁ'erentiam
3270 5119 3522 5190 legalium

1936 5209 2352 5271 sacriﬁciorum,
2399 5222 2454 5264 et
2502 5209 2770 5281 unigeniti
2831 5210 3123 5264 ostendere
3157 5208 3347 5262 volens
3384 5220 3517 5260 :ne-

1936 5314 2093 5354 cesse
2121 5310 2209 5354 est
2245 5315 2376 5370 ergo
2416 5299 2748 5369 exemplaria
2783 5300 3085 5355 caelestium
3122 5300 3209 5353 his
3248 5296 3521 5358 mundari,

1938 5392 2057 5461 ipsa
2095 5402 2278 5446 autem
2308 5393 2556 5448 cmlestia
2609 5393 2913 5464 majoribus
2960 5392 3155 5447 hostiis
3186 5405 3348 5460 quam
3379 5388 3520 5443 istis.

1941 5480 2046 5534 Sed
2109 5480 2268 5549 cujus
2329 5481 2407 5534 rei
2465 5480 2635 5550 gratia
2692 5481 3002 5549 expiatione
3058 5494 3199 5549 opus
3246 5478 3521 5533 habebant

1940 5573 2185 5628 cmlestia
2219 5573 2492 5643 legislalor
2522 5573 2783 5640 ostendit,
2814 5574 3033 5629 dicens:

1974 5771 2173 5825 “Gen.
2244 5789 2302 5835 ιι,
2338 5774 2387 5826 7.
2466 5774 2511 5805 ”
2540 5772 2696 5828 Rom.
2753 5789 2848 5841 vtt,
2884 5774 2971 5828 25.
3048 5770 3263 5826 "Psal.
3316 5770 3517 5836 suus.
