4218 6450
721 375 850 437 1003

1900 374 2254 435 HESYCHH
2310 370 2781 429 PRESBYTER!

3849 364 3998 428 1064

711 504 892 542 servos
923 490 1120 545 liberos
1143 491 1338 557 facere,
1364 490 1610 560 jejunare
1635 489 1968 560 frequenter,
2000 491 2080 541 vel
2102 503 2277 549 orare,
2315 497 2354 549 Α
2386 491 2439 536 et
2489 483 2648 536 docet
2678 484 2836 552 quale
2877 491 2959 536 est
2981 481 3360 537 fornicationis
3394 491 3700 550 peccatum,
3737 491 3791 532 ut
3865 481 3994 531 ido-

712 598 817 634 non
851 583 1412 645 circumscribitloco,
1441 584 1566 651 quia
1598 598 1810 652 semper
1851 591 1977 634 sunt
2022 579 2193 642 utilia,
2232 587 2286 631 et

709 689 832 726 cum
866 674 1173 744 evangelica
1223 677 1634 729 conversatione
1662 673 1992 728 communia.
2025 670 2146 724 llmc
2193 686 2286 723 au—

712 777 814 818 tem
839 782 960 834 quae
990 769 1290 822 secundum
1323 768 1614 837 semetipsa
1660 777 1788 822 sunt
1842 763 2134 835 superﬂua,
2191 761 2283 815 sed

707 873 886 913 causm
935 859 1216 929 cujusdam
1272 870 1401 914 sunt
1459 860 1724 929 exquisita
1767 859 1962 926 gratia,
2011 855 2286 910 concludit

708 951 843 1014 loco,
883 962 940 1004 ut
991 963 1319 1021 cognoscant
1346 952 1469 1021 quia
1528 950 1843 1020 temporalia
1887 957 2012 1003 sunt
2052 965 2064 999 :
2104 946 2283 1000 omnia

706 1041 852 1093 enim
898 1056 1020 1109 quzr~
1075 1042 1192 1096 loco
1238 1042 1504 1105 serviunt,
1551 1041 1758 1095 servire
1811 1041 1976 1094 etiam
2034 1038 2286 1092 ordinata

707 1143 834 1185 sunt
863 1133 1113 1200 tempori.
1152 1131 1415 1202 Deputata
1451 1142 1580 1187 sunt
1629 1132 1790 1203 igitur
1838 1133 1956 1184 loco
1999 1128 2283 1192 sacriﬁcia,

704 1222 1121 1275 emundationes
1176 1232 1540 1285 mortuorum,
1571 1231 1626 1276 et
1677 1221 1901 1275 seminis
1939 1219 2142 1272 fluxum
2192 1235 2288 1287 pa-

707 1312 983 1377 tientium,
1019 1321 1073 1365 et
1112 1313 1474 1380 leprosormn,
1518 1320 1573 1364 et
1623 1320 2081 1366 menstruatarum
2118 1329 2130 1363 :
2162 1308 2287 1378 quia

703 1412 757 1455 et
817 1403 932 1456 hazc
973 1417 1068 1472 per
1119 1403 1380 1456 sacriﬁcia
1429 1402 1683 1457 cﬂectum
1753 1403 2000 1456 habent:
2043 1400 2290 1455 similiter

701 1511 910 1565 azyma,
941 1504 996 1548 et
1020 1494 1308 1564 ﬁguratum
1329 1497 1550 1565 pascha,
1581 1494 1924 1564 sccnopegia,
1951 1500 2285 1563 pentecosle,

703 1601 914 1640 necnon
977 1588 1301 1648 neomeniaa,
1355 1597 1412 1640 et
1459 1587 1684 1641 sabbata
1727 1604 1744 1639 :
1800 1587 2084 1656 oportebat
2143 1585 2288 1637 enim

702 1681 851 1732 omni
897 1681 1056 1733 modo
1099 1679 1364 1733 sacriﬁcia
1397 1681 1448 1732 in
1496 1679 1615 1733 istis
1665 1679 1870 1733 offerri.
1912 1679 2048 1743 Quia
2102 1688 2285 1732 autem

703 1772 818 1822 haec
843 1771 1224 1838 mysteriorum
1251 1771 1477 1824 Domino
1510 1771 1910 1839 implendorum
1961 1770 2158 1842 ﬁguras
2191 1773 2288 1825 ha~

2389 575 2560 626 loruzn
2601 573 2770 636 cultu,
2801 573 3236 638 fornicationem,
3270 584 3325 627 et
3359 575 3426 627 ad
3454 575 3727 626 daemones
3781 573 3992 626 confu—

2389 662 2556 732 gium,
2599 662 3018 717 fornicationem
3042 665 3417 718 nominaretur
3443 680 3457 714 :

2461 751 2618 807 Vens.
2645 755 2698 818 8,
2725 754 2778 808 9.
2818 774 2834 804 ‹
2863 755 2928 808 Ει
2953 755 3104 809 dices
3153 756 3218 810 ad
3278 757 3462 825 ipsos:
3506 755 3677 808 Ilomo
3715 758 3788 809 de
3855 757 3994 808 ﬁliis

2389 839 2572 906 Israel,
2599 851 2654 895 et
2683 843 2752 896 de
2780 843 3005 897 advenis
3059 845 3150 913 qui
3173 845 3593 914 peregrinantur
3649 849 3798 913 apud
3863 864 3992 906 vos,

2387 931 2480 1001 qui
2533 933 2794 988 obtulerit
2850 935 3254 1001 holocaustum,
3317 940 3430 992 sive
3480 939 3781 1005 victimam,
3813 951 3869 993 et
3923 943 3993 992 ad

2389 1026 2588 1078 ostium
2621 1026 2953 1082 tabernaculi
3007 1029 3301 1082 testimonii
3342 1045 3451 1083 non
3501 1031 3791 1086 adduxerit
3840 1048 3993 1094 eam,

2391 1125 2448 1171 ut
2487 1116 2751 1171 oﬂeratur
2783 1119 3032 1187 Domino,
3076 1122 3319 1175 interibit
3345 1124 3413 1176 de
3441 1124 3640 1192 popqu
3662 1140 3787 1178 suo.
3829 1145 3847 1176 ι

2462 1209 2528 1263 Et
2591 1210 2636 1263 si
2688 1211 2879 1264 eadem
2909 1212 3092 1266 dicere
3151 1212 3421 1283 legislator
3471 1214 3704 1279 videtur,
3766 1233 3997 1269 verum-

2391 1309 2572 1356 tamen
2601 1304 2885 1372 populum,
2955 1305 3044 1358 cui
3075 1305 3146 1358 ab
3185 1321 3250 1359 eo
3299 1307 3379 1360 lex
3407 1307 3719 1376 imponitur,
3763 1319 3996 1362 cautum

2393 1394 2572 1447 reddit
2609 1413 2621 1447 ε
2654 1395 2846 1448 eadem
2869 1400 3070 1466 quippe
3111 1395 3426 1465 frequenter
3471 1399 3680 1464 dicens,
3737 1401 3996 1453 ostendit

2393 1485 2494 1537 hoc
2527 1487 2842 1540 mandatum
2905 1490 3276 1542 necessarium
3344 1504 3485 1554 esse,
3524 1491 3800 1559 nimisque
3833 1492 3991 1544 utile.

2399 1573 2778 1631 Verumtamen
2814 1593 2884 1632 ne
2933 1579 3134 1633 frustra
3186 1580 3422 1648 idipsum
3473 1595 3662 1634 rursus
3693 1581 3852 1637 dicit.
3900 1584 3998 1633 sed

2393 1683 2557 1737 supra
2579 1669 2796 1737 quidem
2822 1669 3158 1724 occidentem
3185 1671 3550 1735 solummodo,
3579 1680 3635 1724 ut
3655 1672 3884 1740 aliquod
3917 1671 3996 1724 fa-

2393 1767 2544 1812 ceret
2562 1760 2909 1826 sacrificium,
2935 1777 3044 1815 non
3076 1770 3254 1816 tamen
3289 1764 3438 1815 onini
3482 1764 3642 1816 modo
3671 1773 3730 1816 ct
3775 1765 3994 1832 reliqua

703 1861 942 1927 hebant,
995 1861 1047 1915 in
1113 1863 1489 1933 superioribus
1535 1861 1867 1916 sufficienter
1925 1863 2287 1916 ostendimus.

2397 1850 2646 1904 sacrificii
2674 1850 2988 1916 facientem,
3020 1868 3196 1922 paenae
3247 1854 3498 1923 subjecit,
3553 1855 3628 1908 ait
3657 1855 3804 1908 enim
3845 1873 3860 1906 :
3891 1855 3994 1919 Qui

704 1954 966 2009 Parvulus
989 1969 1120 2025 ergo
1149 1970 1272 2010 cum
1309 1965 1454 2010 esset
1506 1957 1764 2026 populus,
1792 1955 1883 2024 qui
1913 1955 2085 2024 legem
2137 1955 2292 2009 acci-

702 2043 917 2111 piebat,
947 2053 1002 2098 et
1032 2044 1098 2098 ad
1131 2060 1193 2098 ea
1224 2061 1345 2114 qua:
1372 2055 1498 2100 sunt
1547 2045 1861 2116 imperfecta
1900 2045 2135 2108 inhians,
2164 2047 2291 2115 quia

702 2135 1068 2190 adluesiturus
1089 2146 1208 2191 erat
1240 2138 1468 2199 umbris,
1500 2146 1556 2192 et
1581 2153 1967 2207 compassurus
2001 2136 2155 2200 locis,
2181 2137 2291 2190 sie-

706 2240 765 2283 ut
822 2231 1081 2298 parvulus
1127 2230 1181 2283 in
1214 2230 1538 2299 quibusdam
1579 2230 1711 2283 locis
1767 2230 2090 2293 delectatur,
2133 2230 2290 2284 inve-

701 2324 784 2376 nit
807 2324 1026 2376 modum
1058 2323 1349 2394 legislator,
1377 2338 1472 2393 per
1502 2338 1663 2392 quem
1703 2337 1769 2375 ex
1797 2322 2120 2378 necessitate
2167 2323 2288 2377 illos

703 2424 1026 2470 removeata
1056 2415 1263 2486 ﬁguris,
1313 2417 1532 2484 quando
1567 2423 1811 2484 tempore
1871 2415 2060 2469 harum
2107 2430 2286 2470 reces-

701 2506 871 2560 sionis
902 2505 1088 2569 fuerit,
1123 2506 1244 2560 loco
1277 2507 1712 2561 circumcludens
1764 2521 1858 2559 eas
1887 2521 2007 2575 qua:
2066 2506 2288 2559 destru-

700 2610 885 2653 cturus
935 2607 1073 2662 erat,
1131 2609 1185 2652 et
1224 2598 1544 2666 praecipiens
1589 2605 1744 2651 extra
1785 2597 1965 2650 locum
2018 2598 2163 2650 hunc
2213 2597 2290 2649 nil

701 2705 889 2743 eorum
920 2705 1040 2758 quae
1070 2690 1211 2744 dicta
1244 2699 1393 2752 sunt,
1441 2689 1580 2754 ﬁeri,
1614 2691 1707 2744 sed
1734 2705 1858 2744 eum
1890 2690 1982 2759 qui
2034 2699 2286 2754 tentaret,

703 2795 827 2833 esse
854 2780 997 2834 sicut
1019 2781 1337 2849 sanguinem
1385 2779 1779 2834 elfundeutem.
1807 2779 1946 2848 Ergo
1974 2778 2288 2848 quicunque

703 2881 758 2925 et
790 2886 937 2925 nunc
984 2870 1181 2942 ﬁguras
1215 2886 1476 2940 peragere
1537 2871 1799 2925 destructi
1841 2879 2109 2925 conantur
2159 2871 2284 2934 loci,

704 2961 1027 3030 sanguinem
1059 2958 1372 3024 edundunt,
1405 2960 1456 3013 id
1484 2969 1567 3014 est
1606 2975 1955 3014 communem
1991 2975 2286 3014 conversa-

707 3051 909 3104 tionem
944 3049 1211 3118 polluunt,
1252 3048 1306 3102 in
1338 3063 1629 3102 commune
1661 3059 1908 3118 peccant,
1943 3049 2086 3103 sicut
2114 3059 2169 3104 et
2231 3051 2285 3104 hi

702 3145 794 3212 qui
863 3142 1180 3211 sanguinem
1240 3140 1496 3205 fundunt,
1555 3139 1912 3209 similiterque
1967 3141 2286 3211 sanguinem

705 3239 825 3306 ejus
847 3235 938 3304 qui
985 3234 1054 3288 ab
1083 3234 1163 3288 eis
1193 3234 1244 3286 in
1277 3247 1518 3286 errarent
1542 3231 1790 3296 mittitur,
1811 3231 2042 3285 fundunt
2070 3250 2082 3285 :
2112 3234 2294 3302 perdi-

705 3329 868 3385 tionis
900 3329 1046 3381 enim
1078 3327 1126 3379 ei
1174 3339 1338 3379 causa
1368 3323 1697 3379 efﬁciuntur.
1733 3323 1869 3387 Quia
1901 3331 2080 3376 autem
2120 3324 2289 3393 possi-

705 3418 817 3473 bile
844 3417 945 3471 fuit
967 3416 1086 3469 illos
1117 3416 1475 3483 interrogare,
1510 3419 1605 3464 aut
1635 3412 1892 3480 cogitare,
1914 3423 1968 3465 et
2002 3412 2160 3481 cujus
2215 3413 2292 3466 rei

706 3511 875 3582 gratia
912 3508 1028 3562 hac
1055 3507 1261 3560 sancita
1287 3515 1436 3569 sunt,
1468 3505 1512 3558 si
1537 3505 1726 3558 lor-alia
1757 3516 1883 3558 sunt
1912 3545 1927 3570 ,
1958 3507 2026 3558 ad
2079 3515 2295 3574 tempus

705 3604 958 3665 dicimus,
987 3601 1110 3669 quia
1141 3613 1361 3652 causam
1387 3596 1680 3667 ﬁgurarum
1725 3611 2053 3666 cognoscere
2107 3607 2294 3666 aperte

708 3712 815 3750 non
880 3703 1149 3763 poterant,
1200 3707 1378 3760 neque
1431 3689 1725 3759 cupiebant
1783 3690 2019 3743 revelate
2057 3689 2291 3755 discere,

707 3788 833 3856 quia
861 3788 1088 3839 aliorum
1124 3784 1390 3838 baberent
1436 3783 1698 3851 imagines
1735 3796 1798 3834 ea
1825 3797 1945 3850 qua:
1972 3782 2292 3836 sancieban—

709 3889 817 3933 tur.
852 3878 1214 3943 Quamobrem
1238 3890 1458 3930 causam
1496 3874 1603 3927 illis
1632 3874 1792 3927 aliam
1827 3873 2094 3927 veriorem
2119 3874 2292 3942 ipsam

708 3972 988 4043 legislator
1023 3970 1264 4039 scripsit,
1299 3983 1462 4037 quam
1496 3967 1641 4028 hanc
1671 3985 1684 4019 2

781 4063 849 4118 Et
881 4079 1212 4134 nequaquam
1244 4061 1383 4114 ultra
1408 4059 1758 4113 immolabant
1790 4059 1988 4112 hostias
2029 4075 2154 4111 suas
2185 4060 2294 4111 (ltr-

709 4156 946 4209 monibus
971 4173 1088 4208 cum
1112 4154 1299 4224 quibus
1323 4153 1571 4224 fornicati
1598 4163 1735 4205 sunt.
1762 4151 1908 4216 Sive,
1935 4161 1994 4205 ut
2019 4151 2154 4204 LXX
2185 4168 2197 4202 :
2231 4152 2294 4204 fit

709 4265 811 4300 non
864 4246 1208 4300 imnwlabunt
1240 4245 1380 4296 ultra
1437 4243 1702 4311 sacriﬁcia
1764 4259 1860 4295 sua
1906 4243 2292 4310 supervacuis:

707 4357 832 4395 eum
869 4345 951 4394 eis
983 4340 1145 4393 alleo
1199 4346 1531 4406 przeceptum
1581 4334 1952 4388 fuissetzNon
1988 4336 2149 4404 facies
2203 4334 2298 4387 tibi

710 4433 928 4491 idolum,
958 4447 1047 4484 uec
1069 4445 1272 4483 omnem
1304 4427 1699 4480 similitudinem
1730 4441 1911 4478 eorum
1947 4441 2064 4493 qua:
2085 4427 2138 4478 in
2172 4425 2297 4478 caelo

2396 1945 2644 1997 occiderit
2677 1946 2874 2010 bovem,
2909 1955 3001 1998 aut
3038 1962 3203 2012 ouem,
3229 1948 3336 2000 sive
3383 1948 3437 1999 in
3467 1949 3675 2012 castris,
3700 1949 3784 2001 vel
3838 1960 3996 2002 extra

2395 2048 2594 2102 castra,
2623 2049 2670 2092 et
2705 2055 2809 2092 non
2832 2040 3075 2094 obtulerit
3105 2041 3178 2093 ad
3215 2044 3406 2095 ostium
3451 2042 3784 2096 tabernaculi
3839 2045 3998 2097 oblu-

2395 2131 2587 2184 tionem
2654 2131 2899 2185 Domino.
2946 2132 3023 2187 lbi
3084 2135 3397 2203 prohibitus
3461 2135 3782 2207 intelligitur
3805 2139 3881 2190 ab
3932 2155 3999 2190 eo

2392 2225 2536 2293 quod
2567 2226 2794 2279 tentavit
2837 2245 2849 2278 :
2888 2227 2976 2281 hic
2997 2239 3179 2282 autem
3207 2244 3314 2282 non
3347 2230 3441 2296 ita,
3475 2232 3569 2284 sed
3601 2250 3614 2286 :
3643 2231 3745 2296 Qui
3780 2233 3998 2286 obtule-

2396 2317 2468 2370 rit
2496 2316 2878 2383 holocaustum,
2906 2321 3012 2374 siue
3031 2322 3325 2386 victimam,
3355 2333 3403 2375 et
3429 2325 3500 2377 ad
3525 2325 3715 2378 ostium
3748 2328 4001 2379 tabernu-

2396 2407 2500 2460 culi
2536 2411 2818 2463 testimonii
2841 2427 2945 2464 non
2964 2414 3244 2466 adduxerit
3275 2430 3413 2478 eam,
3440 2424 3494 2467 ut
3524 2417 3777 2485 oﬁeramr
3807 2418 3998 2470 Domi-

2393 2515 2477 2555 no.
2509 2499 2960 2556 Consummatum
2990 2505 3104 2558 sive
3157 2505 3486 2560 sacriﬁcium
3533 2507 3843 2577 perfectum
3913 2511 4000 2564 di-

2391 2605 2540 2657 cens,
2565 2593 2619 2645 in
2644 2602 2855 2648 tantum
2888 2605 2947 2649 ut
2977 2596 3356 2651 holocaustum
3386 2598 3562 2663 ﬁeret,
3601 2602 3860 2655 eamdem
3914 2613 3998 2655 ta-

2392 2699 2519 2738 men
2550 2686 2687 2740 etin
2717 2687 2820 2742 hoc
2867 2703 3084 2758 paruam
3118 2691 3393 2760 praecepit.
3425 2689 3529 2756 Qui
3570 2693 3718 2746 enim
3774 2693 3997 2747 initium

2392 2775 2522 2831 fecit
2551 2778 2652 2832 hoc
2683 2782 3030 2846 attrectandi,
3072 2792 3128 2837 ct
3157 2783 3464 2851 prohibitus
3495 2792 3598 2849 est,
3639 2785 3779 2838 nihil
3807 2785 4000 2838 diﬁ‘ert

2390 2865 2460 2923 ab
2482 2885 2550 2922 eo
2582 2872 2674 2940 qui
2696 2872 3007 2941 complevit.
3043 2873 3147 2928 Sed
3172 2885 3228 2928 et
3261 2877 3542 2944 utriusque
3601 2893 3782 2945 paena,
3810 2877 4002 2946 perdi-

2393 2962 2469 3016 tio
2501 2963 2568 3017 de
2592 2965 2794 3033 populo
2823 2975 2926 3028 est,
2957 2966 3028 3019 ita
3056 2977 3116 3020 ut
3142 2983 3252 3020 non
3281 2969 3454 3035 possit
3485 2970 3628 3022 ultra
3654 2970 3745 3023 hic
3787 2972 3845 3022 in
3893 2986 3998 3037 po-

2396 3055 2527 3125 pqu
2553 3057 2770 3126 degere,
2796 3073 2973 3125 neque
3003 3059 3071 3113 de
3098 3060 3516 3114 circumcisione
3540 3061 3781 3130 gloriari,
3809 3077 3996 3129 neque

2397 3147 2465 3201 de
2485 3163 2685 3218 genere
2715 3146 2988 3203 Abraham
3031 3152 3388 3220 semetipsum
3423 3167 3641 3214 ornare,
3675 3163 3772 3205 aut
3803 3153 3994 3206 lsrae«

2397 3238 2489 3292 lita
2542 3240 2670 3302 dici,
2699 3240 2792 3294 sed
2828 3240 2971 3295 inter
3022 3244 3347 3310 praeputium
3375 3242 3640 3297 habentes
3677 3255 3732 3298 et
3786 3245 3993 3298 alieni-

2398 3344 2564 3399 genas
2593 3331 2977 3396 constituatur,
3013 3333 3116 3386 hoc
3151 3344 3234 3387 est
3264 3334 3502 3403 disperdi
3563 3337 3881 3404 quempiam
3922 3339 3994 3391 de

2399 3426 2604 3491 populo
2630 3438 2750 3478 suo.
2795 3423 2938 3491 Ergo
2993 3426 3303 3494 quicunque
3336 3441 3483 3478 nunc
3518 3426 3650 3496 le'gis
3708 3427 3990 3491 mandata,

2398 3525 2496 3564 seu
2527 3513 2789 3568 terminos
2820 3513 3316 3582 transgrediuntur,
3340 3524 3492 3567 extra
3542 3515 3805 3584 templum
3829 3532 3993 3587 agen-

2398 3607 2482 3653 tes
2527 3617 2867 3671 qumcunque
2920 3607 3201 3658 destructo
3230 3604 3432 3674 templo
3466 3605 3550 3658 lex
3577 3607 3661 3674 agi
3695 3621 3809 3659 non
3852 3608 3991 3670 vult,

2393 3693 2505 3762 iam
2536 3704 2806 3748 non'sunt
2838 3695 3114 3757 Israelita,
3147 3711 3248 3749 nec
3308 3696 3624 3752 Iudaeorum
3660 3699 3990 3766 appellatio-

2397 3798 2522 3836 nem
2545 3786 2689 3853 justc
2706 3786 2811 3839 sibi
2844 3795 3125 3854 usurpant.
3158 3786 3262 3840 Sed
3297 3787 3460 3839 etiam
3495 3787 3622 3840 illud
3664 3804 3776 3856 pra:
3803 3791 3976 3842 omni-

2398 3875 2500 3929 bus
2523 3878 2698 3930 notari
2725 3887 2958 3945 Oportet,
2987 3879 3130 3947 quod
3154 3895 3265 3932 non
3291 3879 3468 3933 solum
3497 3894 3594 3934 eos
3613 3882 3706 3949 qui
3736 3897 3803 3934 ex
3868 3883 3992 3934 ﬁliis

2400 3966 2562 4019 lsrael
2593 3976 2740 4031 sunt,
2795 3973 2910 4022 haec
2963 3971 3220 4038 pracepit
3244 3972 3542 4035 custodire,
3575 3972 3670 4024 sed
3701 3988 3826 4025 eum
3860 3974 3991 4042 ipsis

2399 4069 2455 4112 et
2485 4060 2806 4130 proselytas,
2835 4063 2950 4114 sive
3005 4062 3261 4126 advenas,
3293 4062 3386 4130 qui
3446 4062 3874 4132 peregrinantur
3907 4067 3988 4117 in.

2403 4159 2482 4203 ter
2518 4165 2632 4213 eos,
2670 4150 2724 4204 id
2749 4160 2834 4204 est
2860 4153 3109 4221 gentiles,
3145 4152 3201 4205 bi
3232 4154 3378 4206 enim
3415 4169 3525 4207 non
3575 4155 3658 4208 eis
3704 4158 3990 4224 conjuncti

2401 4250 2547 4304 sunt,
2578 4242 2674 4295 sed
2695 4242 2840 4310 apud
2868 4257 2965 4296 eos
2993 4252 3142 4308 sunt,
3175 4244 3301 4312 quia
3331 4245 3476 4313 apud
3501 4260 3598 4298 eos
3645 4260 3860 4312 sumus,
3904 4259 3993 4301 ut-

2403 4341 2528 4400 pote
2551 4332 2725 4402 legem
2756 4349 2967 4404 eorum,
3002 4343 3058 4389 et
3092 4336 3409 4405 prophetas,
3445 4345 3501 4390 et
3545 4338 3876 4405 promissam
3914 4341 3997 4393 eis

2404 4424 2777 4478 haereditatem
2807 4426 3090 4480 habentes.
3117 4428 3474 4481 Adbwremus
3506 4436 3689 4480 autem
3734 4443 3850 4482 non
3911 4432 3997 4500 ip-

709 4535 828 4577 sunt
858 4541 1088 4585 sursum,
1115 4534 1161 4576 et
1208 4523 1263 4576 in
1292 4530 1434 4573 terra
1481 4520 1747 4582 deorsum,
1798 4528 1846 4570 et
1877 4534 2198 4588 quaecunque
2241 4519 2295 4571 in
2331 4529 2372 4584 ο
2401 4516 2494 4580 sis,
2522 4518 2619 4570 sed
2664 4518 2808 4572 Deo:
2851 4528 3118 4588 prazterea
3147 4520 3449 4573 secundum
3486 4519 3649 4584 LXX,
3682 4520 3853 4574 homo
3913 4524 3998 4576 di-

709 4615 860 4682 aquis
886 4614 1066 4667 subtus
1129 4623 1326 4664 terram
1359 4611 1422 4662 ”.
1453 4607 1694 4662 Vitulum
1755 4608 2005 4662 fecerunt
2050 4610 2298 4662 conﬂati-

709 4707 815 4758 lcm
855 4715 909 4758 et
948 4705 1116 4758 vitulo
1171 4703 1495 4758 sacriﬁcium
1515 4702 1851 4764 obtulerunt,
1891 4715 2054 4753 causa
2104 4702 2297 4769 gastri-

712 4796 929 4866 margia:
961 4811 1178 4863 sumere
1219 4794 1487 4848 sacriﬁcia
1519 4793 1780 4846 volentes.
1820 4790 2150 4861 Padagogus
2201 4807 2286 4845 eo-

711 4901 832 4940 rum
869 4886 974 4947 lex,
1005 4885 1070 4938 de
1126 4885 1206 4938 eis
1271 4882 1469 4936 offerre
1525 4881 1788 4936 sacriﬁcia
1817 4882 2095 4950 praecepit,
2131 4890 2188 4935 ut
2239 4882 2292 4934 in

713 4980 830 5034 hac
882 4976 1128 5046 occupati
1159 4976 1227 5028 ab
1251 4975 1402 5029 omni
1438 4974 1754 5027 idololatria:
1777 4973 2044 5028 sacriﬁcio
2096 4982 2296 5026 semet-

713 5069 861 5136 ipsos
895 5066 1209 5120 abstineant
1235 5082 1248 5118 :
1285 5073 1339 5117 et
1363 5063 1478 5116 haec
1510 5063 1708 5125 sancit,
1729 5076 1849 5130 quas
1879 5061 1961 5114 lex
1987 5077 2082 5116 eos
2104 5062 2295 5129 prohi-

712 5161 849 5214 bens
867 5159 936 5213 ab
966 5157 1232 5211 idolorum
1265 5153 1569 5217 sacriﬁciis,
1598 5152 1758 5206 simul
1787 5152 1983 5206 docere
2021 5153 2182 5204 etiam
2236 5150 2298 5203 ﬁ-

713 5266 875 5319 guras
907 5248 1286 5318 mysteriorum
1318 5245 1624 5300 futurorum
1647 5243 1971 5312 potuissent.
2006 5243 2150 5297 Bene
2203 5258 2300 5296 au-

715 5356 824 5396 tem
861 5342 1067 5395 servire
1090 5339 1272 5402 idolis,
1309 5336 1724 5391 fornicationem
1761 5335 2089 5404 appellavit:
2116 5344 2302 5404 aperte

717 5447 819 5485 nos
847 5431 1074 5489 docens.
1111 5431 1235 5498 quia
1267 5436 1480 5481 nostras
1501 5426 1711 5479 animas
1737 5424 1880 5479 Deus
1911 5427 2012 5480 sibi
2047 5427 2112 5481 ad
2153 5427 2299 5480 salu-

719 5538 828 5579 tem
858 5523 1167 5592 despondit,
1205 5534 1258 5575 et
1293 5521 1412 5574 ideo
1437 5519 1725 5573 fornicatio
1750 5520 1948 5574 dicitur
1972 5521 2042 5574 ab
2075 5520 2164 5574 illo
2193 5520 2302 5574 dis-

713 5616 911 5670 cessio.
950 5615 1177 5684 lnsuper
1202 5621 1370 5666 terret
1401 5627 1497 5665 eos
1525 5611 1619 5682 qui
1665 5611 1720 5664 in
1745 5626 1909 5666 carne
1933 5611 2296 5678 fornicamur,

798 5821 840 5859 ιδ
879 5821 1048 5884 Exod,
1078 5837 1170 5890 υ,
1209 5820 1239 5875 4
1268 5826 1324 5872 ct
1354 5815 1530 5873 Levii.
1563 5833 1706 5881 xxvi,
1748 5818 1794 5875 l.

2407 4610 2504 4673 xit,
2529 4625 2654 4663 cum
2680 4610 2865 4665 liceret
2901 4611 3222 4680 simpliciter
3265 4612 3447 4664 dicere
3484 4610 3786 4677 hominem,
3814 4614 3996 4682 dupli-

2404 4712 2493 4757 cat
2520 4712 2722 4768 tamen,
2749 4713 2810 4758 ut
2845 4705 3097 4759 ostendat
3143 4713 3250 4758 tam
3290 4719 3415 4757 eum
3447 4704 3538 4772 qui
3598 4704 3652 4756 in
3704 4704 4001 4760 circumci-

2403 4806 2580 4857 sxone,
2616 4809 2776 4863 quam
2811 4795 2904 4864 qui
2935 4794 2991 4847 in
3025 4794 3292 4863 praeputio
3311 4795 3552 4848 adhazret
3597 4794 3730 4860 Deo,
3765 4795 3876 4850 hoc
3897 4798 3999 4851 de-

2406 4881 2534 4935 bere
2567 4884 2839 4937 custodire
2868 4884 3208 4939 mandatum.

2479 4972 2640 5026 Vsus.
2681 4973 2868 5028 10-12.
2901 4993 2918 5024 ι
2948 4973 3122 5028 Homo
3164 4973 3395 5042 quilibet
3437 4974 3504 5028 de
3536 4975 3700 5029 domo
3727 4974 3920 5040 Israel,
3945 4990 4000 5031 et

2401 5065 2470 5119 de
2498 5065 2720 5119 advenis
2752 5066 2845 5136 qui
2882 5067 3302 5137 peregrinantur
3332 5068 3479 5122 inter
3505 5083 3620 5134 eos,
3660 5069 3705 5122 si
3738 5072 3998 5125 comede-

2402 5157 2473 5211 rit
2509 5158 2850 5227 sanguinem,
2877 5158 3180 5212 obﬁrmabo
3210 5157 3404 5213 faciem
3437 5174 3612 5213 meam
3639 5171 3832 5215 contra
3875 5164 3996 5215 ani-

2405 5265 2550 5303 mam
2580 5249 2743 5315 illius,
2768 5258 2823 5304 et
2856 5250 3166 5319 disperdam
3195 5266 3317 5305 eam
3351 5251 3418 5306 de
3462 5252 3664 5321 populo
3695 5268 3820 5307 suo.
3858 5253 3994 5318 Quia

2407 5341 2588 5394 anima
2616 5340 2796 5395 carnis
2822 5340 2876 5394 in
2902 5340 3168 5411 sanguine
3201 5351 3306 5405 est,
3341 5351 3397 5394 et
3431 5356 3530 5412 ego
3563 5341 3689 5395 dedi
3722 5343 3880 5396 illum
3906 5360 3974 5396 vo

2407 5433 2511 5494 bis,
2544 5441 2603 5486 ut
2633 5449 2795 5502 super
2820 5434 2986 5487 altare
3010 5434 3064 5487 in
3093 5449 3161 5489 eo
3193 5434 3422 5504 expietis
3445 5450 3544 5504 pro
3583 5435 3882 5488 animabus
3907 5451 3998 5488 ve-

2410 5524 2559 5584 stris,
2590 5533 2644 5577 et
2668 5526 2887 5594 sanguis
2915 5540 3013 5594 pro
3041 5526 3239 5578 anima:
3270 5524 3483 5594 piaculo
3512 5524 3602 5590 sit,
3633 5520 3843 5578 idcirco
3889 5524 3995 5578 dixi

2412 5615 2534 5671 ﬁliis
2564 5615 2727 5673 Israel
2760 5615 2992 5672 :Omnis
3040 5617 3222 5671 anima
3278 5631 3344 5670 ex
3394 5616 3550 5671 vobis
3593 5631 3703 5670 non
3745 5616 3998 5670 comedet
