4218 6450
247 380 379 444 1005

1384 374 1463 430 ΞΝ
1504 368 1938 432 LEVITICUM.
1979 390 2046 402 -
2080 366 2225 425 LIB.
2265 366 2331 427 V.

3372 353 3508 419 1006

244 500 580 570 sanguinem,
617 512 718 552 nec
744 511 807 551 ex
843 496 1066 550 advenis
1096 493 1187 564 qui
1223 493 1639 563 pet".'gt'lllnllltll'
1679 502 1821 544 inter
1852 506 1891 559 Α
1924 483 2017 545 Cit.
2047 484 2238 536 Anima
2271 480 2450 535 omnis
2491 480 2671 534 carnis
2701 480 2753 532 in
2785 477 3047 547 sanguine
3093 476 3212 544 ejus
3236 482 3356 570 est.
3391 476 3505 527 iiiil~

243 604 359 645 νος.
401 606 419 639 Ι

311 678 452 733 LXX
475 689 656 732 autem
683 677 769 731 hic
789 676 979 739 edunt,
1014 674 1181 728 Homo
1204 677 1377 727 homo.
1411 675 1563 739 Quod
1592 690 1824 742 quomo-

244 773 312 826 do
343 779 591 840 oporteat
624 768 874 838 intelligi,
907 766 1161 836 superius
1196 768 1454 820 diximus.
1493 766 1634 835 Ergo
1661 780 1826 832 opor—

248 872 321 917 tet
349 862 589 916 mandati
624 861 788 921 huius
819 860 1056 912 litteram
1082 859 1382 919 custodire,
1415 866 1471 910 et
1513 858 1825 910 nullatenus

246 954 531 1008 comedere
561 952 901 1022 sanguinein.
930 948 1045 1004 Hoc
1075 951 1223 1004 enim
1257 960 1313 1004 et
1345 949 1620 1018 apostolos
1667 949 1824 1002 inve-

249 1045 363 1098 nies
396 1043 739 1113 praecepisse,
770 1041 988 1110 quando
1017 1041 1084 1096 de
1110 1041 1436 1111 quibusdam
1454 1040 1694 1095 Judaieis
1725 1039 1825 1093 ob-

246 1134 644 1189 servationibus
688 1132 1039 1187 contentione
1082 1133 1137 1185 in
1181 1133 1534 1187 Antiochensi
1584 1131 1826 1185 Ecclesia

248 1227 407 1288 facta.
435 1227 500 1280 ad
534 1240 629 1279 eos
654 1224 823 1278 relata
861 1233 946 1278 est
980 1223 1230 1292 quiestio,
1265 1225 1357 1292 qui
1411 1225 1584 1294 legem
1626 1238 1828 1294 posue-

248 1328 393 1379 runt.
428 1318 701 1372 solventes
731 1316 1089 1386 quiestionem
1122 1318 1281 1383 hanc,
1334 1326 1391 1372 et
1444 1318 1773 1373 deﬁnientes
1809 1337 1823 1372 :

253 1410 424 1463 Visum
455 1418 528 1462 est
557 1426 677 1479 ergo
707 1407 928 1478 Spiritui
955 1420 1136 1463 sancto
1174 1420 1221 1463 et
1246 1411 1409 1472 nobis.
1442 1411 1575 1463 nihil
1599 1411 1828 1478 amplius

247 1501 511 1567 imponere
563 1499 702 1552 vobis
755 1499 946 1563 oneris,
979 1515 1141 1568 quam
1192 1508 1248 1552 ut
1293 1500 1602 1552 abstineatis
1645 1515 1732 1552 vos
1761 1500 1827 1553 ab

247 1591 536 1645 immolatis
590 1590 1017 1654 simulacrorum,
1056 1600 1103 1643 et
1149 1590 1424 1660 sanguine,
1458 1599 1505 1642 et
1556 1590 1825 1659 suﬁ‘ocato,

246 1693 293 1736 et
322 1682 670 1753 fornicatione
691 1684 755 1737 “.
800 1683 1095 1752 Propterea
1121 1682 1437 1753 sanguinein
1463 1683 1681 1751 quidem
1703 1698 1831 1753 pro-

248 1777 365 1846 prie
392 1776 765 1843 homicidium,
792 1791 1012 1831 omnem
1052 1785 1233 1830 autem
1290 1777 1631 1846 sanguinem,
1665 1791 1828 1831 omne

1926 575 2140 628 lateiius
2165 571 2524 627 substantiam
2552 571 2748 625 animae
2776 571 3095 640 sanguinein
3117 568 3505 637 intelligamus,
3530 636 3536 641 ﬁ

1912 658 2023 718 scil
2058 668 2183 734 quia
2219 665 2537 719 societatem
2570 679 2694 718 cum
2719 680 2882 718 carne
2909 680 3007 733 per
3053 664 3371 734 sanguinem
3411 662 3504 716 lia-

1928 756 2039 820 bet,
2076 766 2131 810 et
2161 758 2380 825 quando
2412 756 2517 810 hoc
2550 765 2871 815 evacuatum
2899 757 3084 820 fuerit,
3116 768 3210 811 aut
3242 757 3510 827 friguerii,
3586 746 3591 749 “

1930 856 2060 901 tunc
2089 864 2119 901 a
2145 863 2308 902 carne
2337 849 2652 903 dissolvitur
2697 850 2774 904 sic
2795 834 3056 904 Creatore
3113 861 3363 907 naturam
3412 867 3515 907 no-

1930 949 2099 993 stram
2130 940 2477 1009 disponente.
2519 941 2655 1006 Quia
2707 957 2834 1012 ergo
2883 943 3135 997 Christus
3192 946 3510 1014 sanguinem

1930 1043 2088 1082 suum
2120 1030 2185 1083 ad
2212 1030 2574 1099 eXpiationem
2599 1032 2907 1085 animarum
2963 1043 3277 1090 nostrarum
3336 1037 3511 1096 dedit.

1931 1131 1989 1174 ut
2017 1120 2086 1175 ab
2116 1125 2264 1175 omni
2293 1138 2394 1175 nos
2419 1123 2735 1187 homicidio,
2755 1125 3016 1195 omnique
3045 1127 3148 1181 alia
3200 1129 3511 1199 iniquitate,

1928 1227 2047 1279 qua:
2076 1212 2371 1267 homicidio
2389 1215 2637 1283 proxima
2665 1225 2769 1281 est,
2821 1218 3217 1275 abstineamus.
3258 1225 3514 1278 Cominu-

1928 1302 2015 1356 nis
2039 1304 2188 1357 enim
2224 1304 2308 1358 lex
2344 1313 2447 1371 est,
2472 1315 2525 1360 et
2552 1317 2741 1361 contra
2776 1324 2968 1363 omnes
2990 1315 3324 1368 extenditur.
3359 1342 3362 1346 ι

2003 1395 2161 1451 Vens.
2208 1398 2293 1462 lii,
2330 1398 2415 1451 Η.
2454 1416 2471 1449 ‹
2511 1399 2684 1454 lloino
2706 1401 3020 1470 quicunque
3055 1405 3123 1458 de
3157 1406 3279 1460 [iliis
3325 1408 3514 1473 lsrael,

1929 1499 1983 1543 i-t
2011 1490 2079 1543 de
2104 1490 2330 1544 advenis
2356 1493 2448 1560 qui
2475 1494 2896 1562 peregrinantur
2924 1499 3069 1565 apud
3101 1514 3215 1563 vos,
3253 1500 3297 1553 si
3350 1517 3517 1556 vena~

1933 1578 2080 1633 tione
2128 1589 2292 1649 atque
2318 1582 2549 1649 aucupio
2572 1584 2781 1651 ceperit
2811 1584 2980 1639 feram
3009 1589 3091 1642 vel
3112 1605 3292 1655 avem,
3319 1594 3518 1661 quibus

1930 1672 2075 1725 vesci
2110 1673 2316 1726 licitum
2341 1683 2444 1737 est,
2476 1675 2666 1729 tundat
2688 1677 3008 1747 sanguinem
3041 1680 3180 1749 ejus,
3214 1692 3268 1737 et
3311 1688 3521 1754 Opi-rint

1932 1764 2082 1819 illiilli
2121 1775 2260 1820 terra
2291 1784 2304 1819 :
2340 1767 2521 1821 anima
2551 1770 2696 1823 enim
2738 1771 2918 1826 omnis
2943 1775 3125 1829 carnis
3167 1776 3223 1831 in
3254 1782 3518 1850 sanguine

248 1866 549 1921 fraternum
571 1868 755 1923 odium
781 1868 1162 1939 intelligamus,
1194 1869 1318 1938 quia
1351 1869 1441 1939 qui
1466 1870 1573 1922 odit
1610 1871 1830 1939 fratrem
1866 1847 1905 1905 Β
1934 1869 2039 1913 εδιι
2095 1858 2250 1914 Unde
2308 1861 2418 1915 diXi
2472 1861 2599 1916 ﬁliis
2648 1862 2848 1919 Israel:
2881 1864 3211 1937 Sanguinem
3253 1847 3521 1928 universa:

246 1972 420 2023 suum,
468 1958 731 2011 homicida
762 1968 837 2012 est
864 1959 928 2023 ",
961 1958 1103 2013 sicut
1153 1958 1394 2014 Joannes
1417 1960 1653 2030 scripsit.
1692 1959 1830 2015 Dicit

248 2063 377 2118 ergo
428 2064 646 2103 omnem
697 2049 1058 2120 sanguinem,
1110 2051 1435 2120 injustitiain
1493 2052 1827 2106 dolosorum.

254 2139 430 2193 Virum
492 2142 630 2194 enim
681 2143 999 2212 sanguinum
1056 2152 1104 2196 et
1156 2143 1390 2198 dolosam
1444 2145 1834 2198 abominabitur

248 2231 503 2286 Dominus
556 2234 640 2287 ’7:
697 2242 754 2288 et
796 2215 1139 2305 qtiiecunque
1208 2237 1578 2306 proximorum
1632 2246 1835 2293 nocent

250 2325 392 2390 vitia,
427 2341 524 2395 per
559 2325 786 2381 insidias
812 2328 1107 2397 quaslibet,
1137 2328 1210 2382 ita
1241 2336 1301 2382 ut
1348 2329 1647 2385 homicidio
1703 2347 1833 2385 san-

248 2419 431 2489 guinis
449 2429 854 2490 comparentur.
884 2422 951 2476 lit
985 2431 1274 2492 propterea
1303 2428 1370 2479 ab
1390 2425 1538 2478 omni
1570 2426 1834 2496 sanguine

248 2511 514 2566 abstineri
538 2520 776 2582 oportet,
810 2514 1047 2569 scientes
1077 2515 1204 2584 quia
1250 2531 1416 2586 super
1446 2516 1683 2571 animam
1713 2532 1835 2587 quae

250 2604 413 2659 talem
445 2606 768 2674 sanguinein
792 2607 1111 2671 comedunt,
1140 2608 1208 2662 de
1241 2608 1440 2678 quibus
1472 2609 1690 2663 dicebat
1731 2609 1830 2663 Da-

248 2697 377 2753 vid:
405 2698 505 2761 Qui
528 2703 779 2751 devorant
802 2697 1001 2767 plebem
1032 2715 1205 2753 meam
1235 2700 1369 2753 sicut
1391 2716 1565 2754 escam
1593 2703 1747 2770 panis
1767 2702 1834 2768 “,

249 2790 449 2845 faciem
475 2807 628 2845 suam
649 2790 903 2846 obﬁrmat
938 2790 1101 2857 Deus,
1125 2792 1377 2848 videlicet
1407 2794 1677 2849 Christus.
1718 2795 1839 2865 Ipse

250 2892 339 2937 est
367 2885 515 2937 enim
554 2884 732 2953 imago
767 2882 959 2952 patris,
995 2884 1121 2952 quia
1154 2883 1247 2952 qui
1291 2884 1424 2938 vidit
1457 2883 1673 2949 Filium,
1706 2884 1841 2939 vidit

250 2985 310 3029 et
334 2973 570 3028 Patrem.
606 2973 724 3043 Ipse
764 2974 929 3028 etiam
956 2976 1122 3044 juiles
1159 2982 1276 3038 est,
1307 2985 1362 3027 et
1399 2975 1711 3029 necessarie
1770 2975 1838 3028 ad

250 3068 699 3121 coiniiiiiianiluin
751 3066 836 3122 liis
872 3070 961 3138 qui
1012 3068 1279 3122 malorum
1336 3078 1465 3122 sunt
1503 3078 1839 3138 operatores,

1936 1952 2117 2006 carnis
2137 1968 2246 2007 non
2283 1953 2600 2020 comedetis,
2628 1957 2754 2026 quia
2803 1959 2987 2014 anima
3041 1964 3221 2019 carnis
3278 1965 3332 2019 in
3393 1982 3524 2021 san-

1936 2047 2099 2116 guine
2157 2057 2258 2101 est.
2316 2047 2381 2101 Et
2418 2048 2730 2121 quicunque
2774 2052 2925 2107 illum
2975 2057 3309 2125 comederit,
3354 2060 3524 2116 inter-

1942 2137 2060 2193 ibit.
2094 2157 2113 2189 ι

2012 2229 2235 2285 Multum
2272 2247 2418 2287 cura:
2471 2243 2554 2288 est
2594 2236 2704 2289 Deo
2738 2246 2797 2291 ut
2834 2238 3157 2295 alterutrum
3203 2243 3364 2298 nobis
3392 2222 3525 2300 'mi-

1938 2322 2085 2377 nime
2147 2340 2461 2381 noceamus.
2498 2326 2790 2397 Pmpterea
2836 2335 3164 2400 percutienti
3227 2337 3522 2403 maxillam,

1938 2414 2080 2479 cedi,
2113 2424 2169 2469 ct
2196 2431 2303 2469 non
2334 2431 2457 2470 cum
2488 2433 2558 2472 eo
2573 2419 2780 2488 judicio
2834 2426 3193 2489 contendere,
3247 2426 3528 2485 similiter-

1938 2521 2044 2574 que
2075 2514 2128 2560 et
2155 2507 2222 2560 de
2247 2522 2315 2560 eo
2344 2508 2434 2578 qui
2467 2509 2648 2564 aufert
2676 2512 2837 2566 nobis
2877 2515 3099 2582 pallium
3124 2516 3284 2575 Jesus
3320 2536 3523 2590 praece-

1941 2600 2061 2668 pit:
2097 2608 2156 2653 ut
2206 2617 2277 2655 ne
2336 2603 2556 2670 quidem
2586 2619 2654 2658 ex
2700 2608 3055 2662 contentione
3101 2611 3168 2665 ad
3217 2614 3526 2668 nocendum

1942 2692 2189 2759 proximo
2242 2707 2623 2762 provocemur,
2649 2696 2744 2750 sed
2781 2696 2890 2752 imo
2918 2708 2978 2752 ut
3003 2715 3130 2754 eum
3178 2702 3269 2772 qui
3326 2705 3530 2775 injuste

1941 2793 2130 2837 contra
2162 2800 2261 2839 nos
2294 2786 2423 2856 agit,
2463 2802 2560 2855 per
2605 2798 2846 2843 nostram
2913 2795 3230 2860 patientiam
3286 2800 3530 2869 corriga-

1945 2891 2086 2929 mus.
2127 2876 2272 2930 Niliil
2301 2892 2431 2948 ergo
2478 2880 2735 2949 amplius,
2764 2897 2928 2951 quam
2979 2884 3265 2955 injustitia,
3307 2898 3362 2943 et
3399 2906 3529 2945 ava-

1944 2967 2065 3021 ritia
2090 3009 2104 3031 .
2146 2977 2199 3021 et
2239 2969 2512 3024 alternum
2550 2972 2734 3027 odium
2781 2985 3034 3032 coarctat.
3060 2980 3228 3033 vitam
3264 2972 3528 3038 dostraui.

1946 3058 2023 3110 Ad
2064 3057 2168 3112 hoc
2222 3058 2515 3116 intendens
2550 3063 2845 3135 legislator,
2898 3072 3185 3141 sanguinis
3217 3076 3531 3131 mandatum

248 3160 555 3229 disperdam
589 3160 827 3230 ponitur.
860 3161 1004 3230 quod
1035 3161 1376 3216 demonstrat
1410 3160 1575 3215 David
1599 3162 1792 3217 dicens
1823 3180 1836 3216 :

1947 3163 2057 3201 non
2086 3147 2283 3204 frustra
2312 3153 2715 3224 recapitiilavit,
2745 3158 2841 3212 sed
2876 3160 3003 3229 quia
3051 3164 3273 3232 quidam
3325 3164 3533 3223 lraudi-

269 3252 452 3307 Vultus
484 3262 661 3307 autem
691 3254 899 3307 Domini
946 3271 1102 3327 super
1138 3256 1388 3326 facientes
1426 3256 1592 3318 mala,
1626 3266 1680 3309 ut
1718 3273 1836 3325 per-

254 3344 350 3395 dat
383 3343 446 3395 de
471 3352 613 3395 terra
652 3344 961 3397 memoriam
993 3338 1171 3397 eofum
1204 3346 1265 3397 ‘9.
1302 3346 1403 3397 Hic
1436 3347 1673 3398 animam
1707 3360 1837 3398 san-

255 3438 476 3505 guinem
532 3438 908 3490 coniedentem
972 3437 1149 3507 perdit
1194 3438 1261 3492 de
1320 3440 1526 3509 populo
1570 3440 1709 3508 ejus.
1769 3438 1836 3492 de

255 3529 532 3583 communi
562 3529 809 3584 videlicet
830 3529 1113 3583 hominum
1138 3545 1369 3600 genere;
1400 3530 1541 3584 hanc
1566 3531 1709 3584 enim
1734 3531 1841 3583 sic-

257 3630 321 3675 ut
350 3622 834 3675 iinmiserieordem
867 3630 923 3675 et
970 3622 1193 3691 impiam
1248 3636 1528 3692 separaiis,
1566 3639 1690 3676 cum
1724 3638 1838 3675 nia-

257 3712 421 3779 lignis
467 3713 796 3766 condemnat
843 3712 1203 3773 daemonibus,
1231 3722 1286 3766 et
1335 3713 1391 3766 iii
1447 3714 1625 3782 ignem
1675 3712 1841 3766 mittit

253 3815 546 3870 aeternum,
571 3808 659 3876 qui
686 3815 908 3874 paratus
931 3815 1005 3858 est
1033 3806 1261 3864 diabolo,
1304 3817 1353 3858 et
1392 3806 1593 3875 angelis
1623 3806 1738 3874 ejus
1769 3807 1835 3859 ’°.

261 3902 469 3956 Deinde
513 3901 798 3955 insinuans
839 3909 1105 3968 quantum
1141 3917 1241 3955 nos
1267 3902 1529 3955 debemus
1578 3900 1838 3970 compati,

254 4002 318 4049 et
352 3993 735 4048 misericordes
775 4006 918 4053 esse.
977 3992 1208 4045 invicem
1263 3992 1569 4062 diligentes,
1619 4000 1843 4061 pr0pter

254 4100 388 4138 eum
410 4084 500 4152 qui
526 4092 731 4136 tantam
760 4083 1017 4150 pietatem
1051 4084 1104 4134 in
1132 4082 1288 4135 nobis
1309 4081 1567 4145 ostendit,
1601 4090 1661 4135 ut
1682 4097 1841 4135 suum

257 4174 582 4242 sanguinem
610 4172 862 4225 funderet
884 4172 950 4225 ad
998 4172 1441 4241 propitiationem
1486 4182 1752 4235 nostram,
1789 4180 1843 4224 et

256 4280 365 4337 pro
386 4266 590 4318 nostris
622 4263 907 4317 animabus
933 4263 1108 4327 daret,
1139 4265 1253 4317 ait:
1288 4261 1425 4327 Quia
1450 4264 1631 4317 anima
1676 4265 1845 4317 omnis

257 4359 441 4412 carnis
469 4358 525 4409 in
554 4356 811 4424 sanguine
832 4365 925 4419 est,
954 4365 1003 4408 et
1035 4372 1129 4425 ego
1167 4356 1290 4408 dedi
1308 4355 1461 4409 illum
1485 4357 1646 4420 vobis,
1676 4367 1730 4409 ut
1755 4373 1845 4409 su-

256 4466 359 4519 per
379 4448 553 4501 altare
581 4450 635 4499 in
658 4464 717 4500 eo
742 4447 959 4516 expietis
985 4463 1080 4516 pro
1105 4448 1382 4500 animabus
1411 4448 1593 4500 vestris
1621 4450 1685 4500 ".
1730 4446 1845 4517 My-

1949 3239 2050 3292 hus
2081 3238 2429 3308 quibusdam,
2454 3252 2509 3297 et
2538 3247 3060 3316 machinationibus,
3091 3256 3364 3326 variisque
3393 3258 3534 3313 dolis

1946 3345 2148 3385 nocere
2179 3333 2553 3402 popularibus,
2585 3340 2739 3407 quasi
2784 3340 3100 3410 ignorantes
3152 3348 3350 3414 solent,
3390 3353 3535 3420 peri—

1948 3439 2098 3477 mere
2125 3426 2289 3480 etiam
2341 3427 2657 3498 liujusmodi
2720 3435 3001 3491 molimina
3063 3444 3366 3510 perspexit.
3399 3443 3534 3498 Nam

1948 3516 2069 3568 vide
2092 3518 2221 3587 quid
2255 3523 2555 3591 praecipiat.

2018 3609 2076 3663 Si
2105 3616 2380 3668 venatione
2409 3627 2570 3687 atque
2596 3624 2825 3691 aucupio
2848 3626 3041 3692 ceperit
3069 3628 3258 3696 ferant.
3281 3630 3361 3683 vel
3388 3648 3535 3684 avem

1948 3700 2135 3768 quibus
2179 3705 2311 3755 vesci
2363 3704 2565 3759 licitum
2608 3718 2703 3768 est.
2754 3696 3290 3785 fundatvganguinent
3320 3719 3455 3786 ejus,
3489 3732 3541 3772 et

1949 3793 2153 3859 operiat
2180 3792 2332 3846 illum
2366 3805 2530 3849 terra.
2572 3795 2727 3863 Quod
2769 3802 2984 3856 venatio
3031 3806 3265 3861 maxime
3316 3808 3540 3877 injusti-

1952 3881 2103 3943 tiani.
2136 3880 2463 3951 iniustitiam
2518 3896 2701 3940 autem
2743 3905 2853 3943 non
2921 3894 3240 3959 quamlibet,
3301 3899 3540 3954 sedeam

1950 3987 2070 4040 qua:
2082 3973 2149 4027 ad
2168 3976 2486 4045 sanguinem
2503 3979 2699 4043 tendit,
2717 3981 2990 4052 vitamque
3010 3984 3123 4052 ipsa
3133 3989 3367 4056 mquoda
3377 4006 3521 4045 mmo

1951 4063 2022 4117 do
2047 4065 2343 4134 perdolum
2365 4067 2718 4140 fraudemque
2748 4073 3015 4141 injustitia
3042 4079 3300 4145 patientis
3315 4092 3494 4147 nocet,
3512 4102 3539 4136 a

1953 4157 2135 4211 divina
2175 4156 2461 4228 Scriptura
2475 4164 2645 4233 accipi
2671 4166 2866 4230 soleat,
2892 4168 3017 4223 audi
3039 4168 3209 4225 David
3225 4173 3495 4228 dicenti-iii
3532 4220 3535 4221 ν

1953 4246 2253 4314 Captabunt
2290 4254 2343 4305 in
2398 4248 2635 4308 bnimam
2668 4256 2827 4324 justi,
2860 4269 2907 4311 et
2945 4263 3259 4326 sanguinem
3291 4266 3545 4321 innocen-

1955 4352 2056 4395 tem
2085 4345 2503 4398 condemnabam
2526 4347 2592 4399 ".
2622 4347 2689 4401 Et
2715 4366 2940 4405 rursus:
2980 4354 3171 4408 Anima
3197 4370 3375 4410 nostra
3410 4360 3543 4413 sicut

1915 4451 2142 4517 .passer
2211 4449 2391 4507 erepta
2442 4450 2516 4492 est
2562 4442 2626 4495 de
2658 4443 2841 4511 laqueo
2887 4448 3194 4501 venantium
3216 4452 3280 4503 ³⁸.
3332 4450 3387 4504 Si
3421 4455 3545 4521 quis

257 4540 463 4595 sticum
485 4536 691 4593 Christi
719 4538 1040 4608 sanguinem
1093 4538 1443 4609 significans;
1469 4539 1690 4608 sanguis
1721 4554 1850 4609 ergo
1883 4539 1928 4593 υ
1955 4542 2087 4599 ergo
2126 4531 2470 4584 venationem
2511 4534 2761 4601 coeperit.
2795 4534 2849 4589 id
2880 4546 2965 4589 est
2993 4532 3312 4606 peccantem
3345 4544 3546 4597 viderit

260 4633 443 4702 ipsius
477 4647 577 4700 pro
626 4631 825 4684 anima:
850 4630 1070 4699 piacqu
1094 4632 1223 4685 erit.
1254 4631 1491 4703 Sanguis
1555 4648 1723 4705 super
1771 4634 1853 4688 al-

260 4730 386 4771 tare
415 4717 483 4771 ad
512 4718 880 4786 expiationem
910 4719 1219 4773 animarum
1251 4730 1586 4787 nostrarum,
1611 4739 1708 4792 pro
1731 4725 1851 4777 ani-

262 4828 359 4865 ma
390 4811 634 4879 expians,
666 4810 753 4863 hic
802 4819 886 4865 est
912 4826 1076 4881 quem
1097 4812 1289 4867 eﬂ'udit
1318 4829 1419 4883 pro
1457 4814 1619 4869 nobis
1670 4815 1854 4869 cruci-

260 4904 435 4960 ﬁxus.
468 4912 525 4956 et
575 4902 967 4971 expiationem,
1001 4903 1117 4957 sive
1162 4905 1602 4975 propitiationem
1664 4907 1853 4976 generi

264 4998 518 5056 humano
546 4995 816 5062 praestitit,
840 4993 1110 5064 primitias
1137 4996 1394 5063 oﬂ'erens,
1441 5010 1666 5068 propter
1709 4999 1856 5068 quod

263 5094 425 5139 recte
461 5083 598 5137 dicit
629 5104 640 5137 :

351 5176 420 5230 Et
456 5177 670 5246 sanguis
690 5191 785 5244 pro
814 5177 1011 5231 animte
1038 5179 1247 5246 piaculo
1299 5182 1389 5234 sit.
1455 5180 1650 5234 Anima
1707 5182 1856 5235 enim

265 5269 418 5338 ejus,
453 5269 691 5337 primum
718 5268 940 5338 quidem
969 5286 1090 5340 qua:
1117 5272 1185 5326 ab
1215 5288 1282 5326 eo
1340 5275 1627 5343 plasmata,
1656 5275 1856 5330 deinde

265 5360 407 5431 quia
458 5369 663 5413 nostra:
703 5374 824 5414 eam
869 5362 1394 5418 consubstantialem
1450 5366 1671 5425 animae.
1734 5382 1858 5420 cum

266 5455 664 5510 incarnaretur
716 5452 948 5521 accepit,
981 5462 1042 5507 ut
1092 5455 1209 5524 ipse
1260 5472 1360 5525 pro
1392 5460 1550 5512 nobis
1607 5458 1865 5512 redderet

265 5561 446 5617 quam
471 5560 571 5599 nos
594 5545 931 5599 debebamus
956 5557 1209 5601 mortem.
1236 5548 1502 5612 Quoniam
1538 5559 1720 5603 autem
1779 5550 1863 5603 di-

361 5751 405 5782 "
445 5749 563 5804 Art.
599 5766 684 5809 xv.
728 5750 817 5805 '28.

272 5823 376 5877 i'l.

898 5752 941 5782 "
975 5753 991 5802 1
1027 5751 1184 5806 Joan.
1218 5768 1274 5816 ii,
1316 5756 1367 5807 ll
1400 5763 1455 5809 et
1478 5771 1559 5817 tu,
1588 5755 1674 5809 l5.

1753 5756 1795 5784 17
1818 5756 1937 5785 Ικςηι
1983 5771 2071 5785 ..ιο
2123 5756 2141 5785 (ἱ

455 5753 563 5804 \rt.
599 5766 684 5809 xv.
728 5753 817 5805 '28.
898 5753 941 5782 "
975 5753 991 5802 I
1027 5753 1184 5806 Joan.
1218 5768 1274 5816 ii,
1316 5756 1367 5807 ll
1400 5763 1455 5809 et
1478 5771 1559 5817 iii,
1588 5755 1674 5809 l5.
1753 5755 1843 5807 "l‘

455 5822 498 5850 "'
527 5820 719 5873 Matth.
749 5836 873 5886 xw,
910 5822 996 5875 Η.
1075 5824 1119 5853 ¹¹
1148 5823 1321 5877 Levit.
1359 5842 1451 5891 vii,
1476 5825 1567 5878 εδ.
1645 5826 1689 5855 ²¹
1723 5824 1843 5879 Matt

1946 5796 1959 5808 .
1983 5771 2091 5815 Liv.
2123 5753 2215 5808 Ἡ.
2295 5753 2337 5783 ¹⁸
2374 5753 2515 5807 Psai.
2550 5769 2667 5817 xui,
2702 5757 2735 5809 4
2767 5760 2820 5807 et
2852 5770 2947 5817 ιιι,
2984 5753 3036 5806 εἰ.
3116 5753 3159 5785 ¹⁹
3191 5753 3332 5807 Psal.
3364 5770 3393 5807 κ

1946 5842 1999 5891 v,
2026 5826 2113 5881 79.
2191 5825 2238 5857 ”
2266 5825 2413 5878 Psal.
2441 5841 2629 5890 xcxiii,
2666 5825 2754 5878 2t.
2832 5824 2877 5854 “
2905 5824 3047 5877 Psal.
3077 5838 3275 5889 cxviii,
3310 5822 3395 5905 7._

1957 4630 2083 4669 eum
2125 4619 2217 4686 qui
2256 4620 2534 4673 venationi
2566 4638 2629 4673 ex
2672 4622 2991 4677 inﬁrmitate
3039 4627 3123 4679 vel
3174 4642 3240 4681 ex
3280 4612 3545 4698 simplici-

1961 4718 2070 4765 tate
2132 4715 2415 4782 expositus
2469 4724 2575 4779 cst,
2629 4715 2777 4769 hunc
2816 4717 3050 4772 dicimus
3102 4735 3225 4774 esse
3274 4737 3391 4775 rem
3424 4739 3549 4792 qua:

1961 4805 2197 4874 capitur.
2247 4806 2476 4876 Propter
2503 4808 2648 4877 quod
2676 4809 2814 4863 dixit
2848 4832 2861 4866 :
2894 4811 3088 4866 Ferant
3114 4814 3194 4868 vel
3221 4831 3392 4876 avem,
3423 4818 3546 4885 gui~

1964 4896 2059 4950 bus
2096 4899 2232 4951 vesci
2276 4899 2481 4952 licitum
2533 4910 2630 4954 est.
2665 4899 2769 4954 Per
2814 4901 3010 4969 feram,
3050 4905 3119 4959 de
3164 4906 3327 4975 vulgo
3351 4922 3548 4972 quem-

1965 4991 2109 5058 piam
2163 4993 2437 5045 carnalem
2472 5001 2682 5046 tantuni
2730 5003 2786 5048 et
2812 4995 3161 5064 pastionibus
3189 4997 3547 5053 incubantem

1962 5082 2297 5152 signiﬁcans,
2332 5097 2720 5154 expertemque
2750 5087 3189 5143 commistionem
3235 5104 3548 5144 causarum.

1964 5175 2065 5229 Per
2109 5192 2265 5231 avem
2310 5187 2515 5242 autem,
2545 5174 2690 5231 eum‘
2715 5180 2807 5248 qui
2849 5196 2878 5232 a
2910 5181 3144 5235 terrenis
3191 5182 3551 5250 semetipsum

1966 5280 2211 5323 removet
2237 5270 2421 5324 rebus.
2456 5270 2781 5340 Huiusmodi
2812 5272 2959 5326 enim
2986 5271 3241 5327 homines
3271 5289 3301 5328 a
3348 5274 3554 5330 violen-

1966 5360 2035 5413 tis
2072 5369 2127 5414 et
2162 5361 2365 5424 avaris,
2412 5361 2469 5414 iu
2496 5361 2675 5415 causis
2725 5362 3086 5416 saecularibus
3126 5374 3554 5430 consumuntur,

1974 5455 2062 5509 illa
2095 5456 2350 5510 videlicet
2394 5456 2691 5525 incongrua
2756 5456 3100 5527 malignaque
3128 5461 3556 5524 comessatione.

1974 5552 2039 5604 de
2070 5565 2176 5619 qua
2225 5548 2426 5603 Paulus
2476 5548 2821 5616 prohibebat.
2853 5550 3079 5605 dicens:
3117 5548 3177 5605 Si
3225 5552 3295 5606 ad
3339 5554 3559 5607 invicem

2295 5753 2337 5783 "
2374 5753 2515 5807 Psai.
2550 5769 2667 5817 xui,
2702 5757 2735 5809 4
2767 5760 2820 5807 et
2852 5770 2947 5817 ιιι,
2984 5753 3036 5806 εἰ.
3116 5752 3159 5785 ¹’
3191 5751 3332 5807 Psal.
3364 5769 3556 5821 xxxiu,
