4218 6450
273 434 397 491 Militi
1430 450 1497 491 rt:
1550 437 1671 495 t.E\
1691 437 1816 496 ITIl

1914 440 1981 498 .\t.
2034 464 2079 473 -
2138 440 2279 498 LIB.

256 561 463 598 summo
495 548 675 600 studio
704 566 765 600 ea
796 565 915 617 qua:
944 565 1212 617 praecepta
1249 563 1375 603 sunt
1416 552 1482 605 ab
1514 568 1601 615 eo,
1649 560 1836 605 custo-
1866 552 1910 605 A
1939 550 2155 623 Αἴθρηνιὶ
2200 554 2242 584 ³³
2270 595 2283 617 ,

252 642 479 694 :liamus.
556 641 648 695 Sic
703 658 831 713 ergo
900 646 1202 699 sanctionis
1256 647 1423 701 totius
1475 646 1838 704 intentionem

249 736 575 803 explanavit.
629 737 760 803 Quae
802 748 885 792 est
914 751 1098 794 autem
1145 741 1296 795 h:ec?
1326 738 1398 794 Ut
1439 741 1507 794 ab
1539 744 1695 799 omni
1729 742 1839 798 ini-

246 830 455 893 quitate
503 831 900 895 abstineamus,
939 844 990 889 et
1024 851 1147 904 quae
1175 837 1395 891 virtutis
1429 848 1555 892 sttnt
1590 854 1835 909 agamus,

239 920 391 987 juxta
416 925 873 979 consuetudinem
910 940 1069 982 terra:
1093 928 1331 999 Egypti,
1367 941 1420 984 et
1446 932 1601 999 juxta
1627 948 1833 988 morem

246 1025 403 1069 terra:
429 1015 688 1071 Chanaan
715 1018 850 1072 nihil
879 1020 1083 1079 facere.
1122 1022 1201 1075 sic
1240 1023 1309 1076 ab
1348 1025 1495 1077 omni
1544 1025 1834 1095 iniquitate

243 1106 503 1161 abstineri
539 1112 819 1181 pnecepit.
872 1112 1229 1186 Septuaginta
1302 1127 1484 1172 autem
1546 1135 1645 1187 pro
1697 1136 1833 1175 con-

242 1200 551 1265 suetudine,
592 1205 768 1258 studia
822 1206 1164 1275 interpretati
1215 1220 1377 1265 sunt:
1414 1213 1542 1281 quia
1571 1213 1834 1284 malignas

235 1291 680 1359 'adinventiones.
739 1306 793 1351 et
854 1299 1067 1355 fabulas
1117 1303 1253 1357 solet
1300 1305 1484 1366 divina
1542 1304 1830 1376 Scriptura

240 1388 515 1454 appellare
547 1393 813 1445 malorum
840 1394 1016 1449 studia
1048 1414 1060 1449 :
1090 1404 1277 1465 utpote
1304 1396 1591 1453 Ezechiele
1613 1400 1830 1456 dicente

237 1488 362 1542 post
415 1481 733 1550 iniquitates
791 1500 928 1553 quas
1012 1487 1156 1543 Deus
1211 1492 1264 1543 in
1329 1493 1531 1561 templo
1582 1493 1829 1550 seniores

235 1570 399 1626 lsraei
452 1590 614 1641 agere
675 1579 919 1633 ostendit
953 1599 964 1633 :
997 1579 1064 1634 Et
1109 1583 1243 1635 dixit
1290 1585 1360 1636 ad
1395 1602 1476 1638 me
1517 1585 1771 1640 Dominus
1807 1605 1825 1641 :

237 1662 404 1725 Vides.
449 1665 525 1732 ﬁli
573 1668 834 1721 hominis?
875 1667 940 1722 Et
997 1687 1234 1726 rursus:
1287 1672 1596 1736 Conversus,
1631 1674 1826 1729 videbis

229 1756 406 1808 studia
444 1758 654 1825 majora
693 1760 957 1815 norum".
1006 1760 1120 1816 Non
1152 1764 1327 1817 solum
1359 1780 1491 1836 ergo
1524 1781 1552 1819 a
1585 1765 1825 1822 fornica-

232 1849 398 1913 tione,
450 1862 505 1904 et
534 1853 789 1917 avaritia,
837 1869 898 1908 et.
924 1855 1204 1924 superbia,
1255 1856 1347 1912 sed
1384 1866 1440 1913 et
1466 1874 1494 1912 a
1525 1859 1822 1914 divinatio-
1856 1897 1896 1951 Β

231 1952 359 1991 num
423 1948 477 1993 et
537 1942 889 2010 auguriorum
954 1943 1356 2013 abjecttonibus
1412 1960 1467 2002 et
1538 1947 1819 2002 veneﬁciis

229 2034 485 2100 praecepit
530 2034 819 2098 abstineri,
883 2036 979 2091 sed
1045 2048 1156 2093 eta
1188 2039 1382 2109 magis,
1436 2049 1491 2094 et
1543 2040 1817 2097 similibus

227 2124 384 2180 aliis:
437 2128 510 2180 ita
570 2136 626 2180 ut
681 2128 891 2198 Moyses
951 2130 1007 2185 in
1064 2130 1495 2189 Deuteronomio
1557 2133 1810 2190 diceret:

226 2216 447 2280 Quando
476 2221 738 2290 ingressus
770 2224 931 2294 fueris
960 2235 1156 2279 terram
1188 2230 1349 2295 quam
1398 2226 1653 2279 Dominus
1678 2225 1817 2280 Deus

227 2317 346 2362 tuus
381 2310 577 2364 dederit
608 2313 721 2376 tibi,
755 2331 877 2368 cave
909 2332 971 2369 ne
1000 2316 1204 2369 imitari
1238 2316 1363 2370 velis
1397 2316 1815 2370 abominationes

226 2398 441 2454 illarum
492 2404 747 2472 gentium,
782 2422 871 2458 nec
905 2407 1195 2459 inveniatur
1235 2408 1287 2459 in
1323 2414 1370 2459 te
1402 2408 1492 2475 qui
1522 2407 1813 2461 sciscitetur

225 2501 273 2545 et
335 2494 794 2568 observetAsomuia
838 2507 996 2567 atque
1023 2499 1269 2567 auguria,
1314 2516 1375 2552 ne
1410 2498 1477 2552 sit
1523 2500 1809 2568 maleﬁcus.

226 2599 317 2636 nec
363 2563 680 2647 incautd'tor,
732 2603 823 2639 nec
865 2587 1113 2655 pytltones
1152 2587 1413 2649 consulat,
1467 2604 1557 2641 nec
1589 2589 1809 2650 divinos,

228 2691 320 2728 nec
347 2686 553 2744 quierat
611 2695 643 2731 α
691 2679 914 2732 mortuis
959 2678 1254 2731 veritatem.
1300 2679 1491 2733 Omnia
1535 2680 1670 2733 enim
1702 2681 1811 2735 Itan:

230 2766 619 2821 abominabitur
657 2768 926 2823 Dominus.
969 2754 1157 2824 Omnes
1189 2772 1279 2840 qui
1308 2771 1416 2824 haec
1442 2772 1665 2842 faciunt,
1715 2790 1809 2839 pro

229 2858 704 2913 abominationibus
761 2860 838 2912 his
882 2861 1145 2929 disperdat
1187 2878 1270 2913 eos
1304 2860 1558 2915 Dominus
1580 2879 1642 2915 ea".
1673 2871 1721 2915 te
1739 2864 1805 2916 ³¹.

223 2951 305 3004 Ab
339 2951 422 3005 his
452 2967 581 3022 ergo
609 2954 873 3007 abstineri
934 2956 1085 3023 prius
1138 2965 1356 3023 oportet
1432 2966 1486 3009 et
1522 2956 1601 3010 sic
1650 2956 1808 3010 nobis

225 3044 366 3096 Deus
400 3044 569 3098 dicit:
610 3046 831 3098 Facielis
862 3046 1059 3109 indicia
1117 3064 1229 3099 utea
1290 3058 1336 3098 et
1386 3058 1646 3115 praecepta
1691 3065 1804 3101 utea

218 3139 510 3200 servabitis,
555 3150 598 3192 et
650 3140 986 3194 autbulabitis
1037 3141 1091 3192 in
1134 3142 1225 3202 eis.
1275 3140 1327 3193 id
1384 3152 1467 3194 est
1509 3140 1804 3194 movemini

219 3241 275 3281 et
319 3232 718 3285 conversamini
790 3231 843 3284 in
900 3230 1000 3293 eis,
1066 3240 1123 3284 et
1175 3230 1325 3284 nullo
1399 3243 1639 3300 tempore
1714 3248 1879 3314 νει-ρ

219 3321 356 3373 setis
411 3322 479 3374 ab
539 3336 729 3375 eorum
793 3321 1153 3376 correctione.
1207 3321 1415 3375 Deinde
1448 3337 1636 3376 rursus
1675 3322 1803 3377 sub-

236 3414 359 3466 ‘lidit
397 3431 412 3467 ε

294 3507 400 3573 Ego
453 3507 705 3560 Daumius
760 3507 901 3560 Deus
948 3516 1101 3559 veste:
1194 3506 1460 3559 tiustudite
1490 3504 1624 3571 teges
1659 3520 1801 3557 meas

218 3610 376 3667 atque
402 3599 630 3667 judicia,
659 3615 774 3666 qua:
804 3601 1004 3668 [ueiens
1032 3599 1205 3660 homo,
1239 3600 1370 3651 vivet
1402 3601 1457 3651 in
1496 3601 1588 3652 eis.
1616 3597 1801 3652 Absti-

217 3702 413 3747 ttentes
474 3708 573 3745 nes
617 3692 767 3759 prius
816 3692 885 3744 ah
934 3689 1437 3745 abominationibus
1489 3705 1611 3759 qua:
1640 3688 1798 3745 dietze

214 3795 364 3845 sunt,
414 3786 538 3854 quia
590 3801 696 3838 non
747 3794 832 3837 est
877 3783 1225 3852 participatio
1273 3783 1503 3850 justitia:
1533 3798 1656 3836 cum
1689 3783 1799 3836 ini-

210 3877 467 3943 quitate.
530 3892 704 3944 neque
757 3875 976 3928 luminis
1032 3877 1266 3928 societas
1324 3876 1392 3926 ad
1456 3874 1793 3937 tenebras”,

209 3982 393 4035 neque
444 3968 618 4033 placet
668 3965 715 4018 ei
763 3975 816 4018 ut
867 3965 955 4033 qui
1028 3964 1226 4033 gentile
1276 3962 1558 4032 quodlibet
1598 3964 1795 4017 malum

207 4060 763 4124 observationemque
817 4056 1042 4113 studet.
1099 4056 1317 4123 gloriari
1382 4056 1450 4110 de
1505 4056 1639 4124 legis
1701 4056 1795 4111 Dei

211 4155 443 4208 scientia
488 4153 702 4213 debeat,
740 4161 869 4205 tum
910 4150 1129 4204 demunt
1169 4149 1393 4218 judiciis
1431 4149 1521 4202 Dei
1578 4158 1795 4202 utamur

212 4257 270 4301 et
308 4247 612 4316 praeceptis.
651 4244 844 4309 Qualia
877 4251 1057 4296 autem
1102 4241 1211 4295 sint
1252 4240 1481 4305 iudicia,
1520 4248 1575 4293 et
1613 4240 1792 4309 qualia

215 4350 506 4409 praecepta,
559 4353 679 4409 quae
731 4337 939 4390 faciens
984 4336 1150 4390 homo
1200 4335 1341 4387 vivet
1386 4334 1439 4386 in
1488 4332 1589 4393 eis,
1632 4341 1691 4386 ut
1734 4342 1791 4387 tu

210 4448 512 4505 cognoscas
565 4431 691 4501 quia
728 4446 836 4484 non
872 4428 980 4483 Deo
1025 4428 1217 4488 donas,
1251 4425 1513 4480 obediens
1540 4425 1640 4494 legi
1673 4426 1792 4493 ejus

212 4537 269 4581 et
321 4526 599 4593 complens
657 4524 775 4587 ejus
829 4520 1031 4590 judicia
1077 4528 1126 4573 et
1195 4525 1491 4589 praecepta.
1531 4518 1628 4572 sed
1662 4518 1790 4573 tibi-

3395 440 3530 505 1010

2327 556 2472 608 recte
2530 557 2772 609 secundo
2826 556 3158 625 judiciorum
3224 567 3497 625 prmcepto

1947 661 2137 701 rumve
2189 646 2511 703 memoriam
2559 648 2709 714 facit,
2761 661 2819 704 ut
2865 651 2953 704 illa
3014 651 3352 712 ostenderet,
3411 667 3525 718 qua

1942 745 2058 790 erat
2097 745 2286 807 postea
2334 739 2670 795 sanciturus.
2731 740 2805 797 De
2837 743 3038 812 quibus
3106 758 3255 798 nunc
3298 741 3507 796 addidit

2011 828 2140 895 Qua:
2199 834 2397 904 faciens
2428 835 2601 896 homo,
2659 838 2791 890 vivet
2840 837 2893 890 in
2947 837 3040 889 eis.
3104 836 3165 890 In
3200 836 3335 906 ipsis
3379 836 3527 890 enim

1939 938 2065 978 vera
2108 925 2216 980 vita
2262 927 2618 983 credentibus
2668 929 2721 982 in
2774 929 3057 983 Christum
3119 928 3425 998 perﬁcitur,
3462 930 3528 985 de

1938 1031 2046 1083 quo
2092 1015 2147 1070 in
2178 1017 2472 1088 Evangelio
2510 1017 2775 1073 Dominus
2821 1020 3083 1075 dicebat:
3139 1018 3265 1073 llwc
3308 1030 3381 1073 est
3435 1035 3496 1072 uo

1940 1105 2114 1161 lautas
2154 1106 2332 1162 Patris
2377 1111 2498 1173 mei,
2557 1119 2611 1162 ut
2654 1111 2823 1163 omnis
2870 1110 2960 1179 qui
3006 1110 3147 1163 videt
3206 1107 3424 1169 Filium,
3478 1118 3523 1159 ct

1936 1197 2099 1250 credit
2161 1197 2214 1250 in
2270 1214 2387 1252 eum
2416 1240 2429 1260 ,
2498 1200 2687 1253 habent
2733 1200 2898 1253 vitam
2946 1209 3200 1253 reternam
3239 1200 3303 1251 ³³.
3356 1195 3523 1250 Valde

1935 1305 2063 1359 ergo
2127 1290 2524 1346 rationabiliter
2577 1293 2818 1347 secundo
2878 1292 3047 1347 dicit:
3101 1292 3212 1362 Ego
3268 1290 3521 1345 Dominus

1936 1379 2073 1435 Deus
2123 1394 2305 1436 vester.
2364 1382 2693 1439 Contestans
2731 1385 2857 1453 quia
2906 1386 3023 1455 ipse
3077 1383 3345 1438 Dominus
3384 1425 3398 1448 ,
3466 1392 3520 1436 et

1934 1474 2111 1541 priora
2156 1475 2359 1544 judicia
2386 1514 2399 1539 ,
2453 1476 2539 1531 vel
2599 1486 2869 1548 praecepta
2896 1518 2909 1541 ,
2952 1485 3008 1532 et
3054 1476 3356 1547 posteriora
3393 1490 3522 1530 san-

1932 1566 2086 1629 civit,
2113 1583 2235 1636 qua:
2262 1568 2355 1637 qui
2394 1567 2589 1624 fecerit
2634 1570 2779 1625 vivet
2820 1570 2875 1624 in
2915 1570 3017 1625 eis.
3062 1569 3195 1623 Nam
3242 1567 3518 1638 prioribus

1927 1658 2192 1727 judiciis.
2250 1666 2307 1714 et
2343 1640 2681 1732 pmceptisf
2742 1662 2861 1717 vide
2916 1662 3044 1731 quid
3115 1662 3338 1716 addidit.
3403 1664 3516 1732 Ego

1934 1749 2205 1806 Dominus.
2791 1755 2794 1759 ’

1898 1850 1905 1855 ’
1996 1843 2157 1900 Vens.
2191 1844 2344 1900 6-l7.
2381 1865 2396 1896 ι
2440 1844 2630 1901 Omnis
2667 1850 2829 1901 homo
2858 1848 2924 1902 ad
2959 1848 3265 1918 proximam
3298 1848 3517 1921 sangui-

1928 1936 2013 1991 nis
2040 1938 2125 1993 sui
2165 1954 2274 1993 non
2304 1938 2548 2003 accedet,
2583 1951 2642 1994 ut
2682 1941 2890 1996 revelet
2938 1940 3341 2011 turpitudinem
3366 1941 3507 2011 ejus.

1930 2025 2038 2097 Ego
2070 2027 2352 2083 Dominus.
2409 2027 2828 2100 Turpitudinem
2882 2031 3053 2101 patris
3093 2032 3193 2095 tui,
3235 2038 3291 2086 et
3333 2033 3509 2102 turpi-

1926 2119 2170 2175 tudinem
2230 2120 2421 2175 matris
2458 2131 2563 2176 tua:
2602 2137 2712 2198 non
2764 2122 3177 2193 discooperies:
3212 2131 3388 2178 mater
3418 2131 3506 2177 tua

1923 2221 2027 2275 est,
2067 2227 2177 2266 non
2232 2212 2503 2268 revelabis
2552 2214 2948 2283 turpitudinem
2993 2215 3136 2285 ejus.
3183 2214 3507 2286 Turpitudi-

1923 2319 2047 2358 nem
2082 2305 2265 2360 uxoris
2317 2306 2489 2375 patris
2522 2306 2597 2361 tui
2632 2323 2742 2362 non
2803 2306 3194 2378 discooperies,
3230 2309 3507 2379 turpitudo

1921 2397 2281 2489 enim'patris
2329 2397 2406 2452 tui
2453 2408 2555 2453 est.
2600 2397 3020 2469 Turpitudinem
3072 2399 3277 2455 sororis
3304 2408 3411 2455 tuae
3440 2415 3507 2456 ex

1919 2500 2075 2559 patre
2124 2490 2210 2544 vel
2251 2506 2317 2544 ex
2351 2499 2524 2545 matre
2573 2506 2694 2561 quae
2732 2491 2878 2545 domi
2928 2491 3012 2546 vel
3057 2492 3191 2547 foris
3217 2492 3399 2563 genita
3420 2501 3505 2548 est

1920 2554 2030 2634 non
2095 2582 2381 2638 revelabis.
2438 2554 2862 2654 Turpitudinem
2917 2583 3040 2640 ﬁlias
3102 2554 3366 2675 ﬁliivtui‘
3422 2554 3543 2639 velt

1919 2672 2099 2743 neptis
2124 2688 2189 2728 ex
2220 2673 2347 2741 ﬁlia,
2367 2689 2475 2729 non
2499 2675 2784 2739 revelabis,
2817 2676 2944 2744 quia
2973 2675 3250 2746 turpitudo
3278 2672 3370 2732 tua
3398 2687 3501 2733 est.

1919 2764 2339 2836 Turpitudinem
2381 2766 2507 2821 ﬁlia:
2542 2766 2724 2822 uxoris
2756 2768 2926 2838 patris
2955 2768 3053 2833 tui,
3086 2785 3249 2839 quam
3289 2771 3500 2841 peperit

1918 2858 2055 2925 patri
2089 2868 2201 2924 tuo,
2246 2868 2300 2914 et
2329 2868 2414 2914 est
2438 2874 2593 2913 soror
2620 2870 2732 2924 tua,
2772 2876 2881 2913 non
2912 2861 3200 2916 revelabis.
3234 2860 3503 2932 Turpitu-

1915 2952 2099 3006 dinem
2156 2953 2364 3009 sororis
2413 2953 2587 3023 patris
2642 2952 2721 3006 tui
2784 2956 2892 3006 non
2950 2953 3341 3023 discooperies,
3375 2955 3498 3023 quia

1916 3057 2043 3097 caro
2095 3053 2179 3098 est
2217 3045 2389 3115 patris
2436 3043 2534 3098 tui.
2573 3041 2995 3113 Turpitudinem
3040 3046 3220 3113 patrui
3276 3046 3352 3099 tui
3386 3060 3494 3100 nor

1915 3135 2202 3198 revelabis,
2259 3152 2361 3191 nec
2410 3136 2635 3192 accedes
2674 3137 2740 3191 ad
2793 3152 3018 3190 uxorem
3073 3137 3211 3206 ejus,
3246 3153 3367 3206 quae
3399 3138 3494 3194 tib.

1913 3227 2174 3283 aliinitate
2231 3228 2599 3298 coujungitur.
2679 3227 3102 3297 Turpitudinem
3164 3245 3337 3284 nurus
3394 3240 3483 3286 tua

1918 3335 2026 3373 non
2056 3318 2354 3381 revelabis,
2389 3320 2515 3388 quia
2540 3334 2686 3392 uxor;
2706 3318 2799 3372 ﬁlii
2833 3320 2910 3373 tui
2941 3329 3045 3385 est,
3079 3336 3181 3374 nec
3212 3321 3489 3392 discoope-

1920 3371 2067 3373 γ
2840 3371 2909 3373 Ἢ
3218 3371 3467 3392 wn"..-

1917 3407 2023 3460 ries
2051 3406 2404 3476 ignominiam
2455 3408 2594 3477 ejus.
2626 3371 3043 3476 'l’urpitudinem
3093 3409 3281 3465 uxoris
3313 3411 3496 3465 fratris

1917 3498 1992 3551 tui
2049 3513 2156 3551 non
2209 3499 2497 3561 revelabis,
2545 3499 2671 3567 quia
2710 3499 2993 3569 turpitudo
3036 3500 3224 3556 fratris
3259 3503 3333 3556 tui
3390 3516 3472 3559 est

1915 3586 2331 3655 Turpitudinem
2420 3589 2603 3642 uxoris
2669 3602 2812 3655 tute,
2885 3603 2935 3643 et
3002 3591 3122 3645 ﬁlire
3207 3593 3325 3662 ejus
3385 3609 3492 3648 non

1912 3682 2200 3737 revelabis.
2239 3682 2428 3736 Filiam
2472 3682 2561 3735 ﬁlii
2595 3685 2737 3752 ejus,
2777 3695 2831 3738 et
2869 3685 3033 3738 tiliam
3082 3684 3206 3741 ﬁlia!
3232 3687 3352 3757 ejus
3384 3704 3490 3743 non

1911 3785 2115 3837 sumes,
2147 3780 2206 3824 ut
2241 3772 2450 3826 reveles
2480 3772 2835 3842 ignominiam
2868 3788 3010 3843 ejus,
3039 3774 3165 3844 quia
3189 3790 3319 3829 caro
3351 3776 3491 3831 illius

1910 3873 2056 3917 sunt.
2097 3882 2167 3931 ιι,
2238 3908 2241 3909 ν

1977 3952 2132 4019 Quod
2174 3971 2287 4010 non
2340 3954 2664 4025 negligenda
2710 3955 2822 4009 sint
2880 3971 2942 4011 ea
2984 3972 3107 4028 qua
3146 3956 3490 4024 sanciantur.

1906 4044 2257 4100 manifestum
2308 4054 2391 4100 est
2421 4061 2487 4100 ex
2515 4061 2583 4101 eo
2612 4047 2755 4115 quod
2785 4046 2983 4101 iterum
3012 4046 3149 4103 dixit
3182 4066 3196 4103 :
3240 4049 3352 4117 Ego
3385 4050 3492 4106 Do-

1907 4137 2098 4190 minus.
2137 4135 2288 4192 Facit
2325 4148 2507 4191 autem
2545 4138 2651 4192 hoc
2682 4138 2931 4209 Moyses,
2968 4139 3080 4194 into
3125 4140 3357 4209 spiritus
3394 4143 3488 4209 qui

1906 4228 1960 4281 in
1997 4242 2078 4315 eo.
2108 4229 2451 4297 loquebatur,
2494 4237 2553 4283 ut
2578 4244 2687 4283 non
2729 4229 3144 4298 despicerentur
3183 4248 3305 4301 quae
3334 4235 3486 4289 dicc-

1904 4321 2123 4386 bantur,
2166 4321 2475 4377 dicentibus
2501 4320 2855 4390 quibusdam,
2898 4326 3024 4392 quia
3057 4321 3303 4390 Moyseos
3336 4336 3483 4380 sunt.

1902 4413 2023 4468 Non
2070 4422 2200 4469 sunt
2242 4422 2426 4469 autem
2461 4414 2582 4483 ejus
2623 4413 2743 4468 haec
2789 4429 2912 4483 quae
2941 4415 3359 4484 praecipiuntur,
3391 4419 3484 4473 sed

1902 4509 2021 4574 Dei,
2077 4526 2203 4565 cum
2241 4525 2589 4580 summopere
2635 4510 2779 4579 quod
2810 4512 3090 4565 inventum
3121 4522 3208 4566 est
3242 4513 3482 4568 studium

208 4620 466 4689 metipsi:
523 4629 579 4672 tu
615 4618 761 4671 enim
808 4616 859 4668 in
918 4615 998 4669 eis
1041 4614 1210 4673 vives,
1246 4610 1540 4665 virtutibus
1566 4625 1791 4679 operam
1829 4617 1868 4670 ί)
1897 4602 2203 4658 adhibitum
2245 4601 2338 4665 sit.
2372 4609 2434 4655 ut
2474 4601 2656 4655 littera
2692 4616 2883 4656 eorum
2932 4613 3377 4662 conservaretur.
3429 4616 3485 4660 et

209 4711 368 4773 dans,
419 4725 514 4780 per
551 4723 688 4778 quas
736 4714 939 4761 aeterna
972 4705 1080 4757 vita
1129 4701 1443 4755 hominibus
1479 4709 1792 4771 praestatur.

212 4804 322 4857 Sed
355 4802 522 4871 quaeri
570 4797 1002 4869 pertractarique
1055 4793 1281 4863 dignum
1313 4800 1396 4847 est
1466 4806 1564 4846 cur
1594 4791 1651 4844 in
1682 4806 1794 4846 uno

210 4898 331 4950 loco
359 4895 493 4963 legis
538 4891 622 4947 bis
655 4889 813 4950 dixit,
856 4886 971 4943 ﬁeri
1019 4884 1220 4954 judicia
1267 4898 1386 4945 sua,
1421 4891 1479 4937 et
1520 4891 1791 4951 praecepta

1897 4692 2156 4761 spiritalis
2197 4692 2531 4747 intellectus.
2576 4690 2731 4745 Unde
2758 4702 2945 4745 nostra
2984 4692 3276 4746 translatio
3303 4693 3437 4748 dicit
3468 4720 3478 4743 ι

1896 4784 2089 4838 Omnis
2117 4784 2282 4839 homo
2307 4784 2373 4837 ad
2399 4783 2701 4853 proximam
2747 4782 3034 4854 sanguinis
3062 4783 3149 4838 sui
3187 4799 3299 4838 non
3319 4799 3481 4839 acce-

1894 4872 2007 4941 det,
2061 4882 2122 4928 ut
2179 4875 2383 4929 revelet
2439 4873 2840 4940 turpitudinem
2893 4871 3036 4941 ejus.
3121 4860 3479 4944 Septubginta

209 5003 307 5042 sua
367 4982 673 5041 custodiri?
726 4980 823 5034 Vel
877 4994 974 5033 cur
1028 4976 1114 5030 bis
1136 4974 1329 5039 Jdieat,
1372 4973 1488 5043 Ego
1528 4972 1792 5028 Dominus
1874 4967 2099 5055 ’edunt:
2136 4966 2320 5029 Homo,
2385 4967 2535 5020 homo
2573 4966 2645 5018 ad
2679 4981 2887 5019 omnem
2920 4965 3271 5019 domesticam
3300 4969 3482 5019 carnis

211 5080 394 5136 Deus?
423 5078 660 5132 Putasne
681 5074 873 5129 eadem
894 5068 1186 5125 iterando?
1214 5066 1535 5120 Nullatenus
1558 5082 1570 5118 :
1604 5066 1789 5121 brevis

206 5181 295 5228 est
345 5173 493 5226 enim
531 5168 711 5223 omnis
738 5166 917 5220 divina
968 5161 1280 5231 Scriptura;
1321 5158 1556 5213 maxime
1606 5166 1785 5213 tamen

206 5260 611 5330 hiclegislator,
646 5256 786 5310 sicut
812 5254 903 5324 qui
934 5252 1102 5306 multa
1132 5250 1380 5304 dicturus
1408 5258 1546 5307 erat.
1578 5246 1682 5301 fuit
1719 5247 1787 5302 de

202 5355 473 5410 brevitate
526 5348 846 5404 sollicitus:
892 5344 1017 5414 quia
1061 5343 1169 5395 duo
1227 5350 1353 5395 sunt
1413 5348 1736 5393 testamenta
1768 5381 1783 5403 ,

202 5445 379 5501 Vetus
406 5454 458 5497 et
502 5442 737 5503 Novum,
772 5437 920 5492 unde
949 5446 1004 5490 et
1065 5435 1184 5504 ipse
1221 5448 1320 5502 per
1359 5431 1654 5487 Jeremiam
1693 5432 1781 5485 di-

198 5541 323 5593 xit:
359 5538 504 5592 Dabo
539 5534 675 5588 vobis
709 5540 1076 5585 testamentum
1126 5544 1334 5584 novum.
1368 5542 1470 5577 non
1498 5526 1783 5577 secundum

198 5636 575 5683 testamentum
643 5623 779 5691 quod
822 5620 940 5673 dedi
988 5617 1224 5685 patribus
1264 5616 1461 5673 vestris,
1492 5615 1544 5666 in
1574 5614 1657 5666 die
1684 5630 1788 5679 qua

194 5720 526 5792 apprehendi
559 5733 769 5771 manum
796 5730 996 5777 eorum,
1028 5722 1083 5764 nt
1114 5712 1381 5765 educerem
1409 5708 1524 5760 illos
1550 5709 1612 5761 de
1644 5717 1785 5761 terra

274 5871 317 5902 "
353 5863 689 5926 liteelt.vm,
731 5860 809 5910 l3.
923 5860 959 5888 ῖ⁷
1001 5857 1133 5909 Deut
1199 5872 1343 5916 \‘xtu,
1393 5850 1545 5904 οη.

197 5944 291 6007 εει,
330 5939 415 5992 litt.

1659 5850 1702 5880 ³³
1731 5846 1921 5902 llCot'.
1969 5862 2041 5911 γι,
2082 5845 2165 5898 Η.

1892 5060 2055 5125 ipsius
2104 5075 2205 5112 non
2251 5059 2481 5119 accedet,
2533 5066 2592 5111 ut
2632 5057 2845 5126 aperiat
2890 5058 3293 5125 turpitudinem.
3342 5057 3479 5112 Pro-

1891 5164 2080 5219 pterea
2108 5150 2351 5205 secundo
2391 5149 2659 5213 dicentes,
2708 5149 2861 5202 homo
2889 5149 3065 5207 homo.
3112 5158 3172 5202 ut
3210 5149 3480 5217 quemad-

1889 5244 2109 5297 modum
2163 5251 2248 5298 est
2306 5244 2471 5296 homo
2521 5241 2743 5310 duplex,
2788 5238 2867 5295 sic
2910 5239 3286 5308 intelligantur
3327 5250 3383 5294 et
3415 5256 3479 5295 ea

1887 5349 2009 5404 qme
2038 5334 2359 5389 sanciuntur
2385 5348 2507 5386 esse
2530 5331 2766 5396 duplicia
2793 5374 2807 5396 ,
2842 5341 3208 5401 oportereque
3239 5343 3293 5387 et
3321 5344 3478 5387 este-

1891 5428 2087 5481 riorem
2117 5441 2309 5480 eorum
2342 5424 2557 5487 faciem,
2592 5432 2649 5477 et
2680 5422 2999 5476 interiorem
3033 5438 3225 5477 eorum
3251 5421 3475 5485 facient,

1892 5529 1947 5575 et
1974 5519 2291 5574 interiorem
2316 5516 2835 5585 contemplationem
2859 5515 3160 5576 custodire.
3196 5522 3257 5569 ut
3280 5530 3473 5585 magna

1898 5618 2157 5678 rectaque
2209 5610 2294 5663 lex
2332 5606 2661 5662 exteriorem
2703 5604 3133 5671 interioremque
3182 5615 3477 5673 componat

1897 5704 2196 5757 hominem.
2252 5699 2360 5754 Sed
2415 5713 2479 5752 ea
2527 5698 2749 5767 quidem
2798 5712 2920 5765 qua:
2948 5695 3081 5750 l‘oris
3115 5704 3202 5750 est
3232 5695 3369 5766 legis
3395 5695 3475 5749 fa~

2283 5842 2323 5872 ³³
2357 5842 2559 5897 Jcrcm.
2595 5853 2756 5905 xm,
2801 5837 2890 5902 5t,
2925 5834 3011 5892 5‘2.
3120 5836 3165 5868 ⁸⁵
3194 5834 3350 5890 Joan.
3399 5852 3473 5899 νὴ.
