4218 6450
262 415 384 475 tot:
1411 439 1485 496 lN'
1533 440 1822 499 LEVlTlC

1905 440 1970 498 il.
2000 467 2056 470 ν-
2107 439 2250 498 LIB.
2283 439 2347 500 ν.

3389 436 3515 501 10M

255 529 491 580 euntium
547 548 703 599 :psan‘
761 534 1044 593 historiam
1094 557 1149 595 et
1210 544 1544 616 Scripturam
1590 550 1828 604 divinam
1861 561 1901 615 Α
1937 548 2286 604 ίΕηιιιΙαηιυν
2306 568 2392 605 vos
2423 568 2521 603 non
2554 551 2696 616 bene,
2721 554 2812 606 sed
2837 553 3109 606 excludere
3128 570 3211 606 vos
3243 553 3414 603 volunt
3443 556 3504 605 '°.

257 623 624 677 ostendemus.
652 626 983 699 Coneupivit
1015 649 1146 703 ergo
1173 635 1340 691 David
1379 634 1519 694 Uriae
1553 657 1780 696 uxorem
1813 664 1824 695 ;

165 699 172 707 ’
255 727 382 766 ecce
453 718 656 782 peccati
685 730 861 774 mater
907 727 1369 796 concupiscentia.
1421 731 1828 803 Concupiscens

253 807 554 862 moechatus
589 819 671 864 est
705 822 971 869 :matrem
1007 816 1111 871 filia
1145 823 1430 878 subsecuta
1463 813 1565 879 es’i.
1600 827 1826 883 Adulte-

253 907 411 966 ratns
463 903 707 958 occidit:
760 909 994 975 pessima
1041 913 1496 980 concupiscentia:
1529 918 1823 972 mortifera:

251 1005 371 1056 quin
421 995 698 1058 prmeessit
754 999 950 1066 neptis.
1005 999 1149 1053 Nihil
1195 1019 1324 1073 ergo
1371 1006 1561 1061 horum
1599 1010 1825 1063 revelari

253 1081 366 1132 vult
390 1099 401 1133 :
427 1098 603 1152 neque
619 1087 761 1139 enim
781 1099 996 1157 oportet
1019 1094 1389 1160 proximorum
1415 1098 1564 1166 prodi
1586 1111 1824 1168 peccata,

251 1174 345 1226 sed
393 1175 672 1231 admoneri
709 1181 879 1250 magis
919 1197 1033 1245 eos,
1079 1195 1133 1238 et
1168 1187 1234 1239 ad
1271 1190 1586 1243 memoriam
1639 1207 1825 1247 eorum

251 1277 524 1327 revocare,
574 1283 697 1321 cum
735 1266 879 1325 dicat
915 1275 1209 1342 Apostolus
1241 1295 1253 1329 :
1286 1275 1524 1342 Fratres,
1549 1282 1594 1334 si
1646 1283 1828 1350 deprc-

250 1353 437 1408 heusus
469 1356 625 1424 fuerit
666 1361 779 1429 quis
816 1380 879 1416 ex
901 1364 1039 1418 vobis
1082 1368 1135 1420 in
1166 1369 1345 1440 aliquo
1384 1373 1590 1437 delicto,
1626 1392 1714 1430 vos
1739 1379 1827 1446 qui

249 1446 516 1512 spiritales
541 1451 680 1514 estis,
711 1454 954 1510 instruite
984 1459 1287 1528 Itujusmodi
1326 1464 1378 1517 in
1423 1467 1611 1532 spiritu
1634 1468 1825 1522 lenita-

253 1537 340 1600 tis,
394 1542 730 1596 considerans
762 1547 1005 1612 teipsum,
1036 1567 1098 1603 ne
1138 1564 1186 1605 et
1233 1564 1288 1606 tu
1331 1559 1542 1611 tentcris
1566 1560 1629 1612 “.
1665 1560 1827 1615 Vides

250 1629 376 1695 quia
406 1645 514 1683 non
551 1633 748 1688 frustra
775 1636 1048 1707 lcgislator
1085 1643 1302 1698 dicebat
1337 1666 1348 1699 :
1384 1646 1520 1703 Caro
1559 1660 1649 1703 tua
1682 1664 1821 1707 sunt.

248 1715 557 1776 Ostendens
591 1724 715 1792 quia
758 1739 1049 1798 cognatum
1092 1735 1251 1788 nobis
1297 1739 1718 1808 quodammodo,
1770 1753 1827 1798 et

246 1809 508 1867 familiare
537 1825 640 1879 est,
683 1833 927 1886 peccare,
965 1834 1184 1893 propter
1214 1829 1354 1896 quod
1385 1832 1618 1898 compati
1666 1835 1825 1888 nobis

245 1901 474 1957 invicem
499 1907 760 1964 debemus
784 1923 1092 1980 peccantes.
1118 1917 1248 1971 Nam
1275 1918 1476 1976 Paulus
1502 1925 1824 1995 dispensans

245 1993 348 2050 hoc
371 1998 511 2066 quod
544 2015 691 2057 nunc
719 2003 922 2059 dictum
951 2019 1052 2070 cst,
1079 2011 1315 2066 subdidit
1347 2033 1360 2066 :
1400 1993 1626 2072 Invicem
1662 2036 1823 2074 onera

240 2097 412 2141 vestra
469 2102 698 2158 portate,
741 2107 788 2148 et
832 2099 906 2150 sic
936 2101 1291 2172 adimplebitis
1333 2104 1493 2177 legem
1531 2107 1724 2165 Christi
1755 2113 1820 2166 “.

241 2174 360 2243 Ipse
387 2192 514 2249 ergo
548 2195 768 2250 peccata
794 2198 975 2241 nostra
1007 2185 1266 2259 portavii.
1294 2174 1396 2260 Qui
1451 2208 1632 2252 autem
1684 2217 1823 2258 onus

240 2269 468 2335 proximi
503 2285 700 2342 portat,
731 2287 785 2332 et
820 2281 1045 2351 suscipit
1071 2284 1122 2337 in
1152 2288 1449 2357 semetipso
1486 2291 1666 2349 fratris
1690 2312 1821 2365 pec-

237 2369 378 2420 cata.
409 2379 518 2418 non
552 2367 667 2422 haec
698 2372 897 2438 prodit,
941 2389 1043 2429 nec
1074 2378 1297 2443 revelat,
1328 2381 1421 2435 sed
1475 2386 1642 2455 magis
1667 2389 1822 2444 cohi—

238 2451 348 2514 bet,
375 2463 429 2509 et
455 2459 636 2514 verbis
661 2464 1074 2522 medicinalibus
1096 2480 1271 2536 curat,
1301 2482 1355 2527 et
1381 2475 1522 2530 sicut
1548 2451 1821 2549 propriam

237 2543 607 2635 inﬁrmitatelm
639 2554 1111 2614 exhortationibus
1137 2562 1387 2635 benignis
1414 2543 1683 2625 exhaurii.
1709 2571 1822 2626 Un-

858 2609 1109 2614 um---"
1137 2609 1387 2635 ---νο-..υ
1415 2609 1683 2625 .,............
1713 2609 1820 2626 υ..-

235 2636 303 2688 de
335 2609 594 2707 prophcia
622 2645 793 2701 Isaias
809 2649 876 2703 de
904 2650 1182 2708 Salvatore
1202 2655 1390 2711 dicens
1415 2677 1426 2710 :
1454 2661 1820 2732 Vere’pecrata

235 2738 411 2781 nostra
437 2732 548 2798 ipse
573 2739 823 2802 portavit,
846 2741 1086 2797 subdidit
1113 2762 1124 2796 :
1150 2745 1214 2797 Et
1234 2763 1329 2813 pro
1350 2757 1820 2839 transgressae-ibus

235 2823 434 2888 rogavit
467 2825 530 2879 "7.
557 2827 728 2898 Atiligi
773 2830 937 2901 igitur
961 2844 1016 2888 et
1048 2853 1264 2906 gemere
1290 2842 1551 2897 debemus
1586 2823 1701 2915 prdi
1736 2850 1816 2904 eis

235 2912 326 2979 qui
360 2914 425 2965 ad
463 2931 678 2983 pravam
722 2936 962 2989 operam,
999 2929 1492 3003 cogitationemque
1547 2912 1818 3009 progressi

234 3013 381 3066 sunt,
416 3021 518 3059 non
554 3019 735 3064 autem
773 3016 886 3069 haec
920 3020 1288 3076 manifestare.

310 3094 446 3150 Vens
488 3099 568 3154 l8.
606 3120 624 3152 ο
656 3102 911 3160 Sororem
939 3111 1122 3165 uxoris
1149 3124 1252 3168 tute
1283 3116 1335 3169 in
1363 3119 1668 3186 pellicatum
1695 3125 1816 3192 ejus

239 3199 344 3237 non
359 3188 612 3257 accipies,
650 3210 749 3249 nec
765 3201 1031 3254 revelabis
1055 3205 1444 3272 turpitudinem
1472 3212 1609 3273 eius,
1636 3215 1816 3269 adhuc
1847 3240 1885 3291 η

1919 3292 2134 3344 seminis
2190 3297 2555 3350 commistione
2615 3303 2962 3378 maculuperis
3019 3303 3131 3360 Hoc
3182 3309 3496 3378 explanans

312 3368 472 3424 lteete
504 3375 616 3428 lucc
636 3380 1046 3468 prmcipiuntqr,
1069 3403 1192 3455 quia
1221 3392 1273 3440 in
1310 3407 1441 3458 pace
1475 3405 1688 3449 vocavit
1713 3414 1812 3451 nos
1857 3369 1862 3390 Σ

238 3276 322 3329 ila
360 3280 594 3336 vivente.
647 3305 664 3334 ›

240 3464 494 3520 Dominus
520 3469 679 3524 Deus.
720 3473 822 3540 Qui
853 3464 997 3530 enim
1036 3497 1158 3535 cum
1197 3484 1448 3540 omnibus
1492 3503 1592 3541 nos
1625 3506 1812 3559 paceni

243 3555 431 3610 nabere
468 3563 596 3619 vult,
643 3565 804 3618 etiam
831 3583 924 3641 ιιες
952 3569 1173 3625 Paulum
1210 3573 1398 3629 dicens
1430 3597 1440 3626 ;
1470 3575 1530 3631 Si
1572 3555 1808 3647 possibile

244 3656 325 3700 “st.
364 3654 498 3716 quod
535 3672 596 3706 ea
624 3657 762 3710 vobis
792 3670 886 3723 est,
919 3678 1036 3714 cum
1062 3665 1297 3718 omnibus
1323 3667 1616 3724 hominibus
1635 3689 1815 3741 pacem

233 3740 410 3793 habete
447 3745 502 3802 "',
538 3750 706 3802 multo
751 3753 920 3820 magis
957 3756 1194 3821 placatos
1235 3773 1334 3811 nos
1370 3760 1482 3812 vult
1520 3776 1640 3816 esse
1689 3780 1811 3819 cum

230 3835 513 3899 proximis,
545 3840 688 3905 quod
720 3843 1010 3904 subvertit,
1053 3846 1097 3898 si
1119 3847 1279 3900 simul
1311 3851 1432 3917 quis
1464 3854 1614 3906 uxori
1655 3871 1811 3909 soro-

232 3922 384 3991 rique
412 3927 529 3993 ejus
547 3929 824 4000 jungatur,
867 3944 925 3988 ut
954 3950 1169 3990 sorores
1197 3940 1651 4008 simul'liabitent,
1682 3956 1813 4001 etut

232 4013 371 4068 inter
383 4017 868 4079 simulhabitantes
882 4029 1149 4082 excitetur
1166 4032 1334 4097 zelus,
1368 4036 1510 4090 unde
1533 4039 1811 4093 contentio

233 4106 451 4177 rixaque
482 4124 790 4180 generatur.
824 4116 952 4172 Post
990 4119 1093 4174 hoc
1123 4122 1204 4176 lex
1237 4125 1368 4179 illud
1405 4129 1668 4198 prtecipit,
1700 4147 1808 4186 non

227 4208 479 4265 oportere
503 4203 554 4255 in
581 4203 805 4260 Judaica
833 4213 1249 4268 conversatione
1275 4217 1699 4274 ecclesiasticam
1722 4237 1812 4277 ac-

228 4284 431 4352 cipere,
456 4306 554 4343 nec
577 4294 736 4347 simul
765 4298 986 4364 pascha.
1019 4302 1160 4369 quod
1194 4302 1247 4356 in
1278 4303 1445 4375 figura
1475 4319 1558 4363 est
1588 4326 1712 4365 cum
1744 4329 1810 4366 eo

227 4383 370 4448 quod
389 4397 471 4439 est
488 4387 849 4460 intelligibile,
868 4395 1165 4463 celebrare,
1185 4414 1287 4455 nec
1310 4400 1656 4459 festivitatem
1685 4425 1808 4479 azy-

226 4487 439 4530 morum
483 4481 844 4549 celebrantes,
877 4487 1262 4583 Christi'panis
1304 4509 1515 4550 coenam
1561 4514 1803 4566 sumere,

1932 639 2067 704 Quia
2103 650 2282 696 autem
2321 656 2432 695 non
2478 641 2714 696 Ecclesia
2764 641 3100 712 Synagogam
3144 641 3369 706 zelatur,
3416 645 3508 694 sed

1933 727 2046 797 ipsa
2075 745 2104 782 a
2131 729 2408 802 Synagoga
2431 731 2604 785 zelum
2628 731 2850 801 patitur,
2871 729 3216 786 manifestum
3240 741 3321 785 est
3349 747 3416 786 ex
3447 746 3510 784 eo

1933 820 2076 887 quod
2107 837 2214 875 non
2237 823 2474 876 secunda
2507 839 2642 877 uxor
2664 824 2874 893 primm,
2900 824 2993 877 sed
3026 823 3199 893 prima
3228 823 3421 878 :emula
3445 825 3512 878 sit

1934 912 2185 965 secunda:
2207 953 2222 972 ,
2269 914 2410 967 sicut
2448 930 2512 967 ex
2539 915 2809 970 desiderio
2839 915 3399 987 viri/subingrediente
3423 934 3511 972 so-

1885 1052 1895 1067 ,
1933 1005 2002 1055 let
2029 1004 2378 1059 :undeetLia
2401 1005 2916 1061 zelabaturliachel.
2954 1005 3089 1061 Vide
3129 1016 3309 1062 autem
3333 1011 3510 1079 qualia

1933 1095 2200 1163 legislator
2247 1097 2522 1150 subdidit:
2567 1097 2785 1151 Etcum
2832 1098 3101 1152 dixisset:
3140 1097 3218 1151 Da
3270 1101 3397 1152 mihi
3446 1103 3507 1152 de

1933 1186 2295 1255 mandragoris
2347 1188 2446 1255 ﬁlii
2475 1188 2570 1253 tui,
2602 1189 2882 1258 respondit
2906 1209 2916 1241 :
2941 1189 3210 1244 Parumne
3231 1193 3323 1244 tibi
3367 1194 3511 1246 vide—

1932 1284 2018 1326 tur
2042 1277 2180 1344 quod
2204 1279 2539 1344 prwripueris
2575 1280 2825 1332 maritum
2846 1281 2970 1333 milii
2991 1282 3077 1334 “?
3109 1281 3307 1351 Aperte
3330 1293 3510 1337 autem

1933 1366 2048 1421 hazc
2077 1369 2386 1424 aemulantis
2410 1371 2574 1424 verba
2597 1382 2745 1426 sunt.

2004 1457 2381 1514 \’eas.19-25.
2429 1479 2446 1510 ε
2497 1462 2574 1515 Ad
2617 1462 2902 1518 mulierem
2937 1479 3056 1533 qua:
3111 1468 3312 1534 patitur
3358 1485 3511 1523 men-

1929 1557 2077 1600 strua
2109 1563 2215 1602 non
2247 1552 2494 1615 accedes,
2530 1568 2629 1606 nec
2644 1554 2852 1608 reveles
2871 1554 3170 1611 fmditatem
3205 1558 3342 1628 ejus.
3373 1562 3508 1615 Cum

1931 1655 2098 1693 uxore
2139 1641 2368 1709 proximi
2404 1643 2476 1695 tui
2518 1660 2624 1697 non
2660 1645 2848 1709 eoibis,
2891 1663 2992 1701 nec
3025 1648 3247 1704 seminis
3280 1654 3507 1706 commi-

1929 1729 2103 1785 stione
2125 1733 2503 1788 maculaberis.
2540 1735 2613 1789 De
2632 1736 2836 1792 semine
2857 1746 2947 1792 tuo
2974 1755 3080 1795 non
3106 1741 3258 1806 dabis
3282 1753 3334 1797 ut
3378 1759 3508 1798 con-

1930 1834 2174 1877 secretur
2192 1823 2335 1882 idolo
2354 1825 2582 1892 Moloeli,
2608 1847 2625 1878 ι
2667 1829 2771 1894 vel,
2809 1831 3106 1885 secundum
3133 1831 3505 1905 Septuaginta.

1858 1902 1900 1961 Β
1931 1913 2127 1969 Prwsto
2173 1935 2281 1972 esse
2317 1921 2562 1988 principi.
2604 1942 2621 1972 ι
2668 1921 2776 1976 Nec
2809 1923 3016 1992 pollues
3049 1902 3249 1981 nomen
3279 1902 3372 1982 Dei
3410 1932 3507 1983 tui.

1927 2005 2037 2078 Ego
2058 2007 2337 2064 Dominus.
2376 2011 2511 2066 Cum
2546 2013 2787 2068 masculo
2820 2031 2929 2070 non
2964 2016 3203 2074 dormies
3236 2019 3382 2075 coitu
3430 2020 3510 2076 fc-

1927 2101 2129 2163 mineo.
2155 2102 2281 2171 quia
2312 2103 2648 2160 abominatio
2681 2117 2784 2161 est.
2813 2107 2948 2162 Cum
2983 2110 3132 2164 omni
3175 2127 3372 2182 pecore
3399 2129 3507 2168 non

1926 2190 2116 2258 eoibis,
2139 2209 2239 2248 nec
2262 2196 2760 2252 maculaberiscum
2781 2215 2865 2255 eo.
2897 2201 3089 2257 Mulier
3105 2220 3212 2259 non
3251 2220 3508 2261 succum—

1926 2284 2016 2339 bet
2039 2285 2312 2353 jumento,
2343 2305 2446 2344 nec
2473 2290 2793 2346 miscebitur
2820 2295 2889 2358 ei,
2921 2296 3047 2364 quia
3076 2297 3253 2352 scelus
3278 2308 3380 2355 est.
3419 2320 3437 2352 ι
3481 2307 3500 2328 ί

1997 2375 2142 2432 Bene
2172 2379 2287 2436 haec
2331 2381 2795 2453 interpretationis
2835 2387 2976 2457 stylo
3018 2388 3309 2460 conjuncta
3356 2404 3502 2448 sunt.

1925 2466 2171 2525 Praesens
2193 2487 2322 2544 ergo
2349 2474 2670 2545 legislatoris
2711 2477 2942 2532 intentio
2982 2487 3067 2534 est
3092 2497 3122 2535 a
3166 2481 3503 2550 libidinibus,

1924 2568 1979 2614 et
2022 2561 2248 2644 nefari‘js
2290 2565 2788 2633 commistiouibus,
2818 2577 2874 2623 et
2900 2585 2929 2623 a
2976 2569 3338 2629 fornicatione
3397 2583 3504 2630 tam

1923 2654 2164 2708 sensibili
2196 2672 2355 2725 quam
2414 2656 2732 2729 inielligibili
2761 2662 3018 2717 cohibere
3045 2679 3169 2718 eum
3196 2666 3287 2735 qui
3310 2668 3506 2739 accipit

1924 2741 2268 2812 it‘gcm.Eum
2296 2759 2584 2817 propterea
2609 2766 2716 2803 non
2743 2753 2998 2822 prrecepit
3026 2755 3075 2808 ei
3095 2745 3233 2825 "qua:
3264 2758 3318 2811 in
3347 2775 3505 2814 men—

1926 2834 2062 2888 truis
2089 2838 2389 2891 constituta
2411 2849 2495 2892 est
2520 2849 2743 2909 propter
2774 2842 3128 2911 pollutionem
3155 2849 3500 2913 concubitus,

1922 2935 2111 2979 contra
2137 2928 2306 2997 legem
2333 2931 2698 3005 misceridsed
2731 2948 2832 2987 nec
2859 2935 3011 2988 uxori
3043 2937 3276 3005 proximi
3310 2941 3506 2995 :adul—

1923 3017 2116 3070 terium
2174 3021 2319 3072 enitn
2378 3020 2475 3074 ista
2522 3024 2848 3088 commistio,
2886 3040 2994 3079 non
3048 3028 3358 3099 conjugium
3400 3043 3503 3086 est.

1923 3107 2077 3162 Unde
2099 3125 2221 3162 eum
2254 3111 2478 3167 dixisset
2502 3130 2514 3166 :

1992 3197 2124 3252 Cum
2179 3219 2337 3256 uxore
2378 3207 2605 3272 proximi
2638 3209 2716 3260 tui
2754 3226 2854 3262 non
2896 3213 3075 3276 eoibis,
3100 3214 3307 3270 addidit
3345 3233 3357 3269 :
3401 3216 3494 3270 Nec

1920 3381 2043 3449 quia
2069 3383 2180 3450 jam
2213 3401 2321 3439 non
2358 3397 2440 3441 est
2479 3390 2792 3461 conjugium
2815 3381 3041 3464 neque
3065 3399 3211 3451 enim
3241 3400 3504 3468 polluerat

1920 3490 2043 3528 eum
2076 3479 2166 3546 qui
2212 3483 2672 3538 eommiseebatur
2702 3503 2715 3549 ;
2745 3487 2870 3556 quia
2904 3489 3226 3545 honorabile
3268 3501 3351 3546 est
3370 3508 3490 3548 con-

1912 3566 2142 3635 jugium,
2180 3579 2232 3622 et
2273 3563 2422 3624 ιρι-ὐς
2465 3574 2843 3629 immaculatus
2883 3599 2893 3629 :
2941 3578 3036 3631 sed
3084 3594 3208 3632 cum
3261 3581 3499 3635 sensibil-

1916 3653 2295 3723 t‘oruicatione,
2317 3671 2368 3714 et
2391 3664 2458 3716 ab
2477 3664 2926 3744 intelligibilianos
2949 3682 3233 3723 removere
3259 3672 3496 3726 maximi.

1917 3750 2098 3802 studio
2148 3752 2355 3815 nititur,
2405 3767 2627 3824 propter
2668 3747 2832 3826 quod‘
2859 3760 3102 3814 subdidit
3143 3781 3152 3812 :
3197 3761 3269 3816 De
3308 3770 3500 3819 semine

1917 3851 2004 3892 tuo
2048 3858 2151 3895 non
2194 3845 2344 3898 dabis
2384 3849 2576 3901 servire
2611 3847 2832 3910 Molocli.
2866 3853 3001 3914 sive,
3035 3862 3094 3905 ut
3125 3852 3494 3926 Septuaginta.

1918 3929 2178 4002 Principi.
2216 3934 2316 3988 Cui
2369 3949 2548 3990 autem
2599 3940 2856 4009 principi,
2910 3953 3090 3996 nostra
3142 3945 3424 4001 translatio
3449 3965 3496 4001 Ci

1915 4022 2106 4092 reliqui
2154 4025 2484 4094 interpretes
2531 4030 2911 4084 ostenderunt.
2941 4031 3048 4100 Ipsi
3074 4036 3222 4088 enim
3258 4035 3472 4090 Moloni:

1915 4129 2012 4182 pro
2031 4130 2096 4167 eo
2121 4117 2263 4184 quod
2287 4127 2371 4171 est
2391 4119 2642 4188 principi,
2669 4135 2912 4177 consone
2944 4125 3259 4180 ediderunt.
3293 4128 3498 4181 Idolum

1913 4215 2096 4260 autem
2141 4208 2244 4262 hoc
2305 4209 2473 4264 fuisse
2512 4213 2680 4266 etiam
2731 4214 3045 4284 Stephanus
3075 4219 3119 4248 "
3147 4221 3496 4278 eoneiorums.

1912 4300 2142 4353 maxime
2173 4301 2338 4356 Amos
2372 4312 2498 4358 ante
2531 4320 2655 4358 eum
2692 4308 3050 4376 propbetans.
3082 4311 3495 4373 demonstravit,

1911 4391 1987 4443 ait
2016 4391 2161 4445 enim
2192 4411 2202 4445 :
2232 4393 2298 4447 Et
2341 4399 2594 4462 portastis
2639 4399 3040 4454 tabernaculum
3080 4402 3278 4455 Moloch
3310 4416 3496 4462 uestro.

1910 4491 1956 4534 et
2000 4482 2288 4553 imaginem
2346 4487 2610 4542 idolorum
2661 4500 2976 4556 uestrorum,
3019 4495 3163 4547 sidus
3208 4493 3299 4546 Dei
3345 4500 3497 4549 vestri

225 4582 346 4635 qua,
370 4581 638 4627 summm
656 4590 980 4646 azyma'nec
997 4573 1470 4642 ciréumcisionem
1488 4589 1646 4644 simul
1670 4608 1810 4661 pr»
1841 4581 1882 4635 l)
1911 4573 2102 4643 fecistis
2135 4576 2272 4629 vobis
2297 4577 2360 4633 ⁸³.
2401 4578 2599 4634 Semen
2633 4594 2813 4638 autem
2847 4600 2957 4637 non
3001 4594 3176 4640 solum
3215 4599 3492 4656 cegnatos,

225 4657 405 4714 dicare
421 4670 474 4715 et
495 4664 778 4732 baptisma.
805 4669 1180 4729 Memoramini
1199 4692 1326 4748 ergo
1357 4680 1500 4735 illius
1517 4683 1609 4750 qui
1627 4684 1765 4738 dixit
1789 4706 1803 4743 :

227 4749 360 4804 Ecce
381 4771 473 4820 ego
489 4755 687 4811 Paulus
704 4763 818 4816 dico
837 4765 998 4829 vobis,
1013 4767 1057 4819 si
1074 4749 1548 4838 circumcidamini,
1569 4774 1805 4832 Christus

223 4843 365 4897 vobis
384 4847 513 4901 nihil
530 4842 735 4916 pi'odcst
754 4852 822 4912 ”.
848 4855 953 4909 Sed
979 4866 1031 4911 et
1057 4858 1100 4911 si
1125 4859 1196 4912 for
1214 4869 1264 4915 te
1284 4861 1408 4930 quis
1431 4861 1652 4919 Judaica
1672 4883 1805 4921 con-

223 4936 532 4991 versatione
551 4955 680 4994 usus
701 4951 777 4996 est
792 4983 806 5006 ,
824 4945 1146 5017 negligendo
1167 4964 1284 5002 eam
1305 4951 1612 5016 mortificet,
1639 4954 1691 5008 id
1719 4967 1805 5011 est

224 5025 466 5080 viliorem
492 5038 653 5098 atque
671 5032 1002 5089 ineﬂicacem
1033 5038 1241 5102 reddat,
1274 5047 1328 5092 et
1353 5049 1482 5094 tunc
1500 5042 1550 5095 ei
1576 5057 1698 5111 quat
1716 5053 1800 5098 est

224 5116 478 5173 Ecclesiae
511 5124 826 5188 misceatur,
860 5142 982 5195 qua:
1020 5143 1174 5182 soror
1201 5130 1366 5195 illius,
1385 5147 1505 5200 qua:
1548 5135 1798 5189 eamdem

224 5206 396 5274 legem
427 5209 608 5274 habet,
627 5214 959 5285 eosdemque
984 5217 1112 5288 legit
1135 5220 1449 5288 prophetas,
1482 5223 1579 5276 sed
1603 5226 1799 5279 aemula

222 5307 325 5359 est,
346 5315 452 5353 non
475 5305 617 5371 quod
649 5304 761 5373 ipsa
785 5308 1010 5373 zeletur,
1041 5311 1133 5363 sed
1158 5312 1302 5380 quod
1332 5313 1446 5368 hrec
1465 5313 1606 5368 illius
1623 5317 1798 5372 zelum

223 5390 456 5458 patiatur
491 5411 503 5446 :
539 5396 664 5463 quia
696 5398 897 5454 divitia
926 5402 1043 5468 ejus
1073 5403 1138 5455 ad
1169 5419 1266 5456 nos
1298 5421 1393 5473 per
1427 5406 1594 5475 ipsam
1628 5408 1797 5462 devo-

222 5482 347 5536 luta:
373 5495 519 5552 sunt,
540 5488 593 5541 in
619 5499 827 5545 tantum
848 5501 901 5546 nt
925 5490 1120 5548 Paulus
1145 5495 1210 5549 de
1229 5497 1311 5550 his
1338 5498 1430 5565 qui
1456 5515 1519 5552 ex
1561 5500 1796 5554 circum-

221 5575 426 5631 cisione
444 5589 590 5640 sunt,
617 5583 682 5634 ad
708 5582 920 5637 Galatas
943 5585 1032 5653 qui
1051 5601 1112 5638 ex
1127 5588 1378 5654 gentibus
1395 5598 1550 5642 erant
1568 5590 1794 5644 diceret:

306 5740 351 5772 “
375 5742 488 5793 Gal.
514 5758 585 5803 Vl,
614 5745 656 5795 l.
732 5743 778 5776 “
805 5746 932 5800 ibid.
958 5749 1013 5801 Ξ.

232 5827 359 5870 rex,
394 5811 469 5862 15'.
550 5813 725 5866 "Act.
767 5832 857 5878 vn,
887 5817 971 5870 .49.

1090 5751 1133 5782 "
1167 5752 1266 5804 lsa.
1301 5768 1412 5808 Litt.
1449 5754 1480 5806 4
1514 5762 1568 5805 et
1598 5755 1678 5806 i2.

1051 5820 1095 5850 "
1126 5822 1287 5874 Amos
1317 5838 1365 5883 γ,
1386 5822 1473 5877 9.6.

1759 5755 1801 5784 δ’
1831 5758 1985 5810 Rom.
2022 5778 2114 5820 Ml.
2165 5763 2244 5816 l8.

1553 5825 1591 5853 °"
1624 5825 1638 5876 Ι
1672 5823 1806 5877 Tim.
1843 5843 1911 5895 vi,
1940 5828 2016 5880 it).

1910 4665 2003 4718 sed
2041 4680 2259 4721 omnem
2311 4681 2553 4726 nostram
2584 4675 2855 4730 actionem
2899 4688 2953 4730 et
2984 4678 3286 4732 doctrinam
3339 4680 3490 4734 Entel-

1909 4757 2156 4828 ligamus,
2211 4771 2268 4815 ut
2301 4778 2403 4816 nec
2440 4765 2710 4819 actionem
2751 4777 2993 4821 nostram
3031 4769 3225 4823 demus
3276 4771 3340 4824 ad
3381 4787 3494 4823 scr-

1910 4851 2168 4906 viendum
2193 4853 2372 4918 idolis,
2397 4855 2524 4924 quia
2554 4856 2710 4910 radix
2731 4859 2967 4911 omnium
3000 4859 3262 4914 malarum
3287 4863 3491 4930 cupidi-

1905 4955 2008 5006 tas,
2041 4960 2156 5014 quw
2178 4957 2252 4999 est
2279 4947 2542 5000 idolorum
2557 4950 2775 5003 servitus
2798 4951 2862 5003 “.
2893 4949 3001 5004 Sed
3027 4966 3130 5006 nec
3152 4953 3280 5006 talia
3297 4953 3490 5008 docea-

1905 5028 2044 5104 mus,
2067 5057 2188 5109 quae
2213 5041 2278 5094 ad
2306 5042 2509 5096 erroris
2532 5042 2798 5098 idolorum
2821 5045 3159 5115 impietatem
3188 5049 3488 5116 pertinent.

1904 5131 1996 5185 Sic
2032 5131 2176 5185 enim
2215 5132 2470 5202 intelligis
2508 5149 2615 5186 non
2647 5145 2901 5204 oportere
2946 5138 3014 5192 ad
3052 5140 3336 5193 mulierem
3367 5157 3487 5207 qua:

1904 5224 1957 5276 in
1991 5226 2284 5279 menstruis
2308 5227 2604 5280 constituta
2625 5236 2728 5289 est,
2768 5228 3000 5299 ingredi,
3033 5229 3101 5282 ad
3137 5231 3484 5285 revelandam

1904 5321 2296 5389 turpitudinem
2341 5322 2481 5390 ejus,
2513 5332 2574 5376 ut
2611 5323 2800 5376 nonin
2850 5339 3094 5378 errorem
3149 5340 3484 5395 paganorum

1907 5427 2006 5465 nos
2055 5413 2402 5468 misceamus.
2454 5414 2628 5484 Hujus
2655 5414 2800 5468 enim
2838 5416 3064 5486 figuram
3112 5432 3323 5488 gerere,
3365 5435 3486 5474 cani

1904 5520 2024 5571 qum
2042 5505 2095 5557 in
2117 5507 2410 5560 menstruis
2426 5507 2722 5562 constituta
2735 5516 2837 5569 est,
2853 5508 3104 5576 superius
3118 5511 3485 5576 ostendimus,

1907 5613 2029 5650 eum
2061 5598 2128 5651 de
2169 5599 2541 5660 meustruatis.
2575 5606 2631 5652 et
2667 5597 2870 5653 ﬂuxum
2905 5600 3185 5669 sanguinis
3229 5603 3484 5671 patienti-

2326 5766 2365 5792 ²’
2397 5767 2512 5819 Gai.
2550 5786 2596 5832 ι’,
2622 5770 2674 5822 2-
2755 5775 2797 5805 ⁸³
2834 5779 2947 5836 Gal.
2989 5797 3057 5843 tv,
3092 5783 3170 5836 ΓΙΔ

3273 5793 3306 5820 Η
3337 5793 3428 5841 "'k.
