4218 6450
736 373 873 435 1015

1919 371 2280 431 HESYCHII
2320 366 2789 429 PRESBYTERI

3857 360 4011 425 1016

734 487 835 537 bus
888 483 1241 546 mulieribus;
1279 480 1669 551 interpretandi
1731 479 2056 533 necessitate
2122 494 2302 531 sermo
2335 487 2375 538 Α
2406 484 2639 546 oportet,
2697 490 2797 529 nec
2830 474 3049 529 dissolvi
3097 476 3216 544 ejus
3266 490 3427 543 quam
3470 474 3632 528 habet
3675 474 3732 526 in
3786 472 4013 526 virtute

734 576 948 628 habitus
972 582 1077 627 est.
1111 574 1215 627 Sed
1250 587 1352 626 nec
1394 572 1696 625 revelemus
1736 570 2032 624 tarditatem
2073 569 2213 637 ejus,
2247 577 2304 619 ut

733 686 839 721 non
866 668 1325 735 dieamus,neque
1342 665 1675 719 deducamus
1701 664 1769 717 ad
1795 663 2033 717 medium
2062 661 2305 715 actiones

732 775 919 811 eorum
949 758 1139 818 malas,
1171 773 1279 810 non
1307 755 1459 825 quasi
1489 756 1569 808 eis
1612 764 1915 825 parcentes,
1960 753 2056 807 sed
2083 759 2306 822 pr0pter

733 865 826 901 cos
858 849 949 916 qui
996 847 1244 911 audiunt,
1291 847 1415 915 quia
1456 855 1621 899 nocet
1670 844 2037 899 audientibus.
2082 843 2308 912 Propter

733 940 876 1007 quod
909 940 1039 993 dicit
1072 938 1272 991 Paulus
1300 957 1313 991 :
1342 936 1471 1002 Quae
1493 938 1630 990 enim
1650 939 1703 989 in
1732 936 1929 989 occulto
1959 936 2024 988 ab
2053 936 2126 988 eis
2152 934 2305 1002 ﬁunt,

736 1042 887 1097 turpe
906 1040 977 1082 est
1008 1030 1196 1082 dicere.
1222 1026 1323 1082 Sed
1338 1037 1386 1081 et
1415 1043 1628 1080 uxorem
1646 1027 1873 1095 proximi
1895 1026 2230 1095 refugiamus,
2251 1031 2308 1074 ut

738 1136 836 1171 non
862 1120 1130 1186 polluatur
1158 1122 1212 1172 in
1243 1136 1303 1172 ea
1317 1120 1386 1183 ",
1406 1117 1620 1188 gentilis
1650 1116 1971 1170 videlicetet
1994 1114 2307 1177 idololatrae,

736 1210 825 1277 qui
843 1211 1119 1279 proximus
1134 1221 1338 1275 noster,
1353 1219 1575 1279 propter
1595 1217 1844 1262 naturam
1863 1216 1916 1261 et
1933 1207 2309 1277 cognationem

737 1303 953 1356 dicitur.
975 1304 1202 1372 l‘ropter
1221 1303 1367 1372 quod
1385 1312 1439 1357 et
1457 1302 1717 1356 Dominus
1740 1300 2028 1369 inquisitus
2049 1315 2078 1353 a
2101 1297 2308 1352 Scriba:

738 1397 806 1447 Et
828 1397 942 1465 quis
981 1405 1056 1449 est
1087 1397 1355 1465 proximus
1396 1411 1539 1448 meus
1572 1394 1617 1426 ⁵⁸
1641 1394 1664 1446 ?
1689 1408 1813 1447 eum
1844 1392 1935 1462 qui
1962 1390 2315 1446 descenderat

739 1489 808 1542 ab
837 1487 1136 1541 Jerusalem
1185 1487 1241 1542 in
1271 1486 1515 1553 Jericho,
1562 1496 1617 1541 et
1653 1487 1707 1539 in
1747 1486 1983 1540 latrones
2024 1481 2310 1545 inciderat,

740 1581 991 1634 videlicet
1035 1582 1332 1644 daemones,
1365 1589 1420 1634 et
1454 1595 1631 1649 neque
1672 1595 1701 1631 a
1743 1576 2045 1641 sacerdote,
2079 1589 2255 1644 neque
2281 1589 2313 1627 a

741 1672 926 1725 Levita
940 1682 1161 1725 sanatus
1188 1681 1290 1737 est,
1314 1672 1406 1726 sed
1431 1670 1787 1734 Samaritano,
1822 1668 2131 1738 proximum
2155 1664 2309 1720 dixit.

741 1762 876 1816 Cum
921 1763 1082 1832 hujus
1130 1778 1259 1833 ergo
1306 1762 1530 1816 muliere
1572 1777 1679 1815 non
1728 1760 2077 1823 concumbes,
2130 1767 2190 1813 ut
2222 1758 2312 1812 tali

741 1854 969 1909 seminis
1015 1856 1394 1909 commistione
1438 1854 1729 1910 maculeris
1777 1874 1790 1908 :

742 1961 860 1997 rum
894 1945 1175 2012 sapientiae
1205 1946 1258 1999 in
1288 1955 1496 2000 tantum
1531 1946 2022 2010 communicemus,
2056 1961 2233 2014 neque
2256 1946 2312 1999 in

741 2044 953 2089 tantum
980 2036 1033 2089 in
1069 2052 1131 2089 ea
1156 2037 1555 2102 incumbamus,
1591 2048 1650 2091 ut
1676 2036 1910 2107 aliquam
1953 2037 2315 2107 pollutionem

742 2143 809 2180 cx
836 2142 900 2180 ea
927 2127 984 2180 in
1005 2128 1257 2197 dogmate
1287 2128 1695 2197 conquiramus,
1741 2144 1845 2183 nec
1877 2129 2179 2198 polluamus
2215 2143 2316 2183 no-

742 2236 866 2273 men
917 2220 1010 2274 Dei
1056 2221 1250 2285 nostri,
1302 2222 1447 2290 quod
1483 2220 1844 2274 communiter
1892 2220 1947 2273 in
1977 2220 2158 2274 omnia
2195 2234 2316 2288 qua:

741 2311 885 2364 dicta
940 2320 1069 2364 sunt
1101 2311 1484 2382 intelligamus.
1516 2310 1652 2377 Quia
1702 2312 1901 2382 polluet
1947 2327 2144 2366 nomen
2196 2310 2314 2375 Dei,

744 2415 853 2452 non
894 2401 1070 2453 solum
1116 2400 1493 2456 fornicationis
1541 2403 1898 2473 turpitudine,
1953 2412 2009 2457 et
2047 2401 2316 2471 aliquibus

742 2491 1051 2545 actionibus
1080 2491 1349 2546 idolorum
1397 2502 1579 2559 utens,
1615 2494 1708 2547 sed
1749 2503 1803 2548 et
1825 2494 1868 2547 si
1906 2495 2028 2563 quis
2058 2508 2119 2546 ex
2152 2508 2317 2563 paga—

742 2597 941 2635 norum
975 2599 1185 2647 errore,
1216 2593 1271 2638 et
1296 2599 1358 2637 ea
1391 2600 1512 2653 qua:
1555 2585 1857 2654 appellatur
1897 2585 2040 2654 apud
2081 2600 2175 2638 eos
2197 2584 2318 2653 phi-

745 2674 1009 2742 losophia,
1032 2675 1433 2731 subintroducit
1452 2677 1504 2730 in
1556 2678 1734 2731 divina
1761 2677 2011 2732 Ecclesiae
2033 2678 2315 2747 dogmata:

742 2768 888 2837 quod
910 2767 1128 2836 quidam
1153 2770 1439 2837 patientes,
1478 2772 1529 2824 in
1555 2782 1753 2825 sortem
1780 2772 2157 2825 litercticorum
2184 2772 2318 2841 lapsi

743 2876 893 2922 sunt,
932 2870 987 2915 et
1026 2861 1152 2914 facti
1184 2871 1312 2916 sunt
1344 2872 1494 2917 extra
1514 2862 1830 2927 Ecclesium,
1864 2874 2047 2933 utpote
2075 2859 2320 2935 polluen-

743 2962 829 3007 tes
872 2968 1070 3005 nomen
1106 2953 1220 3015 Dei,
1266 2953 1316 3006 id
1366 2963 1447 3007 est
1483 2954 1807 3022 injuriantes
1837 2967 1891 3009 et
1919 2957 2319 3025 quodammodo

746 3043 1160 3111 coinquinantes
1194 3060 1207 3095 :
1240 3044 1366 3112 quia
1394 3058 1503 3096 non
1531 3053 1746 3112 Oportet
1772 3062 1832 3098 ea
1859 3062 1979 3114 qua:
2007 3055 2132 3100 sunt
2174 3063 2318 3101 mor-

2408 566 2868 637 pcrseverantiam
2920 566 3076 620 :boc
3122 566 3269 620 enim
3328 575 3633 635 opportune
3690 580 3825 617 cum
3886 563 4014 616 viro

2410 658 2659 712 muliebri
2692 657 2836 711 coitu
2872 658 3089 711 misceri
3124 657 3463 727 intelligitur.
3491 654 3597 710 Sed
3624 654 4013 725 quemadmo—

2408 751 2535 803 dum
2584 750 2747 804 alium
2790 749 3161 804 ell‘eminatum
3206 749 3321 802 ﬁeri
3354 764 3462 803 non
3489 748 3753 818 oportuit,
3787 747 3867 802 ita
3904 761 4013 798 nec

2409 838 2633 895 nefariis
2675 840 3043 909 voluptatibus
3089 840 3429 909 requiescere
3465 860 3479 895 :
3511 855 3632 909 qua:
3670 848 3829 893 recte
3862 854 4013 906 qua—

2409 931 2692 999 drupedia,
2735 941 2924 1001 utpote
2955 933 3009 985 in
3035 942 3231 987 terram
3275 932 3629 995 intende-otia,
3657 943 3713 987 et
3746 932 4012 986 actiones

2409 1038 2530 1092 quae
2546 1025 2720 1078 virum
2744 1025 2994 1089 deceant,
3018 1039 3125 1078 non
3146 1023 3587 1089 habentes,dicta
3605 1032 3737 1076 sunt
3760 1042 3775 1075 :
3802 1022 3858 1075 in
3889 1032 4012 1076 ter-

2412 1133 2525 1171 ram
2548 1118 2693 1172 enim
2717 1118 3009 1173 intendunt
3026 1116 3421 1187 quadrupedia,
3437 1126 3491 1171 et
3512 1132 3779 1170 manuum
3809 1128 4012 1169 carent

2414 1225 2535 1274 usu,
2558 1225 2681 1278 quae
2713 1210 2768 1263 in
2786 1210 3029 1265 actiones
3057 1210 3245 1281 dignas
3281 1208 3595 1264 hominibus
3621 1210 4010 1278 accipiuntur,

2412 1300 2537 1369 quia
2560 1299 2777 1369 proprie
2822 1300 3103 1354 hominum
3133 1311 3218 1354 est
3259 1300 3513 1354 manibus
3559 1300 3839 1354 laborare.
3884 1299 4011 1352 Non

2413 1406 2541 1461 ergo
2568 1399 2785 1460 oportet
2808 1406 2931 1446 cum
2964 1390 3047 1445 his
3074 1391 3223 1446 coire
3247 1407 3314 1446 ex
3344 1390 3544 1461 quibus
3558 1390 3680 1460 quis
3707 1391 4007 1459 polluitur.

2414 1479 2515 1545 Qui
2556 1480 2703 1534 enim
2729 1489 2974 1534 moratur
2998 1480 3055 1534 in
3076 1480 3554 1545 delectationibus,
3588 1480 3705 1533 sive
3735 1480 4010 1548 volupta-

2415 1571 2578 1636 tibus,
2608 1571 2682 1624 ita
2708 1578 2768 1624 ut
2796 1571 3122 1626 concumbat
3153 1572 3208 1626 in
3244 1574 3346 1637 eis,
3387 1574 3476 1627 hic
3498 1587 3686 1626 semen
3711 1570 4013 1626 effundere

2414 1663 2632 1727 dicitur,
2670 1672 2892 1733 propter
2920 1664 3044 1729 hoc,
3085 1664 3211 1735 quia
3256 1665 3475 1734 pellitur
3494 1666 3562 1719 ab
3591 1665 3693 1727 eis,
3725 1664 3856 1716 sive
3879 1663 4013 1731 quia

2415 1756 2712 1811 delectatur
2757 1755 2814 1810 in
2868 1756 2969 1822 eis,
3028 1765 3083 1811 et
3133 1745 3403 1827 frequenti
3454 1772 3554 1812 usu
3613 1756 3864 1810 seminat
3892 1770 4013 1818 eos,

1843 1864 1903 1909 ut
1932 1870 2040 1908 non
2074 1868 2313 1924 pagano-
2343 1823 2387 1879 Β
2414 1847 2836 1920 quodammodo,
2880 1859 2973 1904 aut
2998 1850 3066 1904 ab
3097 1850 3177 1904 eis
3216 1823 3515 1904 seminatur
3555 1848 3770 1904 semine
3799 1849 4013 1917 aliquo,

2416 1940 2559 2010 quod
2590 1941 2843 1997 inimicus
2888 1941 3289 1997 dormientibus
3320 1942 3477 1996 nobis
3506 1952 3559 1996 et
3592 1940 4017 2012 negligentibus

2417 2033 2473 2087 in
2506 2032 2772 2089 mundum
2808 2032 3059 2099 seminat,
3090 2034 3339 2104 polluens
3371 2034 3546 2098 valde,
3572 2034 3645 2086 ita
3676 2040 3741 2085 ut
3773 2048 3806 2084 a
3852 2045 4015 2083 sacro

2418 2118 2769 2181 tabernaculo
2811 2126 3003 2182 debeat
3042 2127 3163 2193 hic,
3197 2127 3289 2196 qui
3320 2127 3445 2180 talis
3485 2136 3587 2189 est,
3632 2135 3693 2179 ut
3749 2124 4014 2193 polluens

2416 2217 2634 2286 expelli,
2678 2217 3000 2287 alienusque
3046 2233 3169 2273 esse
3205 2218 3528 2273 adominica
3566 2232 3715 2277 area,
3754 2216 3855 2284 qui
3918 2231 4017 2284 per

2416 2310 2619 2364 malum
2650 2325 2836 2365 semen
2864 2309 3041 2365 factus
3066 2322 3152 2365 est
3177 2311 3402 2364 zizania.
3436 2308 3633 2379 Legem
3669 2318 3867 2362 autem
3903 2323 4013 2359 non

2418 2405 2501 2459 vir
2526 2403 2697 2466 solus,
2725 2404 2822 2457 sed
2845 2404 3043 2457 mulier
3070 2403 3382 2457 necessarie
3437 2399 3677 2455 custodit
3713 2422 3726 2454 :
3766 2400 3863 2452 illa
3907 2400 4017 2451 uti-

2418 2510 2524 2561 que
2549 2510 2711 2565 quam
2740 2492 2999 2547 Salomon
3030 2494 3233 2559 laudat,
3270 2494 3462 2546 Mulier
3491 2492 3623 2545 bona
3644 2492 4015 2551 benedicatur,

2420 2589 2671 2640 timorem
2719 2586 2812 2640 Dei
2873 2586 3079 2640 laudat.
3136 2584 3415 2638 Mulierem
3465 2587 3675 2655 fortem,
3725 2583 3831 2643 ait,
3896 2584 4016 2653 quis

2420 2678 2644 2731 inveniet
2685 2677 2765 2729 ὀἳ
2806 2677 3281 2742 Quemadmodum
3314 2677 3611 2739 masculus,
3642 2675 3875 2743 quando
3916 2690 4015 2728 sua

2419 2767 2762 2831 custodierit,
2788 2768 3127 2838 gesseritque
3161 2768 3266 2821 sibi
3328 2768 3513 2836 digna,
3547 2766 3829 2835 signiﬁcat
3884 2766 4014 2818 ani-

2421 2874 2565 2912 mam
2627 2859 2682 2912 in
2740 2858 3037 2913 virtutibus
3068 2858 3463 2912 constitutam:
3515 2857 3596 2911 sic
3661 2867 3719 2911 et
3782 2857 4011 2921 mulier,

2420 2950 2638 3020 quando
2664 2950 2717 3003 in
2754 2951 2918 3005 nullis
2948 2965 3005 3003 se
3031 2950 3310 3004 miscuerit
3334 2948 3718 3013 muliebribus,
3744 2948 4015 3017 quoniam

2423 3044 2684 3115 grandem
2711 3052 2767 3098 et
2796 3044 2930 3107 haec,
2962 3054 3256 3114 antequam
3312 3045 3801 3113 transgrederetur
3843 3044 4015 3097 Crea-

748 3142 987 3197 tuorum,
1033 3148 1198 3201 super
1239 3134 1405 3186 vitam
1448 3133 1726 3199 inducere,
1762 3138 1854 3191 sed
1904 3140 2318 3194 custodiendum
2346 3158 2392 3218 c
2424 3143 2597 3189 torem
2627 3151 2807 3200 suum,
2835 3135 3156 3206 dignitatem
3189 3135 3417 3204 accepit,
3490 3142 3550 3188 ut
3609 3135 3861 3203 adjutrix
3909 3134 4014 3188 viri

746 3232 829 3277 est
864 3221 1013 3276 Pauli
1040 3224 1374 3289 mandatum,
1408 3226 1670 3294 scriptum
1702 3244 1729 3280 a
1764 3226 1967 3297 Spiritu
1997 3248 2009 3282 :
2042 3228 2168 3294 Quae
2196 3248 2323 3299 par-

748 3316 985 3381 tiripatio
1010 3315 1235 3384 justitia:
1281 3317 1351 3368 ad
1404 3317 1734 3384 iniquitatem
1765 3319 1789 3371 ?
1816 3330 1909 3372 aut
1952 3337 2069 3390 quce
2107 3323 2325 3377 societas

748 3407 940 3461 Christi
963 3407 1033 3459 ad
1066 3405 1240 3460 Belial
1258 3408 1302 3438 "
1329 3408 1487 3463 ?Hoc
1512 3409 1658 3463 enim
1687 3418 1742 3464 et
1773 3411 1889 3480 ipse
1922 3412 2326 3480 quodammodo

748 3497 1019 3566 legislator
1033 3496 1340 3566 signiﬁcans
1369 3497 1424 3551 in
1446 3498 1532 3553 bis
1558 3514 1681 3569 qua:
1705 3500 1847 3555 dicta
1869 3511 2016 3568 sunt,
2053 3503 2321 3558 subdidit:

753 3586 862 3652 Ιιῗςιυ
889 3584 1158 3639 Dominus.
1187 3586 1290 3651 Qui
1333 3587 1559 3656 gloriam
1609 3589 1784 3643 habeo
1831 3591 2083 3646 omnibus
2112 3592 2325 3647 incom-

749 3677 1154 3740 municabilem,
1195 3688 1402 3746 quanto
1443 3678 1613 3749 magis
1636 3680 2098 3751 d:emonibus,qui
2136 3699 2326 3738 corru-

748 3780 930 3840 ptores
962 3778 1091 3823 sunt
1116 3771 1439 3835 animarum,
1468 3779 1525 3824 et
1552 3770 1708 3825 idolis
1740 3773 1963 3826 eorum?
1986 3776 2118 3842 Ipsis
2142 3786 2322 3830 autem

747 3859 930 3914 verbis
979 3859 1314 3913 sanctionem
1364 3860 1740 3916 terribiliorem
1786 3861 1935 3929 facit,
1962 3879 2030 3918 ex
2071 3880 2137 3918 eo
2179 3866 2324 3935 quod

748 3950 981 4004 mediam
1011 3965 1153 4012 eam,
1177 3950 1318 4004 sicut
1338 3950 1538 4016 cernis,
1567 3952 1650 4005 bis
1669 3952 1737 4006 de
1761 3953 1960 4022 quibus
1986 3970 2133 4009 nunc
2152 3955 2325 4025 loqui-

750 4052 856 4104 tur,
902 4043 1097 4110 posuit.
1150 4040 1590 4097 Prmcedentibus
1639 4045 1840 4114 quippe
1872 4046 1956 4099 bis
1998 4062 2120 4115 qua:
2163 4048 2325 4101 modo

745 4137 990 4189 discussa
1019 4142 1163 4196 sunt,
1189 4148 1377 4186 rursus
1407 4135 1692 4203 proponit:
1723 4136 1860 4200 Quia
1885 4153 1992 4190 non
2016 4139 2175 4192 debet
2199 4153 2322 4191 cum

747 4222 989 4277 masculo
1018 4221 1158 4275 virili
1188 4222 1335 4276 coitu
1363 4223 1671 4285 concumbi,
1702 4224 1795 4278 sed
1827 4240 1929 4279 nec
1970 4241 2094 4279 eum
2127 4242 2324 4295 pecore

747 4315 901 4378 coiri,
933 4314 1243 4387 necessarie
1274 4314 1327 4367 in
1356 4314 1459 4367 hoc
1487 4323 1716 4384 utroque
1747 4316 2036 4381 mandans,
2062 4326 2321 4387 tanquam

746 4414 1037 4473 utrumque
1069 4413 1259 4459 contra
1306 4413 1553 4459 naturam
1606 4414 1709 4460 est.
1755 4406 1863 4461 Sed
1926 4409 2151 4478 insuper
2196 4411 2322 4480 quia

2426 3224 2825 3278 nominaretur.
2882 3224 3114 3292 Propter
3178 3223 3323 3291 quod
3372 3222 3667 3276 scelestum
3716 3229 3807 3274 est
3849 3221 4015 3282 hanc,

2426 3332 2545 3385 quae
2576 3315 2699 3368 talis
2728 3322 2830 3379 est,
2870 3314 3081 3367 libidini
3126 3313 3425 3367 substerni.
3485 3312 3639 3367 Coire
3690 3328 3851 3383 ergo,
3905 3328 4018 3366 m-

2427 3409 2662 3465 cumbere
2693 3408 2861 3463 edidit
2896 3406 3275 3477 Symmachus.
3576 3406 3581 3409 ’

2496 3502 2659 3556 Vcns.
2688 3500 2882 3554 9.4-9.6.
2916 3520 2933 3551 ‹
2976 3498 3053 3554 Ne
3101 3499 3421 3569 polluamini
3446 3501 3498 3552 in
3530 3501 3789 3573 omnibus
3809 3503 4016 3570 quibus

2425 3593 2809 3648 contaminatae
2836 3601 2965 3645 sunt
3006 3601 3216 3663 gentes,
3274 3608 3409 3661 quas
3451 3607 3552 3663 ego
3603 3593 3828 3662 ejiciam
3888 3604 4015 3649 ante

2424 3695 2778 3753 conspectum
2817 3693 3084 3745 vestrum,
3116 3700 3146 3738 e
3196 3684 3393 3753 quibus
3448 3685 3650 3753 polluta
3711 3695 3798 3739 est
3845 3697 4011 3747 terra.

2426 3774 2582 3842 cujus
2642 3788 2742 3843 ego
2795 3773 3001 3827 scelera
3051 3773 3254 3837 vitabo,
3308 3782 3366 3826 ut
3421 3784 3638 3827 evomat
3668 3774 4015 3829 habitatores

2424 3879 2573 3921 suos.
2606 3863 2893 3919 Custodite
2925 3863 3167 3932 legitima
3204 3879 3343 3929 mea,
3378 3871 3542 3934 atque
3565 3864 3792 3933 judicia.
3831 3884 3852 3915 ι

2495 3955 2614 4009 Νοη
2637 3970 2805 4024 parvo
2828 3953 2989 4007 modo
3008 3954 3175 4023 pollui
3213 3955 3269 4008 in
3293 3955 3571 4023 pnedictis
3595 3956 3867 4024 peccatis,
3929 3957 4011 4009 in-

2424 4046 2687 4117 dignatio,
2721 4055 2776 4101 et
2808 4061 2969 4114 poena
2990 4062 3113 4115 qua:
3144 4046 3198 4099 in
3229 4047 3310 4100 eis
3358 4045 3583 4100 deﬁnita
3610 4054 3719 4111 est,
3778 4047 4013 4101 demon-

2425 4146 2591 4200 strat;
2627 4136 2680 4190 in
2720 4136 2868 4189 nullo
2885 4136 3032 4189 enim
3054 4151 3244 4189 eorum
3279 4141 3501 4204 oportet
3535 4133 3730 4203 pollui,
3766 4150 3901 4187 nam
3922 4137 4013 4205 qui

2426 4229 2479 4283 in
2512 4244 2619 4284 uno
2645 4229 2882 4299 pollutus
2906 4227 3089 4294 fuerit,
3123 4228 3178 4281 in
3212 4227 3467 4280 omnibus
3491 4234 3546 4280 et
3568 4226 3857 4295 polluitur.
3877 4227 4012 4292 Quia

2426 4336 2490 4376 ea
2541 4336 2662 4391 qua:
2690 4321 2796 4375 sibi
2822 4321 2889 4375 ad
2928 4320 3163 4374 invicem
3188 4319 3477 4389 conjuncta
3508 4328 3658 4384 sunt,
3688 4319 3781 4373 lex
3820 4330 4010 4374 osten-

2426 4414 2555 4469 dere
2587 4414 2834 4483 cupiens,
2863 4414 2915 4466 in
2952 4428 3122 4465 unum
3150 4412 3332 4465 omnia
3371 4411 3607 4480 collegit,
3645 4427 3775 4479 quae
3809 4413 3866 4465 in
3890 4425 4007 4466 tan-

742 4496 1113 4564 jumeutorum
1144 4503 1227 4547 est
1253 4502 1305 4547 et
1335 4504 1397 4548 ut
1423 4495 1506 4548 vir
1527 4496 1642 4549 viro
1672 4496 1815 4552 {mdo
1835 4498 1981 4551 coitu
2010 4498 2322 4565 misceatur,
2356 4514 2402 4568 υ
2430 4515 2544 4561 tum
2567 4514 2694 4561 sunt
2732 4505 2940 4577 gravia,
2982 4514 3041 4558 ut
3071 4510 3261 4574 gentes
3313 4502 3551 4574 integras
3576 4504 3909 4572 perderent,
3958 4515 4011 4559 et

745 4584 889 4652 quod
937 4583 1253 4653 fugiendum
1293 4592 1455 4653 atque
1502 4584 1899 4641 adversandum
1948 4597 2049 4642 est.
2112 4588 2219 4644 Sed
2268 4599 2323 4645 et

748 4675 947 4728 l’aulus
976 4676 1077 4728 hoc
1104 4674 1514 4740 demonstravit,
1545 4677 1612 4731 ad
1657 4693 1873 4747 pmnam
1906 4695 1969 4735 ea
1996 4681 2217 4746 docens,
2268 4693 2323 4738 et

748 4763 883 4816 iram
914 4765 1098 4828 Dei,et
1120 4765 1477 4834 perditionem
1507 4769 1959 4824 committentium
1996 4773 2196 4843 peragi.
2216 4773 2321 4827 Sed

746 4867 803 4911 ct
839 4856 1027 4925 reliqui
1059 4857 1383 4926 interpretes
1406 4873 1502 4927 pro
1532 4860 1923 4922 abominabilis,
1960 4864 2321 4934 Symmachus

748 4949 1027 5017 iue/j‘abile,
1074 4949 1266 5019 Aquila
1296 4952 1561 5020 infectum,
1592 4954 1878 5009 ediderunt
1909 4974 1920 5008 :
1950 4956 2054 5011 hoc
2099 4958 2319 5027 quidem

746 5042 979 5105 actione,
1012 5042 1144 5095 illud
1195 5051 1376 5096 autem
1408 5044 1571 5098 verbo
1600 5046 1683 5099 vel
1715 5047 2027 5101 narratione
2057 5063 2165 5101 non
2198 5064 2319 5103 esse

748 5134 1032 5203 portabile,
1062 5150 1160 5187 nec
1183 5135 1481 5204 legitimum
1502 5136 1764 5192 dicentes.
1782 5138 1892 5193 Nos
1915 5149 2093 5195 autem
2130 5153 2324 5211 praeter

751 5226 888 5286 lucc,
908 5226 1206 5278 masculum
1225 5227 1313 5292 qui
1341 5227 1511 5281 virilia
1533 5229 1660 5298 agit,
1678 5231 2323 5301 intelligamusimminent

749 5319 818 5371 de
845 5332 954 5385 quo
986 5317 1148 5372 David
1184 5318 1400 5372 dicebat
1435 5338 1446 5372 :
1478 5319 1672 5375 Beatus
1704 5326 1782 5377 vir
1828 5327 1916 5393 qui
1959 5342 2059 5377 nou
2102 5327 2231 5378 abiit
2271 5328 2325 5379 in

751 5409 969 5462 consilio
1002 5410 1284 5478 impiorum
1312 5411 1359 5443 ⁸⁸
1390 5428 1404 5476 ;
1442 5421 1498 5465 et
1546 5430 1733 5469 rursus
1764 5432 1781 5467 :
1827 5415 1952 5469 Fiat
2002 5434 2187 5471 manus
2229 5429 2319 5471 tua

751 5517 906 5569 super
946 5502 1117 5554 uirum
1159 5502 1383 5556 dea-terte
1410 5512 1514 5557 tua:
1544 5506 1609 5559 ".
1672 5507 1827 5562 llnnc
1872 5508 2167 5563 cll‘eminari
2214 5526 2319 5563 non

825 5726 870 5757 ι·
893 5723 1090 5797 Eplies.
1108 5724 1288 5797 μηδὲ.
1376 5725 1421 5758 ιο
1445 5689 1577 5782 Luc.
1614 5746 1664 5797 ι,
1701 5731 1791 5797 ~27,
1817 5733 1904 5786 29.

753 5812 904 5863 xui,
938 5796 1023 5853 l0.
1099 5796 1142 5826 “
1174 5794 1333 5851 Rom.
1366 5796 1585 5866 vnt,22.

2011 5735 2052 5764 ⁵⁷
2089 5733 2132 5787 ll
2160 5734 2287 5788 Cor.
2336 5750 2403 5800 vt,
2450 5733 2531 5789 l5.

2430 4608 2628 4653 terram
2652 4599 2976 4669 polluerent,
3005 4596 3377 4667 pollutamque
3406 4596 3589 4664 respui
3629 4595 3911 4662 facerent,
3958 4605 4009 4651 et

2429 4704 2525 4744 eos
2558 4691 2648 4759 qui
2676 4691 2729 4743 in
2767 4704 2831 4743 ea
2862 4688 2987 4742 talia
3026 4687 3446 4747 commiserunt.
3504 4698 3791 4741 evomeret
3852 4699 4008 4758 atque

2431 4788 2704 4845 renueret,
2731 4795 2839 4833 non
2878 4780 3006 4848 quia
3030 4786 3245 4848 poterat
3290 4778 3563 4847 expellere
3587 4793 3616 4831 a
3647 4794 3731 4841 se,
3752 4781 3847 4833 vel
3883 4797 4005 4833 evo-

2428 4886 2596 4933 mere,
2630 4870 2734 4933 vel,
2753 4869 2893 4923 sicut
2924 4867 3265 4923 Theodotion
3289 4867 3478 4931 edidit,
3503 4884 3747 4937 respuere
3785 4888 3897 4935 eos,
3921 4873 4005 4925 sed

2424 4962 2551 5032 quia
2567 4961 2785 5015 eosdem
2804 4970 3065 5015 nocentes
3086 4960 3391 5030 ingemiscit
3407 4960 3734 5014 naturaliter
3752 4961 3811 5014 in
3836 4970 4004 5017 trans-

2420 5055 2795 5125 gressionibus
2854 5054 2990 5118 suis,
3024 5047 3511 5123 quemadmodum
3569 5052 3778 5107 Paulus
3833 5056 3999 5109 dicit:

2425 5146 2561 5211 Quia
2625 5147 2737 5215 ipsa
2784 5155 3027 5199 creatura
3080 5147 3390 5214 ingemiscit,
3445 5154 3493 5197 et
3552 5146 3790 5212 parturit
3855 5162 4003 5215 usque

2430 5253 2564 5289 nunc
2587 5237 2652 5289 ει.
2688 5236 2829 5290 Deus
2897 5246 3077 5291 autem
3106 5246 3214 5291 tam
3269 5238 3530 5306 gemitum
3581 5235 3702 5299 ejus
3746 5237 3998 5303 vindicat,

2427 5344 2586 5399 quam
2616 5329 2786 5399 legem
2823 5344 2999 5392 suam,
3034 5339 3086 5383 et
3116 5337 3445 5387 creaturam,
3478 5338 3668 5398 utpote
3704 5331 3997 5398 propriam,

2427 5435 2547 5487 qua:
2574 5418 2911 5472 demonstrat
2949 5434 3014 5472 ex
3075 5418 3159 5471 his
3190 5434 3311 5486 qua:
3373 5434 3522 5471 nunc
3584 5418 3722 5471 dixit
3772 5437 3784 5471 :
3844 5416 3997 5487 Cujus

2430 5527 2526 5579 ego
2586 5509 2778 5563 scelera
2804 5510 3026 5563 visitabo
3056 5527 3071 5563 :
3098 5519 3153 5563 ct
3198 5509 3299 5561 hoc
3342 5520 3529 5578 aperte
3591 5511 3836 5564 ostendit
3885 5513 3995 5579 quia

2640 5734 2684 5765 ⁵⁸
2717 5732 2859 5788 Psal.
2888 5750 2923 5796 ι,
2970 5733 3012 5785 l.
3119 5732 3162 5763 ”
3188 5729 3329 5785 Psal.
3360 5745 3545 5795 um,
3580 5730 3662 5783 l8.
3778 5730 3823 5760 “
3847 5730 3993 5784 l'ruv.
