4218 6450
204 423 336 488 1017

1352 416 1430 475 IN
1467 414 1906 476 LEV'I'I‘ICUM.
1949 438 2015 447 -
2052 415 2194 472 LIB.
2238 416 2305 474 v.
2388 389 2393 394 ’

3320 407 3458 472 1018

199 560 231 597 a
266 542 375 595 Deo
408 540 661 593 virtutem
702 547 844 591 terra
863 533 1150 590 evomendi
1170 547 1263 587 eos
1286 530 1379 600 qui
1407 531 1463 583 in
1494 530 1778 599 eainjuste
1810 538 1855 592 Α
1884 531 1986 587 bus
2015 539 2253 602 oportet,
2297 538 2351 584 et
2378 529 2691 585 nullatenus
2723 530 2841 585 haec
2901 527 3084 583 facere
3137 541 3259 596 qua:
3310 524 3456 579 cole-

201 643 389 705 agunt,
422 639 649 698 accepit.
689 627 842 682 Unde
877 638 932 682 et
970 626 1265 681 crabrones
1308 623 1361 675 in
1414 621 1774 691 perditionem

203 723 565 779 habitantium
592 720 865 790 produxit,
885 733 1022 788 quos
1046 716 1211 770 etiam
1232 718 1289 769 se
1324 714 1620 767 inunittere
1648 718 1775 765 ante

201 816 399 871 faciem
454 813 687 867 ﬁliormn
721 811 886 865 Israel
913 819 1103 865 contra
1129 806 1481 861 Amorrhmos
1522 815 1579 857 et
1648 802 1775 855 reli-

199 926 336 979 quas
359 918 550 979 gentes
580 921 674 976 per
706 901 1112 959 Deuteronomii
1147 900 1342 954 librum
1372 914 1473 951 nos
1492 896 1678 951 docuit
1705 895 1772 946 "’.

201 1003 268 1055 lit
296 1002 409 1054 haec
433 998 654 1068 quidem
685 1011 786 1050 nos
819 996 975 1049 docet
999 1007 1095 1061 per
1132 992 1370 1044 litteram
1403 990 1507 1042 lex.
1546 987 1641 1041 llis
1671 1002 1774 1039 au-

198 1099 309 1142 tem
331 1088 621 1155 conjuncta
660 1096 805 1146 sunt,
833 1092 889 1137 et
927 1098 1035 1135 non
1067 1079 1366 1143 contraria,
1406 1079 1450 1129 si
1483 1091 1581 1146 per
1610 1075 1775 1144 spiri-

200 1181 361 1233 talem
404 1178 741 1233 intellectum
775 1184 965 1246 gentes
1002 1174 1056 1226 in
1093 1171 1176 1225 bis
1202 1170 1461 1225 omnibus
1512 1168 1771 1236 pollutas,

198 1272 475 1324 daemones
500 1267 967 1328 intellexerimus;
1023 1270 1212 1335 gentes
1246 1260 1516 1330 siquidem
1547 1260 1624 1313 .hi
1658 1276 1778 1329 pro-

201 1371 322 1430 pter
345 1361 750 1415 multitudinem
783 1359 1043 1412 dicuntur
1072 1373 1083 1408 :
1153 1369 1277 1408 cum
1304 1352 1451 1407 enim
1475 1352 1638 1406 nimis
1668 1352 1779 1406 sint

197 1451 393 1519 iniqui,
424 1459 480 1503 et
517 1448 667 1503 omni
732 1449 986 1501 laetantur
1024 1444 1246 1507 malitia,
1303 1442 1537 1497 maxime
1595 1450 1776 1494 tamen

197 1543 585 1601 fornicatione.
616 1550 677 1594 et
695 1539 902 1593 nefaria
931 1536 1316 1599 fornicatione,
1354 1551 1417 1588 ac
1445 1535 1617 1586 multo
1652 1548 1771 1586 ma-

197 1637 279 1706 gis
307 1633 609 1689 idololatria
637 1631 878 1703 gaudent
904 1645 918 1681 :
953 1629 1076 1697 quia
1109 1629 1165 1681 in
1194 1627 1278 1682 his
1299 1641 1499 1695 corpus
1520 1634 1575 1679 et
1595 1624 1776 1678 anima

197 1726 507 1779 maculatur
540 1732 594 1778 et
616 1732 761 1777 totus
795 1721 979 1782 homo,
1015 1718 1107 1788 qui
1128 1728 1271 1772 terra
1295 1716 1622 1786 appellatur,
1679 1730 1776 1782 per

199 1818 303 1871 hoc
348 1817 631 1886 polluitur.
665 1814 772 1868 Sed
819 1812 1004 1867 visitat
1037 1812 1179 1865 Deus
1246 1820 1469 1868 terram.
1522 1806 1777 1861 videlicet

199 1908 485 1962 hominum
515 1921 707 1975 genus,
734 1912 790 1959 et
820 1904 1021 1966 scelus,
1056 1903 1158 1968 vel,
1188 1913 1248 1956 ut
1270 1899 1649 1971 Septuaginta,
1684 1899 1770 1952 in-
1808 1886 1849 1943 Β

190 1997 465 2065 justitiam
509 1995 623 2065 ejus
668 1995 723 2049 iu
786 2010 929 2055 eam,
972 1993 1023 2047 id
1052 2003 1301 2063 est,qua:
1355 1992 1423 2046 ab
1456 1993 1593 2060 ipsa,
1621 2001 1677 2043 et
1721 1989 1775 2042 in

196 2089 544 2159 semetipsam
566 2087 927 2143 committitur
963 2104 976 2139 :
1017 2086 1085 2140 ab
1107 2102 1169 2140 ea
1209 2086 1429 2155 quidem
1459 2085 1550 2154 qui
1579 2083 1648 2137 ab
1677 2082 1772 2136 ho-

198 2182 439 2235 minibus
460 2189 590 2235 sunt
626 2189 934 2250 peccantes,
964 2186 1020 2233 et
1049 2178 1091 2232 si
1121 2193 1153 2232 a
1189 2177 1551 2242 dannonibus,
1584 2186 1640 2230 et
1672 2176 1777 2229 hoc

196 2276 591 2342 protrahuntur
620 2272 1014 2341 insemctipsa.
1080 2271 1206 2340 quia
1259 2271 1592 2340 accipientes
1616 2283 1777 2323 occa-

195 2362 409 2415 sionem
441 2362 516 2414 illi
545 2378 611 2414 cx
634 2370 824 2415 nostra
860 2360 1210 2429 negligentia,
1247 2360 1633 2414 contumeliam
1686 2359 1772 2412 iu-

194 2463 397 2522 gerunt
428 2466 632 2510 nostra:
660 2465 892 2510 naturae.
926 2454 1030 2509 Sed
1089 2453 1347 2507 visitante
1376 2453 1488 2506 Deo
1521 2467 1619 2522 per
1656 2450 1776 2505 Sal-

197 2546 398 2599 vatonis
424 2548 740 2613 adventum,
782 2549 847 2602 de
878 2563 987 2617 quo
1016 2544 1309 2600 Zacharias
1330 2545 1566 2607 diccbat,
1644 2558 1776 2612 pro-

194 2641 430 2706 ιιῑιυιιιιιε
460 2639 517 2693 in
544 2640 732 2713 januis
756 2656 879 2694 esse
912 2639 1125 2693 Domini
1153 2638 1493 2692 nativitatem
1525 2653 1538 2688 :
1581 2635 1775 2689 Visito-

192 2732 267 2783 vit
298 2747 388 2783 nos
449 2732 620 2785 oriens
681 2748 745 2785 ea:
779 2732 890 2785 alto
918 2732 980 2786 (³³.
1035 2730 1378 2784 llabitatores
1404 2744 1535 2782 suos
1587 2738 1774 2781 nostra

188 2831 411 2886 natura,
445 2822 496 2876 id
528 2832 631 2884 est,
662 2839 758 2877 eos
792 2824 883 2893 qui
902 2839 1025 2878 eam
1059 2832 1206 2877 sorte
1258 2834 1641 2890 perceperunt,
1690 2822 1771 2873 vel

189 2914 249 2967 in
278 2930 341 2967 ea
359 2930 591 2983 quorum
615 2915 917 2984 principem
946 2916 1150 2969 malum
1172 2912 1340 2967 David
1371 2911 1610 2981 ﬁgurans
1628 2912 1774 2980 psal-

188 3007 388 3062 lebat:
435 3006 590 3060 Sedet
634 3008 691 3059 in
748 3007 957 3061 insidiis
1010 3023 1128 3060 cum
1160 3006 1410 3058 divitibus
1463 3004 1519 3056 in
1555 3002 1774 3056 occultis

187 3109 249 3151 ut
297 3099 579 3167 interﬁciat
638 3099 966 3153 innocentem
995 3100 1077 3162 ⁸³,
1141 3100 1217 3151 ita
1277 3106 1334 3151 ut
1386 3097 1493 3166 ipsi
1559 3097 1771 3166 expulsi

182 3191 472 3244 dicerent:
506 3188 565 3242 Si
600 3189 749 3259 ejicis
773 3206 885 3255 nos,
918 3191 1068 3243 mitte
1087 3205 1181 3242 nos
1217 3189 1273 3241 in
1322 3204 1533 3258 gregem
1588 3203 1772 3254 porco-
1799 3226 1840 3282 ς

184 3300 306 3335 rum
331 3283 394 3335 εδ.
429 3280 657 3350 Propter
685 3282 830 3351 quod
866 3281 1143 3336 custodire
1198 3281 1370 3350 legem
1407 3295 1626 3333 onmem
1676 3295 1769 3348 per

180 3374 409 3444 Moysen
444 3375 782 3444 propalatam
830 3383 886 3427 et
952 3380 1224 3442 praecepta
1277 3372 1601 3440 evangelica:
1649 3386 1773 3424 con-

182 3465 514 3519 versationis
544 3465 830 3527 debemus,
876 3475 1064 3535 utpote
1094 3466 1190 3534 qui
1229 3465 1391 3518 talem
1421 3465 1492 3518 ab
1528 3482 1595 3519 eo
1643 3480 1772 3534 per-

180 3557 417 3624 cipimus
451 3557 842 3612 visitationem.

264 3647 421 3701 Vens.
453 3649 647 3702 “16-29.
670 3669 687 3700 ‹
723 3649 790 3702 Et
822 3664 930 3703 non
951 3648 1115 3702 faciet
1148 3664 1217 3703 ex
1269 3647 1527 3701 omnibus
1582 3648 1771 3701 admo-

182 3740 491 3793 nitiouibus
523 3743 662 3805 istis,
715 3750 822 3795 tam
868 3740 1127 3810 indigena
1181 3755 1345 3809 quam
1396 3739 1626 3793 colonus
1674 3737 1767 3808 qui

184 3829 570 3897 peregrinatur
597 3832 743 3899 apud
768 3846 884 3885 eos.
912 3829 1117 3884 Omnes
1150 3832 1296 3884 enim
1355 3830 1771 3885 exsecrationes

182 3919 321 3971 istas
352 3920 600 3973 fecerunt
622 3921 822 3974 accola:
846 3931 1008 3974 terrae
1036 3924 1130 3990 qui
1155 3921 1380 3975 fuerunt
1406 3931 1536 3975 ante
1568 3937 1685 3986 vos,
1715 3930 1770 3976 et

183 4008 498 4076 polluerunt
523 4026 665 4065 eam.
718 4012 921 4066 Cavete
969 4028 1098 4083 ergo
1144 4028 1216 4068 ne
1269 4022 1324 4067 et
1376 4029 1474 4068 vos
1525 4014 1773 4070 similiter

184 4112 424 4167 evomat,
461 4121 587 4159 cum
621 4106 769 4175 paria
794 4105 1042 4161 feceritis
1075 4109 1217 4163 sicut
1269 4110 1513 4163 evomuit
1553 4118 1772 4180 gentem

181 4210 306 4263 qua:
345 4196 446 4250 fuit
508 4207 635 4252 ante
680 4216 797 4255 vos.
833 4199 1026 4256 Omnis
1077 4204 1260 4257 anima
1304 4220 1426 4272 qua;
1470 4203 1662 4257 iecerit
1702 4203 1772 4258 de

181 4289 687 4345 abominationibus
732 4293 854 4347 istis
886 4295 1186 4364 quidpiam,
1236 4295 1432 4364 peribit
1473 4296 1542 4349 de
1590 4294 1772 4349 medio

181 4381 369 4450 populi
404 4382 509 4436 sui.
541 4402 559 4433 ι

258 4471 502 4525 Ιὶθὶιεωι
544 4484 599 4528 et
654 4476 862 4531 stabilit
920 4478 1113 4549 legem,
1177 4489 1232 4534 et
1284 4481 1770 4535 comminationem

1880 624 2393 693 bantantiquiores,
2418 624 2511 692 qui
2567 632 2764 677 terram
2828 629 3069 674 nostram
3124 618 3455 687 polluerunt.

1882 716 1947 770 lli
1975 732 2105 787 ergo
2123 715 2458 786 antiquiores
2479 713 2637 769 nobis
2693 723 2820 767 sunt
2860 712 2914 764 in
2936 708 3276 770 conditione,
3326 705 3456 776 quia

1882 807 2180 861 invisibiles
2214 814 2647 861 suntcreaturm.
2707 802 3025 857 Polluci-unt
3058 808 3239 854 autem
3275 797 3456 852 homi-

1882 916 2011 954 num
2051 915 2241 971 genus,
2280 897 2704 953 inobedientiam
2742 894 2791 951 ei
2851 894 3045 959 Adam,
3085 900 3141 944 et
3186 891 3290 944 alia
3332 896 3459 959 post

1881 993 2035 1047 illum
2056 992 2195 1046 mala
2240 1002 2613 1063 suggerentes,
2662 989 2828 1045 veluti
2878 984 3247 1046 mendacium,
3278 983 3454 1035 homi-

1880 1082 2081 1137 cidium
2111 1088 2166 1135 et
2196 1095 2532 1150 quaecunque
2587 1080 2673 1133 his
2706 1075 2906 1132 similia
2941 1082 3091 1140 sunt,
3124 1072 3198 1127 ita
3234 1077 3295 1125 ut
3347 1068 3453 1123 Do-

1882 1176 2063 1228 minus
2085 1175 2151 1229 de
2181 1174 2395 1228 diabolo
2420 1174 2629 1227 diceret
2662 1190 2674 1223 :
2702 1170 2799 1224 Ille
2823 1169 2889 1222 ab
2921 1166 3076 1220 initio
3125 1163 3353 1217 mendax
3408 1168 3458 1214 et

1880 1265 2140 1318 homicida
2164 1272 2239 1317 est
2278 1264 2343 1317 ".
2379 1262 2779 1332 Suggesserunt
2835 1268 3019 1313 autem
3050 1255 3129 1310 eis
3165 1254 3258 1324 qui
3304 1266 3462 1306 men-

1885 1366 1991 1411 tem
2017 1357 2283 1411 lubricam
2318 1368 2373 1409 et
2414 1363 2729 1425 vergentem
2758 1352 2825 1405 ad
2884 1349 3087 1403 malum
3131 1345 3408 1400 habebant
3443 1358 3456 1395 :

1882 1466 2007 1504 nam
2046 1464 2148 1503 nec
2173 1449 2331 1511 Abel,
2364 1462 2468 1501 nec
2494 1445 2650 1509 Seth,
2676 1460 2778 1498 nec
2812 1442 3023 1503 Enoch,
3059 1454 3162 1493 nec
3182 1436 3319 1500 Noe,
3356 1450 3461 1490 nec

1880 1544 2002 1598 aliis
2031 1544 2194 1613 justis
2218 1556 2507 1612 suggerere
2536 1549 2852 1609 potuerunt,
2895 1535 2981 1590 vel
3009 1534 3180 1604 magis
3233 1546 3459 1601 sugges-

1882 1645 2092 1700 serunt,
2118 1634 2213 1688 sed
2230 1649 2338 1686 non
2372 1621 2748 1695 obtinuerunt,
2798 1629 2891 1683 sed
2930 1626 3077 1681 irrisi
3109 1632 3236 1678 sunt
3260 1624 3327 1675 ab
3352 1623 3456 1683 eis,

1880 1736 1937 1780 et
1981 1733 2344 1781 recesserunt.
2396 1723 2579 1791 Neque
2628 1721 2773 1774 enim
2831 1716 3036 1771 inimici
3098 1713 3457 1784 cogitationes

1884 1815 2557 1886 ignorantjusti.sicutait
2591 1812 2832 1865 Paulus:
2881 1809 3000 1863 Non
3054 1808 3191 1861 enim
3249 1806 3459 1875 ignora-

1880 1928 1993 1964 mus
2016 1911 2355 1981 cogitationes
2379 1908 2492 1977 ejus
2523 1907 2586 1960 ⁸⁸.
2614 1906 2867 1960 Scientes
2901 1912 3085 1957 autem
3118 1916 3234 1963 eos,
3267 1900 3336 1951 ab
3378 1897 3460 1951 eis

1879 2016 1937 2053 se
1976 1999 2308 2053 custodiunt.
2338 1998 2443 2051 Sed
2468 1996 2590 2051 illos
2619 1994 2841 2065 quidem
2879 1990 3237 2061 intelligibilis
3271 1996 3458 2041 nostra

1880 2103 2021 2147 terra
2050 2091 2266 2145 visitata
2306 2108 2335 2144 a
2372 2090 2506 2154 Deo,
2554 2104 2651 2158 per
2675 2084 2975 2141 Salvatoris
2996 2084 3294 2137 adventum
3326 2097 3458 2133 evo-

1878 2188 2037 2242 muit.
2083 2186 2311 2255 Propter
2340 2184 2486 2251 quod
2523 2196 2625 2235 nec
2656 2180 2816 2235 venia
2844 2178 2936 2232 tali
2978 2192 3125 2231 nunc
3153 2176 3351 2245 dignus
3374 2182 3461 2227 est

1880 2278 2003 2331 talia
2025 2291 2278 2347 peccans,
2309 2274 2456 2344 quia,
2479 2281 2764 2343 postquam
2791 2268 3053 2324 destructi
3092 2278 3220 2321 sunt
3240 2264 3331 2335 qui
3357 2279 3460 2318 nos

1877 2372 2167 2432 seducunt,
2204 2380 2256 2423 et
2298 2378 2581 2437 postquam
2616 2364 2862 2419 evomuit
2893 2377 2988 2417 eos
3021 2370 3186 2424 terra,
3236 2374 3339 2412 nos
3396 2373 3459 2411 ea

1876 2479 1996 2532 qua:
2019 2462 2086 2516 ad
2117 2476 2211 2515 eos
2248 2460 2527 2530 pertinent
2566 2457 2866 2519 imitamur,
2925 2463 2981 2507 et
3031 2453 3267 2520 patinmr
3311 2448 3459 2518 quod

1882 2555 2143 2608 Dominus
2176 2552 2433 2608 dicebat:
2491 2550 2649 2604 Fiunt
2712 2547 2993 2601 novissima
3040 2543 3264 2597 hominis
3312 2541 3458 2594 illius

1876 2647 2134 2700 deteriora
2157 2644 2417 2713 prioribus
2447 2642 2512 2694 ".
2534 2641 2599 2695 lli
2628 2641 2777 2695 enim
2827 2638 2920 2708 qui
2945 2646 3067 2707 post
3087 2633 3457 2705 evangelicum

1881 2735 2321 2803 prazdicationem
2350 2733 2405 2786 in
2446 2747 2562 2794 eas,
2592 2747 2713 2801 qua:
2751 2730 2895 2784 dicta
2946 2737 3096 2790 sunt,
3149 2726 3459 2795 impietates

1877 2836 2234 2882 excesserunt
2268 2836 2321 2880 et
2356 2825 2586 2890 scelera,
2610 2824 2726 2878 sive
2750 2821 3217 2882 abominationes,
3235 2825 3458 2888 propter

1878 2916 2104 2970 nimiam
2168 2916 2237 2970 ab
2287 2917 2367 2969 eis
2424 2914 2513 2967 Dei
2560 2913 2929 2975 aversionem,
2962 2919 3112 2964 recte
3168 2909 3295 2963 dicti
3328 2919 3459 2961 sunt

1876 3009 2037 3075 mali;
2060 3018 2199 3062 terra
2231 3008 2491 3062 abhorret
2520 3015 2575 3061 et
2605 3016 2822 3060 evomet
2845 3006 2967 3059 illos
3000 3022 3013 3057 :
3047 3019 3156 3057 non
3180 3004 3327 3057 enim
3349 3003 3457 3072 jam

1877 3103 1930 3155 in
1958 3103 2239 3155 hominum
2274 3100 2542 3170 portione,
2613 3098 2708 3152 sed
2778 3098 2832 3151 in
2887 3100 3194 3152 daemonum
3234 3100 3457 3149 ordina-

1878 3193 2082 3246 buntur
2117 3212 2130 3246 :
2164 3191 2464 3261 perdentur
2485 3190 2635 3244 enim
2658 3204 2845 3243 eorum
2896 3188 3114 3241 animae.
3139 3185 3253 3240 lloc
3273 3194 3454 3239 autem

1876 3285 1928 3339 in
1970 3285 2219 3355 gehenna
2250 3282 2328 3347 ﬁt,
2352 3280 2442 3334 ubi
2477 3281 2712 3334 maxime
2736 3280 2891 3333 locus
2920 3288 2975 3333 et
2999 3294 3118 3333 sors
3144 3278 3454 3332 daemonem

1874 3385 1977 3439 est,
1996 3377 2140 3445 quod
2157 3375 2469 3430 manifestat
2484 3374 2747 3428 Dominus
2765 3374 2955 3428 dicens
2977 3390 2989 3425 :
3019 3371 3280 3425 Discedite
3300 3388 3331 3423 a
3354 3388 3454 3434 mc,

1875 3468 2161 3529 maledicti,
2194 3468 2249 3519 in
2276 3467 2446 3535 ignem
2476 3474 2751 3526 retentum,
2789 3464 2877 3533 qui
2909 3471 3134 3529 paratus
3154 3469 3227 3514 est
3245 3459 3458 3512 diabolo

1874 3569 1923 3613 et
1940 3559 2142 3628 angelis
2173 3558 2287 3627 ejus
2316 3559 2384 3612 "°.

1950 3654 2107 3706 Vens.
2144 3653 2232 3706 50.
2274 3672 2291 3703 ι
2329 3652 2612 3706 Custodite
2669 3650 2925 3704 mandata
2972 3663 3110 3709 mea,
3149 3646 3317 3699 nolite
3377 3646 3459 3699 fa-

1873 3761 1998 3801 cere
2048 3760 2170 3814 ιμιω
2209 3745 2459 3799 fecerunt
2512 3744 2565 3797 hi
2598 3744 2689 3812 qui
2745 3743 2969 3795 fuerunt
2998 3750 3127 3793 ante
3159 3756 3274 3801 vos,
3308 3748 3362 3792 et
3391 3754 3459 3791 ne

1875 3838 2193 3908 polluam'sni
2233 3838 2291 3891 in
2348 3837 2448 3891 eis.
2491 3835 2602 3906 Ego
2658 3850 2778 3889 sum
2844 3832 3111 3886 Dominus
3166 3828 3311 3883 Deus
3365 3846 3459 3883 ve-

1874 3941 2008 3985 stcr.
2048 3951 2067 3983 ι

1948 4023 2085 4078 Vere
2114 4027 2167 4077 in
2200 4024 2399 4078 duobus
2432 4033 2481 4077 et
2513 4024 2677 4076 tribus
2701 4024 2916 4077 testibus
2944 4031 3047 4075 stat
3112 4036 3263 4073 oanne
3343 4034 3460 4071 ver-

1874 4119 1994 4170 bum
2023 4117 2091 4170 “.
2120 4115 2233 4170 lloc
2266 4131 2396 4185 ergo
2421 4115 2697 4185 legislalor
2762 4114 3087 4168 conﬁrmare
3128 4112 3336 4174 volens,
3390 4109 3459 4164 de

1874 4209 2084 4263 eisdem
2115 4209 2275 4262 tertio
2298 4208 2579 4277 przecepit.

1949 4300 2239 4366 Custodite,
2277 4298 2475 4367 inquit,
2515 4298 2771 4352 mandata
2801 4295 3117 4358 nteo,nolite
3150 4297 3459 4365 facerequa:

1878 4392 2110 4461 fecerunt
2131 4390 2185 4441 lii
2224 4390 2314 4458 qui
2341 4391 2553 4459 [nerunt
2602 4399 2725 4442 ante
2767 4404 2874 4441 vos.
2914 4387 2981 4441 lit
3028 4386 3281 4439 ostendat
3330 4384 3456 4453 quia

1876 4496 1983 4533 non
2019 4480 2260 4533 hominis
2294 4480 2609 4549 cujuslibet,
2640 4481 2736 4534 sed
2789 4480 2962 4549 ipsius
3009 4478 3102 4531 Dei
3134 4480 3264 4531 sunt
3298 4491 3459 4529 mau-

181 4563 490 4619 conﬁrmat.
526 4565 700 4621 litiam
734 4569 849 4623 haec
876 4585 1064 4625 rursus
1086 4572 1315 4634 addens,
1351 4588 1571 4642 poenam
1607 4590 1754 4627 man-
1800 4573 1843 4626 D
1870 4571 2021 4625 data.
2064 4570 2167 4637 Qui
2220 4574 2497 4641 quomodo
2542 4573 2742 4628 debeat
2769 4573 3057 4636 custodiri,
3095 4587 3207 4626 non
3264 4571 3455 4632 verba,

179 4655 274 4708 dat
310 4665 535 4722 terrere,
583 4668 638 4712 et
671 4662 883 4730 erigere
934 4678 1035 4716 nos
1087 4664 1273 4718 volens
1318 4666 1384 4717 ad
1443 4666 1660 4722 vitanda
1700 4683 1765 4722 ea

175 4760 300 4813 qua:
324 4748 513 4813 vetuit,
546 4758 603 4803 ut
630 4766 741 4804 non
771 4752 841 4815 ei,
867 4769 1030 4823 quam
1059 4755 1422 4810 comminatus
1448 4765 1554 4823 est,
1590 4774 1765 4828 pretia:

177 4837 555 4907 subjiciamur.
584 4840 717 4907 Qua:
751 4853 837 4897 est
865 4846 1012 4899 enim
1039 4847 1155 4901 hinc
1183 4851 1382 4903 anima:
1404 4851 1680 4918 perditio?
1709 4852 1763 4906 id

174 4936 283 4992 est,
309 4945 473 4998 quam
505 4932 595 4987 hic
628 4937 836 5003 peccati
864 4938 1132 5005 praevenit
1157 4954 1326 5004 mors,
1361 4942 1601 5011 complet
1631 4955 1763 5013 ergo

176 5019 233 5071 in
268 5018 512 5075 futurum
538 5026 808 5093 gehenna.
860 5029 952 5083 Ait
988 5030 1134 5085 enim
1199 5031 1509 5087 Dominus:
1568 5034 1762 5089 Timete

173 5129 297 5166 eum
340 5115 430 5184 qui
455 5126 620 5185 potest
643 5128 690 5171 et
718 5136 906 5189 corpus
950 5131 998 5174 et
1028 5123 1267 5176 animam
1309 5128 1529 5191 perdere
1581 5128 1636 5179 iu
1682 5145 1765 5197 ge-

172 5205 351 5258 henna
379 5208 443 5261 “.
472 5206 705 5279 Propter
724 5213 869 5280 quod
902 5224 1009 5267 tam
1071 5214 1326 5281 incolam,
1362 5219 1412 5271 id
1474 5228 1577 5281 est,
1637 5235 1761 5275 eum

170 5296 322 5364 quia
354 5299 600 5366 patribus
632 5301 821 5372 inlege
851 5305 1092 5359 nutritus
1130 5315 1233 5371 est,
1289 5318 1345 5362 et
1402 5308 1470 5362 ab
1532 5310 1762 5364 infantia

170 5393 373 5442 doctus
400 5399 485 5443 cst
513 5393 746 5456 litteras,
783 5411 944 5464 quam
974 5398 1327 5467 proselytum,
1363 5402 1528 5470 etqui
1557 5402 1758 5471 adjun-

165 5490 295 5534 ctus
318 5490 402 5535 est
434 5484 611 5549 nobis,
635 5487 687 5539 id
705 5496 810 5551 est,
836 5503 963 5542 eum
981 5490 1074 5558 qui
1098 5490 1303 5545 deforis
1320 5494 1480 5548 nobis
1505 5494 1756 5563 adjectus

167 5584 279 5635 ρει,
311 5573 401 5641 qui
437 5574 671 5632 interius
700 5593 915 5644 sumus,
946 5582 1202 5638 recedere
1226 5584 1296 5638 ab
1329 5586 1756 5641 abominationi-

248 5748 483 5821 ξξιρι-υι.
525 5769 618 5811 vn,
660 5756 750 5817 eo,
784 5732 872 5788 ’σε
902 5757 1031 5812 Luc.
1064 5776 1100 5819 ι,
1134 5762 1223 5814 es.
1306 5762 1348 5791 α
1380 5762 1522 5817 Psal.
1553 5768 1701 5821 ωδ.

171 5820 221 5850 ’⁸
255 5817 303 5871 ιι
327 5817 452 5873 Cor.
484 5837 555 5883 χι,
585 5808 668 5877 ll.
739 5808 791 5857 ’θ’
824 5808 1257 5898 Μειῖιῖίίέίιῖλδ.
1338 5808 1625 5889 ’θ’λῖίίιπιίιῖ.

1874 4665 1967 4718 sed
2004 4680 2192 4733 opere,
2244 4665 2561 4719 incarnatus
2618 4681 2714 4735 per
2768 4681 2924 4721 suam
2981 4663 3454 4719 conversationem

1872 4757 2137 4813 ostendit.
2172 4756 2240 4812 Ut
2274 4773 2385 4811 non
2419 4758 2682 4813 faciamus
2722 4769 2901 4812 autem
2934 4757 3116 4811 omnia
3147 4771 3269 4826 quae
3308 4755 3455 4809 fece-

1874 4859 2003 4906 runt
2036 4850 2088 4903 hi
2134 4854 2225 4921 qui
2262 4850 2484 4905 fuerunt
2514 4860 2641 4905 ante
2698 4866 2820 4913 nos,
2858 4852 3175 4904 necessarie
3199 4848 3409 4902 addidit
3440 4888 3453 4911 ,

1874 4954 1934 4997 ut
1958 4944 2225 4998 sciremus
2252 4947 2378 5013 quia
2408 4945 2622 4998 veniam
2659 4945 3019 5014 peccantibus
3057 4959 3167 4997 non
3203 4951 3449 5012 prmstat.

1872 5035 2028 5102 Quod
2060 5037 2435 5105 praecedentes
2466 5038 2557 5091 alii
2586 5038 2805 5107 quidam
2830 5036 3024 5090 similia
3049 5036 3285 5104 posteris
3302 5050 3457 5111 cont-

1871 5130 2139 5185 miserunt
2167 5140 2390 5199 peccata
2418 5149 2431 5185 :
2462 5131 2697 5200 primum
2758 5132 3001 5199 quidem,
3032 5131 3157 5198 quia
3192 5144 3297 5182 nec
3350 5128 3456 5179 illis

1870 5223 2028 5277 venia
2056 5223 2179 5277 data
2217 5233 2320 5285 est,
2350 5224 2445 5277 sed
2477 5223 2655 5289 plenis
2674 5222 3020 5276 condemnati
3042 5230 3167 5275 sunt
3193 5238 3206 5286 ;
3231 5220 3452 5284 deinde,

1870 5317 1995 5386 quia
2029 5316 2458 5384 praecedentium
2488 5330 2648 5384 pcena
2667 5314 2943 5369 suﬂiciens
2973 5323 3093 5367 erat
3128 5316 3193 5368 ad
3218 5330 3455 5383 sequen-

1872 5420 1956 5464 tes
1981 5411 2363 5481 corrigendos;
2398 5412 2626 5480 insuper
2679 5412 2805 5481 quia
2843 5411 2955 5463 Deo
2984 5410 3052 5463 de
3083 5410 3291 5463 eisdem
3318 5427 3453 5464 eone

1870 5512 2104 5557 testante
2135 5520 2280 5573 saepe
2313 5520 2411 5573 per
2446 5505 2643 5576 legem,
2676 5514 2727 5559 et
2762 5502 3092 5573 Prophetas,
3117 5511 3172 5557 et
3208 5504 3454 5573 Evange-

1867 5594 1958 5658 lia,
1978 5596 2266 5663 oportebat
2282 5597 2347 5650 ad
2371 5596 2738 5651 obedientiam
2762 5595 2906 5650 ﬁecti
2936 5595 3236 5665 quamlibet
3253 5594 3451 5647 durum

1338 5762 1625 5864 :oliﬁt.tl..'llx.
1649 5768 1701 5821 5.
1790 5771 1852 5864 1"”
1885 5770 2069 5864 llqtth:
2107 5775 2331 5864 “luget.
2412 5776 2455 5864 δι”
2484 5775 2670 5835 Matth.
2697 5794 2749 5842 χ,
2783 5778 2867 5831 εδ.
2954 5777 2996 5805 ⁵⁷
3026 5776 3184 5830 Joan.
3210 5791 3325 5838 vui,
3359 5773 3448 5828 ll.

1405 5835 1599 5889 Matth.
1634 5854 1756 5904 xxv,
1782 5840 1867 5892 Η.

1947 5843 1987 5872 ⁷⁸
2022 5844 2209 5898 Matth.
2239 5862 2389 5913 mit,
2426 5847 2510 5900 lli.
