  <div class='ocr_page' id='page_1' title='image "/cluster/home/n/w/nwhite01/storage/ocr_20150623/93/nnc1.0046980059/500.png"; bbox 0 0 4218 6450; ppageno 0'>
   <div class='ocr_carea' id='block_1_1' title="bbox 207 403 343 472">
    <p class='ocr_par' dir='ltr' id='par_1_1' title="bbox 207 403 343 472">
     <span class='ocr_line' id='line_1_1' title="bbox 207 403 343 472; baseline 0.029 -4"><span class='ocrx_word' id='word_1_1' title='bbox 207 403 343 472; x_wconf 72' lang='grc'><strong>1021</strong></span> 
     </span>
    </p>
   </div>
   <div class='ocr_carea' id='block_1_2' title="bbox 1350 405 2344 468">
    <p class='ocr_par' dir='ltr' id='par_1_2' title="bbox 1350 405 2344 468">
     <span class='ocr_line' id='line_1_2' title="bbox 1350 405 2344 468; baseline 0.001 -3"><span class='ocrx_word' id='word_1_2' title='bbox 1350 406 1433 465; x_wconf 76' lang='lat' dir='ltr'><strong>IN</strong></span> <span class='ocrx_word' id='word_1_3' title='bbox 1475 405 1914 466; x_wconf 80' lang='lat' dir='ltr'><strong>LEVITICUM.</strong></span> <span class='ocrx_word' id='word_1_4' title='bbox 1951 432 2019 440; x_wconf 88' lang='lat'><strong><em>—</em></strong></span> <span class='ocrx_word' id='word_1_5' title='bbox 2061 408 2205 466; x_wconf 90' lang='lat' dir='ltr'><strong>LIB.</strong></span> <span class='ocrx_word' id='word_1_6' title='bbox 2244 407 2344 468; x_wconf 87' lang='lat' dir='ltr'><strong>VI.</strong></span> 
     </span>
    </p>
   </div>
   <div class='ocr_carea' id='block_1_3' title="bbox 3345 404 3496 500">
    <p class='ocr_par' dir='ltr' id='par_1_3' title="bbox 3345 404 3496 500">
     <span class='ocr_line' id='line_1_3' title="bbox 3345 404 3496 500; baseline -0.007 -31"><span class='ocrx_word' id='word_1_7' title='bbox 3345 404 3496 500; x_wconf 62' lang='lat' dir='ltr'><strong>mea</strong></span> 
     </span>
    </p>
   </div>
   <div class='ocr_carea' id='block_1_4' title="bbox 205 524 3474 597">
    <p class='ocr_par' dir='ltr' id='par_1_4' title="bbox 205 524 3474 597">
     <span class='ocr_line' id='line_1_4' title="bbox 205 524 3474 597; baseline -0.002 -16"><span class='ocrx_word' id='word_1_8' title='bbox 205 528 426 582; x_wconf 77' lang='lat' dir='ltr'><strong>.ludaeos</strong></span> <span class='ocrx_word' id='word_1_9' title='bbox 482 535 618 591; x_wconf 89' lang='lat' dir='ltr'><strong>erat,</strong></span> <span class='ocrx_word' id='word_1_10' title='bbox 675 539 797 594; x_wconf 67' lang='lat' dir='ltr'><strong>quae</strong></span> <span class='ocrx_word' id='word_1_11' title='bbox 826 531 1040 592; x_wconf 87' lang='lat' dir='ltr'><strong>poterat</strong></span> <span class='ocrx_word' id='word_1_12' title='bbox 1093 539 1542 594; x_wconf 82' lang='lat' dir='ltr'><strong>unumquemque</strong></span> <span class='ocrx_word' id='word_1_13' title='bbox 1579 524 1790 578; x_wconf 83' lang='lat' dir='ltr'><strong>nutrire</strong></span> <span class='ocrx_word' id='word_1_14' title='bbox 1821 530 1864 584; x_wconf 77' lang='grc' dir='ltr'>Α</span> <span class='ocrx_word' id='word_1_15' title='bbox 1897 527 1951 579; x_wconf 93' lang='lat' dir='ltr'><strong>in</strong></span> <span class='ocrx_word' id='word_1_16' title='bbox 2002 542 2110 595; x_wconf 88' lang='lat' dir='ltr'><strong>quo</strong></span> <span class='ocrx_word' id='word_1_17' title='bbox 2140 542 2202 580; x_wconf 83' lang='lat' dir='ltr'><strong>ea</strong></span> <span class='ocrx_word' id='word_1_18' title='bbox 2251 543 2371 596; x_wconf 67' lang='lat' dir='ltr'><strong>quae</strong></span> <span class='ocrx_word' id='word_1_19' title='bbox 2429 528 2706 597; x_wconf 75' lang='lat' dir='ltr'><strong>pertinent</strong></span> <span class='ocrx_word' id='word_1_20' title='bbox 2755 525 2822 580; x_wconf 92' lang='lat' dir='ltr'><strong>ad</strong></span> <span class='ocrx_word' id='word_1_21' title='bbox 2871 525 3102 579; x_wconf 84' lang='lat' dir='ltr'><strong>salutem</strong></span> <span class='ocrx_word' id='word_1_22' title='bbox 3162 537 3474 594; x_wconf 86' lang='lat' dir='ltr'><strong>operemur.</strong></span> 
     </span>
    </p>
   </div>
   <div class='ocr_carea' id='block_1_5' title="bbox 208 617 1788 686">
    <p class='ocr_par' dir='ltr' id='par_1_5' title="bbox 208 617 1788 686">
     <span class='ocr_line' id='line_1_5' title="bbox 208 617 1788 686; baseline -0.004 -10"><span class='ocrx_word' id='word_1_23' title='bbox 208 622 508 676; x_wconf 87' lang='lat' dir='ltr'><strong>hominem.</strong></span> <span class='ocrx_word' id='word_1_24' title='bbox 545 618 699 672; x_wconf 84' lang='lat' dir='ltr'><strong>T&#39;unc</strong></span> <span class='ocrx_word' id='word_1_25' title='bbox 729 633 858 685; x_wconf 83' lang='lat' dir='ltr'><strong>eth</strong></span> <span class='ocrx_word' id='word_1_26' title='bbox 887 617 1085 671; x_wconf 89' lang='lat' dir='ltr'><strong>docere</strong></span> <span class='ocrx_word' id='word_1_27' title='bbox 1115 632 1212 671; x_wconf 92' lang='lat' dir='ltr'><strong>eos</strong></span> <span class='ocrx_word' id='word_1_28' title='bbox 1242 617 1310 671; x_wconf 89' lang='lat' dir='ltr'><strong>de</strong></span> <span class='ocrx_word' id='word_1_29' title='bbox 1339 617 1669 686; x_wconf 88' lang='lat' dir='ltr'><strong>intelligibili</strong></span> <span class='ocrx_word' id='word_1_30' title='bbox 1699 632 1788 670; x_wconf 90' lang='lat' dir='ltr'><strong>re-</strong></span> 
     </span>
    </p>
   </div>
   <div class='ocr_carea' id='block_1_6' title="bbox 204 707 1788 783">
    <p class='ocr_par' dir='ltr' id='par_1_6' title="bbox 204 707 1788 783">
     <span class='ocr_line' id='line_1_6' title="bbox 204 707 1788 783; baseline -0.004 -17"><span class='ocrx_word' id='word_1_31' title='bbox 204 713 331 783; x_wconf 75' lang='lat' dir='ltr'><strong>quie</strong></span> <span class='ocrx_word' id='word_1_32' title='bbox 365 721 419 766; x_wconf 92' lang='lat' dir='ltr'><strong>et</strong></span> <span class='ocrx_word' id='word_1_33' title='bbox 473 711 580 765; x_wconf 84' lang='lat' dir='ltr'><strong>line</strong></span> <span class='ocrx_word' id='word_1_34' title='bbox 616 709 803 764; x_wconf 92' lang='lat' dir='ltr'><strong>mundi</strong></span> <span class='ocrx_word' id='word_1_35' title='bbox 835 709 1042 773; x_wconf 84' lang='lat' dir='ltr'><strong>volens,</strong></span> <span class='ocrx_word' id='word_1_36' title='bbox 1081 709 1206 776; x_wconf 85' lang='lat' dir='ltr'><strong>quia</strong></span> <span class='ocrx_word' id='word_1_37' title='bbox 1258 708 1354 761; x_wconf 88' lang='lat' dir='ltr'><strong>illo</strong></span> <span class='ocrx_word' id='word_1_38' title='bbox 1404 717 1649 776; x_wconf 89' lang='lat' dir='ltr'><strong>tempore</strong></span> <span class='ocrx_word' id='word_1_39' title='bbox 1687 707 1788 759; x_wconf 90' lang='lat' dir='ltr'><strong>im-</strong></span> 
     </span>
    </p>
   </div>
   <div class='ocr_carea' id='block_1_7' title="bbox 205 799 1790 874">
    <p class='ocr_par' dir='ltr' id='par_1_7' title="bbox 205 799 1790 874">
     <span class='ocr_line' id='line_1_7' title="bbox 205 799 1790 874; baseline -0.003 -16"><span class='ocrx_word' id='word_1_40' title='bbox 205 804 466 874; x_wconf 88' lang='lat' dir='ltr'><strong>possibile</strong></span> <span class='ocrx_word' id='word_1_41' title='bbox 517 811 601 857; x_wconf 90' lang='lat' dir='ltr'><strong>est</strong></span> <span class='ocrx_word' id='word_1_42' title='bbox 655 802 840 856; x_wconf 82' lang='lat' dir='ltr'><strong>cibum</strong></span> <span class='ocrx_word' id='word_1_43' title='bbox 892 801 1236 869; x_wconf 86' lang='lat' dir='ltr'><strong>conquirere,</strong></span> <span class='ocrx_word' id='word_1_44' title='bbox 1291 801 1376 854; x_wconf 86' lang='lat' dir='ltr'><strong>vel</strong></span> <span class='ocrx_word' id='word_1_45' title='bbox 1407 799 1642 868; x_wconf 88' lang='lat' dir='ltr'><strong>operari,</strong></span> <span class='ocrx_word' id='word_1_46' title='bbox 1688 815 1790 854; x_wconf 91' lang='lat' dir='ltr'><strong>nec</strong></span> 
     </span>
    </p>
   </div>
   <div class='ocr_carea' id='block_1_8' title="bbox 204 892 1789 964">
    <p class='ocr_par' dir='ltr' id='par_1_8' title="bbox 204 892 1789 964">
     <span class='ocr_line' id='line_1_8' title="bbox 204 892 1789 964; baseline -0.003 -15"><span class='ocrx_word' id='word_1_47' title='bbox 204 898 348 950; x_wconf 81' lang='lat' dir='ltr'><strong>circa</strong></span> <span class='ocrx_word' id='word_1_48' title='bbox 388 896 672 964; x_wconf 89' lang='lat' dir='ltr'><strong>corporale</strong></span> <span class='ocrx_word' id='word_1_49' title='bbox 718 893 920 962; x_wconf 86' lang='lat' dir='ltr'><strong>aliquid</strong></span> <span class='ocrx_word' id='word_1_50' title='bbox 954 893 1236 962; x_wconf 86' lang='lat' dir='ltr'><strong>occupari,</strong></span> <span class='ocrx_word' id='word_1_51' title='bbox 1293 893 1418 946; x_wconf 88' lang='lat' dir='ltr'><strong>talia</strong></span> <span class='ocrx_word' id='word_1_52' title='bbox 1475 892 1554 946; x_wconf 83' lang='lat' dir='ltr'><strong>eis</strong></span> <span class='ocrx_word' id='word_1_53' title='bbox 1608 892 1789 945; x_wconf 81' lang='lat' dir='ltr'><strong>dicere</strong></span> 
     </span>
    </p>
   </div>
   <div class='ocr_carea' id='block_1_9' title="bbox 204 976 1785 1057">
    <p class='ocr_par' dir='ltr' id='par_1_9' title="bbox 204 976 1785 1057">
     <span class='ocr_line' id='line_1_9' title="bbox 204 976 1785 1057; baseline -0.004 -17"><span class='ocrx_word' id='word_1_54' title='bbox 204 976 421 1057; x_wconf 66' lang='lat' dir='ltr'><strong>Moysen</strong></span> <span class='ocrx_word' id='word_1_55' title='bbox 443 986 701 1055; x_wconf 69' lang='lat' dir='ltr'><strong>praecepit</strong></span> <span class='ocrx_word' id='word_1_56' title='bbox 729 1004 741 1038; x_wconf 91' lang='lat'><strong>:</strong></span> <span class='ocrx_word' id='word_1_57' title='bbox 781 985 1018 1038; x_wconf 84' lang='lat' dir='ltr'><strong>Sabbata</strong></span> <span class='ocrx_word' id='word_1_58' title='bbox 1051 985 1207 1036; x_wconf 86' lang='lat' dir='ltr'><strong>hodie</strong></span> <span class='ocrx_word' id='word_1_59' title='bbox 1228 983 1476 1046; x_wconf 81' lang='lat' dir='ltr'><strong>Domino,</strong></span> <span class='ocrx_word' id='word_1_60' title='bbox 1500 1000 1601 1036; x_wconf 83' lang='lat' dir='ltr'><strong>non</strong></span> <span class='ocrx_word' id='word_1_61' title='bbox 1643 985 1785 1034; x_wconf 76' lang='lat' dir='ltr'><strong>iuve-</strong></span> 
     </span>
    </p>
   </div>
   <div class='ocr_carea' id='block_1_10' title="bbox 204 1075 1788 1145">
    <p class='ocr_par' dir='ltr' id='par_1_10' title="bbox 204 1075 1788 1145">
     <span class='ocr_line' id='line_1_10' title="bbox 204 1075 1788 1145; baseline -0.001 -17"><span class='ocrx_word' id='word_1_62' title='bbox 204 1078 359 1129; x_wconf 87' lang='lat' dir='ltr'><strong>metis</strong></span> <span class='ocrx_word' id='word_1_63' title='bbox 394 1077 528 1128; x_wconf 80' lang='lat' dir='ltr'><strong>illud</strong></span> <span class='ocrx_word' id='word_1_64' title='bbox 571 1077 624 1128; x_wconf 84' lang='lat' dir='ltr'><strong>in</strong></span> <span class='ocrx_word' id='word_1_65' title='bbox 657 1093 784 1145; x_wconf 76' lang='lat' dir='ltr'><strong>agro</strong></span> <span class='ocrx_word' id='word_1_66' title='bbox 808 1092 826 1128; x_wconf 91' lang='lat'><strong><em>:</em></strong></span> <span class='ocrx_word' id='word_1_67' title='bbox 858 1091 952 1128; x_wconf 78' lang='lat' dir='ltr'><strong>sex</strong></span> <span class='ocrx_word' id='word_1_68' title='bbox 982 1075 1178 1128; x_wconf 88' lang='lat' dir='ltr'><strong>diebus</strong></span> <span class='ocrx_word' id='word_1_69' title='bbox 1205 1075 1504 1143; x_wconf 81' lang='lat' dir='ltr'><strong>colligitur,</strong></span> <span class='ocrx_word' id='word_1_70' title='bbox 1557 1075 1788 1143; x_wconf 83' lang='lat' dir='ltr'><strong>septima</strong></span> 
     </span>
    </p>
   </div>
   <div class='ocr_carea' id='block_1_11' title="bbox 204 1165 1786 1230">
    <p class='ocr_par' dir='ltr' id='par_1_11' title="bbox 204 1165 1786 1230">
     <span class='ocr_line' id='line_1_11' title="bbox 204 1165 1786 1230; baseline -0.005 -8"><span class='ocrx_word' id='word_1_71' title='bbox 204 1179 390 1222; x_wconf 77' lang='lat' dir='ltr'><strong>autem</strong></span> <span class='ocrx_word' id='word_1_72' title='bbox 417 1168 506 1222; x_wconf 89' lang='lat' dir='ltr'><strong>die</strong></span> <span class='ocrx_word' id='word_1_73' title='bbox 541 1167 800 1230; x_wconf 87' lang='lat' dir='ltr'><strong>Sabbata,</strong></span> <span class='ocrx_word' id='word_1_74' title='bbox 833 1182 942 1219; x_wconf 92' lang='lat' dir='ltr'><strong>non</strong></span> <span class='ocrx_word' id='word_1_75' title='bbox 969 1166 1074 1219; x_wconf 91' lang='lat' dir='ltr'><strong>erit</strong></span> <span class='ocrx_word' id='word_1_76' title='bbox 1094 1165 1148 1218; x_wconf 89' lang='lat' dir='ltr'><strong>in</strong></span> <span class='ocrx_word' id='word_1_77' title='bbox 1171 1180 1258 1219; x_wconf 89' lang='lat' dir='ltr'><strong>ea.</strong></span> <span class='ocrx_word' id='word_1_78' title='bbox 1281 1165 1402 1219; x_wconf 83' lang='lat' dir='ltr'><strong>Non</strong></span> <span class='ocrx_word' id='word_1_79' title='bbox 1465 1165 1786 1229; x_wconf 79' lang='lat' dir='ltr'><strong>Sabbatum,</strong></span> 
     </span>
    </p>
   </div>
   <div class='ocr_carea' id='block_1_12' title="bbox 204 1258 1790 1330">
    <p class='ocr_par' dir='ltr' id='par_1_12' title="bbox 204 1258 1790 1330">
     <span class='ocr_line' id='line_1_12' title="bbox 204 1258 1790 1330; baseline -0.002 -16"><span class='ocrx_word' id='word_1_80' title='bbox 204 1262 300 1315; x_wconf 88' lang='lat' dir='ltr'><strong>sed</strong></span> <span class='ocrx_word' id='word_1_81' title='bbox 341 1261 600 1326; x_wconf 86' lang='lat' dir='ltr'><strong>Sabbata,</strong></span> <span class='ocrx_word' id='word_1_82' title='bbox 633 1261 759 1330; x_wconf 90' lang='lat' dir='ltr'><strong>quia</strong></span> <span class='ocrx_word' id='word_1_83' title='bbox 814 1258 1170 1328; x_wconf 88' lang='lat' dir='ltr'><strong>intelligibilis</strong></span> <span class='ocrx_word' id='word_1_84' title='bbox 1211 1259 1426 1327; x_wconf 90' lang='lat' dir='ltr'><strong>requies</strong></span> <span class='ocrx_word' id='word_1_85' title='bbox 1453 1274 1562 1312; x_wconf 91' lang='lat' dir='ltr'><strong>non</strong></span> <span class='ocrx_word' id='word_1_86' title='bbox 1593 1258 1660 1311; x_wconf 89' lang='lat' dir='ltr'><strong>ab</strong></span> <span class='ocrx_word' id='word_1_87' title='bbox 1680 1273 1790 1311; x_wconf 90' lang='lat' dir='ltr'><strong>uno</strong></span> 
     </span>
    </p>
   </div>
   <div class='ocr_carea' id='block_1_13' title="bbox 204 1348 1789 1420">
    <p class='ocr_par' dir='ltr' id='par_1_13' title="bbox 204 1348 1789 1420">
     <span class='ocr_line' id='line_1_13' title="bbox 204 1348 1789 1420; baseline -0.002 -15"><span class='ocrx_word' id='word_1_88' title='bbox 204 1352 465 1420; x_wconf 87' lang='lat' dir='ltr'><strong>quodam,</strong></span> <span class='ocrx_word' id='word_1_89' title='bbox 520 1351 614 1405; x_wconf 90' lang='lat' dir='ltr'><strong>sed</strong></span> <span class='ocrx_word' id='word_1_90' title='bbox 661 1352 731 1405; x_wconf 89' lang='lat' dir='ltr'><strong>ab</strong></span> <span class='ocrx_word' id='word_1_91' title='bbox 787 1350 1044 1405; x_wconf 91' lang='lat' dir='ltr'><strong>omnibus</strong></span> <span class='ocrx_word' id='word_1_92' title='bbox 1087 1348 1400 1403; x_wconf 82' lang='lat' dir='ltr'><strong>carnalibus</strong></span> <span class='ocrx_word' id='word_1_93' title='bbox 1447 1349 1789 1403; x_wconf 76' lang='lat' dir='ltr'><strong>vacationem</strong></span> 
     </span>
    </p>
   </div>
   <div class='ocr_carea' id='block_1_14' title="bbox 204 1441 1788 1514">
    <p class='ocr_par' dir='ltr' id='par_1_14' title="bbox 204 1441 1788 1514">
     <span class='ocr_line' id='line_1_14' title="bbox 204 1441 1788 1514; baseline -0.002 -17"><span class='ocrx_word' id='word_1_94' title='bbox 204 1444 710 1513; x_wconf 87' lang='lat' dir='ltr'><strong>alienationemque</strong></span> <span class='ocrx_word' id='word_1_95' title='bbox 743 1445 1008 1514; x_wconf 80' lang='lat' dir='ltr'><strong>possidet.</strong></span> <span class='ocrx_word' id='word_1_96' title='bbox 1037 1444 1193 1499; x_wconf 81' lang='lat' dir='ltr'><strong>L&#39;nde</strong></span> <span class='ocrx_word' id='word_1_97' title='bbox 1219 1459 1482 1513; x_wconf 83' lang='lat' dir='ltr'><strong>nusquam</strong></span> <span class='ocrx_word' id='word_1_98' title='bbox 1519 1443 1670 1511; x_wconf 88' lang='lat' dir='ltr'><strong>prius</strong></span> <span class='ocrx_word' id='word_1_99' title='bbox 1703 1441 1788 1494; x_wconf 89' lang='lat' dir='ltr'><strong>in-</strong></span> 
     </span>
    </p>
   </div>
   <div class='ocr_carea' id='block_1_15' title="bbox 205 1536 1787 1606">
    <p class='ocr_par' dir='ltr' id='par_1_15' title="bbox 205 1536 1787 1606">
     <span class='ocr_line' id='line_1_15' title="bbox 205 1536 1787 1606; baseline -0.003 -16"><span class='ocrx_word' id='word_1_100' title='bbox 205 1538 397 1590; x_wconf 88' lang='lat' dir='ltr'><strong>venies</strong></span> <span class='ocrx_word' id='word_1_101' title='bbox 436 1537 581 1606; x_wconf 89' lang='lat' dir='ltr'><strong>apud</strong></span> <span class='ocrx_word' id='word_1_102' title='bbox 613 1536 853 1590; x_wconf 83' lang='lat' dir='ltr'><strong>divinam</strong></span> <span class='ocrx_word' id='word_1_103' title='bbox 899 1537 1244 1606; x_wconf 89' lang='lat' dir='ltr'><strong>Scripturam</strong></span> <span class='ocrx_word' id='word_1_104' title='bbox 1273 1536 1639 1590; x_wconf 85' lang='lat' dir='ltr'><strong>Sabbatorum</strong></span> <span class='ocrx_word' id='word_1_105' title='bbox 1687 1548 1787 1587; x_wconf 87' lang='lat' dir='ltr'><strong>no—</strong></span> 
     </span>
    </p>
   </div>
   <div class='ocr_carea' id='block_1_16' title="bbox 205 1629 1788 1699">
    <p class='ocr_par' dir='ltr' id='par_1_16' title="bbox 205 1629 1788 1699">
     <span class='ocr_line' id='line_1_16' title="bbox 205 1629 1788 1699; baseline -0.003 -17"><span class='ocrx_word' id='word_1_106' title='bbox 205 1645 353 1692; x_wconf 86' lang='lat' dir='ltr'><strong>men,</strong></span> <span class='ocrx_word' id='word_1_107' title='bbox 378 1639 438 1683; x_wconf 91' lang='lat' dir='ltr'><strong>ut</strong></span> <span class='ocrx_word' id='word_1_108' title='bbox 458 1630 812 1684; x_wconf 90' lang='lat' dir='ltr'><strong>manifestum</strong></span> <span class='ocrx_word' id='word_1_109' title='bbox 845 1630 916 1682; x_wconf 90' lang='lat' dir='ltr'><strong>sit</strong></span> <span class='ocrx_word' id='word_1_110' title='bbox 967 1629 1091 1699; x_wconf 86' lang='lat' dir='ltr'><strong>quia</strong></span> <span class='ocrx_word' id='word_1_111' title='bbox 1120 1629 1419 1683; x_wconf 86' lang='lat' dir='ltr'><strong>Sabbatum</strong></span> <span class='ocrx_word' id='word_1_112' title='bbox 1443 1641 1662 1681; x_wconf 87' lang='lat' dir='ltr'><strong>omnem</strong></span> <span class='ocrx_word' id='word_1_113' title='bbox 1693 1643 1788 1678; x_wconf 81' lang='lat' dir='ltr'><strong>va-</strong></span> 
     </span>
    </p>
   </div>
   <div class='ocr_carea' id='block_1_17' title="bbox 205 1718 1791 1784">
    <p class='ocr_par' dir='ltr' id='par_1_17' title="bbox 205 1718 1791 1784">
     <span class='ocr_line' id='line_1_17' title="bbox 205 1718 1791 1784; baseline -0.003 -10"><span class='ocrx_word' id='word_1_114' title='bbox 205 1724 480 1774; x_wconf 86' lang='lat' dir='ltr'><strong>cationem</strong></span> <span class='ocrx_word' id='word_1_115' title='bbox 509 1719 836 1784; x_wconf 82' lang='lat' dir='ltr'><strong>carnalium,</strong></span> <span class='ocrx_word' id='word_1_116' title='bbox 865 1728 919 1773; x_wconf 91' lang='lat' dir='ltr'><strong>et</strong></span> <span class='ocrx_word' id='word_1_117' title='bbox 945 1718 1292 1773; x_wconf 80' lang='lat' dir='ltr'><strong>sa-cularium</strong></span> <span class='ocrx_word' id='word_1_118' title='bbox 1343 1732 1528 1770; x_wconf 89' lang='lat' dir='ltr'><strong>rerum</strong></span> <span class='ocrx_word' id='word_1_119' title='bbox 1587 1731 1791 1784; x_wconf 61' lang='lat' dir='ltr'><strong>prince-</strong></span> 
     </span>
    </p>
   </div>
   <div class='ocr_carea' id='block_1_18' title="bbox 204 1809 1790 1882">
    <p class='ocr_par' dir='ltr' id='par_1_18' title="bbox 204 1809 1790 1882">
     <span class='ocr_line' id='line_1_18' title="bbox 204 1809 1790 1882; baseline -0.002 -17"><span class='ocrx_word' id='word_1_120' title='bbox 204 1813 303 1882; x_wconf 88' lang='lat' dir='ltr'><strong>pit.</strong></span> <span class='ocrx_word' id='word_1_121' title='bbox 343 1813 500 1868; x_wconf 89' lang='lat' dir='ltr'><strong>Unde</strong></span> <span class='ocrx_word' id='word_1_122' title='bbox 529 1829 692 1867; x_wconf 90' lang='lat' dir='ltr'><strong>omne</strong></span> <span class='ocrx_word' id='word_1_123' title='bbox 717 1829 856 1882; x_wconf 91' lang='lat' dir='ltr'><strong>opus</strong></span> <span class='ocrx_word' id='word_1_124' title='bbox 887 1813 970 1866; x_wconf 82' lang='lat' dir='ltr'><strong>lex</strong></span> <span class='ocrx_word' id='word_1_125' title='bbox 1027 1812 1354 1882; x_wconf 86' lang='lat' dir='ltr'><strong>prohibens,</strong></span> <span class='ocrx_word' id='word_1_126' title='bbox 1394 1827 1516 1880; x_wconf 65' lang='lat' dir='ltr'><strong>qua:</strong></span> <span class='ocrx_word' id='word_1_127' title='bbox 1583 1809 1790 1864; x_wconf 88' lang='lat' dir='ltr'><strong>faciunt</strong></span> 
     </span>
    </p>
   </div>
   <div class='ocr_carea' id='block_1_19' title="bbox 202 1881 1864 1970">
    <p class='ocr_par' dir='ltr' id='par_1_19' title="bbox 202 1881 1864 1970">
     <span class='ocr_line' id='line_1_19' title="bbox 202 1881 1864 1970; baseline -0.002 -12"><span class='ocrx_word' id='word_1_128' title='bbox 202 1881 465 1959; x_wconf 81' lang='lat' dir='ltr'><strong>adversus</strong></span> <span class='ocrx_word' id='word_1_129' title='bbox 494 1921 713 1961; x_wconf 84' lang='lat' dir='ltr'><strong>omnem</strong></span> <span class='ocrx_word' id='word_1_130' title='bbox 742 1881 1004 1970; x_wconf 80' lang='lat' dir='ltr'><strong>animam,</strong></span> <span class='ocrx_word' id='word_1_131' title='bbox 1031 1881 1300 1959; x_wconf 75' lang='lat' dir='ltr'><strong>subdidit</strong></span> <span class='ocrx_word' id='word_1_132' title='bbox 1338 1922 1351 1958; x_wconf 89' lang='lat'><strong>:</strong></span> <span class='ocrx_word' id='word_1_133' title='bbox 1385 1903 1619 1958; x_wconf 88' lang='lat' dir='ltr'><strong>Sabbata</strong></span> <span class='ocrx_word' id='word_1_134' title='bbox 1673 1919 1789 1956; x_wconf 88' lang='lat' dir='ltr'><strong>mea</strong></span> <span class='ocrx_word' id='word_1_135' title='bbox 1823 1881 1864 1936; x_wconf 72' lang='grc' dir='ltr'><strong>Β</strong></span> 
     </span>
    </p>
   </div>
   <div class='ocr_carea' id='block_1_20' title="bbox 205 1997 1792 2068">
    <p class='ocr_par' dir='ltr' id='par_1_20' title="bbox 205 1997 1792 2068">
     <span class='ocr_line' id='line_1_20' title="bbox 205 1997 1792 2068; baseline -0.001 -16"><span class='ocrx_word' id='word_1_136' title='bbox 205 2000 480 2052; x_wconf 77' lang='lat' dir='ltr'><strong>custodite.</strong></span> <span class='ocrx_word' id='word_1_137' title='bbox 502 1999 603 2052; x_wconf 90' lang='lat' dir='ltr'><strong>Per</strong></span> <span class='ocrx_word' id='word_1_138' title='bbox 634 2000 738 2055; x_wconf 91' lang='lat' dir='ltr'><strong>hoc</strong></span> <span class='ocrx_word' id='word_1_139' title='bbox 761 2008 948 2068; x_wconf 87' lang='lat' dir='ltr'><strong>aperte</strong></span> <span class='ocrx_word' id='word_1_140' title='bbox 970 1999 1268 2052; x_wconf 88' lang='lat' dir='ltr'><strong>ostendens</strong></span> <span class='ocrx_word' id='word_1_141' title='bbox 1317 1997 1444 2066; x_wconf 88' lang='lat' dir='ltr'><strong>quia</strong></span> <span class='ocrx_word' id='word_1_142' title='bbox 1503 2013 1531 2051; x_wconf 91' lang='lat' dir='ltr'><strong>a</strong></span> <span class='ocrx_word' id='word_1_143' title='bbox 1591 2013 1792 2067; x_wconf 84' lang='lat' dir='ltr'><strong>corpo-</strong></span> 
     </span>
    </p>
   </div>
   <div class='ocr_carea' id='block_1_21' title="bbox 203 2090 1788 2160">
    <p class='ocr_par' dir='ltr' id='par_1_21' title="bbox 203 2090 1788 2160">
     <span class='ocr_line' id='line_1_21' title="bbox 203 2090 1788 2160; baseline -0.001 -15"><span class='ocrx_word' id='word_1_144' title='bbox 203 2091 410 2145; x_wconf 86' lang='lat' dir='ltr'><strong>ralibus</strong></span> <span class='ocrx_word' id='word_1_145' title='bbox 445 2107 546 2146; x_wconf 93' lang='lat' dir='ltr'><strong>nos</strong></span> <span class='ocrx_word' id='word_1_146' title='bbox 577 2107 770 2146; x_wconf 85' lang='lat' dir='ltr'><strong>vacare</strong></span> <span class='ocrx_word' id='word_1_147' title='bbox 821 2090 1116 2156; x_wconf 87' lang='lat' dir='ltr'><strong>desiderat,</strong></span> <span class='ocrx_word' id='word_1_148' title='bbox 1163 2099 1218 2146; x_wconf 89' lang='lat' dir='ltr'><strong>et</strong></span> <span class='ocrx_word' id='word_1_149' title='bbox 1267 2107 1388 2160; x_wconf 61' lang='lat' dir='ltr'><strong>qua</strong></span> <span class='ocrx_word' id='word_1_150' title='bbox 1411 2091 1477 2147; x_wconf 90' lang='lat' dir='ltr'><strong>ad</strong></span> <span class='ocrx_word' id='word_1_151' title='bbox 1529 2091 1788 2160; x_wconf 81' lang='lat' dir='ltr'><strong>juvanien</strong></span> 
     </span>
    </p>
   </div>
   <div class='ocr_carea' id='block_1_22' title="bbox 203 2183 1790 2253">
    <p class='ocr_par' dir='ltr' id='par_1_22' title="bbox 203 2183 1790 2253">
     <span class='ocr_line' id='line_1_22' title="bbox 203 2183 1790 2253; baseline 0.001 -17"><span class='ocrx_word' id='word_1_152' title='bbox 203 2192 332 2238; x_wconf 89' lang='lat' dir='ltr'><strong>sunt</strong></span> <span class='ocrx_word' id='word_1_153' title='bbox 356 2184 574 2247; x_wconf 75' lang='lat' dir='ltr'><strong>animze,</strong></span> <span class='ocrx_word' id='word_1_154' title='bbox 602 2193 656 2238; x_wconf 89' lang='lat' dir='ltr'><strong>et</strong></span> <span class='ocrx_word' id='word_1_155' title='bbox 692 2183 1002 2253; x_wconf 88' lang='lat' dir='ltr'><strong>profectum</strong></span> <span class='ocrx_word' id='word_1_156' title='bbox 1045 2183 1381 2253; x_wconf 78' lang='lat' dir='ltr'><strong>pertinentia</strong></span> <span class='ocrx_word' id='word_1_157' title='bbox 1418 2184 1654 2252; x_wconf 89' lang='lat' dir='ltr'><strong>operari.</strong></span> <span class='ocrx_word' id='word_1_158' title='bbox 1683 2183 1790 2237; x_wconf 89' lang='lat' dir='ltr'><strong>Ve-</strong></span> 
     </span>
    </p>
   </div>
   <div class='ocr_carea' id='block_1_23' title="bbox 203 2274 1790 2339">
    <p class='ocr_par' dir='ltr' id='par_1_23' title="bbox 203 2274 1790 2339">
     <span class='ocr_line' id='line_1_23' title="bbox 203 2274 1790 2339; baseline 0 -10"><span class='ocrx_word' id='word_1_159' title='bbox 203 2292 323 2329; x_wconf 90' lang='lat' dir='ltr'><strong>rum</strong></span> <span class='ocrx_word' id='word_1_160' title='bbox 361 2276 508 2328; x_wconf 92' lang='lat' dir='ltr'><strong>enim</strong></span> <span class='ocrx_word' id='word_1_161' title='bbox 540 2274 841 2329; x_wconf 87' lang='lat' dir='ltr'><strong>Sabbatum</strong></span> <span class='ocrx_word' id='word_1_162' title='bbox 884 2284 989 2339; x_wconf 87' lang='lat' dir='ltr'><strong>est,</strong></span> <span class='ocrx_word' id='word_1_163' title='bbox 1021 2275 1159 2328; x_wconf 82' lang='lat' dir='ltr'><strong>nihil</strong></span> <span class='ocrx_word' id='word_1_164' title='bbox 1190 2274 1495 2337; x_wconf 87' lang='lat' dir='ltr'><strong>materialc,</strong></span> <span class='ocrx_word' id='word_1_165' title='bbox 1529 2274 1666 2328; x_wconf 89' lang='lat' dir='ltr'><strong>nihil</strong></span> <span class='ocrx_word' id='word_1_166' title='bbox 1723 2275 1790 2329; x_wconf 82' lang='lat' dir='ltr'><strong>ad</strong></span> 
     </span>
    </p>
   </div>
   <div class='ocr_carea' id='block_1_24' title="bbox 207 2362 1789 2433">
    <p class='ocr_par' dir='ltr' id='par_1_24' title="bbox 207 2362 1789 2433">
     <span class='ocr_line' id='line_1_24' title="bbox 207 2362 1789 2433; baseline -0.001 -16"><span class='ocrx_word' id='word_1_167' title='bbox 207 2374 411 2418; x_wconf 88' lang='lat' dir='ltr'><strong>terram</strong></span> <span class='ocrx_word' id='word_1_168' title='bbox 449 2364 724 2417; x_wconf 90' lang='lat' dir='ltr'><strong>hominem</strong></span> <span class='ocrx_word' id='word_1_169' title='bbox 757 2364 1093 2433; x_wconf 84' lang='lat' dir='ltr'><strong>deprimens,</strong></span> <span class='ocrx_word' id='word_1_170' title='bbox 1156 2373 1211 2416; x_wconf 88' lang='lat' dir='ltr'><strong>et</strong></span> <span class='ocrx_word' id='word_1_171' title='bbox 1249 2362 1316 2416; x_wconf 92' lang='lat' dir='ltr'><strong>ad</strong></span> <span class='ocrx_word' id='word_1_172' title='bbox 1377 2363 1789 2432; x_wconf 85' lang='lat' dir='ltr'><strong>corruptionem</strong></span> 
     </span>
    </p>
   </div>
   <div class='ocr_carea' id='block_1_25' title="bbox 197 2454 1788 2526">
    <p class='ocr_par' dir='ltr' id='par_1_25' title="bbox 197 2454 1788 2526">
     <span class='ocr_line' id='line_1_25' title="bbox 197 2454 1788 2526; baseline -0.001 -16"><span class='ocrx_word' id='word_1_173' title='bbox 197 2457 478 2510; x_wconf 89' lang='lat' dir='ltr'><strong>carnalem</strong></span> <span class='ocrx_word' id='word_1_174' title='bbox 521 2457 746 2510; x_wconf 90' lang='lat' dir='ltr'><strong>trahens</strong></span> <span class='ocrx_word' id='word_1_175' title='bbox 765 2471 947 2526; x_wconf 86' lang='lat' dir='ltr'><strong>agere.</strong></span> <span class='ocrx_word' id='word_1_176' title='bbox 979 2454 1117 2509; x_wconf 92' lang='lat' dir='ltr'><strong>Cum</strong></span> <span class='ocrx_word' id='word_1_177' title='bbox 1148 2455 1251 2509; x_wconf 91' lang='lat' dir='ltr'><strong>hoc</strong></span> <span class='ocrx_word' id='word_1_178' title='bbox 1281 2465 1466 2508; x_wconf 87' lang='lat' dir='ltr'><strong>autem</strong></span> <span class='ocrx_word' id='word_1_179' title='bbox 1493 2454 1624 2523; x_wconf 89' lang='lat' dir='ltr'><strong>quid</strong></span> <span class='ocrx_word' id='word_1_180' title='bbox 1641 2454 1788 2508; x_wconf 88' lang='lat' dir='ltr'><strong>aliud</strong></span> 
     </span>
    </p>
   </div>
   <div class='ocr_carea' id='block_1_26' title="bbox 200 2545 844 2616">
    <p class='ocr_par' dir='ltr' id='par_1_26' title="bbox 200 2545 844 2616">
     <span class='ocr_line' id='line_1_26' title="bbox 200 2545 844 2616; baseline 0 -18"><span class='ocrx_word' id='word_1_181' title='bbox 200 2562 353 2600; x_wconf 85' lang='lat' dir='ltr'><strong>nunc</strong></span> <span class='ocrx_word' id='word_1_182' title='bbox 383 2545 525 2600; x_wconf 91' lang='lat' dir='ltr'><strong>Deus</strong></span> <span class='ocrx_word' id='word_1_183' title='bbox 548 2548 806 2616; x_wconf 70' lang='lat' dir='ltr'><strong>praecepit</strong></span> <span class='ocrx_word' id='word_1_184' title='bbox 831 2563 844 2598; x_wconf 89' lang='lat'><strong>:</strong></span> 
     </span>
    </p>
   </div>
   <div class='ocr_carea' id='block_1_27' title="bbox 275 2636 1788 2702">
    <p class='ocr_par' dir='ltr' id='par_1_27' title="bbox 275 2636 1788 2702">
     <span class='ocr_line' id='line_1_27' title="bbox 275 2636 1788 2702; baseline 0.001 -12"><span class='ocrx_word' id='word_1_185' title='bbox 275 2636 513 2692; x_wconf 71' lang='lat' dir='ltr'><strong>Vsas.4.</strong></span> <span class='ocrx_word' id='word_1_186' title='bbox 546 2657 563 2688; x_wconf 76' lang='grc' dir='ltr'>ι</span> <span class='ocrx_word' id='word_1_187' title='bbox 601 2637 780 2693; x_wconf 85' lang='lat' dir='ltr'><strong>Nolite</strong></span> <span class='ocrx_word' id='word_1_188' title='bbox 827 2640 1076 2693; x_wconf 90' lang='lat' dir='ltr'><strong>converti</strong></span> <span class='ocrx_word' id='word_1_189' title='bbox 1135 2638 1202 2692; x_wconf 90' lang='lat' dir='ltr'><strong>ad</strong></span> <span class='ocrx_word' id='word_1_190' title='bbox 1264 2638 1432 2702; x_wconf 86' lang='lat' dir='ltr'><strong>idola,</strong></span> <span class='ocrx_word' id='word_1_191' title='bbox 1499 2653 1602 2692; x_wconf 90' lang='lat' dir='ltr'><strong>nec</strong></span> <span class='ocrx_word' id='word_1_192' title='bbox 1653 2639 1788 2693; x_wconf 88' lang='lat' dir='ltr'><strong>deos</strong></span> 
     </span>
    </p>
   </div>
   <div class='ocr_carea' id='block_1_28' title="bbox 202 2731 1461 2801">
    <p class='ocr_par' dir='ltr' id='par_1_28' title="bbox 202 2731 1461 2801">
     <span class='ocr_line' id='line_1_28' title="bbox 202 2731 1461 2801; baseline -0.002 -16"><span class='ocrx_word' id='word_1_193' title='bbox 202 2731 500 2786; x_wconf 83' lang='lat' dir='ltr'><strong>conﬂatiles</strong></span> <span class='ocrx_word' id='word_1_194' title='bbox 545 2731 758 2785; x_wconf 83' lang='lat' dir='ltr'><strong>facietis</strong></span> <span class='ocrx_word' id='word_1_195' title='bbox 780 2731 953 2785; x_wconf 85' lang='lat' dir='ltr'><strong>vobis.</strong></span> <span class='ocrx_word' id='word_1_196' title='bbox 986 2731 1099 2801; x_wconf 86' lang='lat' dir='ltr'><strong>Ego</strong></span> <span class='ocrx_word' id='word_1_197' title='bbox 1129 2731 1412 2786; x_wconf 90' lang='lat' dir='ltr'><strong>Dominus.</strong></span> <span class='ocrx_word' id='word_1_198' title='bbox 1441 2749 1461 2783; x_wconf 74' lang='grc' dir='ltr'><strong><em>ι</em></strong></span> 
     </span>
    </p>
   </div>
   <div class='ocr_carea' id='block_1_29' title="bbox 274 2822 1788 2884">
    <p class='ocr_par' dir='ltr' id='par_1_29' title="bbox 274 2822 1788 2884">
     <span class='ocr_line' id='line_1_29' title="bbox 274 2822 1788 2884; baseline -0.001 -8"><span class='ocrx_word' id='word_1_199' title='bbox 274 2823 392 2876; x_wconf 89' lang='lat' dir='ltr'><strong>Non</strong></span> <span class='ocrx_word' id='word_1_200' title='bbox 423 2822 670 2876; x_wconf 86' lang='lat' dir='ltr'><strong>converti</strong></span> <span class='ocrx_word' id='word_1_201' title='bbox 691 2832 874 2875; x_wconf 90' lang='lat' dir='ltr'><strong>autem</strong></span> <span class='ocrx_word' id='word_1_202' title='bbox 909 2822 976 2876; x_wconf 91' lang='lat' dir='ltr'><strong>ad</strong></span> <span class='ocrx_word' id='word_1_203' title='bbox 1002 2822 1164 2884; x_wconf 89' lang='lat' dir='ltr'><strong>idola,</strong></span> <span class='ocrx_word' id='word_1_204' title='bbox 1207 2831 1292 2876; x_wconf 80' lang='lat' dir='ltr'><strong>est</strong></span> <span class='ocrx_word' id='word_1_205' title='bbox 1314 2838 1423 2876; x_wconf 90' lang='lat' dir='ltr'><strong>non</strong></span> <span class='ocrx_word' id='word_1_206' title='bbox 1446 2823 1788 2877; x_wconf 83' lang='lat' dir='ltr'><strong>condescen-</strong></span> 
     </span>
    </p>
   </div>
   <div class='ocr_carea' id='block_1_30' title="bbox 198 2915 1790 2984">
    <p class='ocr_par' dir='ltr' id='par_1_30' title="bbox 198 2915 1790 2984">
     <span class='ocr_line' id='line_1_30' title="bbox 198 2915 1790 2984; baseline 0 -16"><span class='ocrx_word' id='word_1_207' title='bbox 198 2917 334 2969; x_wconf 85' lang='lat' dir='ltr'><strong>dere</strong></span> <span class='ocrx_word' id='word_1_208' title='bbox 401 2915 486 2970; x_wconf 87' lang='lat' dir='ltr'><strong>his</strong></span> <span class='ocrx_word' id='word_1_209' title='bbox 555 2931 677 2984; x_wconf 71' lang='lat' dir='ltr'><strong>qua:</strong></span> <span class='ocrx_word' id='word_1_210' title='bbox 746 2915 1015 2968; x_wconf 88' lang='lat' dir='ltr'><strong>idolorum</strong></span> <span class='ocrx_word' id='word_1_211' title='bbox 1074 2915 1158 2969; x_wconf 85' lang='lat' dir='ltr'><strong>lex</strong></span> <span class='ocrx_word' id='word_1_212' title='bbox 1223 2917 1392 2969; x_wconf 92' lang='lat' dir='ltr'><strong>multa</strong></span> <span class='ocrx_word' id='word_1_213' title='bbox 1449 2915 1790 2984; x_wconf 88' lang='lat' dir='ltr'><strong>profanaque</strong></span> 
     </span>
    </p>
   </div>
   <div class='ocr_carea' id='block_1_31' title="bbox 197 3004 1788 3075">
    <p class='ocr_par' dir='ltr' id='par_1_31' title="bbox 197 3004 1788 3075">
     <span class='ocr_line' id='line_1_31' title="bbox 197 3004 1788 3075; baseline -0.001 -16"><span class='ocrx_word' id='word_1_214' title='bbox 197 3005 386 3075; x_wconf 74' lang='lat' dir='ltr'><strong>exigit.</strong></span> <span class='ocrx_word' id='word_1_215' title='bbox 413 3004 519 3058; x_wconf 87' lang='lat' dir='ltr'><strong>Sed</strong></span> <span class='ocrx_word' id='word_1_216' title='bbox 555 3021 657 3058; x_wconf 91' lang='lat' dir='ltr'><strong>nec</strong></span> <span class='ocrx_word' id='word_1_217' title='bbox 678 3004 981 3058; x_wconf 86' lang='lat' dir='ltr'><strong>conflatiles</strong></span> <span class='ocrx_word' id='word_1_218' title='bbox 1013 3005 1146 3058; x_wconf 89' lang='lat' dir='ltr'><strong>deos</strong></span> <span class='ocrx_word' id='word_1_219' title='bbox 1178 3005 1441 3059; x_wconf 82' lang='lat' dir='ltr'><strong>faciamus</strong></span> <span class='ocrx_word' id='word_1_220' title='bbox 1477 3005 1657 3065; x_wconf 85' lang='lat' dir='ltr'><strong>nobis,</strong></span> <span class='ocrx_word' id='word_1_221' title='bbox 1679 3022 1788 3058; x_wconf 88' lang='lat' dir='ltr'><strong>non</strong></span> 
     </span>
    </p>
   </div>
   <div class='ocr_carea' id='block_1_32' title="bbox 201 3097 1786 3168">
    <p class='ocr_par' dir='ltr' id='par_1_32' title="bbox 201 3097 1786 3168">
     <span class='ocr_line' id='line_1_32' title="bbox 201 3097 1786 3168; baseline 0.001 -17"><span class='ocrx_word' id='word_1_222' title='bbox 201 3099 380 3152; x_wconf 83' lang='lat' dir='ltr'><strong>solum</strong></span> <span class='ocrx_word' id='word_1_223' title='bbox 412 3099 468 3152; x_wconf 90' lang='lat' dir='ltr'><strong>in</strong></span> <span class='ocrx_word' id='word_1_224' title='bbox 495 3098 814 3152; x_wconf 82' lang='lat' dir='ltr'><strong>animalium</strong></span> <span class='ocrx_word' id='word_1_225' title='bbox 859 3097 1071 3162; x_wconf 85' lang='lat' dir='ltr'><strong>formis,</strong></span> <span class='ocrx_word' id='word_1_226' title='bbox 1103 3098 1196 3152; x_wconf 89' lang='lat' dir='ltr'><strong>sed</strong></span> <span class='ocrx_word' id='word_1_227' title='bbox 1229 3113 1332 3152; x_wconf 91' lang='lat' dir='ltr'><strong>nec</strong></span> <span class='ocrx_word' id='word_1_228' title='bbox 1357 3099 1412 3152; x_wconf 94' lang='lat' dir='ltr'><strong>in</strong></span> <span class='ocrx_word' id='word_1_229' title='bbox 1447 3100 1786 3168; x_wconf 89' lang='lat' dir='ltr'><strong>peculiorum</strong></span> 
     </span>
    </p>
   </div>
   <div class='ocr_carea' id='block_1_33' title="bbox 200 3189 1786 3260">
    <p class='ocr_par' dir='ltr' id='par_1_33' title="bbox 200 3189 1786 3260">
     <span class='ocr_line' id='line_1_33' title="bbox 200 3189 1786 3260; baseline -0.001 -16"><span class='ocrx_word' id='word_1_230' title='bbox 200 3191 497 3254; x_wconf 84' lang='lat' dir='ltr'><strong>thesauris,</strong></span> <span class='ocrx_word' id='word_1_231' title='bbox 549 3207 650 3245; x_wconf 92' lang='lat' dir='ltr'><strong>nec</strong></span> <span class='ocrx_word' id='word_1_232' title='bbox 706 3190 761 3242; x_wconf 92' lang='lat' dir='ltr'><strong>in</strong></span> <span class='ocrx_word' id='word_1_233' title='bbox 786 3189 902 3243; x_wconf 92' lang='lat' dir='ltr'><strong>auri</strong></span> <span class='ocrx_word' id='word_1_234' title='bbox 962 3198 1058 3244; x_wconf 88' lang='lat' dir='ltr'><strong>aut</strong></span> <span class='ocrx_word' id='word_1_235' title='bbox 1116 3189 1325 3260; x_wconf 76' lang='lat' dir='ltr'><strong>argenti</strong></span> <span class='ocrx_word' id='word_1_236' title='bbox 1381 3190 1620 3244; x_wconf 86' lang='lat' dir='ltr'><strong>massis:</strong></span> <span class='ocrx_word' id='word_1_237' title='bbox 1671 3190 1786 3242; x_wconf 87' lang='lat' dir='ltr'><strong>haec</strong></span> 
     </span>
    </p>
   </div>
   <div class='ocr_carea' id='block_1_34' title="bbox 202 3279 1785 3349">
    <p class='ocr_par' dir='ltr' id='par_1_34' title="bbox 202 3279 1785 3349">
     <span class='ocr_line' id='line_1_34' title="bbox 202 3279 1785 3349; baseline -0.001 -16"><span class='ocrx_word' id='word_1_238' title='bbox 202 3281 356 3334; x_wconf 90' lang='lat' dir='ltr'><strong>enim</strong></span> <span class='ocrx_word' id='word_1_239' title='bbox 389 3281 521 3335; x_wconf 91' lang='lat' dir='ltr'><strong>deos</strong></span> <span class='ocrx_word' id='word_1_240' title='bbox 550 3295 679 3333; x_wconf 90' lang='lat' dir='ltr'><strong>suos</strong></span> <span class='ocrx_word' id='word_1_241' title='bbox 705 3279 912 3333; x_wconf 89' lang='lat' dir='ltr'><strong>faciunt</strong></span> <span class='ocrx_word' id='word_1_242' title='bbox 940 3279 996 3332; x_wconf 89' lang='lat' dir='ltr'><strong>hi</strong></span> <span class='ocrx_word' id='word_1_243' title='bbox 1069 3279 1161 3348; x_wconf 90' lang='lat' dir='ltr'><strong>qui</strong></span> <span class='ocrx_word' id='word_1_244' title='bbox 1195 3294 1260 3332; x_wconf 89' lang='lat' dir='ltr'><strong>ea</strong></span> <span class='ocrx_word' id='word_1_245' title='bbox 1310 3287 1667 3349; x_wconf 75' lang='lat' dir='ltr'><strong>congregant,</strong></span> <span class='ocrx_word' id='word_1_246' title='bbox 1731 3280 1785 3332; x_wconf 92' lang='lat' dir='ltr'><strong>in</strong></span> 
     </span>
    </p>
   </div>
   <div class='ocr_carea' id='block_1_35' title="bbox 201 3371 1788 3447">
    <p class='ocr_par' dir='ltr' id='par_1_35' title="bbox 201 3371 1788 3447">
     <span class='ocr_line' id='line_1_35' title="bbox 201 3371 1788 3447; baseline -0.001 -21"><span class='ocrx_word' id='word_1_247' title='bbox 201 3384 414 3447; x_wconf 74' lang='lat' dir='ltr'><strong>tantum</strong></span> <span class='ocrx_word' id='word_1_248' title='bbox 445 3373 547 3426; x_wconf 88' lang='lat' dir='ltr'><strong>sub</strong></span> <span class='ocrx_word' id='word_1_249' title='bbox 571 3388 756 3425; x_wconf 88' lang='lat' dir='ltr'><strong>earum</strong></span> <span class='ocrx_word' id='word_1_250' title='bbox 787 3371 1032 3425; x_wconf 90' lang='lat' dir='ltr'><strong>dominio</strong></span> <span class='ocrx_word' id='word_1_251' title='bbox 1053 3372 1358 3436; x_wconf 90' lang='lat' dir='ltr'><strong>constituti,</strong></span> <span class='ocrx_word' id='word_1_252' title='bbox 1389 3381 1448 3425; x_wconf 91' lang='lat' dir='ltr'><strong>ut</strong></span> <span class='ocrx_word' id='word_1_253' title='bbox 1479 3371 1788 3425; x_wconf 75' lang='lat' dir='ltr'><strong>timeantex</strong></span> 
     </span>
    </p>
   </div>
   <div class='ocr_carea' id='block_1_36' title="bbox 197 3463 1788 3534">
    <p class='ocr_par' dir='ltr' id='par_1_36' title="bbox 197 3463 1788 3534">
     <span class='ocr_line' id='line_1_36' title="bbox 197 3463 1788 3534; baseline -0.001 -17"><span class='ocrx_word' id='word_1_254' title='bbox 197 3464 283 3517; x_wconf 82' lang='lat' dir='ltr'><strong>eis</strong></span> <span class='ocrx_word' id='word_1_255' title='bbox 313 3465 396 3516; x_wconf 91' lang='lat' dir='ltr'><strong>vel</strong></span> <span class='ocrx_word' id='word_1_256' title='bbox 423 3466 970 3533; x_wconf 87' lang='lat' dir='ltr'><strong>quantulumcunque</strong></span> <span class='ocrx_word' id='word_1_257' title='bbox 1028 3464 1368 3534; x_wconf 86' lang='lat' dir='ltr'><strong>contingere.</strong></span> <span class='ocrx_word' id='word_1_258' title='bbox 1422 3463 1564 3529; x_wconf 87' lang='lat' dir='ltr'><strong>Quid</strong></span> <span class='ocrx_word' id='word_1_259' title='bbox 1604 3473 1788 3516; x_wconf 87' lang='lat' dir='ltr'><strong>autem</strong></span> 
     </span>
    </p>
   </div>
   <div class='ocr_carea' id='block_1_37' title="bbox 202 3557 1789 3625">
    <p class='ocr_par' dir='ltr' id='par_1_37' title="bbox 202 3557 1789 3625">
     <span class='ocr_line' id='line_1_37' title="bbox 202 3557 1789 3625; baseline 0.002 -17"><span class='ocrx_word' id='word_1_260' title='bbox 202 3560 320 3611; x_wconf 79' lang='lat' dir='ltr'><strong>haec</strong></span> <span class='ocrx_word' id='word_1_261' title='bbox 358 3573 582 3612; x_wconf 74' lang='lat' dir='ltr'><strong>necesse</strong></span> <span class='ocrx_word' id='word_1_262' title='bbox 615 3557 922 3611; x_wconf 88' lang='lat' dir='ltr'><strong>habemus?</strong></span> <span class='ocrx_word' id='word_1_263' title='bbox 965 3557 1058 3625; x_wconf 87' lang='lat' dir='ltr'><strong>qui</strong></span> <span class='ocrx_word' id='word_1_264' title='bbox 1114 3572 1214 3625; x_wconf 87' lang='lat' dir='ltr'><strong>pro</strong></span> <span class='ocrx_word' id='word_1_265' title='bbox 1239 3557 1496 3609; x_wconf 87' lang='lat' dir='ltr'><strong>omnilms</strong></span> <span class='ocrx_word' id='word_1_266' title='bbox 1545 3557 1789 3625; x_wconf 85' lang='lat' dir='ltr'><strong>posside-</strong></span> 
     </span>
    </p>
   </div>
   <div class='ocr_carea' id='block_1_38' title="bbox 204 3647 1789 3718">
    <p class='ocr_par' dir='ltr' id='par_1_38' title="bbox 204 3647 1789 3718">
     <span class='ocr_line' id='line_1_38' title="bbox 204 3647 1789 3718; baseline 0.001 -16"><span class='ocrx_word' id='word_1_267' title='bbox 204 3664 326 3702; x_wconf 91' lang='lat' dir='ltr'><strong>mus</strong></span> <span class='ocrx_word' id='word_1_268' title='bbox 352 3649 555 3702; x_wconf 83' lang='lat' dir='ltr'><strong>divitiis</strong></span> <span class='ocrx_word' id='word_1_269' title='bbox 581 3665 705 3703; x_wconf 89' lang='lat' dir='ltr'><strong>eum</strong></span> <span class='ocrx_word' id='word_1_270' title='bbox 730 3650 823 3718; x_wconf 91' lang='lat' dir='ltr'><strong>qui</strong></span> <span class='ocrx_word' id='word_1_271' title='bbox 864 3649 1036 3703; x_wconf 84' lang='lat' dir='ltr'><strong>dicit:</strong></span> <span class='ocrx_word' id='word_1_272' title='bbox 1073 3647 1182 3717; x_wconf 82' lang='lat' dir='ltr'><strong>Ego</strong></span> <span class='ocrx_word' id='word_1_273' title='bbox 1231 3649 1482 3702; x_wconf 76' lang='lat' dir='ltr'><strong>Dominus</strong></span> <span class='ocrx_word' id='word_1_274' title='bbox 1509 3649 1534 3699; x_wconf 80' lang='lat'><strong><em>?</em></strong></span> <span class='ocrx_word' id='word_1_275' title='bbox 1581 3650 1631 3703; x_wconf 92' lang='lat' dir='ltr'><strong>id</strong></span> <span class='ocrx_word' id='word_1_276' title='bbox 1681 3658 1789 3712; x_wconf 89' lang='lat' dir='ltr'><strong>est,</strong></span> 
     </span>
    </p>
   </div>
   <div class='ocr_carea' id='block_1_39' title="bbox 199 3741 1788 3812">
    <p class='ocr_par' dir='ltr' id='par_1_39' title="bbox 199 3741 1788 3812">
     <span class='ocr_line' id='line_1_39' title="bbox 199 3741 1788 3812; baseline 0 -17"><span class='ocrx_word' id='word_1_277' title='bbox 199 3743 296 3812; x_wconf 88' lang='lat' dir='ltr'><strong>qui</strong></span> <span class='ocrx_word' id='word_1_278' title='bbox 321 3742 553 3795; x_wconf 83' lang='lat' dir='ltr'><strong>volatilia</strong></span> <span class='ocrx_word' id='word_1_279' title='bbox 596 3743 802 3805; x_wconf 90' lang='lat' dir='ltr'><strong>nutrio,</strong></span> <span class='ocrx_word' id='word_1_280' title='bbox 825 3742 917 3810; x_wconf 92' lang='lat' dir='ltr'><strong>qui</strong></span> <span class='ocrx_word' id='word_1_281' title='bbox 944 3741 1054 3794; x_wconf 91' lang='lat' dir='ltr'><strong>lilia</strong></span> <span class='ocrx_word' id='word_1_282' title='bbox 1110 3742 1225 3810; x_wconf 77' lang='lat' dir='ltr'><strong>agri</strong></span> <span class='ocrx_word' id='word_1_283' title='bbox 1263 3743 1456 3803; x_wconf 90' lang='lat' dir='ltr'><strong>vestio,</strong></span> <span class='ocrx_word' id='word_1_284' title='bbox 1489 3743 1580 3810; x_wconf 89' lang='lat' dir='ltr'><strong>qui</strong></span> <span class='ocrx_word' id='word_1_285' title='bbox 1605 3757 1672 3796; x_wconf 83' lang='lat' dir='ltr'><strong>ex</strong></span> <span class='ocrx_word' id='word_1_286' title='bbox 1701 3743 1788 3795; x_wconf 84' lang='lat' dir='ltr'><strong>ni-</strong></span> 
     </span>
    </p>
   </div>
   <div class='ocr_carea' id='block_1_40' title="bbox 204 3830 1788 3900">
    <p class='ocr_par' dir='ltr' id='par_1_40' title="bbox 204 3830 1788 3900">
     <span class='ocr_line' id='line_1_40' title="bbox 204 3830 1788 3900; baseline 0.001 -16"><span class='ocrx_word' id='word_1_287' title='bbox 204 3830 320 3884; x_wconf 90' lang='lat' dir='ltr'><strong>hilo</strong></span> <span class='ocrx_word' id='word_1_288' title='bbox 356 3830 480 3892; x_wconf 91' lang='lat' dir='ltr'><strong>feci,</strong></span> <span class='ocrx_word' id='word_1_289' title='bbox 512 3831 650 3884; x_wconf 86' lang='lat' dir='ltr'><strong>facta</strong></span> <span class='ocrx_word' id='word_1_290' title='bbox 694 3830 924 3891; x_wconf 80' lang='lat' dir='ltr'><strong>nutriri,</strong></span> <span class='ocrx_word' id='word_1_291' title='bbox 948 3840 1111 3900; x_wconf 89' lang='lat' dir='ltr'><strong>atque</strong></span> <span class='ocrx_word' id='word_1_292' title='bbox 1144 3832 1260 3884; x_wconf 65' lang='lat' dir='ltr'><strong>haec</strong></span> <span class='ocrx_word' id='word_1_293' title='bbox 1283 3831 1464 3884; x_wconf 88' lang='lat' dir='ltr'><strong>omnia</strong></span> <span class='ocrx_word' id='word_1_294' title='bbox 1495 3847 1686 3886; x_wconf 86' lang='lat' dir='ltr'><strong>rursus</strong></span> <span class='ocrx_word' id='word_1_295' title='bbox 1721 3833 1788 3886; x_wconf 88' lang='lat' dir='ltr'><strong>ad</strong></span> 
     </span>
    </p>
   </div>
   <div class='ocr_carea' id='block_1_41' title="bbox 203 3923 1042 3993">
    <p class='ocr_par' dir='ltr' id='par_1_41' title="bbox 203 3923 1042 3993">
     <span class='ocr_line' id='line_1_41' title="bbox 203 3923 1042 3993; baseline -0.002 -16"><span class='ocrx_word' id='word_1_296' title='bbox 203 3925 560 3993; x_wconf 84' lang='lat' dir='ltr'><strong>indigentiam</strong></span> <span class='ocrx_word' id='word_1_297' title='bbox 585 3924 834 3992; x_wconf 73' lang='lat' dir='ltr'><strong>redigere</strong></span> <span class='ocrx_word' id='word_1_298' title='bbox 870 3923 1042 3977; x_wconf 77' lang='lat' dir='ltr'><strong>valeo.</strong></span> 
     </span>
    </p>
   </div>
   <div class='ocr_carea' id='block_1_42' title="bbox 278 4015 1786 4085">
    <p class='ocr_par' dir='ltr' id='par_1_42' title="bbox 278 4015 1786 4085">
     <span class='ocr_line' id='line_1_42' title="bbox 278 4015 1786 4085; baseline 0.001 -17"><span class='ocrx_word' id='word_1_299' title='bbox 278 4016 436 4068; x_wconf 71' lang='lat' dir='ltr'><strong>Vens.</strong></span> <span class='ocrx_word' id='word_1_300' title='bbox 464 4015 570 4069; x_wconf 51' lang='lat'><strong>5.8.</strong></span> <span class='ocrx_word' id='word_1_301' title='bbox 613 4033 631 4066; x_wconf 68' lang='grc' dir='ltr'><strong><em>ς</em></strong></span> <span class='ocrx_word' id='word_1_302' title='bbox 661 4015 716 4069; x_wconf 94' lang='lat' dir='ltr'><strong>Si</strong></span> <span class='ocrx_word' id='word_1_303' title='bbox 744 4015 1155 4070; x_wconf 84' lang='lat' dir='ltr'><strong>immolaveritis</strong></span> <span class='ocrx_word' id='word_1_304' title='bbox 1180 4015 1410 4070; x_wconf 90' lang='lat' dir='ltr'><strong>hostiam</strong></span> <span class='ocrx_word' id='word_1_305' title='bbox 1437 4016 1786 4085; x_wconf 84' lang='lat' dir='ltr'><strong>pacificorum</strong></span> 
     </span>
    </p>
   </div>
   <div class='ocr_carea' id='block_1_43' title="bbox 205 4105 1787 4176">
    <p class='ocr_par' dir='ltr' id='par_1_43' title="bbox 205 4105 1787 4176">
     <span class='ocr_line' id='line_1_43' title="bbox 205 4105 1787 4176; baseline 0.001 -17"><span class='ocrx_word' id='word_1_306' title='bbox 205 4105 455 4167; x_wconf 91' lang='lat' dir='ltr'><strong>Domino,</strong></span> <span class='ocrx_word' id='word_1_307' title='bbox 488 4115 546 4158; x_wconf 93' lang='lat' dir='ltr'><strong>ut</strong></span> <span class='ocrx_word' id='word_1_308' title='bbox 577 4107 648 4158; x_wconf 91' lang='lat' dir='ltr'><strong>sit</strong></span> <span class='ocrx_word' id='word_1_309' title='bbox 679 4107 1052 4174; x_wconf 89' lang='lat' dir='ltr'><strong>acceptabilis,</strong></span> <span class='ocrx_word' id='word_1_310' title='bbox 1077 4107 1241 4159; x_wconf 88' lang='lat' dir='ltr'><strong>eodic</strong></span> <span class='ocrx_word' id='word_1_311' title='bbox 1263 4123 1372 4176; x_wconf 89' lang='lat' dir='ltr'><strong>quo</strong></span> <span class='ocrx_word' id='word_1_312' title='bbox 1397 4108 1556 4161; x_wconf 89' lang='lat' dir='ltr'><strong>fuerit</strong></span> <span class='ocrx_word' id='word_1_313' title='bbox 1592 4109 1787 4161; x_wconf 87' lang='lat' dir='ltr'><strong>immo-</strong></span> 
     </span>
    </p>
   </div>
   <div class='ocr_carea' id='block_1_44' title="bbox 202 4196 1786 4266">
    <p class='ocr_par' dir='ltr' id='par_1_44' title="bbox 202 4196 1786 4266">
     <span class='ocr_line' id='line_1_44' title="bbox 202 4196 1786 4266; baseline 0.001 -15"><span class='ocrx_word' id='word_1_314' title='bbox 202 4199 330 4259; x_wconf 89' lang='lat' dir='ltr'><strong>lata,</strong></span> <span class='ocrx_word' id='word_1_315' title='bbox 358 4196 660 4251; x_wconf 83' lang='lat' dir='ltr'><strong>comedetis</strong></span> <span class='ocrx_word' id='word_1_316' title='bbox 688 4212 834 4258; x_wconf 89' lang='lat' dir='ltr'><strong>eam,</strong></span> <span class='ocrx_word' id='word_1_317' title='bbox 867 4205 922 4250; x_wconf 91' lang='lat' dir='ltr'><strong>et</strong></span> <span class='ocrx_word' id='word_1_318' title='bbox 949 4197 1039 4250; x_wconf 89' lang='lat' dir='ltr'><strong>die</strong></span> <span class='ocrx_word' id='word_1_319' title='bbox 1070 4197 1263 4251; x_wconf 90' lang='lat' dir='ltr'><strong>altero.</strong></span> <span class='ocrx_word' id='word_1_320' title='bbox 1297 4196 1438 4262; x_wconf 89' lang='lat' dir='ltr'><strong>Quid</strong></span> <span class='ocrx_word' id='word_1_321' title='bbox 1467 4199 1574 4266; x_wconf 79' lang='lat' dir='ltr'><strong>-_uid</strong></span> <span class='ocrx_word' id='word_1_322' title='bbox 1599 4209 1786 4252; x_wconf 87' lang='lat' dir='ltr'><strong>autent</strong></span> 
     </span>
    </p>
   </div>
   <div class='ocr_carea' id='block_1_45' title="bbox 203 4287 1784 4360">
    <p class='ocr_par' dir='ltr' id='par_1_45' title="bbox 203 4287 1784 4360">
     <span class='ocr_line' id='line_1_45' title="bbox 203 4287 1784 4360; baseline 0.002 -18"><span class='ocrx_word' id='word_1_323' title='bbox 203 4289 482 4344; x_wconf 86' lang='lat' dir='ltr'><strong>residuum</strong></span> <span class='ocrx_word' id='word_1_324' title='bbox 512 4287 678 4342; x_wconf 86' lang='lat' dir='ltr'><strong>fuerit</strong></span> <span class='ocrx_word' id='word_1_325' title='bbox 705 4289 758 4342; x_wconf 92' lang='lat' dir='ltr'><strong>in</strong></span> <span class='ocrx_word' id='word_1_326' title='bbox 784 4289 927 4342; x_wconf 89' lang='lat' dir='ltr'><strong>diem</strong></span> <span class='ocrx_word' id='word_1_327' title='bbox 975 4290 1219 4353; x_wconf 91' lang='lat' dir='ltr'><strong>tertium,</strong></span> <span class='ocrx_word' id='word_1_328' title='bbox 1256 4290 1378 4360; x_wconf 81' lang='lat' dir='ltr'><strong>igne</strong></span> <span class='ocrx_word' id='word_1_329' title='bbox 1425 4292 1784 4345; x_wconf 86' lang='lat' dir='ltr'><strong>comburetis.</strong></span> 
     </span>
    </p>
   </div>
   <div class='ocr_carea' id='block_1_46' title="bbox 203 4380 1775 4451">
    <p class='ocr_par' dir='ltr' id='par_1_46' title="bbox 203 4380 1775 4451">
     <span class='ocr_line' id='line_1_46' title="bbox 203 4380 1775 4451; baseline 0.001 -15"><span class='ocrx_word' id='word_1_330' title='bbox 203 4381 262 4436; x_wconf 86' lang='lat' dir='ltr'><strong>Si</strong></span> <span class='ocrx_word' id='word_1_331' title='bbox 291 4382 414 4450; x_wconf 91' lang='lat' dir='ltr'><strong>quis</strong></span> <span class='ocrx_word' id='word_1_332' title='bbox 446 4390 563 4449; x_wconf 90' lang='lat' dir='ltr'><strong>post</strong></span> <span class='ocrx_word' id='word_1_333' title='bbox 597 4380 822 4434; x_wconf 88' lang='lat' dir='ltr'><strong>biduum</strong></span> <span class='ocrx_word' id='word_1_334' title='bbox 881 4382 1182 4435; x_wconf 91' lang='lat' dir='ltr'><strong>comederit</strong></span> <span class='ocrx_word' id='word_1_335' title='bbox 1226 4397 1292 4435; x_wconf 63' lang='lat' dir='ltr'><strong>ev</strong></span> <span class='ocrx_word' id='word_1_336' title='bbox 1351 4399 1413 4436; x_wconf 83' lang='lat' dir='ltr'><strong>ea</strong></span> <span class='ocrx_word' id='word_1_337' title='bbox 1441 4425 1454 4445; x_wconf 94' lang='lat'><strong>,</strong></span> <span class='ocrx_word' id='word_1_338' title='bbox 1508 4383 1775 4451; x_wconf 82' lang='lat' dir='ltr'><strong>profanus</strong></span> 
     </span>
    </p>
   </div>
   <div class='ocr_carea' id='block_1_47' title="bbox 201 4472 1784 4544">
    <p class='ocr_par' dir='ltr' id='par_1_47' title="bbox 201 4472 1784 4544">
     <span class='ocr_line' id='line_1_47' title="bbox 201 4472 1784 4544; baseline 0.001 -18"><span class='ocrx_word' id='word_1_339' title='bbox 201 4474 329 4536; x_wconf 92' lang='lat' dir='ltr'><strong>crit,</strong></span> <span class='ocrx_word' id='word_1_340' title='bbox 379 4481 435 4524; x_wconf 92' lang='lat' dir='ltr'><strong>et</strong></span> <span class='ocrx_word' id='word_1_341' title='bbox 490 4472 787 4540; x_wconf 83' lang='lat' dir='ltr'><strong>impietatis</strong></span> <span class='ocrx_word' id='word_1_342' title='bbox 844 4486 993 4535; x_wconf 90' lang='lat' dir='ltr'><strong>reus,</strong></span> <span class='ocrx_word' id='word_1_343' title='bbox 1043 4474 1390 4543; x_wconf 77' lang='lat' dir='ltr'><strong>portabitqnc</strong></span> <span class='ocrx_word' id='word_1_344' title='bbox 1434 4475 1784 4544; x_wconf 78' lang='lat' dir='ltr'><strong>iniquitatem</strong></span> 
     </span>
    </p>
   </div>
   <div class='ocr_carea' id='block_1_48' title="bbox 1894 616 3480 688">
    <p class='ocr_par' dir='ltr' id='par_1_48' title="bbox 1894 616 3480 688">
     <span class='ocr_line' id='line_1_48' title="bbox 1894 616 3480 688; baseline -0.001 -17"><span class='ocrx_word' id='word_1_345' title='bbox 1894 619 2031 673; x_wconf 90' lang='lat' dir='ltr'><strong>Ilinc</strong></span> <span class='ocrx_word' id='word_1_346' title='bbox 2059 628 2263 684; x_wconf 90' lang='lat' dir='ltr'><strong>autem,</strong></span> <span class='ocrx_word' id='word_1_347' title='bbox 2282 631 2339 672; x_wconf 88' lang='lat' dir='ltr'><strong>ut</strong></span> <span class='ocrx_word' id='word_1_348' title='bbox 2367 619 2436 673; x_wconf 84' lang='lat' dir='ltr'><strong>sit</strong></span> <span class='ocrx_word' id='word_1_349' title='bbox 2463 618 2761 688; x_wconf 82' lang='lat' dir='ltr'><strong>placabilis,</strong></span> <span class='ocrx_word' id='word_1_350' title='bbox 2797 625 3016 687; x_wconf 79' lang='lat' dir='ltr'><strong>oportet</strong></span> <span class='ocrx_word' id='word_1_351' title='bbox 3047 616 3340 676; x_wconf 88' lang='lat' dir='ltr'><strong>immolari,</strong></span> <span class='ocrx_word' id='word_1_352' title='bbox 3362 616 3480 669; x_wconf 66' lang='lat' dir='ltr'><strong>bare</strong></span> 
     </span>
    </p>
   </div>
   <div class='ocr_carea' id='block_1_49' title="bbox 1893 690 3479 781">
    <p class='ocr_par' dir='ltr' id='par_1_49' title="bbox 1893 690 3479 781">
     <span class='ocr_line' id='line_1_49' title="bbox 1893 690 3479 781; baseline -0.003 -17"><span class='ocrx_word' id='word_1_353' title='bbox 1893 713 2079 781; x_wconf 88' lang='lat' dir='ltr'><strong>utique</strong></span> <span class='ocrx_word' id='word_1_354' title='bbox 2133 690 2882 780; x_wconf 43' lang='lat' dir='ltr'><strong>omnimodo&#39;assequentes,</strong></span> <span class='ocrx_word' id='word_1_355' title='bbox 2933 726 3054 778; x_wconf 71' lang='lat' dir='ltr'><strong>qua:</strong></span> <span class='ocrx_word' id='word_1_356' title='bbox 3118 707 3479 777; x_wconf 87' lang='lat' dir='ltr'><strong>acceptabilia</strong></span> 
     </span>
    </p>
   </div>
   <div class='ocr_carea' id='block_1_50' title="bbox 1893 800 3480 873">
    <p class='ocr_par' dir='ltr' id='par_1_50' title="bbox 1893 800 3480 873">
     <span class='ocr_line' id='line_1_50' title="bbox 1893 800 3480 873; baseline -0.004 -15"><span class='ocrx_word' id='word_1_357' title='bbox 1893 805 2004 858; x_wconf 88' lang='lat' dir='ltr'><strong>Deo</strong></span> <span class='ocrx_word' id='word_1_358' title='bbox 2035 815 2179 865; x_wconf 91' lang='lat' dir='ltr'><strong>sunt,</strong></span> <span class='ocrx_word' id='word_1_359' title='bbox 2202 805 2270 859; x_wconf 88' lang='lat' dir='ltr'><strong>de</strong></span> <span class='ocrx_word' id='word_1_360' title='bbox 2302 820 2410 873; x_wconf 91' lang='lat' dir='ltr'><strong>quo</strong></span> <span class='ocrx_word' id='word_1_361' title='bbox 2432 805 2572 858; x_wconf 68' lang='lat' dir='ltr'><strong>dixit</strong></span> <span class='ocrx_word' id='word_1_362' title='bbox 2593 805 2812 867; x_wconf 85' lang='lat' dir='ltr'><strong>Paulus,</strong></span> <span class='ocrx_word' id='word_1_363' title='bbox 2845 817 2968 856; x_wconf 88' lang='lat' dir='ltr'><strong>cum</strong></span> <span class='ocrx_word' id='word_1_364' title='bbox 2997 817 3113 870; x_wconf 81' lang='lat' dir='ltr'><strong>quo</strong></span> <span class='ocrx_word' id='word_1_365' title='bbox 3128 800 3288 855; x_wconf 91' lang='lat' dir='ltr'><strong>modo</strong></span> <span class='ocrx_word' id='word_1_366' title='bbox 3316 814 3480 868; x_wconf 83' lang='lat' dir='ltr'><strong>opor-</strong></span> 
     </span>
    </p>
   </div>
   <div class='ocr_carea' id='block_1_51' title="bbox 1895 891 3477 966">
    <p class='ocr_par' dir='ltr' id='par_1_51' title="bbox 1895 891 3477 966">
     <span class='ocr_line' id='line_1_51' title="bbox 1895 891 3477 966; baseline -0.002 -16"><span class='ocrx_word' id='word_1_367' title='bbox 1895 907 2037 950; x_wconf 83' lang='lat' dir='ltr'><strong>teret</strong></span> <span class='ocrx_word' id='word_1_368' title='bbox 2075 899 2289 966; x_wconf 88' lang='lat' dir='ltr'><strong>assequi</strong></span> <span class='ocrx_word' id='word_1_369' title='bbox 2320 908 2584 951; x_wconf 89' lang='lat' dir='ltr'><strong>remotam</strong></span> <span class='ocrx_word' id='word_1_370' title='bbox 2639 905 2695 950; x_wconf 83' lang='lat' dir='ltr'><strong>et</strong></span> <span class='ocrx_word' id='word_1_371' title='bbox 2735 895 2973 965; x_wconf 88' lang='lat' dir='ltr'><strong>quietam</strong></span> <span class='ocrx_word' id='word_1_372' title='bbox 3009 894 3198 954; x_wconf 81' lang='lat' dir='ltr'><strong>vitam,</strong></span> <span class='ocrx_word' id='word_1_373' title='bbox 3235 894 3289 946; x_wconf 89' lang='lat' dir='ltr'><strong>in</strong></span> <span class='ocrx_word' id='word_1_374' title='bbox 3327 891 3477 947; x_wconf 83' lang='lat' dir='ltr'><strong>omni</strong></span> 
     </span>
    </p>
   </div>
   <div class='ocr_carea' id='block_1_52' title="bbox 1892 983 3475 1058">
    <p class='ocr_par' dir='ltr' id='par_1_52' title="bbox 1892 983 3475 1058">
     <span class='ocr_line' id='line_1_52' title="bbox 1892 983 3475 1058; baseline -0.004 -17"><span class='ocrx_word' id='word_1_375' title='bbox 1892 990 2092 1058; x_wconf 81' lang='lat' dir='ltr'><strong>pietate</strong></span> <span class='ocrx_word' id='word_1_376' title='bbox 2128 999 2182 1042; x_wconf 91' lang='lat' dir='ltr'><strong>et</strong></span> <span class='ocrx_word' id='word_1_377' title='bbox 2209 990 2489 1058; x_wconf 90' lang='lat' dir='ltr'><strong>pudicitia,</strong></span> <span class='ocrx_word' id='word_1_378' title='bbox 2543 988 2831 1041; x_wconf 80' lang='lat' dir='ltr'><strong>Timotheo</strong></span> <span class='ocrx_word' id='word_1_379' title='bbox 2883 986 3128 1040; x_wconf 89' lang='lat' dir='ltr'><strong>scribens</strong></span> <span class='ocrx_word' id='word_1_380' title='bbox 3179 983 3424 1037; x_wconf 91' lang='lat' dir='ltr'><strong>ostendit</strong></span> <span class='ocrx_word' id='word_1_381' title='bbox 3463 998 3475 1035; x_wconf 90' lang='lat'>:</span> 
     </span>
    </p>
   </div>
   <div class='ocr_carea' id='block_1_53' title="bbox 1891 1071 3471 1146">
    <p class='ocr_par' dir='ltr' id='par_1_53' title="bbox 1891 1071 3471 1146">
     <span class='ocr_line' id='line_1_53' title="bbox 1891 1071 3471 1146; baseline -0.007 -13"><span class='ocrx_word' id='word_1_382' title='bbox 1891 1084 2004 1134; x_wconf 82' lang='lat' dir='ltr'><strong>Hoc</strong></span> <span class='ocrx_word' id='word_1_383' title='bbox 2030 1082 2220 1133; x_wconf 82' lang='lat' dir='ltr'><strong>bonum</strong></span> <span class='ocrx_word' id='word_1_384' title='bbox 2264 1090 2312 1132; x_wconf 89' lang='lat' dir='ltr'><strong>et</strong></span> <span class='ocrx_word' id='word_1_385' title='bbox 2343 1089 2612 1146; x_wconf 79' lang='lat' dir='ltr'><strong>acceptant</strong></span> <span class='ocrx_word' id='word_1_386' title='bbox 2653 1094 2832 1130; x_wconf 80' lang='lat' dir='ltr'><strong>coram</strong></span> <span class='ocrx_word' id='word_1_387' title='bbox 2855 1074 3130 1129; x_wconf 79' lang='lat' dir='ltr'><strong>Saluatore</strong></span> <span class='ocrx_word' id='word_1_388' title='bbox 3153 1083 3326 1126; x_wconf 79' lang='lat' dir='ltr'><strong>nostro</strong></span> <span class='ocrx_word' id='word_1_389' title='bbox 3349 1071 3471 1132; x_wconf 81' lang='lat' dir='ltr'><strong>Deo,</strong></span> 
     </span>
    </p>
   </div>
   <div class='ocr_carea' id='block_1_54' title="bbox 1891 1161 3474 1234">
    <p class='ocr_par' dir='ltr' id='par_1_54' title="bbox 1891 1161 3474 1234">
     <span class='ocr_line' id='line_1_54' title="bbox 1891 1161 3474 1234; baseline -0.008 -11"><span class='ocrx_word' id='word_1_390' title='bbox 1891 1173 2174 1234; x_wconf 77' lang='lat' dir='ltr'><strong>quiomnes</strong></span> <span class='ocrx_word' id='word_1_391' title='bbox 2204 1171 2433 1224; x_wconf 80' lang='lat' dir='ltr'><strong>homines</strong></span> <span class='ocrx_word' id='word_1_392' title='bbox 2467 1168 2572 1221; x_wconf 75' lang='lat' dir='ltr'><strong>ruit</strong></span> <span class='ocrx_word' id='word_1_393' title='bbox 2603 1168 2771 1220; x_wconf 77' lang='lat' dir='ltr'><strong>salvos</strong></span> <span class='ocrx_word' id='word_1_394' title='bbox 2802 1166 2938 1234; x_wconf 79' lang='lat' dir='ltr'><strong>ﬁeri,</strong></span> <span class='ocrx_word' id='word_1_395' title='bbox 2979 1173 3026 1216; x_wconf 90' lang='lat' dir='ltr'><strong>et</strong></span> <span class='ocrx_word' id='word_1_396' title='bbox 3056 1165 3125 1215; x_wconf 82' lang='lat' dir='ltr'><strong>ad</strong></span> <span class='ocrx_word' id='word_1_397' title='bbox 3155 1161 3474 1231; x_wconf 73' lang='lat' dir='ltr'><strong>agnitione»:</strong></span> 
     </span>
    </p>
   </div>
   <div class='ocr_carea' id='block_1_55' title="bbox 1892 1254 3478 1325">
    <p class='ocr_par' dir='ltr' id='par_1_55' title="bbox 1892 1254 3478 1325">
     <span class='ocr_line' id='line_1_55' title="bbox 1892 1254 3478 1325; baseline -0.006 -9"><span class='ocrx_word' id='word_1_398' title='bbox 1892 1265 2129 1316; x_wconf 79' lang='lat' dir='ltr'><strong>veritatis</strong></span> <span class='ocrx_word' id='word_1_399' title='bbox 2154 1263 2330 1316; x_wconf 81' lang='lat' dir='ltr'><strong>venire</strong></span> <span class='ocrx_word' id='word_1_400' title='bbox 2358 1262 2421 1314; x_wconf 83' lang='grc'><strong>⁷⁸.</strong></span> <span class='ocrx_word' id='word_1_401' title='bbox 2456 1260 2561 1314; x_wconf 89' lang='lat' dir='ltr'><strong>Sed</strong></span> <span class='ocrx_word' id='word_1_402' title='bbox 2586 1260 2629 1313; x_wconf 90' lang='lat' dir='ltr'><strong>si</strong></span> <span class='ocrx_word' id='word_1_403' title='bbox 2662 1259 2800 1312; x_wconf 85' lang='lat' dir='ltr'><strong>dicis</strong></span> <span class='ocrx_word' id='word_1_404' title='bbox 2833 1275 2844 1308; x_wconf 91' lang='lat'><strong>:</strong></span> <span class='ocrx_word' id='word_1_405' title='bbox 2887 1257 3056 1325; x_wconf 81' lang='lat' dir='ltr'><strong>Cujus</strong></span> <span class='ocrx_word' id='word_1_406' title='bbox 3083 1255 3156 1307; x_wconf 88' lang='lat' dir='ltr'><strong>rei</strong></span> <span class='ocrx_word' id='word_1_407' title='bbox 3184 1254 3351 1322; x_wconf 88' lang='lat' dir='ltr'><strong>gratia</strong></span> <span class='ocrx_word' id='word_1_408' title='bbox 3390 1268 3478 1307; x_wconf 87' lang='lat' dir='ltr'><strong>ac-</strong></span> 
     </span>
    </p>
   </div>
   <div class='ocr_carea' id='block_1_56' title="bbox 1893 1342 3479 1420">
    <p class='ocr_par' dir='ltr' id='par_1_56' title="bbox 1893 1342 3479 1420">
     <span class='ocr_line' id='line_1_56' title="bbox 1893 1342 3479 1420; baseline -0.007 -15"><span class='ocrx_word' id='word_1_409' title='bbox 1893 1361 2048 1420; x_wconf 88' lang='lat' dir='ltr'><strong>cepta</strong></span> <span class='ocrx_word' id='word_1_410' title='bbox 2082 1360 2283 1412; x_wconf 89' lang='lat' dir='ltr'><strong>vestra,</strong></span> <span class='ocrx_word' id='word_1_411' title='bbox 2306 1349 2606 1404; x_wconf 89' lang='lat' dir='ltr'><strong>secundum</strong></span> <span class='ocrx_word' id='word_1_412' title='bbox 2641 1347 2994 1417; x_wconf 82' lang='lat' dir='ltr'><strong>Septuaginta</strong></span> <span class='ocrx_word' id='word_1_413' title='bbox 3017 1345 3292 1413; x_wconf 77' lang='lat' dir='ltr'><strong>legislatur</strong></span> <span class='ocrx_word' id='word_1_414' title='bbox 3308 1342 3479 1396; x_wconf 76' lang='lat' dir='ltr'><strong>dixit?</strong></span> 
     </span>
    </p>
   </div>
   <div class='ocr_carea' id='block_1_57' title="bbox 1891 1435 3481 1512">
    <p class='ocr_par' dir='ltr' id='par_1_57' title="bbox 1891 1435 3481 1512">
     <span class='ocr_line' id='line_1_57' title="bbox 1891 1435 3481 1512; baseline -0.006 -15"><span class='ocrx_word' id='word_1_415' title='bbox 1891 1442 2054 1507; x_wconf 88' lang='lat' dir='ltr'><strong>Scito,</strong></span> <span class='ocrx_word' id='word_1_416' title='bbox 2075 1443 2201 1512; x_wconf 89' lang='lat' dir='ltr'><strong>quia</strong></span> <span class='ocrx_word' id='word_1_417' title='bbox 2217 1442 2609 1496; x_wconf 83' lang='lat' dir='ltr'><strong>conscientiam</strong></span> <span class='ocrx_word' id='word_1_418' title='bbox 2635 1441 2909 1510; x_wconf 77' lang='lat' dir='ltr'><strong>designat,</strong></span> <span class='ocrx_word' id='word_1_419' title='bbox 2931 1455 3026 1508; x_wconf 90' lang='lat' dir='ltr'><strong>per</strong></span> <span class='ocrx_word' id='word_1_420' title='bbox 3045 1454 3205 1506; x_wconf 89' lang='lat' dir='ltr'><strong>quam</strong></span> <span class='ocrx_word' id='word_1_421' title='bbox 3228 1451 3350 1505; x_wconf 66' lang='lat' dir='ltr'><strong>quae</strong></span> <span class='ocrx_word' id='word_1_422' title='bbox 3371 1435 3481 1488; x_wconf 88' lang='lat' dir='ltr'><strong>sint</strong></span> 
     </span>
    </p>
   </div>
   <div class='ocr_carea' id='block_1_58' title="bbox 1893 1527 3480 1604">
    <p class='ocr_par' dir='ltr' id='par_1_58' title="bbox 1893 1527 3480 1604">
     <span class='ocr_line' id='line_1_58' title="bbox 1893 1527 3480 1604; baseline -0.004 -17"><span class='ocrx_word' id='word_1_423' title='bbox 1893 1535 2004 1588; x_wconf 89' lang='lat' dir='ltr'><strong>Deo</strong></span> <span class='ocrx_word' id='word_1_424' title='bbox 2027 1544 2268 1604; x_wconf 88' lang='lat' dir='ltr'><strong>accepta,</strong></span> <span class='ocrx_word' id='word_1_425' title='bbox 2299 1535 2674 1603; x_wconf 90' lang='lat' dir='ltr'><strong>unusquisque</strong></span> <span class='ocrx_word' id='word_1_426' title='bbox 2695 1541 2874 1604; x_wconf 90' lang='lat' dir='ltr'><strong>potest</strong></span> <span class='ocrx_word' id='word_1_427' title='bbox 2901 1531 3063 1592; x_wconf 91' lang='lat' dir='ltr'><strong>scire,</strong></span> <span class='ocrx_word' id='word_1_428' title='bbox 3093 1539 3317 1599; x_wconf 88' lang='lat' dir='ltr'><strong>propter</strong></span> <span class='ocrx_word' id='word_1_429' title='bbox 3334 1527 3480 1596; x_wconf 89' lang='lat' dir='ltr'><strong>quod</strong></span> 
     </span>
    </p>
   </div>
   <div class='ocr_carea' id='block_1_59' title="bbox 1891 1626 3478 1688">
    <p class='ocr_par' dir='ltr' id='par_1_59' title="bbox 1891 1626 3478 1688">
     <span class='ocr_line' id='line_1_59' title="bbox 1891 1626 3478 1688; baseline -0.007 -6"><span class='ocrx_word' id='word_1_430' title='bbox 1891 1627 2128 1682; x_wconf 83' lang='lat' dir='ltr'><strong>Joannes</strong></span> <span class='ocrx_word' id='word_1_431' title='bbox 2152 1626 2368 1682; x_wconf 88' lang='lat' dir='ltr'><strong>dicebat</strong></span> <span class='ocrx_word' id='word_1_432' title='bbox 2400 1626 2676 1688; x_wconf 85' lang='lat' dir='ltr'><strong>:Fratres,</strong></span> <span class='ocrx_word' id='word_1_433' title='bbox 2709 1627 2754 1677; x_wconf 86' lang='lat' dir='ltr'><strong>si</strong></span> <span class='ocrx_word' id='word_1_434' title='bbox 2785 1641 2871 1677; x_wconf 89' lang='lat' dir='ltr'><strong>cor</strong></span> <span class='ocrx_word' id='word_1_435' title='bbox 2922 1633 3155 1676; x_wconf 83' lang='lat' dir='ltr'><strong>nostrum</strong></span> <span class='ocrx_word' id='word_1_436' title='bbox 3181 1638 3281 1687; x_wconf 62' lang='lat' dir='ltr'><strong>non</strong></span> <span class='ocrx_word' id='word_1_437' title='bbox 3301 1637 3478 1687; x_wconf 78' lang='lat' dir='ltr'><strong>repre-</strong></span> 
     </span>
    </p>
   </div>
   <div class='ocr_carea' id='block_1_60' title="bbox 1891 1711 3478 1788">
    <p class='ocr_par' dir='ltr' id='par_1_60' title="bbox 1891 1711 3478 1788">
     <span class='ocr_line' id='line_1_60' title="bbox 1891 1711 3478 1788; baseline -0.006 -15"><span class='ocrx_word' id='word_1_438' title='bbox 1891 1721 2203 1784; x_wconf 82' lang='lat' dir='ltr'><strong>henditnos,</strong></span> <span class='ocrx_word' id='word_1_439' title='bbox 2243 1719 2494 1788; x_wconf 76' lang='lat' dir='ltr'><strong>ﬁduciam</strong></span> <span class='ocrx_word' id='word_1_440' title='bbox 2522 1718 2771 1771; x_wconf 80' lang='lat' dir='ltr'><strong>habemus</strong></span> <span class='ocrx_word' id='word_1_441' title='bbox 2825 1717 2893 1768; x_wconf 80' lang='lat' dir='ltr'><strong>att</strong></span> <span class='ocrx_word' id='word_1_442' title='bbox 2949 1713 3117 1767; x_wconf 83' lang='lat' dir='ltr'><strong>Deum</strong></span> <span class='ocrx_word' id='word_1_443' title='bbox 3150 1714 3218 1764; x_wconf 83' lang='lat'><strong>&quot;.</strong></span> <span class='ocrx_word' id='word_1_444' title='bbox 3278 1711 3478 1765; x_wconf 84' lang='lat' dir='ltr'><strong>Come-</strong></span> 
     </span>
    </p>
   </div>
   <div class='ocr_carea' id='block_1_61' title="bbox 1893 1806 3474 1877">
    <p class='ocr_par' dir='ltr' id='par_1_61' title="bbox 1893 1806 3474 1877">
     <span class='ocr_line' id='line_1_61' title="bbox 1893 1806 3474 1877; baseline -0.009 -8"><span class='ocrx_word' id='word_1_445' title='bbox 1893 1817 2023 1870; x_wconf 88' lang='lat' dir='ltr'><strong>dere</strong></span> <span class='ocrx_word' id='word_1_446' title='bbox 2051 1823 2233 1868; x_wconf 88' lang='lat' dir='ltr'><strong>autem</strong></span> <span class='ocrx_word' id='word_1_447' title='bbox 2265 1814 2332 1868; x_wconf 92' lang='lat' dir='ltr'><strong>de</strong></span> <span class='ocrx_word' id='word_1_448' title='bbox 2364 1811 2653 1874; x_wconf 87' lang='lat' dir='ltr'><strong>sacrificio,</strong></span> <span class='ocrx_word' id='word_1_449' title='bbox 2677 1824 2744 1864; x_wconf 91' lang='lat' dir='ltr'><strong>eo</strong></span> <span class='ocrx_word' id='word_1_450' title='bbox 2775 1809 2862 1863; x_wconf 89' lang='lat' dir='ltr'><strong>die</strong></span> <span class='ocrx_word' id='word_1_451' title='bbox 2893 1806 3355 1877; x_wconf 82' lang='lat' dir='ltr'><strong>quoimmolatum</strong></span> <span class='ocrx_word' id='word_1_452' title='bbox 3372 1811 3474 1865; x_wconf 91' lang='lat' dir='ltr'><strong>est,</strong></span> 
     </span>
    </p>
   </div>
   <div class='ocr_carea' id='block_1_62' title="bbox 1893 1899 3477 1976">
    <p class='ocr_par' dir='ltr' id='par_1_62' title="bbox 1893 1899 3477 1976">
     <span class='ocr_line' id='line_1_62' title="bbox 1893 1899 3477 1976; baseline -0.009 -12"><span class='ocrx_word' id='word_1_453' title='bbox 1893 1919 1948 1964; x_wconf 91' lang='lat' dir='ltr'><strong>et</strong></span> <span class='ocrx_word' id='word_1_454' title='bbox 1980 1909 2107 1974; x_wconf 90' lang='lat' dir='ltr'><strong>alio,</strong></span> <span class='ocrx_word' id='word_1_455' title='bbox 2146 1918 2250 1973; x_wconf 89' lang='lat' dir='ltr'><strong>est,</strong></span> <span class='ocrx_word' id='word_1_456' title='bbox 2287 1916 2348 1962; x_wconf 90' lang='lat' dir='ltr'><strong>ut</strong></span> <span class='ocrx_word' id='word_1_457' title='bbox 2375 1908 2427 1961; x_wconf 91' lang='lat' dir='ltr'><strong>in</strong></span> <span class='ocrx_word' id='word_1_458' title='bbox 2456 1905 2712 1976; x_wconf 66' lang='lat' dir='ltr'><strong>presenti</strong></span> <span class='ocrx_word' id='word_1_459' title='bbox 2765 1905 2895 1968; x_wconf 86' lang='lat' dir='ltr'><strong>vita,</strong></span> <span class='ocrx_word' id='word_1_460' title='bbox 2923 1915 3261 1972; x_wconf 71' lang='lat' dir='ltr'><strong>qumcnnque</strong></span> <span class='ocrx_word' id='word_1_461' title='bbox 3286 1899 3352 1952; x_wconf 87' lang='lat' dir='ltr'><strong>ad</strong></span> <span class='ocrx_word' id='word_1_462' title='bbox 3390 1914 3477 1951; x_wconf 89' lang='lat' dir='ltr'><strong>sa-</strong></span> 
     </span>
    </p>
   </div>
   <div class='ocr_carea' id='block_1_63' title="bbox 1893 1992 3478 2074">
    <p class='ocr_par' dir='ltr' id='par_1_63' title="bbox 1893 1992 3478 2074">
     <span class='ocr_line' id='line_1_63' title="bbox 1893 1992 3478 2074; baseline -0.009 -15"><span class='ocrx_word' id='word_1_463' title='bbox 1893 2005 2060 2059; x_wconf 90' lang='lat' dir='ltr'><strong>lutem</strong></span> <span class='ocrx_word' id='word_1_464' title='bbox 2094 2003 2376 2074; x_wconf 88' lang='lat' dir='ltr'><strong>pertinent</strong></span> <span class='ocrx_word' id='word_1_465' title='bbox 2404 2016 2717 2071; x_wconf 89' lang='lat' dir='ltr'><strong>operemur.</strong></span> <span class='ocrx_word' id='word_1_466' title='bbox 2753 1997 2923 2052; x_wconf 89' lang='lat' dir='ltr'><strong>llodie</strong></span> <span class='ocrx_word' id='word_1_467' title='bbox 2963 2004 3147 2049; x_wconf 85' lang='lat' dir='ltr'><strong>autem</strong></span> <span class='ocrx_word' id='word_1_468' title='bbox 3201 2000 3255 2046; x_wconf 91' lang='lat' dir='ltr'><strong>et</strong></span> <span class='ocrx_word' id='word_1_469' title='bbox 3285 1992 3478 2046; x_wconf 87' lang='lat' dir='ltr'><strong>crasti-</strong></span> 
     </span>
    </p>
   </div>
   <div class='ocr_carea' id='block_1_64' title="bbox 1892 2084 3477 2165">
    <p class='ocr_par' dir='ltr' id='par_1_64' title="bbox 1892 2084 3477 2165">
     <span class='ocr_line' id='line_1_64' title="bbox 1892 2084 3477 2165; baseline -0.01 -14"><span class='ocrx_word' id='word_1_470' title='bbox 1892 2112 2044 2161; x_wconf 87' lang='lat' dir='ltr'><strong>num,</strong></span> <span class='ocrx_word' id='word_1_471' title='bbox 2075 2095 2129 2149; x_wconf 89' lang='lat' dir='ltr'><strong>in</strong></span> <span class='ocrx_word' id='word_1_472' title='bbox 2159 2093 2414 2165; x_wconf 70' lang='lat' dir='ltr'><strong>prazsenti</strong></span> <span class='ocrx_word' id='word_1_473' title='bbox 2453 2091 2652 2146; x_wconf 70' lang='lat' dir='ltr'><strong>saaculo</strong></span> <span class='ocrx_word' id='word_1_474' title='bbox 2684 2089 2866 2144; x_wconf 87' lang='lat' dir='ltr'><strong>divina</strong></span> <span class='ocrx_word' id='word_1_475' title='bbox 2906 2086 3185 2156; x_wconf 84' lang='lat' dir='ltr'><strong>Scriptura</strong></span> <span class='ocrx_word' id='word_1_476' title='bbox 3222 2084 3360 2137; x_wconf 85' lang='lat' dir='ltr'><strong>solet</strong></span> <span class='ocrx_word' id='word_1_477' title='bbox 3389 2097 3477 2136; x_wconf 89' lang='lat' dir='ltr'><strong>ac-</strong></span> 
     </span>
    </p>
   </div>
   <div class='ocr_carea' id='block_1_65' title="bbox 1891 2175 3480 2259">
    <p class='ocr_par' dir='ltr' id='par_1_65' title="bbox 1891 2175 3480 2259">
     <span class='ocr_line' id='line_1_65' title="bbox 1891 2175 3480 2259; baseline -0.011 -15"><span class='ocrx_word' id='word_1_478' title='bbox 1891 2189 2094 2259; x_wconf 79' lang='lat' dir='ltr'><strong>cipere,</strong></span> <span class='ocrx_word' id='word_1_479' title='bbox 2121 2187 2189 2242; x_wconf 89' lang='lat' dir='ltr'><strong>de</strong></span> <span class='ocrx_word' id='word_1_480' title='bbox 2217 2201 2324 2255; x_wconf 90' lang='lat' dir='ltr'><strong>qua</strong></span> <span class='ocrx_word' id='word_1_481' title='bbox 2376 2194 2572 2240; x_wconf 89' lang='lat' dir='ltr'><strong>testem</strong></span> <span class='ocrx_word' id='word_1_482' title='bbox 2620 2182 2884 2237; x_wconf 71' lang='lat' dir='ltr'><strong>Iacobum</strong></span> <span class='ocrx_word' id='word_1_483' title='bbox 2933 2179 3296 2249; x_wconf 78' lang='lat' dir='ltr'><strong>producamus</strong></span> <span class='ocrx_word' id='word_1_484' title='bbox 3341 2175 3480 2229; x_wconf 88' lang='lat' dir='ltr'><strong>seri-</strong></span> 
     </span>
    </p>
   </div>
   <div class='ocr_carea' id='block_1_66' title="bbox 1892 2268 3480 2348">
    <p class='ocr_par' dir='ltr' id='par_1_66' title="bbox 1892 2268 3480 2348">
     <span class='ocr_line' id='line_1_66' title="bbox 1892 2268 3480 2348; baseline -0.009 -14"><span class='ocrx_word' id='word_1_485' title='bbox 1892 2281 2110 2335; x_wconf 88' lang='lat' dir='ltr'><strong>bentem</strong></span> <span class='ocrx_word' id='word_1_486' title='bbox 2135 2297 2146 2332; x_wconf 93' lang='lat'>:</span> <span class='ocrx_word' id='word_1_487' title='bbox 2167 2279 2277 2348; x_wconf 81' lang='lat' dir='ltr'><strong>Age</strong></span> <span class='ocrx_word' id='word_1_488' title='bbox 2295 2293 2451 2340; x_wconf 79' lang='lat' dir='ltr'><strong>nunc,</strong></span> <span class='ocrx_word' id='word_1_489' title='bbox 2467 2277 2557 2346; x_wconf 84' lang='lat' dir='ltr'><strong>qui</strong></span> <span class='ocrx_word' id='word_1_490' title='bbox 2583 2275 2789 2328; x_wconf 86' lang='lat' dir='ltr'><strong>dicilis:</strong></span> <span class='ocrx_word' id='word_1_491' title='bbox 2809 2271 3002 2334; x_wconf 84' lang='lat' dir='ltr'><strong>Hodie,</strong></span> <span class='ocrx_word' id='word_1_492' title='bbox 3030 2268 3480 2324; x_wconf 84' lang='lat' dir='ltr'><strong>autcrastinoibi-</strong></span> 
     </span>
    </p>
   </div>
   <div class='ocr_carea' id='block_1_67' title="bbox 1893 2357 3480 2426">
    <p class='ocr_par' dir='ltr' id='par_1_67' title="bbox 1893 2357 3480 2426">
     <span class='ocr_line' id='line_1_67' title="bbox 1893 2357 3480 2426; baseline -0.009 -1"><span class='ocrx_word' id='word_1_493' title='bbox 1893 2388 2009 2425; x_wconf 87' lang='lat' dir='ltr'><strong>mus</strong></span> <span class='ocrx_word' id='word_1_494' title='bbox 2033 2371 2090 2423; x_wconf 83' lang='lat' dir='ltr'><strong>in</strong></span> <span class='ocrx_word' id='word_1_495' title='bbox 2120 2369 2273 2423; x_wconf 87' lang='lat' dir='ltr'><strong>illam</strong></span> <span class='ocrx_word' id='word_1_496' title='bbox 2305 2369 2566 2422; x_wconf 77' lang='lat' dir='ltr'><strong>civitatem</strong></span> <span class='ocrx_word' id='word_1_497' title='bbox 2598 2366 2663 2418; x_wconf 84' lang='grc'><strong>⁷⁸.</strong></span> <span class='ocrx_word' id='word_1_498' title='bbox 2701 2363 2826 2418; x_wconf 88' lang='lat' dir='ltr'><strong>Dies</strong></span> <span class='ocrx_word' id='word_1_499' title='bbox 2872 2370 3055 2416; x_wconf 83' lang='lat' dir='ltr'><strong>autem</strong></span> <span class='ocrx_word' id='word_1_500' title='bbox 3114 2359 3295 2423; x_wconf 85' lang='lat' dir='ltr'><strong>tertia,</strong></span> <span class='ocrx_word' id='word_1_501' title='bbox 3353 2357 3480 2426; x_wconf 82' lang='lat' dir='ltr'><strong>quia</strong></span> 
     </span>
    </p>
   </div>
   <div class='ocr_carea' id='block_1_68' title="bbox 1892 2450 3478 2534">
    <p class='ocr_par' dir='ltr' id='par_1_68' title="bbox 1892 2450 3478 2534">
     <span class='ocr_line' id='line_1_68' title="bbox 1892 2450 3478 2534; baseline -0.009 -17"><span class='ocrx_word' id='word_1_502' title='bbox 1892 2464 1946 2518; x_wconf 92' lang='lat' dir='ltr'><strong>in</strong></span> <span class='ocrx_word' id='word_1_503' title='bbox 1979 2464 2093 2534; x_wconf 86' lang='lat' dir='ltr'><strong>ipsa</strong></span> <span class='ocrx_word' id='word_1_504' title='bbox 2120 2479 2150 2516; x_wconf 90' lang='lat' dir='ltr'><strong>a</strong></span> <span class='ocrx_word' id='word_1_505' title='bbox 2184 2461 2415 2515; x_wconf 85' lang='lat' dir='ltr'><strong>mortuis</strong></span> <span class='ocrx_word' id='word_1_506' title='bbox 2445 2458 2708 2514; x_wconf 87' lang='lat' dir='ltr'><strong>Dominus</strong></span> <span class='ocrx_word' id='word_1_507' title='bbox 2747 2465 2933 2510; x_wconf 89' lang='lat' dir='ltr'><strong>noster</strong></span> <span class='ocrx_word' id='word_1_508' title='bbox 2987 2451 3309 2516; x_wconf 78' lang='lat' dir='ltr'><strong>resurrexit,</strong></span> <span class='ocrx_word' id='word_1_509' title='bbox 3341 2450 3478 2521; x_wconf 76' lang='lat' dir='ltr'><strong>ligu-</strong></span> 
     </span>
    </p>
   </div>
   <div class='ocr_carea' id='block_1_69' title="bbox 1894 2544 3477 2617">
    <p class='ocr_par' dir='ltr' id='par_1_69' title="bbox 1894 2544 3477 2617">
     <span class='ocr_line' id='line_1_69' title="bbox 1894 2544 3477 2617; baseline -0.009 -7"><span class='ocrx_word' id='word_1_510' title='bbox 1894 2573 2009 2611; x_wconf 84' lang='lat' dir='ltr'><strong>rain</strong></span> <span class='ocrx_word' id='word_1_511' title='bbox 2035 2555 2202 2609; x_wconf 88' lang='lat' dir='ltr'><strong>futuri</strong></span> <span class='ocrx_word' id='word_1_512' title='bbox 2236 2552 2442 2617; x_wconf 67' lang='lat' dir='ltr'><strong>saeculi,</strong></span> <span class='ocrx_word' id='word_1_513' title='bbox 2477 2561 2533 2606; x_wconf 90' lang='lat' dir='ltr'><strong>et</strong></span> <span class='ocrx_word' id='word_1_514' title='bbox 2569 2559 2908 2604; x_wconf 88' lang='lat' dir='ltr'><strong>mortuorum</strong></span> <span class='ocrx_word' id='word_1_515' title='bbox 2940 2544 3363 2601; x_wconf 91' lang='lat' dir='ltr'><strong>resurrectionis</strong></span> <span class='ocrx_word' id='word_1_516' title='bbox 3381 2559 3477 2612; x_wconf 84' lang='lat' dir='ltr'><strong>ge-</strong></span> 
     </span>
    </p>
   </div>
   <div class='ocr_carea' id='block_1_70' title="bbox 1893 2637 3471 2716">
    <p class='ocr_par' dir='ltr' id='par_1_70' title="bbox 1893 2637 3471 2716">
     <span class='ocr_line' id='line_1_70' title="bbox 1893 2637 3471 2716; baseline -0.009 -15"><span class='ocrx_word' id='word_1_517' title='bbox 1893 2649 1980 2709; x_wconf 93' lang='lat' dir='ltr'><strong>rit,</strong></span> <span class='ocrx_word' id='word_1_518' title='bbox 2012 2648 2064 2700; x_wconf 93' lang='lat' dir='ltr'><strong>in</strong></span> <span class='ocrx_word' id='word_1_519' title='bbox 2091 2661 2200 2716; x_wconf 92' lang='lat' dir='ltr'><strong>quo</strong></span> <span class='ocrx_word' id='word_1_520' title='bbox 2227 2646 2338 2715; x_wconf 87' lang='lat' dir='ltr'><strong>jam</strong></span> <span class='ocrx_word' id='word_1_521' title='bbox 2363 2660 2473 2698; x_wconf 91' lang='lat' dir='ltr'><strong>non</strong></span> <span class='ocrx_word' id='word_1_522' title='bbox 2503 2644 2628 2696; x_wconf 89' lang='lat' dir='ltr'><strong>licet</strong></span> <span class='ocrx_word' id='word_1_523' title='bbox 2654 2640 2892 2711; x_wconf 91' lang='lat' dir='ltr'><strong>operari,</strong></span> <span class='ocrx_word' id='word_1_524' title='bbox 2918 2639 3014 2693; x_wconf 92' lang='lat' dir='ltr'><strong>sed</strong></span> <span class='ocrx_word' id='word_1_525' title='bbox 3040 2637 3132 2708; x_wconf 89' lang='lat' dir='ltr'><strong>qui</strong></span> <span class='ocrx_word' id='word_1_526' title='bbox 3160 2653 3307 2690; x_wconf 89' lang='lat' dir='ltr'><strong>nunc</strong></span> <span class='ocrx_word' id='word_1_527' title='bbox 3337 2650 3471 2705; x_wconf 87' lang='lat' dir='ltr'><strong>ope-</strong></span> 
     </span>
    </p>
   </div>
   <div class='ocr_carea' id='block_1_71' title="bbox 1892 2725 3482 2802">
    <p class='ocr_par' dir='ltr' id='par_1_71' title="bbox 1892 2725 3482 2802">
     <span class='ocr_line' id='line_1_71' title="bbox 1892 2725 3482 2802; baseline -0.01 -8"><span class='ocrx_word' id='word_1_528' title='bbox 1892 2739 1993 2794; x_wconf 90' lang='lat' dir='ltr'><strong>rati</strong></span> <span class='ocrx_word' id='word_1_529' title='bbox 2023 2747 2170 2802; x_wconf 90' lang='lat' dir='ltr'><strong>sunt,</strong></span> <span class='ocrx_word' id='word_1_530' title='bbox 2195 2737 2304 2791; x_wconf 86' lang='lat' dir='ltr'><strong>illic</strong></span> <span class='ocrx_word' id='word_1_531' title='bbox 2331 2737 2396 2790; x_wconf 89' lang='lat' dir='ltr'><strong>ad</strong></span> <span class='ocrx_word' id='word_1_532' title='bbox 2427 2733 2843 2788; x_wconf 86' lang='lat' dir='ltr'><strong>retributionem</strong></span> <span class='ocrx_word' id='word_1_533' title='bbox 2908 2730 3156 2784; x_wconf 80' lang='lat' dir='ltr'><strong>veniunt.</strong></span> <span class='ocrx_word' id='word_1_534' title='bbox 3219 2725 3320 2792; x_wconf 90' lang='lat' dir='ltr'><strong>Qui</strong></span> <span class='ocrx_word' id='word_1_535' title='bbox 3353 2742 3482 2796; x_wconf 88' lang='lat' dir='ltr'><strong>ergo</strong></span> 
     </span>
    </p>
   </div>
   <div class='ocr_carea' id='block_1_72' title="bbox 1891 2818 3480 2898">
    <p class='ocr_par' dir='ltr' id='par_1_72' title="bbox 1891 2818 3480 2898">
     <span class='ocr_line' id='line_1_72' title="bbox 1891 2818 3480 2898; baseline -0.009 -11"><span class='ocrx_word' id='word_1_536' title='bbox 1891 2833 1968 2887; x_wconf 91' lang='lat' dir='ltr'><strong>sic</strong></span> <span class='ocrx_word' id='word_1_537' title='bbox 2004 2833 2093 2887; x_wconf 91' lang='lat' dir='ltr'><strong>hic</strong></span> <span class='ocrx_word' id='word_1_538' title='bbox 2142 2831 2291 2893; x_wconf 83' lang='lat' dir='ltr'><strong>vivit,</strong></span> <span class='ocrx_word' id='word_1_539' title='bbox 2340 2840 2596 2898; x_wconf 87' lang='lat' dir='ltr'><strong>tanquam</strong></span> <span class='ocrx_word' id='word_1_540' title='bbox 2650 2826 2758 2879; x_wconf 90' lang='lat' dir='ltr'><strong>illic</strong></span> <span class='ocrx_word' id='word_1_541' title='bbox 2797 2823 3045 2893; x_wconf 70' lang='lat' dir='ltr'><strong>quazdam</strong></span> <span class='ocrx_word' id='word_1_542' title='bbox 3126 2818 3480 2892; x_wconf 64' lang='lat' dir='ltr'><strong>praesentiunt</strong></span> 
     </span>
    </p>
   </div>
   <div class='ocr_carea' id='block_1_73' title="bbox 1890 2910 3481 2994">
    <p class='ocr_par' dir='ltr' id='par_1_73' title="bbox 1890 2910 3481 2994">
     <span class='ocr_line' id='line_1_73' title="bbox 1890 2910 3481 2994; baseline -0.012 -14"><span class='ocrx_word' id='word_1_543' title='bbox 1890 2933 2212 2994; x_wconf 69' lang='lat' dir='ltr'><strong>cperaturus</strong></span> <span class='ocrx_word' id='word_1_544' title='bbox 2242 2925 2328 2985; x_wconf 88' lang='lat' dir='ltr'><strong>sit,</strong></span> <span class='ocrx_word' id='word_1_545' title='bbox 2363 2931 2416 2974; x_wconf 90' lang='lat' dir='ltr'><strong>et</strong></span> <span class='ocrx_word' id='word_1_546' title='bbox 2445 2927 2734 2990; x_wconf 89' lang='lat' dir='ltr'><strong>propterea</strong></span> <span class='ocrx_word' id='word_1_547' title='bbox 2771 2914 3059 2970; x_wconf 90' lang='lat' dir='ltr'><strong>comedere</strong></span> <span class='ocrx_word' id='word_1_548' title='bbox 3094 2912 3252 2966; x_wconf 92' lang='lat' dir='ltr'><strong>tertia</strong></span> <span class='ocrx_word' id='word_1_549' title='bbox 3277 2910 3364 2964; x_wconf 92' lang='lat' dir='ltr'><strong>die</strong></span> <span class='ocrx_word' id='word_1_550' title='bbox 3394 2925 3481 2962; x_wconf 91' lang='lat' dir='ltr'><strong>sa-</strong></span> 
     </span>
    </p>
   </div>
   <div class='ocr_carea' id='block_1_74' title="bbox 1889 3004 3478 3085">
    <p class='ocr_par' dir='ltr' id='par_1_74' title="bbox 1889 3004 3478 3085">
     <span class='ocr_line' id='line_1_74' title="bbox 1889 3004 3478 3085; baseline -0.011 -14"><span class='ocrx_word' id='word_1_551' title='bbox 1889 3018 2158 3072; x_wconf 82' lang='lat' dir='ltr'><strong>criﬁcium</strong></span> <span class='ocrx_word' id='word_1_552' title='bbox 2192 3014 2566 3085; x_wconf 82' lang='lat' dir='ltr'><strong>paeilicorum,</strong></span> <span class='ocrx_word' id='word_1_553' title='bbox 2599 3010 2715 3064; x_wconf 90' lang='lat' dir='ltr'><strong>sive</strong></span> <span class='ocrx_word' id='word_1_554' title='bbox 2781 3008 3018 3061; x_wconf 89' lang='lat' dir='ltr'><strong>salutare</strong></span> <span class='ocrx_word' id='word_1_555' title='bbox 3046 3004 3264 3067; x_wconf 85' lang='lat' dir='ltr'><strong>dicitur,</strong></span> <span class='ocrx_word' id='word_1_556' title='bbox 3318 3017 3478 3072; x_wconf 91' lang='lat' dir='ltr'><strong>opus,</strong></span> 
     </span>
    </p>
   </div>
   <div class='ocr_carea' id='block_1_75' title="bbox 1890 3097 3482 3180">
    <p class='ocr_par' dir='ltr' id='par_1_75' title="bbox 1890 3097 3482 3180">
     <span class='ocr_line' id='line_1_75' title="bbox 1890 3097 3482 3180; baseline -0.013 -12"><span class='ocrx_word' id='word_1_557' title='bbox 1890 3121 2144 3168; x_wconf 85' lang='lat' dir='ltr'><strong>attrectat</strong></span> <span class='ocrx_word' id='word_1_558' title='bbox 2174 3129 2203 3164; x_wconf 88' lang='lat' dir='ltr'><strong>a</strong></span> <span class='ocrx_word' id='word_1_559' title='bbox 2235 3110 2542 3180; x_wconf 80' lang='lat' dir='ltr'><strong>legislature</strong></span> <span class='ocrx_word' id='word_1_560' title='bbox 2589 3104 2950 3177; x_wconf 88' lang='lat' dir='ltr'><strong>prohibitum,</strong></span> <span class='ocrx_word' id='word_1_561' title='bbox 2987 3103 3246 3153; x_wconf 86' lang='lat' dir='ltr'><strong>virtutem</strong></span> <span class='ocrx_word' id='word_1_562' title='bbox 3282 3097 3482 3164; x_wconf 76' lang='lat' dir='ltr'><strong>imper-</strong></span> 
     </span>
    </p>
   </div>
   <div class='ocr_carea' id='block_1_76' title="bbox 1817 3188 3482 3294">
    <p class='ocr_par' dir='ltr' id='par_1_76' title="bbox 1817 3188 3482 3294">
     <span class='ocr_line' id='line_1_76' title="bbox 1817 3188 3482 3294; baseline -0.014 -32"><span class='ocrx_word' id='word_1_563' title='bbox 1817 3239 1858 3294; x_wconf 66' lang='grc' dir='ltr'>ο</span> <span class='ocrx_word' id='word_1_564' title='bbox 1895 3207 2088 3261; x_wconf 82' lang='lat' dir='ltr'><strong>lectam</strong></span> <span class='ocrx_word' id='word_1_565' title='bbox 2118 3205 2458 3272; x_wconf 90' lang='lat' dir='ltr'><strong>relinquens,</strong></span> <span class='ocrx_word' id='word_1_566' title='bbox 2498 3200 2650 3254; x_wconf 77' lang='lat' dir='ltr'><strong>velut</strong></span> <span class='ocrx_word' id='word_1_567' title='bbox 2681 3197 2790 3252; x_wconf 92' lang='lat' dir='ltr'><strong>illic</strong></span> <span class='ocrx_word' id='word_1_568' title='bbox 2821 3203 3148 3264; x_wconf 85' lang='lat' dir='ltr'><strong>operaturus</strong></span> <span class='ocrx_word' id='word_1_569' title='bbox 3169 3189 3260 3253; x_wconf 87' lang='lat' dir='ltr'><strong>sit,</strong></span> <span class='ocrx_word' id='word_1_570' title='bbox 3298 3197 3353 3241; x_wconf 92' lang='lat' dir='ltr'><strong>et</strong></span> <span class='ocrx_word' id='word_1_571' title='bbox 3379 3188 3482 3240; x_wconf 89' lang='lat' dir='ltr'><strong>hu-</strong></span> 
     </span>
    </p>
   </div>
   <div class='ocr_carea' id='block_1_77' title="bbox 1887 3287 3483 3364">
    <p class='ocr_par' dir='ltr' id='par_1_77' title="bbox 1887 3287 3483 3364">
     <span class='ocr_line' id='line_1_77' title="bbox 1887 3287 3483 3364; baseline -0.013 -15"><span class='ocrx_word' id='word_1_572' title='bbox 1887 3295 1978 3364; x_wconf 92' lang='lat' dir='ltr'><strong>jus</strong></span> <span class='ocrx_word' id='word_1_573' title='bbox 2003 3291 2328 3348; x_wconf 83' lang='lat' dir='ltr'><strong>sacriticinm</strong></span> <span class='ocrx_word' id='word_1_574' title='bbox 2355 3289 2661 3343; x_wconf 80' lang='lat' dir='ltr'><strong>rectissime</strong></span> <span class='ocrx_word' id='word_1_575' title='bbox 2716 3293 3005 3354; x_wconf 81' lang='lat' dir='ltr'><strong>acceptum</strong></span> <span class='ocrx_word' id='word_1_576' title='bbox 3058 3295 3168 3334; x_wconf 90' lang='lat' dir='ltr'><strong>non</strong></span> <span class='ocrx_word' id='word_1_577' title='bbox 3209 3287 3311 3342; x_wconf 89' lang='lat' dir='ltr'><strong>est,</strong></span> <span class='ocrx_word' id='word_1_578' title='bbox 3381 3291 3483 3330; x_wconf 83' lang='lat' dir='ltr'><strong>nec</strong></span> 
     </span>
    </p>
   </div>
   <div class='ocr_carea' id='block_1_78' title="bbox 1891 3369 3483 3453">
    <p class='ocr_par' dir='ltr' id='par_1_78' title="bbox 1891 3369 3483 3453">
     <span class='ocr_line' id='line_1_78' title="bbox 1891 3369 3483 3453; baseline -0.014 -12"><span class='ocrx_word' id='word_1_579' title='bbox 1891 3389 1999 3442; x_wconf 87' lang='lat' dir='ltr'><strong>vita</strong></span> <span class='ocrx_word' id='word_1_580' title='bbox 2021 3393 2270 3453; x_wconf 88' lang='lat' dir='ltr'><strong>correpta</strong></span> <span class='ocrx_word' id='word_1_581' title='bbox 2299 3390 2400 3437; x_wconf 86' lang='lat' dir='ltr'><strong>est.</strong></span> <span class='ocrx_word' id='word_1_582' title='bbox 2430 3381 2536 3433; x_wconf 90' lang='lat' dir='ltr'><strong>Sed</strong></span> <span class='ocrx_word' id='word_1_583' title='bbox 2567 3379 2658 3449; x_wconf 92' lang='lat' dir='ltr'><strong>qui</strong></span> <span class='ocrx_word' id='word_1_584' title='bbox 2688 3377 2850 3431; x_wconf 85' lang='lat' dir='ltr'><strong>talem</strong></span> <span class='ocrx_word' id='word_1_585' title='bbox 2876 3369 3201 3441; x_wconf 85' lang='lat' dir='ltr'><strong>sibimetipsi</strong></span> <span class='ocrx_word' id='word_1_586' title='bbox 3225 3377 3483 3438; x_wconf 80' lang='lat' dir='ltr'><strong>operatur</strong></span> 
     </span>
    </p>
   </div>
   <div class='ocr_carea' id='block_1_79' title="bbox 1891 3461 3479 3544">
    <p class='ocr_par' dir='ltr' id='par_1_79' title="bbox 1891 3461 3479 3544">
     <span class='ocr_line' id='line_1_79' title="bbox 1891 3461 3479 3544; baseline -0.012 -13"><span class='ocrx_word' id='word_1_587' title='bbox 1891 3478 2169 3540; x_wconf 78' lang='lat' dir='ltr'><strong>virtutem,</strong></span> <span class='ocrx_word' id='word_1_588' title='bbox 2202 3474 2543 3544; x_wconf 80' lang='lat' dir='ltr'><strong>iniquitatem</strong></span> <span class='ocrx_word' id='word_1_589' title='bbox 2577 3486 2730 3524; x_wconf 89' lang='lat' dir='ltr'><strong>suam</strong></span> <span class='ocrx_word' id='word_1_590' title='bbox 2783 3465 3037 3537; x_wconf 88' lang='lat' dir='ltr'><strong>portabit,</strong></span> <span class='ocrx_word' id='word_1_591' title='bbox 3074 3463 3223 3533; x_wconf 87' lang='lat' dir='ltr'><strong>prius</strong></span> <span class='ocrx_word' id='word_1_592' title='bbox 3262 3461 3479 3530; x_wconf 85' lang='lat' dir='ltr'><strong>quidem</strong></span> 
     </span>
    </p>
   </div>
   <div class='ocr_carea' id='block_1_80' title="bbox 1891 3553 3473 3638">
    <p class='ocr_par' dir='ltr' id='par_1_80' title="bbox 1891 3553 3473 3638">
     <span class='ocr_line' id='line_1_80' title="bbox 1891 3553 3473 3638; baseline -0.012 -15"><span class='ocrx_word' id='word_1_593' title='bbox 1891 3568 2206 3638; x_wconf 87' lang='lat' dir='ltr'><strong>imperfecte</strong></span> <span class='ocrx_word' id='word_1_594' title='bbox 2232 3580 2489 3636; x_wconf 87' lang='lat' dir='ltr'><strong>operans,</strong></span> <span class='ocrx_word' id='word_1_595' title='bbox 2523 3563 2721 3618; x_wconf 89' lang='lat' dir='ltr'><strong>deinde</strong></span> <span class='ocrx_word' id='word_1_596' title='bbox 2757 3569 2814 3614; x_wconf 75' lang='lat' dir='ltr'><strong>at</strong></span> <span class='ocrx_word' id='word_1_597' title='bbox 2846 3561 3101 3629; x_wconf 87' lang='lat' dir='ltr'><strong>ingerens</strong></span> <span class='ocrx_word' id='word_1_598' title='bbox 3140 3553 3473 3611; x_wconf 87' lang='lat' dir='ltr'><strong>calumniam</strong></span> 
     </span>
    </p>
   </div>
   <div class='ocr_carea' id='block_1_81' title="bbox 1890 3648 3483 3730">
    <p class='ocr_par' dir='ltr' id='par_1_81' title="bbox 1890 3648 3483 3730">
     <span class='ocr_line' id='line_1_81' title="bbox 1890 3648 3483 3730; baseline -0.013 -13"><span class='ocrx_word' id='word_1_599' title='bbox 1890 3662 2088 3717; x_wconf 77' lang='lat' dir='ltr'><strong>divina:</strong></span> <span class='ocrx_word' id='word_1_600' title='bbox 2115 3659 2238 3730; x_wconf 85' lang='lat' dir='ltr'><strong>legi,</strong></span> <span class='ocrx_word' id='word_1_601' title='bbox 2273 3667 2330 3712; x_wconf 93' lang='lat' dir='ltr'><strong>et</strong></span> <span class='ocrx_word' id='word_1_602' title='bbox 2363 3657 2559 3726; x_wconf 81' lang='lat' dir='ltr'><strong>dogma</strong></span> <span class='ocrx_word' id='word_1_603' title='bbox 2602 3652 2968 3709; x_wconf 89' lang='lat' dir='ltr'><strong>disseminans</strong></span> <span class='ocrx_word' id='word_1_604' title='bbox 3027 3648 3253 3717; x_wconf 89' lang='lat' dir='ltr'><strong>impium</strong></span> <span class='ocrx_word' id='word_1_605' title='bbox 3321 3653 3483 3713; x_wconf 89' lang='lat' dir='ltr'><strong>atque</strong></span> 
     </span>
    </p>
   </div>
   <div class='ocr_carea' id='block_1_82' title="bbox 1890 3735 3482 3819">
    <p class='ocr_par' dir='ltr' id='par_1_82' title="bbox 1890 3735 3482 3819">
     <span class='ocr_line' id='line_1_82' title="bbox 1890 3735 3482 3819; baseline -0.011 -13"><span class='ocrx_word' id='word_1_606' title='bbox 1890 3753 2150 3810; x_wconf 89' lang='lat' dir='ltr'><strong>alienum,</strong></span> <span class='ocrx_word' id='word_1_607' title='bbox 2181 3751 2344 3819; x_wconf 82' lang='lat' dir='ltr'><strong>hujus</strong></span> <span class='ocrx_word' id='word_1_608' title='bbox 2361 3748 2540 3802; x_wconf 90' lang='lat' dir='ltr'><strong>anima</strong></span> <span class='ocrx_word' id='word_1_609' title='bbox 2558 3747 2698 3817; x_wconf 91' lang='lat' dir='ltr'><strong>perit</strong></span> <span class='ocrx_word' id='word_1_610' title='bbox 2726 3745 2794 3798; x_wconf 87' lang='lat' dir='ltr'><strong>de</strong></span> <span class='ocrx_word' id='word_1_611' title='bbox 2820 3741 3022 3813; x_wconf 84' lang='lat' dir='ltr'><strong>populo</strong></span> <span class='ocrx_word' id='word_1_612' title='bbox 3053 3755 3172 3795; x_wconf 90' lang='lat' dir='ltr'><strong>suo.</strong></span> <span class='ocrx_word' id='word_1_613' title='bbox 3205 3737 3264 3791; x_wconf 86' lang='lat' dir='ltr'><strong>In</strong></span> <span class='ocrx_word' id='word_1_614' title='bbox 3281 3735 3482 3807; x_wconf 86' lang='lat' dir='ltr'><strong>populo</strong></span> 
     </span>
    </p>
   </div>
   <div class='ocr_carea' id='block_1_83' title="bbox 1890 3825 3476 3911">
    <p class='ocr_par' dir='ltr' id='par_1_83' title="bbox 1890 3825 3476 3911">
     <span class='ocr_line' id='line_1_83' title="bbox 1890 3825 3476 3911; baseline -0.013 -12"><span class='ocrx_word' id='word_1_615' title='bbox 1890 3853 2072 3899; x_wconf 88' lang='lat' dir='ltr'><strong>autem</strong></span> <span class='ocrx_word' id='word_1_616' title='bbox 2111 3842 2201 3911; x_wconf 81' lang='lat' dir='ltr'><strong>qui</strong></span> <span class='ocrx_word' id='word_1_617' title='bbox 2227 3839 2486 3901; x_wconf 84' lang='lat' dir='ltr'><strong>salvetur,</strong></span> <span class='ocrx_word' id='word_1_618' title='bbox 2512 3853 2622 3890; x_wconf 92' lang='lat' dir='ltr'><strong>non</strong></span> <span class='ocrx_word' id='word_1_619' title='bbox 2660 3833 3027 3897; x_wconf 83' lang='lat' dir='ltr'><strong>ordinabitur,</strong></span> <span class='ocrx_word' id='word_1_620' title='bbox 3090 3829 3218 3900; x_wconf 89' lang='lat' dir='ltr'><strong>quia</strong></span> <span class='ocrx_word' id='word_1_621' title='bbox 3251 3825 3476 3896; x_wconf 90' lang='lat' dir='ltr'><strong>reliquit</strong></span> 
     </span>
    </p>
   </div>
   <div class='ocr_carea' id='block_1_84' title="bbox 1891 3917 3480 4006">
    <p class='ocr_par' dir='ltr' id='par_1_84' title="bbox 1891 3917 3480 4006">
     <span class='ocr_line' id='line_1_84' title="bbox 1891 3917 3480 4006; baseline -0.011 -17"><span class='ocrx_word' id='word_1_622' title='bbox 1891 3935 2264 4006; x_wconf 86' lang='lat' dir='ltr'><strong>imperfectam</strong></span> <span class='ocrx_word' id='word_1_623' title='bbox 2299 3933 2484 3994; x_wconf 89' lang='lat' dir='ltr'><strong>vitam,</strong></span> <span class='ocrx_word' id='word_1_624' title='bbox 2528 3945 2649 3998; x_wconf 84' lang='lat' dir='ltr'><strong>quae</strong></span> <span class='ocrx_word' id='word_1_625' title='bbox 2699 3943 2824 3982; x_wconf 90' lang='lat' dir='ltr'><strong>eum</strong></span> <span class='ocrx_word' id='word_1_626' title='bbox 2886 3926 3095 3980; x_wconf 87' lang='lat' dir='ltr'><strong>salvare</strong></span> <span class='ocrx_word' id='word_1_627' title='bbox 3146 3929 3380 3992; x_wconf 87' lang='lat' dir='ltr'><strong>poterat,</strong></span> <span class='ocrx_word' id='word_1_628' title='bbox 3435 3917 3480 3972; x_wconf 88' lang='lat' dir='ltr'><strong>si</strong></span> 
     </span>
    </p>
   </div>
   <div class='ocr_carea' id='block_1_85' title="bbox 1889 4031 2490 4081">
    <p class='ocr_par' dir='ltr' id='par_1_85' title="bbox 1889 4031 2490 4081">
     <span class='ocr_line' id='line_1_85' title="bbox 1889 4031 2490 4081; baseline -0.012 0"><span class='ocrx_word' id='word_1_629' title='bbox 1889 4044 2009 4081; x_wconf 72' lang='lat'><strong>0.1&quot;]</strong></span> <span class='ocrx_word' id='word_1_630' title='bbox 2032 4040 2258 4080; x_wconf 89' lang='lat' dir='ltr'><strong>consum</strong></span> <span class='ocrx_word' id='word_1_631' title='bbox 2268 4031 2490 4076; x_wconf 88' lang='lat' dir='ltr'><strong>massct.</strong></span> 
     </span>
    </p>
   </div>
   <div class='ocr_carea' id='block_1_86' title="bbox 1960 4109 3478 4180">
    <p class='ocr_par' dir='ltr' id='par_1_86' title="bbox 1960 4109 3478 4180">
     <span class='ocr_line' id='line_1_86' title="bbox 1960 4109 3478 4180; baseline -0.012 -7"><span class='ocrx_word' id='word_1_632' title='bbox 1960 4118 2125 4173; x_wconf 70' lang='lat' dir='ltr'><strong>Vens.</strong></span> <span class='ocrx_word' id='word_1_633' title='bbox 2157 4119 2209 4180; x_wconf 86' lang='lat'><strong>9,</strong></span> <span class='ocrx_word' id='word_1_634' title='bbox 2252 4116 2331 4170; x_wconf 91' lang='lat' dir='ltr'><strong>l0.</strong></span> <span class='ocrx_word' id='word_1_635' title='bbox 2365 4134 2381 4164; x_wconf 86' lang='grc'><em>‹</em></span> <span class='ocrx_word' id='word_1_636' title='bbox 2421 4113 2556 4167; x_wconf 88' lang='lat' dir='ltr'><strong>Cum</strong></span> <span class='ocrx_word' id='word_1_637' title='bbox 2588 4109 2884 4165; x_wconf 81' lang='lat' dir='ltr'><strong>messueris</strong></span> <span class='ocrx_word' id='word_1_638' title='bbox 2913 4114 3126 4177; x_wconf 88' lang='lat' dir='ltr'><strong>segetes</strong></span> <span class='ocrx_word' id='word_1_639' title='bbox 3157 4113 3321 4158; x_wconf 77' lang='lat' dir='ltr'><strong>terrae</strong></span> <span class='ocrx_word' id='word_1_640' title='bbox 3351 4110 3478 4164; x_wconf 62' lang='lat' dir='ltr'><strong>tua},</strong></span> 
     </span>
    </p>
   </div>
   <div class='ocr_carea' id='block_1_87' title="bbox 1893 4197 3478 4276">
    <p class='ocr_par' dir='ltr' id='par_1_87' title="bbox 1893 4197 3478 4276">
     <span class='ocr_line' id='line_1_87' title="bbox 1893 4197 3478 4276; baseline -0.011 -10"><span class='ocrx_word' id='word_1_641' title='bbox 1893 4230 1998 4267; x_wconf 88' lang='lat' dir='ltr'><strong>non</strong></span> <span class='ocrx_word' id='word_1_642' title='bbox 2033 4210 2282 4265; x_wconf 90' lang='lat' dir='ltr'><strong>tondebis</strong></span> <span class='ocrx_word' id='word_1_643' title='bbox 2317 4221 2488 4276; x_wconf 87' lang='lat' dir='ltr'><strong>usque</strong></span> <span class='ocrx_word' id='word_1_644' title='bbox 2548 4203 2614 4257; x_wconf 90' lang='lat' dir='ltr'><strong>ad</strong></span> <span class='ocrx_word' id='word_1_645' title='bbox 2680 4202 2852 4254; x_wconf 86' lang='lat' dir='ltr'><strong>solam</strong></span> <span class='ocrx_word' id='word_1_646' title='bbox 2900 4197 3249 4269; x_wconf 84' lang='lat' dir='ltr'><strong>superficiem</strong></span> <span class='ocrx_word' id='word_1_647' title='bbox 3302 4204 3478 4258; x_wconf 82' lang='lat' dir='ltr'><strong>teme,</strong></span> 
     </span>
    </p>
   </div>
   <div class='ocr_carea' id='block_1_88' title="bbox 1891 4289 3480 4365">
    <p class='ocr_par' dir='ltr' id='par_1_88' title="bbox 1891 4289 3480 4365">
     <span class='ocr_line' id='line_1_88' title="bbox 1891 4289 3480 4365; baseline -0.013 -8"><span class='ocrx_word' id='word_1_648' title='bbox 1891 4318 1992 4357; x_wconf 91' lang='lat' dir='ltr'><strong>nec</strong></span> <span class='ocrx_word' id='word_1_649' title='bbox 2023 4309 2370 4355; x_wconf 86' lang='lat' dir='ltr'><strong>remanentes</strong></span> <span class='ocrx_word' id='word_1_650' title='bbox 2395 4296 2573 4365; x_wconf 88' lang='lat' dir='ltr'><strong>spicas</strong></span> <span class='ocrx_word' id='word_1_651' title='bbox 2604 4293 2847 4361; x_wconf 89' lang='lat' dir='ltr'><strong>colliges,</strong></span> <span class='ocrx_word' id='word_1_652' title='bbox 2877 4305 3056 4359; x_wconf 88' lang='lat' dir='ltr'><strong>neque</strong></span> <span class='ocrx_word' id='word_1_653' title='bbox 3094 4289 3149 4342; x_wconf 93' lang='lat' dir='ltr'><strong>in</strong></span> <span class='ocrx_word' id='word_1_654' title='bbox 3173 4289 3328 4342; x_wconf 78' lang='lat' dir='ltr'><strong>vinea</strong></span> <span class='ocrx_word' id='word_1_655' title='bbox 3391 4295 3480 4339; x_wconf 87' lang='lat' dir='ltr'><strong>tua</strong></span> 
     </span>
    </p>
   </div>
   <div class='ocr_carea' id='block_1_89' title="bbox 1892 4379 3482 4460">
    <p class='ocr_par' dir='ltr' id='par_1_89' title="bbox 1892 4379 3482 4460">
     <span class='ocr_line' id='line_1_89' title="bbox 1892 4379 3482 4460; baseline -0.011 -12"><span class='ocrx_word' id='word_1_656' title='bbox 1892 4409 2151 4455; x_wconf 89' lang='lat' dir='ltr'><strong>racemos,</strong></span> <span class='ocrx_word' id='word_1_657' title='bbox 2188 4400 2242 4444; x_wconf 91' lang='lat' dir='ltr'><strong>et</strong></span> <span class='ocrx_word' id='word_1_658' title='bbox 2264 4404 2430 4460; x_wconf 86' lang='lat' dir='ltr'><strong>grana</strong></span> <span class='ocrx_word' id='word_1_659' title='bbox 2468 4385 2775 4440; x_wconf 82' lang='lat' dir='ltr'><strong>deeidentia</strong></span> <span class='ocrx_word' id='word_1_660' title='bbox 2819 4381 3193 4452; x_wconf 87' lang='lat' dir='ltr'><strong>congregabis,</strong></span> <span class='ocrx_word' id='word_1_661' title='bbox 3228 4379 3322 4433; x_wconf 79' lang='lat' dir='ltr'><strong>sed.</strong></span> <span class='ocrx_word' id='word_1_662' title='bbox 3345 4393 3482 4447; x_wconf 85' lang='lat' dir='ltr'><strong>pau-</strong></span> 
     </span>
    </p>
   </div>
   <div class='ocr_carea' id='block_1_90' title="bbox 1895 4468 3482 4552">
    <p class='ocr_par' dir='ltr' id='par_1_90' title="bbox 1895 4468 3482 4552">
     <span class='ocr_line' id='line_1_90' title="bbox 1895 4468 3482 4552; baseline -0.009 -18"><span class='ocrx_word' id='word_1_663' title='bbox 1895 4482 2117 4552; x_wconf 87' lang='lat' dir='ltr'><strong>peribus</strong></span> <span class='ocrx_word' id='word_1_664' title='bbox 2146 4488 2201 4533; x_wconf 90' lang='lat' dir='ltr'><strong>et</strong></span> <span class='ocrx_word' id='word_1_665' title='bbox 2247 4477 2551 4548; x_wconf 78' lang='lat' dir='ltr'><strong>peregrinis</strong></span> <span class='ocrx_word' id='word_1_666' title='bbox 2617 4473 2890 4542; x_wconf 87' lang='lat' dir='ltr'><strong>carpenda</strong></span> <span class='ocrx_word' id='word_1_667' title='bbox 2915 4472 3176 4525; x_wconf 91' lang='lat' dir='ltr'><strong>dimittes.</strong></span> <span class='ocrx_word' id='word_1_668' title='bbox 3213 4470 3325 4539; x_wconf 86' lang='lat' dir='ltr'><strong>Ego</strong></span> <span class='ocrx_word' id='word_1_669' title='bbox 3373 4468 3482 4521; x_wconf 83' lang='lat' dir='ltr'><strong>Do-</strong></span> 
     </span>
    </p>
   </div>
   <div class='ocr_carea' id='block_1_91' title="bbox 201 4565 2532 4634">
    <p class='ocr_par' dir='ltr' id='par_1_91' title="bbox 201 4565 2532 4634">
     <span class='ocr_line' id='line_1_91' title="bbox 201 4565 2532 4634; baseline 0.002 -15"><span class='ocrx_word' id='word_1_670' title='bbox 201 4581 380 4626; x_wconf 87' lang='lat' dir='ltr'><strong>suam,</strong></span> <span class='ocrx_word' id='word_1_671' title='bbox 401 4565 526 4633; x_wconf 84' lang='lat' dir='ltr'><strong>quia</strong></span> <span class='ocrx_word' id='word_1_672' title='bbox 553 4565 1033 4630; x_wconf 11' lang='lat' dir='ltr'><strong>sanctnmlDomini</strong></span> <span class='ocrx_word' id='word_1_673' title='bbox 1053 4567 1268 4634; x_wconf 91' lang='lat' dir='ltr'><strong>polluit,</strong></span> <span class='ocrx_word' id='word_1_674' title='bbox 1301 4575 1355 4619; x_wconf 91' lang='lat' dir='ltr'><strong>et</strong></span> <span class='ocrx_word' id='word_1_675' title='bbox 1379 4568 1579 4634; x_wconf 84' lang='lat' dir='ltr'><strong>peribit</strong></span> <span class='ocrx_word' id='word_1_676' title='bbox 1605 4569 1784 4620; x_wconf 86' lang='lat' dir='ltr'><strong>anima</strong></span> <span class='ocrx_word' id='word_1_677' title='bbox 1821 4570 1866 4628; x_wconf 83' lang='grc' dir='ltr'><strong>Ι)</strong></span> <span class='ocrx_word' id='word_1_678' title='bbox 1895 4573 2076 4626; x_wconf 88' lang='lat' dir='ltr'><strong>minus</strong></span> <span class='ocrx_word' id='word_1_679' title='bbox 2110 4571 2251 4623; x_wconf 91' lang='lat' dir='ltr'><strong>Deus</strong></span> <span class='ocrx_word' id='word_1_680' title='bbox 2274 4577 2456 4623; x_wconf 84' lang='lat' dir='ltr'><strong>vester</strong></span> <span class='ocrx_word' id='word_1_681' title='bbox 2515 4586 2532 4617; x_wconf 74' lang='grc' dir='ltr'><strong><em>ι</em></strong></span> 
     </span>
    </p>
   </div>
   <div class='ocr_carea' id='block_1_92' title="bbox 202 4655 824 4724">
    <p class='ocr_par' dir='ltr' id='par_1_92' title="bbox 202 4655 824 4724">
     <span class='ocr_line' id='line_1_92' title="bbox 202 4655 824 4724; baseline -0.011 -14"><span class='ocrx_word' id='word_1_682' title='bbox 202 4658 293 4710; x_wconf 90' lang='lat' dir='ltr'><strong>illa</strong></span> <span class='ocrx_word' id='word_1_683' title='bbox 323 4657 390 4710; x_wconf 91' lang='lat' dir='ltr'><strong>de</strong></span> <span class='ocrx_word' id='word_1_684' title='bbox 415 4655 616 4724; x_wconf 83' lang='lat' dir='ltr'><strong>populo</strong></span> <span class='ocrx_word' id='word_1_685' title='bbox 637 4669 758 4708; x_wconf 88' lang='lat' dir='ltr'><strong>suo.</strong></span> <span class='ocrx_word' id='word_1_686' title='bbox 807 4671 824 4703; x_wconf 82' lang='grc' dir='ltr'><strong><em>ι</em></strong></span> 
     </span>
    </p>
   </div>
   <div class='ocr_carea' id='block_1_93' title="bbox 279 4745 1785 4818">
    <p class='ocr_par' dir='ltr' id='par_1_93' title="bbox 279 4745 1785 4818">
     <span class='ocr_line' id='line_1_93' title="bbox 279 4745 1785 4818; baseline 0.001 -17"><span class='ocrx_word' id='word_1_687' title='bbox 279 4745 476 4801; x_wconf 84' lang='lat' dir='ltr'><strong>Omnia</strong></span> <span class='ocrx_word' id='word_1_688' title='bbox 509 4747 750 4816; x_wconf 89' lang='lat' dir='ltr'><strong>quidem,</strong></span> <span class='ocrx_word' id='word_1_689' title='bbox 785 4754 846 4800; x_wconf 89' lang='lat' dir='ltr'><strong>ut</strong></span> <span class='ocrx_word' id='word_1_690' title='bbox 891 4745 962 4799; x_wconf 90' lang='lat' dir='ltr'><strong>ita</strong></span> <span class='ocrx_word' id='word_1_691' title='bbox 996 4746 1265 4810; x_wconf 88' lang='lat' dir='ltr'><strong>dicamus,</strong></span> <span class='ocrx_word' id='word_1_692' title='bbox 1298 4746 1505 4817; x_wconf 74' lang='lat' dir='ltr'><strong>Moyses</strong></span> <span class='ocrx_word' id='word_1_693' title='bbox 1533 4747 1663 4818; x_wconf 87' lang='lat' dir='ltr'><strong>legis</strong></span> <span class='ocrx_word' id='word_1_694' title='bbox 1693 4763 1785 4802; x_wconf 89' lang='lat' dir='ltr'><strong>ca-</strong></span> 
     </span>
    </p>
   </div>
   <div class='ocr_carea' id='block_1_94' title="bbox 201 4840 1784 4912">
    <p class='ocr_par' dir='ltr' id='par_1_94' title="bbox 201 4840 1784 4912">
     <span class='ocr_line' id='line_1_94' title="bbox 201 4840 1784 4912; baseline 0.001 -18"><span class='ocrx_word' id='word_1_695' title='bbox 201 4841 374 4912; x_wconf 85' lang='lat' dir='ltr'><strong>pitula</strong></span> <span class='ocrx_word' id='word_1_696' title='bbox 427 4840 510 4893; x_wconf 90' lang='lat' dir='ltr'><strong>bis</strong></span> <span class='ocrx_word' id='word_1_697' title='bbox 544 4849 732 4908; x_wconf 89' lang='lat' dir='ltr'><strong>terque</strong></span> <span class='ocrx_word' id='word_1_698' title='bbox 762 4840 962 4908; x_wconf 82' lang='lat' dir='ltr'><strong>pepulo</strong></span> <span class='ocrx_word' id='word_1_699' title='bbox 993 4841 1272 4908; x_wconf 68' lang='lat' dir='ltr'><strong>praecepit,</strong></span> <span class='ocrx_word' id='word_1_700' title='bbox 1306 4840 1580 4909; x_wconf 90' lang='lat' dir='ltr'><strong>frequenti</strong></span> <span class='ocrx_word' id='word_1_701' title='bbox 1616 4843 1784 4896; x_wconf 86' lang='lat' dir='ltr'><strong>tradi-</strong></span> 
     </span>
    </p>
   </div>
   <div class='ocr_carea' id='block_1_95' title="bbox 202 4931 1780 5005">
    <p class='ocr_par' dir='ltr' id='par_1_95' title="bbox 202 4931 1780 5005">
     <span class='ocr_line' id='line_1_95' title="bbox 202 4931 1780 5005; baseline 0.001 -17"><span class='ocrx_word' id='word_1_702' title='bbox 202 4935 353 4988; x_wconf 88' lang='lat' dir='ltr'><strong>tione</strong></span> <span class='ocrx_word' id='word_1_703' title='bbox 398 4931 715 4985; x_wconf 85' lang='lat' dir='ltr'><strong>memoriam</strong></span> <span class='ocrx_word' id='word_1_704' title='bbox 759 4945 950 4985; x_wconf 88' lang='lat' dir='ltr'><strong>eorum</strong></span> <span class='ocrx_word' id='word_1_705' title='bbox 995 4931 1339 4987; x_wconf 89' lang='lat' dir='ltr'><strong>auditoribus</strong></span> <span class='ocrx_word' id='word_1_706' title='bbox 1409 4935 1780 5005; x_wconf 79' lang='lat' dir='ltr'><strong>promulgatis.</strong></span> 
     </span>
    </p>
   </div>
   <div class='ocr_carea' id='block_1_96' title="bbox 201 5022 1782 5091">
    <p class='ocr_par' dir='ltr' id='par_1_96' title="bbox 201 5022 1782 5091">
     <span class='ocr_line' id='line_1_96' title="bbox 201 5022 1782 5091; baseline 0 -15"><span class='ocrx_word' id='word_1_707' title='bbox 201 5023 370 5076; x_wconf 82' lang='lat' dir='ltr'><strong>Multo</strong></span> <span class='ocrx_word' id='word_1_708' title='bbox 385 5022 554 5091; x_wconf 89' lang='lat' dir='ltr'><strong>magis</strong></span> <span class='ocrx_word' id='word_1_709' title='bbox 582 5031 762 5075; x_wconf 89' lang='lat' dir='ltr'><strong>tamen</strong></span> <span class='ocrx_word' id='word_1_710' title='bbox 793 5022 1045 5075; x_wconf 88' lang='lat' dir='ltr'><strong>mandata</strong></span> <span class='ocrx_word' id='word_1_711' title='bbox 1087 5037 1212 5091; x_wconf 66' lang='lat' dir='ltr'><strong>quae</strong></span> <span class='ocrx_word' id='word_1_712' title='bbox 1235 5023 1608 5076; x_wconf 89' lang='lat' dir='ltr'><strong>necessariora</strong></span> <span class='ocrx_word' id='word_1_713' title='bbox 1634 5033 1782 5087; x_wconf 88' lang='lat' dir='ltr'><strong>sunt,</strong></span> 
     </span>
    </p>
   </div>
   <div class='ocr_carea' id='block_1_97' title="bbox 202 5113 1786 5182">
    <p class='ocr_par' dir='ltr' id='par_1_97' title="bbox 202 5113 1786 5182">
     <span class='ocr_line' id='line_1_97' title="bbox 202 5113 1786 5182; baseline -0.001 -12"><span class='ocrx_word' id='word_1_714' title='bbox 202 5116 422 5170; x_wconf 89' lang='lat' dir='ltr'><strong>sicutet</strong></span> <span class='ocrx_word' id='word_1_715' title='bbox 471 5129 709 5182; x_wconf 65' lang='lat' dir='ltr'><strong>praesens</strong></span> <span class='ocrx_word' id='word_1_716' title='bbox 762 5113 1115 5179; x_wconf 87' lang='lat' dir='ltr'><strong>mandatum;</strong></span> <span class='ocrx_word' id='word_1_717' title='bbox 1154 5121 1378 5182; x_wconf 88' lang='lat' dir='ltr'><strong>propter</strong></span> <span class='ocrx_word' id='word_1_718' title='bbox 1397 5115 1540 5182; x_wconf 88' lang='lat' dir='ltr'><strong>quod</strong></span> <span class='ocrx_word' id='word_1_719' title='bbox 1566 5124 1619 5168; x_wconf 90' lang='lat' dir='ltr'><strong>et</strong></span> <span class='ocrx_word' id='word_1_720' title='bbox 1657 5115 1786 5169; x_wconf 91' lang='lat' dir='ltr'><strong>illud</strong></span> 
     </span>
    </p>
   </div>
   <div class='ocr_carea' id='block_1_98' title="bbox 203 5205 1786 5276">
    <p class='ocr_par' dir='ltr' id='par_1_98' title="bbox 203 5205 1786 5276">
     <span class='ocr_line' id='line_1_98' title="bbox 203 5205 1786 5276; baseline 0.003 -18"><span class='ocrx_word' id='word_1_721' title='bbox 203 5221 514 5276; x_wconf 52' lang='lat' dir='ltr'><strong>proponens</strong></span> <span class='ocrx_word' id='word_1_722' title='bbox 545 5205 774 5273; x_wconf 90' lang='lat' dir='ltr'><strong>pridem,</strong></span> <span class='ocrx_word' id='word_1_723' title='bbox 833 5219 957 5258; x_wconf 89' lang='lat' dir='ltr'><strong>cum</strong></span> <span class='ocrx_word' id='word_1_724' title='bbox 1009 5205 1076 5258; x_wconf 88' lang='lat' dir='ltr'><strong>de</strong></span> <span class='ocrx_word' id='word_1_725' title='bbox 1125 5205 1404 5259; x_wconf 84' lang='lat' dir='ltr'><strong>sacrificiis</strong></span> <span class='ocrx_word' id='word_1_726' title='bbox 1448 5208 1786 5275; x_wconf 70' lang='lat' dir='ltr'><strong>praeciperet,</strong></span> 
     </span>
    </p>
   </div>
   <div class='ocr_carea' id='block_1_99' title="bbox 202 5295 1790 5365">
    <p class='ocr_par' dir='ltr' id='par_1_99' title="bbox 202 5295 1790 5365">
     <span class='ocr_line' id='line_1_99' title="bbox 202 5295 1790 5365; baseline 0.001 -15"><span class='ocrx_word' id='word_1_727' title='bbox 202 5313 330 5351; x_wconf 90' lang='lat' dir='ltr'><strong>cum</strong></span> <span class='ocrx_word' id='word_1_728' title='bbox 361 5307 417 5350; x_wconf 91' lang='lat' dir='ltr'><strong>et</strong></span> <span class='ocrx_word' id='word_1_729' title='bbox 438 5312 538 5350; x_wconf 91' lang='lat' dir='ltr'><strong>nos</strong></span> <span class='ocrx_word' id='word_1_730' title='bbox 574 5297 732 5365; x_wconf 89' lang='lat' dir='ltr'><strong>plene</strong></span> <span class='ocrx_word' id='word_1_731' title='bbox 764 5296 831 5349; x_wconf 91' lang='lat' dir='ltr'><strong>de</strong></span> <span class='ocrx_word' id='word_1_732' title='bbox 854 5295 1028 5349; x_wconf 89' lang='lat' dir='ltr'><strong>hocin</strong></span> <span class='ocrx_word' id='word_1_733' title='bbox 1075 5297 1256 5365; x_wconf 91' lang='lat' dir='ltr'><strong>primo</strong></span> <span class='ocrx_word' id='word_1_734' title='bbox 1286 5297 1425 5350; x_wconf 91' lang='lat' dir='ltr'><strong>libro</strong></span> <span class='ocrx_word' id='word_1_735' title='bbox 1459 5298 1622 5365; x_wconf 86' lang='lat' dir='ltr'><strong>hujus</strong></span> <span class='ocrx_word' id='word_1_736' title='bbox 1685 5298 1790 5352; x_wconf 88' lang='lat' dir='ltr'><strong>Le-</strong></span> 
     </span>
    </p>
   </div>
   <div class='ocr_carea' id='block_1_100' title="bbox 201 5388 1790 5457">
    <p class='ocr_par' dir='ltr' id='par_1_100' title="bbox 201 5388 1790 5457">
     <span class='ocr_line' id='line_1_100' title="bbox 201 5388 1790 5457; baseline 0.001 -14"><span class='ocrx_word' id='word_1_737' title='bbox 201 5389 382 5444; x_wconf 74' lang='lat' dir='ltr'><strong>vitica:</strong></span> <span class='ocrx_word' id='word_1_738' title='bbox 413 5388 886 5457; x_wconf 91' lang='lat' dir='ltr'><strong>interpretationis</strong></span> <span class='ocrx_word' id='word_1_739' title='bbox 904 5388 1263 5443; x_wconf 89' lang='lat' dir='ltr'><strong>discussimns</strong></span> <span class='ocrx_word' id='word_1_740' title='bbox 1291 5408 1302 5442; x_wconf 90' lang='lat'>:</span> <span class='ocrx_word' id='word_1_741' title='bbox 1334 5405 1462 5443; x_wconf 88' lang='lat' dir='ltr'><strong>ecce</strong></span> <span class='ocrx_word' id='word_1_742' title='bbox 1491 5407 1638 5446; x_wconf 91' lang='lat' dir='ltr'><strong>nunc</strong></span> <span class='ocrx_word' id='word_1_743' title='bbox 1672 5409 1790 5445; x_wconf 79' lang='lat' dir='ltr'><strong>rur-</strong></span> 
     </span>
    </p>
   </div>
   <div class='ocr_carea' id='block_1_101' title="bbox 203 5481 1784 5552">
    <p class='ocr_par' dir='ltr' id='par_1_101' title="bbox 203 5481 1784 5552">
     <span class='ocr_line' id='line_1_101' title="bbox 203 5481 1784 5552; baseline 0 -14"><span class='ocrx_word' id='word_1_744' title='bbox 203 5497 302 5539; x_wconf 89' lang='lat' dir='ltr'><strong>sus</strong></span> <span class='ocrx_word' id='word_1_745' title='bbox 327 5481 730 5551; x_wconf 86' lang='lat' dir='ltr'><strong>recapitulabit,</strong></span> <span class='ocrx_word' id='word_1_746' title='bbox 787 5492 847 5534; x_wconf 91' lang='lat' dir='ltr'><strong>ut</strong></span> <span class='ocrx_word' id='word_1_747' title='bbox 895 5495 995 5534; x_wconf 91' lang='lat' dir='ltr'><strong>nos</strong></span> <span class='ocrx_word' id='word_1_748' title='bbox 1034 5481 1271 5534; x_wconf 86' lang='lat' dir='ltr'><strong>breviter</strong></span> <span class='ocrx_word' id='word_1_749' title='bbox 1337 5483 1784 5552; x_wconf 88' lang='lat' dir='ltr'><strong>recapitulemus,</strong></span> 
     </span>
    </p>
   </div>
   <div class='ocr_carea' id='block_1_102' title="bbox 202 5573 1781 5647">
    <p class='ocr_par' dir='ltr' id='par_1_102' title="bbox 202 5573 1781 5647">
     <span class='ocr_line' id='line_1_102' title="bbox 202 5573 1781 5647; baseline -0.001 -17"><span class='ocrx_word' id='word_1_750' title='bbox 202 5591 327 5647; x_wconf 63' lang='lat' dir='ltr'><strong>quae</strong></span> <span class='ocrx_word' id='word_1_751' title='bbox 360 5589 633 5643; x_wconf 77' lang='lat' dir='ltr'><strong>nuncper</strong></span> <span class='ocrx_word' id='word_1_752' title='bbox 691 5574 862 5627; x_wconf 77' lang='lat' dir='ltr'><strong>inuita</strong></span> <span class='ocrx_word' id='word_1_753' title='bbox 911 5573 1170 5627; x_wconf 79' lang='lat' dir='ltr'><strong>diximus.</strong></span> <span class='ocrx_word' id='word_1_754' title='bbox 1236 5573 1574 5628; x_wconf 82' lang='lat' dir='ltr'><strong>Sacrificium</strong></span> <span class='ocrx_word' id='word_1_755' title='bbox 1635 5577 1781 5630; x_wconf 90' lang='lat' dir='ltr'><strong>enim</strong></span> 
     </span>
    </p>
   </div>
   <div class='ocr_carea' id='block_1_103' title="bbox 203 5665 1782 5736">
    <p class='ocr_par' dir='ltr' id='par_1_103' title="bbox 203 5665 1782 5736">
     <span class='ocr_line' id='line_1_103' title="bbox 203 5665 1782 5736; baseline -0.001 -14"><span class='ocrx_word' id='word_1_756' title='bbox 203 5667 442 5723; x_wconf 82' lang='lat' dir='ltr'><strong>salutare</strong></span> <span class='ocrx_word' id='word_1_757' title='bbox 471 5665 738 5719; x_wconf 87' lang='lat' dir='ltr'><strong>immolari</strong></span> <span class='ocrx_word' id='word_1_758' title='bbox 763 5666 1108 5734; x_wconf 66' lang='lat' dir='ltr'><strong>prtecipiens,</strong></span> <span class='ocrx_word' id='word_1_759' title='bbox 1171 5667 1346 5736; x_wconf 88' lang='lat' dir='ltr'><strong>ipsum</strong></span> <span class='ocrx_word' id='word_1_760' title='bbox 1409 5678 1554 5720; x_wconf 85' lang='lat' dir='ltr'><strong>recte</strong></span> <span class='ocrx_word' id='word_1_761' title='bbox 1581 5668 1782 5732; x_wconf 87' lang='lat' dir='ltr'><strong>innuit,</strong></span> 
     </span>
    </p>
   </div>
   <div class='ocr_carea' id='block_1_104' title="bbox 278 5871 1339 5941">
    <p class='ocr_par' dir='ltr' id='par_1_104' title="bbox 278 5871 1339 5941">
     <span class='ocr_line' id='line_1_104' title="bbox 278 5871 1339 5941; baseline -0.003 -11"><span class='ocrx_word' id='word_1_762' title='bbox 278 5875 323 5907; x_wconf 79' lang='grc'>⁷⁸</span> <span class='ocrx_word' id='word_1_763' title='bbox 357 5872 526 5930; x_wconf 82' lang='lat' dir='ltr'><strong>Exod.</strong></span> <span class='ocrx_word' id='word_1_764' title='bbox 563 5888 673 5939; x_wconf 74' lang='lat' dir='ltr'><strong>XVI,</strong></span> <span class='ocrx_word' id='word_1_765' title='bbox 713 5871 803 5927; x_wconf 73' lang='grc'><strong>26.</strong></span> <span class='ocrx_word' id='word_1_766' title='bbox 883 5874 926 5904; x_wconf 81' lang='grc'><strong>⁷⁵</strong></span> <span class='ocrx_word' id='word_1_767' title='bbox 959 5874 977 5927; x_wconf 90' lang='lat' dir='ltr'><strong>l</strong></span> <span class='ocrx_word' id='word_1_768' title='bbox 1015 5873 1157 5927; x_wconf 74' lang='lat' dir='ltr'><strong>Tllll.</strong></span> <span class='ocrx_word' id='word_1_769' title='bbox 1194 5893 1251 5941; x_wconf 86' lang='lat' dir='ltr'><strong>ll,</strong></span> <span class='ocrx_word' id='word_1_770' title='bbox 1289 5875 1339 5927; x_wconf 62' lang='grc' dir='ltr'><strong>τί.</strong></span> 
     </span>
    </p>
   </div>
   <div class='ocr_carea' id='block_1_105' title="bbox 1421 5874 1947 5941">
    <p class='ocr_par' dir='ltr' id='par_1_105' title="bbox 1421 5874 1947 5941">
     <span class='ocr_line' id='line_1_105' title="bbox 1421 5874 1947 5941; baseline -0.004 -11"><span class='ocrx_word' id='word_1_771' title='bbox 1421 5877 1460 5903; x_wconf 53' lang='grc'><strong>⁷7</strong></span> <span class='ocrx_word' id='word_1_772' title='bbox 1504 5874 1700 5930; x_wconf 81' lang='lat' dir='ltr'><strong>lJoan.</strong></span> <span class='ocrx_word' id='word_1_773' title='bbox 1739 5893 1816 5941; x_wconf 81' lang='lat' dir='ltr'><strong>Ill,</strong></span> <span class='ocrx_word' id='word_1_774' title='bbox 1860 5875 1947 5928; x_wconf 74' lang='lat' dir='ltr'><strong>‘ll.</strong></span> 
     </span>
    </p>
   </div>
   <div class='ocr_carea' id='block_1_106' title="bbox 1967 4650 3524 4733">
    <p class='ocr_par' dir='ltr' id='par_1_106' title="bbox 1967 4650 3524 4733">
     <span class='ocr_line' id='line_1_106' title="bbox 1967 4650 3524 4733; baseline -0.01 -15"><span class='ocrx_word' id='word_1_775' title='bbox 1967 4664 2094 4718; x_wconf 83' lang='lat' dir='ltr'><strong>Vult</strong></span> <span class='ocrx_word' id='word_1_776' title='bbox 2121 4662 2398 4733; x_wconf 88' lang='lat' dir='ltr'><strong>legislator</strong></span> <span class='ocrx_word' id='word_1_777' title='bbox 2426 4669 2485 4713; x_wconf 91' lang='lat' dir='ltr'><strong>ut</strong></span> <span class='ocrx_word' id='word_1_778' title='bbox 2512 4674 2613 4711; x_wconf 88' lang='lat' dir='ltr'><strong>nos</strong></span> <span class='ocrx_word' id='word_1_779' title='bbox 2646 4657 2882 4711; x_wconf 86' lang='lat' dir='ltr'><strong>invicem</strong></span> <span class='ocrx_word' id='word_1_780' title='bbox 2915 4656 3221 4724; x_wconf 81' lang='lat' dir='ltr'><strong>diligamus,</strong></span> <span class='ocrx_word' id='word_1_781' title='bbox 3281 4662 3474 4706; x_wconf 89' lang='lat' dir='ltr'><strong>amato-</strong></span> <span class='ocrx_word' id='word_1_782' title='bbox 3519 4650 3524 4655; x_wconf 81' lang='grc'><strong>’</strong></span> 
     </span>
    </p>
   </div>
   <div class='ocr_carea' id='block_1_107' title="bbox 1895 4748 3483 4824">
    <p class='ocr_par' dir='ltr' id='par_1_107' title="bbox 1895 4748 3483 4824">
     <span class='ocr_line' id='line_1_107' title="bbox 1895 4748 3483 4824; baseline -0.008 -14"><span class='ocrx_word' id='word_1_783' title='bbox 1895 4771 2088 4824; x_wconf 88' lang='lat' dir='ltr'><strong>resque</strong></span> <span class='ocrx_word' id='word_1_784' title='bbox 2145 4767 2444 4824; x_wconf 87' lang='lat' dir='ltr'><strong>pauperum</strong></span> <span class='ocrx_word' id='word_1_785' title='bbox 2494 4766 2593 4804; x_wconf 86' lang='lat' dir='ltr'><strong>nos</strong></span> <span class='ocrx_word' id='word_1_786' title='bbox 2647 4764 2770 4803; x_wconf 90' lang='lat' dir='ltr'><strong>esse</strong></span> <span class='ocrx_word' id='word_1_787' title='bbox 2824 4748 3118 4810; x_wconf 87' lang='lat' dir='ltr'><strong>desiderat,</strong></span> <span class='ocrx_word' id='word_1_788' title='bbox 3160 4760 3483 4814; x_wconf 88' lang='lat' dir='ltr'><strong>semperque</strong></span> 
     </span>
    </p>
   </div>
   <div class='ocr_carea' id='block_1_108' title="bbox 1893 4840 3484 4915">
    <p class='ocr_par' dir='ltr' id='par_1_108' title="bbox 1893 4840 3484 4915">
     <span class='ocr_line' id='line_1_108' title="bbox 1893 4840 3484 4915; baseline -0.006 -13"><span class='ocrx_word' id='word_1_789' title='bbox 1893 4848 2252 4915; x_wconf 85' lang='lat' dir='ltr'><strong>eleemosynis</strong></span> <span class='ocrx_word' id='word_1_790' title='bbox 2279 4845 2517 4905; x_wconf 88' lang='lat' dir='ltr'><strong>studere,</strong></span> <span class='ocrx_word' id='word_1_791' title='bbox 2556 4857 2706 4896; x_wconf 87' lang='lat' dir='ltr'><strong>nunc</strong></span> <span class='ocrx_word' id='word_1_792' title='bbox 2752 4843 2971 4911; x_wconf 90' lang='lat' dir='ltr'><strong>quidem</strong></span> <span class='ocrx_word' id='word_1_793' title='bbox 3032 4842 3223 4894; x_wconf 85' lang='lat' dir='ltr'><strong>dantes</strong></span> <span class='ocrx_word' id='word_1_794' title='bbox 3282 4840 3484 4907; x_wconf 75' lang='lat' dir='ltr'><strong>egenti-</strong></span> 
     </span>
    </p>
   </div>
   <div class='ocr_carea' id='block_1_109' title="bbox 1891 4932 3481 5004">
    <p class='ocr_par' dir='ltr' id='par_1_109' title="bbox 1891 4932 3481 5004">
     <span class='ocr_line' id='line_1_109' title="bbox 1891 4932 3481 5004; baseline -0.008 -9"><span class='ocrx_word' id='word_1_795' title='bbox 1891 4942 2014 5002; x_wconf 91' lang='lat' dir='ltr'><strong>bus,</strong></span> <span class='ocrx_word' id='word_1_796' title='bbox 2054 4954 2202 4992; x_wconf 91' lang='lat' dir='ltr'><strong>nunc</strong></span> <span class='ocrx_word' id='word_1_797' title='bbox 2231 4947 2412 4991; x_wconf 89' lang='lat' dir='ltr'><strong>autem</strong></span> <span class='ocrx_word' id='word_1_798' title='bbox 2434 4953 2544 4990; x_wconf 92' lang='lat' dir='ltr'><strong>non</strong></span> <span class='ocrx_word' id='word_1_799' title='bbox 2574 4935 2851 5004; x_wconf 75' lang='lat' dir='ltr'><strong>exigentes</strong></span> <span class='ocrx_word' id='word_1_800' title='bbox 2890 4949 3010 5002; x_wconf 67' lang='lat' dir='ltr'><strong>qua:</strong></span> <span class='ocrx_word' id='word_1_801' title='bbox 3071 4932 3229 4986; x_wconf 85' lang='lat' dir='ltr'><strong>nobis</strong></span> <span class='ocrx_word' id='word_1_802' title='bbox 3256 4933 3481 4995; x_wconf 88' lang='lat' dir='ltr'><strong>debent,</strong></span> 
     </span>
    </p>
   </div>
   <div class='ocr_carea' id='block_1_110' title="bbox 1895 5023 3482 5094">
    <p class='ocr_par' dir='ltr' id='par_1_110' title="bbox 1895 5023 3482 5094">
     <span class='ocr_line' id='line_1_110' title="bbox 1895 5023 3482 5094; baseline -0.009 -7"><span class='ocrx_word' id='word_1_803' title='bbox 1895 5033 1990 5088; x_wconf 91' lang='lat' dir='ltr'><strong>sed</strong></span> <span class='ocrx_word' id='word_1_804' title='bbox 2011 5040 2064 5085; x_wconf 89' lang='lat' dir='ltr'><strong>et</strong></span> <span class='ocrx_word' id='word_1_805' title='bbox 2098 5029 2466 5083; x_wconf 90' lang='lat' dir='ltr'><strong>concedentes</strong></span> <span class='ocrx_word' id='word_1_806' title='bbox 2496 5028 2574 5080; x_wconf 91' lang='lat' dir='ltr'><strong>cis</strong></span> <span class='ocrx_word' id='word_1_807' title='bbox 2629 5026 2883 5094; x_wconf 87' lang='lat' dir='ltr'><strong>colligere</strong></span> <span class='ocrx_word' id='word_1_808' title='bbox 2933 5038 3286 5092; x_wconf 86' lang='lat' dir='ltr'><strong>quascunque</strong></span> <span class='ocrx_word' id='word_1_809' title='bbox 3346 5023 3482 5078; x_wconf 81' lang='lat' dir='ltr'><strong>reli-</strong></span> 
     </span>
    </p>
   </div>
   <div class='ocr_carea' id='block_1_111' title="bbox 1895 5114 3480 5195">
    <p class='ocr_par' dir='ltr' id='par_1_111' title="bbox 1895 5114 3480 5195">
     <span class='ocr_line' id='line_1_111' title="bbox 1895 5114 3480 5195; baseline -0.006 -17"><span class='ocrx_word' id='word_1_810' title='bbox 1895 5125 2050 5195; x_wconf 90' lang='lat' dir='ltr'><strong>quias</strong></span> <span class='ocrx_word' id='word_1_811' title='bbox 2079 5122 2325 5177; x_wconf 92' lang='lat' dir='ltr'><strong>omnium</strong></span> <span class='ocrx_word' id='word_1_812' title='bbox 2360 5122 2644 5182; x_wconf 91' lang='lat' dir='ltr'><strong>bonorum,</strong></span> <span class='ocrx_word' id='word_1_813' title='bbox 2675 5134 2797 5187; x_wconf 67' lang='lat' dir='ltr'><strong>quae</strong></span> <span class='ocrx_word' id='word_1_814' title='bbox 2828 5133 2857 5170; x_wconf 91' lang='lat' dir='ltr'><strong>a</strong></span> <span class='ocrx_word' id='word_1_815' title='bbox 2917 5117 3026 5171; x_wconf 89' lang='lat' dir='ltr'><strong>Deo</strong></span> <span class='ocrx_word' id='word_1_816' title='bbox 3068 5117 3265 5170; x_wconf 88' lang='lat' dir='ltr'><strong>donata</strong></span> <span class='ocrx_word' id='word_1_817' title='bbox 3321 5114 3480 5168; x_wconf 87' lang='lat' dir='ltr'><strong>nobis</strong></span> 
     </span>
    </p>
   </div>
   <div class='ocr_carea' id='block_1_112' title="bbox 1897 5207 3477 5284">
    <p class='ocr_par' dir='ltr' id='par_1_112' title="bbox 1897 5207 3477 5284">
     <span class='ocr_line' id='line_1_112' title="bbox 1897 5207 3477 5284; baseline -0.008 -14"><span class='ocrx_word' id='word_1_818' title='bbox 1897 5225 2044 5280; x_wconf 91' lang='lat' dir='ltr'><strong>sunt,</strong></span> <span class='ocrx_word' id='word_1_819' title='bbox 2078 5214 2400 5284; x_wconf 89' lang='lat' dir='ltr'><strong>repererint,</strong></span> <span class='ocrx_word' id='word_1_820' title='bbox 2429 5220 2484 5265; x_wconf 89' lang='lat' dir='ltr'><strong>et</strong></span> <span class='ocrx_word' id='word_1_821' title='bbox 2525 5211 2723 5264; x_wconf 89' lang='lat' dir='ltr'><strong>imitari</strong></span> <span class='ocrx_word' id='word_1_822' title='bbox 2757 5226 2880 5263; x_wconf 88' lang='lat' dir='ltr'><strong>eum</strong></span> <span class='ocrx_word' id='word_1_823' title='bbox 2931 5209 3020 5277; x_wconf 86' lang='lat' dir='ltr'><strong>qui</strong></span> <span class='ocrx_word' id='word_1_824' title='bbox 3068 5207 3311 5265; x_wconf 66' lang='lat' dir='ltr'><strong>donavit,</strong></span> <span class='ocrx_word' id='word_1_825' title='bbox 3360 5213 3477 5258; x_wconf 73' lang='lat' dir='ltr'><strong>non</strong></span> 
     </span>
    </p>
   </div>
   <div class='ocr_carea' id='block_1_113' title="bbox 1897 5299 3478 5371">
    <p class='ocr_par' dir='ltr' id='par_1_113' title="bbox 1897 5299 3478 5371">
     <span class='ocr_line' id='line_1_113' title="bbox 1897 5299 3478 5371; baseline -0.006 -9"><span class='ocrx_word' id='word_1_826' title='bbox 1897 5317 2106 5363; x_wconf 89' lang='lat' dir='ltr'><strong>tantum</strong></span> <span class='ocrx_word' id='word_1_827' title='bbox 2131 5305 2556 5368; x_wconf 84' lang='lat' dir='ltr'><strong>misericordem,</strong></span> <span class='ocrx_word' id='word_1_828' title='bbox 2593 5303 2687 5357; x_wconf 83' lang='lat' dir='ltr'><strong>sed</strong></span> <span class='ocrx_word' id='word_1_829' title='bbox 2721 5314 2775 5357; x_wconf 87' lang='lat' dir='ltr'><strong>et</strong></span> <span class='ocrx_word' id='word_1_830' title='bbox 2804 5303 2894 5371; x_wconf 89' lang='lat' dir='ltr'><strong>qui</strong></span> <span class='ocrx_word' id='word_1_831' title='bbox 2954 5303 3137 5355; x_wconf 79' lang='lat' dir='ltr'><strong>multae</strong></span> <span class='ocrx_word' id='word_1_832' title='bbox 3170 5299 3478 5354; x_wconf 88' lang='lat' dir='ltr'><strong>miseratio-</strong></span> 
     </span>
    </p>
   </div>
   <div class='ocr_carea' id='block_1_114' title="bbox 1892 5395 3480 5465">
    <p class='ocr_par' dir='ltr' id='par_1_114' title="bbox 1892 5395 3480 5465">
     <span class='ocr_line' id='line_1_114' title="bbox 1892 5395 3480 5465; baseline -0.002 -14"><span class='ocrx_word' id='word_1_833' title='bbox 1892 5399 1976 5452; x_wconf 92' lang='lat' dir='ltr'><strong>nis</strong></span> <span class='ocrx_word' id='word_1_834' title='bbox 2008 5407 2091 5451; x_wconf 90' lang='lat' dir='ltr'><strong>est</strong></span> <span class='ocrx_word' id='word_1_835' title='bbox 2150 5406 2312 5465; x_wconf 85' lang='lat' dir='ltr'><strong>atque</strong></span> <span class='ocrx_word' id='word_1_836' title='bbox 2342 5396 2559 5450; x_wconf 85' lang='lat' dir='ltr'><strong>dicitur.</strong></span> <span class='ocrx_word' id='word_1_837' title='bbox 2601 5395 2666 5449; x_wconf 85' lang='lat' dir='ltr'><strong>Et</strong></span> <span class='ocrx_word' id='word_1_838' title='bbox 2716 5406 3005 5464; x_wconf 75' lang='lat' dir='ltr'><strong>propterea</strong></span> <span class='ocrx_word' id='word_1_839' title='bbox 3057 5403 3344 5457; x_wconf 80' lang='lat' dir='ltr'><strong>metentes,</strong></span> <span class='ocrx_word' id='word_1_840' title='bbox 3385 5403 3480 5448; x_wconf 89' lang='lat' dir='ltr'><strong>aut</strong></span> 
     </span>
    </p>
   </div>
   <div class='ocr_carea' id='block_1_115' title="bbox 1892 5483 3477 5552">
    <p class='ocr_par' dir='ltr' id='par_1_115' title="bbox 1892 5483 3477 5552">
     <span class='ocr_line' id='line_1_115' title="bbox 1892 5483 3477 5552; baseline -0.002 -13"><span class='ocrx_word' id='word_1_841' title='bbox 1892 5485 2114 5539; x_wconf 89' lang='lat' dir='ltr'><strong>omnino</strong></span> <span class='ocrx_word' id='word_1_842' title='bbox 2145 5485 2563 5546; x_wconf 79' lang='lat' dir='ltr'><strong>vindemiantes,</strong></span> <span class='ocrx_word' id='word_1_843' title='bbox 2593 5484 2792 5537; x_wconf 87' lang='lat' dir='ltr'><strong>iterare.</strong></span> <span class='ocrx_word' id='word_1_844' title='bbox 2813 5484 3004 5537; x_wconf 88' lang='lat' dir='ltr'><strong>eodem</strong></span> <span class='ocrx_word' id='word_1_845' title='bbox 3031 5491 3277 5551; x_wconf 75' lang='lat' dir='ltr'><strong>tempore</strong></span> <span class='ocrx_word' id='word_1_846' title='bbox 3307 5483 3477 5552; x_wconf 85' lang='lat' dir='ltr'><strong>ipsam</strong></span> 
     </span>
    </p>
   </div>
   <div class='ocr_carea' id='block_1_116' title="bbox 1893 5575 3480 5645">
    <p class='ocr_par' dir='ltr' id='par_1_116' title="bbox 1893 5575 3480 5645">
     <span class='ocr_line' id='line_1_116' title="bbox 1893 5575 3480 5645; baseline -0.002 -14"><span class='ocrx_word' id='word_1_847' title='bbox 1893 5593 2192 5631; x_wconf 88' lang='lat' dir='ltr'><strong>messuram</strong></span> <span class='ocrx_word' id='word_1_848' title='bbox 2256 5577 2690 5645; x_wconf 86' lang='lat' dir='ltr'><strong>vindemiamqne</strong></span> <span class='ocrx_word' id='word_1_849' title='bbox 2748 5592 2857 5628; x_wconf 92' lang='lat' dir='ltr'><strong>non</strong></span> <span class='ocrx_word' id='word_1_850' title='bbox 2894 5575 3312 5645; x_wconf 67' lang='lat' dir='ltr'><strong>prreeepit:sed</strong></span> <span class='ocrx_word' id='word_1_851' title='bbox 3375 5590 3480 5629; x_wconf 86' lang='lat' dir='ltr'><strong>nec</strong></span> 
     </span>
    </p>
   </div>
   <div class='ocr_carea' id='block_1_117' title="bbox 1895 5671 3478 5734">
    <p class='ocr_par' dir='ltr' id='par_1_117' title="bbox 1895 5671 3478 5734">
     <span class='ocr_line' id='line_1_117' title="bbox 1895 5671 3478 5734; baseline 0 -10"><span class='ocrx_word' id='word_1_852' title='bbox 1895 5686 1957 5724; x_wconf 80' lang='lat' dir='ltr'><strong>ex</strong></span> <span class='ocrx_word' id='word_1_853' title='bbox 1988 5679 2100 5724; x_wconf 91' lang='lat' dir='ltr'><strong>toto</strong></span> <span class='ocrx_word' id='word_1_854' title='bbox 2123 5681 2327 5725; x_wconf 89' lang='lat' dir='ltr'><strong>metere</strong></span> <span class='ocrx_word' id='word_1_855' title='bbox 2388 5680 2480 5724; x_wconf 92' lang='lat' dir='ltr'><strong>aut</strong></span> <span class='ocrx_word' id='word_1_856' title='bbox 2513 5672 2846 5725; x_wconf 78' lang='lat' dir='ltr'><strong>vindemiare</strong></span> <span class='ocrx_word' id='word_1_857' title='bbox 2901 5673 3151 5734; x_wconf 76' lang='lat' dir='ltr'><strong>saneirit,</strong></span> <span class='ocrx_word' id='word_1_858' title='bbox 3189 5672 3286 5726; x_wconf 80' lang='lat' dir='ltr'><strong>sed</strong></span> <span class='ocrx_word' id='word_1_859' title='bbox 3311 5671 3478 5727; x_wconf 80' lang='lat' dir='ltr'><strong>relin-</strong></span> 
     </span>
    </p>
   </div>
   <div class='ocr_carea' id='block_1_118' title="bbox 2025 5875 2470 5939">
    <p class='ocr_par' dir='ltr' id='par_1_118' title="bbox 2025 5875 2470 5939">
     <span class='ocr_line' id='line_1_118' title="bbox 2025 5875 2470 5939; baseline -0.002 -9"><span class='ocrx_word' id='word_1_860' title='bbox 2025 5877 2068 5907; x_wconf 83' lang='lat'><strong>&quot;</strong></span> <span class='ocrx_word' id='word_1_861' title='bbox 2133 5875 2247 5930; x_wconf 73' lang='lat' dir='ltr'><strong>Jac.</strong></span> <span class='ocrx_word' id='word_1_862' title='bbox 2284 5892 2352 5939; x_wconf 69' lang='lat' dir='ltr'><strong>IV,</strong></span> <span class='ocrx_word' id='word_1_863' title='bbox 2390 5875 2470 5929; x_wconf 78' lang='grc'><strong>15.</strong></span> 
     </span>
    </p>
   </div>
  </div>
