4218 6450
187 424 326 484 1025

1333 424 1411 482 1N
1454 423 1988 483 LE\'1TICUM.—
2019 425 2162 483 LIB.
2197 425 2294 485 VI.

3292 430 3426 499 1026

179 538 326 591 Dixit
384 535 603 592 Passum
635 540 831 593 soluere
867 541 1113 606 templum
1139 542 1250 602 hoc,
1281 548 1329 591 et
1360 541 1412 591 in
1447 539 1611 592 tribus
1644 541 1754 592 die-
1783 550 1828 602 Α
1861 540 1911 593 in
1950 540 2091 604 cibo,
2124 541 2216 595 sed
2254 551 2307 595 ct
2337 556 2430 608 per
2463 543 2608 598 hunc
2626 545 2786 598 etiam
2819 545 2870 598 in
2901 547 3047 602 vita?
3076 549 3243 604 vitam
3280 550 3429 606 enim

176 637 272 683 bus
298 630 561 697 a'diﬁca're
611 631 827 684 illud”.
879 630 1118 684 Locutus
1168 631 1347 684 fuerat
1379 631 1596 698 quidem
1641 632 1754 682 haec

179 721 464 782 Dominus,
521 723 741 789 quando
778 723 947 776 ,ιιιᾶεί
985 723 1050 775 ad
1083 738 1206 775 cum
1258 722 1543 775 dixerunt:
1604 721 1752 785 Quod

173 817 385 882 signum
418 815 646 867 ostendis
673 816 816 867 nobis
838 815 961 880 quia
996 815 1106 868 lucc
1139 815 1309 884 facit?
1338 815 1454 882 Ipse
1479 822 1658 867 autem
1687 813 1753 867 ad

173 922 274 958 eos
312 923 324 957 :
359 903 553 958 Solvite
575 905 825 972 templum
861 906 972 968 hor,
1007 916 1055 957 et
1086 907 1138 957 in
1178 905 1343 956 tribus
1386 904 1562 956 diebus
1585 903 1755 971 (ediﬁ-

175 999 304 1050 cabo
331 999 547 1051 illud".
600 997 706 1052 Sed
740 1013 848 1050 non
903 997 1202 1051 secundum
1231 996 1375 1048 illam
1425 996 1614 1048 dicens
1651 995 1756 1047 hoc

177 1091 562 1152 intentionem,
596 1088 897 1142 secundum
943 1104 1104 1156 quam
1151 1088 1204 1140 hi
1232 1088 1326 1156 qui
1383 1087 1752 1141 testimonium

176 1190 369 1236 contra
426 1197 552 1235 eum
605 1179 828 1243 dabant,
885 1180 1175 1233 dixerunt:
1241 1179 1454 1232 Dicebat
1502 1180 1641 1232 enim
1691 1179 1754 1231 de

180 1273 377 1342 templo
411 1273 644 1340 corporis
673 1272 776 1326 sui.
804 1271 884 1324 llli
922 1279 1102 1324 autem
1135 1270 1251 1324 haec
1283 1271 1424 1323 sicut
1456 1271 1523 1323 de
1553 1269 1753 1339 templo

179 1366 328 1418 dicta
364 1365 677 1417 Judazorum
729 1364 1140 1426 asseverabant,
1179 1362 1323 1416 unde
1359 1378 1454 1416 eos
1495 1370 1549 1416 et
1589 1362 1753 1415 falsos

178 1469 351 1513 testes
398 1460 443 1490 ⁹¹
510 1459 737 1527 spiritus
775 1458 1088 1527 appellavit.
1133 1457 1238 1511 Pro
1289 1457 1531 1526 perjurio
1572 1465 1752 1509 autem

179 1551 533 1619 Septuaginta
562 1551 761 1604 edunt:
807 1549 928 1602 Non
984 1550 1219 1604 tevabitis
1261 1564 1444 1601 nomen
1490 1563 1660 1600 meum
1697 1547 1754 1598 in

177 1645 481 1711 injustam.‘
515 1643 908 1709 Jusjurandum
967 1656 1098 1696 vero
1129 1641 1184 1694 in
1226 1639 1429 1708 iujusto
1492 1647 1597 1699 est,
1644 1652 1752 1690 non

178 1736 351 1789 solum
387 1735 530 1803 quod
580 1734 987 1803 praevaricator,
1026 1733 1119 1786 sed
1172 1732 1334 1785 etiam
1374 1730 1518 1799 quod
1554 1729 1752 1798 injuste

177 1827 502 1889 custoditur,
562 1827 728 1879 veluti
780 1826 937 1894 quale
987 1825 1118 1877 illud
1155 1823 1276 1887 fuit,
1312 1822 1456 1891 quod
1509 1820 1751 1875 Herodes

1861 633 1914 685 in
1945 631 2069 685 cibo
2089 633 2411 701 quotidiano
2433 636 2601 689 ducit.
2657 635 2796 704 Ergo
2823 647 2878 690 et
2915 637 2958 691 si
2999 647 3242 695 crastmo
3291 640 3428 693 reci-

1857 726 1992 794 piat,
2024 725 2151 794 quia
2183 727 2459 794 praeterito
2493 729 2600 792 die,
2651 729 2703 782 in
2735 745 2843 797 quo
2869 732 3102 787 laborem
3139 732 3425 798 sustinuit,

1855 818 2421 888 permansitjejunus,
2450 820 2556 873 vim
2589 823 2810 889 pertulit
2841 832 2895 876 et
2927 825 3253 879 calumniam
3304 841 3429 894 pas-

1859 926 1952 965 sus
1985 921 2087 964 est.
2115 912 2182 966 Et
2204 913 2348 981 quod
2372 913 2496 967 aliis
2524 915 2824 969 substantia
2853 925 2955 979 est,
2992 917 3095 970 hoc
3133 926 3262 972 sunt
3285 933 3430 972 mer-

1858 1000 2020 1053 cedes
2065 999 2468 1055 laborantibus:
2531 1017 2660 1071 ergo
2711 1014 2856 1058 recte
2898 1005 2978 1058 vis
3022 1005 3183 1058 etiam
3232 1006 3426 1071 horum

1856 1095 2090 1164 privatio
2109 1095 2328 1148 dicitur.
2361 1095 2468 1150 Sed
2489 1105 2544 1151 et
2568 1067 2659 1165 qui
2687 1098 2962 1153 maledicit
2990 1099 3176 1162 surdo,
3199 1067 3426 1154 multum

1856 1198 2036 1251 nocet,
2070 1197 2126 1241 et
2162 1188 2252 1255 qui
2288 1189 2442 1256 ponit
2471 1205 2651 1243 coram
2688 1191 2847 1243 cascis
2889 1191 3303 1254 oﬂ'eudiculum,
3365 1192 3419 1246 in

1855 1295 1963 1348 quo
1992 1279 2224 1348 pedibus
2253 1278 2552 1334 oﬂ‘endant.
2586 1282 2637 1336 Is
2685 1281 2903 1351 quidem
2957 1283 3049 1351 qui
3078 1284 3277 1337 surdus
3321 1295 3424 1343 εει.

1855 1372 1982 1425 dum
2017 1371 2377 1436 maledicitur,
2417 1381 2666 1436 nocetur,
2726 1389 2835 1426 non
2875 1375 3050 1428 solum
3082 1375 3206 1443 quia
3241 1376 3308 1430 de
3360 1391 3426 1430 eo

1855 1462 2180 1526 detrahitur,
2208 1464 2300 1517 sed
2337 1463 2465 1532 quia
2494 1471 2548 1517 et
2577 1466 2889 1528 emendare,
2926 1475 3020 1518 aut
3056 1464 3173 1519 haec
3210 1481 3421 1528 cavere,
3501 1465 3504 1468 ’

1856 1556 1912 1609 in
1943 1557 2141 1624 quibus
2194 1556 2262 1609 de
2305 1571 2371 1608 eo
2416 1555 2742 1619 detrahitur,
2788 1571 2895 1609 non
2937 1566 3134 1625 potest.
3175 1556 3280 1612 Sed
3324 1573 3425 1610 nec

1855 1662 2032 1700 czecus
2058 1647 2126 1699 ab
2151 1645 2504 1708 oﬂ'endiculo,
2536 1647 2679 1713 quod
2708 1646 2758 1698 ei
2795 1647 3038 1714 ponitur,
3067 1649 3340 1701 custodire
3368 1663 3427 1702 se

1855 1745 2050 1806 potest.
2083 1738 2277 1790 Evertit
2297 1745 2476 1789 autem
2504 1748 2552 1789 et
2580 1737 2708 1791 huic
2733 1747 2786 1791 et
2819 1737 2892 1790 illi
2917 1754 2979 1791 ex
3008 1746 3237 1806 utroque
3258 1754 3424 1800 mors,

1855 1843 1998 1882 caeco
2037 1829 2279 1895 quidem,
2327 1828 2454 1880 dum
2506 1828 2807 1881 conteritur
2864 1844 2960 1897 per
2992 1827 3415 1883 oﬂ‘endiculum:

178 1919 304 1972 tiliae
352 1917 671 1971 Ilerodiadis
724 1917 948 1984 jurans,
991 1915 1221 1970 Joannis
1279 1913 1536 1983 Baptistae
1581 1918 1745 1980 caput

1855 1920 2018 1972 surdo
2043 1929 2224 1972 autem
2253 1919 2584 1982 maledictio,
2607 1919 2760 1988 quasi
2797 1920 2864 1974 de
2892 1919 3140 1988 l'rincipe
3160 1921 3424 1974 detraxis-

176 2011 457 2065 abscidit:
518 2010 810 2080 oportebat
855 2009 1000 2062 enim
1051 2009 1155 2062 hoc
1190 2023 1314 2062 eum
1368 2007 1748 2076 jusjurandum

177 2122 288 2159 non
317 2105 580 2175 praahere,
616 2114 904 2172 postquam
942 2109 1120 2155 tamen
1145 2101 1368 2169 juravit,
1413 2114 1523 2152 non
1564 2106 1751 2151 custoo

176 2201 320 2263 dire,
354 2199 480 2268 quia
532 2199 657 2252 talia
708 2204 1065 2261 sacramenta,
1116 2209 1219 2248 nec
1264 2192 1478 2246 initium
1532 2204 1750 2244 sumere

177 2293 324 2346 Deus
350 2292 484 2353 vult,
518 2289 613 2343 sed
641 2304 743 2342 nec
797 2287 1070 2341 sumentia
1104 2286 1170 2338 ad
1214 2284 1374 2337 linem
1433 2282 1745 2352 pervenire;

179 2382 324 2435 unde
349 2383 562 2435 dicens:
588 2379 704 2432 Non
732 2379 966 2431 levabitis
1014 2393 1201 2430 nomen
1242 2392 1414 2428 meum
1442 2376 1498 2426 in
1526 2373 1745 2442 injuste,

179 2472 528 2526 addiditzEt
586 2487 688 2522 non
736 2468 1089 2537 profanabitis
1146 2482 1333 2519 nomen
1390 2465 1599 2517 Domini
1652 2462 1748 2514 Dei

177 2565 371 2628 uestri;
412 2564 555 2632 quod
585 2562 896 2630 Hieronymi
928 2557 1210 2613 translatio
1245 2557 1437 2612 edidit.

250 2656 370 2708 Non
402 2655 602 2724 pollues
632 2669 820 2707 nomen
843 2651 936 2704 Dei
959 2652 1056 2703 tui.
1087 2648 1372 2714 Quomodo
1409 2655 1590 2701 autem
1625 2646 1750 2714 quis

180 2747 314 2800 illud
353 2746 624 2814 profanat,
675 2744 800 2797 dico
846 2759 860 2795 :
898 2741 950 2795 id
987 2750 1092 2803 est,
1130 2740 1269 2793 male
1298 2738 1570 2802 faciendo,
1624 2737 1748 2805 quia

173 2839 564 2907 jusjurandum
586 2835 887 2903 transgredi
917 2847 1027 2886 non
1057 2839 1256 2901 potest.
1287 2829 1450 2898 Atqui
1469 2828 1630 2892 Deus,
1654 2842 1750 2896 per

177 2949 340 3002 quem
367 2931 606 2992 intravit,
634 2931 689 2982 in
722 2936 930 2981 tantam
962 2926 1104 2980 bona
1133 2926 1270 2990 vult,
1297 2925 1447 2993 quia,
1473 2924 1576 2977 etsi
1625 2938 1748 2992 per-

179 3024 394 3076 miserit
445 3022 512 3075 de
547 3019 869 3088 quibusdam
917 3016 1197 3079 terribilia,
1245 3016 1317 3068 illi
1353 3025 1533 3068 autem
1576 3013 1748 3082 νωιιί-

181 3125 424 3179 tuerunt,
464 3130 572 3167 non
614 3113 791 3166 tardat
815 3111 1014 3164 mutari
1076 3109 1428 3170 sententiam,
1481 3119 1747 3173 suumque

179 3221 490 3260 sermonem
523 3220 632 3258 non
659 3203 956 3273 reiragare,
977 3212 1036 3256 ut
1059 3201 1313 3270 quiddam
1344 3197 1502 3252 nobis
1532 3196 1748 3266 pietatis

179 3297 480 3365 impendat,
498 3304 718 3363 propter
735 3294 882 3362 quod
909 3292 1152 3346 addidit:
1184 3292 1293 3359 Ego
1314 3291 1582 3342 Dominus.
1613 3289 1751 3352 Qua-

177 3384 287 3442 lis?
314 3389 382 3442 de
411 3403 518 3457 quo
560 3387 637 3440 ait
675 3385 828 3440 Jonas
878 3383 1184 3454 prophetia,
1238 3382 1456 3451 quando
1497 3380 1752 3434 Ninivitae

178 3484 585 3553 jejunaverunt,
639 3488 696 3534 et
735 3485 1047 3540 oraverunt,
1080 3486 1134 3531 et
1185 3476 1438 3546 pingituit
1481 3476 1649 3528 Deum
1684 3474 1752 3527 de

181 3575 387 3628 malitia
404 3589 565 3643 quam
585 3573 797 3626 locutus
822 3579 925 3634 est,
945 3578 1006 3622 ut
1030 3569 1235 3622 faceret
1256 3567 1357 3630 eis,
1383 3575 1438 3620 et
1467 3581 1576 3619 non
1598 3565 1748 3619 fecit.

179 3667 347 3722 Multa
377 3676 558 3720 autem
592 3675 649 3718 et
672 3664 774 3716 alia
809 3659 1124 3730 hujusmodi
1148 3659 1428 3729 prophetae
1473 3658 1746 3712 dixerunt.

257 3759 413 3815 Vens.
443 3760 530 3821 15,
565 3757 649 3811 14.
688 3774 708 3807 ι
753 3755 871 3808 Νοη
915 3753 1084 3809 facies
1131 3751 1458 3805 calumniam
1505 3745 1752 3815 proximo

181 3865 296 3914 tuo,
325 3867 424 3904 nec
470 3851 521 3903 vi
578 3847 856 3917 opprimes
913 3860 1060 3897 eum.
1113 3841 1229 3895 Non
1282 3837 1577 3893 morabitur
1613 3849 1753 3903 opus

179 3944 507 4000 mercenarii
560 3943 703 4009 apud
745 3950 796 3994 te
838 3953 1010 4008 usque
1057 3949 1240 3990 mane.
1291 3932 1408 3986 Non
1460 3927 1752 3983 maledicos

179 4038 366 4098 surdo,
404 4049 505 4088 nec
538 4047 723 4087 coram
770 4045 916 4085 caeco
974 4042 1145 4097 pones
1190 4021 1601 4083 otl'endiculum,
1656 4017 1752 4072 sed

179 4128 402 4185 timebis
431 4129 600 4181 Deum
638 4133 817 4187 tuum,
844 4121 969 4190 quia
993 4135 1095 4189 ego
1124 4133 1243 4172 sum
1270 4115 1554 4169 Dominus.
1586 4131 1603 4162 ι

252 4220 414 4274 Vides
435 4214 890 4287 quemadmodum
908 4210 1164 4282 paulatim
1189 4208 1273 4261 lex
1317 4207 1405 4274 eju
1428 4238 1435 4252 ι
1463 4205 1553 4268 qui
1577 4205 1750 4272 legem

174 4314 410 4381 accepit,
438 4309 582 4364 colat
616 4316 874 4368 mentem,
921 4313 977 4359 et
1025 4319 1086 4357 ea
1137 4316 1261 4370 quae
1290 4299 1546 4352 videntur
1587 4311 1751 4364 parva

174 4403 461 4473 conjunait
489 4400 717 4469 magnis,
745 4406 806 4450 ut
834 4397 1026 4450 timore
1070 4393 1308 4447 deﬁnitae
1359 4391 1413 4442 in
1456 4387 1750 4456 majoribus

178 4471 420 4564 peccatis
447 4503 645 4557 paenae,
681 4494 736 4538 et
764 4499 792 4536 a
824 4481 1130 4535 minoribus
1158 4478 1550 4531 abstineamus.
1596 4471 1750 4527 Sicut

1853 2019 1957 2071 set,
1984 2018 2077 2062 aut
2106 2009 2250 2062 aliud
2268 2009 2542 2078 quidpiam
2573 2008 2808 2072 fecisset,
2849 2011 2990 2080 quod
3022 2010 3071 2065 ei
3125 2012 3421 2076 periculum

1855 2101 2147 2170 ingereret,
2214 2102 2563 2167 semetipsum
2600 2101 2823 2154 minime
2875 2103 3190 2172 corrigenti,
3237 2111 3292 2157 et
3323 2103 3424 2156 hoc

1852 2193 1996 2261 quod
2048 2193 2264 2246 videtur
2316 2206 2436 2245 esse
2486 2208 2737 2261 parvum,
2773 2193 2917 2262 quod
2969 2209 3001 2247 a
3052 2194 3236 2249 multis
3280 2210 3424 2264 saepe

1853 2286 2169 2339 ludentibus
2195 2285 2549 2354 delinquitur,
2607 2287 2801 2340 transit
2841 2287 2906 2340 ad
2957 2298 3218 2341 mortem:
3280 2291 3424 2342 unde

1852 2378 2014 2430 nimis
2048 2389 2357 2445 opportune
2406 2375 2574 2429 David
2604 2376 2740 2430 dixit
2767 2392 2913 2438 eum,
2944 2379 3033 2447 qui
3076 2380 3130 2430 in
3174 2380 3422 2432 cathedra

1851 2469 2180 2539 pestilentia,
2235 2469 2289 2522 id
2339 2477 2445 2534 est,
2488 2468 2851 2522 deridentium
2889 2486 2990 2522 non
3038 2471 3252 2524 sedit".
3311 2469 3424 2524 Nos

1849 2570 2030 2615 autem
2064 2561 2130 2613 ad
2158 2561 2346 2614 eadem
2371 2575 2562 2613 rursus
2596 2562 2938 2629 exsequenda
2964 2577 3268 2631 pergamus.
3303 2561 3423 2615 Non

1851 2655 1996 2708 enim
2062 2654 2238 2706 solum
2293 2653 2648 2722 pecuniarqu
2687 2653 3015 2706 calumniam
3079 2663 3133 2707 et
3184 2655 3293 2706 vim
3337 2654 3423 2707 lex

1853 2744 2163 2814 prohibuit,
2187 2745 2280 2798 sed
2309 2753 2364 2797 et
2385 2759 2599 2797 omnem
2625 2744 2806 2807 aliam,
2836 2755 2889 2797 et
2917 2746 3086 2799 multo
3108 2747 3274 2815 magis
3303 2761 3422 2800 eam

1852 2849 1971 2903 qua:
2005 2843 2086 2886 est
2114 2835 2168 2886 in
2196 2833 2555 2902 spiritalibus,
2589 2844 2650 2886 ut
2699 2849 2808 2887 non
2848 2835 3068 2904 gloriam
3102 2836 3423 2905 arripiamus

1851 2925 2097 2987 alterius,
2126 2941 2228 2979 nec
2259 2930 2403 2993 quod
2435 2926 2658 2978 alterius
2699 2925 2882 2980 labore
2909 2935 3210 2981 correctum
3242 2936 3344 2988 est.
3367 2929 3420 2981 in

1851 3015 2258 3082 nobismetipsis
2292 3015 2654 3078 attrahamus,
2701 3025 2927 3084 propter
2957 3016 3098 3084 quod
3141 3025 3195 3070 ct
3223 3016 3425 3070 Paulus

1849 3105 2097 3158 diccbat:
2130 3105 2248 3158 Non
2277 3106 2412 3158 enim
2454 3105 2631 3158 aliena
2657 3105 2863 3173 regula,
2900 3108 2953 3159 in
2982 3107 3061 3159 Itis
3091 3123 3206 3176 qua'
3225 3119 3421 3176 parata

1849 3206 1990 3258 sunt,
2027 3196 2247 3266 gloriari
2267 3196 2335 3249 ".
2368 3196 2434 3250 Et
2457 3212 2666 3261 rursus,
2690 3197 2948 3251 donatum
2980 3197 3082 3250 sibi
3104 3198 3230 3251 dicit
3262 3213 3427 3251 evan-

1851 3287 2106 3354 gelizare,
2139 3302 2249 3340 non
2287 3287 2377 3340 ubi
2407 3289 2722 3342 nominatus
2742 3297 2826 3341 est
2853 3286 3126 3353 Christus,
3163 3301 3231 3340 ne
3263 3303 3428 3356 super

1851 3377 2072 3430 alterius
2109 3376 2520 3431 fundamentum
2552 3377 2929 3433 aediﬁcaret“.
2963 3379 3203 3432 Alterum
3241 3387 3422 3432 autem

1852 3468 2075 3522 alterius
2105 3468 2480 3538 interpretatio
2501 3478 2604 3524 est.
2629 3470 2856 3523 Nolcbat
2878 3470 3020 3523 enim
3047 3469 3422 3539 prtejttdicare.

1853 3560 1946 3615 ubi
2001 3560 2139 3613 alter
2185 3561 2518 3629 praedicavit,
2570 3569 2627 3613 ut
2666 3575 2776 3614 non
2825 3561 3426 3636 mercedes'arriperet

1851 3652 2075 3706 alienas.
2104 3652 2179 3706 De
2215 3652 2302 3705 his
2332 3652 2477 3706 enim
2507 3651 2846 3706 mercedibus
2869 3651 3270 3721 aitlegislator:
3307 3651 3426 3704 Non

1854 3745 2146 3798 morabitur
2179 3761 2304 3812 opus
2343 3745 2655 3797 mercenarii
2681 3745 2824 3812 apud
2853 3755 2903 3798 te
2938 3759 3315 3814 usque-mane.

1926 3835 2043 3890 Non
2085 3839 2195 3905 jam
2247 3835 2686 3903 praedicantibus,
2720 3835 2814 3888 sed
2861 3835 3040 3889 adhuc
3088 3835 3427 3888 discentibus

1853 3928 2120 3981 mandans
2136 3943 2244 3981 non
2277 3928 2573 3997 negligere,
2599 3942 2700 3980 nec
2730 3927 2967 3980 otiosum
2995 3914 3135 3995 apud
3167 3941 3224 3980 se
3245 3926 3425 3980 sinere

1851 4017 2130 4072 doctorale
2163 4018 2420 4082 verbum;
2461 4018 2834 4071 mercenarius
2881 4019 3025 4071 enim
3064 4016 3157 4070 Dei
3194 4025 3297 4080 est,
3333 4016 3423 4084 qui

1853 4111 2111 4180 praedicat
2165 4110 2392 4163 verbum
2455 4109 2596 4177 ejus.
2648 4108 2857 4162 Merces
2910 4117 3094 4161 autem
3169 4108 3288 4174 ejus
3343 4115 3425 4159 est

1852 4199 2142 4253 retributio
2172 4197 2601 4268 praedicationis,
2633 4196 2814 4251 veraci
2845 4197 3118 4250 existente
3155 4194 3317 4263 hujus
3345 4194 3423 4248 rei

1851 4299 1990 4344 teste
2017 4288 2208 4351 Paulo,
2244 4287 2336 4357 qui
2369 4287 2502 4341 dicit
2539 4305 2550 4338 :
2590 4286 2720 4350 Quae
2750 4293 2825 4340 est
2866 4302 2986 4354 ergo
3032 4299 3228 4336 merces
3268 4281 3427 4335 mea?

1858 4379 1918 4432 Ut
1964 4375 2309 4445 Evangetium
2377 4372 2709 4441 praedicans,
2772 4374 2884 4426 sine
2949 4381 3158 4439 sumptu
3227 4385 3422 4438 ponam

1855 4465 2197 4535 Evangelium
2222 4463 2498 4518 Christi".
2521 4462 2872 4531 Septuaginta
2893 4471 3073 4515 autem
3093 4462 3260 4514 edunt
3278 4458 3423 4512 :Non

177 4555 327 4639 enim
365 4555 462 4634 eis
489 4577 767 4633 sociantur
818 4574 874 4626 in
928 4571 1206 4633 mandato,
1261 4569 1330 4620 ita
1382 4575 1437 4619 et
1487 4565 1541 4618 in
1591 4578 1746 4632 poena
1780 4579 1824 4633 ι)
1852 4559 2075 4612 dormiet
2107 4573 2299 4610 merces
2333 4555 2643 4608 mercenarii
2677 4555 2753 4605 tui
2783 4555 2925 4622 apud
2961 4565 3030 4614 te,
3063 4569 3223 4622 usque
3250 4567 3419 4603 mane.

177 4676 496 4735 sociantur;
529 4669 655 4739 quia
687 4668 777 4736 qui
799 4665 962 4734 legem
984 4672 1150 4716 totam
1187 4659 1486 4721 cenauerit,
1524 4657 1748 4724 oﬁ'endat

176 4777 356 4821 autem
406 4765 460 4816 in
507 4778 630 4822 uno,
658 4761 828 4829 {actus
863 4764 938 4808 est
982 4755 1215 4806 omnium
1251 4768 1368 4804 reus
1384 4752 1451 4804 ”.
1503 4748 1608 4804 Sed
1645 4762 1748 4802 nec

177 4862 377 4915 frustra
410 4853 699 4910 calumnia:
729 4850 838 4903 vim
882 4846 1163 4915 conjunxit
1197 4860 1358 4912 :qua:
1386 4843 1532 4896 enim
1587 4840 1746 4894 dilic-

178 4949 354 5005 rcntia
381 4955 462 5001 est
487 4945 630 5013 apud
663 4958 785 4997 eum
819 4940 908 5009 qui
942 4939 1106 4992 rebus
1152 4938 1266 4990 suis
1305 4941 1471 4994 caret,
1522 4932 1637 4986 sive
1670 4931 1743 4994 vi,

176 5044 294 5098 sive
319 5038 484 5092 armis
517 5037 769 5096 forsitan,
826 5040 920 5084 aut
952 5030 1196 5100 potentia
1231 5027 1490 5096 qualibet,
1533 5024 1617 5078 vel
1649 5037 1748 5092 per

175 5129 702 5188 circumventionem
736 5124 1085 5194 judiciorum,
1117 5128 1212 5174 aut
1256 5118 1463 5180 fraude,
1491 5115 1578 5170 vel
1609 5128 1747 5184 quo-

176 5227 312 5279 libet
341 5223 446 5276 alio
476 5218 639 5273 simili
695 5217 858 5271 modo
888 5215 974 5269 his
1019 5213 1241 5267 careat?
1278 5210 1383 5265 Sed
1433 5217 1487 5261 et
1516 5206 1607 5276 qui
1658 5206 1748 5259 die

178 5322 290 5366 tota
320 5316 576 5378 operatus
602 5315 705 5365 est,
734 5313 792 5358 ut
813 5303 1085 5371 acciperet
1119 5297 1418 5359 mercedes,
1453 5310 1517 5348 ex
1551 5293 1750 5361 quibus

174 5419 302 5459 cum
326 5400 472 5464 ﬁliis,
510 5408 564 5452 et
609 5411 801 5460 uxore,
855 5404 910 5448 et
956 5391 1274 5463 parenti-bus
1309 5386 1752 5457 exspectantibus

175 5495 396 5548 easdem
419 5489 700 5544 mercedes
733 5489 960 5549 viveret,
1005 5491 1061 5538 et
1091 5498 1200 5536 non
1228 5479 1457 5549 accepit,
1493 5477 1588 5531 sed
1616 5476 1750 5530 dila~

176 5599 268 5643 tus
287 5592 392 5649 est,
409 5597 592 5637 nonne
615 5579 941 5636 calumniam
965 5586 1019 5631 et
1044 5576 1150 5630 vim
1180 5573 1418 5644 patitur?
1435 5587 1544 5625 non
1571 5570 1746 5624 solum

250 5782 295 5812 ’°
327 5780 490 5832 Marc.
522 5793 627 5831 xw.
663 5776 751 5829 58.
857 5775 899 5805 ⁹¹
943 5772 1098 5826 Joan.
1131 5787 1190 5830 tt.
1225 5771 1308 5822 l9.

171 5851 215 5883 ⁹⁶
247 5849 411 5905 Rom.
445 5865 529 5914 xv,
560 5848 650 5901 20.
727 5848 766 5878 "'
799 5848 816 5899 l
848 5843 973 5898 Cor.
1002 5860 1073 5908 ut,
1109 5841 1192 5893 18.

1419 5769 1464 5799 ⁹¹
1493 5764 1680 5818 Matth.
1726 5780 1834 5816 xw.

1269 5838 1312 5871 ⁸⁸
1346 5838 1536 5892 Matth.
1562 5852 1702 5898 XXIV,
1730 5835 1796 5888 ἀεὶ
1814 5841 1873 5888 et
1905 5848 2024 5896 xxv,
2052 5832 2138 5884 15.

1853 4650 1993 4716 Quia
2023 4649 2171 4703 enim
2231 4646 2471 4701 dormire
2503 4645 2836 4714 negligentes
2889 4644 3168 4704 dicuntur,
3196 4641 3422 4694 detuon-

1854 4749 1991 4796 strat
2019 4740 2302 4799 Dominus,
2336 4736 2617 4803 discipulis
2647 4736 2959 4788 mandatum
2991 4735 3149 4787 dans.
3183 4729 3422 4799 Vigilatc.

1853 4835 1979 4904 quia
2037 4832 2248 4886 nescitis
2302 4847 2407 4897 qua
2457 4829 2584 4880 liora
2642 4827 2898 4880 Dominus
2962 4834 3126 4878 vester
3178 4831 3424 4876 venturus

1854 4935 1929 4981 est
1948 4925 2015 4978 ’°.
2047 4925 2154 4978 Sed
2181 4933 2234 4977 et
2261 4923 2479 4992 quando
2498 4919 2901 4976 dormientibus
2923 4915 3255 4977 hominibus,
3279 4912 3427 4966 vidc-

1854 5019 1982 5073 licet
2038 5015 2478 5086 negligentibus.
2538 5012 2812 5066 seminare
2874 5008 3091 5063 dicebat
3144 5005 3424 5058 inimicum

1855 5109 2151 5172 zizaniam;
2185 5122 2345 5161 mane
2374 5105 2519 5159 enim
2564 5104 2807 5157 futurum
2844 5099 3104 5153 smculum
3149 5106 3254 5160 est,
3299 5095 3425 5162 quia

1854 5202 2003 5254 nocti
2030 5200 2314 5269 praesentis
2335 5199 2458 5250 vitae
2492 5195 2756 5257 succedit,
2783 5193 2944 5246 etlux
2970 5185 3427 5258 inexstinguibilis

1855 5291 1907 5344 in
1944 5305 2011 5344 eo
2038 5290 2264 5343 habitat.
2306 5286 2424 5340 Non
2467 5301 2597 5355 ergo
2636 5292 2851 5352 oportet
2876 5281 3110 5334 otiosum
3137 5291 3256 5330 esse
3285 5276 3424 5343 apud

1854 5399 1955 5437 nos
1984 5383 2267 5436 doctorum
2315 5381 2543 5434 verbum
2596 5393 2693 5448 per
2718 5390 2877 5428 omne
2914 5375 3018 5427 hoc
3069 5382 3304 5439 tempus,
3339 5369 3423 5421 cui

1855 5474 2023 5527 futuri
2051 5471 2311 5541 temporis
2344 5485 2504 5523 mane
2527 5467 2792 5530 succedit,
2813 5465 2938 5533 quia
2967 5471 3022 5515 et
3061 5461 3114 5513 in
3164 5459 3266 5512 hoc
3291 5471 3427 5511 ava-

1855 5565 1979 5617 ritia
2003 5572 2059 5618 et
2092 5561 2357 5630 injustitia
2386 5561 2438 5614 in
2476 5558 2792 5614 doctoribus
2822 5560 3167 5614 exercentur,
3211 5561 3426 5602 merce-

1943 5763 1988 5793 ”
2023 5760 2141 5813 Jac.
2169 5777 2227 5823 ll,
2259 5762 2340 5814 10.
2449 5759 2491 5789 ’³
2521 5756 2662 5810 Psal.
2692 5773 2728 5818 I,
2761 5755 2806 5806 l.
2915 5753 2960 5782 ’⁵
2990 5750 3030 5802 ll
3055 5748 3188 5802 Cor.
3234 5762 3289 5810 ι,
3342 5741 3426 5798 16.
