4218 6450
171 404 306 468 1029

1297 411 1378 472 1N
1421 413 1856 473 LEVlTlCUM.
1896 437 1961 445 θ’*
2000 416 2146 474 Ι.ΙΒ.
2186 418 2282 480 VI.

3290 419 3424 486 1030

161 532 288 570 cum
316 518 496 572 omnis
523 517 746 586 quidem
790 518 1176 574 mandatorum
1226 523 1437 589 justitia
1493 525 1744 580 conside—
1776 536 1815 586 Λ
1848 540 1937 579 ne.
1973 526 2189 582 Vestem
2229 545 2350 597 quae
2381 545 2444 582 ex
2484 533 2694 589 duobus
2733 544 2874 590 texta
2929 545 3014 590 est
3073 552 3177 592 non
3225 538 3418 595 indue-

165 609 335 662 randa
366 611 458 676 sit,
493 610 641 664 illam
686 622 868 666 tamen
931 610 1289 666 subtilitatem
1322 630 1433 684 pne
1488 619 1742 672 omnibus

164 702 407 767 intende,
432 703 620 757 dicens
649 705 792 758 enitn
817 722 830 757 :

238 791 396 845 \‘sas.
440 794 522 846 l7.
561 813 578 844 ι
617 795 692 849 Nc
726 797 908 852 oderis
936 796 1158 855 fratrem
1203 809 1391 865 tuum,
1431 801 1656 865 addidit,
1689 800 1743 854 in

161 886 330 938 corde
371 895 484 939 tuo.
537 906 554 936 ο

235 978 372 1044 Quia
405 977 726 1048 frequenter
757 981 811 1034 in
853 985 1104 1052 personis
1141 987 1513 1055 peccantium,
1551 1001 1741 1055 perso-

160 1086 291 1124 nam
315 1072 439 1126 odio
473 1087 569 1127 eos
600 1074 918 1130 habentium
950 1077 1102 1131 indui
1138 1077 1541 1147 compellimur.
1584 1077 1743 1132 Unde

165 1163 364 1220 Paulus
383 1165 968 1225 Thessalonicensibus
999 1173 1386 1243 pracipiebat:
1421 1171 1480 1227 Si
1505 1175 1622 1244 quis
1642 1190 1743 1226 non

164 1256 336 1309 obedit
365 1257 518 1310 verbo
547 1268 741 1324 nostro,
767 1277 859 1328 per
885 1262 1161 1328 epistolam
1187 1263 1324 1315 hunc
1351 1273 1549 1327 notate,
1581 1274 1627 1317 et
1644 1279 1746 1315 non

165 1351 613 1404 coiizinisceamini
671 1369 790 1405 cum
847 1354 960 1418 illo,
1025 1364 1080 1407 ut
1141 1357 1577 1424 confundatur".
1631 1356 1746 1410 Hoc

162 1449 346 1494 autem
372 1442 502 1496 dum
535 1445 614 1503 lit.
643 1443 754 1498 odii
787 1445 992 1513 prmbet
1041 1447 1544 1514 praesumptionem.
1599 1447 1747 1513 Quo-

165 1549 285 1585 rum
308 1530 455 1587 enim
490 1534 744 1600 aliorum,
791 1536 896 1589 nisi
927 1537 1229 1590 odientium
1255 1546 1308 1591 et
1336 1539 1740 1593 adversantium

163 1635 280 1677 est:
316 1624 436 1677 Non
463 1628 851 1680 contmisceris?
894 1629 1000 1681 Sed
1037 1628 1180 1682 hanc
1205 1630 1602 1684 aversationem
1636 1647 1744 1685 non

165 1717 424 1785 praecepit
447 1717 498 1770 in
526 1718 689 1772 corde
736 1717 874 1782 ﬁeri,
909 1719 986 1771 ait
1020 1719 1190 1772 enim:
1235 1718 1356 1772 Non
1400 1723 1743 1775 commiscea-

165 1809 296 1859 mini
337 1810 405 1874 ei,
449 1820 506 1861 ut
558 1811 936 1878 confundatur,
1000 1820 1050 1866 et
1098 1811 1398 1865 erubescens
1447 1814 1744 1868 omnimodo

1846 633 1938 671 l'lS.
1988 637 2006 668 ι

1917 708 2040 763 lla-c
2093 710 2492 778 quodammodo
2552 714 2618 767 ad
2681 715 2916 769 litteram
2989 719 3241 776 videntur
3299 740 3422 780 csso

1847 798 2096 864 ridicula,
2139 803 2284 856 unde
2315 819 2418 858 nee
2448 805 2519 859 ita
2550 820 2613 860 ea
2644 809 2902 862 custodiri
2947 827 2977 864 a
3033 816 3315 884 prophetis
3368 827 3424 873 et

1845 892 2182 960 spiritalibus
2226 895 2557 962 invenimus,
2609 902 3064 968 quemadmodum
3112 907 3422 967 Judaaorum

1846 982 1942 1037 ﬁlii
1968 985 2182 1041 inﬁrme
2223 987 2655 1058 imperfecteque
2681 993 2952 1062 viventes,
2984 999 3074 1067 qui
3102 1000 3183 1054 lae
3214 1014 3420 1069 amant,

1846 1078 1901 1123 et
1935 1071 2167 1126 solidum
2195 1074 2378 1130 cibum
2418 1089 2529 1128 non
2572 1077 2814 1146 capiunt.
2859 1082 2992 1137 Nam
3022 1085 3243 1142 intende
3292 1092 3422 1160 quid

1847 1163 1914 1217 ad
1963 1162 2137 1218 Sadoc
2175 1166 2535 1231 sacerdotem,
2584 1178 2640 1222 et
2673 1169 2882 1225 Nathan
2910 1177 3249 1246 prophetam,
3278 1191 3332 1237 et
3355 1183 3424 1237 ad

1848 1252 2100 1307 Banaiam
2135 1255 2378 1310 dicebat:
2427 1255 2614 1312 Ponite
2639 1259 2810 1327 ﬁlium
2861 1280 3033 1318 meum
3089 1267 3424 1325 Salomonem

1846 1344 1900 1396 in
1929 1344 2131 1397 mulam
2158 1348 2416 1401 meam".
2470 1346 2668 1403 Dicens
2697 1351 2868 1412 enim,
2933 1371 3126 1422 meum,
3187 1362 3427 1416 ostendit

1847 1436 1973 1504 quia
2011 1445 2066 1489 et
2093 1435 2212 1506 ipse
2239 1437 2294 1490 in
2327 1438 2534 1492 mulum
2568 1442 2811 1497 sedebat.
2845 1443 2901 1498 Si
2949 1456 3131 1502 autem
3174 1452 3424 1520 jumenta

1847 1530 2189 1585 commisceri
2228 1532 2454 1587 alterius
2507 1536 2725 1604 generis
2773 1539 3162 1609 animantibus,
3219 1547 3272 1601 id
3319 1559 3422 1613 est,

1846 1619 2060 1672 asinum
2095 1635 2238 1689 equo
2282 1623 2630 1678 commisceri
2667 1625 2752 1680 lex
2805 1630 3000 1695 vetuit,
3033 1641 3090 1686 et
3139 1635 3426 1692 abomina-

1846 1707 1954 1762 bile
1987 1709 2092 1763 hoc
2121 1719 2262 1776 erat,
2307 1715 2596 1781 oportebat
2643 1725 2696 1770 et
2739 1732 2801 1771 ea
2836 1735 2956 1788 qua:
3000 1721 3223 1789 ﬁebant,
3275 1734 3332 1780 et
3360 1743 3425 1782 ea

1847 1809 1968 1862 qua:
2017 1800 2388 1856 nascebantur
2415 1819 2481 1856 es
2511 1805 2612 1871 eis,
2650 1809 2838 1876 procul
2890 1810 3055 1864 dubio
3096 1814 3422 1874 abominari.

163 1901 487 1954 emendetur.
546 1902 647 1966 Qui
713 1911 896 1955 autem
950 1902 1279 1958 emendabat
1317 1920 1442 1959 cum
1499 1906 1584 1960 cui
1633 1922 1744 1962 non
1775 1881 1819 1937 B
1849 1886 1957 1941 Sed
1988 1889 2112 1943 etsi
2146 1891 2533 1947 vestimentum
2568 1910 2633 1948 ex
2698 1897 2917 1952 duobus
2966 1899 3084 1954 ﬁeri
3132 1918 3241 1958 non
3285 1908 3423 1974 vult,

160 1993 644 2060 commiscebatur,
677 1994 995 2048 nullatenus
1017 2009 1141 2049 eum
1169 1996 1325 2051 odire
1364 1997 1421 2050 in
1454 1999 1621 2053 corde
1644 2014 1744 2054 suo

163 2092 397 2154 poterat,
434 2086 580 2154 quod
620 2084 951 2140 conﬁrmans
999 2087 1164 2141 etiam
1219 2089 1322 2144 hoc
1370 2089 1623 2144 addidit:
1673 2094 1742 2145 Et

163 2176 325 2228 nolite
351 2176 504 2245 quasi
535 2177 808 2230 inimicum
838 2177 1142 2231 existimare
1171 2178 1342 2244 illum,
1377 2181 1467 2235 sed
1499 2183 1744 2250 corripite

161 2279 222 2321 ut
245 2271 464 2338 fratrem
487 2270 550 2324 “.
581 2268 812 2323 Omnem
865 2280 1047 2325 autem
1075 2272 1342 2341 justitiam
1390 2275 1635 2344 explens,
1688 2283 1743 2330 et

162 2375 263 2430 per
323 2360 562 2428 singulas
619 2361 834 2430 species
903 2363 1025 2418 vita:
1090 2364 1496 2432 quodammodo
1567 2367 1740 2437 legem

162 2467 396 2520 ponens,
427 2452 904 2508 conﬁrmationem
950 2455 1244 2520 mandatis,
1293 2471 1457 2524 quam
1503 2468 1739 2527 Oportet,

159 2543 414 2613 apponit,
476 2558 640 2612 quam
701 2543 746 2598 si
815 2544 1268 2619 custodierimus,
1322 2562 1483 2602 nemo
1539 2551 1743 2605 nostris

162 2647 365 2687 nocere
420 2633 648 2698 divitiis,
703 2649 866 2690 nemo
917 2644 1164 2726 nostrum
1214 2638 1532 2696 thesaurum
1575 2643 1742 2700 furari

159 2734 364 2796 potest.
397 2725 494 2780 Est
514 2737 698 2781 autem
725 2729 1066 2785 conﬁrmatio
1093 2731 1243 2787 hate:

236 2816 304 2870 Et
333 2817 518 2889 diliges
562 2821 812 2886 amicum,
863 2823 998 2889 sive,
1034 2833 1093 2877 ut
1137 2824 1512 2896 Septuaginta,
1560 2832 1741 2898 proxi-

163 2927 309 2963 mum
340 2921 486 2964 tuum
533 2913 667 2966 sicut
705 2915 950 2981 teipsum.
985 2914 1203 2970 Habens
1233 2917 1288 2970 in
1319 2919 1534 2975 modico
1575 2931 1743 2977 totam

162 3002 364 3070 legem,
400 3011 456 3055 et
498 3017 595 3070 per
643 3019 813 3057 unum
848 3005 946 3058 tibi
1001 3005 1106 3061 hoc
1161 3008 1503 3088 mandatum,
1559 3013 1742 3067 omnia

162 3093 443 3147 custodire
487 3093 650 3149 facile
695 3106 797 3150 est.
849 3095 1102 3152 Charitas
1157 3098 1328 3164 enim,
1388 3101 1465 3154 ait
1519 3101 1742 3169 Paulus,

161 3185 404 3250 proximo
456 3185 655 3237 malum
704 3203 807 3238 non
861 3198 1132 3256 operatur.
1193 3189 1478 3244 Plenitudo
1510 3209 1631 3264 ergo
1663 3196 1740 3248 ιε-
1769 3218 1814 3275 c

161 3276 244 3344 gis
275 3275 506 3330 charitas
533 3286 607 3328 est
626 3275 689 3330 “.
715 3275 821 3330 Sed
844 3286 1134 3332 etomnem
1162 3281 1329 3335 vitam
1353 3291 1592 3337 nostram
1617 3299 1738 3339 esse

163 3370 220 3420 in
253 3368 411 3423 bonis
437 3368 584 3422 facit.
612 3368 666 3422 Si
701 3371 848 3424 enim
876 3371 1044 3442 diligo
1073 3375 1380 3442 proximum
1410 3377 1550 3429 sicut
1571 3378 1742 3447 meip-

162 3475 310 3526 sum,
343 3467 398 3513 et
429 3460 653 3514 forsitan
702 3460 842 3516 ﬁlios
873 3479 982 3516 non
1041 3464 1306 3531 habuero,
1350 3476 1445 3520 aut
1500 3467 1738 3535 divitias,

163 3559 261 3604 aut
297 3551 573 3616 decorem,
616 3561 710 3607 aut
751 3555 941 3607 mundi
997 3555 1247 3624 gloriam,
1278 3566 1374 3611 aut
1418 3559 1737 3627 potentiam,

163 3642 330 3698 video
345 3653 528 3697 autem
550 3645 863 3713 proximum
885 3645 1200 3712 habentem,
1215 3649 1446 3717 gaudeo,
1465 3658 1521 3702 et
1537 3649 1740 3704 nihilo-

163 3735 348 3792 minus
397 3744 653 3806 tanquam
711 3750 812 3806 ego
863 3736 980 3790 haec
1015 3735 1267 3800 habeam,
1313 3738 1470 3792 laetor
1497 3754 1628 3810 ego:
1684 3741 1740 3794 in

160 3833 259 3886 illo
285 3833 432 3887 enim
449 3841 505 3885 et
533 3846 636 3901 ego
675 3832 870 3885 habeo.
905 3830 1145 3898 ldipsum
1188 3838 1371 3884 autem
1402 3839 1458 3884 et
1489 3830 1545 3884 in
1578 3831 1740 3900 spiri-

162 3926 387 3988 talibus,
430 3924 485 3977 in
526 3923 728 3993 quibus
777 3922 1012 3976 maxime
1045 3933 1165 3974 eam
1196 3936 1318 3991 qua:
1361 3922 1430 3976 ad
1467 3924 1742 3992 proximos

162 4016 406 4085 pertinet
466 4014 820 4068 dilectionem
869 4011 1148 4066 custodire
1197 4012 1483 4078 debemus,
1534 4021 1589 4066 et
1630 4027 1741 4066 non

159 4109 411 4163 invidere
437 4106 793 4176 operantibus
811 4105 1099 4175 justitiam,
1121 4118 1223 4158 nec
1266 4105 1505 4159 morderi
1525 4107 1743 4174 quando

159 4200 256 4254 alii
290 4201 589 4254 secundum
631 4197 915 4251 Christum
972 4194 1364 4265 gloriﬁcantur,
1421 4196 1640 4265 quando
1687 4196 1740 4248 in

161 4295 336 4349 verbo
393 4290 657 4347 doctrinas
718 4288 1140 4358 locupletantur,
1189 4287 1410 4356 quando
1464 4288 1744 4342 abundant

160 4388 366 4444 divinis
401 4385 580 4440 donis.
622 4382 730 4437 Sed
759 4381 1053 4436 imitandus
1097 4389 1182 4434 est
1222 4379 1498 4444 Christus,
1527 4381 1620 4449 qui
1685 4382 1742 4436 in

162 4490 379 4534 tantum
410 4493 512 4532 nos
561 4476 771 4538 dilexit,
807 4482 867 4527 ut
900 4472 1163 4542 apostolis
1212 4472 1418 4540 majora
1475 4473 1628 4541 signa
1657 4473 1741 4526 l'a-

1847 1978 2120 2044 quomodo
2149 1978 2369 2048 sapiens
2400 1979 2491 2035 ille
2525 1982 2594 2036 de
2615 1982 2739 2037 l'orti
2766 1985 2992 2041 muliere
3024 1989 3141 2044 luce
3198 1992 3253 2046 in
3290 1995 3426 2049 Pro-

1846 2068 2026 2123 verbis
2048 2069 2210 2124 dicit:
2239 2069 2445 2125 Invenit
2480 2073 2661 2128 lanam
2706 2085 2755 2129 et
2778 2076 2966 2142 linum,
3014 2093 3063 2132 et
3107 2095 3323 2148 operata
3350 2097 3426 2140 est

1845 2159 1976 2212 utile
2000 2161 2245 2216 manibus
2295 2165 2425 2228 suis,
2463 2174 2520 2219 et
2549 2181 2775 2222 rursus:
2807 2169 2894 2224 Ex
2932 2173 3084 2240 bysso
3112 2186 3160 2227 et
3186 2193 3422 2246 purpura

1845 2249 1946 2302 sibi
1965 2249 2270 2306 vestimenta
2293 2254 2373 2308 “i
2403 2253 2515 2310 Nec
2548 2257 2695 2311 enim
2733 2259 2884 2313 utilia
2920 2273 3049 2316 sunt
3077 2268 3420 2334 vestimenta,

1845 2340 2051 2396 bonum
2085 2356 2267 2399 autem
2320 2346 2702 2402 indumentum
2766 2351 2907 2418 ejus,
2953 2353 3068 2408 sive
3112 2357 3244 2412 utile
3290 2361 3425 2417 dixit

1846 2448 1967 2488 esse
1993 2435 2403 2502 vestimentum,
2438 2454 2607 2492 unum
2641 2440 2862 2508 quidem
2917 2442 2984 2497 de
3011 2444 3135 2499 lana
3183 2457 3238 2502 et
3291 2450 3423 2516 lino,

1847 2525 1995 2579 aliud
2056 2536 2238 2580 autem
2293 2544 2484 2583 rursus
2511 2544 2578 2584 ex
2633 2531 2796 2602 bysso
2846 2542 2902 2587 et
2939 2550 3180 2606 purpura
3229 2541 3425 2596 conﬁci

1848 2619 2240 2689 intelligamus.
2304 2621 2412 2676 Sed
2467 2623 2600 2691 quid
2657 2624 2762 2679 hoc
2820 2626 2924 2691 sit,
2988 2627 3188 2685 Paulus
3239 2645 3426 2702 aperte

1846 2707 2152 2762 Corinthiis
2191 2710 2419 2766 scribit:
2450 2711 2568 2764 Non
2597 2715 2812 2780 potestis
2842 2715 3059 2771 calicem
3090 2720 3302 2774 Domini
3343 2722 3425 2774 bi-

1846 2799 1980 2862 bere,
2030 2811 2079 2853 et
2115 2801 2334 2854 calicem
2374 2803 2779 2858 dtemoniorum.
2817 2806 2938 2860 Non
2977 2813 3192 2878 potestis
3235 2830 3426 2870 mensa:

1847 2891 1944 2946 Dei
1969 2893 2304 2960 participari,
2328 2903 2378 2946 et
2406 2910 2600 2948 menso
2630 2898 3011 2953 dwmoniorum
3032 2902 3098 2967 ";
3121 2912 3176 2957 et
3202 2921 3422 2962 rursus:

1848 2979 1951 3045 Qui
1977 2983 2033 3034 in
2062 2983 2171 3052 lege
2186 2984 2585 3052 justiﬁcamini,
2618 3003 2651 3038 a
2676 2989 2852 3057 gratia
2874 2992 3219 3048 excidistis".
3238 2995 3427 3067 Neque

1848 3073 1997 3126 enim
2016 3071 2260 3128 Judaieis
2289 3075 2725 3144 seductionibus,
2780 3095 2885 3136 nec
2925 3085 3099 3139 errori
3143 3089 3427 3156 gentilium

1849 3174 2066 3234 Oportet
2089 3165 2277 3221 ﬁdeles
2304 3169 2665 3225 commisceri.
2722 3170 2980 3229 Jumenta
3020 3194 3171 3248 ergo,
3231 3181 3286 3235 id
3322 3195 3425 3249 est,

1849 3257 2139 3325 populares
2173 3258 2448 3326 homines,
2470 3275 2579 3315 non
2604 3263 2986 3329 permittamus
3011 3269 3236 3325 alterius
3264 3288 3430 3342 gene-

1850 3353 1926 3406 ris
1951 3353 2342 3419 animantibus,
2398 3356 2764 3424 commisceri,
2815 3359 2870 3413 id
2925 3368 3028 3426 est,
3060 3377 3170 3417 non
3234 3367 3430 3420 sectari

1849 3446 2351 3515 circumcisionem,
2394 3457 2450 3503 et
2497 3450 2787 3520 baptisma.
2840 3453 3081 3508 Alterius
3126 3456 3271 3510 enim
3314 3458 3430 3527 jugi

1850 3540 2219 3605 circumcisio,
2256 3542 2437 3611 gravis
2470 3555 2525 3597 et
2575 3544 2958 3613 importabilis,
3024 3546 3092 3601 de
3141 3562 3251 3616 quo
3294 3550 3430 3603 dixit

1852 3631 2079 3688 Petrus:
2122 3631 2260 3698 Quid
2297 3636 2515 3688 tentatis
2550 3635 2737 3702 Deum,
2776 3639 3202 3708 superimponere
3241 3641 3428 3710 jugum

1851 3727 1904 3778 in
1936 3727 2220 3780 cervicibus
2245 3727 2644 3796 discipulorum,
2662 3729 2800 3797 quod
2826 3745 2918 3782 nec
2940 3739 3115 3798 patres
3138 3734 3303 3785 nostri
3335 3748 3429 3787 nec

1853 3831 1946 3869 nos
1975 3826 2191 3885 portare
2209 3819 2479 3885 potuimus
2497 3818 2540 3848 ²¹
2562 3817 2835 3872 ?Alterius
2853 3828 2936 3872 est
2957 3829 3138 3873 autem
3160 3821 3429 3890 baptisma

1850 3907 2078 3972 Christi,
2106 3917 2164 3962 et
2183 3907 2320 3962 levis
2341 3908 2485 3978 jugi:
2518 3908 2664 3977 quod
2687 3909 2847 3963 nobis
2870 3909 3125 3964 Christus
3151 3910 3428 3979 imposuit,

1851 4002 1932 4056 sic
1956 4001 2172 4056 dicens:
2208 4000 2394 4054 Tollite
2415 4002 2608 4071 jugum
2637 4018 2829 4054 meum.
2884 4003 2949 4056 Et
2986 4017 3203 4057 rursus:
3235 4003 3430 4074 Jugum

1852 4095 1990 4147 enim
2016 4110 2188 4148 meum
2220 4110 2382 4148 suave
2405 4103 2500 4158 est,
2526 4104 2573 4146 et
2627 4110 2758 4146 onus
2788 4110 2960 4146 meum
2996 4095 3106 4148 leve
3127 4104 3200 4148 est
3218 4097 3284 4149 “.
3323 4094 3432 4151 Sed

1853 4199 1956 4239 nec
1989 4184 2368 4249 vineam,sive
2395 4199 2583 4254 agrum
2619 4184 2885 4237 creditum
2929 4183 3106 4248 nobis,
3143 4185 3294 4238 vario
3344 4199 3433 4239 se-

1852 4290 1972 4330 rere
2001 4276 2268 4330 debemus
2289 4275 2522 4338 semine,
2553 4285 2612 4329 ut
2635 4290 2746 4328 non
2776 4275 3050 4328 contraria
3104 4275 3305 4328 divinis
3331 4276 3430 4329 do-

1855 4367 2053 4424 ctrinis
2086 4367 2381 4422 Ecclesium
2403 4367 2722 4431 doceamus,
2775 4366 3235 4436 quemadmodum
3267 4382 3431 4436 prava

1805 4486 1812 4493 -
1851 4462 2125 4531 sapientes
2155 4459 2420 4525 haeretici,
2455 4458 2677 4513 Christo
2729 4458 2950 4526 nuptias
2974 4474 3071 4526 per
3102 4474 3257 4512 suam
3290 4474 3429 4528 pras-

161 4573 367 4635 ωηιξη⁹
398 4584 560 4639 quam
598 4568 715 4637 ipse
747 4564 897 4626 fecit,
932 4563 1280 4617 concederet,
1316 4562 1469 4617 unde
1516 4572 1571 4617 ει
1597 4579 1743 4618 nunc
1777 4570 1821 4624 ο
1850 4554 2080 4608 sentiam
2127 4550 2508 4614 benedicente,
2542 4559 2705 4619 atque
2755 4550 3010 4603 dicente:
3059 4549 3180 4603 Non
3225 4567 3285 4603 ea
3316 4566 3434 4619 qua

163 4666 390 4720 dicens:
424 4662 622 4731 Diliges
644 4660 875 4712 amicum
904 4667 1071 4720 tuum,
1110 4657 1219 4709 sive
1248 4657 1545 4724 proximum
1594 4666 1742 4710 tuum

161 4761 298 4812 sicut
318 4757 560 4823 teipsum,
581 4752 788 4806 addidit
811 4767 824 4803 :
851 4749 964 4821 Ego
995 4749 1249 4803 Dominus
1275 4766 1291 4802 :
1314 4750 1448 4820 leges
1484 4767 1627 4803 meas
1653 4767 1743 4804 cu-

165 4848 375 4902 stodite.
409 4844 641 4910 Quando
669 4857 800 4896 vero
836 4855 938 4895 nos
987 4839 1133 4892 Deus
1191 4839 1462 4903 dilexerit,
1506 4839 1622 4907 ipso
1657 4840 1743 4893 di-

163 4949 325 4997 cente
348 4950 638 5008 cognosce,
674 4933 750 4987 ait
788 4933 931 4986 enim
960 4950 972 4985 :
1006 4929 1274 4998 Majorem
1303 4931 1402 4983 Im:
1430 4931 1744 4985 charitaters

165 5049 316 5086 nemo
345 5031 520 5090 habet,
554 5045 715 5099 quam
740 5039 795 5080 ut
818 5011 1054 5078 anima'm
1088 5041 1242 5078 suam
1283 5026 1399 5094 quis
1443 5033 1603 5092 ponat
1652 5042 1748 5090 pro

161 5123 352 5175 amicis
372 5121 562 5174 suis“.
596 5119 750 5173 Unde
774 5125 827 5170 et
853 5117 1026 5183 legem
1059 5130 1212 5170 suam
1245 5115 1573 5183 praecipuam
1625 5130 1747 5168 esse

163 5214 479 5268 dilectionis
508 5209 828 5263 mandatum
873 5205 1043 5260 dixit:
1088 5204 1311 5258 hochic
1348 5204 1556 5257 addens
1600 5204 1745 5273 quod

162 5306 222 5359 in
254 5303 376 5356 aliis
405 5300 680 5356 mandatis
710 5312 819 5350 non
854 5295 1100 5364 reperies
1128 5293 1423 5362 adjectum.

236 5396 402 5450 Vsus.
441 5395 526 5449 19.
568 5411 586 5444 ι
629 5391 884 5445 Iumenta
913 5403 1024 5441 non
1063 5396 1152 5440 tua
1195 5385 1366 5440 facies
1403 5383 1744 5439 commisceri

163 5504 292 5544 cum
318 5487 541 5540 alterius
562 5481 777 5555 generis
816 5477 1208 5533 animantibus.
1255 5477 1481 5546 Agrum,
1509 5475 1644 5537 sive,
1683 5481 1745 5526 ut

164 5580 542 5651 Septuaginta,
573 5578 790 5632 vineam
821 5583 968 5628 tuam
995 5586 1107 5625 non
1133 5585 1284 5625 seres
1311 5569 1527 5622 diverso
1574 5568 1744 5621 semi-

1263 5710 1304 5740 ”
1327 5708 1480 5831 ligni}.
1502 5721 1621 5830 xlm,
1652 5704 1738 5828 ii).

1487 5793 1514 5831 a
1545 5816 1558 5829 .
1592 5793 1643 5831 ν.
1717 5817 1728 5829 .

1487 5793 1558 5832 at.
1592 5793 1643 5842 v,
1678 5793 1728 5829 4.

236 5716 278 5746 ¹¹
309 5715 350 5770 ll
374 5714 568 5768 Thess.
597 5730 677 5774 tn,
710 5713 799 5766 H.
880 5711 1071 5766 "ibid.
1094 5710 1181 5764 15.

164 5790 210 5824 ⁸⁸
227 5788 390 5842 Prov.
424 5801 572 5848 sxxt,
606 5786 687 5836 15.
793 5783 834 5814 ¹⁹
867 5781 886 5835 l
916 5781 1043 5836 Cor.
1076 5798 1128 5848 ι,
1161 5779 1252 5834 20.

163 5862 233 5916 15
258 5869 313 5914 et
333 5873 488 5930 seqq.
563 5858 605 5887 "
636 5853 794 5910 Joan.
825 5854 1026 5918 Vinii.

1853 4645 2221 4714 ingrediuntur
2250 4656 2433 4697 nocent
2462 4641 2723 4694 hominem
2757 4642 3082 4708 pro/libentes
3131 4641 3343 4704 nubere,
3383 4651 3432 4694 et

1852 4733 2211 4803 praecipientes
2240 4731 2490 4783 abstineri
2525 4747 2556 4782 a
2588 4731 2714 4782 cibis
2764 4745 2880 4798 qua:
2923 4729 3062 4783 Deus
3089 4731 3280 4782 creauit
3334 4731 3428 4792 eis,

1852 4828 2056 4879 sibimet
2082 4825 2378 4892 impietates
2399 4833 2704 4892 prteparant
2725 4822 3024 4876 mortem”.
3043 4822 3099 4873 lu
3117 4822 3315 4889 quibus
3334 4837 3433 4874 nc-

1852 4916 2088 4971 cessarie
2118 4913 2419 4969 secundum
2451 4911 2806 4981 Septuaginta
2838 4911 3082 4964 subdidit
3114 4928 3127 4963 :
3170 4903 3283 4979 Ego
3313 4927 3430 4963 sum

1849 5008 2109 5061 Dominus
2143 5008 2281 5061 Deus
2307 5017 2495 5067 uester,
2531 5004 2601 5057 ab
2631 5003 2783 5057 omni
2807 5013 2905 5057 vos
2951 5003 3263 5071 hujusmodi
3301 5017 3434 5055 con-

1852 5099 2090 5152 tinentes
2118 5112 2240 5151 esse
2270 5095 2476 5149 malitia
2527 5093 2779 5163 cupiens,
2825 5100 2882 5146 et
2920 5092 3012 5161 qui
3053 5105 3148 5159 per
3185 5091 3432 5159 Evange-

1848 5192 1978 5244 linm
2010 5191 2122 5243 dixi
2172 5190 2238 5242 ad
2291 5202 2386 5242 eos
2442 5187 2537 5255 qui
2591 5186 2730 5240 male
2782 5185 2980 5254 legem,
3042 5190 3096 5236 et
3153 5183 3220 5236 ad
3274 5196 3428 5234 suam

1847 5283 2183 5334 voluntatem
2233 5276 2545 5346 accipiunt:
2601 5275 2782 5329 Nolite
2839 5275 3088 5343 judicare
3143 5273 3429 5324 secundum

1847 5375 2056 5447 faciem,
2083 5374 2172 5425 sed
2182 5372 2392 5441 justum
2411 5369 2677 5446 judicium
2698 5364 3021 5435 judicate“.

1919 5464 2024 5518 Nec
2051 5464 2219 5515 oderis
2251 5463 2468 5531 fratrem
2492 5470 2639 5511 tuum
2665 5459 2722 5510 in
2752 5459 2906 5511 corde
2954 5469 3062 5520 tuo,
3093 5457 3183 5509 sed
3225 5455 3428 5524 publice

1846 5577 2010 5629 argue
2033 5574 2174 5621 eum,
2214 5574 2277 5610 ne
2305 5555 2497 5609 habeas
2523 5570 2681 5622 super
2713 5569 2772 5606 eo
2809 5560 3100 5622 peccatum.
3131 5545 3253 5601 Non
3281 5561 3428 5616 quat-

1816 5702 1862 5732 ¹⁸
1889 5699 2045 5754 Joan.
2070 5716 2178 5763 xiv,
2217 5698 2301 5751 12.
2353 5697 2396 5727 ¹⁶
2422 5694 2581 5749 Joan.
2627 5711 2715 5756 xv,
2751 5693 2835 5747 l3.
2916 5693 2954 5720 "’
2980 5687 3238 5763 lltzﬂeg.
3266 5701 3304 5751 ι,
3333 5683 3425 5735 55.

1841 5773 1882 5802 ²¹
1923 5772 2041 5825 Act.
2073 5755 2178 5835 xv;
2201 5769 2285 5824 10.
2370 5768 2413 5798 ’⁸
2443 5765 2630 5820 Matth.
2658 5781 2731 5832 ru,
2763 5763 2852 5828 ‘29,
2877 5763 2962 5816 δυ.
3062 5759 3107 5790 ⁸³
3141 5755 3303 5811 Marc.
3330 5769 3427 5818 vn,
