4218 6450
193 434 327 504 1033

1310 436 1385 490 ΙΝ
1442 432 1879 493 LEVITICUM.
1914 457 1987 467 —
2024 433 2171 495 LIB.
2208 435 2309 494 VI.

3290 443 3426 506 1034

184 551 365 611 Jacob.
388 554 558 607 dicens
588 571 603 605 .·
647 555 869 607 Vtsfmus
904 556 1104 607 visitavi
1136 570 1219 606 vos
1278 566 1324 604 ει
1350 553 1453 604 vidi
1503 566 1751 618 qua’cun-
1784 562 1825 614 Α
1855 558 2000 603 etum
2040 549 2243 603 bonum
2273 549 2583 605 Judaeorum
2612 553 2869 623 populum
2894 564 3019 609 ante
3049 554 3262 611 Domini
3287 573 3427 627 pra:-

185 661 282 713 que
310 659 582 697 evenerunt
604 648 741 697 vobis
766 648 819 697 in
853 645 1096 714 :Egypto,
1131 656 1177 696 et
1214 645 1321 697 dixi
1348 657 1365 693 :
1398 641 1651 694 Liberabo
1667 656 1752 693 vos

186 751 248 787 ea:
276 738 610 803 oppressione
633 735 1000 805 [Egyptiorum
1031 737 1094 785 ³⁵.
1125 737 1323 803 Aperte
1347 750 1473 803 ergo
1505 750 1600 803 per
1621 750 1754 803 prat-

182 837 391 879 sentem
426 827 595 896 legem
628 827 848 880 visitare
877 841 970 880 eos
1030 826 1276 895 permisit
1308 840 1404 894 per
1428 824 1631 878 Christi
1685 824 1752 875 li-

181 918 609 979 berationem,de
633 934 735 987 qua
754 918 1035 971 manifeste
1056 919 1342 972 Zacharias
1354 933 1451 987 per
1469 917 1752 974 Cantidum

179 1025 338 1061 suum
368 1010 502 1063 dixit
535 1029 546 1062 :
582 1010 889 1063 Benedictus
941 1011 1187 1062 Dominus
1228 1010 1366 1062 Deus
1411 1009 1597 1070 Israel,
1629 1010 1753 1075 quia

178 1101 429 1153 uisitauit.
456 1111 503 1153 et
555 1102 673 1152 fecit
738 1102 1141 1167 redemptionem
1170 1102 1332 1167 plebis
1356 1117 1465 1153 sua:
1500 1102 1564 1151 ".
1618 1100 1756 1152 Dicit

177 1192 322 1243 enim
354 1192 725 1261 liberationem
762 1208 923 1259 quam
966 1194 1220 1246 Christus
1270 1194 1321 1244 in
1364 1192 1649 1252 sacriﬁcio,
1699 1199 1753 1242 ct

174 1284 486 1347 evangelica
548 1286 986 1341 conversatione.
1017 1285 1204 1337 Judaei)
1237 1286 1491 1353 primum,
1522 1292 1575 1335 et
1632 1292 1755 1351 post

178 1371 282 1424 hoc
303 1372 509 1431 Grzeco,
530 1376 825 1426 secundum
846 1374 987 1441 quod
1009 1374 1145 1426 dixit
1164 1373 1470 1441 Apostolus,
1486 1371 1750 1440 praestitit.

174 1465 269 1515 Ait
291 1464 434 1515 enim
459 1465 525 1516 de
556 1464 847 1533 bvaugclio
869 1465 1013 1533 quod
1039 1482 1066 1517 a
1095 1464 1323 1517 Domino
1348 1467 1608 1516 donatum
1633 1471 1749 1514 est:

177 1552 349 1606 l'irtus
384 1554 476 1607 Dei
504 1566 576 1605 est
610 1556 662 1605 iu
691 1556 913 1608 salutent
936 1558 1075 1607 ωηιιί
1100 1556 1350 1617 credenti,
1378 1553 1561 1607 Juda'o
1584 1553 1752 1619 primo

171 1654 221 1695 et
287 1644 466 1697 Gra’co
495 1646 556 1695 ³⁷.
593 1646 705 1699 Non
760 1648 1060 1699 secundum
1106 1648 1336 1715 aliquam
1396 1660 1750 1714 personarum

170 1740 566 1805 acccptionem.
595 1740 686 1791 sed
719 1740 842 1807 quia
872 1739 1028 1807 primi
1061 1737 1233 1791 Judaei
1259 1739 1397 1792 hanc
1419 1738 1648 1791 salutem
1696 1744 1751 1789 ct

172 1828 566 1884 liberationem.
605 1839 789 1899 utpote
841 1832 1003 1884 ctiam
1041 1832 1175 1884 alios
1210 1831 1551 1892 seducentes,
1586 1830 1751 1884 habes

1861 640 2089 693 sentiam
2141 640 2402 709 potuisse.
2448 640 2557 695 Cur
2603 643 2749 697 enim
2800 645 3037 701 triennio
3067 646 3302 702 fructum
3350 652 3430 705 eis

1861 731 2036 785 OlIlIIlS
2062 731 2190 800 ligni
2223 746 2332 784 non
2353 746 2472 786 esse
2498 734 2743 788 esibilem
2785 736 3033 791 dicebat?
3054 738 3160 794 Sed
3189 755 3289 795 nec
3323 741 3430 800 quu

1861 823 2020 876 modo
2042 825 2326 885 mundum.
2351 824 2441 879 sed
2478 835 2533 882 et
2580 828 2986 881 inundationem
3043 840 3237 899 quarto
3284 806 3431 886 illi".

1863 919 2223 972 necessariam
2256 920 2570 973 habentem.
2604 922 2667 973 Et
2696 938 2813 990 qua:
2840 925 2953 977 haec
2981 933 3099 977 erat
3127 928 3433 980 mumlatio‘.’

1862 1006 1977 1058 Non
2006 1008 2269 1076 aspersio,
2303 1024 2411 1061 non
2448 1009 2795 1073 sacrificium,
2834 1026 2939 1064 non
2972 1013 3115 1066 aliud
3152 1015 3429 1083 quidpiam

1864 1098 2194 1167 hujusmodi,
2219 1101 2377 1168 quale
2416 1100 2521 1151 alio
2562 1100 2680 1153 loco
2704 1104 3001 1156 secumlum
3039 1105 3276 1158 litteram
3344 1105 3427 1158 lex

1862 1190 2135 1259 praecepit.
2165 1191 2303 1259 Ergo
2333 1203 2488 1245 voeat
2524 1192 2833 1246 necessarie
2889 1195 2955 1247 ad
3018 1195 3433 1263 contemplatio-

1860 1294 1985 1333 nem
2020 1280 2267 1348 spiritus,
2298 1297 2421 1336 eum
2453 1283 2547 1351 qui
2569 1299 2676 1337 non
2705 1284 2880 1338 solum
2926 1286 3172 1339 meditari
3230 1287 3428 1357 legem.

1861 1368 1955 1420 sed
2006 1378 2060 1422 et
2087 1370 2301 1438 aliquod
2358 1386 2429 1423 ex
2475 1386 2537 1425 ea
2560 1375 2839 1441 percipere
2861 1368 3206 1430 commodum
3257 1354 3427 1445 cupit.
3496 1354 3505 1370 ¹

1861 1457 2083 1514 Terram
2108 1478 2237 1532 ergo
2278 1464 2419 1517 Deus
2474 1464 2586 1527 dat,
2621 1480 2783 1533 quam
2841 1468 3016 1535 ipsum
3072 1468 3202 1523 dare
3252 1471 3428 1531 decet,

1860 1551 1912 1605 id
1941 1562 2046 1616 est,
2077 1554 2316 1608 divinam
2347 1556 2708 1625 Scripturam,
2742 1573 2863 1627 qua:
2906 1562 3167 1613 virtutum
3215 1560 3429 1615 fructus

1860 1644 1982 1707 fert,
2010 1659 2131 1711 qua:
2163 1646 2327 1699 habet
2358 1646 2499 1702 illam
2531 1648 2720 1711 vitam,
2741 1659 2795 1703 ct
2818 1650 2970 1714 colit,
3001 1651 3117 1703 sive
3146 1662 3428 1719 operatur,

1857 1749 2019 1802 quam
2072 1734 2240 1789 David
2266 1737 2447 1791 colere
2479 1748 2535 1792 et
2575 1743 2787 1806 operari
2819 1744 3109 1810 promittit,
3141 1744 3233 1796 ubi
3281 1746 3429 1797 enim

1862 1823 1969 1879 Deo
2024 1816 2237 1895 placere
2288 1844 2456 1901 magis
2518 1831 2700 1893 homo,
2743 1846 2906 1900 quam
2929 1831 2984 1884 in
3035 1833 3325 1895 mandatis,
3376 1844 3431 1887 et

172 1918 303 1972 bant
334 1922 713 1973 necessariam.
739 1924 875 1973 (.um
932 1923 1015 1974 his
1037 1938 1126 1989 qu.
1188 1920 1407 1983 dormit,
1431 1920 1485 1973 id
1511 1928 1614 1983 est,
1658 1921 1752 1989 qui
1783 1912 1826 1969 B
1854 1918 2113 1985 operibus
2151 1920 2309 1974 bonis
2340 1931 2555 1991 potest:
2598 1925 2687 1976 Ait
2718 1924 2863 1978 enim
2902 1940 2914 1976 :
2955 1923 3178 1978 Placebo
3208 1927 3432 1979 Domino

171 2019 385 2075 miscet,
441 2026 499 2065 ut.
551 2013 779 2065 seminis
836 2028 1016 2065 eorum
1066 2026 1114 2065 cI
1183 2012 1437 2066 doctrinm
1486 2012 1753 2081 particeps

166 2104 451 2166 eiliciatur,
488 2106 612 2158 huic
642 2121 737 2173 per
765 2106 1091 2159 sacriﬁcmm
1130 2113 1417 2173 praestatur
1462 2103 1749 2158 remissio:

168 2196 263 2248 sed
291 2212 387 2263 per
414 2195 644 2257 Christi,
684 2199 785 2249 hoc
835 2197 983 2249 enim
1044 2196 1367 2249 sacrificium
1419 2195 1750 2265 signiﬁcans,

168 2287 397 2339 arietem
433 2304 530 2354 pro
561 2296 781 2355 peccato
837 2288 1090 2356 princepit
1135 2286 1340 2348 offerri,
1370 2296 1426 2338 et
1486 2301 1582 2353 per
1634 2286 1754 2354 ejus

166 2378 498 2430 oblationem
530 2379 868 2431 sacerdotem
926 2381 1219 2447 deprecari,
1259 2378 1393 2467 Q’uis
1444 2377 1514 2430 sit
1568 2386 1750 2431 autem

110 2500 123 2522 .
169 2469 281 2531 hic,
313 2470 402 2535 qui
441 2487 536 2538 pro
568 2474 711 2523 omni
766 2471 968 2522 unmdo
1011 2469 1337 2538 deprecatus
1369 2478 1475 2531 est,
1531 2480 1587 2522 ct
1630 2468 1751 2537 quis

166 2564 331 2626 aries,
356 2563 446 2627 qui
493 2579 585 2630 pro
622 2575 842 2630 peccato
891 2561 1116 2615 oll'ertur
1180 2572 1231 2615 ct
1278 2570 1523 2615 curante
1551 2560 1750 2614 ostium

168 2654 502 2707 tabernaculi
585 2654 874 2707 testimonii
989 2655 1051 2707 ad
1128 2654 1450 2707 sacrificium
1521 2654 1753 2708 deduca-

165 2757 278 2806 tur,
336 2747 428 2798 sed
462 2763 514 2799 et
575 2746 699 2813 vluid
752 2746 1437 2815 proprie‘debeatintelligi
1470 2753 1749 2814 peccatum

164 2838 372 2899 delicti,
402 2854 464 2890 ea
502 2855 619 2905 qua:
650 2838 716 2890 de
744 2838 1022 2891 sacriﬁcus
1077 2842 1201 2891 οιηιι
1245 2839 1456 2891 sancita
1516 2848 1664 2902 sunt,
1697 2848 1753 2889 et

164 2932 412 2998 exposita
439 2940 803 2999 perscrutans,
843 2936 1090 2984 invenies
1124 2931 1399 2982 christmn
1434 2928 1485 2982 in
1522 2929 1623 2992 eis,
1651 2943 1749 2981 ve-

166 3021 250 3074 lut
285 3022 333 3073 in
372 3022 605 3090 imagine
639 3021 924 3092 ﬁguratum
957 3046 971 3075 ι
1010 3021 1101 3090 qui
1129 3037 1224 3090 per
1255 3035 1472 3075 crucem
1500 3020 1763 3093 immola—g

166 3124 278 3171 tus.
312 3130 433 3166 eum
457 3114 575 3166 :llllS
604 3113 857 3167 omnibus
893 3115 1131 3183 peccatis
1159 3112 1321 3167 etiam
1375 3113 1477 3167 hoc
1521 3112 1763 3182 ignovit‘a

164 3205 312 3273 quod
349 3205 660 3259 ludat-orum
689 3205 963 3260 commisit
996 3204 1247 3274 populus,
1283 3215 1338 3257 et
1368 3206 1411 3257 is
1442 3204 1532 3270 qui
1556 3214 1673 3257 erat
1699 3205 1747 3257 ei
1780 3260 1801 3274 ,κ

165 3299 359 3352 ιιιὶεῑιις
387 3317 449 3350 ex
480 3299 750 3365 gentibus,
786 3296 875 3365 qui
899 3298 1063 3352 etiam
1101 3297 1339 3351 dormire
1382 3313 1505 3350 cum
1554 3313 1629 3349 eis
1668 3296 1749 3349 dl-

172 3395 328 3450 =-itur,
366 3395 532 3460 legem
560 3407 666 3443 non
698 3392 995 3446 secundum
1029 3390 1390 3444 intentionem
1426 3390 1750 3459 legislatoris

163 3483 505 3551 accipiendo.
531 3481 653 3537 Haec
676 3490 857 3536 autem
883 3497 990 3535 non
1013 3482 1322 3550 importune
1367 3482 1418 3535 in
1449 3484 1551 3534 hoc
1605 3484 1745 3542 loco,

165 3574 264 3625 sed
300 3575 405 3626 imo
438 3573 601 3628 nimis
625 3583 934 3642 opportuno
956 3581 1221 3643 tempore,
1248 3590 1357 3642 quo
1384 3574 1622 3642 iumenta
1642 3590 1747 3627 non

163 3676 443 3731 oporteret
500 3664 717 3717 alterius
777 3663 992 3733 generis
1035 3664 1301 3731 jumentis
1352 3665 1639 3733 conjungi,
1697 3665 1747 3717 id

164 3767 274 3811 Osi.
306 3774 411 3808 non
447 3759 633 3809 liceirt
662 3772 756 3808 eos
777 3756 867 3823 qui
888 3755 988 3809 sub
1009 3756 1195 3825 iugum
1219 3756 1342 3809 facti
1374 3766 1497 3809 sunt
1524 3756 1746 3820 Christi,

160 3849 457 3903 .lndairum
487 3851 673 3918 jugum
702 3848 999 3917 suscipere,
1036 3847 1376 3917 signiﬁcavit.
1406 3848 1750 3903 Conﬁrmans

162 3941 317 3995 enim
369 3942 486 4003 hoc,
522 3948 804 4006 prtesentia
864 3938 1125 3995 subdidit.
1159 3954 1254 4006 per
1310 3955 1428 4006 qure
1486 3940 1744 4005 ostendit,

159 4035 293 4101 quia
317 4042 370 4084 et
415 4043 542 4086 ante
575 4032 863 4085 adventum
906 4031 1131 4095 Christi,
1156 4033 1470 4101 quicunque
1529 4044 1749 4087 extero-

160 4140 291 4178 rum
323 4125 427 4177 illis
462 4122 934 4185 commiscebatur,
959 4137 1098 4191 opus
1130 4123 1363 4177 habebat
1394 4124 1748 4193 intelligibilis

158 4216 356 4271 arietis
387 4216 652 4271 sacriﬁcio
687 4216 751 4269 ad
785 4214 1229 4284 propitiationem
1254 4231 1427 4280 suam,
1458 4218 1748 4271 conferens

161 4308 299 4363 illud
331 4317 531 4373 mente,
565 4318 617 4361 et
637 4307 955 4362 describens
976 4307 1118 4372 apud
1146 4309 1504 4377 semetipsum
1533 4325 1630 4376 per
1681 4311 1745 4365 ﬁ-

156 4414 331 4469 guras
368 4398 667 4452 veritatem.
698 4397 787 4451 Sic
812 4396 958 4450 enim
1002 4412 1111 4450 non
1140 4397 1315 4451 solum
1344 4413 1451 4451 non
1488 4400 1747 4453 condem-

157 4489 289 4543 nari
314 4505 375 4540 ex
412 4488 738 4541 obveniente
768 4488 867 4541 sibi
918 4488 1184 4542 servitute
1218 4487 1455 4542 Iudaicae
1526 4490 1741 4555 litterzc,

1854 2009 1910 2061 in
1936 2011 2141 2079 regione
2200 2012 2431 2067 vivorum
2457 2013 2523 2067 ⁸⁸.
2561 2014 2637 2068 De
2689 2016 2888 2083 quibus
2932 2016 3048 2085 ipse
3099 2017 3235 2071 dicit
3277 2035 3289 2070 :
3329 2016 3431 2082 Qui

1854 2117 1971 2153 vero
1990 2112 2283 2168 exspectant
2302 2104 2606 2168 Dominum,
2631 2108 2936 2160 hareditate
2966 2110 3295 2176 possidebunt
3327 2122 3433 2164 ter-

1855 2211 1970 2246 ram
1992 2195 2058 2246 ³⁸.
2091 2194 2452 2251 Possidebunt
2476 2200 2622 2252 enim
2655 2201 2867 2268 plenam
2904 2200 2994 2255 Dei
3046 2202 3241 2271 spiritu
3281 2202 3429 2258 Scri-

1856 2295 2092 2353 pturam,
2123 2298 2179 2342 et
2199 2304 2319 2357 quae
2347 2305 2411 2343 ex
2453 2306 2515 2344 ea
2552 2302 2681 2345 sunt
2710 2293 2869 2356 bona,
2908 2294 3002 2361 qui
3033 2294 3203 2355 Deum
3230 2310 3430 2366 exspe-

1853 2386 2026 2439 ctant,
2079 2380 2172 2448 qui
2227 2382 2628 2448 mandatorum,
2659 2399 2780 2452 qua:
2823 2384 2877 2437 in
2931 2400 2994 2439 ea
3052 2386 3426 2446 continentur.

1854 2470 2274 2524 retributionem
2306 2473 2595 2539 promittit.
2636 2473 2787 2528 llauc
2820 2484 3019 2528 terram
3052 2476 3262 2547 ingredi
3304 2480 3431 2546 qui-

1852 2558 1975 2612 dem
2008 2560 2099 2613 ﬁlii
2137 2559 2448 2616 Judteovum
2512 2564 2769 2633 praecepti
2809 2575 2955 2629 sunt,
2996 2578 3053 2620 et
3100 2578 3431 2637 acceperunt

1856 2652 2079 2720 priores.
2114 2652 2277 2708 Primi
2321 2658 2465 2710 enim
2543 2672 2725 2712 sacras
2787 2672 3145 2730 susmperunt
3202 2664 3426 2726 litteras,

1855 2752 2076 2811 propter
2103 2744 2247 2813 quod
2282 2755 2339 2798 et
2390 2746 2595 2815 lignum
2655 2748 2798 2816 quod
2856 2747 2940 2801 edi
2970 2758 3170 2817 potest,
3204 2750 3255 2803 id
3322 2762 3427 2809 est.

1854 2834 2126 2897 mandata,
2158 2850 2276 2904 quae
2300 2835 2557 2900 diximus,
2585 2836 2830 2906 plantare
2858 2841 3112 2907 praecepti
3175 2828 3353 2902 sunt,‘
3375 2840 3428 2892 bi

1851 2925 2068 2994 quidem
2095 2941 2189 2980 eas
2245 2926 2593 2991 meditantes,
2621 2928 2673 2981 hi
2712 2938 2893 2983 autem
2929 2938 2984 2982 et
3044 2930 3425 2999 praedicantes.

1852 3017 1988 3082 Quia
2018 3018 2164 3071 enim
2200 3018 2522 3088 plantationi
2572 3018 2838 3089 lignorum
2874 3021 3153 3076 meditatio
3179 3022 3332 3092 legis,
3377 3036 3429 3077 ct

1853 3109 2162 3179 prtedicatio
2187 3120 2409 3181 propter
2440 3126 2565 3165 eum
2598 3113 2921 3181 profecmm,
2950 3114 3039 3181 qui
3085 3130 3181 3182 per
3245 3126 3428 3184 patres

1854 3202 2123 3269 provenit,
2151 3202 2501 3265 assimilatur,
2553 3204 2677 3258 audi
2712 3205 2880 3259 David
2910 3207 3183 3261 dicentem
3222 3229 3233 3261 :
3275 3209 3340 3262 Et
3374 3214 3426 3261 in

1854 3293 1962 3361 lege
1985 3294 2098 3362 ejus
2142 3295 2483 3347 meditabitur
2516 3296 2599 3348 die
2614 3312 2677 3348 ac
2703 3306 2872 3351 nocte.
2910 3297 2975 3351 Et
3012 3301 3106 3351 erit
3170 3310 3425 3370 tanquam

1857 3386 2071 3455 lignum,
2131 3387 2267 3455 quod
2310 3386 2608 3451 plautatum
2639 3399 2711 3442 est
2744 3405 2888 3443 secus
2943 3378 3228 3444 decursus‘I
3253 3409 3405 3460 aqua-

1854 3494 1969 3530 rum
1999 3479 2063 3532 θ’).
2107 3478 2303 3531 Paulus
2330 3478 2473 3532 enim
2506 3478 2574 3532 dc
2604 3480 2985 3549 praedicatione
3014 3497 3175 3550 quam
3234 3485 3415 3552 pnngit-

1855 3571 1990 3623 :tavit
2012 3570 2308 3623 Corinthiis
2330 3572 2549 3639 scripsit
2578 3588 2590 3623 :
2624 3568 2735 3640 Ego
2768 3573 3023 3640 plautavi,
3050 3574 3234 3640 Apollo
3281 3575 3405 3645 riga-
3437 3567 3443 3576 ’

1853 3663 1943 3721 vit,
1980 3665 2068 3715 sed
2126 3662 2261 3714 Deus
2300 3665 2675 3717 incrementum
2738 3665 2968 3718 dedit“.
3007 3663 3115 3720 Sed
3170 3667 3425 3720 mandata

1851 3756 2067 3822 quidem
2108 3754 2247 3806 bona
2276 3754 2441 3807 nimis
2471 3743 2904 3823 erant,'propter
2933 3756 3075 3823 quod
3116 3766 3171 3809 et
3220 3756 3423 3824 lignum

1851 3844 2039 3898 esibile
2065 3845 2369 3914 appellavit.
2405 3844 2484 3899 llli
2544 3854 2724 3899 autem
2779 3848 2942 3900 modo
2987 3863 3096 3916 quo
3127 3846 3424 3909 debebant.

1851 3950 1959 3987 non
1991 3934 2356 4003 operabantur
2388 3934 2690 3988 secundum
2740 3934 2976 3989 litteram
3033 3936 3148 4006 lege
3184 3946 3421 3991 utentes.

1853 4026 1981 4080 Erat
2005 4041 2134 4096 ergo
2186 4041 2374 4079 eorum
2429 4027 2656 4091 fructus,
2690 4028 2936 4096 operatio
2980 4028 3228 4084 videlicet
3290 4031 3425 4101 legis

1852 4116 2088 4170 triennio
2108 4116 2408 4170 immunda.
2434 4116 2575 4171 Dicit
2602 4126 2785 4172 autem
2845 4119 3168 4183 triennium,
3201 4135 3233 4173 a
3282 4129 3426 4174 tem-
3458 4140 3459 4143 η

1849 4222 1980 4276 pore
2012 4207 2143 4276 legis
2170 4222 2341 4277 usque
2363 4208 2431 4261 ad
2452 4207 2615 4262 David
2650 4218 2885 4279 tempus,
2907 4219 2961 4264 et
2986 4226 3017 4264 a
3049 4209 3220 4265 David
3254 4227 3428 4281 usque

1848 4296 1915 4348 ad
1964 4295 2497 4362 transmigrationem
2556 4295 2885 4365 Babyloniae,
2917 4307 2973 4352 et
3010 4315 3040 4353 a
3072 4300 3428 4370 transmigra-

1849 4386 1996 4439 tione
2068 4385 2373 4455 Babylonia:
2449 4402 2621 4455 usque
2666 4388 2734 4441 ad
2787 4387 3084 4442 adventum
3142 4389 3353 4443 Domini
3411 4407 3425 4442 :

1848 4478 1927 4533 sic
1986 4477 2133 4531 enim
2180 4486 2237 4532 et
2306 4477 2594 4533 Hattbmus
2649 4479 2899 4533 distinxit
2954 4481 3022 4535 δ’.
3105 4479 3243 4545 Quia
3298 4497 3429 4552 ergo

155 4580 265 4634 sed
294 4579 455 4632 etiam
512 4579 726 4632 liberari
776 4578 844 4631 ab
874 4593 957 4639 ea,
992 4587 1104 4632 eta
1168 4588 1342 4632 morte
1405 4578 1744 4635 infidelitatis

1856 4576 2038 4636 quarto
2100 4567 2203 4621 hoc
2260 4582 2425 4631 anno,
2478 4581 2698 4622 omnem
2752 4567 2991 4623 fructum
3045 4569 3218 4638 ipsius
3268 4571 3425 4640 legis,

154 4671 485 4741 spiritaliter
508 4672 680 4741 legem
749 4672 1045 4741 accipiens.
1072 4685 1123 4723 et
1170 4673 1433 4726 sacriﬁcia
1491 4674 1610 4743 ejus
1676 4673 1743 4728 ad

155 4767 449 4821 Christum
479 4765 745 4826 referens,
777 4772 1016 4832 poterat.

244 4856 402 4911 Vens.
436 4856 622 4910 23-25.
665 4875 681 4905 ι
712 4854 941 4921 Quando
977 4856 1202 4922 ingressi
1257 4846 1468 4907 fueritis
1522 4864 1743 4917 terram,

152 4958 222 5003 et
270 4948 646 5013 plautaveritis
708 4948 759 4998 in
815 4961 875 4998 ca
943 4946 1083 5014 ligna
1137 4944 1435 5013 pomifera,
1483 4944 1746 4999 auferetis

155 5038 433 5109 praeputia
466 5054 675 5091 eorum.
700 5037 861 5089 f’oma
910 5052 1033 5103 qua:
1099 5036 1428 5105 germinant,
1466 5036 1746 5089 immunda

152 5139 331 5183 erum
367 5128 537 5191 vobis,
579 5142 680 5180 nec
705 5126 878 5179 edetis
911 5141 978 5178 ex
1018 5125 1116 5178 eis.
1150 5124 1355 5189 Quarto
1394 5136 1539 5177 anno
1568 5125 1748 5178 omnis

154 5220 382 5274 fructus
403 5232 588 5271 eorum
607 5214 1033 5269 sanctificabitur
1050 5216 1303 5269 laudabili
1324 5214 1749 5279 Domino.Quin-

154 5322 227 5365 to
252 5319 432 5363 autem
463 5325 606 5363 anno
634 5324 742 5362 non
781 5308 1077 5363 comedetis
1118 5308 1346 5369 fructus,
1414 5322 1749 5376 congregan-

156 5413 256 5456 tes
271 5414 428 5468 poma
459 5411 579 5469 qua:
594 5400 893 5467 proferunt.
920 5397 1028 5469 Ego
1048 5398 1321 5451 Dominus
1346 5396 1486 5451 Deus
1510 5404 1741 5449 vester.»

246 5489 535 5543 Permanet
590 5490 644 5541 in
698 5489 1001 5543 intentione
1050 5489 1212 5542 etiam
1247 5504 1394 5541 nunc
1456 5487 1750 5556 legislator,

152 5598 333 5655 quam
363 5582 549 5636 habuit
591 5583 764 5650 prius,
798 5582 919 5635 aliis
972 5583 1151 5635 verbis
1208 5582 1643 5649 praecedentibus
1681 5580 1753 5632 si-

154 5673 321 5732 milia
362 5674 634 5737 sanciens,
669 5676 963 5728 ostendens
993 5676 1212 5741 quidem
1259 5688 1360 5726 nec
1393 5673 1592 5725 habere
1636 5674 1751 5725 frn-

243 5807 290 5839 ⁸³
317 5807 486 5863 Exod.
517 5822 601 5868 III,
630 5807 715 5860 16.
828 5815 861 5836 "‘
904 5808 1034 5861 Luc.
1062 5825 1098 5867 ι,
1132 5809 1221 5861 68.
1332 5808 1371 5837 ³⁷
1400 5806 1556 5858 Rom.
1592 5822 1627 5863 ι,
1669 5805 1754 5859 16.

151 5880 225 5945 2,
259 5878 312 5931 '5.
386 5880 429 5909 ⁵¹
468 5878 486 5929 1
521 5876 648 5931 Cor.
684 5893 765 5939 ιιι,
810 5878 861 5928 fi.
945 5880 988 5905 “²
1025 5878 1210 5931 Matth.
1242 5878 1326 5940 ι,1
1366 5893 1515 5944 seqq.

463 5976 736 6030 l’ATnoL.
778 5972 894 6030 Gn.
934 5973 1117 6029 Χιᾳῖιει

1851 4668 2099 4712 sanctum
2118 4666 2173 4712 et
2192 4656 2462 4711 laudabile
2493 4657 2724 4713 Domino
2750 4659 3175 4724 commendavit,
3205 4674 3318 4714 non
3345 4670 3429 4713 ta-

1852 4764 1978 4803 men
2011 4749 2099 4803 vel
2132 4760 2259 4804 tunc
2289 4749 2481 4803 esibile
2510 4749 2640 4804 illud
2672 4764 2794 4804 esse
2848 4748 3054 4806 Iudaeis
3090 4751 3323 4815 dixerat,
3360 4752 3428 4806 il-

1853 4840 1942 4893 lud
1975 4840 2095 4894 sine
2124 4840 2303 4908 aliqua
2330 4840 2669 4894 dubitatione
2712 4842 2983 4909 probavit,
3016 4856 3123 4911 qua
3159 4842 3326 4896 totius
3349 4843 3432 4896 le-

1854 4932 1935 5001 gis
1965 4930 2200 4995 fructus,
2232 4931 2288 4985 in
2341 4933 2583 4987 adventu
2636 4932 2849 4988 Domini
2896 4944 3020 4990 est:
3053 4934 3226 5005 llujus
3281 4936 3431 4989 enim

1857 5033 2092 5093 tempus,
2156 5025 2458 5079 secundum
2503 5024 2755 5079 ordinem
2804 5034 3114 5096 temporum
3174 5028 3432 5096 superius

1856 5113 2260 5167 nominatorum
2318 5128 2494 5167 annus
2561 5123 2706 5167 recte
2763 5114 3136 5170 nominabitur
3180 5127 3427 5184 quartus,

1855 5211 2076 5256 sanctus
2106 5202 2360 5256 laudabili
2398 5203 2526 5256 Deo.
2556 5202 2693 5268 Quia
2715 5202 2968 5258 Christus
3005 5221 3131 5259 eum
3183 5206 3432 5261 fructife-

1859 5308 1979 5347 rum
2032 5292 2285 5357 faciebat,
2337 5295 2796 5362 quemadmodum
2852 5306 3064 5364 oportet
3126 5298 3289 5351 etiam
3331 5312 3435 5352 nos

1857 5389 2183 5445 fructificare
2230 5390 2454 5445 docens.
2493 5393 2660 5445 Recte
2712 5406 2843 5462 ergo
2904 5405 3125 5447 sanctus
3172 5402 3308 5455 erat,
3345 5402 3433 5446 ut-

1862 5489 1986 5549 pote
2008 5497 2039 5534 a
2079 5480 2279 5536 Sancto
2299 5492 2611 5535 sanctorum
2643 5482 2940 5550 perfectus.
2981 5482 3088 5537 Sed
3123 5495 3178 5538 et
3242 5484 3435 5563 lauda-

1863 5576 2026 5630 bilis:
2079 5578 2259 5631 omnia
2289 5579 2433 5631 enim
2491 5592 2609 5644 qua:
2663 5577 2918 5631 Christus
2957 5590 3233 5647 operatur,
3294 5580 3435 5630 bona

1862 5669 2001 5722 fama
2038 5677 2359 5737 suntatque
2388 5672 2646 5739 gloriosa,
2686 5672 2757 5723 ita
2796 5680 2852 5722 ut
2884 5671 3046 5721 etiam
3097 5671 3163 5721 ab
3209 5670 3435 5737 ingrat‘s

3128 5800 3171 5831 ⁸⁰
3209 5799 3350 5854 Psal.
3397 5818 3436 5863 ι.

1850 5804 1894 5836 ³³
1928 5802 2069 5857 Psal.
2094 5818 2236 5867 CXIV,
2267 5802 2319 5854 9.
2444 5804 2485 5834 ³⁹
2522 5802 2721 5856 Psalm.
2757 5818 2942 5864 xxxvn,
2978 5800 3029 5853 9.

3048 5965 3119 6026 33
