4218 6450
181 416 315 512 1031

1314 420 1394 478 ΙΝ
1434 421 1869 480 LEVITICUM.
1902 446 1969 455 -—
2006 422 2152 481 LIB.
2196 422 2299 481 VI.

3297 421 3433 486 1038

171 543 359 587 autem
388 532 673 603 designant
702 548 887 587 veram
928 544 1169 590 nostram
1200 535 1591 605 perfectionem
1618 551 1753 604 quas
1782 547 1826 597 Α
1857 535 2056 604 loquos,
2089 544 2136 587 et
2164 535 2523 602 veneﬁcisnon
2566 534 2959 603 adjungamini,
3018 545 3075 588 ut
3117 514 3435 604 polluaniini

171 625 531 695 incongruum
564 636 648 679 est
703 641 1054 695 corrumpere
1088 637 1380 695 cperantes
1428 642 1537 679 non
1597 643 1745 687 vero,

172 717 271 771 sed
299 717 399 771 sub
424 717 557 771 falso
582 726 637 771 et
669 717 794 772 ﬁcto
818 718 1024 772 habitu.
1058 716 1168 772 Nec
1224 718 1517 773 incisiones
1571 718 1751 772 facere

170 820 340 874 super
384 806 620 859 animam
678 807 880 860 bonum
908 807 1071 861 estin
1120 822 1386 877 corpore:
1424 818 1552 862 sunt
1604 808 1752 862 enim

169 897 583 962 delectationes,
608 914 730 967 qua:
758 900 823 952 ad
878 900 1179 954 noeendatn
1210 900 1447 954 animam
1506 901 1753 956 incidunt

170 1004 396 1058 corpus,
427 998 481 1041 et
512 998 888 1058 corrumpunt.
923 988 1031 1043 Sed
1056 998 1112 1043 et
1134 989 1404 1059 stigmata,
1436 990 1490 1043 id
1517 998 1621 1052 est.
1646 1006 1754 1043 ma-

170 1079 236 1133 la:
262 1080 523 1134 doctrina:
552 1080 825 1150 dogmata,
873 1082 1000 1150 quia
1042 1080 1332 1145 inhaerent,
1356 1091 1413 1135 et
1453 1081 1753 1152 inﬁguntur

167 1171 369 1223 anima:
397 1186 494 1240 per
538 1170 783 1239 quaedam
836 1171 1226 1235 blandimenta,
1259 1172 1345 1225 vel
1390 1172 1749 1242 syllogismos,

168 1262 258 1317 vel
286 1262 586 1332 quemlibet
606 1263 772 1317 alium
837 1264 1056 1316 modum
1104 1264 1420 1318 docentium
1482 1264 1750 1333 intelliga-

168 1370 313 1409 mus.
354 1353 619 1425 Praecepit
643 1369 772 1425 ergo
798 1355 955 1409 nobis
982 1355 1067 1407 lex
1110 1364 1167 1408 et
1221 1356 1290 1408 ab
1334 1355 1420 1409 his
1453 1355 1750 1418 abstinuere,

166 1446 297 1514 quia
329 1446 594 1515 impressa
623 1446 708 1499 vel
768 1446 1047 1509 immersa,
1077 1446 1218 1499 sicut
1250 1446 1429 1499 solent
1478 1446 1747 1516 stigmata,

167 1538 458 1593 difﬁculter
494 1539 797 1593 abolentur.

244 1630 406 1684 Vens.
436 1630 525 1685 ‘29.
560 1648 579 1680 ι
617 1630 696 1684 Ne
728 1630 1023 1700 prostituas
1052 1630 1214 1685 ﬁliam
1270 1640 1436 1695 tuam,
1482 1641 1539 1685 ut
1570 1642 1749 1685 conta-

169 1727 413 1780 minetur
444 1738 608 1788 terra,
633 1734 687 1780 et
721 1726 1009 1795 impleatur
1033 1726 1274 1796 piaculo.
1312 1745 1330 1776 ι

244 1816 300 1870 Si
327 1815 473 1871 enim
501 1826 686 1885 patres
703 1832 843 1886 quos
893 1827 1110 1886 oportet
1144 1818 1283 1872 ﬁlios
1310 1818 1627 1883 emendare,
1680 1820 1747 1872 ad

1856 628 1912 679 in
1932 628 2023 679 cis.
2057 623 2169 694 Ego
2196 642 2311 679 sum
2348 624 2602 677 Dominus
2632 624 2773 677 Deus
2804 634 2992 679 vester.
3030 625 3263 680 Maxima
3315 629 3434 681 dia-

1856 716 2017 770 boliei
2053 716 2273 780 erroris,
2325 724 2379 769 et
2413 715 2621 770 fraudis
2677 717 2909 785 species,
2964 717 3435 787 ventriloquorum

1856 817 1941 862 est
1969 806 2280 877 exquisitio.
2324 806 2485 863 Unde
2516 816 2571 861 et
2602 806 2802 861 Paulus
2850 808 3086 877 puellam
3118 810 3435 873 inveniens,

1855 900 2108 969 spiritum
2144 900 2437 953 habentem
2468 899 2752 970 Pythonis,
2800 900 3050 969 quamvis
3103 900 3437 957 dannonium

1856 1004 2049 1060 magna
2082 989 2151 1043 de
2182 990 2300 1059 ipso
2329 998 2383 1043 et
2407 989 2515 1042 Sila
2545 990 2884 1058 praedicaret,
2932 998 2989 1045 et
3046 991 3256 1047 diceret
3292 1010 3304 1045 :
3369 994 3439 1047 Hi

1856 1080 2087 1133 homines
2108 1081 2243 1133 servi
2266 1080 2363 1133 Dei
2394 1080 2582 1133 excelsi
2610 1090 2749 1144 sunt,
2804 1083 2894 1151 qui
2945 1084 3264 1135 annuntiant
3296 1086 3441 1137 vobis

1854 1172 1996 1223 viam
2027 1172 2266 1224 veritatis
2292 1172 2366 1235 “;
2403 1172 2605 1225 malum
2626 1182 2803 1226 tamen
2836 1172 3089 1241 spiritum
3121 1172 3436 1243 increpans,

1854 1263 2131 1335 eﬂugavit.
2152 1263 2453 1318 Pessimum
2505 1273 2589 1317 est
2642 1264 2807 1318 etiam
2839 1272 2894 1318 et
2941 1263 3199 1319 veneﬁcis
3258 1266 3443 1320 adhaa-

1855 1370 1995 1422 rere,
2028 1355 2156 1425 quia
2185 1356 2495 1410 dmmonum
2549 1355 2899 1410 inimicorum
2952 1357 3130 1421 nobis,
3165 1366 3223 1412 et
3268 1360 3444 1429 pesti~

1856 1447 2090 1503 lentium
2126 1446 2350 1501 nomina
2370 1446 2580 1501 dicunt.
2610 1445 2712 1512 Qui
2736 1447 2838 1501 etsi
2892 1448 2958 1503 ad
2984 1448 3149 1504 breve
3190 1458 3432 1520 tempus,

1855 1539 1988 1593 utin
2015 1552 2255 1594 errorem
2275 1538 2513 1602 mittant,
2540 1538 2795 1592 videntur
2810 1541 3021 1608 operari
3045 1541 3269 1610 aliquid,
3291 1548 3441 1611 quod

1856 1632 1922 1684 ad
1947 1630 2287 1700 corporalem
2313 1629 2603 1684 sanitatem
2625 1630 2733 1683 vile
2755 1640 2809 1685 et
2830 1647 3081 1701 parvum,
3096 1634 3255 1703 quale
3273 1638 3441 1691 etiam

1860 1723 2319 1793 imperitimedici
2349 1723 2566 1792 operari
2602 1733 2851 1792 possunt,
2914 1736 3289 1781 verumtamen
3339 1744 3443 1783 nec

1860 1816 1961 1869 hoc
1998 1824 2058 1867 ut
2092 1814 2241 1877 boni,
2307 1828 2485 1883 neque
2547 1824 2604 1868 ut
2637 1815 2775 1869 bene
2829 1816 3074 1871 volentes
3125 1819 3443 1874 hominibus

173 1906 591 1962 fornicationem
620 1923 725 1963 nos
754 1909 1069 1971 hortantur,
1114 1919 1472 1979 provocantes
1529 1920 1622 1963 aut
1667 1911 1750 1963 vi-
1783 1906 1824 1958 lt
1852 1912 2168 1975 operantur,
2199 1903 2294 1959 sed
2319 1904 2375 1957 in
2413 1904 2727 1960 servitutem
2761 1906 2882 1961 illos
2929 1908 3175 1979 redigere
3197 1918 3251 1965 et
3283 1912 3447 1966 aDeu

170 2010 361 2055 ventes
386 2002 637 2069 turpiter,
668 2010 728 2055 ut
748 2001 849 2071 ipsi
870 2002 939 2056 ad
969 2002 1330 2057 imitationem
1361 2002 1753 2073 parentum,ad

172 2095 714 2159 malumilliciantur,
751 2096 986 2165 piaculo,
1036 2095 1123 2150 vel
1181 2098 1483 2151 secundum
1521 2096 1753 2167 Septua-

171 2186 733 2257 ginta,fornicatione
763 2196 907 2241 terra
942 2188 1268 2258 completur,
1320 2197 1375 2243 et
1420 2189 1488 2242 ad
1528 2204 1748 2242 onlnem

170 2275 409 2346 speciem
448 2276 741 2347 impietatis
769 2276 1009 2346 proﬁcit,
1041 2279 1169 2347 quia
1214 2294 1312 2333 eos
1329 2279 1423 2348 qui
1448 2279 1753 2333 eruditores

170 2382 294 2423 esse
337 2369 665 2434 debuerunt,
723 2370 791 2423 ad
850 2370 1053 2424 malum
1106 2370 1259 2440 pueri
1285 2372 1607 2442 paedagogos
1656 2372 1753 2424 ha-

169 2461 322 2517 bent.
384 2460 491 2515 Sed
536 2476 639 2516 nec
689 2462 930 2516 animam
979 2471 1246 2528 nostram,
1288 2479 1408 2533 qua:
1437 2464 1592 2518 nobis
1646 2463 1753 2517 ﬁlia

172 2553 449 2623 unigenita
477 2561 581 2617 est,
626 2552 699 2607 ita
719 2562 777 2607 ut
802 2551 968 2608 David
1006 2554 1259 2627 diceret:
1291 2554 1483 2609 Libera
1514 2572 1547 2608 a
1587 2554 1753 2608 leoni-

171 2647 265 2700 bus
289 2647 502 2699 unicam
534 2662 705 2701 meum
738 2647 781 2678 ⁵¹
815 2664 828 2699 :
861 2656 917 2701 et
960 2663 972 2699 :
1030 2647 1110 2701 De
1136 2665 1299 2702 manu
1341 2650 1489 2703 canis
1537 2650 1750 2702 unicam

172 2755 345 2792 meam
380 2739 448 2803 δ’,
491 2740 911 2808 prostituamus,
952 2755 983 2793 a
1034 2740 1146 2794 Deo
1173 2741 1317 2795 illam
1363 2742 1752 2796 discessionem

173 2831 455 2893 docentes,
479 2846 547 2885 ne
581 2829 885 2885 fornicante
933 2830 1115 2884 anima
1169 2830 1475 2886 fornicetur
1529 2841 1585 2886 et
1633 2846 1756 2886 cor-

172 2939 299 2993 pus.
332 2922 447 2977 Hoc
471 2923 616 2978 enim
651 2932 817 2988 terra,
847 2933 1033 2993 utpote
1064 2924 1211 2994 quod
1266 2924 1335 2978 de
1380 2934 1525 2979 terra
1574 2935 1753 2979 ortum

172 3024 277 3076 est,
301 3024 357 3069 et
396 3015 448 3069 in
480 3023 681 3071 terram
712 3023 1040 3081 revertetur,
1075 3016 1399 3087 appellatur.

246 3106 315 3161 Et
341 3106 626 3177 impleatur
654 3107 888 3177 piaculo,
921 3108 1008 3162 vel
1035 3108 1178 3164 sicut
1203 3108 1582 3180 Septuaginta,
1600 3112 1755 3164 adul-

174 3199 327 3253 terio.
352 3197 516 3253 Ebrio
542 3197 744 3268 quippe
771 3212 1006 3260 sessore,
1042 3212 1217 3267 equus
1240 3198 1487 3253 defertur
1512 3200 1567 3253 in
1622 3214 1756 3270 pra:-

173 3304 322 3359 ceps.
361 3289 404 3344 A
440 3288 550 3344 Deo
581 3289 870 3345 recedente
915 3290 1117 3350 anima.
1143 3291 1326 3345 omnis
1363 3291 1624 3360 iniquitas
1661 3292 1758 3345 do-

174 3380 415 3434 minatur
439 3380 491 3433 in
526 3396 776 3451 corpore.

245 3471 408 3528 Vens.
438 3474 526 3528 30.
568 3492 587 3525 r
628 3474 865 3531 Sabbata
910 3491 1031 3531 mea
1062 3477 1355 3543 custodite,
1410 3486 1466 3531 et
1506 3488 1758 3533 sanctua-

172 3567 316 3621 rium
348 3584 529 3623 meum
560 3570 809 3624 metuite.
838 3568 947 3641 Ego
967 3569 1253 3624 Dominus.
1297 3589 1315 3620 ι

247 3659 399 3713 Sicut
463 3675 572 3714 uno
626 3661 927 3716 exsistente
976 3662 1199 3731 speciali
1226 3661 1484 3728 Sabbato,
1526 3665 1759 3733 septima

172 3747 429 3803 videlicet
446 3749 554 3813 die,
589 3765 752 3804 omne
780 3750 926 3805 aliud
955 3751 1261 3822 legitimum
1288 3752 1490 3806 ostium
1550 3751 1758 3807 Sabha-

176 3850 289 3895 tum
319 3840 645 3911 appellatur,
673 3843 719 3895 si
748 3858 873 3897 cum
901 3843 1175 3913 generalis
1218 3844 1289 3898 sit
1339 3843 1671 3899 abstinentia
1728 3862 1758 3900 a

174 3932 339 3992 malo.
367 3934 471 3988 hoc
500 3935 651 3988 enim
682 3949 872 3989 revera
891 3935 1076 3990 studet
1124 3934 1405 4007 legislator
1433 3935 1755 4001 Sabhatum,

172 4033 231 4077 et
252 4038 350 4093 per
380 4024 589 4095 singula
622 4039 852 4094 qua:un
906 4024 1164 4079 recedere
1195 4024 1352 4078 nobis
1379 4038 1408 4077 a
1436 4024 1579 4077 malo
1616 4040 1758 4093 pra:-

172 4118 336 4188 cepit.
369 4118 484 4172 lloc
514 4118 661 4172 enim
694 4117 944 4183 fulciens,
978 4117 1223 4172 addidit:

245 4212 626 4265 Sanctuarium
675 4227 849 4264 meum
886 4211 1121 4265 metuite.
1181 4208 1275 4263 Vel
1329 4210 1473 4264 sicut
1529 4209 1759 4279 Septua-

170 4304 341 4373 ginta,
360 4301 557 4357 Sancta
584 4317 699 4355 mea
728 4301 1007 4354 timebitis:
1030 4300 1156 4370 quia
1181 4300 1643 4369 quemadmodum
1666 4315 1753 4363 eo,

170 4396 265 4465 qui
296 4411 406 4464 quo
430 4395 633 4449 debent
657 4393 818 4448 modo
838 4394 1109 4448 accedunt
1135 4394 1201 4447 ad
1251 4410 1332 4453 ea,
1392 4394 1754 4458 sanctiﬁcent,

171 4488 255 4540 sic
289 4487 342 4539 hi
390 4488 483 4555 qui
519 4487 703 4556 inique
762 4494 1101 4555 praesumunt
1138 4486 1191 4538 in
1233 4486 1333 4561 eis,
1371 4496 1427 4539 et
1455 4501 1562 4539 non
1600 4486 1756 4554 prius

1857 2010 2110 2065 separare
2163 1994 2463 2065 cupientes.
2517 1994 2625 2051 Sed
2684 2012 2788 2052 nec
2827 1998 3215 2069 ventriloqnos,
3249 2003 3304 2057 id
3337 2014 3441 2068 est,

1856 2088 2020 2142 falsos
2048 2088 2343 2158 prephctas
2371 2103 2683 2158 sequamur,
2726 2090 2818 2160 qui
2859 2092 3081 2147 nomine
3128 2094 3224 2149 Dei
3260 2095 3441 2151 aliena

1855 2195 1885 2232 a
1917 2179 2028 2234 Deo
2054 2180 2272 2243 docent,
2306 2189 2362 2235 et
2393 2182 2723 2251 prophetam
2758 2202 2769 2236 :
2801 2185 2894 2254 qui
2940 2186 3265 2257 ventriloqui
3298 2189 3446 2259 iuste

1855 2270 2130 2337 dicuntur,
2156 2273 2309 2342 quasi
2344 2273 2669 2345 intelligibili
2713 2285 2903 2330 ventre
2927 2277 3011 2332 sui
3050 2279 3249 2344 cordis,
3286 2280 3445 2334 fabu-

1856 2362 1936 2415 las
1965 2364 2247 2431 quasdam,
2282 2364 2336 2418 id
2360 2372 2462 2427 est,
2491 2364 2655 2418 falsas
2697 2365 2992 2433 doctrinas,
3028 2378 3085 2423 et
3129 2372 3445 2440 prophetias

1856 2456 2216 2526 profcrentes,
2273 2456 2343 2511 de
2391 2457 2591 2526 quibus
2641 2474 2741 2528 per
2786 2460 3126 2517 Ezechielem
3186 2464 3448 2521 Dominus

1857 2548 1989 2601 dixit
2015 2566 2026 2601 :
2066 2548 2150 2602 Va:
2176 2549 2440 2618 prophetis
2492 2550 2863 2619 insipientibus
2912 2554 3002 2620 qui
3030 2565 3319 2624 sequuntur
3339 2559 3448 2625 spi-

1857 2644 2021 2695 ritum
2060 2659 2215 2695 suum
2238 2644 2311 2696 ".
2338 2642 2477 2697 lliet
2506 2643 2755 2707 veneﬁci,
2794 2655 2855 2699 ut
2911 2646 3004 2715 qui
3056 2662 3181 2701 cum
3240 2649 3451 2704 blandi-

1857 2742 2043 2788 mento
2072 2735 2330 2804 quodam,
2366 2744 2422 2789 et
2471 2734 2661 2789 fraude
2709 2736 2901 2792 domos
2947 2738 3335 2808 ingredientes,
3392 2752 3451 2796 et

1857 2825 2097 2893 captivas
2124 2826 2390 2879 ducentes
2416 2824 2765 2879 mulierculas
2798 2837 3052 2882 oneratas
3079 2831 3338 2898 peccatis,
3371 2834 3450 2885 si-

1856 2925 1947 2969 cut
1974 2916 2047 2970 ait
2078 2916 2275 2970 Paulus
2297 2916 2362 2980 ⁵⁸,
2388 2925 2535 2970 recte
2562 2918 2939 2987 appellantur:
2970 2919 3024 2972 in
3049 2920 3135 2974 his
3160 2936 3289 2993 ergo
3304 2937 3449 2992 pra:-

1856 3008 2001 3078 cepit
2037 3024 2147 3062 non
2176 3006 2362 3078 pollui.
2396 3007 2652 3062 Polluunt
2700 3010 2845 3063 enim
2907 3026 3194 3067 sermones
3255 3029 3446 3068 eorum

1858 3115 1952 3155 eos
1989 3100 2082 3170 qui
2110 3100 2189 3154 eis
2219 3099 2501 3154 obediunt.
2551 3100 2706 3156 Unde
2754 3110 2810 3155 et
2871 3103 3078 3158 addidit
3118 3122 3130 3156 :
3174 3104 3281 3175 Ego
3328 3124 3448 3161 sum

1861 3193 2121 3247 Dominus
2155 3192 2292 3246 Deus
2316 3202 2504 3246 vester.
2564 3193 2666 3247 Per
2712 3195 3084 3264 evangelicam
3140 3196 3448 3253 doctrinam

1863 3285 2052 3339 dicens
2086 3302 2099 3336 :
2132 3286 2400 3339 Attendite
2434 3286 2512 3339 his
2563 3287 2653 3356 qui
2682 3287 2896 3339 veniunt
2957 3289 3027 3340 ad
3053 3304 3139 3341 vos
3184 3291 3237 3341 in
3288 3294 3449 3343 vesti-

1863 3379 2048 3431 mentis
2078 3379 2272 3443 arium,
2334 3379 2652 3432 intrinsecus
2710 3388 2885 3432 autem
2938 3389 3056 3432 sunt
3112 3381 3217 3447 lupi
3282 3399 3449 3450 rapa-

1862 3488 1943 3525 ces
1960 3473 2025 3525 ⁸⁷.

1932 3564 2096 3620 Vens.
2130 3568 2217 3621 5-2.
2254 3585 2270 3617 ι
2301 3566 2497 3622 Coram
2547 3582 2685 3621 cano
2714 3566 2891 3636 capite.
2925 3582 3210 3638 consurge,
3244 3578 3298 3622 et
3347 3570 3451 3623 ho-

1862 3672 1995 3711 nora
2028 3673 2315 3726 personam
2342 3660 2490 3715 senis
2513 3668 2566 3713 et
2592 3660 2723 3713 time
2756 3659 3043 3713 Dominum
3071 3659 3239 3713 Deum
3271 3671 3446 3717 tuum.

1862 3751 1973 3820 Ego
1997 3767 2118 3805 sum
2158 3752 2440 3806 Dominus.
2481 3771 2499 3802 ι

1936 3842 2147 3896 Bonum
2178 3853 2263 3898 est
2282 3844 2526 3913 quidem,
2564 3853 2766 3897 cteum
2799 3846 3023 3914 quijam
3080 3846 3150 3901 ad
3193 3847 3451 3901 canitiem

1861 3937 2111 4006 pervenit
2134 3936 2425 4002 honorare,
2458 3937 2623 3991 habet
2680 3937 2828 3990 enim
2862 3946 3079 4007 tempus
3107 3939 3311 4008 aliquid
3333 3955 3452 3993 am-

1862 4030 2003 4098 plius
2024 4030 2217 4098 prorul
2243 4030 2408 4084 dubio
2444 4030 2511 4085 ad
2539 4030 2904 4100 prudentiam,
2954 4031 3048 4085 sed
3081 4041 3137 4086 et
3187 4033 3453 4087 honorem

1861 4136 2023 4191 quem
2090 4121 2529 4190 provectioribus
2586 4121 2987 4191 impendimus,
3058 4139 3167 4177 non
3234 4140 3453 4195 quoque

1860 4229 1890 4267 a
1923 4213 2223 4267 minoribus
2244 4213 2595 4279 merebimur,
2644 4224 2807 4283 atque
2845 4229 2910 4268 ex
2950 4215 3054 4269 hoc
3086 4216 3220 4269 ordo
3277 4217 3454 4272 bonus

1861 4306 2028 4360 vitam
2058 4314 2307 4358 nostram
2335 4304 2390 4357 in
2420 4303 2708 4358 honestate
2747 4305 3082 4369 custodiens,
3133 4306 3291 4360 nobis
3322 4323 3453 4376 pro—

1861 4395 2094 4467 ﬁigatnr.
2122 4396 2331 4451 Canum
2366 4403 2724 4461 autem,vere
2784 4411 2993 4470 senem,
3048 4397 3103 4451 id
3164 4407 3266 4461 est,
3326 4414 3453 4452 eum

1861 4490 2121 4560 intellige.
2153 4490 2221 4543 de
2251 4504 2359 4558 quo
2379 4489 2455 4542 ait
2480 4488 2721 4558 Moyses:
2748 4488 3021 4559 Interroga
3053 4498 3255 4555 patrem
3282 4502 3452 4545 tuum.

171 4579 498 4648 semetipsos
544 4578 705 4633 sorde
754 4578 989 4631 malitiaa-
1022 4587 1276 4647 purgant,
1344 4586 1509 4646 atque
1570 4578 1649 4631 sic
1690 4578 1754 4631 ad
1794 4612 1832 4665 ῃ
1864 4592 1911 4634 et
1942 4580 2280 4634 annuntiabit
2306 4580 2677 4643 tibi;seniores
2718 4590 2851 4643 tuos,
2879 4591 2926 4633 et
2949 4582 3119 4634 dicent
3139 4582 3230 4635 tibi
3258 4582 3455 4637 ".Sed

173 4670 377 4723 munda
414 4670 702 4735 accedunt,
734 4680 1116 4738 corrumpunt,
1144 4670 1259 4722 sive
1315 4670 1660 4739 disperdunt,
1694 4670 1760 4723 si-

171 4772 267 4816 cut
306 4762 509 4825 Nadab,
554 4772 608 4815 et
631 4761 793 4826 Abiu,
826 4771 882 4815 et
918 4760 1009 4813 lilii
1042 4761 1182 4814 Heli.
1238 4760 1394 4815 Unde
1441 4770 1497 4814 et
1557 4761 1759 4814 Paulus

171 4856 243 4909 de
270 4856 352 4907 his
381 4856 472 4923 qui
510 4854 966 4923 incircumspecte
1001 4854 1229 4924 mystica
1262 4854 1598 4923 percipiunt,
1627 4855 1761 4907 sub-

170 4947 309 5001 didit
339 4964 349 4998 :
383 4946 666 5014 Propterea
700 4946 851 4998 multi
882 4947 935 4998 in
968 4946 1111 4999 vobis
1139 4946 1356 5015 infirmi,
1386 4958 1431 4999 et
1454 4946 1755 5012 imbecilles,

166 5048 221 5093 et
256 5038 523 5090 dormiunt
551 5037 791 5090 multi".
829 5036 985 5092 Unde
1012 5047 1065 5091 et
1103 5053 1250 5091 nunc
1294 5038 1571 5108 legislator
1608 5039 1761 5091 addi-

168 5128 291 5182 dit:
355 5125 465 5197 Ego
508 5127 782 5190 Dominus,
820 5126 873 5179 id
928 5138 1029 5191 est,
1082 5138 1325 5190 sanctus,
1386 5129 1517 5182 etin
1556 5128 1759 5182 sanctis

173 5219 453 5283 habitans,
512 5228 567 5273 et
630 5220 941 5274 necessario
1001 5220 1225 5290 exigens
1290 5231 1603 5274 sanctorum
1636 5223 1759 5274 vin-

174 5311 400 5364 dictam.

252 5401 411 5456 Vens.
433 5404 523 5456 5i.
564 5422 581 5454 ι
614 5402 724 5457 Nec
744 5403 1034 5458 declinetis
1073 5403 1143 5458 ad
1174 5420 1377 5474 magos,
1400 5419 1505 5458 nec
1527 5404 1595 5457 ab
1619 5404 1764 5457 ario-

175 5494 245 5548 lis
278 5475 485 5563 aliquid
524 5493 901 5556 sciscitemini,
932 5505 989 5549 ut
1022 5496 1339 5564 polluamini
1366 5511 1465 5564 per
1488 5510 1604 5549 eos.
1645 5515 1661 5545 ι

244 5585 599 5657 Septuaginta
638 5595 821 5641 autem
847 5586 1016 5641 edunt
1049 5605 1061 5639 :
1114 5586 1235 5639 Non
1259 5588 1540 5656 sequimini
1563 5588 1763 5641 ventri-

1869 4684 1925 4728 et
1952 4674 2152 4727 Paulus
2185 4689 2196 4724 :
2239 4672 2535 4741 Presbyteri
2557 4672 2758 4738 duplici
2814 4673 3008 4726 honore
3039 4674 3186 4743 digni
3216 4674 3453 4727 habean-

1871 4777 1975 4829 tur,
2014 4766 2245 4818 maxime
2266 4766 2355 4835 qui
2385 4764 2633 4816 laborant
2658 4765 2714 4816 in
2734 4767 2888 4817 verbo
2911 4774 2957 4816 et
2982 4766 3223 4817 doctrina
3256 4766 3323 4818 ”.
3346 4766 3454 4819 Sed

1868 4868 1923 4912 et
1954 4857 2142 4911 Daniel
2174 4873 2297 4911 eum
2325 4865 2470 4911 esset
2492 4870 2646 4925 puer,
2695 4864 2749 4909 et
2780 4856 2992 4924 judices
3037 4864 3199 4925 atque
3228 4858 3455 4928 presby-

1869 4960 2016 5004 teros
2044 4949 2230 5020 populi
2252 4947 2625 5002 criminantes.
2663 4946 2970 5001 Susannam
2996 4958 3268 5017 argueret,
3302 4949 3456 5003 dice-

1869 5044 2000 5096 bant
2023 5042 2110 5096 alii
2135 5040 2434 5111 presbyteri
2466 5059 2478 5094 :
2522 5039 2663 5097 Veni.
2699 5041 2819 5092 sede
2841 5041 2894 5091 in
2921 5041 3092 5092 medio
3118 5051 3376 5102 nostrum,
3407 5050 3455 5094 et
3518 5034 3521 5039 ’

1869 5138 1919 5183 et
1943 5131 2203 5182 annuntio
2242 5129 2406 5189 nobis,
2434 5129 2558 5197 quia
2596 5128 2689 5180 tibi
2716 5128 2856 5181 Deus
2878 5130 3017 5181 dedit
3041 5130 3285 5182 honorem
3306 5147 3455 5183 sene—

1870 5224 2025 5275 elutis
2058 5222 2102 5253 “
2148 5239 2159 5273 :
2196 5230 2257 5275 ut
2303 5220 2704 5283 ostenderetur,
2758 5220 2882 5289 quia
2947 5220 3226 5290 sapientiae
3255 5289 3259 5290 ν
3287 5222 3458 5289 magis

1869 5328 2031 5382 quam
2082 5312 2255 5365 a‘tatis
2288 5318 2370 5364 est
2401 5310 2717 5379 presbyterii
2740 5289 3015 5378 dignitas.
3251 5289 3294 5319 ”

1949 5401 2227 5463 \'ens.35,
2256 5400 2344 5452 54.
2379 5419 2395 5449 ι
2437 5400 2493 5454 Si
2547 5399 2871 5453 habitaverit
2933 5404 3141 5454 advena
3204 5402 3257 5454 in
3316 5410 3458 5455 terra

1872 5503 2071 5558 vestra,
2102 5502 2155 5545 et
2181 5500 2426 5545 moratus
2458 5490 2622 5545 fuerit
2648 5492 2791 5545 inter
2820 5507 2937 5555 vos,
3003 5508 3071 5546 ne
3116 5494 3458 5563 cxprohretis

1873 5587 1942 5651 ci,
1976 5586 2071 5639 sed
2096 5585 2168 5639 sit
2198 5586 2340 5638 inter
2371 5600 2467 5638 vos
2497 5584 2651 5654 quasi
2692 5583 2965 5654 indigena,
2992 5594 3047 5640 et
3068 5585 3302 5656 diligetis
3330 5601 3453 5640 eum

243 5790 478 5871 ’Ἴδεω-.-
502 5806 682 5871 _x_xx1v,
723 5789 810 5842 l7.
873 5791 933 5871 ἐξ
966 5789 1258 5871 Psal.__xx1,
1282 5791 1373 5844 21.
1452 5789 1557 5871 ’³-1
1590 5790 1727 5871 (Sor.-
1756 5804 1834 5871 snt,
1859 5788 1947 5841 30.
2024 5789 2361 5871 '_“_Act_.‘x_vt,
2402 5789 2488 5843 l7.
2579 5790 2856 5871 lff’AEzech.
2892 5808 3009 5858 xm,
3042 5791 3125 5871 5.7
3171 5793 3214 5824 ⁵⁵
3236 5791 3283 5847 ll
3316 5792 3458 5851 Tim.

175 5876 262 5929 ιιι,
295 5863 348 5915 ti.
429 5862 478 5893 ⁵⁷
502 5861 692 5915 Matth.
722 5877 816 5926 vn,
868 5860 935 5914 15
1033 5862 1079 5893 ⁸⁵
1112 5862 1265 5915 Deut.
1294 5878 1464 5925 xxx",
1500 5863 1550 5914 7.

1629 5864 1670 5892 ιδ
1714 5860 1727 5911 Ι
1766 5860 1903 5915 Tini.
1948 5877 2000 5923 γ,
2030 5860 2114 5913 i'i.

2194 5862 2237 5891 “°
2274 5862 2407 5919 Dan.
2441 5876 2557 5926 xm,
2582 5862 2671 5917 50.
