4158 6450
155 464 282 530 10H
734 506 737 509 ν
1295 464 1375 524 1N
1414 464 1852 525 LEVITICUM.
1887 485 1954 495 —
1996 462 2142 521 LIB.
2179 460 2279 519 VI.
3272 447 3407 511 10i2

147 580 399 651 polluerit
430 593 628 634 nomen
658 584 909 634 sanctum
934 592 1137 632 meum.
1163 577 1303 643 Quid
1332 577 1377 632 si
1439 577 1721 648 negligens
1754 583 1795 636 Α
1826 568 2189 637 consuetudo,
2225 581 2280 626 et
2308 570 2392 624 his
2410 569 2502 639 qui
2528 569 2582 623 in
2630 583 2818 625 errore
2876 567 3092 621 illorum
3146 564 3405 619 labeban-

145 674 377 741 pupulus
425 679 601 734 terrae,
654 678 711 724 et
760 670 915 739 quasi
972 670 1376 740 parvipendens
1432 669 1719 738 imperium
1833 674 1938 729 tur,
1975 666 2042 721 de
2069 664 2268 734 quibus
2314 663 2459 718 Deus
2494 678 2590 733 per
2638 659 2834 716 Oscam
2874 658 3010 715 dicit
3059 674 3071 710 :
3132 655 3268 722 Quia
3320 656 3407 710 isti

142 777 343 826 meum,
363 761 630 815 dimiserit
660 761 960 827 hominem,
990 761 1082 831 qui
1116 761 1267 815 dedit
1288 762 1335 814 dt
1384 761 1587 815 semine
1618 774 1718 814 suo
1828 775 1945 811 cum
1976 756 2277 827 fornicariis
2302 755 2795 824 corrumpebantur,
2832 761 2880 806 et
2915 768 3034 805 cum
3097 749 3409 819 cﬂ'eminatis

143 853 374 917 hloloch,
412 868 514 907 nec
536 852 770 907 voluerit
792 852 943 906 illum
978 853 1248 917 occidere,
1283 868 1484 923 ponam
1525 852 1719 906 faciem
1825 850 2221 918 sacriﬁcabant,
2248 847 2438 917 polluit
2467 846 2565 900 Dei
2616 857 2801 900 sancta
2823 845 2887 897 θ’.
2928 841 3248 908 Quomodo?
3281 840 3409 911 quia

143 958 318 997 meam
350 959 517 1012 super
559 943 837 996 hominem
868 943 1039 1005 illum,
1090 952 1146 997 et
1171 944 1549 1013 cognationem
1581 942 1719 1011 ejus,
1828 940 2248 1010 polluituomem
2266 947 2515 995 sanctum
2543 937 2682 1006 ejus.
2718 936 2788 991 Ut
2821 936 2969 989 enim
3006 933 3294 1005 imaginem
3314 931 3409 986 Dei

141 1036 526 1105 succidamque
556 1036 754 1105 ipsum,
781 1044 835 1090 et
866 1050 1058 1090 omnes
1095 1036 1187 1104 qui
1218 1042 1620 1089 consenserunt
1649 1034 1719 1096 ei,
1828 1033 2137 1104 percipiens
2172 1033 2335 1087 homo
2356 1030 2551 1096 sancti,
2584 1037 2640 1083 et
2674 1030 2728 1083 in
2761 1027 2965 1082 sanctis
2992 1025 3407 1096 requiescentis,

144 1139 207 1181 ut
265 1128 668 1183 fornicarentur
721 1143 845 1182 cum
920 1128 1129 1182 Moluch
1178 1128 1245 1182 de
1292 1128 1473 1181 medio
1538 1125 1724 1197 pepuli
1780 1180 1781 1183 η
1828 1134 2052 1180 sanctus
2078 1134 2227 1179 recte
2256 1133 2313 1179 et
2363 1123 2737 1179 sanetilicatus
2768 1120 2864 1185 illi,
2896 1119 3054 1190 cujus
3085 1119 3252 1173 habet
3276 1118 3413 1171 ima-

142 1221 250 1274 sui.
283 1239 302 1271 ι
1828 1216 2033 1287 ginem,
2054 1215 2274 1270 dicitur.
2311 1214 2661 1269 Contaminat
2694 1227 2843 1283 ergo,
2868 1218 2924 1265 et
2959 1208 3153 1279 polluit
3212 1224 3413 1264 nomen

215 1306 384 1377 Cujus
420 1307 497 1362 rei
517 1307 688 1379 gratia
718 1307 785 1362 de
812 1307 1011 1362 iisdem
1070 1307 1176 1371 bis,
1230 1318 1285 1362 et
1315 1316 1397 1362 ter
1432 1307 1724 1377 aliQuando
1829 1310 1968 1379 ejus,
1987 1307 2081 1379 qui
2104 1309 2153 1362 ci
2179 1308 2327 1363 dedit
2352 1306 2666 1376 imaginem,
2705 1314 2761 1359 et
2810 1319 2911 1374 per
2940 1303 3082 1358 hanc
3110 1301 3287 1371 ipsum
3320 1299 3415 1369 qui

142 1402 228 1453 lex
268 1401 547 1470 przecepit,
568 1400 883 1471 frequenter
923 1401 976 1455 in
1010 1388 1447 1471 prazcedentibus
1464 1402 1722 1463 diximus,
1830 1398 2211 1462 sanetilicavit,
2236 1398 2401 1467 quiet
2428 1396 2677 1467 spiritum
2712 1395 2836 1449 vita:
2895 1395 2944 1448 ei
2974 1408 3037 1447 ex
3097 1406 3193 1447 sua
3246 1391 3416 1460 gratia

140 1494 269 1562 quia
295 1502 514 1562 promer
553 1494 871 1547 memoriam
900 1495 1194 1564 legentium
1229 1496 1333 1549 hoc
1358 1494 1538 1548 faciat.
1572 1493 1726 1548 Unde
1831 1487 2143 1550 insuﬂlavit,
2174 1488 2297 1556 quia
2332 1486 2528 1556 spiritu
2558 1486 2722 1549 malo,
2778 1495 2835 1540 et
2889 1486 3123 1538 adverso
3153 1482 3268 1538 Deo
3302 1496 3420 1534 cor-

143 1585 308 1637 ctiam
342 1586 981 1655 recapitulansmaudata
1010 1602 1150 1641 nova
1178 1586 1425 1656 quaedam
1457 1586 1537 1640 eis
1564 1585 1730 1639 inter-
1833 1581 2122 1650 rumpitur.
2171 1589 2226 1634 οι
2280 1578 2617 1633 θοωίηῖοῖυη
2677 1574 2969 1646 imaginem
3010 1574 3066 1627 ίη
3108 1572 3416 1627 άπιηοηυηὶ

147 1674 314 1736 serit,
372 1684 426 1728 ut
452 1690 564 1728 non
596 1675 872 1745 superﬂua
918 1675 1169 1730 videatur
1222 1677 1399 1746 legum
1451 1674 1727 1744 repetitio,
1833 1671 2154 1725 servitutem
2180 1668 2397 1739 redigit,
2436 1667 2783 1739 regalemque
2811 1664 3158 1736 margaritam
3184 1677 3213 1715 a
3239 1661 3420 1731 porcis

146 1774 200 1816 et
227 1763 579 1832 inquisitione
602 1780 893 1831 novorum,
917 1766 1082 1819 etiam
1115 1765 1483 1820 anterioribus
1526 1765 1732 1819 studio.
1834 1763 2110 1833 permittit.
2136 1762 2321 1832 pollui.
2362 1760 2510 1815 Idem
2552 1769 2639 1813 est
2663 1767 2719 1813 et
2746 1757 2994 1827 quisquis
3011 1756 3077 1810 de
3097 1753 3421 1825 cognatione

147 1855 260 1908 sius
297 1856 663 1910 intendamus.
697 1856 867 1926 llujus
891 1857 967 1911 rei
999 1856 1166 1927 gratia
1198 1858 1442 1911 actiones
1470 1857 1728 1926 quasdam
1836 1864 1891 1909 et
1921 1856 1989 1910 de
2019 1854 2268 1911 doctrina
2293 1870 2389 1909 sua
2423 1852 2667 1907 avaritiae
2690 1850 2873 1917 oli‘ert,
2899 1859 2957 1905 et
3009 1848 3075 1903 ad
3132 1845 3420 1902 avaritiam

152 1946 206 1998 in
241 1946 531 2014 praeteritis
574 1947 899 2017 prohibens,
956 1964 1147 2019 poenas
1202 1965 1391 2003 carum
1416 1949 1605 2014 tacuit,
1669 1959 1727 2004 ut
1763 1933 1800 1986 Β
1827 1950 2090 2020 operibus
2115 1959 2208 2003 aut
2226 1947 2407 2003 verbis
2438 1945 2939 2008 consuefaciteum,
2982 1942 3074 2012 qui
3098 1954 3423 2011 quocunque

147 2054 270 2108 quae
300 2039 370 2093 sit
408 2040 545 2106 haec,
565 2041 649 2095 vel
667 2042 842 2112 qualis
871 2052 1201 2112 quaerentes,
1236 2059 1448 2114 eaquae
1498 2044 1729 2100 inferius
1829 2041 1993 2097 modo
2046 2040 2351 2110 discipulus
2410 2038 2553 2109 ejus.
2618 2037 2703 2092 vel
2752 2044 3017 2107 cognatus
3060 2042 3166 2098 est,
3195 2047 3420 2089 servum

149 2130 350 2195 sancit,
396 2142 749 2188 scrutemur:
800 2135 855 2189 in
902 2136 989 2190 his
1020 2136 1169 2189 enim
1221 2152 1413 2206 poenas
1475 2137 1729 2201 inseruit,
1832 2152 1958 2191 cum
1989 2135 2321 2198 dmmonum,
2355 2132 2614 2188 devotum
2670 2130 2833 2197 idolis
2862 2130 2979 2184 sive
3041 2132 3424 2182 consecratum

148 2240 287 2292 quas
312 2234 442 2279 tunc
470 2228 839 2295 praetermisit.
873 2227 1013 2283 Olim
1053 2244 1184 2300 ergo
1224 2230 1521 2298 prohibens
1549 2230 1617 2285 de
1642 2245 1731 2284 se-
1834 2230 2173 2300 militemque
2205 2227 2425 2298 maligni
2452 2225 2711 2296 principis
2734 2223 2898 2293 hujus
2922 2220 3103 2276 saeculi
3137 2218 3377 2274 eﬂicicns
3410 2233 3421 2267 :

153 2316 299 2369 mine
326 2331 424 2370 suo
447 2317 675 2383 Moloch,
703 2319 815 2374 sive
842 2320 1145 2375 secundum
1182 2321 1542 2393 Septuaginta
1568 2322 1733 2376 Prin-
1836 2321 2013 2383 Radix
2037 2322 2176 2375 enim
2202 2320 2436 2374 omnium
2484 2318 2751 2372 malorum
2803 2315 3032 2369 auaritia
3054 2313 3099 2345 7°
3122 2330 3137 2379 ;
3191 2327 3307 2382 qum
3353 2320 3426 2364 cst

154 2408 260 2476 cipi
292 2408 428 2462 dari.
468 2409 595 2465 Erat
616 2419 799 2467 autem
830 2413 937 2467 hoc
966 2412 1095 2466 idoli
1138 2414 1426 2483 cujusdam
1477 2414 1562 2470 vel
1621 2415 1735 2470 dac-
1836 2414 2099 2468 idolorum
2125 2414 2347 2468 servitus
2372 2414 2440 2467 '“.
2470 2412 2711 2467 Dicimus
2755 2419 2937 2464 autem
2971 2408 3076 2462 hoc
3144 2406 3322 2476 ipsum
3372 2410 3428 2456 et

158 2502 340 2557 monis
374 2519 593 2570 nomen,
620 2506 922 2561 secundum
985 2507 1132 2577 quod
1191 2506 1507 2578 Stephanus
1572 2511 1738 2565 Amos
1838 2515 2029 2561 contra
2060 2520 2156 2562 eos
2189 2505 2281 2576 qui
2314 2502 2643 2559 adulterium
2677 2502 2896 2562 docent,
2948 2504 3305 2569 suggerentes
3327 2510 3424 2547 nc-

158 2594 462 2651 introduxit
524 2598 795 2654 dicentem
830 2618 843 2654 :
908 2600 977 2654 Et
1036 2601 1301 2669 recepistis
1342 2602 1739 2657 tabernaculum
1777 2613 1780 2621 ‘
1840 2600 2003 2656 [arias
2039 2601 2307 2666 actiones,
2335 2599 2627 2655 suadentes
2665 2594 3089 2667 turpitudinem,
3116 2592 3428 2662 polluentes

157 2686 385 2749 Molocli,
411 2698 459 2742 et
483 2691 628 2745 sidus
663 2692 759 2746 Dei
805 2695 962 2748 vestri
1011 2693 1322 2762 Rempltam,
1353 2694 1553 2763 ﬁguras
1609 2712 1741 2766 quas
1842 2704 2032 2750 sancta
2057 2695 2173 2760 Dei,
2207 2695 2260 2749 id
2292 2703 2398 2758 est,
2455 2694 2795 2765 signatorum
2845 2690 2957 2745 Deo
3000 2703 3256 2758 corpora,
3294 2701 3430 2755 quo-

158 2779 377 2846 feristis,
414 2792 471 2835 ut
500 2784 730 2838 adoretis
759 2802 847 2839 eas
874 2788 940 2840 ⁸⁸.
992 2786 1148 2841 Nunc
1178 2803 1308 2857 ergo
1336 2787 1572 2857 idipsum
1631 2804 1744 2843 rur-
1844 2804 1965 2842 rum
1998 2803 2129 2843 raro
2154 2788 2416 2856 templum
2446 2787 2565 2851 Dei,
2608 2793 2665 2839 et
2687 2780 2925 2855 Spiritus
2952 2781 3127 2837 sancti
3157 2788 3243 2835 est
3277 2778 3432 2832 habi-

160 2883 258 2921 sus
292 2880 628 2936 contestans.
657 2875 859 2941 quibus
887 2876 1069 2932 verbis
1098 2893 1256 2932 orsus
1284 2877 1356 2933 sit
1383 2879 1603 2934 exordia
1641 2880 1738 2934 hu-
1845 2881 2105 2934 taculum.
2145 2876 2304 2934 Unde
2342 2888 2399 2933 et
2452 2878 2699 2946 polluere
2748 2885 2895 2931 recte
2919 2888 3121 2930 nomen
3180 2881 3430 2926 sanctum

154 2958 250 3026 jus
274 2960 407 3030 legis
433 2965 679 3019 audistis.

1845 2972 2125 3034 dicuntur,
2160 2971 2276 3025 sive
2306 2970 2611 3026 secundum
2638 2968 3021 3038 Septuaginta,
3067 2963 3429 3033 sanctiﬁcato-

238 3052 565 3122 Locutusque
597 3068 674 3112 est
695 3059 955 3115 Dominus
1014 3062 1086 3116 ad
1112 3062 1318 3132 Moysen
1348 3065 1522 3119 dicens
1552 3086 1569 3122 :
1618 3066 1744 3121 "(ac
1848 3083 1983 3129 runt,
2014 3065 2142 3134 quia
2175 3080 2246 3119 ex
2266 3079 2400 3128 uno,
2435 3072 2531 3118 aut
2558 3062 2795 3124 duobus,
2821 3070 2915 3115 aut
2957 3057 3207 3129 pluribus
3250 3055 3434 3109 forsan

162 3144 375 3213 loquere
402 3148 525 3213 ﬁliis
552 3149 740 3204 Israel.
770 3150 927 3216 Quod
952 3151 1305 3226 Septuaginta
1340 3156 1654 3222 ediderunt,
1696 3170 1744 3213 et
1849 3155 2334 3222 abominabilibus,
2370 3155 2617 3209 omnium
2661 3160 2977 3208 sanctorum
3013 3149 3105 3205 Dei
3162 3167 3175 3201 :
3235 3147 3325 3217 qui
3379 3148 3435 3200 in

160 3236 291 3303 [iliis
307 3237 477 3292 Israel
515 3240 744 3311 loquere.
780 3242 900 3296 Non
946 3244 1051 3299 hoc
1083 3246 1289 3301 dictum
1326 3257 1412 3302 est
1435 3250 1589 3318 quasi
1653 3251 1744 3304 alii
1775 3289 1817 3343 C
1850 3263 1916 3301 eo
1945 3247 2316 3310 crediderunt,
2340 3255 2397 3301 et
2427 3246 2691 3311 ﬁdelium,
2727 3241 3177 3299 manifestissime
3224 3238 3435 3293 abomi-

162 3330 400 3384 t'uissent
436 3332 635 3400 quibus
666 3334 1026 3402 praecedentia
1080 3347 1352 3403 sanxerat,
1403 3340 1498 3393 sed
1557 3351 1747 3395 ostcn-
1775 3322 1817 3343 ’⁸
1854 3338 2037 3394 uabile
2060 3354 2261 3393 nomen
2285 3346 2340 3392 et
2370 3338 2802 3391 contaminatum
2861 3334 3006 3388 inter
3040 3331 3287 3387 homines
3316 3327 3433 3384 elli-

161 3420 303 3473 dens
340 3422 466 3490 quia
500 3422 605 3478 hoc
640 3425 927 3492 personale
958 3427 1275 3481 mandatum
1307 3438 1596 3498 propterea
1614 3445 1745 3484 con-
1854 3430 2015 3492 citur,
2050 3429 2173 3483 talia
2198 3437 2255 3482 et
2284 3428 2351 3481 de
2376 3428 2590 3482 caeteris
2613 3425 3041 3495 conjicicntibus
3072 3423 3158 3477 bis
3184 3422 3275 3492 qui
3302 3421 3437 3474 furis

162 3520 250 3566 ira
294 3528 486 3568 onmes
539 3515 804 3581 dilatavit,
857 3517 982 3586 quia
1038 3529 1321 3587 peccatum
1374 3531 1565 3576 contra
1603 3524 1749 3591 quud
1854 3529 2004 3583 sunt,
2042 3520 2096 3574 in
2128 3520 2589 3588 qualiaquosdam
2621 3518 2876 3571 viderunt
2914 3515 3271 3569 luxuriantes.
3303 3511 3437 3565 Pro-

162 3605 649 3661 eommiuationem
680 3618 1003 3678 praesentem
1065 3611 1310 3678 protulit,
1359 3620 1571 3666 tantum
1629 3613 1749 3667 aliis
1856 3620 2039 3678 plerea
2072 3626 2167 3665 eos
2200 3610 2400 3685 quisic
2428 3610 2567 3663 mala
2622 3618 2677 3663 et
2726 3606 3115 3662 ahominabilia
3155 3603 3436 3674 operibus.

164 3698 561 3753 exsecrabilius
583 3708 688 3765 est,
722 3708 781 3755 ut
805 3700 909 3754 alia
940 3701 1160 3770 quidem
1207 3712 1425 3772 peccata
1450 3704 1596 3759 solos
1620 3721 1750 3773 pec—
1853 3714 1951 3757 aut
1990 3706 2170 3759 verbis
2201 3705 2420 3768 docent,
2444 3719 2554 3759 non
2572 3705 2735 3758 unius
2764 3704 3044 3773 praecepit,
3073 3702 3169 3756 sed
3192 3701 3437 3755 onmium

163 3798 360 3843 cantes
398 3806 520 3845 reos
549 3792 725 3861 poenis
753 3792 1055 3855 adicerent,
1100 3793 1205 3848 hoc
1232 3804 1415 3849 autem
1443 3803 1499 3849 et
1534 3811 1628 3849 eos
1657 3797 1751 3865 qui
1856 3795 2039 3865 puniri
2070 3796 2357 3850 manibus:
2394 3804 2583 3865 utpote
2606 3796 2851 3849 omnium
2874 3794 3132 3847 inimicus
3161 3801 3218 3846 et
3246 3793 3442 3845 adver-

167 3880 528 3949 neglcxerunt
559 3885 1272 3955 peceantem,judicemque
1301 3886 1371 3950 ei,
1402 3886 1498 3941 scd
1527 3896 1583 3941 et
1611 3887 1755 3940 ulto-.
1857 3886 2035 3940 sarius
2089 3896 2145 3940 et
2173 3889 2424 3941 omnium
2484 3887 2690 3956 gloriae,
2755 3886 2903 3940 sicut
2957 3884 3277 3953 prmdictum
3333 3891 3440 3946 est,

169 3985 310 4034 rem,
330 3986 437 4025 non
466 3973 641 4027 solum
660 3974 933 4045 principes
963 3976 1167 4045 populi,
1188 3978 1282 4031 sed
1304 3985 1360 4031 ct
1386 3986 1551 4031 totam
1571 3977 1747 4049 Syna-
1858 3987 2141 4033 nocentes.
2304 3983 2307 3986 ’

167 4078 363 4133 gogam
396 4105 409 4126 ,
443 4074 500 4119 et
534 4067 796 4136 populum
844 4067 991 4122 facit.
1046 4066 1282 4137 Populus
1341 4069 1509 4134 enim,
1548 4070 1745 4139 inquit,
1929 4069 2079 4134 Quod
2120 4071 2163 4122 si
2210 4069 2472 4139 negligens
2521 4069 2744 4137 populus
2796 4078 2968 4132 terra,
3002 4077 3050 4120 et
3095 4068 3249 4137 quasi
3292 4067 3443 4134 parvi

171 4166 330 4209 terra:
352 4155 607 4225 lapidabit
637 4175 777 4211 eum.
808 4158 920 4213 Nec
953 4159 1038 4213 his
1069 4169 1369 4215 contentus
1392 4160 1602 4214 addidit
1629 4175 1644 4214 :
1860 4164 2088 4232 pendens
2116 4162 2393 4230 imperium
2427 4176 2599 4213 meum
2622 4161 2876 4213 dimiserit
2905 4159 3187 4219 hominem,
3224 4159 3314 4227 qui
3350 4158 3443 4210 de-

248 4245 315 4299 Et
361 4264 452 4317 ego
474 4264 668 4315 ponam
695 4249 888 4319 faciem
933 4266 1107 4303 meam
1139 4260 1324 4303 contra
1353 4250 1526 4316 illum,
1585 4253 1756 4305 succi-
1862 4254 1997 4307 derit
2029 4253 2093 4305 de
2126 4253 2324 4306 semine
2361 4267 2455 4304 suo
2481 4251 2699 4315 Moloch,
2732 4267 2824 4303 nec
2853 4250 3074 4304 voluerit
3116 4249 3269 4303 illum
3305 4251 3445 4302 occi—

170 4336 404 4404 damque
433 4352 551 4389 eum
586 4339 648 4391 de
672 4338 843 4391 medio
863 4338 1045 4407 populi
1093 4340 1196 4391 sui.
1251 4339 1354 4393 Per
1408 4339 1514 4393 hoc
1565 4355 1759 4394 omnes
1862 4347 2003 4399 dere.
2038 4345 2095 4399 Id
2122 4357 2225 4407 est,
2252 4344 2297 4398 si
2326 4344 2403 4409 hi,
2434 4344 2526 4412 qui
2565 4343 2787 4398 enutriti
2821 4352 2949 4397 sunt
2980 4342 3034 4395 in
3067 4341 3316 4405 scientia,
3346 4358 3446 4396 ne-

169 4428 797 4498 erigcns,ctprovocaus
819 4441 1007 4484 contra
1024 4431 1419 4498 eum,quitalia
1437 4432 1755 4486 commisit:
1864 4436 2132 4507 glexerint
2168 4450 2294 4490 eum
2325 4435 2417 4504 qui
2464 4435 2590 4488 talia
2620 4435 2779 4489 docet
2816 4453 2829 4489 :
2869 4435 2986 4488 ba-c
3021 4442 3104 4486 est
3136 4434 3282 4487 enim
3324 4448 3447 4487 vera

112 4547 117 4551 -
172 4518 273 4570 sed
304 4527 358 4571 et
383 4528 643 4573 terrorem
671 4520 933 4585 indicens,
968 4522 1011 4575 si
1044 4522 1401 4591 neglexerint,
1433 4530 1489 4574 et
1510 4537 1758 4577 noncum
1866 4539 1920 4583 et
1943 4538 2092 4583 recta
2119 4538 2283 4588 terra,
2312 4528 2380 4582 de
2406 4542 2511 4595 qua
2541 4526 2616 4581 ait
2641 4526 2806 4581 David
2841 4543 2855 4579 :
2885 4525 3116 4595 Spiritus
3142 4536 3262 4580 tuus
3287 4526 3449 4580 bonus

173 4609 363 4662 studio
395 4619 719 4679 princeptam
756 4628 970 4681 poenam
1032 4613 1146 4667 suis
1177 4614 1228 4667 in
1260 4630 1380 4668 eain
1409 4616 1760 4670 exercuerim
1796 4654 1838 4707 υ
1867 4621 2084 4673 deducet
2128 4635 2209 4673 me
2252 4620 2309 4672 in
2358 4628 2553 4672 terram
2600 4628 2797 4671 rectam
2825 4619 2893 4671 τ’.
2941 4617 3078 4684 Quia
3122 4620 3325 4673 malum
3367 4629 3453 4673 est

178 4701 453 4764 manibus,
514 4712 699 4771 utpote
740 4704 802 4762 ,in
859 4714 1067 4758 tantum
1140 4705 1279 4759 irato
1344 4706 1491 4770 Deo,‘
1530 4715 1591 4760 ut
1650 4707 1765 4777 ipse
1798 4701 1830 4707 ⁷
1870 4712 2105 4765 maxime
2133 4711 2236 4764 tale
2270 4720 2553 4780 peccatum
2590 4725 2700 4765 non
2732 4711 2977 4781 exsequi.
3009 4712 3150 4777 Quid
3187 4722 3270 4767 est
3306 4714 3452 4783 quod

177 4803 372 4861 aperte
407 4795 719 4862 praadictam
766 4796 1097 4851 sententiam
1142 4807 1332 4852 contra
1390 4814 1517 4853 eum
1573 4799 1761 4863 ferret,
1869 4803 2152 4872 sequitur?
2186 4803 2251 4855 Et
2300 4818 2458 4870 super
2480 4802 2844 4871 cognationem
2888 4803 3023 4870 ejus.
3068 4802 3174 4857 Eos
3206 4805 3298 4872 qui
3339 4816 3454 4858 stuc

176 4885 518 4938 curantem?
1870 4896 2004 4951 dent
2058 4891 2313 4945 videlicet
2369 4889 2587 4952 similia,
2629 4889 2720 4959 qui
2772 4893 2985 4962 cognati
3044 4902 3173 4946 sunt
3230 4903 3456 4963 propter

256 4975 391 5040 Quia
410 4980 472 5030 de
498 4979 695 5033 semine
726 4995 821 5033 suo
850 4980 991 5032 dedit
1023 4978 1247 5043 Malae/1,
1286 4989 1342 5032 ut
1382 4982 1765 5034 contaminaret
1871 4982 2283 5037 similitudinem
2314 4979 2547 5035 actionis
2579 4988 2639 5033 et
2666 4979 2949 5033 doctrinm.

174 5070 547 5123 sanctuarium
600 5087 794 5135 meum,
845 5080 893 5123 et
946 5069 1201 5138 pollueret
1276 5087 1465 5125 nomen
1526 5084 1767 5126 sanctum
1942 5074 2327 5142 Succidamque
2369 5073 2540 5140 ipsum
2571 5080 2619 5124 et
2653 5087 2826 5124 omnes
2859 5072 2949 5140 qui
2981 5083 3350 5126 consenserunt
3386 5075 3454 5136 ci,

180 5176 381 5213 meum.
407 5160 727 5229 Quicunque
756 5160 901 5215 enim
952 5160 1122 5214 [ilium
1175 5169 1270 5214 aut
1316 5170 1631 5231 cegnatum,
1676 5172 1771 5216 aut
1874 5177 1927 5219 ut
1964 5167 2352 5235 fornicarentur
2399 5179 2516 5215 cum
2556 5162 2756 5216 Moloclt
2802 5164 2867 5216 de
2915 5164 3082 5217 medio
3128 5166 3311 5234 populi
3350 5167 3453 5218 sui.

178 5250 534 5318 discipulum,
564 5260 660 5304 aut
706 5251 966 5314 amicum,
1013 5259 1108 5303 aut
1156 5265 1541 5319 quemcunque
1567 5251 1636 5305 de
1669 5266 1770 5305 suo
1874 5254 1991 5306 Non
2028 5254 2200 5305 solum
2244 5252 2484 5304 minatus
2521 5260 2605 5304 est
2637 5252 2833 5320 punire
2874 5268 2988 5315 eos,
3018 5253 3110 5322 qui
3148 5254 3339 5308 dicunt
3373 5257 3456 5309 vel

180 5342 418 5404 semine,
455 5342 541 5394 vel
559 5342 902 5411 cognalione,
958 5352 1053 5395 aut
1085 5342 1355 5406 doctrina,
1390 5343 1625 5412 principi
1667 5359 1770 5397 sw—
1876 5347 2082 5399 iaciunt
2110 5346 2231 5406 hoc,
2259 5352 2315 5396 et
2341 5352 2630 5412 propterea
2659 5352 2919 5413 cognatos
2952 5354 3097 5397 recte
3127 5346 3456 5408 nontinatus,

174 5432 297 5485 culi
332 5433 510 5501 hujus,
534 5434 624 5503 qui
655 5450 803 5488 nunc
854 5444 1111 5503 Operatur
1156 5435 1211 5487 in
1288 5434 1411 5489 liliis
1459 5435 1773 5490 dilIidentiac
1876 5438 1972 5492 scd
2020 5444 2075 5490 et
2124 5436 2530 5491 Consentientes
2577 5436 2647 5496 ei,
2687 5435 2739 5489 id
2790 5445 2875 5489 est
2922 5438 3317 5491 concordautcs
3365 5449 3461 5493 aut

180 5526 424 5590 dederit,
449 5543 653 5581 vovens
683 5543 807 5580 eum
826 5536 879 5581 et
916 5542 1245 5582 consecratis
1266 5527 1625 5592 damuonibus,
1684 5528 1773 5582 hic
1877 5536 2291 5590 concurrentes,
2334 5536 2430 5580 aut
2469 5526 2941 5581 communicantes
2973 5527 3234 5595 operibus
3268 5543 3459 5582 eorum

181 5618 413 5689 quidem
447 5620 515 5673 ad
546 5635 699 5673 sacra
730 5620 1074 5683 daemonum,
1108 5617 1246 5673 alter
1266 5629 1450 5674 autem
1482 5622 1642 5675 mista
1692 5621 1771 5675 vi-
1881 5619 2258 5683 intructuosis,
2290 5618 2431 5671 sicut
2465 5618 2666 5670 Paulus
2695 5617 2829 5671 dixit
2863 5617 2927 5669 ⁷³.
2960 5615 3160 5671 Malum
3192 5628 3275 5671 est
3311 5619 3458 5672 enim

182 5711 278 5765 rili
308 5710 661 5780 muliebrique
688 5711 819 5778 vita,
848 5696 1138 5779 utrumque
1198 5710 1346 5764 enim
1389 5722 1503 5765 crat
1549 5714 1770 5782 paganis
1884 5709 2200 5781 permittere
2229 5718 2324 5763 aut
2352 5708 2664 5763 consentire
2693 5710 2856 5762 etiam
2888 5724 3002 5774 eos,
3030 5709 3119 5778 qui
3150 5708 3283 5762 foris
3312 5720 3458 5772 sunt,

263 5848 307 5876 ⁸⁸
330 5853 492 5906 Amos
521 5869 574 5915 v,
602 5854 706 5915 26;
741 5855 860 5909 Act.
889 5870 983 5921 vn,
1023 5854 1105 5907 15.
1202 5856 1244 5886 ⁶⁹
1288 5854 1424 5910 Uscc
1458 5871 1528 5907 ιγ.
1570 5855 1648 5907 ll.
1756 5855 1799 5887 το

184 5910 237 5943 ⁷³
268 5920 466 5975 Ειιιιρδ.
499 5940 549 5975 v.
591 5922 672 5975 Η.

1836 5852 2007 5907 l'l‘im.
2069 5867 2142 5916 VI,
2176 5851 2273 5911 10;
2374 5850 2411 5880 τ’
2444 5847 2645 5918 ῐῧιιιιυδ.
2684 5866 2733 5915 v,
2922 5850 2965 5880 ⁷⁸
3004 5849 3141 5903 Ιδεειι.
3176 5862 3335 5911 ωιιι,
3378 5847 3457 5900 l0-

313 5937 466 5990 pucs.
499 5940 549 5987 γ,
591 5937 672 5976 ιι.
