4158 6450
153 409 287 476 1045

1290 413 1372 473 ΙΝ
1413 413 1850 475 LEVITICUM.
1885 440 1952 448 —-
1991 416 2137 474 LIB.
2171 418 2269 476 VI.

3270 416 3406 484 104$

151 528 281 592 Viri,
314 529 532 600 diligite,
567 529 811 583 mulieres
851 537 1068 595 vestras,
1109 530 1263 593 sicut,
1292 540 1338 584 et
1380 529 1616 586 Christus
1648 532 1727 583 di-
1759 539 1798 590 Α
1828 530 2183 601 delinquitur,
2225 531 2355 587 illud
2403 542 2584 588 autem
2621 534 2674 588 in
2719 533 2886 589 ﬁlium
2925 550 2952 588 a
2989 543 3163 606 patre.
3206 535 3409 592 Similis

149 622 274 675 texit
318 622 611 675 Ecclesium
638 623 705 676 ⁸¹.
755 621 822 676 Et
870 639 1058 677 rursus
1090 643 1101 678 :
1137 625 1422 693 I’rOptcrea
1470 624 1724 693 relinquet

146 714 299 767 Itomo
329 724 532 782 patrem
562 719 610 767 cl
633 706 883 780 'matrent,
920 726 968 769 et
1007 718 1287 770 adhazrebit
1329 719 1482 770 uxori
1519 734 1646 778 sum,
1677 728 1725 770 et

144 815 296 859 erunt
351 809 453 860 duo
496 809 550 860 in
596 824 754 860 carne
800 825 924 862 una.
975 809 1376 864 Sacramentum
1423 821 1599 863 autem
1635 813 1727 864 hoc

148 915 400 967 magnum
429 908 521 953 est.
561 898 673 971 Ego
703 910 879 954 autem
911 903 1025 955 dico
1059 904 1114 954 in
1141 901 1348 957 Christo
1379 914 1424 956 et
1468 906 1520 956 in
1552 905 1726 958 Eccle-

146 988 230 1041 sia
263 988 329 1040 ⁸³.
370 987 672 1043 Mmchatus
721 998 902 1044 autem
943 991 1122 1044 verbis
1166 992 1435 1060 turpibus,
1478 993 1727 1047 dissemi-

147 1095 287 1134 nans
310 1081 361 1133 in
386 1096 449 1134 ea
475 1081 779 1135 doctrinam
811 1082 1110 1151 propriam,
1130 1095 1186 1136 et
1203 1099 1312 1136 non
1337 1084 1560 1148 Christi,
1589 1085 1727 1138 sicut

147 1172 227 1226 ait
272 1171 491 1240 Paulus,
521 1175 687 1242 turpis
724 1174 855 1226 lucri
880 1174 1055 1242 gratia
1086 1173 1152 1236 ",
1185 1204 1257 1216 —
1286 1183 1448 1228 morte
1471 1177 1729 1228 moriatur

148 1273 198 1316 et
245 1265 468 1318 moechus
512 1279 562 1318 et
602 1266 867 1318 adultera.
903 1265 959 1318 ld
1005 1275 1111 1329 est,
1135 1266 1225 1335 qui
1271 1266 1504 1319 alienum
1539 1284 1730 1336 super-

149 1356 385 1410 seminat
418 1358 666 1420 verbum,
712 1367 770 1412 et
809 1359 1075 1423 Ecclesia,
1109 1375 1228 1427 quae
1269 1360 1322 1411 in
1357 1361 1482 1413 talia
1527 1361 1728 1428 patitur

148 1448 431 1504 seminari.
469 1449 621 1503 Hanc
651 1450 819 1515 enim,
855 1450 994 1504 sicut
1025 1450 1283 1513 diximus,
1319 1467 1538 1505 uxorem
1573 1453 1728 1504 intel-

148 1537 400 1607 ligamus.
449 1538 691 1594 Primum
739 1541 958 1609 quidem
1014 1541 1130 1594 veri
1184 1543 1427 1610 conjugis
1479 1543 1730 1596 videlicet

147 1629 374 1694 Christi,
423 1631 622 1686 deinde
673 1644 728 1686 et
779 1633 1066 1703 coniugem
1118 1633 1257 1702 ejus,
1301 1635 1388 1687 eui
1441 1650 1468 1686 a
1515 1634 1730 1690 Christo

148 1723 357 1776 credita
388 1733 471 1777 est
507 1723 746 1778 Ecclesia
799 1724 1122 1788 sacerdotis,
1157 1735 1250 1778 aut
1291 1725 1429 1779 forte
1470 1727 1724 1780 doctoris.

145 1813 428 1883 Quotquot
476 1817 621 1869 enim
668 1817 973 1871 :emulando
1021 1818 1320 1878 Christum,
1363 1829 1416 1871 et
1461 1819 1527 1871 ad
1571 1836 1726 1872 suum

149 1905 336 1959 odium
384 1907 613 1960 verbum
671 1918 1068 1978 corrumpunt,
1124 1909 1265 1963 circa
1298 1910 1726 1980 ,naufragantcs,

150 1994 292 2049 sicut
321 1994 642 2065 llymenzeus
678 2006 729 2050 et
761 1998 1083 2063 Alexander,
1118 2016 1253 2068 quos
1291 2000 1511 2054 tradidit
1538 2000 1733 2055 Paulus

151 2087 368 2140 Satanae
385 2085 451 2118 ⁸³·
474 2127 488 2150 ,
515 2096 573 2138 ut
625 2087 901 2141 discerent
942 2104 1050 2142 non
1082 2089 1488 2158 blasphemare,
1541 2091 1730 2144 horum

149 2177 478 2232 adulterium
519 2179 571 2231 iu
608 2194 894 2248 personam
927 2179 1130 2233 Christi
1165 2191 1462 2249 reputatur.
1489 2179 1732 2246 Quicun-

149 2285 259 2339 que
293 2280 476 2323 autem
513 2271 859 2324 aemulatione
892 2271 1205 2339 hominum,
1227 2273 1317 2341 qui
1350 2273 1606 2342 tt‘gClltlaS
1634 2274 1732 2324 Ee-

149 2362 348 2416 clesias
377 2372 505 2416 sunt
535 2364 733 2425 sortiti,
761 2363 863 2416 tale
890 2363 1168 2433 quidpiam
1201 2365 1424 2428 faciunt,
1455 2374 1513 2419 ut
1543 2381 1731 2418 eorum

149 2455 459 2509 doctrinam
504 2458 794 2520 subruant,
836 2459 978 2527 quod
1015 2457 1213 2512 Paulus
1243 2461 1609 2515 Alexandrum
1653 2463 1732 2513 fe-

150 2548 293 2601 cisse
346 2547 481 2600 dixit
520 2549 791 2608 aerarium.
835 2551 908 2603 ait
955 2552 1098 2604 enim
1132 2571 1143 2606 :
1173 2553 1468 2606 Alexander
1512 2555 1733 2607 a’rarins

151 2639 323 2690 multa
361 2638 502 2690 mala
540 2640 667 2691 mihi
697 2641 942 2702 ostendit,
990 2643 1162 2694 reddet
1195 2643 1240 2694 ei
1277 2643 1526 2694 Dominus
1552 2661 1733 2696 secun-

150 2736 280 2782 dum
327 2746 484 2798 opera
535 2747 656 2796 sua,
703 2747 852 2799 quem
903 2741 952 2784 et
1001 2741 1056 2783 tu
1093 2734 1287 2792 (levita,
1336 2733 1555 2786 multum
1596 2737 1733 2787 enim

149 2823 346 2876 restitit
369 2825 536 2876 verbis
561 2825 750 2876 nostris
781 2824 846 2877 3‘.
877 2826 1080 2878 llorum
1110 2826 1434 2879 adulterium
1467 2828 1519 2880 in
1549 2829 1730 2896 proxi-

150 2928 306 2967 mum
338 2921 643 2982 reputatur,
669 2930 791 2968 cum
836 2915 1117 2968 sacerdote
1159 2915 1426 2979 videlicet,
1463 2916 1576 2970 sive
1606 2932 1734 2969 con-

148 3005 402 3070 ductore,
437 3016 660 3075 propter
698 3007 854 3074 cujus
890 3008 1310 3071 aemulationem,
1346 3009 1412 3061 ad
1447 3009 1607 3063 talem
1654 3011 1733 3061 in-

144 3097 417 3164 iustitiam
483 3099 850 3169 progreditur.
902 3098 1006 3154 Sed
1055 3108 1110 3153 et
1159 3101 1322 3169 hujus
1371 3116 1530 3168 poma
1590 3117 1733 3154 mors

1829 634 2010 678 autem
2045 625 2296 693 impietas
2329 633 2410 680 est
2443 625 2610 681 filium
2640 627 2811 698 patris
2842 629 2925 683 sui
2957 627 3257 693 denudare,
3293 628 3409 684 sive

1828 713 2114 768 diﬂ'amare
2150 723 2456 783 peccatum,
2489 731 2612 770 cum
2653 725 2706 770 et
2742 718 2841 787 ipsi
2879 719 2932 771 in
2974 716 3244 772 similibus
3271 717 3410 772 deli-

1830 809 2067 876 querint.
2126 807 2208 862 Ad
2263 824 2401 877 quos
2450 808 2650 863 Paulus
2686 808 2899 862 dicebat
2948 828 2959 863 :
3011 809 3237 878 Propter
3278 826 3412 879 quoa

1830 901 2198 954 inexcusabilis
2243 917 2316 965 es,
2350 917 2379 953 ο
2417 900 2568 953 homo
2597 902 2764 954 omnis
2804 901 2892 971 qui
2929 901 3143 969 judicas
3169 919 3185 967 ;
3211 902 3266 954 in
3312 918 3416 972 quo

1831 994 1967 1045 enim
1993 993 2158 1044 alium
2176 993 2413 1062 judicas,
2441 994 2660 1061 teipsum
2690 993 3026 1057 condemnas,
3058 997 3241 1050 eadem
3275 995 3413 1049 enim

1831 1082 1966 1151 agis,
2000 1090 2049 1133 et
2075 1083 2292 1149 judicas
2323 1082 2390 1135 ⁸⁸.
3019 1156 3029 1162 _

1903 1173 2068 1226 Vnus.
2122 1172 2206 1227 l3.
2245 1193 2260 1223 α
2298 1173 2403 1238 Qui
2459 1175 2743 1232 dormierit
2799 1191 2922 1233 cum
2977 1176 3219 1231 masculo
3267 1177 3414 1231 coitu

1833 1264 2090 1329 femineo,
2127 1273 2359 1333 uterque
2411 1276 2666 1335 cperatu-s
2712 1275 2793 1322 est
2840 1268 3012 1332 nefas,
3064 1277 3240 1323 morte
3285 1283 3416 1323 mo-

1832 1356 2041 1410 riantur
2072 1374 2085 1412 :
2122 1357 2191 1412 sit
2223 1362 2448 1428 sanguis
2479 1374 2666 1413 eorum
2700 1376 2865 1431 super
2894 1377 3008 1416 eos.
3047 1380 3065 1411 ι

1903 1447 2038 1512 Quia
2085 1448 2282 1518 injuria
2326 1457 2535 1503 natura:
2576 1459 2659 1503 est
2694 1451 2797 1504 hoc
2829 1461 3135 1520 peccatum,
3176 1452 3412 1507 ostendit

1833 1549 1939 1591 I::m
1983 1540 2198 1593 novitas
2224 1539 2362 1606 ejus,
2397 1557 2559 1610 quam
2603 1541 2836 1596 facinus.
2880 1543 3023 1613 Ergo
3067 1561 3175 1598 non
3215 1544 3416 1598 frustra

1833 1646 2045 1698 poenam
2079 1633 2132 1684 in
2168 1632 2261 1685 illo
2298 1632 2490 1685 mortis
2521 1633 2604 1686 lex
2640 1632 2908 1688 decernit.
2951 1633 3061 1688 Nos
3098 1642 3279 1688 autem
3313 1635 3418 1688 hu~

1829 1722 2063 1788 justnodi
2100 1733 2147 1776 et
2192 1724 2379 1777 auditu
2420 1741 2757 1780 aversantur.
2806 1725 3110 1781 Careamus
3139 1737 3320 1782 autem
3364 1736 3421 1782 et

1833 1829 1954 1867 eum
2002 1816 2093 1883 qui
2146 1814 2302 1869 fortis
2355 1825 2437 1868 est
2489 1817 2692 1881 anima,
2734 1826 2895 1886 atque
2941 1818 3062 1872 ideo
3113 1817 3417 1886 appellatur

1835 1905 2137 1968 masculus,
2189 1906 2271 1959 vir
2327 1905 2470 1959 enim
2528 1906 2725 1976 ubique
2782 1907 2835 1960 in
2891 1908 3074 1962 divina
3133 1907 3416 1976 Scriptura

1836 2002 2107 2070 perfectus
2137 2003 2425 2056 virtutibus
2455 2005 2792 2067 nominatur,
2823 2004 2970 2058 unde
2996 2013 3047 2058 et
3075 2003 3274 2058 Paulus
3303 2003 3415 2061 ait:

1834 2096 2007 2148 Donec
2062 2113 2401 2148 occurramus
2452 2113 2628 2149 omnes
2680 2097 2735 2149 in
2789 2097 2960 2150 uirum
3014 2098 3324 2167 perfectum,
3363 2099 3418 2150 in

1834 2203 2109 2251 personant
2161 2187 2334 2256 wtalis
2383 2188 2728 2254 plenitudinis
2778 2187 2975 2242 Christi
3010 2188 3077 2244 ⁸⁷.
3117 2186 3419 2252 Cavcamus

1835 2293 1962 2346 ergo
1999 2277 2180 2330 verbis
2230 2278 2547 2347 incongruis
2581 2279 2921 2344 effeminare,
2956 2280 3042 2334 vel
3085 2280 3416 2350 actionibys,

1835 2383 1887 2424 ct
1925 2372 2223 2426 dissolvere
2265 2373 2428 2442 hujus
2462 2373 2659 2427 animae
2700 2374 2980 2439 virtutem,
3023 2374 3149 2427 dum
3198 2389 3320 2428 cum
3353 2390 3420 2428 eo

1835 2461 2085 2515 videlicet
2115 2470 2170 2514 et
2198 2478 2298 2515 nos
2331 2463 2718 2517 dissolvamur.
2753 2464 3047 2525 Utriusque
3078 2463 3246 2529 enim,
3277 2464 3420 2529 sicut

1834 2549 2035 2612 cernis,
2081 2564 2241 2617 pmna
2278 2565 2426 2604 mors
2461 2557 2563 2604 est.

1905 2638 2068 2694 Vens.
2126 2641 2210 2694 Η.
2255 2658 2272 2690 ‹
2318 2640 2420 2705 Qui
2473 2658 2637 2710 supra
2690 2658 2914 2698 uxorem
2968 2643 3154 2708 filiam,
3203 2644 3421 2714 duxerit

1835 2741 2067 2785 matrem
2117 2733 2259 2822 ejlus,
2315 2733 2495 2788 scelus
2551 2743 2810 2804 operatus
2855 2745 2954 2800 est,
3007 2737 3162 2788 vivus
3209 2737 3420 2805 ardebit

1835 2836 1957 2873 cum
1990 2821 2093 2885 eis,
2131 2818 2233 2875 nec
2267 2818 2631 2891 "permanebit
2683 2831 2892 2878 tantum
2945 2825 3099 2879 nefas
3141 2826 3195 2878 in
3240 2826 3419 2879 medio

1836 2913 2022 2966 \‘estri.
2066 2931 2084 2963 ι

1906 3001 2077 3056 Nimis
2110 3011 2259 3058 recte
2300 3003 2380 3058 sic
2413 3017 2614 3059 saevam
2645 3018 2861 3073 pmnam
2901 3003 3024 3056 huic
3067 3004 3303 3058 minatus
3334 3012 3420 3058 est

1836 3093 2055 3158 delicto,
2087 3107 2182 3148 eos
2215 3093 2366 3149 enim
2407 3095 2498 3165 qui
2539 3110 2606 3149 ex
2651 3105 2825 3149 matre
2855 3094 3018 3165 geniti
3054 3105 3199 3160 sunt,
3234 3095 3302 3150 ab
3333 3098 3419 3149 his

148 3197 239 3244 est
277 3207 289 3242 :
316 3191 467 3259 quia,
503 3191 608 3244 etsi
665 3207 772 3246 non
830 3192 1140 3261 specialiter
1192 3203 1379 3246 contra
1429 3192 1729 3255 Christum,
1761 3225 1802 3279 ο
1836 3187 1927 3253 (ιυὶ
1959 3201 1989 3239 a
2021 3185 2128 3240 lilia
2153 3186 2324 3256 geniti
2354 3196 2502 3253 sunt,
2526 3203 2649 3241 eum
2677 3203 2820 3247 unus
2848 3188 2917 3242 sit
2941 3198 3114 3257 pater.
3145 3188 3417 3243 incertum

147 3292 337 3338 tamen
362 3292 554 3336 contra
577 3284 856 3337 hominem
885 3285 1242 3347 contendens,
1263 3284 1506 3352 eorrupit
1530 3285 1732 3338 Christi

146 3388 293 3441 opus
342 3389 670 3444 gregemque
725 3373 1019 3442 dispersit,
1073 3384 1296 3443 propter
1355 3375 1498 3443 quod
1555 3376 1734 3430 socius

145 3465 275 3534 ejus
319 3464 552 3520 efﬁcitur
588 3481 785 3535 plenae,
811 3465 1126 3534 quicunque
1165 3466 1233 3519 ab
1267 3481 1332 3520 co
1372 3467 1644 3536 corrumpi
1677 3483 1734 3521 se

134 3555 379 3641 .gatitur.

214 3646 390 3704 νεεδ.
432 3649 618 3703 11-12.
669 3667 688 3701 ι
725 3649 829 3714 Qui
865 3649 1149 3704 dormierit
1182 3665 1305 3702 cum
1339 3664 1576 3704 noverca
1612 3667 1732 3718 sua,

145 3748 209 3795 et
255 3739 580 3794 revelaverit
623 3740 980 3810 ignominiam
1027 3740 1197 3810 patris
1241 3741 1348 3805 sui,
1387 3750 1567 3812 morte
1619 3759 1736 3798 mo-

144 3833 367 3885 riantur
416 3830 611 3894 ambo,
661 3831 886 3900 sanguis
930 3846 1121 3884 eorum
1177 3831 1247 3885 sit
1298 3847 1463 3900 super
1513 3848 1626 3887 eos.
1679 3833 1736 3888 Si

143 3918 278 3989 quis
325 3918 615 3973 dormierit
661 3934 786 3972 cum
842 3934 986 3973 nuru
1024 3935 1158 3982 sua,
1210 3928 1440 3990 uterque
1486 3923 1737 3976 morian-

141 4020 264 4075 tur,
289 4011 416 4080 quia
451 4012 632 4067 scelus
660 4011 870 4082 operati
900 4020 1048 4078 sunt,
1074 4015 1292 4083 sanguis
1320 4030 1510 4069 eorum
1544 4016 1611 4071 sit
1641 4033 1737 4071 su-

146 4117 252 4172 per
283 4118 390 4157 eos.
412 4122 429 4154 ι

223 4190 378 4246 Dicta
398 4202 545 4248 sunt
583 4192 700 4247 haec
731 4193 790 4246 in
823 4192 930 4248 hoc
951 4192 1177 4249 Levitici
1208 4195 1346 4249 libro
1372 4211 1402 4250 a
1432 4197 1738 4265 legislatore

144 4282 432 4350 superius,
465 4281 563 4338 sed
593 4281 704 4336 illic
755 4283 976 4352 quidem
1006 4302 1020 4339 :
1057 4283 1178 4338 Non
1209 4284 1463 4339 reuelabis
1500 4287 1737 4355 turpitu-

143 4372 641 4442 ds'mmatrisltni
670 4381 720 4425 et
748 4375 964 4438 matris,
1002 4391 1095 4428 nec
1128 4377 1346 4440 sororis,
1378 4385 1427 4428 et
1463 4393 1649 4442 nurus,
1679 4389 1738 4432 et

145 4462 492 4530 reliquorum
539 4478 638 4532 per
693 4463 941 4519 ordinem
995 4465 1136 4519 dixit
1163 4466 1231 4532 ⁸⁸,
1270 4468 1491 4536 quando
1535 4478 1590 4522 et
1635 4485 1737 4524 nos

1837 3288 1923 3333 est
1956 3288 2136 3333 utrum
2168 3279 2487 3344 fratreshan
2519 3280 2819 3339 avunculos
2853 3290 3103 3350 oporteat
3133 3281 3416 3350 appellari.

1836 3370 1970 3424 Nam
1997 3387 2121 3424 cum
2151 3378 2308 3440 pater
2337 3387 2482 3426 unus
2510 3371 2601 3436 sit,
2627 3371 2825 3426 fratres
2849 3387 2943 3426 eos
2976 3372 3117 3442 cogit
3137 3371 3416 3426 :estimari.

1839 3460 1915 3513 Ex
1949 3461 2162 3516 duabus
2203 3469 2385 3515 autem
2427 3461 2766 3544 parientibus
2804 3477 2927 3518 cum
2968 3478 3075 3517 una
3114 3463 3417 3527 sit-mater,

1837 3552 1940 3605 alia
1973 3552 2108 3620 lilia,
2146 3553 2449 3607 auunculos
2470 3554 2604 3624 Mltos.
2630 3553 2721 3623 qui
2757 3563 2932 3610 matre
2960 3563 3091 3608 sunt
3108 3555 3318 3626 ,geniti,
3351 3555 3422 3609 ab

1839 3643 1923 3697 his
1957 3645 2052 3714 qui
2083 3645 2194 3698 nati
2231 3653 2361 3700 sunt
2396 3645 2466 3699 de
2505 3643 2938 3715 lilia,compellit
2981 3647 3281 3701 necessitas
3325 3663 3423 3716 ap-

1839 3733 2028 3802 pellari
2067 3755 2079 3787 :
2116 3743 2172 3789 ct
2213 3735 2317 3789 hoc
2362 3734 2584 3804 quidem
2629 3735 2785 3790 valde
2831 3735 3135 3790 secundum
3189 3736 3421 3790 litteram

1840 3823 2164 3888 custoditur,
2193 3832 2495 3880 etcavetur
2515 3825 2830 3896 hujusmodi
2852 3827 3064 3881 incerta
3089 3828 3420 3890 commistio,
3491 3888 3494 3890 γ

1838 3916 2159 3987 generisque
2216 3917 2486 3973 confusio.
2551 3918 2690 3985 Quia
2743 3917 2923 3974 omnis
2976 3921 3187 3989 peccati
3247 3930 3423 3975 mater

1839 3994 2288 4078 concupiscentia
2313 4019 2416 4076 est,
2462 4007 2761 4079 oporteret
2791 4010 2897 4068 hoc
2934 4011 3249 4079 praecaveri,
3280 4020 3339 4066 ut
3377 4014 3422 4066 si

1841 4118 1945 4171 qua
1998 4103 2157 4157 nobis
2217 4103 2428 4172 peccati
2484 4102 2932 4174 concupiscentia
2985 4102 3083 4165 sit,
3137 4119 3310 4173 usque
3353 4105 3422 4159 ad

1840 4194 1983 4247 hanc
2041 4202 2274 4260 stemus,
2304 4202 2361 4248 et
2404 4209 2520 4250 non
2570 4194 2622 4248 ei
2680 4193 3077 4263 conjungamus
3127 4194 3419 4250 actionem.

1839 4284 1944 4353 Qui
1972 4296 2154 4340 autem
2179 4285 2484 4357 conjungit,
2528 4286 2583 4339 in
2623 4286 2746 4357 igne
2773 4285 3150 4364 succenditur,
3181 4301 3288 4340 non
3336 4301 3426 4341 so—

1840 4377 1950 4430 ium
1982 4385 2164 4432 autem
2194 4377 2333 4447 ipse,
2355 4379 2455 4432 sed
2484 4386 2538 4433 et
2566 4376 2901 4434 desiderium
2933 4369 3166 4447 peacati,
3199 4378 3425 4448 insuper

1840 4478 1895 4523 et
1939 4469 2079 4524 actio
2129 4469 2264 4539 ipsa.
2297 4469 2418 4535 Quo
2467 4470 2633 4540 igne?
2679 4470 2894 4542 dequo
2942 4470 3083 4525 dixit
3124 4469 3374 4524 Christus
3409 4489 3422 4522 :

139 4553 274 4608 hac
301 4562 661 4622 exponentes,
693 4569 805 4608 non
845 4555 1023 4610 solum
1055 4557 1230 4627 turpis
1267 4570 1644 4628 cognatorum,
1674 4571 1729 4615 et
1763 4557 1808 4612 D
1842 4557 2024 4627 ignem
2057 4561 2173 4614 veni
2210 4562 2418 4614 mittere
2440 4562 2496 4613 in
2517 4558 2682 4624 terra,
2715 4570 2766 4615 et
2788 4561 2901 4640 volo
2925 4571 2980 4613 ut
3011 4561 3332 4615 accendatur
3353 4561 3421 4626 ⁸³,

140 4644 376 4701 nefariae
422 4645 822 4702 commistionis
877 4648 1274 4704 aversationem
1315 4650 1489 4721 legem
1539 4652 1731 4721 princi-

144 4752 309 4807 pere,
338 4737 441 4792 sed
479 4746 535 4792 et
571 4738 640 4792 de
688 4755 796 4795 non
838 4740 1162 4806 revelandis,
1198 4757 1319 4811 qua:
1356 4744 1731 4812 cognovimus,

143 4844 334 4897 neque
393 4829 742 4886 diﬂamandis
810 4832 1149 4897 carnalium,
1217 4833 1582 4902 spiritalium,
1651 4839 1738 4892 vel

141 4926 513 4988 cognatorum
567 4922 808 4990 peccatis
848 4921 991 4977 dicta
1039 4937 1160 4976 esse
1213 4925 1585 4993 exposuimus.
1637 4926 1737 4981 Hie

143 5018 338 5065 autem
384 5012 550 5077 Deus,
605 5014 651 5065 si
698 5015 995 5078 dormierit,
1047 5014 1256 5069 addidit
1295 5034 1307 5068 :
1344 5017 1496 5070 illum
1545 5020 1735 5088 procul

141 5103 322 5158 dubio
350 5103 626 5159 deducens
657 5106 724 5160 ad
755 5108 1017 5169 medium,
1056 5109 1150 5176 qui
1184 5108 1430 5163 eamdem
1463 5111 1735 5166 actionem

143 5210 401 5265 pravam,
438 5211 599 5265 quam
647 5198 955 5266 proximum
996 5200 1177 5270 egisse
1204 5201 1498 5270 cognovit,
1541 5201 1738 5256 nihilo-

139 5289 338 5344 minus
392 5291 537 5360 agit,
595 5306 695 5345 nec
748 5293 958 5361 peccati
1015 5294 1330 5350 societatem
1388 5295 1737 5360 erubescens,

143 5381 322 5436 etiam
360 5381 442 5436 sic
468 5383 688 5436 exsistit
718 5384 964 5452 proditor
992 5384 1045 5436 in
1073 5400 1182 5453 quo
1215 5393 1272 5438 et
1298 5388 1488 5441 mortis
1520 5403 1737 5456 pomum

141 5471 434 5541 legislator
463 5485 610 5528 reete
640 5474 909 5528 definivit.
947 5473 1094 5529 Bene
1131 5483 1312 5530 autem
1344 5492 1594 5532 novercae
1635 5495 1738 5532 nu-

144 5579 278 5619 rum
317 5565 621 5633 conjunxit,
651 5567 779 5634 quia
829 5567 931 5620 hoc
977 5566 1197 5635 quidem
1246 5567 1302 5620 in
1354 5578 1505 5636 patre
1556 5585 1585 5622 a
1627 5569 1737 5623 ﬁlio

226 5766 271 5796 “
303 5766 511 5820 Coloss.
544 5783 623 5831 ill,
663 5768 743 5822 l9.

869 5769 913 5798 ⁸¹
949 5767 1146 5836 Ephes.
1177 5787 1226 5829 v,
1262 5768 1322 5822 5|
1385 5767 1470 5824 '59.

157 5827 206 5858 ⁸⁸
233 5834 405 5891 chit.
441 5827 650 5902 xuii,“
693 5853 841 5907 seqq.

927 5768 1157 5892 'E‘ilhoetii.
1177 5768 1341 5904 \ii,51‘.
1385 5768 1470 5871 33'.
1497 5768 1732 5909 liplitisili

1843 5810 1854 5826 .
1887 5769 1970 5822 ll.
2073 5768 2138 5798 ⁸³⁸
2176 5768 2191 5821 1
2229 5768 2368 5821 Tim.
2415 5783 2469 5828 ι.
2507 5768 2599 5828 ⁴ΞὶΟ;
2728 5768 2771 5796 ⁸³
2805 5768 2845 5816 ll
2896 5768 3014 5818 Tim

1836 5840 1912 5892 Ιῦ.
1985 5841 2028 5872 ⁸⁸
2060 5839 2191 5893 Luc.
2223 5853 2318 5902 xu,
2383 5838 2458 5892 ιθ.
2538 5838 2581 5869 ⁸⁸
2623 5831 2779 5889 Rom.
2812 5850 2925 5899 \‘lll,
2960 5834 3038 5886 13.

1839 4645 1892 4706 id
1937 4661 2019 4706 est
2054 4652 2584 4716 administrationem
2622 4653 2870 4723 spiritus,
2905 4653 2994 4724 qui
3037 4654 3186 4718 ipsos
3225 4669 3423 4723 pecca-

1841 4753 1985 4798 tores
2015 4745 2083 4798 de
2112 4745 2296 4798 medio
2325 4744 2555 4810 auferet,
2585 4760 2885 4814 eorumque
2919 4753 3162 4816 peccata.
3195 4743 3254 4798 Si
3285 4746 3424 4798 enim

1840 4837 2050 4905 spiritu,
2089 4835 2166 4889 ait
2215 4834 2437 4901 Paulus,
2487 4839 2630 4906 facta
2680 4838 2857 4894 carnis
2908 4837 3252 4905 ntortiﬁcetis,
3281 4839 3424 4890 vive-

1843 4927 1908 4978 tis
1936 4926 1999 4978 ".

1913 5015 2076 5070 Vens.
2111 5017 2197 5085 15,
2235 5018 2319 5072 16.
2357 5037 2374 5069 ‹
2408 5017 2511 5082 Qui
2541 5033 2664 5073 cum
2696 5019 2968 5087 jumento,
3003 5026 3058 5074 et
3093 5035 3293 5089 pecore
3331 5035 3426 5075 ρον

1839 5108 1984 5174 ierit,
2019 5119 2194 5165 morte
2234 5110 2500 5164 moriatur
2536 5127 2548 5162 :
2587 5125 2753 5179 pecus
2780 5125 2997 5179 quoque
3029 5111 3326 5166 occidetur.
3361 5110 3429 5164 Et

1842 5200 2058 5265 mulier,
2087 5216 2206 5269 qua:
2236 5201 2591 5278 succubuerit
2618 5201 2888 5270 jumento,
2929 5203 3093 5259 simul
3129 5203 3427 5258 interficie-

1843 5301 1931 5346 tur
1962 5308 2084 5346 cum
2119 5307 2205 5348 eo.
2243 5271 2476 5362 Sanguis
2505 5307 2695 5346 eorum
2729 5309 2892 5362 super
2917 5309 3033 5348 eos.
3072 5315 3090 5345 ι

1915 5382 2093 5436 Nimia
2134 5389 2324 5437 contra
2364 5381 2621 5451 populum
2669 5381 2983 5436 Judmorum
3015 5383 3288 5455 legislator
3320 5383 3427 5441 uti-

1848 5484 1938 5529 tur
1978 5474 2341 5540 districtione,
2373 5474 2500 5543 quia
2539 5472 2595 5525 in
2626 5480 2836 5526 tantum
2885 5474 3075 5543 iniqui,
3106 5483 3272 5544 atque
3303 5473 3429 5530 libi-

1846 5565 1958 5620 dini
1996 5565 2168 5620 dediti
2195 5573 2370 5631 erant,
2400 5575 2458 5618 ut
2489 5564 2556 5617 ad
2589 5575 2805 5618 exteras
2837 5565 2998 5618 etiam
3031 5563 3428 5632 concupiscen-

2073 5767 2138 5798 σεο
2176 5768 2191 5821 ι
2229 5767 2368 5821 Tim.
2415 5783 2469 5828 ι,
2507 5767 2599 5828 20;
2728 5765 2771 5796 ⁸³
2805 5764 2845 5816 ll
2896 5761 3014 5818 Tim
3060 5781 3108 5816 tv
3147 5803 3160 5828 ,
3201 5762 3258 5814 Η
3284 5804 3295 5824 ,
3351 5760 3410 5816 15
