4158 6450
156 437 291 500 1019

1285 437 1363 494 IN
1415 433 1860 494 LEVITICUM.
1891 456 1953 464 --
1999 433 2142 492 Lill.
2176 433 2272 491 VI.

3278 429 3413 496 1050

153 551 334 604 lentur
361 560 648 620 parentum
673 559 896 619 peccata
928 551 1167 613 silentio,
1198 559 1255 603 et
1283 552 1732 604 tradanturobli-
1762 552 1806 605 Α
1839 548 1971 600 mori
2031 550 2306 618 pr.ecepit,
2349 548 2466 602 sine
2503 548 2627 600 ﬁliis
2658 558 2838 601 autem
2896 547 3015 599 illus
3065 546 3198 601 mori
3256 548 3414 610 dicit,

153 642 319 706 vioni,
349 642 444 697 sed
488 651 542 697 et
570 657 788 704 eorum,
827 643 922 712 qui
959 643 1041 697 eis
1069 643 1259 697 sociati
1295 653 1444 707 sunt,
1495 644 1639 696 unde
1675 651 1730 695 et

150 747 338 786 eorum
371 731 565 788 fratres
592 749 714 788 esse
744 733 1024 788 dicuntur.
1058 733 1335 789 Sileamus
1376 745 1560 788 autem
1603 735 1729 787 illo-

151 838 270 876 rum
303 833 545 892 peccata,
571 825 698 894 quia
729 824 952 880 nudatis
977 825 1106 888 illis,
1151 825 1322 880 latere
1350 841 1450 880 nec
1477 837 1731 896 parentes

149 925 401 982 possunt,
431 917 577 970 unde
605 917 679 971 ait
704 936 717 972 :

221 1008 576 1077 Ignominiam
626 1012 802 1064 carnis
850 1027 960 1064 sua:
994 1011 1233 1064 nudavit.
1279 1010 1380 1076 Qui
1408 1022 1591 1066 autem
1629 1016 1731 1066 hoc

152 1103 382 1166 faciunt,
414 1105 500 1158 cui
533 1121 709 1174 paena:
748 1106 1183 1160 submittuntur?
1213 1107 1518 1162 Portabant
1542 1111 1726 1170 ambo,

154 1193 362 1262 inquit,
419 1195 760 1263 iniquitatem
821 1213 996 1251 suam.
1055 1195 1200 1251 LXX
1257 1208 1440 1252 autem
1498 1201 1724 1261 addunt,

152 1284 264 1335 sine
313 1283 438 1351 filiis
494 1287 800 1341 morientur.
859 1286 997 1352 Quia
1059 1290 1152 1358 qui
1208 1305 1318 1342 non
1367 1290 1599 1343 invicem
1629 1306 1727 1343 sua

153 1375 396 1443 pondera
440 1388 675 1446 portant,
715 1380 811 1433 sed
852 1379 1136 1434 diffamant
1176 1375 1338 1450 atque
1370 1383 1731 1436 disseminant

152 1473 527 1530 cognatorum,
574 1477 684 1520 tam
720 1470 1020 1524 secundum
1063 1487 1284 1524 carnem
1335 1487 1499 1540 quam
1532 1488 1730 1526 secun-

151 1555 282 1609 dum
343 1559 595 1626 spiritum
630 1572 875 1628 peccata,
908 1562 1027 1616 sine
1061 1549 1355 1619 virtutibus
1406 1568 1725 1628 morientur,

151 1663 272 1715 quze
321 1661 403 1703 est
456 1651 686 1718 pessima
743 1654 1026 1707 sterilitas.
1070 1653 1188 1708 Filii
1215 1657 1419 1710 etenim
1462 1675 1563 1711 nos
1595 1669 1732 1712 tem—

152 1756 284 1806 pore
315 1741 504 1808 judicii
554 1760 661 1797 non
727 1746 958 1813 juvant,
1008 1748 1241 1802 virtutes
1289 1761 1471 1802 autem
1511 1752 1725 1817 juvant,

151 1847 381 1897 quarunt
422 1851 584 1889 causa
621 1837 874 1890 videlicet
914 1855 1260 1901 coronamur,
1308 1857 1537 1909 quarunt
1568 1842 1726 1894 steri-

151 1922 303 1977 litate
348 1927 584 1980 animam
645 1941 911 1995 :egrntare
967 1931 1333 1986 miserrimum
1393 1944 1495 1987 est.
1535 1933 1728 1988 Ornari

149 2029 332 2070 autem
371 2021 677 2089 hujnsmodi
729 2026 959 2078 lilint'um
1004 2027 1378 2092 generatione,
1407 2027 1732 2081 beatitudini

148 2119 252 2162 est.
281 2112 348 2166 Et
390 2115 489 2166 hoc
525 2125 612 2167 est
648 2132 771 2168 cum
810 2117 946 2170 Isaia
985 2119 1191 2171 dicere.
1229 2121 1271 2170 Α
1300 2121 1436 2189 facie
1471 2131 1585 2182 tua,
1626 2119 1726 2172 Do-

148 2203 306 2264 mine,
371 2207 717 2271 rourepimns.
761 2219 806 2259 et
849 2211 1001 2277 quasi
1028 2213 1408 2277 parturivimus
1442 2222 1487 2265 et
1522 2217 1730 2281 peperi-

147 2309 262 2344 mus
286 2296 528 2360 spiritum
567 2296 773 2354 salutis,
823 2299 1095 2366 justitiam
1137 2318 1238 2353 non
1273 2303 1491 2370 fecimus
1540 2305 1594 2354 in
1624 2314 1732 2356 ter-

147 2399 206 2434 ra
225 2383 290 2435 °‘.
327 2382 389 2435 Et
427 2385 541 2438 lnee
570 2385 843 2456 intelligis,
874 2399 930 2441 et
964 2405 1084 2458 qua:
1116 2392 1530 2460 subsequuntur
1557 2411 1571 2448 :

221 2474 377 2528 Vens.
409 2476 500 2536 ‘20,
528 2477 615 2529 2].
655 2495 672 2527 ι
713 2478 814 2544 Qui
850 2481 1038 2534 coierit
1067 2497 1189 2534 cum
1217 2500 1385 2538 uxore
1411 2487 1609 2553 patrui,
1643 2489 1730 2541 vel

145 2569 400 2622 avunculi
441 2571 546 2633 sui,
575 2581 627 2623 et
657 2575 982 2629 revelaverit
1008 2576 1359 2646 ignominiam
1391 2581 1732 2650 cognationis

145 2674 293 2723 sua},
347 2663 645 2729 portabunt
708 2667 869 2719 ambo
926 2678 1208 2735 peccatum
1263 2687 1463 2736 suum,
1521 2675 1728 2742 absque

145 2748 331 2804 liberis
378 2753 699 2808 morientur.
751 2755 851 2820 Qui
884 2758 1100 2812 duxerit
1139 2777 1361 2816 uxorem
1394 2763 1586 2818 fratris
1619 2767 1725 2829 sui,

145 2855 261 2894 rem
293 2841 419 2896 lecit
444 2844 710 2910 illicitain,
747 2849 1142 2917 turpitudinem
1191 2851 1372 2906 fratris
1403 2855 1486 2908 sui
1517 2858 1727 2910 revela-

143 2932 240 2995 vit.
266 2935 470 3004 absque
505 2937 628 2991 filiis
657 2950 840 2994 erunt.
889 2961 905 2991 υ

217 3025 472 3082 Ostendit
527 3045 658 3101 ergo
712 3034 989 3103 legislator
1033 3037 1158 3104 quia
1219 3040 1455 3095 maxime
1487 3041 1724 3097 filiorum

144 3132 311 3172 causa
371 3136 402 3174 a
491 3122 754 3179 Creatore
831 3129 1094 3183 societate
1171 3133 1404 3201 percipit
1477 3145 1727 3190 naturam

143 3213 420 3284 conjungi,
472 3231 534 3269 ea
581 3219 781 3288 quippe
811 3238 930 3290 quae
973 3239 1117 3278 nunc
1148 3234 1402 3295 tauquam
1443 3229 1728 3285 abomina-

143 3305 276 3360 bilia
309 3307 714 3380 ineongruaque
767 3316 1063 3382 prohibuit.
1097 3318 1188 3372 Est
1234 3322 1379 3375 enim
1415 3339 1604 3379 revera
1641 3326 1727 3379 in-

143 3413 468 3468 congruum,
511 3411 565 3456 et
615 3405 989 3472 jumentorum
1041 3409 1164 3476 vite
1199 3415 1512 3480 proximum
1543 3422 1728 3470 uxori-

143 3489 248 3542 bus
273 3489 522 3557 fratrum,
545 3505 924 3564 cognatorum,
953 3499 1256 3556 vicinorum
1290 3505 1548 3561 videlicet
1575 3524 1728 3562 com-

143 3581 396 3637 misceri:
432 3595 485 3637 et
513 3585 627 3639 ltzt‘c
659 3587 714 3640 in
747 3588 850 3642 alia
886 3582 1039 3657 parte
1083 3592 1237 3662 legis,
1270 3595 1322 3649 id
1350 3605 1452 3660 est,
1495 3599 1547 3651 in
1589 3599 1728 3654 libro

143 3670 592 3738 Deuteronomii,
655 3691 761 3730 non
820 3679 994 3732 solum
1063 3685 1343 3752 praecepit,
1407 3689 1502 3741 sed
1561 3691 1724 3744 etiam

142 3767 428 3834 compulit,
464 3768 699 3823 dicens:
757 3771 984 3834 Quando
1041 3775 1396 3831 habitaverint
1443 3783 1633 3840 fratres
1655 3785 1725 3836 si-

143 3857 276 3921 mul,
326 3868 374 3911 et
421 3876 552 3913 unus
592 3878 656 3914 ea:
703 3863 778 3916 eis
823 3865 1018 3934 absque
1071 3867 1248 3923 liberis
1278 3881 1513 3925 mortuus
1542 3875 1723 3944 fuerit,

142 3967 280 4004 uxor
306 3953 536 4020 defuncti
563 3969 663 4005 non
685 3955 840 4007 nubet
871 3957 1048 4022 alteri,
1080 3959 1171 4011 sed
1193 3961 1413 4026 accipiet
1460 3981 1593 4017 eam-
1609 3969 1724 4037 fra-

142 4053 225 4094 ter
252 4045 385 4112 ejus,
435 4052 482 4095 et
523 4045 794 4098 suscitabit
843 4063 1015 4101 semen
1067 4050 1250 4119 fratris
1296 4055 1461 4106 sui”.
1527 4058 1593 4110 Et
1643 4059 1724 4114 his

142 4131 366 4185 similia.
397 4132 534 4185 Cum
564 4141 748 4186 autem
792 4133 963 4189 frater
992 4151 1101 4191 non
1136 4139 1324 4204 fuerit,
1351 4153 1448 4196 aut.
1474 4160 1721 4201 avuncu-

142 4224 279 4286 lum,
332 4233 427 4277 aut
477 4239 600 4277 eum
652 4224 888 4294 qualiter
937 4237 1022 4283 est
1065 4244 1130 4283 ex
1167 4233 1338 4300 patris
1367 4238 1718 4306 cwgnatione,

140 4315 345 4370 ducere
371 4317 654 4370 mulierem
677 4316 922 4373 defuncti
948 4321 1067 4376 sine
1088 4323 1212 4378 (iliis
1230 4329 1508 4396 praecepit.
1524 4346 1720 4400 quem-

137 4406 433 4459 admodum
481 4417 534 4460 et
581 4406 722 4461 Β.)οῑ
784 4409 930 4463 Ruth
991 4414 1297 4468 secundum
1325 4417 1498 4487 legem
1520 4435 1720 4490 cogna-

138 4498 309 4551 tionis
356 4499 645 4567 accepit".
692 4500 782 4555 Sic
827 4502 1072 4558 libidinis
1128 4507 1348 4574 quidem
1392 4526 1555 4566 causa
1580 4513 1720 4585 fugit

1835 642 2133 695 secundum
2178 640 2318 694 LXX
2364 642 2631 696 duntaxat
2676 642 3038 709 interpretum
3089 639 3407 700 editionem,

1837 745 1893 789 ut
1934 751 2040 787 non
2096 742 2380 802 reputetur
2413 735 2494 787 eis
2544 733 2779 786 ﬁliorum
2811 730 3109 790 successio.
3146 745 3249 781 nec
3285 729 3410 783 filiis

1833 843 1986 880 suam
2019 827 2327 895 relinquant
2365 826 2759 880 ha:reditatem.
2795 822 2909 877 Iloe
2956 832 3136 876 autem
3172 820 3410 874 ostendit

1832 915 1996 969 etiam
2047 914 2406 983 Symmachus
2451 913 2620 966 edens
2668 911 2904 981 plautius,
2937 909 3032 962 sed
3073 918 3128 961 et
3159 906 3385 960 Theodo

1833 1009 1967 1068 tion,
2003 1006 2095 1074 qui
2124 1021 2222 1073 pro
2245 1019 2310 1057 eo
2335 1003 2480 1073 quod
2507 1002 2714 1056 dictum
2747 1010 2849 1064 est,
2885 999 2996 1052 sine
3025 997 3152 1066 filiis
3179 998 3410 1050 morien-

1833 1109 1938 1160 tur,
1970 1099 2172 1150 —sine
2218 1098 2341 1164 [iliis
2402 1107 2573 1156 eruut,
2638 1102 2868 1161 uterque
2903 1091 3217 1145 ediderunt.
3254 1088 3407 1142 Unde

1832 1200 1888 1246 et
1937 1191 2236 1260 spiritalem
2271 1187 2780 1256 interpretationem
2812 1196 2868 1239 et
2914 1183 3302 1237 resolutionem
3333 1181 3409 1235 si-

1833 1285 2014 1337 milem
2052 1281 2216 1336 habet
2240 1278 2632 1349 superioribus.

1905 1376 2065 1431 Vens.
2099 1375 2189 1429 22.
2230 1394 2247 1424 ι
2285 1372 2568 1426 Custodite
2609 1370 2754 1439 leges
2785 1383 2955 1427 meas,
2988 1375 3150 1435 atque
3179 1365 3404 1434 judicia,

1833 1477 1889 1520 et
1915 1466 2074 1519 facite
2101 1480 2188 1524 ea,
2220 1478 2290 1516 ne
2305 1473 2359 1516 et
2390 1476 2484 1515 vos
2531 1466 2748 1514 evomat
2781 1467 2926 1512 terra
2957 1471 3119 1526 quam
3152 1455 3408 1509 intraturi

1833 1559 1963 1611 estis
1983 1565 2038 1610 et
2069 1553 2322 1608 habituri.
2358 1571 2376 1602 ›

1902 1649 2020 1702 Non
2052 1647 2211 1700 nobis
2268 1644 2466 1698 suﬂicit
2519 1651 2727 1712 partem
2762 1641 3052 1711 quamdam
3087 1656 3412 1694 conservare

1832 1743 1986 1812 legis,
2044 1757 2145 1794 nec
2199 1755 2367 1792 unum
2405 1737 2624 1791 aliudve
2682 1736 2996 1789 mandatum
3023 1734 3088 1788 ad
3115 1735 3412 1787 correctio-

1833 1851 1958 1889 nem
1997 1835 2120 1887 vitee
2153 1845 2431 1901 peragere,
2475 1829 2568 1883 sed
2597 1828 2781 1881 omnia
2808 1835 3079 1896 prmeepta
3118 1836 3174 1878 et
3205 1826 3412 1894 judicia

1787 1902 1804 1951 ⁸
1834 1930 2110 1985 custodire
2137 1941 2361 1980 necesse
2409 1926 2693 1986 habemus,
2738 1935 3078 1991 cpia-cunque
3102 1935 3132 1972 a
3166 1919 3274 1972 Deo
3298 1919 3414 1986 jus-

1836 2034 1928 2073 sus
1976 2017 2252 2087 legislator
2305 2012 2544 2081 scripsit.
2599 2010 2723 2064 llasc
2749 2009 2896 2063 enim
2936 2007 3070 2061 dicit
3116 2017 3410 2076 prmcepta,

1834 2114 1918 2167 vel
1965 2113 2033 2165 de
2082 2111 2281 2180 quibus
2327 2109 2443 2176 ipse
2489 2105 2748 2159 dubitans
2795 2101 3103 2170 inquirebat
3136 2101 3330 2161 Deum.
3362 2109 3416 2155 et

1836 2206 1926 2259 illo
1955 2203 2145 2258 didicit
2178 2201 2482 2270 iudicante,
2517 2197 2659 2252 sicut
2685 2197 2736 2248 in
2771 2194 2913 2246 filios
2940 2192 3258 2247 lsraeiitidis
3289 2209 3414 2246 mn-

1835 2300 2001 2360 lieris,
2052 2296 2146 2366 qui
2197 2297 2413 2349 locutus
2465 2300 2551 2344 est
2585 2286 3015 2358 blasphemiam:
3070 2287 3217 2356 leges
3267 2287 3413 2341 enim

1833 2408 1954 2461 qua:
1994 2392 2066 2444 ita
2117 2391 2340 2459 prolata:
2391 2396 2539 2445 sunt.
2581 2383 2787 2452 judicia
2840 2384 3109 2436 nnninat.
3163 2381 3265 2434 Per
3299 2383 3417 2435 lucc

1834 2493 2011 2536 autem
2078 2493 2240 2536 totam
2293 2482 2434 2535 hanc
2465 2481 2636 2551 legem
2689 2478 2925 2533 breviter
2975 2477 3416 2548 signiﬁcavit.de

1835 2590 1939 2644 qua
1988 2574 2124 2626 nihil
2173 2583 2391 2642 oportet
2436 2571 2761 2641 transgredi,
2806 2581 3009 2624 utnon
3058 2568 3330 2637 ejiciatur,
3361 2568 3413 2622 id

1834 2677 1916 2721 est
1945 2668 2259 2736 projieiatur
2279 2665 2682 2736 praevaricator.
2708 2661 2821 2717 lloe
2852 2671 2944 2716 est
2962 2662 3110 2715 enim
3135 2677 3411 2721 evomere.

1833 2757 1977 2825 quod
2027 2765 2082 2808 et
2104 2754 2489 2825 Symmachus,
2524 2751 2779 2805 similiter
2808 2758 2864 2804 et
2906 2749 3248 2804 Theodotion
3275 2748 3416 2816 abji-

1831 2864 1958 2902 eere
1993 2849 2183 2902 edidit.
2219 2846 2408 2902 Evomi
2456 2855 2662 2910 autem,
2708 2844 2887 2898 unde?
2933 2841 3007 2896 De
3043 2851 3186 2897 terra
3221 2842 3415 2896 videli-

1833 2952 1939 3003 cet,
1970 2943 2021 2994 in
2053 2958 2158 3011 qua
2189 2957 2289 2996 nos
2351 2944 2494 2995 Deus
2529 2939 2801 2993 introduci
2837 2935 3108 3007 promittit
3135 2955 3148 2989 :
3201 2950 3323 3004 qua:
3349 2935 3421 2988 sit

1831 3045 2013 3090 autem
2045 3036 2179 3101 hinc,
2220 3050 2285 3088 ex
2333 3032 2791 3101 subsequentibus
2824 3029 2994 3083 disce.

1905 3131 2069 3184 Vens.
2101 3131 2190 3194 25,
2230 3129 2319 3182 ‘24.
2362 3147 2379 3179 ‹
2418 3125 2594 3181 Nolite
2648 3125 2929 3180 ambulare
2962 3124 3015 3178 in
3042 3121 3420 3192 legitimisna-

1837 3225 2067 3284 tionum,
2095 3237 2230 3292 quas
2261 3237 2360 3291 ego
2388 3219 2720 3289 expulsurus
2751 3235 2871 3272 sum
2902 3227 3031 3270 ante
3074 3230 3190 3269 vos.
3223 3214 3418 3268 Omnia

1837 3309 1982 3369 enim
2041 3315 2156 3369 haec
2193 3314 2442 3367 fecerunt
2471 3322 2526 3366 et
2553 3312 2901 3365 abominatus
2933 3325 3056 3362 sum
3089 3323 3205 3362 eos.
3249 3304 3416 3361 Vobis

1837 3409 1983 3463 enim
2013 3408 2225 3476 loquor,
2258 3405 2532 3475 possidete
2582 3417 2781 3459 terram
2813 3419 3023 3466 eorum,
3072 3418 3233 3472 quam
3277 3402 3420 3456 dabo

1836 3501 1991 3554 vobis
2042 3500 2096 3552 in
2132 3499 2545 3553 hereditatem:
2601 3506 2799 3550 terram
2849 3496 3110 3549 fluentem
3167 3495 3305 3549 laete
3363 3503 3418 3548 et

1837 3592 2017 3646 melle.
2057 3592 2167 3662 Ego
2201 3590 2460 3645 Dominus
2486 3588 2629 3644 Deus
2655 3598 2857 3652 vester,
2901 3588 2991 3657 qui
3030 3587 3277 3657 separavi
3323 3602 3419 3641 vos

1835 3702 1863 3739 a
1898 3686 2110 3740 ereteris
2136 3685 2374 3754 populis.
2418 3704 2435 3733 ι

1903 3777 2026 3830 Non
2083 3777 2258 3830 solum
2320 3775 2385 3828 ad
2414 3773 2632 3828 Judzeos
2689 3772 2806 3825 [nec
2840 3771 2986 3825 dicta
3038 3778 3168 3824 sunt
3228 3769 3319 3838 qui
3352 3768 3421 3822 ab

1835 3867 2090 3921 omnibus
2124 3866 2377 3937 gentibus
2407 3873 2626 3934 propter
2657 3861 3137 3932 circumcisionem
3164 3871 3220 3914 et
3251 3859 3414 3929 Moysi

1834 3959 2007 4030 legem
2040 3967 2324 4026 separatos
2362 3972 2420 4010 se
2449 3971 2571 4010 esse
2624 3954 2879 4019 credunt,
2919 3952 3011 4005 sed
3042 3959 3098 4004 et
3131 3951 3197 4005 ad
3226 3965 3418 4004 omnes

1832 4055 1924 4122 qui
1964 4052 2234 4106 accedunt
2268 4049 2474 4104 servire
2505 4049 2613 4102 Deo
2641 4065 2654 4101 :
2683 4047 2783 4101 hos
2818 4045 2967 4098 enim
2995 4043 3275 4097 ambulare
3304 4059 3419 4109 ma-

1831 4146 1975 4200 xime
2005 4144 2057 4197 in
2091 4142 2335 4214 gentium
2364 4140 2604 4210 legitima
2635 4155 2743 4192 non
2769 4138 2894 4192 licet
2927 4155 2941 4190 :
2970 4137 3213 4207 gentium
3238 4144 3417 4187 autem

1830 4239 1950 4292 sine
1982 4237 2288 4296 nationum,
2316 4232 2590 4303 quarum?
2619 4230 2765 4296 Quas
2785 4244 2889 4300 ego
2919 4227 3248 4298 expulsurus
3276 4241 3419 4289 sum,

1829 4329 1927 4393 ait,
1974 4335 2100 4380 ante
2139 4341 2274 4379 vos:
2307 4322 2451 4392 quod
2481 4322 2664 4376 caeteri
2706 4322 3068 4387 interpretum
3099 4317 3418 4380 ediderunt,

1829 4434 1958 4488 quas
1985 4415 2139 4485 ejicio
2169 4430 2260 4484 ego
2288 4431 2320 4466 a
2347 4413 2483 4483 facie
2536 4420 2729 4464 vestra.
2763 4406 2905 4463 LXX
2951 4416 3155 4472 autem,
3191 4424 3223 4459 a
3256 4406 3418 4466 vobis.

1827 4509 1883 4568 id
1911 4517 1995 4561 est
2022 4507 2308 4562 daemonia.
2346 4503 2470 4557 Ilaec
2499 4503 2646 4556 enim
2681 4516 2710 4554 a
2754 4500 2892 4554 facie
2919 4499 3158 4552 fidelium
3213 4497 3423 4566 expulit

137 4598 495 4656 cognatorum
537 4591 1000 4655 commistionem,
1053 4597 1482 4669 societatemque
1528 4606 1711 4673 prohi—
1757 4599 2160 4679 Ddominantia
2213 4598 2316 4661 eis,
2367 4596 2520 4665 prius
2549 4611 2675 4647 cum
2724 4595 2776 4647 in
2817 4594 3100 4660 impietate
3147 4592 3418 4659 persiste-

136 4679 253 4733 bet.
301 4679 528 4743 Quando
571 4690 754 4734 autem
803 4698 994 4739 rursus
1026 4696 1242 4754 oportet
1271 4691 1720 4752 tribulationibus

136 4771 426 4825 sublevare
455 4773 541 4826 vel
573 4774 808 4838 casibus,
845 4778 1105 4846 pracepit
1149 4789 1204 4833 et
1236 4781 1354 4835 vult
1380 4799 1393 4835 :
1419 4792 1473 4837 et
1499 4788 1721 4856 nuptias

135 4875 250 4912 non
299 4860 353 4913 in
406 4861 707 4929 pollutione
749 4865 1140 4933 corruptionis,
1186 4868 1284 4921 sed
1308 4870 1376 4923 ad
1409 4876 1721 4930 successio-

136 4966 267 5004 nem
317 4953 532 5021 generis
570 4953 889 5009 hominibus
917 4960 1196 5028 praseepit,
1234 4972 1460 5032 propter
1485 4969 1630 5036 quod
1663 4979 1718 5024 et

135 5057 266 5096 eum
293 5045 386 5112 qui
414 5044 492 5098 sic
521 5045 803 5112 miscetur,
828 5047 946 5102 sine
975 5041 1100 5103 filiis
1130 5054 1270 5106 mori
1305 5059 1604 5127 pracepit;
1647 5062 1721 5115 ait

136 5133 308 5198 enim,
333 5141 526 5205 absque
548 5137 675 5202 ﬁliis
712 5149 865 5192 erant
896 5157 914 5192 :
939 5142 1066 5210 quia
1109 5143 1346 5201 ﬁliorum
1380 5153 1720 5218 procreatio-

135 5223 228 5276 nis
261 5224 452 5293 legem,
509 5228 649 5281 male
696 5228 918 5294 utendo,
950 5232 1257 5289 confundit.
1291 5235 1431 5303 Quid
1477 5257 1607 5311 ergo
1637 5252 1722 5297 est

136 5318 280 5370 mori
306 5319 424 5372 sine
448 5320 616 5373 filiis?
649 5337 751 5376 voc
779 5323 924 5376 enim
947 5325 1050 5379 hac
1073 5326 1190 5397 lege
1208 5344 1454 5398 quaerere
1485 5337 1720 5391 maxime

136 5411 512 5465 necessarium
554 5423 659 5477 est,
709 5424 891 5471 utrum
930 5416 1069 5473 ﬁlios
1113 5435 1302 5476 eorum
1329 5426 1419 5493 qui
1454 5429 1718 5484 uxoribus

136 5501 368 5557 fratrum
396 5505 899 5577 avunculorumque
944 5523 1272 5580 nupserunt,
1309 5515 1549 5571 interimi
1578 5535 1716 5588 prie-

133 5596 369 5662 ceperit,
417 5606 473 5651 et
507 5600 780 5666 quomodo
810 5602 917 5655 ait:
956 5602 1074 5656 Non
1104 5609 1392 5660 morientur
1421 5621 1597 5678 patres
1623 5629 1716 5679 pro

136 5684 286 5772 filiis,
317 5703 409 5741 nec
450 5688 551 5757 ﬁlii
602 5707 696 5757 pro
739 5693 979 5759 patribus
1002 5694 1086 5747 ’7?
1139 5694 1244 5751 Sed
1279 5699 1589 5754 nullatenus
1621 5719 1716 5756 eos

211 5888 381 5948 ."lsa.
407 5906 549 5958 xxvr,
581 5891 666 5947 l8.
746 5894 790 5924 9"
814 5894 972 5950 Deut.
998 5913 1120 5961 xxv,
1160 5901 1209 5952 ἰ).

1288 5902 1330 5932 9"
1361 5901 1524 5956 liuth.
1562 5920 1642 5967 ιιι,
1687 5905 1704 5956 1
1749 5921 1897 5973 seqq.

1825 4701 1969 4754 rent,
2019 4698 2073 4745 et
2105 4703 2206 4742 nec
2248 4703 2390 4741 unus
2429 4686 2547 4748 uni,
2600 4683 2697 4737 sed
2732 4684 2887 4737 multi
2925 4682 3019 4736 uni
3059 4681 3422 4736 dominaban-

1826 4792 1936 4836 tur.
1975 4781 2131 4847 Quod
2163 4780 2360 4850 probat
2408 4777 2574 4832 Maria
2609 4776 2948 4847 Magdalene,
2982 4775 3051 4829 de
3077 4790 3183 4844 qua
3211 4783 3422 4842 septem

1826 4875 1987 4944 ejecit
2030 4872 2320 4934 daemonia,
2356 4880 2412 4926 et
2444 4872 2536 4940 qui
2575 4871 2795 4924 vinctus
2832 4879 2951 4923 erat
2991 4870 3237 4931 catenis;
3284 4866 3421 4921 dicit

1827 4965 1972 5020 enim
2003 4965 2052 5018 ei
2079 4984 2094 5020 :
2126 4964 2284 5033 Legio
2315 4979 2507 5017 nomen
2533 4971 2606 5016 est
2642 4963 2787 5024 milii,
2810 4962 2949 5030 .quia
2981 4960 3136 5013 multi
3163 4958 3417 5012 sumus".

1828 5060 1953 5114 Haec
2001 5073 2131 5126 ergo
2192 5073 2316 5126 qua:
2366 5057 2453 5111 lex
2499 5055 2800 5125 prohibuit.
2850 5055 2920 5107 ab
2970 5053 3092 5106 aliis
3131 5052 3422 5106 commissa

1827 5158 1975 5210 sunt,
2021 5159 2115 5203 aut
2156 5147 2258 5217 ipsi
2291 5163 2386 5218 per
2421 5163 2479 5200 se
2518 5147 2830 5217 agentibus,
2867 5153 2961 5199 aut
3009 5144 3061 5197 in
3100 5142 3418 5196 hominibus

1826 5241 2222 5311 operantibus:
2289 5247 2512 5308 prepter
2562 5254 2702 5308 quos
2757 5254 2852 5292 eos
2902 5237 3046 5290 Deus
3077 5235 3423 5289 abominatus

1824 5342 1930 5399 est,
1985 5344 2040 5388 et
2101 5348 2204 5388 nos
2257 5335 2310 5385 in
2365 5333 2740 5386 [nereditatem
2788 5331 3006 5385 illorum
3040 5329 3340 5382 introduxit
3366 5328 3420 5380 in

1827 5435 2030 5479 terram
2083 5424 2343 5478 ﬂuentem
2375 5424 2458 5478 lac
2490 5433 2546 5477 et
2579 5426 2706 5477 mel.
2739 5422 2856 5475 Non
2899 5421 3058 5484 dixit,
3101 5421 3418 5483 habentem,

1827 5528 1885 5572 ut
1916 5519 1982 5571 de
2016 5518 2118 5571 hac
2147 5516 2394 5571 sensibili
2433 5527 2576 5570 terra
2608 5515 2868 5584 accipias,
2901 5514 3045 5583 quod
3075 5513 3284 5567 dictum
3312 5521 3419 5577 est,

1824 5611 1920 5664 sed
1962 5611 2231 5676 ﬂuentem.
2285 5608 2418 5674 Qua:
2451 5619 2536 5663 est
2582 5619 2762 5662 autem
2799 5619 2942 5662 terra
2971 5621 3093 5676 quae
3120 5604 3202 5658 lac
3228 5614 3284 5659 et
3310 5610 3417 5662 mel

1825 5701 1992 5755 ﬂuat?
2052 5701 2283 5756 Delicias
2345 5702 2508 5774 igitur
2536 5702 2668 5756 dicit
2719 5702 2886 5755 futuri
2923 5702 3128 5770 s:eeuli,
3165 5715 3219 5762 et
3267 5705 3408 5758 bona

1979 5904 2020 5932 ’7
2057 5905 2210 5958 Deut.
2246 5921 2389 5970 xxnv,
2433 5903 2512 5959 l6.
2592 5905 2635 5936 9‘
2672 5903 2832 5959 Marc.
2867 5921 2916 5969 v,
2945 5911 2994 5957 εἰ
