4158 6450
724 379 855 446 1051

1909 375 2270 435 IIESYCIJII
2312 374 2459 433 PRE
2471 371 2789 431 SBYTERI

3859 362 4011 429 1059

714 508 834 567 qua:
884 494 1044 550 nobis
1089 494 1230 550 Deus
1280 504 1401 565 post
1443 494 1900 549 resurrectionem
1950 505 2292 548 mortuorum
2330 500 2367 553 Α
2398 500 2623 547 scuntm-
2666 491 2997 555 actionibus,
3034 488 3135 543 etsi
3169 487 3412 543 ﬁdelium
3469 483 3681 558 ﬁngant
3711 486 4008 547 habitum,

716 593 914 655 donat;
983 605 1102 658 qum
1157 588 1239 641 lac
1300 596 1353 641 et
1393 589 1497 641 mel
1548 587 1860 657 appellavit,
1892 589 2019 655 quia
2051 602 2117 641 eo
2159 587 2293 640 nihil

715 690 797 736 est
828 683 1047 736 suavius
1079 681 1131 733 in
1161 681 1245 735 his
1266 681 1465 750 quibus
1495 696 1641 733 nunc
1666 683 1870 734 utimur
1925 680 2083 745 cibis,
2118 695 2294 748 neque

715 775 949 827 dulcius.
1001 772 1108 828 Sed
1138 783 1194 829 et
1227 774 1344 828 sine
1375 773 1560 827 labore
1610 789 1821 836 eorum,
1871 773 2027 827 cibus
2056 783 2139 826 est
2176 773 2296 827 nul-

716 868 820 918 lius
848 866 1184 934 operationis
1214 866 1297 918 vel
1328 867 1743 935 prmparationis
1771 880 1936 935 egens
1962 884 1974 918 :
2009 864 2118 918 illic
2149 866 2293 919 enim

715 958 857 1011 bona
888 957 1065 1011 futura
1095 958 1276 1011 s:cculi
1326 958 1443 1011 sine
1482 958 1665 1012 labore
1695 967 1857 1011 erunt
1884 957 2065 1024 aliquo
2090 958 2174 1009 vel
2205 957 2299 1010 do-

715 1050 850 1113 lore,
891 1050 1091 1104 nullius
1123 1050 1310 1114 studii,
1361 1051 1566 1103 nullius
1593 1061 1913 1119 apparatus,
1943 1050 2146 1105 nullius
2173 1064 2297 1118 0pc-

717 1143 944 1196 rationis
978 1144 1214 1212 egentia.
1250 1144 1318 1197 Et
1354 1143 1475 1212 quis
1504 1143 1665 1197 nobis
1693 1143 1809 1197 hinc
1843 1143 1957 1207 det,
1993 1152 2183 1213 aperte
2218 1157 2298 1195 se-

716 1233 935 1301 quentia
963 1234 1127 1288 verba
1158 1234 1483 1304 legislatoris
1512 1234 1829 1289 ostendunt.

786 1325 898 1395 Ego
933 1326 1189 1379 Dominus
1230 1327 1365 1380 Deus
1401 1338 1582 1389 vester,
1618 1328 1705 1396 qui
1746 1326 1988 1395 separavi
2028 1341 2115 1378 vos
2140 1341 2172 1377 a
2200 1340 2300 1377 car-

716 1418 841 1469 tcris
872 1418 1095 1485 populis.
1130 1418 1242 1471 lloe
1281 1427 1461 1471 autem
1498 1416 1753 1472 Christus
1803 1417 1969 1471 fecit:
2003 1418 2119 1485 ipse
2150 1415 2298 1468 enim

718 1508 770 1559 in
817 1506 1126 1577 Evangeliis
1166 1510 1234 1562 ab
1274 1509 1532 1562 omnibus
1580 1510 1833 1578 gentibus
1860 1525 1969 1563 non
2004 1508 2179 1561 solum
2212 1508 2298 1560 in-

717 1598 1109 1668 tclligibilibus.
1165 1600 1261 1653 sed
1311 1600 1684 1662 sensibilibus,
1752 1599 2039 1669 distinguit
2082 1613 2179 1651 eos
2207 1598 2296 1666 qui

717 1690 769 1741 in
807 1706 930 1743 eum
986 1691 1248 1756 credunt;
1293 1693 1368 1744 ait
1412 1691 1554 1744 enim
1586 1710 1597 1745 :
1632 1690 1711 1744 Ne
1744 1692 1998 1760 cogitetis,
2034 1692 2297 1743 (licentes:

718 1781 855 1844 Quid
877 1784 1256 1837 comedemus?
1304 1796 1394 1837 aut
1431 1787 1558 1854 quid
1594 1786 1887 1855 bibemus?
1939 1794 2032 1836 aut
2074 1800 2175 1852 quo
2203 1800 2301 1835 ve-

715 1873 975 1926 stiemur?
1019 1874 1128 1928 lucc
1154 1884 1330 1927 autem
1354 1875 1531 1928 omnia
1569 1886 1743 1944 gentes
1769 1876 2036 1945 inquirunt
2057 1876 2123 1927 η.
2156 1874 2295 1944 Ergo
2332 1857 2369 1911 θ

717 1974 902 2031 aperte
934 1980 1034 2018 nos
1083 1976 1366 2033 separatos
1411 1982 1532 2020 esse
1568 1984 1597 2018 a
1643 1968 1900 2036 gentibus
1938 1968 2074 2029 vult,
2128 1968 2298 2021 subli-

717 2058 943 2111 miorem
974 2059 1236 2111 sectanda
1261 2060 1753 2113 conversationem.

788 2148 956 2204 Vnus.
987 2150 1077 2214 25,
1111 2152 1200 2203 ‘26.
1241 2171 1255 2201 ι
1296 2152 1556 2220 Separate
1592 2168 1722 2223 ergo
1757 2163 1812 2205 et.
1856 2169 1949 2207 vos
1993 2155 2297 2221 iumentum

718 2241 982 2296 mtmdum
1011 2243 1078 2294 ab
1119 2243 1424 2306 immundo,
1457 2260 1609 2297 avem
1665 2245 1923 2298 mundam
1960 2248 2026 2297 ab
2058 2246 2300 2298 immun-

717 2332 804 2386 da.
850 2331 927 2386 Ne
978 2334 1232 2401 polluatis
1281 2335 1491 2388 animus
1536 2344 1748 2390 vestras
1789 2338 1839 2389 in
1886 2352 2103 2404 perure,
2158 2346 2213 2389 et
2248 2336 2301 2389 in

718 2425 932 2488 avibus,
978 2434 1034 2479 et
1081 2426 1293 2479 eunetis
1343 2442 1463 2495 qua:
1493 2436 1783 2481 moventur
1820 2428 1871 2480 in
1901 2438 2064 2491 terra,
2096 2438 2147 2481 et
2181 2442 2301 2497 qua:

719 2517 872 2570 vobis
897 2517 1108 2571 ostendi
1140 2533 1261 2572 esse
1294 2520 1520 2587 polluta.
1568 2519 1731 2574 Erilis
1777 2520 1947 2575 sancti
1987 2522 2144 2583 mihi,
2176 2522 2300 2591 quia

719 2617 941 2664 sanctus
984 2625 1103 2663 sum
1138 2624 1237 2678 ego
1268 2608 1530 2665 Dominus
1573 2619 1627 2664 et
1662 2611 1909 2678 separavi
1945 2626 2039 2664 vos
2068 2625 2097 2662 a
2131 2626 2303 2679 popu-

720 2700 806 2762 lis,
842 2707 902 2751 ut
933 2699 1129 2752 essetis
1155 2700 1284 2752 mei.
1326 2719 1343 2749 ι

787 2792 1065 2855 Jumenta,
1118 2792 1231 2845 sive
1282 2806 1499 2861 pecora,
1542 2793 1670 2862 quia
1710 2793 2000 2861 populares
2052 2794 2303 2847 homines

721 2884 986 2952 intelligat
1013 2884 1129 2948 lex;
1183 2885 1420 2938 volatilia
1465 2894 1645 2939 autem
1692 2886 2177 2953 contemplatores,
2210 2887 2304 2954 qui

720 2977 787 3029 ad
815 2977 1205 3030 sublimitatem
1234 2986 1431 3032 vacant
1476 2978 1741 3041 scientia),
1769 2986 1957 3047 aperte
1984 2994 2011 3030 a
2042 2978 2221 3041 nobis,
2250 2987 2305 3032 et

723 3085 845 3122 cum
876 3070 1077 3137 quibus
1112 3071 1400 3139 oportebat
1425 3069 1830 3139 Scripturarum
1864 3072 2302 3140 probationibus,

720 3149 999 3215 ostensum
1023 3170 1124 3225 est,
1157 3164 1283 3216 cu'm
1317 3162 1383 3216 de
1416 3162 1697 3215 sacriﬁciis
1728 3171 1784 3216 et
1827 3163 1963 3218 cibis
2006 3164 2309 3233 quadrupe-

722 3252 852 3307 dum
901 3253 1312 3323 volatiliumque
1339 3254 1669 3315 diceremus,
1705 3256 1828 3323 quia
1869 3256 2049 3309 omnis
2078 3256 2304 3324 popula-

724 3347 797 3400 ris
836 3347 1074 3400 mundus
1116 3358 1340 3416 pr0pter
1382 3347 1788 3416 simplicitatem
1822 3366 1852 3402 a
1884 3350 2133 3419 pluribus
2157 3350 2307 3417 judi-

723 3449 899 3501 catur,
922 3440 1281 3509 similiterque
1310 3448 1366 3492 et
1397 3440 1487 3509 qui
1517 3441 1584 3495 ad
1616 3441 1898 3495 scientiam
1943 3442 2179 3495 divinam
2219 3457 2308 3494 se-

726 3530 989 3599 mctipsos
1048 3531 1261 3585 tradere
1311 3542 1473 3601 atque
1525 3548 1791 3601 occupare
1830 3534 2106 3587 videntur.
2150 3533 2307 3598 Quod

730 3640 838 3681 non
893 3625 965 3677 ita
1015 3639 1073 3679 se
1105 3625 1319 3680 habet:
1370 3636 1590 3696 oportet
1635 3630 1781 3682 cn'm
1819 3628 2137 3698 popularem
2185 3645 2311 3698 pru-

726 3718 943 3772 dentem
977 3733 1097 3771 esse
1128 3718 1180 3770 in
1216 3719 1388 3783 bono;
1421 3720 1472 3773 in
1503 3719 1645 3773 malo
1680 3730 1882 3785 autem,
1907 3721 2048 3775 sicut
2080 3721 2155 3774 ait
2182 3720 2312 3773 Pau-

730 3809 867 3873 lus’,
927 3809 1249 3878 simplicem.
1296 3810 1391 3864 llic
1420 3810 1565 3866 enim
1598 3812 1690 3881 qui
1729 3813 1851 3866 talis
1904 3821 2020 3877 est,
2071 3814 2311 3868 mundus

729 3908 841 3964 est;
893 3901 984 3969 qui
1026 3910 1207 3954 autem
1254 3901 1376 3955 talis
1416 3917 1524 3956 non
1561 3913 1665 3967 est,
1704 3903 2021 3957 immundus
2052 3913 2158 3958 est.
2205 3901 2311 3957 Sed

729 4002 783 4044 ct
838 3992 928 4060 qui
975 3992 1415 4061 contemplandis
1475 3993 1674 4047 divinis
1722 4003 1899 4057 vacat,
1938 3996 2311 4048 necessarium

732 4086 1184 4141 habet'mundum
1234 4103 1348 4151 cor,
1398 4088 1766 4157 mundumque
1794 4087 2215 4150 conscientiam,
2260 4095 2314 4141 et

731 4177 890 4230 tidem
921 4191 1031 4229 non
1079 4179 1282 4229 ﬁctam.
1331 4175 1433 4241 Qui
1475 4187 1657 4231 autem
1698 4176 1817 4230 huc
1860 4192 1968 4230 non
2000 4177 2224 4237 habent,
2258 4175 2313 4229 in

729 4266 1038 4335 vaniloquia
1086 4274 1505 4329 convertuntur,
1548 4282 1649 4319 non
1680 4265 2031 4333 intelligentes
2066 4282 2229 4335 neque
2252 4266 2315 4318 de

730 4358 916 4425 quibus
979 4357 1283 4427 loquuntur,
1335 4373 1500 4428 neque
1526 4358 1590 4410 tle
1624 4358 1811 4427 quibus
1857 4358 2145 4427 afﬁrmant,
2175 4357 2312 4412 sicut

731 4446 797 4499 ad
827 4444 1175 4500 Timotheum
1218 4448 1480 4516 scriptum
1514 4450 1657 4501 est’.
1714 4448 2029 4503 Necessaria
2071 4464 2214 4519 ,ergo
2261 4456 2317 4501 et

2399 595 2457 639 ut
2504 585 2769 638 innnuudi
2834 582 3070 653 separati
3122 590 3367 646 sunt,et
3405 583 3548 637 inter
3592 581 3889 636 immunda
3919 582 4010 634 di-

2396 679 2583 732 stincti
2617 688 2766 741 sunt,
2799 693 2829 731 a
2857 692 3092 747 quorum
3121 691 3223 730 nos
3255 674 3577 731 omnimodo
3622 675 3790 729 malis
3823 674 4009 728 absti-

2396 784 2528 824 nere
2560 768 2834 824 desiderat
2884 777 3112 837 propter
3135 767 3281 837 quod
3307 765 3516 821 addidit
3540 784 3552 819 :

2468 862 2632 916 Erilis
2655 861 2824 913 sancti
2847 859 2993 922 mihi,
3028 860 3151 926 quia
3185 875 3278 928 ego
3307 867 3521 912 sanctus
3550 874 3669 912 sum
3705 856 4005 910 Dominus.

2397 952 2499 1019 Qui
2552 952 2723 1006 forma
2759 950 2912 1005 vobis
2936 950 3374 1005 conversationis
3429 949 3663 1004 ell'eetus
3720 964 3882 1012 sum,
3915 964 4006 1016 qui

2402 1054 2615 1099 tantum
2658 1051 2940 1097 aversatus
2990 1057 3111 1096 sum
3169 1051 3410 1103 terrena,
3454 1051 3515 1094 ut
3571 1056 3679 1095 nec
3727 1041 4008 1094 baberent

2398 1154 2506 1208 quo
2555 1138 2878 1192 reclinarem
2920 1146 3106 1206 caput,
3161 1136 3257 1205 qui
3313 1136 3477 1190 etiam
3520 1136 3663 1189 meis
3699 1133 4011 1202 discipulis

2400 1228 2689 1283 mandavi:
2745 1226 2863 1279 Non
2907 1227 3222 1295 possideatis
3253 1243 3448 1280 aurum
3482 1242 3647 1293 neque
3679 1236 4008 1292 argentum,

2401 1339 2562 1391 neque
2584 1338 2654 1376 (cs
2680 1323 2734 1375 in
2757 1321 2901 1374 zonis
2928 1322 3131 1385 vestris,
3166 1338 3269 1374 non
3300 1337 3483 1390 peram
3508 1322 3562 1374 in
3593 1323 3703 1383 via,
3741 1338 3844 1373 nec
3871 1322 4013 1373 duas

2402 1415 2623 1477 tunicas,
2655 1429 2817 1483 neque
2846 1413 3226 1477 calceamenta,
3271 1429 3438 1483 neque
3457 1415 3660 1484 virgam
3677 1413 3722 1465 ³.
3764 1413 3828 1466 In
3885 1423 4015 1467 tau-

2402 1518 2514 1561 tum
2538 1521 2666 1576 ergo
2694 1522 2881 1560 eorum
2921 1520 3043 1575 quae
3073 1506 3131 1559 in
3172 1515 3319 1560 terra
3350 1515 3570 1577 repunt,
3608 1506 3756 1561 nihil
3782 1522 3892 1561 eos
3926 1520 4016 1558 sa-

2402 1616 2531 1669 pere
2559 1609 2651 1654 aut
2677 1615 2837 1669 agere
2862 1601 3062 1654 studet.

2475 1692 2634 1746 Vens.
2667 1691 2757 1745 27.
2807 1710 2825 1741 ‹
2874 1690 2989 1753 Vir,
3038 1691 3156 1745 sive
3203 1692 3420 1753 mulier,
3465 1691 3520 1744 in
3553 1690 3764 1759 quibus
3797 1690 4016 1758 Pytho-

2403 1784 2577 1849 nicus,
2612 1786 2695 1838 vel
2745 1784 3096 1838 divinationis
3138 1783 3307 1837 fuerit
3355 1783 3604 1852 Spiritus,
3657 1791 3849 1836 morte
3895 1798 4015 1835 mo-

2402 1876 2629 1940 riantur,
2677 1875 2947 1945 lapidibus
2991 1875 3229 1929 obruent
3257 1889 3373 1928 eos.
3410 1872 3645 1942 Sanguis
3693 1887 3901 1925 eorum
3948 1872 4013 1924 sit

2404 1983 2567 2034 super
2594 1968 2732 2020 illos.
2777 1986 2795 2019 ι

2475 2060 2587 2114 Hoc
2624 2060 2797 2129 ipsum
2831 2059 3190 2130 Pythonicum
3230 2072 3373 2121 esse,
3406 2057 3489 2111 vel
3541 2056 3825 2117 divinum,
3865 2056 4011 2109 sive.

2404 2162 2463 2205 ut
2489 2151 2653 2215 LXX,
2706 2153 3112 2214 incantatorem,
3159 2150 3341 2203 nimia:
3398 2148 3707 2217 iniquitatis
3747 2157 3880 2200 est:
3920 2145 4014 2213 qui

2404 2246 2548 2299 enim
2588 2246 2709 2298 talis
2735 2254 2840 2309 est,
2873 2253 2929 2298 et
2958 2244 3075 2314 ipse
3109 2251 3408 2313 corruptus
3453 2250 3560 2303 est,
3593 2250 3647 2294 et
3679 2240 3828 2293 alios
3877 2254 4013 2307 pru-

2405 2336 2489 2389 cul
2514 2336 2681 2389 dubio
2725 2336 2778 2389 in
2827 2352 2924 2390 sua
2965 2335 3253 2404 iniquitate
3282 2333 3603 2402 corrumpit.
3655 2331 3823 2386 Unde
3869 2346 4013 2399 prm-

2404 2427 2546 2495 cepit
2574 2427 2845 2495 lapidibus
2888 2442 3014 2480 eum
3040 2427 3222 2489 obrui,
3255 2426 3383 2495 quia
3420 2440 3522 2478 nec
3563 2424 3839 2477 sensibile
3875 2422 4015 2491 quid

2405 2510 2638 2593 agimus,
2685 2523 2777 2575 sed
2816 2521 3032 2575 fabulas
3063 2521 3130 2575 de
3163 2520 3351 2583 corde,
3398 2518 3564 2572 veluti
3602 2516 3928 2586 superﬂuos
3961 2526 4023 2567 ct

2406 2619 2574 2667 vanos
2626 2628 2928 2673 sermones.
2985 2614 3070 2667 vel
3126 2614 3374 2683 quaidam
3441 2611 3599 2679 quasi
3658 2610 4014 2663 incantantia

2407 2708 2800 2771 blandimenta,
2851 2705 3172 2775 incongruis
3219 2705 3591 2761 doctrinarum
3645 2703 4017 2757 sermonibus

2408 2798 2713 2861 studemus,
2762 2806 2821 2851 ut
2853 2798 3218 2867 pepularium,
3252 2796 3366 2850 sive
3397 2795 3735 2865 simplicium
3770 2796 4014 2848 scduca-

2408 2906 2530 2944 mus
2552 2892 2791 2953 auditus,
2842 2893 2909 2945 ad
2945 2892 3267 2946 nutriendos
3301 2900 3524 2945 ventres
3565 2898 3814 2952 nostros,
3847 2899 4016 2957 atque

2408 2983 2627 3052 explere
2659 2993 2876 3038 nostras
2923 2985 3232 3054 voluptates
3265 2985 3401 3039 alias
3432 2985 3631 3039 talibus
3674 2985 4016 3054 exquisiti)-

2409 3076 2571 3130 nibus
2600 3077 2903 3145 cupientes.
2940 3078 3142 3147 Aperte
3190 3078 3338 3132 enim
3374 3077 3745 3147 intelligibiles
3800 3076 4017 3146 Pytho-

2411 3168 2565 3221 nicos
2619 3178 2674 3223 et
2733 3184 2933 3237 pravos
2989 3169 3359 3224 incantatores
3416 3167 3682 3223 Romanis
3751 3169 4013 3223 scribens

2409 3260 2609 3313 Paulus
2666 3275 2761 3313 vas
2812 3260 3095 3314 electionis
3134 3261 3448 3329 expressit:
3505 3259 3775 3329 Rogamus
3822 3270 4014 3313 autem

2410 3364 2517 3413 vos,
2556 3350 2766 3418 fratres,
2805 3361 2860 3401 ut
2892 3351 3174 3404 observetis
3202 3367 3290 3405 eos
3330 3351 3421 3421 qui
3467 3349 3820 3402 dissensiones
3873 3350 4016 3402 inter

2413 3459 2497 3494 vos
2528 3452 2576 3495 et
2614 3443 2922 3510 oﬂ‘endicula
2965 3453 3159 3511 prtrter
3204 3444 3499 3496 doctrinam
3539 3459 3701 3512 quam
3737 3458 3833 3496 vos
3865 3442 4017 3495 didi-

2412 3535 2572 3597 cistis,
2622 3535 2844 3604 faciunt,
2878 3545 2924 3587 et
2955 3536 3214 3589 declinata
3240 3535 3305 3588 ab
3329 3536 3403 3587 eis
3426 3535 3465 3588 ‘.
3506 3533 3608 3601 Qui
3652 3544 3843 3588 autem
3905 3535 4019 3588 sint

2413 3626 2491 3688 hi,
2525 3626 2579 3678 in
2619 3626 3085 3695 subsequentibus
3112 3626 3448 3696 explanavit:
3482 3626 3551 3680 Hi
3592 3627 3742 3680 enim
3782 3627 4018 3680 Domino

2413 3728 2591 3772 nostro
2628 3718 2830 3773 Christo
2871 3735 2972 3772 non
3022 3720 3390 3791 seruiunt,,sed
3432 3735 3527 3773 suo
3576 3721 3772 3783 ventri,
3818 3729 3875 3772 et
3926 3736 4017 3785 per

2412 3810 2589 3863 dulces
2642 3827 2924 3875 sermones,
2977 3819 3027 3864 et
3074 3812 3494 3876 benedictiones,
3536 3814 3803 3867 seducunt
3853 3814 4015 3867 corda

2413 3903 2764 3955 innocentium
2789 3902 2829 3955 '.
2866 3901 3007 3973 Ergo
3036 3903 3178 3958 bene
3207 3903 3287 3957 eis
3312 3903 3590 3975 legislator
3616 3904 3755 3959 dixit
3790 3923 3805 3958 :

2484 3989 2713 4060 Sanguis
2746 4008 2927 4045 eorum
2964 3994 3031 4046 sit
3051 4008 3211 4060 super
3238 4009 3341 4047 eos.
3388 3994 3527 4059 Quia
3554 3994 3607 4049 vi
3641 4004 4017 4066 corrumpunt

2416 4083 2698 4153 populum.

3010 4172 3239 4232 CAPUT
3273 4177 3414 4231 XXI.

2490 4265 2650 4322 Vens.
2683 4268 2800 4321 1-4.
2861 4289 2879 4320 ‹
2913 4269 3168 4338 Dixitque
3203 4268 3466 4323 Dominus
3494 4269 3562 4323 ad
3586 4268 3871 4340 Moysen:
3910 4271 4014 4326 Lo—

2416 4375 2585 4428 quere
2614 4361 2681 4414 ad
2720 4361 3051 4423 sacerdotes,
3093 4359 3234 4415 ﬁlios
3260 4360 3468 4424 Aaron,
3516 4370 3572 4414 et
3603 4361 3757 4415 dices
3794 4364 3870 4415 ad
3901 4377 4013 4416 eos.

2418 4450 2495 4503 Ne
2525 4452 2932 4505 contaminetur
2954 4452 3215 4506 sacerdos
3258 4451 3316 4505 in
3341 4453 3616 4506 mortibus
3642 4452 3853 4506 civium
3892 4469 4015 4507 suo-

734 4540 930 4593 horum
952 4539 1279 4607 illorumque
1311 4538 1547 4594 mundos
1586 4540 1827 4609 separari
1864 4540 2127 4610 praecepit
2153 4547 2317 4609 atque
2354 4554 2394 4610 ο
2423 4554 2565 4604 rum,
2596 4540 2702 4593 nisi
2729 4550 2939 4594 tantum
2972 4541 3026 4594 in
3050 4542 3479 4612 consanguineis
3510 4552 3608 4597 aut
3640 4543 4011 4613 prepinquis;

734 4630 1064 4694 immundos,
1099 4638 1159 4683 ut
1183 4630 1253 4683 ab
1289 4630 1374 4684 his
1402 4630 1794 4695 abstineamus,
1830 4632 1935 4685 illis
1965 4633 2318 4688 commiscea-

733 4740 876 4777 mur.
932 4722 1040 4777 Sed
1088 4722 1317 4777 multam
1367 4723 1694 4791 sapientiam
1734 4740 1890 4777 suam
1947 4724 2110 4778 etiam
2168 4742 2318 4780 nunc

734 4812 1007 4882 legislator
1052 4811 1327 4875 ostendit,
1378 4810 1446 4865 de
1491 4811 1939 4881 quadrupedibus
1991 4812 2211 4881 quidem
2262 4822 2318 4866 et

735 4905 1046 4960 volatilibus
1102 4905 1177 4958 ita
1249 4902 1612 4974 distinguens,
1671 4903 1725 4957 in
1788 4904 2075 4973 reptilibus
2127 4914 2313 4959 autem

736 5006 893 5050 terra:
921 5012 1031 5050 non
1062 4997 1153 5059 ita,
1189 5003 1386 5050 cuncta
1412 4995 1559 5061 enim
1578 5010 1698 5063 qua:
1729 5004 2021 5049 moventur
2052 4995 2105 5048 in
2150 5007 2315 5061 terra,

736 5091 1015 5145 immunda
1072 5099 1241 5144 sunt:
1276 5088 1378 5155 Qui
1412 5099 1625 5143 terrena
1668 5088 1923 5145 videlicet
1965 5089 2129 5159 sapit,
2161 5089 2318 5157 cujus

737 5185 882 5238 Deus
905 5191 1097 5237 venter
1141 5192 1245 5247 est,
1299 5182 1390 5252 qui
1433 5198 1646 5236 veneno
1706 5183 1946 5252 pascitur
1993 5185 2318 5237 constituta-

737 5291 857 5328 rum
891 5274 944 5327 in
978 5273 1200 5341 pulvere
1229 5273 1587 5343 voluptatum.
1625 5273 1698 5327 De
1730 5273 1877 5342 ipsis
1911 5274 2201 5343 siquidem,
2242 5275 2317 5329 si-

737 5376 826 5421 cut
865 5367 1067 5428 cernis,
1098 5365 1412 5420 indistincte
1447 5374 1649 5430 narrat,
1682 5365 1871 5419 dicens
1898 5385 1907 5417 :

814 5455 879 5507 Et
919 5456 1120 5509 cunctis
1172 5472 1288 5524 qua:
1339 5468 1610 5510 moventur
1664 5458 1718 5509 in
1760 5467 1922 5521 terra,
1958 5468 2004 5511 et
2040 5476 2156 5528 qua!
2184 5461 2321 5513 vobis

740 5550 940 5604 ostendi
987 5566 1095 5602 esse
1135 5547 1355 5617 polluta.
1407 5549 1546 5621 Ergo
1592 5551 1783 5605 omnes
1820 5552 1923 5621 qui
1959 5553 2192 5606 terrenis
2224 5569 2320 5622 pa-

814 5746 857 5775 “
900 5744 1083 5800 Matth.
1118 5764 1190 5809 γι,
1219 5748 1305 5801 5|.

782 5816 811 5834 ο

1387 5749 1397 5778 ¹
1429 5747 1561 5802 llum
1614 5765 1720 5813 xvi,
1753 5748 1831 5802 i9.

746 5814 841 5870 i8.

1905 5748 1961 5802 f‘l
1992 5748 2130 5804 Tim.
2166 5751 2287 5816 1,6,
2324 5751 2374 5805 7.

2422 4628 2474 4683 id
2496 4641 2602 4692 est,
2631 4644 2797 4699 super
2822 4638 2999 4699 patre,
3026 4647 3093 4685 ac
3119 4640 3318 4695 matre,
3344 4641 3401 4685 et
3425 4632 3563 4693 ﬁlio.
3593 4642 3645 4685 et
3676 4632 3818 4694 ﬁlia,
3848 4636 4014 4689 fratre

2424 4735 2639 4789 quoque
2672 4733 2727 4776 et
2752 4737 2939 4777 sorore
2966 4724 3191 4794 virgine,
3220 4740 3344 4793 qua:
3374 4740 3481 4777 non
3535 4733 3621 4777 est
3648 4736 3825 4794 nupta
3860 4730 4010 4782 viro:

2426 4813 2522 4866 sed
2605 4829 2707 4869 nec
2770 4814 2824 4868 in
2887 4816 3138 4885 principe
3206 4817 3393 4886 populi
3451 4818 3535 4870 sui
3606 4820 4014 4875 contaminatu-

2428 4911 2535 4957 tur.
2578 4923 2595 4953 ι

2498 4995 2639 5049 LXX
2679 5007 2881 5061 autem,
2940 4997 3061 5052 Non
3087 4999 3352 5068 polluetur
3390 5016 3455 5053 ex
3482 5002 3653 5054 subito
3720 5004 3782 5055 in
3825 5006 4013 5068 populo

2424 5106 2539 5154 suo,
2566 5090 2635 5142 ad
2662 5092 3085 5161 profanationem
3118 5109 3293 5147 suam.
3314 5092 3522 5146 Littera
3557 5094 3783 5162 quidem
3810 5109 3841 5147 a
3875 5110 4013 5149 mor-

2427 5190 2645 5235 tuorum
2700 5183 3089 5250 pollutionibus
3141 5184 3335 5254 fugere
3378 5186 3695 5239 sacerdotes
3726 5190 4007 5255 precepit,

2429 5273 2523 5326 sed
2556 5289 2666 5328 non
2706 5275 2821 5329 hzec
2845 5284 2929 5330 est
2955 5276 3091 5346 legis
3120 5276 3376 5339 intentio,
3403 5292 3586 5346 neque
3608 5277 3677 5330 de
3713 5278 3825 5332 hoc
3854 5280 4009 5349 legis-

2429 5364 2571 5418 lator
2640 5366 2941 5435 proposuit,
2998 5368 3093 5421 sed
3123 5368 3329 5436 aliquid
3380 5369 3560 5438 majus
3608 5368 3911 5433 intellexit,
3960 5378 4010 5422 et

2429 5458 2571 5526 quod
2607 5458 2775 5513 nimis
2822 5461 2889 5513 de
2925 5461 3303 5516 sacerdotibus
3332 5462 3644 5516 necessarie
3692 5461 4004 5515 diceretur:

2427 5552 2553 5619 quia
2586 5552 2729 5605 enim
2766 5552 2912 5622 ipsos
2940 5554 3233 5624 inSpicere,
3263 5554 3485 5624 quando
3509 5554 3791 5625 negligant
3828 5553 4007 5623 populi

2454 5754 2472 5784 ³
2503 5752 2690 5808 Matth.
2728 5771 2779 5821 x,
2813 5754 2875 5823 9;
2902 5753 3032 5811 Luc.
3062 5774 3135 5822 rx,
3163 5757 3215 5811 5.
3290 5759 3308 5789 ³
3340 5759 3497 5813 Rom.
3525 5773 3636 5823 xvi,
3669 5756 3753 5811 17.
3832 5756 3853 5787 ⁵
3877 5755 3998 5813 ibid.
