4158 6450
179 419 318 488 1053

1341 432 1420 490 IN
1457 433 1897 491 LEVl'l‘iCUM.
1933 454 1997 465 ·-
2036 435 2180 492 LIB.
2223 436 2321 493 Vl.

3327 433 3461 500 105l

173 553 415 612 peccata,
446 544 668 609 dicitur,
698 549 1001 603 secundum
1037 551 1184 620 quod
1218 550 1270 602 in
1315 550 1455 604 Osee
1498 549 1763 617 scriptum
1800 562 1837 607 Α
1872 552 2271 618 subsequenter
2314 550 2544 614 addidit,
2587 551 2890 603 secundum
2935 547 3097 610 LXX,
3135 564 3235 600 non
3271 551 3460 615 pollui-

171 643 289 688 est:
325 633 549 688 Peccata
573 637 754 704 populi
787 640 887 691 mei
922 643 1218 703 comedunt,
1257 652 1304 695 et
1335 645 1404 696 ad
1429 645 1762 712 iniquitatem

168 742 349 779 eorum
405 727 744 782 sublevabunt
790 734 1000 785 animas
1054 738 1289 789 eorum".
1365 736 1482 788 Non
1542 738 1761 804 quidem

169 816 372 883 omnia,
409 835 748 890 quaecunque
799 825 1034 893 populus
1099 836 1310 895 peccat,
1365 828 1499 894 ipsis
1547 839 1764 896 Oportet

171 910 452 978 imputari,
518 913 612 966 sed
672 914 1004 969 intendenda
1067 927 1152 971 est
1209 918 1296 970 illa
1355 920 1424 972 ab
1480 918 1764 972 Ezechiele

169 1005 436 1072 propheta
491 1005 636 1060 dicta
673 1007 910 1062 divisio:
952 1008 1061 1062 Fili
1095 1010 1343 1073 hominis,
1376 1011 1762 1079 speculatorem

165 1092 288 1151 dedi
317 1106 365 1148 te
403 1097 582 1150 domui
622 1097 814 1162 Israel,
848 1110 895 1153 et
924 1102 1108 1154 audies
1131 1103 1198 1155 de
1227 1119 1317 1156 ore
1369 1120 1482 1156 meo
1527 1104 1758 1165 uerbum,

167 1197 216 1238 et
247 1187 590 1241 annuntiabis
618 1190 693 1242 eis
734 1207 798 1244 ea:
832 1208 912 1244 me
935 1209 953 1246 :
996 1194 1041 1244 si
1065 1193 1266 1245 dicente
1294 1210 1374 1245 me
1413 1194 1484 1246 ad
1510 1194 1754 1262 impium,

165 1277 332 1330 Morte
355 1279 612 1342 morieris,
649 1297 753 1334 non
797 1285 1196 1337 annuntiaveris
1257 1286 1337 1360 ei,_
1360 1301 1526 1353 neque
1543 1281 1752 1338 iocatus

166 1372 348 1438 fueris.
404 1381 460 1424 ut
509 1382 780 1426 avertatur
827 1392 859 1427 a
891 1376 976 1428 via
1012 1392 1109 1428 sua
1158 1377 1344 1445 impia,
1378 1386 1427 1429 et
1448 1377 1609 1441 vivat,
1653 1379 1762 1445 ipse

166 1463 360 1529 impias
396 1464 449 1514 in
497 1465 776 1532 iniquitate
801 1483 904 1519 sua
935 1469 1206 1530 morietur,
1236 1470 1547 1536 sanguinem
1574 1480 1756 1521 autem

164 1551 364 1620 ejusde
416 1570 577 1605 manu
607 1564 699 1607 tua
727 1556 1022 1625 requiram.
1063 1555 1121 1610 Si
1157 1567 1336 1609 autem
1377 1567 1433 1608 tu
1465 1559 1760 1608 attituntia-

163 1643 298 1695 reris
332 1645 511 1712 impio,
550 1655 596 1697 et
638 1645 729 1698 ille
757 1662 858 1698 non
897 1648 1056 1716 fuerit
1091 1663 1365 1699 conversus
1393 1648 1458 1699 ab
1489 1648 1761 1714 impietate

163 1753 282 1800 sua,
321 1747 368 1789 et
401 1739 484 1790 via
511 1755 605 1790 sua
642 1740 827 1807 impia,
870 1742 980 1808 ipse
1013 1740 1222 1808 quidem
1256 1741 1310 1791 in
1346 1740 1630 1808 iniquitate
1659 1755 1756 1790 sua

165 1831 438 1890 morietur,
491 1841 545 1882 tu
595 1841 774 1884 autem
817 1833 1051 1883 animum
1105 1841 1250 1884 tuam
1295 1832 1533 1884 liberasti
1553 1833 1591 1884 ⁷.
1647 1831 1758 1884 Hoc

163 1927 344 1972 autem
377 1919 638 1989 apertius,
674 1921 769 1974 sed
803 1929 857 1974 et
880 1921 1136 1975 subtilius
1167 1922 1222 1974 in
1255 1922 1508 1990 praesenti
1540 1920 1756 1991 legisla-

165 2018 250 2061 tor
290 2011 545 2077 exposuit
573 2029 584 2062 :

233 2099 296 2152 In
333 2101 605 2164 mortibus,
638 2102 830 2172 inquit,
857 2119 960 2155 non
993 2105 1419 2155 contamineutar
1454 2103 1591 2154 inter
1623 2102 1757 2154 ciues

161 2208 302 2246 suos.
340 2193 396 2246 In
427 2194 670 2262 quibus?
720 2195 779 2248 In
807 2197 1164 2264 peccantibus
1201 2195 1475 2257 videlicet,
1515 2195 1607 2262 qui
1641 2194 1756 2262 pol-

166 2286 371 2339 latione
426 2289 789 2357 complentur,
857 2295 914 2343 et.
975 2289 1096 2343 aliis
1162 2289 1383 2356 quidem
1452 2288 1754 2341 secundum

160 2381 425 2448 quosdam
457 2382 647 2436 modos
677 2383 996 2452 pollutionis
1029 2392 1288 2436 auctores
1318 2383 1474 2445 ﬁunt,
1514 2383 1750 2434 maxime

163 2480 345 2523 tamen
396 2473 774 2526 sacerdotibus
816 2481 872 2526 et
902 2473 1243 2537 doctoribus,
1288 2474 1508 2541 quando
1540 2488 1633 2525 eos
1664 2487 1754 2524 nc-

161 2563 442 2631 glexcrint.
479 2562 863 2618 Verumtamen
896 2565 951 2618 in
987 2566 1093 2627 his,
1121 2567 1216 2626 ait,
1266 2581 1374 2618 non
1405 2566 1751 2618 contamina-

164 2666 252 2707 tur
304 2656 359 2708 in
413 2657 682 2710 mortibus
732 2657 934 2710 civium
989 2672 1234 2720 suorum,
1293 2658 1346 2710 id
1395 2666 1498 2720 est,
1535 2644 1752 2723 quando

163 2750 295 2802 nihil
324 2751 530 2804 inventi
552 2749 775 2814 fuerint,
795 2752 941 2820 quod
967 2755 1048 2806 eis
1085 2753 1428 2820 expediebat.
1477 2751 1748 2807 omisisse.

161 2841 256 2892 sed
285 2840 385 2907 ipsi
414 2839 634 2907 quidem
659 2841 805 2908 quod
836 2843 904 2894 ad
935 2857 994 2895 se
1020 2842 1284 2909 pertinuit
1316 2841 1533 2903 fecisse,
1569 2849 1622 2893 et
1655 2841 1747 2894 Ι)θί

160 2928 333 2997 legem
383 2931 743 2998 praedicasse:
807 2930 884 2983 illi
943 2941 1126 2984 autem
1182 2932 1433 2984 nolentes
1484 2930 1742 2992 obedire,

160 3035 393 3079 mortem
447 3026 667 3080 sibimet
716 3026 1102 3090 conduxerunt
1168 3025 1570 3080 inobedientize.
1629 3025 1746 3080 Non

158 3131 292 3185 ergo
337 3117 391 3170 in
426 3118 510 3170 his
555 3117 645 3186 qui
687 3127 934 3186 praesunt
985 3119 1326 3188 polluuntur,
1377 3118 1474 3172 sed
1525 3119 1579 3170 in
1619 3133 1747 3186 pro-

158 3207 366 3276 pinquo
410 3215 467 3260 et
516 3207 764 3274 proximo
817 3222 936 3270 suo,
995 3207 1047 3259 in
1101 3219 1258 3276 patre
1284 3215 1342 3261 et
1370 3207 1424 3259 in
1461 3215 1655 3271 matre,
1691 3206 1744 3259 in

156 3301 287 3356 ﬁliis
317 3309 373 3355 et
422 3301 656 3365 ﬁliabus,
708 3302 763 3353 in
822 3300 993 3354 fratre
1024 3311 1080 3355 et
1112 3316 1300 3355 sorore
1360 3300 1590 3369 virgine,
1629 3315 1750 3368 qua:

157 3409 271 3448 non
303 3403 388 3448 est
411 3403 582 3464 nupta
620 3395 759 3447 viro.
795 3393 1026 3462 Oportet
1055 3394 1203 3448 enim
1255 3392 1596 3446 sacerdotem
1629 3391 1754 3445 dili-

155 3488 399 3552 gentiam
432 3483 694 3537 adhibere
719 3492 774 3537 et
801 3483 1004 3553 populo
1035 3491 1095 3536 ut
1120 3498 1230 3535 non
1257 3489 1470 3551 peccet,
1495 3481 1592 3536 sed
1620 3496 1757 3549 pne-

157 3578 321 3645 cipue
351 3577 534 3632 domui
568 3593 680 3631 suae
712 3586 768 3630 et
790 3577 1076 3644 cognatis;
1120 3585 1344 3644 propter
1378 3576 1525 3643 quod
1555 3568 1758 3628 Paulus

154 3670 272 3724 ait:
307 3668 435 3724 Htec
450 3671 697 3738 praecipe,
764 3679 820 3722 ut
869 3667 1347 3734 irreprehensibiles
1387 3669 1510 3719 sint.
1547 3666 1606 3720 Si
1641 3668 1757 3736 quis

160 3769 336 3814 autem
390 3778 628 3823 suorum,
658 3772 704 3814 et
731 3763 962 3814 maxime
979 3761 1408 3822 domesticorum,
1439 3776 1624 3812 curam
1653 3777 1756 3814 non

154 3854 333 3916 habet,
374 3853 530 3922 ﬁdem
589 3853 819 3924 negavit,
876 3861 926 3905 et
977 3860 1052 3904 est
1101 3851 1303 3919 inﬁdeli
1363 3851 1648 3904 deterior“.
1692 3852 1758 3905 Et

155 3960 387 3999 rursus:
441 3944 498 3999 Si
528 3955 704 3998 autem
759 3946 875 4015 quis
912 3959 1022 3997 suta
1071 3944 1252 3997 domui
1304 3959 1527 4011 praeesse
1571 3948 1753 4006 nescit,

154 4038 417 4107 quomodo
456 4036 704 4090 Ecclesia:
757 4036 854 4089 Dei
889 4052 1072 4089 curam
1095 4035 1390 4089 habebit’?
1424 4036 1483 4089 In
1520 4036 1657 4100 ﬁlio,
1693 4043 1750 4090 et

155 4129 296 4194 tilia,
331 4141 384 4183 et
438 4127 625 4192 fratre,
655 4136 709 4183 et
736 4143 927 4184 sorore
973 4129 1201 4198 virgine,
1237 4128 1491 4182 videlicet
1518 4143 1756 4199 peccau-

155 4220 308 4275 tibus
329 4260 342 4283 ,
367 4221 678 4274 necessarie
706 4219 964 4274 sacerdos
998 4220 1291 4288 polluitur:
1329 4228 1515 4290 utpote
1545 4221 1636 4289 qui
1662 4221 1758 4274 de-

155 4315 251 4368 bet
284 4313 547 4382 quotidie,
598 4313 694 4367 sed
720 4322 774 4365 et
816 4313 966 4366 omni
994 4314 1151 4375 hora,
1179 4327 1244 4366 ea
1272 4327 1393 4381 qua:
1417 4324 1486 4366 ad
1520 4312 1752 4366 salutem

157 4405 442 4475 pertinent
492 4421 587 4460 eos
627 4405 924 4469 instruere,
985 4414 1040 4459 et
1093 4404 1318 4475 vigilare
1361 4405 1506 4459 circa
1547 4420 1665 4465 eos,
1697 4417 1756 4460 ut

155 4513 266 4551 non
300 4507 527 4567 peccent
549 4497 671 4558 talia
705 4513 825 4567 qua:
846 4506 1023 4551 morte
1047 4505 1178 4551 sunt
1202 4497 1388 4566 digna.
1426 4496 1542 4552 Hoc
1570 4507 1754 4554 autem

1869 653 1954 693 tur
2011 644 2186 698 subito
2232 645 2288 694 in
2317 643 2508 711 populo
2552 659 2683 701 suo,
2721 642 2790 694 ad
2821 642 3243 712 profanationem
3284 657 3455 695 suam.

1867 733 2006 796 Quid
2047 749 2145 802 per
2174 733 2274 786 hoc
2303 734 2618 793 ostendens.
2653 733 2757 785 nisi
2787 732 2910 798 quia
2945 731 3206 800 polluitur
3233 732 3453 798 quidem

1867 825 2010 878 etin
2056 825 2255 894 populo
2302 834 2561 894 peccante
2609 824 2883 886 sacerdos,
2934 823 3030 874 sed
3089 838 3196 874 non
3233 821 3460 875 subito?

1867 917 1998 980 Qua:
2055 924 2240 969 autem
2283 916 2551 977 accedunt
2610 914 2662 966 iu
2733 913 3012 967 extraneis
3077 912 3266 978 culpm,
3344 911 3459 966 haec.

1868 1022 1975 1059 non
2039 1007 2180 1060 illico
2235 1007 2575 1060 sacerdotem
2635 1004 3034 1067 contaminant,
3093 1003 3188 1055 sed
3240 1002 3456 1069 quando

1868 1101 1966 1168 ipsi
2024 1100 2243 1168 quidem
2297 1097 2703 1168 permanserint
2734 1097 2788 1147 in
2844 1093 3101 1164 peccatis,
3146 1094 3460 1151 sacerdotes

1866 1203 2046 1246 autem
2098 1208 2193 1246 eos
2258 1207 2450 1245 curare
2520 1188 2881 1260 neglexerint.
2965 1187 3192 1256 Insuper
3276 1185 3458 1242 subito

1864 1285 2135 1352 quispiam
2169 1297 2404 1351 peccans
2439 1282 2506 1335 de
2555 1280 2779 1350 populo,
2823 1278 2978 1331 venia
3020 1278 3245 1346 dignum
3277 1291 3461 1328 sacer-

1864 1378 2068 1439 dotem,
2113 1385 2301 1443 utpote
2350 1374 2712 1443 ignorantem,
2768 1373 2928 1435 facit;
2977 1379 3220 1438 tempore
3273 1378 3456 1422 autem

1865 1467 2025 1534 longo
2051 1475 2414 1534 praeparatum
2451 1473 2735 1532 peccatum
2784 1461 3156 1520 committens,
3187 1459 3368 1511 locum
3401 1457 3454 1509 ei

1865 1557 2035 1608 venia:
2063 1571 2172 1608 non
2194 1555 2446 1623 reliquit:
2478 1552 2767 1623 Oportebat
2797 1551 2943 1604 enim
2970 1551 3310 1603 sacerdotem
3343 1565 3455 1602 non

1867 1649 2132 1717 ignorare,
2168 1649 2210 1700 si
2263 1657 2442 1700 tauwn
2508 1647 2802 1715 diligenter
2837 1644 3037 1714 populo
3089 1641 3453 1711 prieserlissd,

1864 1750 2117 1808 essetque
2155 1740 2422 1793 sollicitus
2470 1737 2744 1807 quomodo
2803 1736 2912 1800 hic,
2953 1734 3228 1804 quomodo
3279 1734 3368 1805 ille
3397 1749 3455 1786 se

1868 1831 2113 1891 haberet,
2167 1840 2347 1883 utrum
2413 1838 2620 1883 starent
2657 1845 2726 1880 an
2770 1836 3053 1888 nutarent,
3093 1836 3151 1878 ut
3199 1829 3457 1879 nutantes

1863 1925 2101 1978 fulcirct.
2134 1922 2195 1976 lli
2241 1923 2386 1976 enim
2426 1923 2516 1992 qui
2575 1921 2761 1976 subito
2796 1921 3020 1986 cadunt,
3054 1935 3150 1973 eos
3177 1920 3267 1989 qui
3311 1936 3454 1988 prae-

1861 2025 1989 2070 sunt
2044 2016 2162 2070 sine
2220 2016 2376 2084 culpa
2436 2014 2662 2077 faciunt,
2715 2012 3173 2082 quemadmodum
3220 2011 3454 2079 procella

1859 2111 2248 2178 gubernantes.
2307 2125 2372 2162 ex
2416 2108 2712 2177 improviso
2751 2105 3173 2174 superveniens.
3231 2104 3298 2156 Et
3325 2119 3455 2172 pro-

1859 2212 2044 2269 pterea
2072 2217 2178 2253 non
2212 2201 2349 2254 dixit
2374 2200 2712 2254 sacerdotem
2746 2199 2929 2251 subito
2967 2197 3019 2249 in
3045 2196 3249 2266 populo
3283 2196 3452 2265 pollui

1858 2293 1921 2344 ad
1973 2291 2411 2360 profanationem
2463 2307 2636 2344 suam.
2683 2289 2801 2343 Non
2842 2290 3042 2343 frustra
3074 2297 3259 2341 autem
3293 2288 3451 2342 addi-

1855 2385 1934 2438 dit
1980 2387 2424 2456 profanationem,
2496 2384 2592 2438 sed
2642 2383 2774 2436 illud
2827 2399 2924 2452 per
2960 2383 3062 2436 hoc
3101 2382 3327 2435 verbum
3364 2382 3453 2434 ιιι--

1855 2491 2060 2529 nuens:
2114 2477 2240 2543 quia
2280 2475 2500 2544 quando
2531 2472 2786 2528 sacerdos
2820 2472 3103 2542 polluitur,
3150 2471 3450 2524 secundum

1856 2567 2170 2636 praedictam
2215 2582 2456 2630 causam,
2505 2565 2688 2634 populi
2721 2564 2931 2633 peccati
2964 2563 3239 2624 videlicet,
3270 2562 3443 2630 negli-

1855 2675 1987 2729 gens
2010 2668 2063 2712 et
2092 2675 2202 2712 non
2235 2673 2400 2728 agens
2441 2674 2561 2726 quae
2593 2657 2767 2710 modis
2804 2655 3057 2709 omnibus
3107 2655 3450 2707 sacerdotem

1853 2752 2158 2820 oportebat,
2192 2750 2474 2820 profanus,
2515 2750 2568 2802 id
2600 2761 2684 2801 est
2715 2748 2896 2801 nudus
2924 2745 3215 2799 sacerdotii
3258 2743 3442 2813 digni-

1854 2851 1963 2896 tate
2017 2843 2292 2895 invenitur
2355 2856 2500 2894 unus
2553 2849 2608 2893 et
2665 2839 2780 2906 ipse
2838 2839 2905 2891 de
2937 2836 3162 2890 multis:
3227 2834 3446 2903 profani

1851 2935 1999 2989 enim
2056 2936 2109 2988 hi
2161 2935 2253 3003 qui
2308 2949 2418 2986 non
2466 2941 2595 2985 sunt
2645 2929 2968 2985 sanctiﬁcati
3042 2929 3343 2989 dicuntur,
3398 2936 3454 2980 ct

1852 3028 2085 3083 multum
2144 3035 2310 3091 recte,
2373 3025 2501 3093 quia
2560 3038 2624 3077 ea
2656 3039 2776 3092 qua:
2811 3032 2938 3076 sunt
2995 3022 3300 3076 sacerdotis
3341 3036 3451 3075 non

1851 3121 2116 3189 legerunt.
2285 3104 2290 3109 ’

1923 3210 2086 3265 Vens.
2121 3212 2173 3266 5.
2221 3231 2237 3261 ι
2277 3211 2396 3264 Νοιι
2422 3210 2622 3264 radent
2645 3217 2831 3278 caput,
2857 3224 2959 3261 nec
2988 3208 3241 3271 barbam,
3273 3221 3452 3277 neque

1861 3305 1913 3357 in
1953 3303 2212 3357 carnibus
2233 3302 2348 3356 suis
2378 3301 2582 3355 facient
2609 3300 2898 3354 incisuras.
2941 3320 2957 3350 ι

1933 3395 2089 3448 \‘inci
2137 3411 2166 3448 a
2220 3394 2600 3449 sacerdotibus
2665 3393 2829 3446 etiam
2893 3391 3170 3445 tristitiam
3216 3407 3336 3460 qua:
3386 3393 3455 3445 de

1859 3500 2035 3544 morte
2061 3490 2202 3548 solet
2231 3489 2516 3553 accedere,
2547 3489 2630 3542 lex
2662 3497 2812 3542 recte
2849 3488 3114 3556 prtecipit,
3139 3500 3326 3557 utpote
3358 3494 3449 3557 qui

1860 3589 1916 3633 et
1938 3581 2040 3648 ipsi
2067 3595 2220 3646 spem
2254 3580 2379 3634 vita:
2404 3580 2600 3632 futurae
2628 3579 2831 3632 habent
2854 3587 2908 3631 et
2940 3578 3196 3646 populum
3230 3580 3448 3634 docent.

1861 3670 1971 3724 Sed
2002 3679 2154 3724 extra
2183 3670 2301 3724 haec
2331 3685 2442 3723 non
2475 3669 2654 3723 solum
2687 3668 2741 3720 in
2778 3666 3015 3736 propriis
3043 3668 3283 3744 peccatis
3315 3669 3453 3737 rigi-

1858 3763 1973 3817 lare
2004 3779 2100 3818 eos
2139 3773 2194 3818 et
2222 3772 2436 3817 mentes
2464 3761 2669 3815 habere
2699 3775 2880 3824 sanas,
2913 3761 3006 3812 sed
3037 3759 3198 3812 etiam
3225 3761 3277 3812 in
3319 3761 3453 3814 alic-

1859 3856 1966 3920 nis,
1996 3855 2050 3908 in
2081 3855 2166 3909 his
2181 3869 2302 3924 quae
2316 3869 2467 3907 nunc
2491 3852 2636 3907 dicta
2665 3861 2816 3915 sunt,
2837 3852 3124 3906 evidenter
3152 3853 3394 3921 pra-cipit
3422 3871 3432 3906 :

1857 3948 2134 4016 quomodo
2164 3956 2372 4011 autem,
2423 3945 2594 4000 disce.
2633 3943 2812 4011 Caput
2867 3953 2922 3997 et
2949 3943 3114 3997 barba
3169 3945 3450 4013 sapienti:

1859 4049 1941 4095 est
1971 4049 2027 4094 ct
2070 4038 2426 4108 perfectionis
2473 4045 2679 4090 nostra:
2731 4051 2983 4105 Signum:
3019 4046 3246 4104 propter
3304 4037 3450 4105 quod

1858 4141 2023 4201 caput
2053 4141 2304 4185 nostrum
2341 4129 2649 4198 appellatur
2685 4127 2960 4192 Christus,
2999 4128 3052 4181 in
3099 4145 3208 4196 quo
3257 4141 3452 4198 sapere

1859 4227 2126 4279 habemus
2189 4224 2426 4278 maxima
2482 4237 2714 4292 qumque
2764 4234 2929 4292 atque
2987 4223 3252 4292 perfecta,
3312 4232 3448 4276 teste

1859 4318 2046 4382 l’aulo,
2078 4319 2170 4387 qui
2203 4318 2370 4374 dicit:
2413 4318 2588 4371 Donec
2620 4333 2962 4370 occurramus
2994 4332 3170 4368 omnes
3201 4317 3254 4368 in
3280 4316 3448 4368 uirum

1857 4413 2177 4479 perfectum,
2227 4421 2276 4463 et
2329 4427 2630 4464 mensuram
2673 4411 2849 4463 aztatis
2904 4407 3246 4475 plenitudinis
3297 4407 3449 4461 Chri-

1856 4505 1924 4557 sti
1957 4505 2022 4556 ¹⁰.
2054 4503 2222 4557 Recte
2254 4510 2436 4557 autem
2469 4513 2522 4558 et
2554 4503 2719 4556 bat-ha
2761 4503 3029 4569 signiﬁcat
3055 4501 3447 4570 perfectionem

155 4595 336 4660 ipsum
371 4589 425 4643 in
463 4600 617 4659 patre
646 4598 716 4644 .et
748 4591 800 4643 in
835 4599 1009 4644 matre
1054 4590 1468 4660 intelligendum
1521 4600 1626 4644 est.
1660 4591 1750 4644 Fi-
1785 4596 1830 4650 υ
1857 4592 2164 4662 sapientiae,
2203 4593 2440 4646 alterum
2501 4602 2685 4646 autem
2745 4591 3184 4659 intelligentiam,
3226 4590 3351 4658 quia
3393 4588 3447 4640 in

156 4683 292 4735 lium
324 4681 526 4750 quippe
559 4682 836 4735 doctorem
864 4681 1036 4750 patris
1067 4681 1368 4750 matrisque
1391 4683 1749 4736 sacerdotalis

153 4774 394 4844 dignitas
422 4773 569 4827 facit.
606 4773 804 4827 Dicens
831 4773 1051 4842 quidem
1092 4787 1366 4836 sororem,
1393 4788 1512 4841 quae
1535 4789 1638 4826 non
1669 4783 1749 4826 est

155 4873 322 4934 nupta
349 4867 482 4932 viro,
501 4865 863 4932 ostenditper
884 4864 1043 4926 hanc,
1063 4864 1210 4932 quia,
1236 4863 1280 4916 si
1313 4865 1532 4933 cognati
1561 4879 1749 4918 sacer-

151 4959 316 5012 dotes
345 4957 668 5024 semetipsos
716 4955 1111 5023 separaverint,
1142 4963 1198 5008 et
1240 4954 1439 5008 domus
1473 4955 1744 5022 quodam-

154 5047 323 5100 modo
351 5047 454 5100 alia
486 5047 809 5114 semetipsos
846 5052 1162 5114 separantes
1201 5043 1328 5097 facti
1357 5044 1588 5107 fuerint,
1616 5045 1742 5098 nulv

153 5142 265 5191 tam
321 5138 604 5207 patiuntur
663 5137 716 5190 in
776 5131 1130 5205 peccantibus
1199 5135 1284 5188 his
1363 5135 1747 5205 pollutionem.

153 5230 412 5295 Quamdiu
443 5239 625 5282 autem
657 5228 737 5281 eis
763 5229 1065 5291 adhaerent,
1112 5226 1540 5295 pr0pinquitatis
1571 5237 1625 5280 et
1653 5245 1749 5280 co-

155 5320 432 5391 gnationis
489 5321 660 5390 legem
721 5319 1196 5384 custodientibus,
1256 5318 1748 5372 contaminationis

154 5425 352 5464 eorum
403 5418 548 5463 recte
588 5408 877 5478 participes
909 5408 1241 5470 ctﬁciuntur,
1295 5409 1423 5477 quia
1462 5423 1563 5463 nec
1593 5409 1744 5479 igno~

155 5512 282 5552 rare
325 5512 516 5552 eorum
571 5506 812 5566 peccata,
881 5505 1069 5565 utpote
1122 5497 1582 5562 cohabitantium,
1615 5515 1742 5566 pos-

157 5601 310 5656 sunt,
335 5595 480 5664 quod
523 5595 603 5648 eis
643 5603 700 5647 et
747 5593 1233 5648 contaminationis
1286 5609 1514 5648 causam
1574 5597 1738 5663 parit.

158 5684 320 5740 Unde
368 5701 498 5757 ergo
551 5687 738 5740 dicens
786 5685 930 5754 quod
985 5685 1038 5738 in
1094 5685 1175 5738 his
1227 5689 1737 5741 contaminarentur

240 5863 414 5923 “Osce
453 5882 525 5934 tv,
559 5867 611 5922 8.
685 5871 702 5898 ⁷
742 5869 938 5923 Ιλίιρειι.
981 5885 1058 5935 ιιι,
1101 5873 1283 5925 i749.

1364 5876 1382 5906 °
1430 5876 1446 5928 l
1484 5876 1622 5930 Τίιιι.
1658 5895 1708 5939 ι’,
1746 5879 1795 5929 7.

1855 4683 1941 4736 his
1964 4682 2056 4751 qui
2089 4684 2156 4736 ad
2203 4683 2498 4749 iuvenilem
2556 4690 2829 4735 venerunt
2882 4691 3122 4744 aetatem,
3163 4680 3276 4748 jam
3326 4695 3446 4746 qua:

1853 4783 1985 4828 sunt
2009 4773 2160 4826 utilia
2189 4774 2329 4826 scire
2357 4773 2670 4826 valentibus
2694 4773 2859 4826 barba
2892 4771 3154 4825 nascitur.
3175 4769 3446 4835 Quoniam

1851 4881 1979 4934 ergo
2013 4875 2260 4918 mortuos
2290 4875 2606 4934 peccatores
2657 4881 2770 4919 non
2801 4866 2976 4918 solum
3019 4861 3307 4924 Dominus.
3348 4863 3445 4915 sed

1849 4965 1904 5009 et
1936 4954 2138 5010 Paulus
2159 4956 2416 5024 appellat,
2443 4972 2567 5010 cum
2597 4955 2769 5010 dicit:
2804 4956 2870 5009 Et
2899 4971 3017 5008 cum
3053 4969 3278 5007 essemus
3302 4971 3446 5007 mor-

1855 5049 1932 5100 tui
1959 5049 2189 5114 peccatis
2214 5049 2428 5110 nostris.
2457 5048 2846 5113 convivi/ienuit
2889 5065 2980 5100 nos
3008 5045 3212 5101 Christo
3231 5045 3291 5097 ".
3323 5044 3442 5098 Non

1849 5148 2068 5206 oportet
2122 5139 2424 5192 sacerdotis
2474 5139 2710 5190 maxime
2767 5146 2938 5204 caput
2987 5147 3082 5190 aut
3112 5137 3280 5190 barba
3327 5136 3443 5190 radi

1852 5245 2020 5297 super
2070 5238 2370 5293 mortuum,
2406 5229 2458 5282 id
2513 5238 2596 5283 est
2633 5243 2800 5298 super
2837 5237 3207 5297 peccatorem.
3255 5228 3444 5297 Neque

1848 5322 1994 5376 enim
2016 5331 2238 5392 oportet
2263 5321 2646 5392 cogitationes,
2684 5339 2805 5390 qna:
2834 5333 2976 5375 sicut
3015 5321 3191 5390 capilli
3217 5331 3443 5373 ornatus

1855 5426 1984 5468 sunt
2016 5416 2229 5483 capitis,
2263 5423 2317 5468 et
2349 5414 2478 5484 ipsa:
2505 5426 2732 5469 ornatus
2756 5424 2882 5467 sunt
2915 5424 3116 5468 nostra:
3139 5413 3440 5482 sapientizr,

1852 5508 2072 5575 quando
2093 5517 2272 5560 tamen
2296 5517 2428 5560 sunt
2450 5506 2717 5561 ordinata:
2746 5517 2910 5576 atque
2943 5507 3160 5566 sobriae,
3187 5501 3443 5561 sacerdo-
3509 5494 3513 5498 h

1855 5609 1961 5652 tem
1988 5613 2342 5666 corrumpere
2376 5599 2482 5652 alio
2505 5609 2788 5668 peccante,
2821 5601 2916 5652 sed
2946 5613 3272 5652 conservare
3299 5597 3442 5650 inte-

1862 5709 2010 5762 gras,
2038 5701 2094 5743 ut
2126 5691 2619 5759 possitcxhortari,
2644 5693 2950 5755 obsecrare,
2978 5707 3222 5761 arguere,
3260 5692 3439 5744 incre-

1880 5880 1897 5908 '°‘
1938 5877 2122 5930 l'l‘im.
2160 5896 2240 5940 ιιι,
2269 5880 2321 5931 5.

2407 5881 2447 5910 '°
2468 5878 2667 5947 Ephcs.
2710 5898 2780 5943 tr,
2822 5881 2903 5931 13.
2984 5882 3017 5908 "
3059 5877 3249 5943 Ephes.
3285 5894 3338 5932 ιι.
3373 5878 3424 5928 5.
