4158 6450
760 427 902 494 1055

758 635 884 706 psit.
923 636 1118 706 Argue,
1152 637 1386 703 increpa,
1439 635 1649 687 obsecra
1700 640 1753 684 in
1784 633 1925 684 omni
1977 629 2235 698 patientia
2287 635 2333 679 et

759 727 1083 779 doctrina".
1116 724 1404 791 Quomodo
1435 732 1616 778 autem
1648 725 1751 776 hoc
1792 720 1903 783 ﬁat,
1946 718 2217 773 subdidit:
2259 715 2335 769 Tn

760 826 937 868 autem
967 815 1149 884 vigila,
1192 816 1248 867 in
1279 814 1518 867 omnibus
1567 814 1770 875 labora,
1817 827 1944 879 opus
1993 810 2076 878 {ac
2110 822 2334 871 evange-

762 907 976 961 listte“.
1011 906 1152 977 Ergo
1190 908 1443 960 sacerdo:
1470 906 1561 975 qui
1594 920 1698 958 non
1724 904 2044 957 exhortatur
2076 909 2131 954 cl
2162 900 2339 965 arguit

761 1008 1107 1066 peccantem,
1137 1013 1245 1050 non
1272 996 1576 1065 tigilat;qui
1602 1004 1909 1048 autemnon
1929 992 2131 1062 vigilat,
2150 990 2337 1043 radere

764 1097 1006 1157 caputct
1038 1088 1257 1141 barbam
1300 1088 1596 1141 secundum
1648 1086 1905 1139 virtutem
1952 1083 2336 1153 przedictorum

765 1187 911 1231 recte
939 1178 1157 1230 dicitur.
1181 1175 1286 1231 Sed
1311 1192 1486 1246 neque
1515 1174 1696 1230 facere
1731 1176 1786 1230 in
1818 1190 1984 1229 carne
2019 1190 2115 1227 sua
2148 1173 2335 1227 com-i-

765 1271 947 1324 sioucs
976 1284 1141 1338 super
1166 1280 1381 1323 mortuo
1404 1268 1742 1322 sacerdotem
1771 1268 1947 1331 decet,
2002 1266 2056 1319 id
2112 1275 2196 1319 est
2231 1279 2338 1317 non

764 1359 1115 1412 scandalizari
1160 1360 1211 1411 in
1250 1366 1555 1427 peccatore,
1593 1373 1698 1413 nec
1746 1356 2031 1411 oﬁ‘endere
2080 1365 2339 1425 peccante

765 1449 966 1517 aliquo,
1004 1465 1179 1519 neque
1203 1449 1479 1503 carnalem
1502 1466 1567 1504 ex
1601 1449 1705 1504 hoc
1733 1465 1952 1503 sumere
1989 1447 2335 1517 sapientiam,

764 1540 830 1593 ad
897 1541 1194 1595 illicitatem
1243 1541 1439 1595 similis
1500 1542 1822 1610 iniquitatis.
1879 1540 2119 1593 lncisura
2191 1539 2340 1592 enim

764 1634 1030 1702 sapientia
1050 1634 1231 1688 carnis
1254 1645 1369 1688 est:
1397 1634 1543 1702 quod
1570 1634 1638 1688 de
1666 1634 1890 1697 ludit-is,
1927 1634 2017 1703 qui
2049 1633 2343 1687 carnaliter

765 1726 954 1778 vivunt
978 1735 1032 1779 ct
1057 1725 1277 1793 sapiunt
1306 1734 1545 1788 terrena,
1578 1726 1655 1779 ait
1676 1725 1905 1780 Paulus:
1962 1726 2137 1780 Videte
2163 1744 2338 1787 canes,

762 1819 930 1871 valete
956 1816 1121 1868 ntalos
1144 1818 1430 1885 operarios,
1456 1818 1624 1871 videte
1656 1819 1998 1871 concisionem
2018 1820 2081 1873 ".
2126 1813 2133 1817 ’

835 1908 997 1961 Vens.
1032 1909 1084 1962 6.
1132 1928 1150 1959 ι
1184 1909 1370 1963 Sancti
1400 1912 1693 1965 cruntDeo
1716 1926 1815 1966 suo
1872 1921 1927 1965 ct
1953 1928 2058 1965 non
2093 1912 2340 1981 polluent

764 2014 965 2051 nomen
996 2000 1135 2067 ejus.
1176 1998 1464 2053 lnccnsum
1498 2002 1642 2055 enim
1682 2001 1894 2055 Domini
1938 2012 1991 2056 et
2022 2018 2189 2072 panes
2246 2003 2339 2056 Dei

764 2092 850 2146 sui
878 2092 1151 2157 oderunt;
1187 2094 1384 2147 ctideo
1413 2093 1584 2146 sancti
1620 2103 1798 2148 erunt.
1854 2114 1872 2145 ι

833 2183 1120 2246 Quomodo
1147 2185 1392 2253 polluant
1432 2187 1745 2241 sacerdotes
1798 2203 1996 2241 nomen
2035 2189 2146 2251 De},
2177 2188 2341 2241 Mala-

763 2276 916 2329 ehias
946 2277 1213 2343 propheta
1244 2278 1527 2346 exposuit:
1565 2277 1657 2331 Vos
1685 2282 2001 2338 sacerdotes.
2035 2283 2122 2351 qui
2145 2300 2188 2348 ρ.
2214 2283 2341 2333 llui-

764 2369 829 2418 tis
861 2384 1047 2419 nomen
1077 2385 1269 2429 meum,
1300 2378 1348 2421 et
1390 2370 1599 2423 dixistis
1627 2388 1645 2423 :
1687 2374 1751 2425 In
1777 2388 1877 2441 quo
1911 2372 2191 2439 polluimus
2250 2383 2298 2426 te
2318 2376 2343 2427 ?

763 2460 959 2527 oﬂ'ertis
980 2476 1135 2527 super
1157 2460 1332 2514 altare
1363 2478 1535 2517 meum
1573 2480 1763 2534 pancm
1790 2464 2131 2531 pollutum”.
2166 2466 2229 2517 lit
2261 2466 2343 2519 his

763 2554 960 2606 similia
984 2554 1189 2608 addens
1235 2555 1508 2610 subdidit:
1562 2557 1785 2626 Propter
1833 2558 1969 2626 quod
2010 2559 2054 2610 si
2112 2558 2342 2626 offeratis

764 2664 958 2699 circum
989 2648 1059 2700 ad
1093 2649 1491 2708 immolandum,
1528 2666 1698 2703 nonne
1728 2650 1929 2703 malum
1952 2661 2046 2713 est,
2075 2654 2188 2704 etsi
2219 2653 2342 2721 olfe-

765 2738 905 2790 ratis
930 2755 947 2790 .·
971 2738 1218 2791 claudum
1251 2750 1298 2792 et
1318 2740 1648 2811 languidum,
1672 2758 1843 2795 nonne
1858 2743 2057 2796 malum
2080 2755 2154 2797 est
2175 2746 2256 2797 ”?
2281 2746 2344 2798 Et

766 2846 988 2883 rursus:
1016 2833 1271 2899 Magnum
1302 2842 1375 2885 est
1399 2849 1584 2886 nomen
1628 2851 1797 2887 meum
1828 2836 1883 2887 in
1910 2837 2166 2905 gentibus,
2216 2839 2343 2890 dicit

762 2923 1041 2984 Dominus,
1070 2940 1158 2976 vos
1185 2934 1361 2977 autent
1391 2926 1649 2994 polluistis
1691 2927 1825 2980 illud
1854 2929 1907 2980 in
1938 2944 1998 2981 eo
2046 2934 2183 2997 quod
2210 2914 2344 2982 (ίὶέὶ-

766 3014 851 3077 tis,
889 3017 1070 3067 Mensa
1114 3014 1324 3067 Domini
1354 3017 1558 3071 deserta
1606 3019 1769 3070 est”.
1819 3017 1958 3088 Ergo
2014 3019 2068 3072 in
2120 3030 2344 3088 peccato

764 3103 1160 3157 sacriﬁciormn
1187 3106 1281 3159 Dei
1303 3122 1501 3161 nomen
1543 3107 1797 3177 polluunt
1830 3109 2158 3163 sacerdotes.
2190 3109 2343 3165 Unde

766 3210 889 3248 cum
938 3197 1209 3265 lcgislator
1246 3198 1515 3253 dixisset:
1552 3198 1669 3252 Non
1700 3200 1936 3270 polluent
1979 3216 2165 3254 nomen
2206 3201 2338 3270 ejus,

767 3302 875 3341 non
898 3288 1094 3342 frustra
1127 3289 1352 3353 addidit,
1376 3290 1654 3344 Incensum
1683 3294 1825 3347 enim
1851 3293 2083 3357 Domini,
2104 3303 2151 3346 et
2181 3310 2344 3361 panes

768 3377 866 3431 Dei
899 3378 980 3429 sui
1013 3378 1255 3447 oﬂ‘erunt.
1289 3377 1387 3432 Vel
1420 3380 1559 3435 sicut
1592 3382 1750 3448 LXX,
1784 3381 1921 3448 Quia
1965 3385 2063 3453 ipsi
2116 3385 2345 3453 offerunt

768 3468 1031 3536 sacriﬁcia
1060 3468 1194 3533 Dei;
1230 3487 1351 3540 quae
1382 3487 1493 3525 non
1529 3482 1739 3529 tantum
1788 3475 1856 3529 de
1884 3475 2347 3530 irrationabilibus

770 3559 982 3624 bestiis,
1010 3571 1276 3627 quantum
1303 3565 1369 3617 de
1394 3565 1753 3621 rationalibus
1799 3568 2093 3637 principi-rc
2130 3569 2347 3638 legisla—

772 3662 945 3706 torem
970 3663 1025 3707 et
1071 3656 1394 3723 prophetam
1430 3669 1606 3727 putes.
1638 3659 1903 3715 Pollutam
1945 3662 2093 3715 enim
2123 3662 2254 3716 dicit
2294 3672 2349 3717 et

771 3745 1012 3797 ostendit
1059 3744 1270 3800 Domini
1326 3764 1575 3803 mensam
1610 3753 1865 3807 sacerdos
1924 3753 2013 3807 ille
2051 3753 2141 3822 qui
2175 3754 2244 3807 ab
2284 3771 2346 3808 ea

772 3850 867 3887 eos
894 3835 986 3903 qui
1018 3835 1305 3905 iniquitate
1343 3842 1548 3909 peccati
1580 3844 1771 3911 polluti
1800 3854 1947 3909 sunt,
1972 3860 2082 3899 non
2102 3846 2347 3914 praecipit

769 3926 1081 3992 abstinere,
1144 3929 1239 3983 sed
1300 3931 1594 3987 indiscrete
1656 3936 1915 3989 terribilia
1969 3938 2241 4005 permittit
2289 3947 2347 3990 et

770 4029 959 4074 saneta
986 4020 1264 4091 contingi;
1322 4022 1390 4077 de
1428 4024 1629 4093 quibus
1677 4027 1754 4080 ait
1796 4028 2033 4083 Paulus:
2075 4028 2177 4094 Qui
2243 4046 2346 4083 non

768 4114 1015 4166 discernit
1042 4130 1251 4182 corpus,
1270 4116 1536 4184 judicium
1575 4118 1675 4170 sibi
1707 4122 1991 4174 manduca!
2025 4131 2072 4174 et
2126 4123 2252 4175 bibit
2279 4124 2341 4177 ".

769 4203 976 4259 Oﬂeret
1007 4216 1191 4260 autem
1226 4216 1280 4261 et
1313 4208 1568 4263 claudum
1603 4213 1668 4265 ad
1698 4212 1891 4276 altare,
1938 4215 2031 4283 qui
2069 4214 2343 4269 inﬁdelem

768 4299 836 4351 ad
868 4298 1233 4353 ministerium
1265 4302 1557 4370 provehit;
1591 4303 1673 4359 sic
1722 4304 1869 4359 enim
1904 4305 2152 4361 inﬁdeles
2196 4308 2344 4363 Elias

769 4391 1059 4447 Tbesbitcs
1121 4395 1444 4464 appellavit,
1518 4398 1737 4467 quando
1808 4399 2013 4453 Jutlmis
2080 4401 2339 4455 dicebat:

773 4485 1044 4555 Usquequo
1066 4485 1380 4541 claudicatis
1406 4489 1461 4541 in
1490 4500 1767 4560 utramque
1795 4501 1998 4558 portent
2019 4494 2059 4523 ¹⁹
2083 4492 2106 4545 ?
2126 4494 2340 4547 Cacum

1953 418 2318 481 IlESi'Cllll
2357 413 2831 473 l‘llESDY'l'ERl

757 561 914 615 pare,
941 544 1243 598 secundum
1280 544 1425 611 quod
1460 542 1661 596 Paujus
1691 539 1756 593 ad
1803 537 2156 591 Timotheum
2198 534 2336 587 scri—
2369 536 2411 589 Α
2446 544 2612 597 neque
2648 528 3117 581 communicaeeris
3148 529 3373 595 peccatis
3420 526 3615 580 alienis
3654 544 3671 579 :

3930 410 4043 473 103:5

3720 526 4043 587 temetipsum
4112 534 4129 607 ξι

2438 630 2644 674 castum
2685 620 2978 673 custodi“.
3019 620 3161 690 Ergo
3198 635 3360 673 causa
3417 618 3695 673 castitatis
3739 628 3801 671 et
3854 620 4044 670 sancti.

2439 715 2707 769 ﬁeationis
2742 724 2828 768 est
2862 715 3155 777 sacerdoti,
3189 714 3244 767 in
3304 713 3458 767 nu'lo
3516 713 3930 783 praedictorum
3962 729 4043 763 tm-

2438 823 2529 862 sec
2542 807 2609 861 ri.

2513 892 2674 953 Vens.
2722 896 2842 951 7-8.
2885 915 2905 947 ι
2962 894 3216 950 Scortum
3269 908 3324 951 et
3348 897 3453 951 vile
3507 899 3903 966 prostibulum
3955 915 4041 951 nm

2439 990 2602 1044 ducet
2634 1004 2882 1054 uxorem,
2914 1004 3015 1043 nec
3039 1004 3157 1042 eam
3181 1005 3302 1059 qua:
3334 991 3623 1059 repudiata
3655 1001 3747 1043 est
3776 1006 3809 1043 ιι
3846 992 4042 1047 ιιιειιιιη,
4120 976 4129 1035 Ὗ

2439 1082 2566 1150 quia
2592 1090 2942 1136 consecratus
2972 1091 3055 1137 est
3088 1082 3200 1136 Deo
3228 1098 3351 1144 suo,
3372 1093 3422 1136 et
3454 1098 3629 1150 panes
3652 1084 4045 1152 propositiot;ls

2440 1171 2652 1225 oﬂeret.
2686 1176 2769 1226 Sit
2798 1188 2926 1241 ergo
2952 1183 3198 1233 sanctus,
3242 1175 3369 1243 quia
3394 1182 3451 1227 ct
3490 1190 3593 1241 ego
3641 1184 3891 1227 sanctus
3944 1191 4041 1225 sum

2442 1263 2726 1326 Dominus,
2759 1268 2850 1333 qui
2883 1265 3168 1319 sanctiﬁeo
3192 1281 3308 1319 vos.
3348 1284 3368 1315 ι

2512 1353 2772 1409 Mirabilis
2794 1365 2877 1409 est
2906 1370 3146 1424 prtesens
3171 1356 3380 1410 sanctio
3412 1357 3465 1410 in
3495 1354 3637 1409 LXX
3676 1355 4049 1409 translatione.

2442 1446 2566 1515 quia
2608 1446 2749 1500 idem
2806 1447 3122 1501 mandatum
3174 1448 3227 1500 in
3277 1463 3571 1517 personam
3625 1448 3970 1500 multorum.
4013 1460 4052 1495 et

2443 1555 2632 1592 rursus
2662 1540 2713 1592 in
2760 1540 2941 1594 medio
2973 1539 3276 1608 proferens,
3328 1542 3674 1604 advocavit;
3721 1540 3791 1593 Et
3842 1541 4052 1591 manitr-
4128 1544 4129 1608 ι

2444 1638 2587 1682 stum
2628 1630 2819 1697 procul
2847 1630 3016 1684 dubio
3043 1645 3111 1685 ex
3143 1631 3247 1684 hoc
3278 1642 3383 1694 est,
3414 1632 3562 1701 quod
3597 1632 3669 1685 de
3708 1630 4049 1683 "militudine

2444 1721 2663 1789 quidem
2695 1721 3041 1775 sacerdotum
3070 1724 3351 1792 prmcepit,
3382 1725 3436 1775 iu
3482 1739 3656 1775 unum
3712 1732 3912 1775 autem
3956 1738 4046 1771 cca-

2444 1812 2595 1864 nium
2634 1812 3117 1867 sanctiﬁcationem
3163 1814 3409 1878 deduxit,
3444 1814 3606 1867 aiunt
3646 1814 3811 1867 enim
3845 1832 3858 1865 :
3888 1814 4048 1865 Melie-

2446 1918 2555 1955 rem
2585 1904 2907 1956 meretricem
2939 1914 2986 1957 et
3011 1907 3295 1975 profanam
3327 1922 3429 1957 non
3460 1907 3759 1973 accipient,
3808 1915 3871 1958 et
3912 1906 4048 1972 paulu

2444 2004 2586 2061 post,
2622 1993 2848 2048 Sanctus
2872 2000 2969 2050 erit
2991 2014 3008 2050 :
3030 2008 3083 2051 et
3107 2013 3319 2061 rursus,
3346 1996 3710 2063 Sancti/icabo
3740 2014 3893 2055 eunt,
3918 1997 4046 2063 quasi

2444 2088 2511 2139 de
2543 2086 2647 2140 illis
2688 2088 2820 2142 dicit
2858 2090 2948 2158 qui
2980 2090 3164 2151 unius,
3212 2090 3263 2143 id
3291 2100 3376 2143 est
3430 2090 3573 2142 illius
3618 2090 3715 2157 qui
3757 2090 4046 2142 secundum

2444 2181 2690 2234 ordinem
2736 2181 3136 2237 Melchisedech
3172 2183 3539 2236 ministrantis
3573 2182 3834 2236 ollicium
3886 2198 4048 2235 suscr-

2446 2284 2643 2340 perunt
2681 2292 2692 2326 :
2723 2275 2871 2329 illum
2909 2276 3055 2329 enim
3089 2285 3147 2329 et
3175 2276 3289 2344 ipsa
3330 2284 3513 2328 textus
3564 2276 3741 2328 verba
3794 2278 3923 2329 sine
3957 2276 4043 2326 dti-

2445 2365 2683 2420 ﬁcultate
2715 2367 3043 2436 signiﬁcant,
3082 2368 3226 2421 sicut
3260 2376 3414 2421 extra
3446 2376 3693 2421 nostram
3743 2369 4047 2420 translatiu-

2442 2474 2569 2512 nem
2596 2474 2758 2513 etiam
2792 2462 2971 2514 cancri
3005 2461 3367 2529 interpretum
3391 2460 3785 2514 ostenderunt.
3826 2460 4046 2517 Etenim.

2444 2553 2589 2619 quod
2650 2552 2789 2605 LXX
2812 2554 3099 2615 dixerunt,
3138 2555 3288 2607 Dona
3327 2554 3540 2607 Domiti
3597 2554 3698 2606 Dei
3746 2556 3919 2606 vestri
3958 2558 4047 2620 ipse

2444 2646 2639 2712 o/feret.
2671 2646 2742 2698 illi
2762 2646 3082 2700 ediderunt:
3107 2645 3245 2710 Quia
3278 2663 3439 2716 panes
3478 2646 3571 2698 Dei
3606 2648 3689 2699 tui
3714 2648 3835 2716 ipse
3866 2649 4042 2716 oﬂ'eret.

2445 2735 2602 2789 Nullo
2631 2738 2794 2789 modo
2825 2745 3007 2790 autem
3038 2738 3257 2807 ignoras
3290 2738 3418 2806 quia
3452 2737 3874 2792 Melchisedech
3910 2740 4044 2791 obla-

2448 2829 2650 2883 tionem
2680 2837 2735 2882 et
2767 2830 3133 2884 sacerdotium
3166 2831 3221 2884 in
3251 2831 3486 2899 panibus
3509 2832 3865 2900 possidebat.
3894 2831 4009 2895 Pro;
4029 2860 4044 2868 -

2445 2926 2529 2971 ter
2565 2920 2707 2986 quod
2758 2929 2813 2972 et
2844 2920 3076 2974 Abrahae
3113 2936 3284 2990 panes
3332 2937 3527 2991 gerens
3558 2931 3612 2974 et
3692 2922 3917 2982 vinum,
3943 2936 4043 2987 qur

2443 3008 2601 3061 erant
2632 3010 2786 3079 signa
2825 3010 2947 3079 ejus
2977 3011 3289 3077 sacerdotii,
3326 3012 3606 3066 occurrit:
3642 3012 3887 3082 gerebat
3912 3012 4042 3063 enim

2446 3100 2737 3171 imaginem
2786 3101 3010 3164 Clu-isti,
3055 3103 3123 3155 de
3161 3119 3270 3172 quo
3311 3102 3476 3156 David
3528 3112 3751 3171 patrem
3804 3102 4045 3156 exhibuit

2399 3256 2412 3272 '
2445 3192 2502 3245 iu
2529 3193 2814 3262 prephetia
2845 3194 3117 3248 dicentem
3151 3213 3164 3247 :
3199 3194 3270 3247 Tu
3306 3212 3358 3249 es
3390 3195 3652 3249 Sacerdos
3682 3197 3743 3248 in
3767 3206 4045 3251 internum.

2446 3285 2729 3337 secundum
2787 3286 3025 3340 ordinem
3078 3287 3447 3342 Melchisedech
3486 3289 3553 3341 ".
3604 3288 3787 3356 Cujus
3832 3296 3892 3340 et
3921 3302 4047 3339 Itone

2450 3376 2721 3445 legislator
2751 3376 2841 3431 hic
2861 3377 3183 3448 dignitatem
3212 3394 3321 3433 non
3366 3379 3543 3433 solum
3584 3394 3800 3447 panum
3850 3396 4047 3432 memo-

2452 3466 2585 3519 riam
2630 3466 2835 3522 faciens
2860 3470 3102 3523 ostendit
3137 3487 3151 3522 :
3185 3470 3280 3523 sed
3320 3478 3375 3524 et
3408 3469 3823 3537 subsequentia
3874 3470 4045 3529 verba,

2449 3558 2493 3611 si
2511 3574 2701 3613 eorum
2717 3560 2972 3615 subtilius
2985 3562 3234 3616 ordinem
3252 3563 3623 3624 attendamus,
3644 3561 3757 3615 hoc
3772 3562 4048 3616 evidenter

2448 3647 2704 3710 innuunt.
2732 3652 2857 3720 quia
2896 3653 3243 3707 sacerdotum
3271 3653 3635 3707 sanctiﬁcatio
3673 3653 3751 3706 ad
3779 3653 4045 3705 Christum

2446 3738 2642 3803 tendit,
2666 3756 2776 3795 non
2798 3743 2974 3797 solum
2993 3744 3116 3812 quia
3143 3745 3213 3798 ab
3230 3760 3295 3799 eo
3312 3744 3605 3798 sacerdotii
3633 3743 3820 3814 legem
3848 3754 3908 3797 et
3937 3760 4042 3797 mo-

2447 3827 2578 3882 dum
2607 3842 2959 3900 acceperunt,
2994 3835 3090 3888 sed
3120 3836 3247 3904 quia
3289 3836 3689 3890 sacriﬁciorum
3724 3851 3859 3905 qua:
3889 3840 3959 3892 ab
3979 3839 4045 3889 eis

2449 3921 2775 3989 oﬁ'eruutur,
2830 3934 2991 3993 atque
3046 3928 3410 3991 oblationem,
3463 3929 3581 3998 ipse
3640 3931 3800 3997 apud
3850 3941 4045 3999 patrem

2450 4012 2716 4067 mediator
2753 4022 2855 4068 est.
2884 4016 2952 4069 Et
2973 4026 3259 4086 propterea
3288 4018 3401 4071 ait:

2520 4129 2795 4181 Incensum
2844 4130 2985 4181 enim
3014 4128 3229 4182 Domini
3274 4142 3323 4183 et
3348 4148 3512 4199 panes
3547 4132 3643 4185 Dei
3681 4134 3773 4185 sui
3815 4136 4043 4203 aferunt.

2449 4216 2575 4271 Sive
2600 4218 2898 4295 secundum
2924 4218 3094 4273 LXX:
3124 4220 3273 4273 Dona
3297 4222 3509 4276 Domini
3534 4225 3692 4276 vestri
3722 4226 3843 4291 ipse
3864 4228 4041 4295 offeret.

2447 4309 2557 4364 Cur
2584 4292 2765 4365 autem
2793 4312 3002 4366 addidit
3026 4332 3039 4368 :
3066 4311 3146 4368 Sit
3169 4332 3290 4385 ergo
3320 4326 3555 4381 sanctus,
3573 4318 3702 4386 quia
3731 4329 3787 4371 et
3825 4292 3919 4389 ego
3945 4337 4043 4371 sunt

2448 4415 2660 4455 sanctus
2694 4402 2971 4470 Dominus,
2996 4404 3086 4473 qui
3130 4407 3403 4474 sancti/ica
3436 4409 3562 4463 vos?
3591 4409 3717 4463 Non
3757 4411 3920 4473 dixit,
3957 4413 4039 4476 Qui

2446 4494 2726 4548 sanctiﬁeo
2776 4502 2863 4555 te,
2912 4508 2983 4548 ne
3014 4494 3153 4548 forte
3185 4496 3465 4551 existimes
3514 4498 3670 4551 illum
3719 4501 4037 4554 sanctiﬁcari

766 4586 823 4631 et
849 4579 1076 4632 surdmu
1105 4580 1377 4647 provehit,
1409 4581 1502 4649 qui
1538 4582 1921 4637 inobedientia:
1969 4585 2051 4637 vel
2084 4584 2340 4653 ignoran-
2380 4628 2421 4680 ο
2446 4587 2536 4657 qui
2566 4588 2705 4640 dona
2742 4586 2807 4640 ad
2837 4587 3077 4651 Patrem,
3109 4601 3167 4641 ut
3194 4589 3462 4643 mediator
3499 4591 3725 4653 otTeret,
3771 4595 3872 4646 sed
3928 4611 4037 4646 sau-

767 4668 856 4721 tiae.
890 4666 983 4721 Dei
1029 4668 1224 4722 morbo
1278 4669 1614 4724 laborantem
1666 4672 1958 4740 producit;
2014 4673 2082 4727 de
2136 4675 2338 4742 quibus

764 4760 933 4815 Isaias
963 4762 1135 4816 Deum
1177 4778 1334 4816 suum
1363 4764 1663 4819 introduxit
1691 4765 1995 4819 dicentem:
2035 4767 2213 4831 Surdi,
2243 4786 2342 4820 (m-

765 4852 893 4917 dite,
934 4863 985 4904 et
1030 4852 1172 4917 cwci,
1222 4852 1519 4925 intelligite.
1572 4852 1697 4918 Quis
1752 4872 1939 4920 ca'cus,
2006 4858 2105 4910 nisi
2154 4856 2343 4913 Servus

764 4944 945 4997 meus?
987 4953 1035 4997 et
1074 4945 1191 5015 quis
1235 4948 1444 5011 surdus,
1496 4948 1598 5000 nisi
1641 4949 1712 5001 ad
1761 4966 1913 5017 quem
1957 4952 2165 5003 nuntios
2206 4970 2343 5005 neos

764 5037 887 5091 misi
902 5037 987 5090 "?
1015 5037 1243 5103 Quando
1280 5056 1410 5110 ergo
1444 5043 1543 5097 hos
1568 5042 1660 5111 qui
1702 5044 1837 5097 tales
1873 5053 2023 5109 sunt,
2048 5043 2247 5098 oﬁ‘erre
2275 5048 2339 5098 ad

763 5130 935 5184 altare
972 5139 1027 5185 ct
1053 5133 1331 5202 suscipere
1363 5135 1650 5204 mysticum
1683 5135 2048 5190 ministerium
2090 5138 2341 5191 sacerdos

766 5222 1135 5290 proposuerit,
1166 5238 1349 5277 nonne
1401 5224 1820 5293 polluitnomcn
1874 5226 1970 5279 Dei
2000 5227 2119 5280 sui?
2164 5244 2343 5297 neque.

766 5312 912 5366 enim
946 5312 1049 5367 crit
1093 5314 1144 5369 ei
1201 5314 1305 5367 hoc
1354 5316 1477 5370 sine
1542 5317 1832 5371 maledicto
1868 5326 1924 5372 ct
1966 5319 2341 5382 detractione,

768 5411 958 5474 utpote
988 5405 1425 5473 qui'ministrare
1474 5407 1585 5463 Deo
1618 5409 1791 5465 malos
1829 5410 2097 5479 praecipit.
2150 5411 2257 5464 Sed
2293 5423 2346 5464 et

770 5496 889 5565 ipse
914 5507 1137 5552 sanctus
1166 5499 1291 5565 erit,
1323 5501 1392 5555 ab
1417 5500 1504 5555 his
1534 5516 1593 5556 se
1615 5502 1940 5568 continens;
1974 5504 2116 5571 quod
2145 5515 2347 5558 osten-

772 5588 852 5643 dit
894 5590 1099 5646 Paulus
1131 5591 1357 5648 dicens:
1401 5592 1596 5647 Manus
1645 5596 1747 5647 cito
1779 5595 1976 5648 nemini
2015 5596 2344 5665 imposueris,

852 5789 961 5843 "Il
989 5790 1125 5842 Tim,
1175 5806 1246 5853 tv,
1289 5789 1343 5842 9..
1417 5790 1459 5821 ⁸³
1487 5792 1615 5845 ibid.
1664 5791 1714 5841 .‘i.

1797 5791 1835 5820 "
1867 5789 2097 5859 Philipp.
2142 5808 2219 5855 III,
2245 5793 2298 5844 εὶ.

775 5856 863 5912 2).
942 5861 983 5891 ‘9
1016 5860 1078 5913 lll
1116 5860 1243 5931 lleg.
1274 5876 1428 5927 xvnt,
1462 5861 1549 5915 2i.

1630 5862 1674 5892 ²⁰
1702 5862 1803 5915 lsa.
1844 5877 1948 5927 xu,
1996 5862 2191 5917 18.19.

2382 5794 2421 5822 ”
2456 5792 2680 5847 Malaeb.
2709 5809 2746 5847 ι.
2776 5795 2824 5845 7.

2274 5864 2314 5893 “
2344 5864 2364 5918 Ι
2396 5861 2535 5917 'litn.
2572 5881 2621 5929 v,
2647 5862 2732 5916 32.

2452 4679 2691 4746 cti/icans
2718 4695 2823 4741 vos,
2856 4679 3107 4733 videlicet
3129 4680 3220 4748 qui
3248 4680 3301 4733 in
3329 4681 3448 4749 ejus
3473 4681 3705 4751 ﬁguram
3739 4686 4039 4738 sacerdotis

2454 4773 2708 4827 Ecclesia:
2744 4774 3021 4827 constituti
3054 4783 3203 4828 sunt.
3246 4774 3387 4839 Quid
3414 4791 3543 4846 ergo
3570 4793 3809 4831 necesse
3841 4788 3956 4833 erat
3974 4780 4035 4831 sic

2452 4866 2615 4917 verba
2642 4866 2913 4927 connecti,
2935 4876 3029 4919 aut
3052 4882 3217 4935 quam
3241 4867 3472 4921 omnino
3504 4869 3672 4921 habet
3705 4886 4035 4939 consequen-

2452 4957 2580 5010 tiam
2632 4957 2815 5008 talium
2840 4956 3071 5024 prolatio
3099 4958 3390 5012 verborum
3414 4958 3469 5011 in
3496 4960 3865 5016 translatione
3883 4962 4031 5015 LXX:

2452 5044 2677 5099 Sanctus
2726 5046 2844 5109 erit,
2893 5048 3016 5115 quia
3066 5058 3280 5100 sanctus
3328 5065 3466 5112 sum,
3516 5066 3609 5119 ego
3654 5049 3923 5105 Dominus
3964 5054 4034 5121 τιεί

2452 5138 2720 5204 sancti/iro
2777 5154 2863 5190 vos
2901 5139 2926 5190 .9
2966 5137 3229 5207 Superius
3278 5141 3426 5194 enim
3475 5142 3943 5199 sanctiﬁcationis
3995 5147 4031 5196 ci

2454 5228 2825 5282 testimonium
2855 5230 3140 5297 prmbitum
3165 5240 3269 5293 est,
3292 5233 3432 5285 sicut
3456 5234 3705 5300 praedicti
3730 5236 4030 5297 ediderunt.

2454 5322 2731 5375 dicentes:
2764 5322 2899 5385 Quia
2931 5334 3144 5376 sanctus
3167 5335 3239 5376 est
3270 5324 3489 5377 Domino
3522 5326 3629 5379 Deo
3658 5343 3780 5379 suo.
3815 5328 4032 5394 Quomo-

2454 5414 2524 5467 do
2559 5429 2687 5483 ergo
2733 5429 2925 5466 rursus
2957 5414 3173 5473 inferet.
3218 5415 3285 5468 Et
3314 5418 3671 5485 sancti/icabis
3704 5437 3831 5472 eum
3858 5422 3883 5473 .’
3904 5420 4031 5474 Dona

2458 5505 2593 5557 enim
2626 5504 2831 5555 Domini
2865 5503 2958 5557 Dei
2988 5506 3143 5557 vestri
3175 5506 3284 5572 ipse
3329 5507 3527 5575 oﬂ'eret.
3577 5506 3708 5560 Tria
3764 5526 3901 5578 ergo
3940 5511 4031 5563 haic

2458 5611 2555 5664 per
2591 5610 2653 5649 ea
2682 5611 2800 5665 qua:
2830 5595 2970 5650 dicta
3002 5606 3128 5650 sunt
3153 5597 3409 5661 ostendit,
3445 5598 3497 5651 id
3525 5606 3607 5652 est
3642 5600 3776 5668 quia
3805 5601 4031 5654 Christus

2903 5793 2942 5820 ιθ
2971 5792 3097 5844 ibid.
3130 5792 3180 5845 8.

2816 5863 2859 5892 "
2902 5862 3038 5915 i’sal.
3073 5877 3177 5927 CIX,
3208 5863 3256 5916 4.

3266 5794 3303 5824 ¹⁷
3337 5794 3472 5848 ibid.
3514 5795 3598 5849 ll.
3684 5796 3775 5851 "1
3817 5797 3939 5852 Cor.
3969 5814 4027 5859 xi.
