  <div class='ocr_page' id='page_1' title='image "/cluster/home/n/w/nwhite01/storage/ocr_20150623/93/nnc1.0046980059/518.png"; bbox 0 0 4158 6450; ppageno 0'>
   <div class='ocr_carea' id='block_1_1' title="bbox 162 369 311 435">
    <p class='ocr_par' dir='ltr' id='par_1_1' title="bbox 162 369 311 435">
     <span class='ocr_line' id='line_1_1' title="bbox 162 369 311 435; baseline -0.007 -3"><span class='ocrx_word' id='word_1_1' title='bbox 162 369 184 432; x_wconf 83' lang='grc' dir='ltr'><strong>Ῑ</strong></span> <span class='ocrx_word' id='word_1_2' title='bbox 201 372 311 435; x_wconf 78' lang='grc'><strong>057</strong></span> 
     </span>
    </p>
   </div>
   <div class='ocr_carea' id='block_1_2' title="bbox 1308 371 2301 433">
    <p class='ocr_par' dir='ltr' id='par_1_2' title="bbox 1308 371 2301 433">
     <span class='ocr_line' id='line_1_2' title="bbox 1308 371 2301 433; baseline 0.002 -3"><span class='ocrx_word' id='word_1_3' title='bbox 1308 374 1388 430; x_wconf 71' lang='lat' dir='ltr'><strong>I.\&#39;</strong></span> <span class='ocrx_word' id='word_1_4' title='bbox 1431 371 1866 433; x_wconf 60' lang='lat' dir='ltr'><strong>LEVITiCUBI.</strong></span> <span class='ocrx_word' id='word_1_5' title='bbox 1916 398 1979 408; x_wconf 94' lang='grc'><strong><em>-</em></strong></span> <span class='ocrx_word' id='word_1_6' title='bbox 2019 374 2164 433; x_wconf 76' lang='lat' dir='ltr'><strong>LIB.</strong></span> <span class='ocrx_word' id='word_1_7' title='bbox 2203 374 2301 432; x_wconf 70' lang='lat' dir='ltr'><strong>Vl.</strong></span> 
     </span>
    </p>
   </div>
   <div class='ocr_carea' id='block_1_3' title="bbox 3308 377 3441 442">
    <p class='ocr_par' dir='ltr' id='par_1_3' title="bbox 3308 377 3441 442">
     <span class='ocr_line' id='line_1_3' title="bbox 3308 377 3441 442; baseline 0.008 -1"><span class='ocrx_word' id='word_1_8' title='bbox 3308 377 3441 442; x_wconf 77' lang='lat'><strong>1058</strong></span> 
     </span>
    </p>
   </div>
   <div class='ocr_carea' id='block_1_4' title="bbox 145 487 3443 561">
    <p class='ocr_par' dir='ltr' id='par_1_4' title="bbox 145 487 3443 561">
     <span class='ocr_line' id='line_1_4' title="bbox 145 487 3443 561; baseline 0.003 -24"><span class='ocrx_word' id='word_1_9' title='bbox 145 487 460 544; x_wconf 78' lang='lat' dir='ltr'><strong>secundum</strong></span> <span class='ocrx_word' id='word_1_10' title='bbox 493 487 633 555; x_wconf 85' lang='lat' dir='ltr'><strong>quod</strong></span> <span class='ocrx_word' id='word_1_11' title='bbox 680 495 762 541; x_wconf 82' lang='lat' dir='ltr'><strong>est</strong></span> <span class='ocrx_word' id='word_1_12' title='bbox 801 487 964 551; x_wconf 82' lang='lat' dir='ltr'><strong>Deus,</strong></span> <span class='ocrx_word' id='word_1_13' title='bbox 1001 497 1053 540; x_wconf 81' lang='lat' dir='ltr'><strong>et</strong></span> <span class='ocrx_word' id='word_1_14' title='bbox 1077 498 1295 540; x_wconf 77' lang='lat' dir='ltr'><strong>sanctus</strong></span> <span class='ocrx_word' id='word_1_15' title='bbox 1327 500 1430 544; x_wconf 76' lang='lat' dir='ltr'><strong>est.</strong></span> <span class='ocrx_word' id='word_1_16' title='bbox 1469 505 1497 540; x_wconf 89' lang='lat' dir='ltr'><strong>a</strong></span> <span class='ocrx_word' id='word_1_17' title='bbox 1547 500 1717 542; x_wconf 77' lang='lat' dir='ltr'><strong>semet</strong></span> <span class='ocrx_word' id='word_1_18' title='bbox 1782 498 1819 549; x_wconf 67' lang='grc' dir='ltr'>Α</span> <span class='ocrx_word' id='word_1_19' title='bbox 1856 489 2219 558; x_wconf 61' lang='lat' dir='ltr'><strong>legitimorum</strong></span> <span class='ocrx_word' id='word_1_20' title='bbox 2247 489 2524 557; x_wconf 71' lang='lat' dir='ltr'><strong>prmdicct,</strong></span> <span class='ocrx_word' id='word_1_21' title='bbox 2549 506 2649 543; x_wconf 87' lang='lat' dir='ltr'><strong>uec</strong></span> <span class='ocrx_word' id='word_1_22' title='bbox 2703 502 2883 545; x_wconf 88' lang='lat' dir='ltr'><strong>utatur</strong></span> <span class='ocrx_word' id='word_1_23' title='bbox 2910 492 2988 545; x_wconf 79' lang='lat' dir='ltr'><strong>eis</strong></span> <span class='ocrx_word' id='word_1_24' title='bbox 3015 492 3213 561; x_wconf 83' lang='lat' dir='ltr'><strong>quibus</strong></span> <span class='ocrx_word' id='word_1_25' title='bbox 3240 494 3326 547; x_wconf 86' lang='lat' dir='ltr'><strong>illa</strong></span> <span class='ocrx_word' id='word_1_26' title='bbox 3352 514 3443 549; x_wconf 82' lang='lat' dir='ltr'><strong>sc-</strong></span> 
     </span>
    </p>
   </div>
   <div class='ocr_carea' id='block_1_5' title="bbox 148 579 1747 644">
    <p class='ocr_par' dir='ltr' id='par_1_5' title="bbox 148 579 1747 644">
     <span class='ocr_line' id='line_1_5' title="bbox 148 579 1747 644; baseline 0.003 -17"><span class='ocrx_word' id='word_1_27' title='bbox 148 580 278 644; x_wconf 62' lang='lat' dir='ltr'><strong>ipso</strong></span> <span class='ocrx_word' id='word_1_28' title='bbox 293 579 519 631; x_wconf 71' lang='lat' dir='ltr'><strong>Sﬂltt&#39;liiit</strong></span> <span class='ocrx_word' id='word_1_29' title='bbox 539 579 773 631; x_wconf 75' lang='lat' dir='ltr'><strong>atinuem</strong></span> <span class='ocrx_word' id='word_1_30' title='bbox 793 579 998 631; x_wconf 85' lang='lat' dir='ltr'><strong>habens</strong></span> <span class='ocrx_word' id='word_1_31' title='bbox 1016 579 1127 640; x_wconf 81' lang='lat' dir='ltr'><strong>,scd</strong></span> <span class='ocrx_word' id='word_1_32' title='bbox 1145 588 1192 632; x_wconf 90' lang='lat' dir='ltr'><strong>et</strong></span> <span class='ocrx_word' id='word_1_33' title='bbox 1217 595 1313 631; x_wconf 78' lang='lat' dir='ltr'><strong>nos</strong></span> <span class='ocrx_word' id='word_1_34' title='bbox 1328 581 1747 641; x_wconf 77' lang='lat' dir='ltr'><strong>sanctiﬁcamus;</strong></span> 
     </span>
    </p>
   </div>
   <div class='ocr_carea' id='block_1_6' title="bbox 141 666 1751 739">
    <p class='ocr_par' dir='ltr' id='par_1_6' title="bbox 141 666 1751 739">
     <span class='ocr_line' id='line_1_6' title="bbox 141 666 1751 739; baseline 0.002 -22"><span class='ocrx_word' id='word_1_35' title='bbox 141 669 221 717; x_wconf 78' lang='lat' dir='ltr'><strong>de</strong></span> <span class='ocrx_word' id='word_1_36' title='bbox 254 683 361 735; x_wconf 82' lang='lat' dir='ltr'><strong>quo</strong></span> <span class='ocrx_word' id='word_1_37' title='bbox 395 667 525 719; x_wconf 84' lang='lat' dir='ltr'><strong>tli\it</strong></span> <span class='ocrx_word' id='word_1_38' title='bbox 556 668 751 720; x_wconf 79' lang='lat' dir='ltr'><strong>l‘aultts</strong></span> <span class='ocrx_word' id='word_1_39' title='bbox 788 686 799 719; x_wconf 89' lang='lat'><strong>:</strong></span> <span class='ocrx_word' id='word_1_40' title='bbox 842 666 942 730; x_wconf 87' lang='lat' dir='ltr'><strong>Qui</strong></span> <span class='ocrx_word' id='word_1_41' title='bbox 986 668 1281 736; x_wconf 59' lang='lat' dir='ltr'><strong>sanctiﬁcat</strong></span> <span class='ocrx_word' id='word_1_42' title='bbox 1307 680 1353 721; x_wconf 77' lang='lat' dir='ltr'><strong>et</strong></span> <span class='ocrx_word' id='word_1_43' title='bbox 1384 671 1473 739; x_wconf 90' lang='lat' dir='ltr'><strong>qui</strong></span> <span class='ocrx_word' id='word_1_44' title='bbox 1509 672 1751 737; x_wconf 77' lang='lat' dir='ltr'><strong>sancti/i-</strong></span> 
     </span>
    </p>
   </div>
   <div class='ocr_carea' id='block_1_7' title="bbox 141 760 1752 830">
    <p class='ocr_par' dir='ltr' id='par_1_7' title="bbox 141 760 1752 830">
     <span class='ocr_line' id='line_1_7' title="bbox 141 760 1752 830; baseline 0.003 -21"><span class='ocrx_word' id='word_1_45' title='bbox 141 769 366 821; x_wconf 72' lang='lat' dir='ltr'><strong>rantttr,</strong></span> <span class='ocrx_word' id='word_1_46' title='bbox 414 776 478 811; x_wconf 72' lang='lat' dir='ltr'><strong>ea:</strong></span> <span class='ocrx_word' id='word_1_47' title='bbox 537 777 639 812; x_wconf 89' lang='lat' dir='ltr'><strong>uno</strong></span> <span class='ocrx_word' id='word_1_48' title='bbox 681 777 857 813; x_wconf 86' lang='lat' dir='ltr'><strong>omnes</strong></span> <span class='ocrx_word' id='word_1_49' title='bbox 891 760 957 812; x_wconf 72' lang='grc'><strong>’³.</strong></span> <span class='ocrx_word' id='word_1_50' title='bbox 1014 760 1119 813; x_wconf 86' lang='lat' dir='ltr'><strong>Sed</strong></span> <span class='ocrx_word' id='word_1_51' title='bbox 1164 761 1249 813; x_wconf 84' lang='lat' dir='ltr'><strong>ille</strong></span> <span class='ocrx_word' id='word_1_52' title='bbox 1291 762 1509 830; x_wconf 93' lang='lat' dir='ltr'><strong>quidem</strong></span> <span class='ocrx_word' id='word_1_53' title='bbox 1559 781 1588 814; x_wconf 76' lang='grc' dir='ltr'>ει</span> <span class='ocrx_word' id='word_1_54' title='bbox 1643 761 1752 814; x_wconf 81' lang='lat' dir='ltr'><strong>Deo</strong></span> 
     </span>
    </p>
   </div>
   <div class='ocr_carea' id='block_1_8' title="bbox 143 850 1748 916">
    <p class='ocr_par' dir='ltr' id='par_1_8' title="bbox 143 850 1748 916">
     <span class='ocr_line' id='line_1_8' title="bbox 143 850 1748 916; baseline 0.004 -15"><span class='ocrx_word' id='word_1_55' title='bbox 143 866 328 903; x_wconf 82' lang='lat' dir='ltr'><strong>unum</strong></span> <span class='ocrx_word' id='word_1_56' title='bbox 376 850 550 904; x_wconf 90' lang='lat' dir='ltr'><strong>solum</strong></span> <span class='ocrx_word' id='word_1_57' title='bbox 602 850 798 915; x_wconf 85' lang='lat' dir='ltr'><strong>Filius,</strong></span> <span class='ocrx_word' id='word_1_58' title='bbox 833 852 927 905; x_wconf 84' lang='lat' dir='ltr'><strong>scd</strong></span> <span class='ocrx_word' id='word_1_59' title='bbox 959 861 1013 906; x_wconf 88' lang='lat' dir='ltr'><strong>ct</strong></span> <span class='ocrx_word' id='word_1_60' title='bbox 1039 852 1131 905; x_wconf 68' lang='lat' dir='ltr'><strong>liti</strong></span> <span class='ocrx_word' id='word_1_61' title='bbox 1172 862 1387 916; x_wconf 88' lang='lat' dir='ltr'><strong>natura,</strong></span> <span class='ocrx_word' id='word_1_62' title='bbox 1426 870 1527 909; x_wconf 90' lang='lat' dir='ltr'><strong>nos</strong></span> <span class='ocrx_word' id='word_1_63' title='bbox 1570 864 1748 908; x_wconf 85' lang='lat' dir='ltr'><strong>autem</strong></span> 
     </span>
    </p>
   </div>
   <div class='ocr_carea' id='block_1_9' title="bbox 139 942 1751 1014">
    <p class='ocr_par' dir='ltr' id='par_1_9' title="bbox 139 942 1751 1014">
     <span class='ocr_line' id='line_1_9' title="bbox 139 942 1751 1014; baseline 0.003 -22"><span class='ocrx_word' id='word_1_64' title='bbox 139 942 374 1009; x_wconf 65' lang='lat' dir='ltr'><strong>gratia;</strong></span> <span class='ocrx_word' id='word_1_65' title='bbox 430 953 653 1012; x_wconf 82' lang='lat' dir='ltr'><strong>propter</strong></span> <span class='ocrx_word' id='word_1_66' title='bbox 705 943 848 1013; x_wconf 87' lang='lat' dir='ltr'><strong>quod</strong></span> <span class='ocrx_word' id='word_1_67' title='bbox 900 945 988 998; x_wconf 88' lang='lat' dir='ltr'><strong>ille</strong></span> <span class='ocrx_word' id='word_1_68' title='bbox 1032 945 1249 1014; x_wconf 61' lang='lat' dir='ltr'><strong>quidem</strong></span> <span class='ocrx_word' id='word_1_69' title='bbox 1285 946 1604 1010; x_wconf 87' lang='lat' dir='ltr'><strong>sanctiﬁcat,</strong></span> <span class='ocrx_word' id='word_1_70' title='bbox 1652 962 1751 999; x_wconf 82' lang='lat' dir='ltr'><strong>nos</strong></span> 
     </span>
    </p>
   </div>
   <div class='ocr_carea' id='block_1_10' title="bbox 139 1034 1747 1106">
    <p class='ocr_par' dir='ltr' id='par_1_10' title="bbox 139 1034 1747 1106">
     <span class='ocr_line' id='line_1_10' title="bbox 139 1034 1747 1106; baseline 0.006 -23"><span class='ocrx_word' id='word_1_71' title='bbox 139 1043 337 1084; x_wconf 72' lang='lat' dir='ltr'><strong>autem</strong></span> <span class='ocrx_word' id='word_1_72' title='bbox 360 1034 781 1094; x_wconf 83' lang='lat' dir='ltr'><strong>sanctiﬁeamur;</strong></span> <span class='ocrx_word' id='word_1_73' title='bbox 803 1035 1100 1088; x_wconf 66' lang='lat' dir='ltr'><strong>secundum</strong></span> <span class='ocrx_word' id='word_1_74' title='bbox 1120 1045 1298 1090; x_wconf 79' lang='lat' dir='ltr'><strong>autem</strong></span> <span class='ocrx_word' id='word_1_75' title='bbox 1316 1038 1457 1106; x_wconf 85' lang='lat' dir='ltr'><strong>quod</strong></span> <span class='ocrx_word' id='word_1_76' title='bbox 1478 1039 1747 1092; x_wconf 85' lang='lat' dir='ltr'><strong>incarnari</strong></span> 
     </span>
    </p>
   </div>
   <div class='ocr_carea' id='block_1_11' title="bbox 139 1123 1749 1197">
    <p class='ocr_par' dir='ltr' id='par_1_11' title="bbox 139 1123 1749 1197">
     <span class='ocr_line' id='line_1_11' title="bbox 139 1123 1749 1197; baseline 0.006 -23"><span class='ocrx_word' id='word_1_77' title='bbox 139 1123 199 1175; x_wconf 71' lang='lat' dir='ltr'><strong>ei</strong></span> <span class='ocrx_word' id='word_1_78' title='bbox 236 1123 456 1190; x_wconf 84' lang='lat' dir='ltr'><strong>placuit,</strong></span> <span class='ocrx_word' id='word_1_79' title='bbox 484 1132 536 1177; x_wconf 85' lang='lat' dir='ltr'><strong>et</strong></span> <span class='ocrx_word' id='word_1_80' title='bbox 564 1140 669 1177; x_wconf 91' lang='lat' dir='ltr'><strong>non</strong></span> <span class='ocrx_word' id='word_1_81' title='bbox 703 1126 879 1178; x_wconf 88' lang='lat' dir='ltr'><strong>solum</strong></span> <span class='ocrx_word' id='word_1_82' title='bbox 906 1126 1260 1187; x_wconf 86' lang='lat' dir='ltr'><strong>sacriﬁcium,</strong></span> <span class='ocrx_word' id='word_1_83' title='bbox 1301 1129 1394 1181; x_wconf 89' lang='lat' dir='ltr'><strong>sed</strong></span> <span class='ocrx_word' id='word_1_84' title='bbox 1421 1136 1475 1182; x_wconf 83' lang='lat' dir='ltr'><strong>et</strong></span> <span class='ocrx_word' id='word_1_85' title='bbox 1503 1130 1749 1197; x_wconf 76' lang='lat' dir='ltr'><strong>pontifex</strong></span> 
     </span>
    </p>
   </div>
   <div class='ocr_carea' id='block_1_12' title="bbox 142 1214 1749 1282">
    <p class='ocr_par' dir='ltr' id='par_1_12' title="bbox 142 1214 1749 1282">
     <span class='ocr_line' id='line_1_12' title="bbox 142 1214 1749 1282; baseline 0.005 -16"><span class='ocrx_word' id='word_1_86' title='bbox 142 1214 295 1278; x_wconf 71' lang='lat' dir='ltr'><strong>fieri,</strong></span> <span class='ocrx_word' id='word_1_87' title='bbox 322 1217 619 1270; x_wconf 89' lang='lat' dir='ltr'><strong>secundum</strong></span> <span class='ocrx_word' id='word_1_88' title='bbox 650 1217 750 1270; x_wconf 89' lang='lat' dir='ltr'><strong>hoc</strong></span> <span class='ocrx_word' id='word_1_89' title='bbox 784 1216 1021 1279; x_wconf 83' lang='lat' dir='ltr'><strong>Patrem,</strong></span> <span class='ocrx_word' id='word_1_90' title='bbox 1055 1229 1108 1271; x_wconf 89' lang='lat' dir='ltr'><strong>et</strong></span> <span class='ocrx_word' id='word_1_91' title='bbox 1141 1220 1451 1282; x_wconf 87' lang='lat' dir='ltr'><strong>Dominum,</strong></span> <span class='ocrx_word' id='word_1_92' title='bbox 1486 1230 1548 1274; x_wconf 85' lang='lat' dir='ltr'><strong>ct.</strong></span> <span class='ocrx_word' id='word_1_93' title='bbox 1583 1221 1749 1275; x_wconf 88' lang='lat' dir='ltr'><strong>Deum</strong></span> 
     </span>
    </p>
   </div>
   <div class='ocr_carea' id='block_1_13' title="bbox 147 1308 1747 1382">
    <p class='ocr_par' dir='ltr' id='par_1_13' title="bbox 147 1308 1747 1382">
     <span class='ocr_line' id='line_1_13' title="bbox 147 1308 1747 1382; baseline 0.005 -23"><span class='ocrx_word' id='word_1_94' title='bbox 147 1308 361 1361; x_wconf 82' lang='lat' dir='ltr'><strong>habere</strong></span> <span class='ocrx_word' id='word_1_95' title='bbox 406 1309 624 1371; x_wconf 90' lang='lat' dir='ltr'><strong>dicitur,</strong></span> <span class='ocrx_word' id='word_1_96' title='bbox 669 1312 808 1363; x_wconf 91' lang='lat' dir='ltr'><strong>sicut</strong></span> <span class='ocrx_word' id='word_1_97' title='bbox 847 1309 963 1378; x_wconf 81' lang='lat' dir='ltr'><strong>ipse</strong></span> <span class='ocrx_word' id='word_1_98' title='bbox 1004 1312 1070 1363; x_wconf 89' lang='lat' dir='ltr'><strong>ad</strong></span> <span class='ocrx_word' id='word_1_99' title='bbox 1106 1311 1333 1365; x_wconf 81' lang='lat' dir='ltr'><strong>Mariam</strong></span> <span class='ocrx_word' id='word_1_100' title='bbox 1380 1312 1747 1382; x_wconf 77' lang='lat' dir='ltr'><strong>Magdelcnam</strong></span> 
     </span>
    </p>
   </div>
   <div class='ocr_carea' id='block_1_14' title="bbox 141 1400 1751 1472">
    <p class='ocr_par' dir='ltr' id='par_1_14' title="bbox 141 1400 1751 1472">
     <span class='ocr_line' id='line_1_14' title="bbox 141 1400 1751 1472; baseline 0.004 -19"><span class='ocrx_word' id='word_1_101' title='bbox 141 1400 290 1453; x_wconf 78' lang='lat' dir='ltr'><strong>dixit</strong></span> <span class='ocrx_word' id='word_1_102' title='bbox 326 1417 338 1453; x_wconf 91' lang='lat'><strong>:</strong></span> <span class='ocrx_word' id='word_1_103' title='bbox 374 1401 510 1454; x_wconf 79' lang='lat' dir='ltr'><strong>Vade</strong></span> <span class='ocrx_word' id='word_1_104' title='bbox 544 1401 613 1453; x_wconf 89' lang='lat' dir='ltr'><strong>ad</strong></span> <span class='ocrx_word' id='word_1_105' title='bbox 647 1404 839 1472; x_wconf 77' lang='lat' dir='ltr'><strong>fratres</strong></span> <span class='ocrx_word' id='word_1_106' title='bbox 883 1418 1019 1455; x_wconf 83' lang='lat' dir='ltr'><strong>meos</strong></span> <span class='ocrx_word' id='word_1_107' title='bbox 1048 1413 1095 1456; x_wconf 85' lang='lat' dir='ltr'><strong>et</strong></span> <span class='ocrx_word' id='word_1_108' title='bbox 1131 1404 1214 1455; x_wconf 88' lang='lat' dir='ltr'><strong>dic</strong></span> <span class='ocrx_word' id='word_1_109' title='bbox 1260 1405 1333 1456; x_wconf 84' lang='lat' dir='ltr'><strong>eis</strong></span> <span class='ocrx_word' id='word_1_110' title='bbox 1365 1421 1382 1457; x_wconf 90' lang='lat'><strong>:</strong></span> <span class='ocrx_word' id='word_1_111' title='bbox 1416 1406 1649 1458; x_wconf 68' lang='lat' dir='ltr'><strong>Ast&#39;entlo</strong></span> <span class='ocrx_word' id='word_1_112' title='bbox 1679 1408 1751 1459; x_wconf 86' lang='lat' dir='ltr'><strong>atl</strong></span> 
     </span>
    </p>
   </div>
   <div class='ocr_carea' id='block_1_15' title="bbox 143 1492 1749 1559">
    <p class='ocr_par' dir='ltr' id='par_1_15' title="bbox 143 1492 1749 1559">
     <span class='ocr_line' id='line_1_15' title="bbox 143 1492 1749 1559; baseline 0.005 -15"><span class='ocrx_word' id='word_1_113' title='bbox 143 1492 381 1546; x_wconf 79' lang='lat' dir='ltr'><strong>Patrem</strong></span> <span class='ocrx_word' id='word_1_114' title='bbox 412 1510 602 1556; x_wconf 84' lang='lat' dir='ltr'><strong>meum,</strong></span> <span class='ocrx_word' id='word_1_115' title='bbox 626 1504 673 1546; x_wconf 86' lang='lat' dir='ltr'><strong>et</strong></span> <span class='ocrx_word' id='word_1_116' title='bbox 696 1492 911 1547; x_wconf 86' lang='lat' dir='ltr'><strong>Patrem</strong></span> <span class='ocrx_word' id='word_1_117' title='bbox 940 1505 1184 1559; x_wconf 84' lang='lat' dir='ltr'><strong>vestrum,</strong></span> <span class='ocrx_word' id='word_1_118' title='bbox 1215 1498 1287 1549; x_wconf 88' lang='lat' dir='ltr'><strong>ad</strong></span> <span class='ocrx_word' id='word_1_119' title='bbox 1308 1497 1474 1551; x_wconf 81' lang='lat' dir='ltr'><strong>Deum</strong></span> <span class='ocrx_word' id='word_1_120' title='bbox 1501 1516 1671 1551; x_wconf 68' lang='lat' dir='ltr'><strong>turum</strong></span> <span class='ocrx_word' id='word_1_121' title='bbox 1702 1509 1749 1552; x_wconf 85' lang='lat' dir='ltr'><strong>et</strong></span> 
     </span>
    </p>
   </div>
   <div class='ocr_carea' id='block_1_16' title="bbox 148 1585 1215 1657">
    <p class='ocr_par' dir='ltr' id='par_1_16' title="bbox 148 1585 1215 1657">
     <span class='ocr_line' id='line_1_16' title="bbox 148 1585 1215 1657; baseline 0.005 -21"><span class='ocrx_word' id='word_1_122' title='bbox 148 1585 323 1638; x_wconf 81' lang='lat' dir='ltr'><strong>Deum</strong></span> <span class='ocrx_word' id='word_1_123' title='bbox 350 1596 575 1640; x_wconf 86' lang='lat' dir='ltr'><strong>vestrum</strong></span> <span class='ocrx_word' id='word_1_124' title='bbox 602 1588 667 1652; x_wconf 73' lang='lat'><strong>&quot;,</strong></span> <span class='ocrx_word' id='word_1_125' title='bbox 696 1597 750 1641; x_wconf 88' lang='lat' dir='ltr'><strong>et</strong></span> <span class='ocrx_word' id='word_1_126' title='bbox 779 1596 1065 1657; x_wconf 81' lang='lat' dir='ltr'><strong>prepterea</strong></span> <span class='ocrx_word' id='word_1_127' title='bbox 1097 1588 1172 1641; x_wconf 91' lang='lat' dir='ltr'><strong>ait</strong></span> <span class='ocrx_word' id='word_1_128' title='bbox 1203 1607 1215 1642; x_wconf 89' lang='lat'><strong>:</strong></span> 
     </span>
    </p>
   </div>
   <div class='ocr_carea' id='block_1_17' title="bbox 223 1676 1747 1740">
    <p class='ocr_par' dir='ltr' id='par_1_17' title="bbox 223 1676 1747 1740">
     <span class='ocr_line' id='line_1_17' title="bbox 223 1676 1747 1740; baseline 0.005 -12"><span class='ocrx_word' id='word_1_129' title='bbox 223 1676 360 1740; x_wconf 78' lang='lat' dir='ltr'><strong>Quia</strong></span> <span class='ocrx_word' id='word_1_130' title='bbox 384 1687 596 1730; x_wconf 81' lang='lat' dir='ltr'><strong>sanctus</strong></span> <span class='ocrx_word' id='word_1_131' title='bbox 617 1688 691 1731; x_wconf 90' lang='lat' dir='ltr'><strong>est</strong></span> <span class='ocrx_word' id='word_1_132' title='bbox 719 1679 941 1732; x_wconf 88' lang='lat' dir='ltr'><strong>Domino</strong></span> <span class='ocrx_word' id='word_1_133' title='bbox 970 1678 1073 1732; x_wconf 89' lang='lat' dir='ltr'><strong>Deo</strong></span> <span class='ocrx_word' id='word_1_134' title='bbox 1104 1696 1216 1732; x_wconf 86' lang='lat' dir='ltr'><strong>suo.</strong></span> <span class='ocrx_word' id='word_1_135' title='bbox 1246 1680 1475 1733; x_wconf 85' lang='lat' dir='ltr'><strong>Sanctus</strong></span> <span class='ocrx_word' id='word_1_136' title='bbox 1504 1692 1588 1735; x_wconf 83' lang='lat' dir='ltr'><strong>est</strong></span> <span class='ocrx_word' id='word_1_137' title='bbox 1612 1683 1747 1735; x_wconf 78' lang='lat' dir='ltr'><strong>sicut</strong></span> 
     </span>
    </p>
   </div>
   <div class='ocr_carea' id='block_1_18' title="bbox 148 1765 1390 1839">
    <p class='ocr_par' dir='ltr' id='par_1_18' title="bbox 148 1765 1390 1839">
     <span class='ocr_line' id='line_1_18' title="bbox 148 1765 1390 1839; baseline 0.006 -22"><span class='ocrx_word' id='word_1_138' title='bbox 148 1765 319 1833; x_wconf 83' lang='lat' dir='ltr'><strong>Deus,</strong></span> <span class='ocrx_word' id='word_1_139' title='bbox 354 1770 582 1822; x_wconf 88' lang='lat' dir='ltr'><strong>Domino</strong></span> <span class='ocrx_word' id='word_1_140' title='bbox 612 1779 793 1824; x_wconf 78' lang='lat' dir='ltr'><strong>autent</strong></span> <span class='ocrx_word' id='word_1_141' title='bbox 831 1770 941 1823; x_wconf 89' lang='lat' dir='ltr'><strong>Deo</strong></span> <span class='ocrx_word' id='word_1_142' title='bbox 972 1771 1090 1839; x_wconf 87' lang='lat' dir='ltr'><strong>ejus</strong></span> <span class='ocrx_word' id='word_1_143' title='bbox 1121 1781 1178 1824; x_wconf 92' lang='lat' dir='ltr'><strong>ut</strong></span> <span class='ocrx_word' id='word_1_144' title='bbox 1206 1774 1390 1825; x_wconf 87' lang='lat' dir='ltr'><strong>homo.</strong></span> 
     </span>
    </p>
   </div>
   <div class='ocr_carea' id='block_1_19' title="bbox 226 1860 1743 1931">
    <p class='ocr_par' dir='ltr' id='par_1_19' title="bbox 226 1860 1743 1931">
     <span class='ocr_line' id='line_1_19' title="bbox 226 1860 1743 1931; baseline 0.001 -19"><span class='ocrx_word' id='word_1_145' title='bbox 226 1860 448 1930; x_wconf 77' lang='lat' dir='ltr'><strong>Propter</strong></span> <span class='ocrx_word' id='word_1_146' title='bbox 473 1863 609 1931; x_wconf 85' lang='lat' dir='ltr'><strong>quod</strong></span> <span class='ocrx_word' id='word_1_147' title='bbox 646 1873 693 1915; x_wconf 89' lang='lat' dir='ltr'><strong>et</strong></span> <span class='ocrx_word' id='word_1_148' title='bbox 724 1863 1077 1930; x_wconf 86' lang='lat' dir='ltr'><strong>sancti/icabis</strong></span> <span class='ocrx_word' id='word_1_149' title='bbox 1112 1880 1251 1925; x_wconf 84' lang='lat' dir='ltr'><strong>eum,</strong></span> <span class='ocrx_word' id='word_1_150' title='bbox 1286 1866 1423 1917; x_wconf 83' lang='lat' dir='ltr'><strong>dona</strong></span> <span class='ocrx_word' id='word_1_151' title='bbox 1474 1865 1609 1917; x_wconf 81' lang='lat' dir='ltr'><strong>enim</strong></span> <span class='ocrx_word' id='word_1_152' title='bbox 1641 1864 1743 1915; x_wconf 75' lang='lat' dir='ltr'><strong>lto-</strong></span> 
     </span>
    </p>
   </div>
   <div class='ocr_carea' id='block_1_20' title="bbox 146 1955 1744 2027">
    <p class='ocr_par' dir='ltr' id='par_1_20' title="bbox 146 1955 1744 2027">
     <span class='ocr_line' id='line_1_20' title="bbox 146 1955 1744 2027; baseline 0.003 -22"><span class='ocrx_word' id='word_1_153' title='bbox 146 1955 289 2006; x_wconf 85' lang='lat' dir='ltr'><strong>mini</strong></span> <span class='ocrx_word' id='word_1_154' title='bbox 315 1955 408 2007; x_wconf 84' lang='lat' dir='ltr'><strong>Dei</strong></span> <span class='ocrx_word' id='word_1_155' title='bbox 426 1957 581 2008; x_wconf 84' lang='lat' dir='ltr'><strong>vestri</strong></span> <span class='ocrx_word' id='word_1_156' title='bbox 610 1957 718 2024; x_wconf 84' lang='lat' dir='ltr'><strong>ipse</strong></span> <span class='ocrx_word' id='word_1_157' title='bbox 746 1957 946 2025; x_wconf 78' lang='lat' dir='ltr'><strong>oﬂ&#39;eret.</strong></span> <span class='ocrx_word' id='word_1_158' title='bbox 984 1955 1090 2011; x_wconf 88' lang='lat' dir='ltr'><strong>Sed</strong></span> <span class='ocrx_word' id='word_1_159' title='bbox 1118 1964 1173 2011; x_wconf 89' lang='lat' dir='ltr'><strong>et</strong></span> <span class='ocrx_word' id='word_1_160' title='bbox 1202 1957 1326 2026; x_wconf 90' lang='lat' dir='ltr'><strong>quia</strong></span> <span class='ocrx_word' id='word_1_161' title='bbox 1356 1958 1408 2010; x_wconf 93' lang='lat' dir='ltr'><strong>in</strong></span> <span class='ocrx_word' id='word_1_162' title='bbox 1435 1958 1556 2027; x_wconf 87' lang='lat' dir='ltr'><strong>ejus</strong></span> <span class='ocrx_word' id='word_1_163' title='bbox 1578 1960 1744 2027; x_wconf 74' lang='lat' dir='ltr'><strong>ﬁgura</strong></span> 
     </span>
    </p>
   </div>
   <div class='ocr_carea' id='block_1_21' title="bbox 145 2046 1747 2120">
    <p class='ocr_par' dir='ltr' id='par_1_21' title="bbox 145 2046 1747 2120">
     <span class='ocr_line' id='line_1_21' title="bbox 145 2046 1747 2120; baseline 0.002 -21"><span class='ocrx_word' id='word_1_164' title='bbox 145 2048 247 2117; x_wconf 90' lang='lat' dir='ltr'><strong>qui</strong></span> <span class='ocrx_word' id='word_1_165' title='bbox 276 2046 343 2100; x_wconf 88' lang='lat' dir='ltr'><strong>ab</strong></span> <span class='ocrx_word' id='word_1_166' title='bbox 369 2062 436 2100; x_wconf 89' lang='lat' dir='ltr'><strong>eo</strong></span> <span class='ocrx_word' id='word_1_167' title='bbox 464 2048 817 2102; x_wconf 85' lang='lat' dir='ltr'><strong>constituitur</strong></span> <span class='ocrx_word' id='word_1_168' title='bbox 838 2048 1153 2103; x_wconf 83' lang='lat' dir='ltr'><strong>sacerdotes</strong></span> <span class='ocrx_word' id='word_1_169' title='bbox 1179 2049 1507 2115; x_wconf 82' lang='lat' dir='ltr'><strong>ministrant,</strong></span> <span class='ocrx_word' id='word_1_170' title='bbox 1536 2050 1592 2103; x_wconf 92' lang='lat' dir='ltr'><strong>in</strong></span> <span class='ocrx_word' id='word_1_171' title='bbox 1616 2051 1747 2120; x_wconf 80' lang='lat' dir='ltr'><strong>ipsis</strong></span> 
     </span>
    </p>
   </div>
   <div class='ocr_carea' id='block_1_22' title="bbox 146 2141 1744 2213">
    <p class='ocr_par' dir='ltr' id='par_1_22' title="bbox 146 2141 1744 2213">
     <span class='ocr_line' id='line_1_22' title="bbox 146 2141 1744 2213; baseline 0 -17"><span class='ocrx_word' id='word_1_172' title='bbox 146 2151 209 2196; x_wconf 82' lang='lat' dir='ltr'><strong>et</strong></span> <span class='ocrx_word' id='word_1_173' title='bbox 248 2141 318 2195; x_wconf 86' lang='lat' dir='ltr'><strong>ab</strong></span> <span class='ocrx_word' id='word_1_174' title='bbox 362 2141 493 2210; x_wconf 87' lang='lat' dir='ltr'><strong>ipsis</strong></span> <span class='ocrx_word' id='word_1_175' title='bbox 522 2141 850 2197; x_wconf 82' lang='lat' dir='ltr'><strong>sanctiﬁcari</strong></span> <span class='ocrx_word' id='word_1_176' title='bbox 906 2141 1123 2208; x_wconf 90' lang='lat' dir='ltr'><strong>dicitur,</strong></span> <span class='ocrx_word' id='word_1_177' title='bbox 1184 2151 1239 2197; x_wconf 90' lang='lat' dir='ltr'><strong>et</strong></span> <span class='ocrx_word' id='word_1_178' title='bbox 1283 2151 1572 2213; x_wconf 84' lang='lat' dir='ltr'><strong>prOpterea</strong></span> <span class='ocrx_word' id='word_1_179' title='bbox 1622 2160 1744 2198; x_wconf 87' lang='lat' dir='ltr'><strong>cum</strong></span> 
     </span>
    </p>
   </div>
   <div class='ocr_carea' id='block_1_23' title="bbox 148 2230 1746 2302">
    <p class='ocr_par' dir='ltr' id='par_1_23' title="bbox 148 2230 1746 2302">
     <span class='ocr_line' id='line_1_23' title="bbox 148 2230 1746 2302; baseline 0.001 -16"><span class='ocrx_word' id='word_1_180' title='bbox 148 2234 325 2287; x_wconf 82' lang='lat' dir='ltr'><strong>semel</strong></span> <span class='ocrx_word' id='word_1_181' title='bbox 353 2233 602 2297; x_wconf 82' lang='lat' dir='ltr'><strong>dixisset,</strong></span> <span class='ocrx_word' id='word_1_182' title='bbox 637 2230 865 2287; x_wconf 83' lang='lat' dir='ltr'><strong>Sanctus</strong></span> <span class='ocrx_word' id='word_1_183' title='bbox 895 2244 993 2300; x_wconf 89' lang='lat' dir='ltr'><strong>est,</strong></span> <span class='ocrx_word' id='word_1_184' title='bbox 1029 2235 1242 2290; x_wconf 83' lang='lat' dir='ltr'><strong>addidit</strong></span> <span class='ocrx_word' id='word_1_185' title='bbox 1286 2243 1468 2289; x_wconf 88' lang='lat' dir='ltr'><strong>tamen</strong></span> <span class='ocrx_word' id='word_1_186' title='bbox 1498 2235 1746 2302; x_wconf 73' lang='lat' dir='ltr'><strong>Sancti/i-</strong></span> 
     </span>
    </p>
   </div>
   <div class='ocr_carea' id='block_1_24' title="bbox 150 2324 1743 2393">
    <p class='ocr_par' dir='ltr' id='par_1_24' title="bbox 150 2324 1743 2393">
     <span class='ocr_line' id='line_1_24' title="bbox 150 2324 1743 2393; baseline 0.003 -14"><span class='ocrx_word' id='word_1_187' title='bbox 150 2326 298 2379; x_wconf 71' lang='lat' dir='ltr'><strong>nibis</strong></span> <span class='ocrx_word' id='word_1_188' title='bbox 331 2341 468 2390; x_wconf 87' lang='lat' dir='ltr'><strong>eum,</strong></span> <span class='ocrx_word' id='word_1_189' title='bbox 497 2334 551 2379; x_wconf 92' lang='lat' dir='ltr'><strong>et</strong></span> <span class='ocrx_word' id='word_1_190' title='bbox 581 2341 796 2389; x_wconf 86' lang='lat' dir='ltr'><strong>rursus,</strong></span> <span class='ocrx_word' id='word_1_191' title='bbox 830 2324 1061 2380; x_wconf 87' lang='lat' dir='ltr'><strong>Sanctus</strong></span> <span class='ocrx_word' id='word_1_192' title='bbox 1094 2328 1213 2382; x_wconf 87' lang='lat' dir='ltr'><strong>erit.</strong></span> <span class='ocrx_word' id='word_1_193' title='bbox 1247 2325 1533 2393; x_wconf 84' lang='lat' dir='ltr'><strong>Quomodo</strong></span> <span class='ocrx_word' id='word_1_194' title='bbox 1564 2337 1743 2383; x_wconf 72' lang='lat' dir='ltr'><strong>autem</strong></span> 
     </span>
    </p>
   </div>
   <div class='ocr_carea' id='block_1_25' title="bbox 152 2418 1744 2491">
    <p class='ocr_par' dir='ltr' id='par_1_25' title="bbox 152 2418 1744 2491">
     <span class='ocr_line' id='line_1_25' title="bbox 152 2418 1744 2491; baseline 0.001 -20"><span class='ocrx_word' id='word_1_195' title='bbox 152 2435 257 2471; x_wconf 87' lang='lat' dir='ltr'><strong>nos</strong></span> <span class='ocrx_word' id='word_1_196' title='bbox 288 2434 410 2471; x_wconf 82' lang='lat' dir='ltr'><strong>eum</strong></span> <span class='ocrx_word' id='word_1_197' title='bbox 463 2418 805 2474; x_wconf 85' lang='lat' dir='ltr'><strong>sanetiﬁcare</strong></span> <span class='ocrx_word' id='word_1_198' title='bbox 850 2420 1194 2488; x_wconf 86' lang='lat' dir='ltr'><strong>possumus?</strong></span> <span class='ocrx_word' id='word_1_199' title='bbox 1244 2419 1399 2475; x_wconf 86' lang='lat' dir='ltr'><strong>Unde</strong></span> <span class='ocrx_word' id='word_1_200' title='bbox 1450 2431 1545 2475; x_wconf 89' lang='lat' dir='ltr'><strong>aut</strong></span> <span class='ocrx_word' id='word_1_201' title='bbox 1576 2437 1602 2473; x_wconf 86' lang='lat' dir='ltr'><strong>a</strong></span> <span class='ocrx_word' id='word_1_202' title='bbox 1637 2438 1744 2491; x_wconf 87' lang='lat' dir='ltr'><strong>quo</strong></span> 
     </span>
    </p>
   </div>
   <div class='ocr_carea' id='block_1_26' title="bbox 152 2512 1572 2577">
    <p class='ocr_par' dir='ltr' id='par_1_26' title="bbox 152 2512 1572 2577">
     <span class='ocr_line' id='line_1_26' title="bbox 152 2512 1572 2577; baseline 0.002 -12"><span class='ocrx_word' id='word_1_203' title='bbox 152 2512 644 2568; x_wconf 82' lang='lat' dir='ltr'><strong>sanctiﬁeationem</strong></span> <span class='ocrx_word' id='word_1_204' title='bbox 680 2512 966 2577; x_wconf 79' lang='lat' dir='ltr'><strong>habentes,</strong></span> <span class='ocrx_word' id='word_1_205' title='bbox 1000 2514 1297 2569; x_wconf 89' lang='lat' dir='ltr'><strong>ostendens</strong></span> <span class='ocrx_word' id='word_1_206' title='bbox 1326 2514 1530 2569; x_wconf 78' lang='lat' dir='ltr'><strong>addidit</strong></span> <span class='ocrx_word' id='word_1_207' title='bbox 1562 2535 1572 2568; x_wconf 88' lang='lat'><strong>:</strong></span> 
     </span>
    </p>
   </div>
   <div class='ocr_carea' id='block_1_27' title="bbox 226 2605 1740 2676">
    <p class='ocr_par' dir='ltr' id='par_1_27' title="bbox 226 2605 1740 2676">
     <span class='ocr_line' id='line_1_27' title="bbox 226 2605 1740 2676; baseline 0.001 -19"><span class='ocrx_word' id='word_1_208' title='bbox 226 2606 362 2669; x_wconf 77' lang='lat' dir='ltr'><strong>Quia</strong></span> <span class='ocrx_word' id='word_1_209' title='bbox 405 2618 618 2658; x_wconf 87' lang='lat' dir='ltr'><strong>sanctus</strong></span> <span class='ocrx_word' id='word_1_210' title='bbox 656 2622 748 2676; x_wconf 82' lang='lat' dir='ltr'><strong>ego</strong></span> <span class='ocrx_word' id='word_1_211' title='bbox 778 2622 893 2659; x_wconf 86' lang='lat' dir='ltr'><strong>sum</strong></span> <span class='ocrx_word' id='word_1_212' title='bbox 947 2605 1204 2660; x_wconf 79' lang='lat' dir='ltr'><strong>Dominus</strong></span> <span class='ocrx_word' id='word_1_213' title='bbox 1250 2606 1587 2674; x_wconf 79' lang='lat' dir='ltr'><strong>sancti/imus</strong></span> <span class='ocrx_word' id='word_1_214' title='bbox 1634 2624 1740 2660; x_wconf 85' lang='lat' dir='ltr'><strong>eos.</strong></span> 
     </span>
    </p>
   </div>
   <div class='ocr_carea' id='block_1_28' title="bbox 152 2693 1744 2762">
    <p class='ocr_par' dir='ltr' id='par_1_28' title="bbox 152 2693 1744 2762">
     <span class='ocr_line' id='line_1_28' title="bbox 152 2693 1744 2762; baseline 0.003 -16"><span class='ocrx_word' id='word_1_215' title='bbox 152 2693 215 2746; x_wconf 87' lang='lat' dir='ltr'><strong>Si</strong></span> <span class='ocrx_word' id='word_1_216' title='bbox 258 2710 388 2762; x_wconf 82' lang='lat' dir='ltr'><strong>ergo</strong></span> <span class='ocrx_word' id='word_1_217' title='bbox 423 2711 452 2748; x_wconf 90' lang='lat' dir='ltr'><strong>a</strong></span> <span class='ocrx_word' id='word_1_218' title='bbox 500 2695 611 2748; x_wconf 91' lang='lat' dir='ltr'><strong>Deo</strong></span> <span class='ocrx_word' id='word_1_219' title='bbox 656 2696 836 2750; x_wconf 81' lang='lat' dir='ltr'><strong>datam</strong></span> <span class='ocrx_word' id='word_1_220' title='bbox 898 2697 1057 2751; x_wconf 91' lang='lat' dir='ltr'><strong>nobis</strong></span> <span class='ocrx_word' id='word_1_221' title='bbox 1101 2697 1589 2751; x_wconf 86' lang='lat' dir='ltr'><strong>sanctiﬁcationem</strong></span> <span class='ocrx_word' id='word_1_222' title='bbox 1644 2713 1744 2751; x_wconf 88' lang='lat' dir='ltr'><strong>nos</strong></span> 
     </span>
    </p>
   </div>
   <div class='ocr_carea' id='block_1_29' title="bbox 151 2787 1741 2859">
    <p class='ocr_par' dir='ltr' id='par_1_29' title="bbox 151 2787 1741 2859">
     <span class='ocr_line' id='line_1_29' title="bbox 151 2787 1741 2859; baseline 0.003 -20"><span class='ocrx_word' id='word_1_223' title='bbox 151 2787 467 2840; x_wconf 87' lang='lat' dir='ltr'><strong>sacerdotes</strong></span> <span class='ocrx_word' id='word_1_224' title='bbox 507 2788 898 2851; x_wconf 87' lang='lat' dir='ltr'><strong>custodiamus,</strong></span> <span class='ocrx_word' id='word_1_225' title='bbox 934 2788 1340 2843; x_wconf 89' lang='lat' dir='ltr'><strong>sanctiﬁcamus</strong></span> <span class='ocrx_word' id='word_1_226' title='bbox 1365 2806 1462 2859; x_wconf 88' lang='lat' dir='ltr'><strong>per</strong></span> <span class='ocrx_word' id='word_1_227' title='bbox 1502 2801 1741 2843; x_wconf 87' lang='lat' dir='ltr'><strong>nostram</strong></span> 
     </span>
    </p>
   </div>
   <div class='ocr_carea' id='block_1_30' title="bbox 151 2868 1743 2948">
    <p class='ocr_par' dir='ltr' id='par_1_30' title="bbox 151 2868 1743 2948">
     <span class='ocr_line' id='line_1_30' title="bbox 151 2868 1743 2948; baseline 0.004 -19"><span class='ocrx_word' id='word_1_228' title='bbox 151 2878 646 2932; x_wconf 81' lang='lat' dir='ltr'><strong>sanctiﬁcationem</strong></span> <span class='ocrx_word' id='word_1_229' title='bbox 677 2893 803 2932; x_wconf 90' lang='lat' dir='ltr'><strong>eum</strong></span> <span class='ocrx_word' id='word_1_230' title='bbox 831 2880 925 2948; x_wconf 86' lang='lat' dir='ltr'><strong>qui</strong></span> <span class='ocrx_word' id='word_1_231' title='bbox 965 2868 1186 2934; x_wconf 85' lang='lat' dir='ltr'><strong>sanctus</strong></span> <span class='ocrx_word' id='word_1_232' title='bbox 1230 2882 1529 2935; x_wconf 85' lang='lat' dir='ltr'><strong>secundum</strong></span> <span class='ocrx_word' id='word_1_233' title='bbox 1581 2892 1743 2935; x_wconf 80' lang='lat' dir='ltr'><strong>natu-</strong></span> 
     </span>
    </p>
   </div>
   <div class='ocr_carea' id='block_1_31' title="bbox 150 2972 1743 3041">
    <p class='ocr_par' dir='ltr' id='par_1_31' title="bbox 150 2972 1743 3041">
     <span class='ocr_line' id='line_1_31' title="bbox 150 2972 1743 3041; baseline 0.003 -17"><span class='ocrx_word' id='word_1_234' title='bbox 150 2987 270 3024; x_wconf 78' lang='lat' dir='ltr'><strong>ram</strong></span> <span class='ocrx_word' id='word_1_235' title='bbox 300 2982 408 3035; x_wconf 84' lang='lat' dir='ltr'><strong>est,</strong></span> <span class='ocrx_word' id='word_1_236' title='bbox 442 2972 494 3024; x_wconf 92' lang='lat' dir='ltr'><strong>in</strong></span> <span class='ocrx_word' id='word_1_237' title='bbox 525 2972 685 3025; x_wconf 91' lang='lat' dir='ltr'><strong>nobis</strong></span> <span class='ocrx_word' id='word_1_238' title='bbox 714 2972 1000 3036; x_wconf 78' lang='lat' dir='ltr'><strong>duntaxat,</strong></span> <span class='ocrx_word' id='word_1_239' title='bbox 1027 2973 1153 3041; x_wconf 89' lang='lat' dir='ltr'><strong>quia</strong></span> <span class='ocrx_word' id='word_1_240' title='bbox 1188 2973 1242 3026; x_wconf 93' lang='lat' dir='ltr'><strong>in</strong></span> <span class='ocrx_word' id='word_1_241' title='bbox 1283 2974 1661 3028; x_wconf 88' lang='lat' dir='ltr'><strong>conformibus</strong></span> <span class='ocrx_word' id='word_1_242' title='bbox 1689 2985 1743 3029; x_wconf 91' lang='lat' dir='ltr'><strong>ct</strong></span> 
     </span>
    </p>
   </div>
   <div class='ocr_carea' id='block_1_32' title="bbox 154 3062 1742 3133">
    <p class='ocr_par' dir='ltr' id='par_1_32' title="bbox 154 3062 1742 3133">
     <span class='ocr_line' id='line_1_32' title="bbox 154 3062 1742 3133; baseline 0.003 -18"><span class='ocrx_word' id='word_1_243' title='bbox 154 3062 516 3132; x_wconf 83' lang='lat' dir='ltr'><strong>participibus</strong></span> <span class='ocrx_word' id='word_1_244' title='bbox 577 3064 697 3133; x_wconf 87' lang='lat' dir='ltr'><strong>ejus</strong></span> <span class='ocrx_word' id='word_1_245' title='bbox 743 3063 928 3133; x_wconf 74' lang='lat' dir='ltr'><strong>gloria:</strong></span> <span class='ocrx_word' id='word_1_246' title='bbox 989 3064 1164 3117; x_wconf 77' lang='lat' dir='ltr'><strong>voluit</strong></span> <span class='ocrx_word' id='word_1_247' title='bbox 1223 3064 1579 3129; x_wconf 86' lang='lat' dir='ltr'><strong>sanctiﬁcari,</strong></span> <span class='ocrx_word' id='word_1_248' title='bbox 1640 3067 1742 3119; x_wconf 90' lang='lat' dir='ltr'><strong>hac</strong></span> 
     </span>
    </p>
   </div>
   <div class='ocr_carea' id='block_1_33' title="bbox 1856 578 3441 650">
    <p class='ocr_par' dir='ltr' id='par_1_33' title="bbox 1856 578 3441 650">
     <span class='ocr_line' id='line_1_33' title="bbox 1856 578 3441 650; baseline 0.005 -22"><span class='ocrx_word' id='word_1_249' title='bbox 1856 579 2093 630; x_wconf 80' lang='lat' dir='ltr'><strong>cumlqu</strong></span> <span class='ocrx_word' id='word_1_250' title='bbox 2125 578 2355 631; x_wconf 88' lang='lat' dir='ltr'><strong>litteram</strong></span> <span class='ocrx_word' id='word_1_251' title='bbox 2384 581 2639 633; x_wconf 82' lang='lat' dir='ltr'><strong>utebatur</strong></span> <span class='ocrx_word' id='word_1_252' title='bbox 2676 599 2686 632; x_wconf 92' lang='lat'><strong>:</strong></span> <span class='ocrx_word' id='word_1_253' title='bbox 2718 581 2768 633; x_wconf 93' lang='lat' dir='ltr'><strong>id</strong></span> <span class='ocrx_word' id='word_1_254' title='bbox 2798 593 2899 640; x_wconf 84' lang='lat' dir='ltr'><strong>est,</strong></span> <span class='ocrx_word' id='word_1_255' title='bbox 2928 593 2988 636; x_wconf 93' lang='lat' dir='ltr'><strong>ut</strong></span> <span class='ocrx_word' id='word_1_256' title='bbox 3045 597 3223 650; x_wconf 86' lang='lat' dir='ltr'><strong>neque</strong></span> <span class='ocrx_word' id='word_1_257' title='bbox 3271 586 3441 637; x_wconf 87' lang='lat' dir='ltr'><strong>sacri—</strong></span> 
     </span>
    </p>
   </div>
   <div class='ocr_carea' id='block_1_34' title="bbox 1857 672 3439 743">
    <p class='ocr_par' dir='ltr' id='par_1_34' title="bbox 1857 672 3439 743">
     <span class='ocr_line' id='line_1_34' title="bbox 1857 672 3439 743; baseline 0.004 -20"><span class='ocrx_word' id='word_1_258' title='bbox 1857 672 2413 731; x_wconf 80' lang='lat' dir='ltr'><strong>liciairrationalium.</strong></span> <span class='ocrx_word' id='word_1_259' title='bbox 2450 684 2505 727; x_wconf 90' lang='lat' dir='ltr'><strong>ct</strong></span> <span class='ocrx_word' id='word_1_260' title='bbox 2559 673 2966 743; x_wconf 84' lang='lat' dir='ltr'><strong>purilicationcs</strong></span> <span class='ocrx_word' id='word_1_261' title='bbox 3016 676 3331 738; x_wconf 83' lang='lat' dir='ltr'><strong>scnsihilcs,</strong></span> <span class='ocrx_word' id='word_1_262' title='bbox 3385 677 3439 729; x_wconf 83' lang='lat' dir='ltr'><strong>iu</strong></span> 
     </span>
    </p>
   </div>
   <div class='ocr_carea' id='block_1_35' title="bbox 1853 763 3078 835">
    <p class='ocr_par' dir='ltr' id='par_1_35' title="bbox 1853 763 3078 835">
     <span class='ocr_line' id='line_1_35' title="bbox 1853 763 3078 835; baseline 0.003 -20"><span class='ocrx_word' id='word_1_263' title='bbox 1853 763 2055 832; x_wconf 82' lang='lat' dir='ltr'><strong>quibus</strong></span> <span class='ocrx_word' id='word_1_264' title='bbox 2087 764 2443 833; x_wconf 84' lang='lat' dir='ltr'><strong>intelligibilia</strong></span> <span class='ocrx_word' id='word_1_265' title='bbox 2479 767 2681 819; x_wconf 87' lang='lat' dir='ltr'><strong>credita</strong></span> <span class='ocrx_word' id='word_1_266' title='bbox 2715 776 2863 829; x_wconf 87' lang='lat' dir='ltr'><strong>sunt,</strong></span> <span class='ocrx_word' id='word_1_267' title='bbox 2896 782 3078 835; x_wconf 71' lang='lat' dir='ltr'><strong>agant.</strong></span> 
     </span>
    </p>
   </div>
   <div class='ocr_carea' id='block_1_36' title="bbox 1930 853 3442 927">
    <p class='ocr_par' dir='ltr' id='par_1_36' title="bbox 1930 853 3442 927">
     <span class='ocr_line' id='line_1_36' title="bbox 1930 853 3442 927; baseline 0.005 -21"><span class='ocrx_word' id='word_1_268' title='bbox 1930 853 2093 908; x_wconf 66' lang='lat' dir='ltr'><strong>Vens.</strong></span> <span class='ocrx_word' id='word_1_269' title='bbox 2120 856 2168 909; x_wconf 83' lang='lat'><strong>9.</strong></span> <span class='ocrx_word' id='word_1_270' title='bbox 2217 875 2233 906; x_wconf 74' lang='grc' dir='ltr'><strong>ι</strong></span> <span class='ocrx_word' id='word_1_271' title='bbox 2272 854 2581 909; x_wconf 84' lang='lat' dir='ltr'><strong>Sacerdotis</strong></span> <span class='ocrx_word' id='word_1_272' title='bbox 2640 856 2744 909; x_wconf 91' lang='lat' dir='ltr'><strong>ﬁlia</strong></span> <span class='ocrx_word' id='word_1_273' title='bbox 2774 858 2818 911; x_wconf 93' lang='lat' dir='ltr'><strong>si</strong></span> <span class='ocrx_word' id='word_1_274' title='bbox 2874 858 3219 927; x_wconf 83' lang='lat' dir='ltr'><strong>deprehensa</strong></span> <span class='ocrx_word' id='word_1_275' title='bbox 3277 859 3442 913; x_wconf 88' lang='lat' dir='ltr'><strong>fuerit</strong></span> 
     </span>
    </p>
   </div>
   <div class='ocr_carea' id='block_1_37' title="bbox 1854 946 3442 1019">
    <p class='ocr_par' dir='ltr' id='par_1_37' title="bbox 1854 946 3442 1019">
     <span class='ocr_line' id='line_1_37' title="bbox 1854 946 3442 1019; baseline 0.004 -21"><span class='ocrx_word' id='word_1_276' title='bbox 1854 946 2146 1015; x_wconf 89' lang='lat' dir='ltr'><strong>iustupro,</strong></span> <span class='ocrx_word' id='word_1_277' title='bbox 2186 948 2555 1002; x_wconf 67' lang='lat' dir='ltr'><strong>ctviolarerit</strong></span> <span class='ocrx_word' id='word_1_278' title='bbox 2584 964 2782 1003; x_wconf 86' lang='lat' dir='ltr'><strong>nomen</strong></span> <span class='ocrx_word' id='word_1_279' title='bbox 2836 951 3005 1019; x_wconf 89' lang='lat' dir='ltr'><strong>patris</strong></span> <span class='ocrx_word' id='word_1_280' title='bbox 3055 951 3160 1016; x_wconf 89' lang='lat' dir='ltr'><strong>sui,</strong></span> <span class='ocrx_word' id='word_1_281' title='bbox 3211 950 3442 1005; x_wconf 83' lang='lat' dir='ltr'><strong>ﬂammis</strong></span> 
     </span>
    </p>
   </div>
   <div class='ocr_carea' id='block_1_38' title="bbox 1853 1043 2187 1090">
    <p class='ocr_par' dir='ltr' id='par_1_38' title="bbox 1853 1043 2187 1090">
     <span class='ocr_line' id='line_1_38' title="bbox 1853 1043 2187 1090; baseline -0.009 -3"><span class='ocrx_word' id='word_1_282' title='bbox 1853 1043 2135 1090; x_wconf 71' lang='lat' dir='ltr'><strong>CSIII‘CUH&#39;.</strong></span> <span class='ocrx_word' id='word_1_283' title='bbox 2170 1052 2187 1084; x_wconf 73' lang='grc' dir='ltr'><strong>ι</strong></span> 
     </span>
    </p>
   </div>
   <div class='ocr_carea' id='block_1_39' title="bbox 1923 1120 3442 1191">
    <p class='ocr_par' dir='ltr' id='par_1_39' title="bbox 1923 1120 3442 1191">
     <span class='ocr_line' id='line_1_39' title="bbox 1923 1120 3442 1191; baseline 0.001 -15"><span class='ocrx_word' id='word_1_284' title='bbox 1923 1120 2101 1176; x_wconf 72' lang='lat' dir='ltr'><strong>Grave</strong></span> <span class='ocrx_word' id='word_1_285' title='bbox 2127 1132 2211 1175; x_wconf 90' lang='lat' dir='ltr'><strong>est</strong></span> <span class='ocrx_word' id='word_1_286' title='bbox 2234 1121 2451 1191; x_wconf 86' lang='lat' dir='ltr'><strong>quidem</strong></span> <span class='ocrx_word' id='word_1_287' title='bbox 2479 1123 2645 1178; x_wconf 89' lang='lat' dir='ltr'><strong>etiam</strong></span> <span class='ocrx_word' id='word_1_288' title='bbox 2666 1123 2897 1177; x_wconf 75' lang='lat' dir='ltr'><strong>cuilibet</strong></span> <span class='ocrx_word' id='word_1_289' title='bbox 2929 1124 3044 1178; x_wconf 65' lang='lat' dir='ltr'><strong>viro</strong></span> <span class='ocrx_word' id='word_1_290' title='bbox 3065 1124 3323 1180; x_wconf 88' lang='lat' dir='ltr'><strong>fornicari</strong></span> <span class='ocrx_word' id='word_1_291' title='bbox 3377 1124 3442 1178; x_wconf 79' lang='lat' dir='ltr'><strong>ﬁ-</strong></span> 
     </span>
    </p>
   </div>
   <div class='ocr_carea' id='block_1_40' title="bbox 1854 1212 3440 1284">
    <p class='ocr_par' dir='ltr' id='par_1_40' title="bbox 1854 1212 3440 1284">
     <span class='ocr_line' id='line_1_40' title="bbox 1854 1212 3440 1284; baseline 0.006 -21"><span class='ocrx_word' id='word_1_292' title='bbox 1854 1212 2002 1277; x_wconf 87' lang='lat' dir='ltr'><strong>liam,</strong></span> <span class='ocrx_word' id='word_1_293' title='bbox 2067 1213 2303 1267; x_wconf 76' lang='lat' dir='ltr'><strong>maxime</strong></span> <span class='ocrx_word' id='word_1_294' title='bbox 2352 1222 2535 1267; x_wconf 87' lang='lat' dir='ltr'><strong>tamen</strong></span> <span class='ocrx_word' id='word_1_295' title='bbox 2596 1216 2919 1275; x_wconf 80' lang='lat' dir='ltr'><strong>sacerdotis,</strong></span> <span class='ocrx_word' id='word_1_296' title='bbox 2957 1217 3083 1284; x_wconf 90' lang='lat' dir='ltr'><strong>quia</strong></span> <span class='ocrx_word' id='word_1_297' title='bbox 3138 1217 3440 1272; x_wconf 89' lang='lat' dir='ltr'><strong>secundum</strong></span> 
     </span>
    </p>
   </div>
   <div class='ocr_carea' id='block_1_41' title="bbox 1852 1300 3440 1372">
    <p class='ocr_par' dir='ltr' id='par_1_41' title="bbox 1852 1300 3440 1372">
     <span class='ocr_line' id='line_1_41' title="bbox 1852 1300 3440 1372; baseline 0.004 -21"><span class='ocrx_word' id='word_1_298' title='bbox 1852 1301 1996 1368; x_wconf 84' lang='lat' dir='ltr'><strong>quod</strong></span> <span class='ocrx_word' id='word_1_299' title='bbox 2019 1300 2156 1352; x_wconf 80' lang='lat' dir='ltr'><strong>dixit</strong></span> <span class='ocrx_word' id='word_1_300' title='bbox 2185 1300 2421 1354; x_wconf 73' lang='lat' dir='ltr'><strong>I‘aulus:</strong></span> <span class='ocrx_word' id='word_1_301' title='bbox 2472 1301 2687 1369; x_wconf 86' lang='lat' dir='ltr'><strong>Oportet</strong></span> <span class='ocrx_word' id='word_1_302' title='bbox 2740 1306 3033 1357; x_wconf 81' lang='lat' dir='ltr'><strong>sacerdotes</strong></span> <span class='ocrx_word' id='word_1_303' title='bbox 3081 1305 3218 1372; x_wconf 81' lang='lat' dir='ltr'><strong>ﬁlios</strong></span> <span class='ocrx_word' id='word_1_304' title='bbox 3249 1304 3440 1358; x_wconf 79' lang='lat' dir='ltr'><strong>habere</strong></span> 
     </span>
    </p>
   </div>
   <div class='ocr_carea' id='block_1_42' title="bbox 1850 1392 3439 1458">
    <p class='ocr_par' dir='ltr' id='par_1_42' title="bbox 1850 1392 3439 1458">
     <span class='ocr_line' id='line_1_42' title="bbox 1850 1392 3439 1458; baseline 0.004 -14"><span class='ocrx_word' id='word_1_305' title='bbox 1850 1392 2083 1444; x_wconf 83' lang='lat' dir='ltr'><strong>subditos</strong></span> <span class='ocrx_word' id='word_1_306' title='bbox 2115 1408 2231 1444; x_wconf 91' lang='lat' dir='ltr'><strong>cum</strong></span> <span class='ocrx_word' id='word_1_307' title='bbox 2255 1394 2400 1445; x_wconf 88' lang='lat' dir='ltr'><strong>omni</strong></span> <span class='ocrx_word' id='word_1_308' title='bbox 2426 1394 2671 1447; x_wconf 86' lang='lat' dir='ltr'><strong>castitate</strong></span> <span class='ocrx_word' id='word_1_309' title='bbox 2699 1394 2765 1458; x_wconf 80' lang='lat'><strong>&#39;°,</strong></span> <span class='ocrx_word' id='word_1_310' title='bbox 2815 1395 2887 1447; x_wconf 90' lang='lat' dir='ltr'><strong>ita</strong></span> <span class='ocrx_word' id='word_1_311' title='bbox 2942 1405 2999 1449; x_wconf 91' lang='lat' dir='ltr'><strong>ut</strong></span> <span class='ocrx_word' id='word_1_312' title='bbox 3064 1412 3175 1450; x_wconf 90' lang='lat' dir='ltr'><strong>non</strong></span> <span class='ocrx_word' id='word_1_313' title='bbox 3226 1396 3439 1451; x_wconf 82' lang='lat' dir='ltr'><strong>dicatur</strong></span> 
     </span>
    </p>
   </div>
   <div class='ocr_carea' id='block_1_43' title="bbox 1852 1485 3440 1558">
    <p class='ocr_par' dir='ltr' id='par_1_43' title="bbox 1852 1485 3440 1558">
     <span class='ocr_line' id='line_1_43' title="bbox 1852 1485 3440 1558; baseline 0.004 -21"><span class='ocrx_word' id='word_1_314' title='bbox 1852 1485 1919 1537; x_wconf 87' lang='lat' dir='ltr'><strong>de</strong></span> <span class='ocrx_word' id='word_1_315' title='bbox 1950 1500 2017 1537; x_wconf 84' lang='lat' dir='ltr'><strong>eo</strong></span> <span class='ocrx_word' id='word_1_316' title='bbox 2047 1485 2191 1553; x_wconf 86' lang='lat' dir='ltr'><strong>quod</strong></span> <span class='ocrx_word' id='word_1_317' title='bbox 2213 1486 2460 1555; x_wconf 82' lang='lat' dir='ltr'><strong>sequitur</strong></span> <span class='ocrx_word' id='word_1_318' title='bbox 2492 1505 2505 1519; x_wconf 77' lang='grc' dir='ltr'><strong><em>ο</em></strong></span> <span class='ocrx_word' id='word_1_319' title='bbox 2563 1486 2621 1541; x_wconf 88' lang='lat' dir='ltr'><strong>Si</strong></span> <span class='ocrx_word' id='word_1_320' title='bbox 2675 1489 2796 1555; x_wconf 88' lang='lat' dir='ltr'><strong>quis</strong></span> <span class='ocrx_word' id='word_1_321' title='bbox 2851 1505 2960 1542; x_wconf 79' lang='lat' dir='ltr'><strong>sua:</strong></span> <span class='ocrx_word' id='word_1_322' title='bbox 2993 1490 3173 1541; x_wconf 80' lang='lat' dir='ltr'><strong>domui</strong></span> <span class='ocrx_word' id='word_1_323' title='bbox 3217 1506 3440 1558; x_wconf 75' lang='lat' dir='ltr'><strong>pt&#39;wesse</strong></span> 
     </span>
    </p>
   </div>
   <div class='ocr_carea' id='block_1_44' title="bbox 1850 1583 3433 1653">
    <p class='ocr_par' dir='ltr' id='par_1_44' title="bbox 1850 1583 3433 1653">
     <span class='ocr_line' id='line_1_44' title="bbox 1850 1583 3433 1653; baseline 0.003 -19"><span class='ocrx_word' id='word_1_324' title='bbox 1850 1585 2035 1644; x_wconf 76' lang='lat' dir='ltr'><strong>nescit,</strong></span> <span class='ocrx_word' id='word_1_325' title='bbox 2066 1587 2324 1653; x_wconf 86' lang='lat' dir='ltr'><strong>quomodo</strong></span> <span class='ocrx_word' id='word_1_326' title='bbox 2360 1583 2603 1637; x_wconf 62' lang='lat' dir='ltr'><strong>Ifeclesia&#39;</strong></span> <span class='ocrx_word' id='word_1_327' title='bbox 2629 1585 2729 1638; x_wconf 85' lang='lat' dir='ltr'><strong>Dei</strong></span> <span class='ocrx_word' id='word_1_328' title='bbox 2753 1602 2936 1639; x_wconf 71' lang='lat' dir='ltr'><strong>curn&#39;n</strong></span> <span class='ocrx_word' id='word_1_329' title='bbox 2966 1586 3169 1641; x_wconf 78' lang='lat' dir='ltr'><strong>habebit</strong></span> <span class='ocrx_word' id='word_1_330' title='bbox 3194 1586 3273 1638; x_wconf 79' lang='lat'><strong>&quot;?</strong></span> <span class='ocrx_word' id='word_1_331' title='bbox 3298 1586 3433 1639; x_wconf 80' lang='lat' dir='ltr'><strong>Pro-</strong></span> 
     </span>
    </p>
   </div>
   <div class='ocr_carea' id='block_1_45' title="bbox 1852 1672 3435 1743">
    <p class='ocr_par' dir='ltr' id='par_1_45' title="bbox 1852 1672 3435 1743">
     <span class='ocr_line' id='line_1_45' title="bbox 1852 1672 3435 1743; baseline 0.004 -19"><span class='ocrx_word' id='word_1_332' title='bbox 1852 1683 2039 1740; x_wconf 77' lang='lat' dir='ltr'><strong>pterea</strong></span> <span class='ocrx_word' id='word_1_333' title='bbox 2067 1672 2382 1727; x_wconf 67' lang='lat' dir='ltr'><strong>.Iudaeorum</strong></span> <span class='ocrx_word' id='word_1_334' title='bbox 2414 1674 2694 1743; x_wconf 68' lang='lat' dir='ltr'><strong>Syuagoga</strong></span> <span class='ocrx_word' id='word_1_335' title='bbox 2724 1690 2831 1726; x_wconf 86' lang='lat' dir='ltr'><strong>non</strong></span> <span class='ocrx_word' id='word_1_336' title='bbox 2857 1676 3034 1728; x_wconf 87' lang='lat' dir='ltr'><strong>solum</strong></span> <span class='ocrx_word' id='word_1_337' title='bbox 3066 1691 3221 1739; x_wconf 81' lang='lat' dir='ltr'><strong>uxor,</strong></span> <span class='ocrx_word' id='word_1_338' title='bbox 3254 1676 3347 1728; x_wconf 85' lang='lat' dir='ltr'><strong>sed</strong></span> <span class='ocrx_word' id='word_1_339' title='bbox 3378 1684 3435 1730; x_wconf 82' lang='lat' dir='ltr'><strong>et.</strong></span> 
     </span>
    </p>
   </div>
   <div class='ocr_carea' id='block_1_46' title="bbox 1854 1761 3439 1831">
    <p class='ocr_par' dir='ltr' id='par_1_46' title="bbox 1854 1761 3439 1831">
     <span class='ocr_line' id='line_1_46' title="bbox 1854 1761 3439 1831; baseline 0.001 -18"><span class='ocrx_word' id='word_1_340' title='bbox 1854 1763 1963 1813; x_wconf 85' lang='lat' dir='ltr'><strong>tilia</strong></span> <span class='ocrx_word' id='word_1_341' title='bbox 1992 1761 2081 1814; x_wconf 84' lang='lat' dir='ltr'><strong>l‘ci</strong></span> <span class='ocrx_word' id='word_1_342' title='bbox 2102 1762 2366 1831; x_wconf 80' lang='lat' dir='ltr'><strong>appellata</strong></span> <span class='ocrx_word' id='word_1_343' title='bbox 2390 1764 2443 1815; x_wconf 94' lang='lat' dir='ltr'><strong>in</strong></span> <span class='ocrx_word' id='word_1_344' title='bbox 2468 1763 2750 1831; x_wconf 78' lang='lat' dir='ltr'><strong>prophetis</strong></span> <span class='ocrx_word' id='word_1_345' title='bbox 2774 1763 3070 1817; x_wconf 84' lang='lat' dir='ltr'><strong>invenitur.</strong></span> <span class='ocrx_word' id='word_1_346' title='bbox 3096 1763 3199 1817; x_wconf 89' lang='lat' dir='ltr'><strong>Sed</strong></span> <span class='ocrx_word' id='word_1_347' title='bbox 3222 1774 3439 1817; x_wconf 89' lang='lat' dir='ltr'><strong>utrum-</strong></span> 
     </span>
    </p>
   </div>
   <div class='ocr_carea' id='block_1_47' title="bbox 1853 1851 3435 1921">
    <p class='ocr_par' dir='ltr' id='par_1_47' title="bbox 1853 1851 3435 1921">
     <span class='ocr_line' id='line_1_47' title="bbox 1853 1851 3435 1921; baseline 0.003 -20"><span class='ocrx_word' id='word_1_348' title='bbox 1853 1867 1959 1919; x_wconf 81' lang='lat' dir='ltr'><strong>que</strong></span> <span class='ocrx_word' id='word_1_349' title='bbox 1998 1851 2113 1919; x_wconf 79' lang='lat' dir='ltr'><strong>ip~a</strong></span> <span class='ocrx_word' id='word_1_350' title='bbox 2155 1852 2508 1915; x_wconf 75' lang='lat' dir='ltr'><strong>depravatis,</strong></span> <span class='ocrx_word' id='word_1_351' title='bbox 2572 1852 2792 1920; x_wconf 75' lang='lat' dir='ltr'><strong>indigna</strong></span> <span class='ocrx_word' id='word_1_352' title='bbox 2844 1854 3003 1905; x_wconf 88' lang='lat' dir='ltr'><strong>donis</strong></span> <span class='ocrx_word' id='word_1_353' title='bbox 3054 1853 3327 1921; x_wconf 75' lang='lat' dir='ltr'><strong>appaluit,</strong></span> <span class='ocrx_word' id='word_1_354' title='bbox 3380 1859 3435 1905; x_wconf 85' lang='lat' dir='ltr'><strong>et</strong></span> 
     </span>
    </p>
   </div>
   <div class='ocr_carea' id='block_1_48' title="bbox 1855 1940 3432 2010">
    <p class='ocr_par' dir='ltr' id='par_1_48' title="bbox 1855 1940 3432 2010">
     <span class='ocr_line' id='line_1_48' title="bbox 1855 1940 3432 2010; baseline 0.004 -22"><span class='ocrx_word' id='word_1_355' title='bbox 1855 1952 2038 2007; x_wconf 72' lang='lat' dir='ltr'><strong>proptt</strong></span> <span class='ocrx_word' id='word_1_356' title='bbox 2058 1956 2145 1991; x_wconf 86' lang='lat' dir='ltr'><strong>rea</strong></span> <span class='ocrx_word' id='word_1_357' title='bbox 2180 1940 2355 1993; x_wconf 88' lang='lat' dir='ltr'><strong>aliena</strong></span> <span class='ocrx_word' id='word_1_358' title='bbox 2390 1940 2529 1995; x_wconf 79' lang='lat' dir='ltr'><strong>facta</strong></span> <span class='ocrx_word' id='word_1_359' title='bbox 2564 1954 2687 2008; x_wconf 83' lang='lat' dir='ltr'><strong>est;</strong></span> <span class='ocrx_word' id='word_1_360' title='bbox 2724 1943 2796 1995; x_wconf 84' lang='lat' dir='ltr'><strong>ita</strong></span> <span class='ocrx_word' id='word_1_361' title='bbox 2842 1951 2898 1994; x_wconf 90' lang='lat' dir='ltr'><strong>ut</strong></span> <span class='ocrx_word' id='word_1_362' title='bbox 2935 1942 3075 1995; x_wconf 84' lang='lat' dir='ltr'><strong>Deus</strong></span> <span class='ocrx_word' id='word_1_363' title='bbox 3116 1957 3212 2010; x_wconf 85' lang='lat' dir='ltr'><strong>per</strong></span> <span class='ocrx_word' id='word_1_364' title='bbox 3234 1941 3432 1996; x_wconf 86' lang='lat' dir='ltr'><strong>Isaiam</strong></span> 
     </span>
    </p>
   </div>
   <div class='ocr_carea' id='block_1_49' title="bbox 1853 2028 3434 2101">
    <p class='ocr_par' dir='ltr' id='par_1_49' title="bbox 1853 2028 3434 2101">
     <span class='ocr_line' id='line_1_49' title="bbox 1853 2028 3434 2101; baseline 0.001 -17"><span class='ocrx_word' id='word_1_365' title='bbox 1853 2034 2063 2085; x_wconf 81' lang='lat' dir='ltr'><strong>diceret</strong></span> <span class='ocrx_word' id='word_1_366' title='bbox 2094 2049 2105 2083; x_wconf 90' lang='lat'><strong>:</strong></span> <span class='ocrx_word' id='word_1_367' title='bbox 2139 2028 2480 2101; x_wconf 80' lang='lat' dir='ltr'><strong>Relinquetur</strong></span> <span class='ocrx_word' id='word_1_368' title='bbox 2509 2031 2623 2099; x_wconf 78' lang='lat' dir='ltr'><strong>ﬁlia</strong></span> <span class='ocrx_word' id='word_1_369' title='bbox 2657 2031 2785 2086; x_wconf 84' lang='lat' dir='ltr'><strong>Sion</strong></span> <span class='ocrx_word' id='word_1_370' title='bbox 2819 2037 2950 2087; x_wconf 82' lang='lat' dir='ltr'><strong>sicut</strong></span> <span class='ocrx_word' id='word_1_371' title='bbox 2982 2034 3345 2085; x_wconf 85' lang='lat' dir='ltr'><strong>umbraculam</strong></span> <span class='ocrx_word' id='word_1_372' title='bbox 3380 2033 3434 2087; x_wconf 89' lang='lat' dir='ltr'><strong>in</strong></span> 
     </span>
    </p>
   </div>
   <div class='ocr_carea' id='block_1_50' title="bbox 1853 2123 3439 2199">
    <p class='ocr_par' dir='ltr' id='par_1_50' title="bbox 1853 2123 3439 2199">
     <span class='ocr_line' id='line_1_50' title="bbox 1853 2123 3439 2199; baseline 0 -24"><span class='ocrx_word' id='word_1_373' title='bbox 1853 2124 2025 2186; x_wconf 86' lang='lat' dir='ltr'><strong>vinea,</strong></span> <span class='ocrx_word' id='word_1_374' title='bbox 2049 2133 2097 2175; x_wconf 87' lang='lat' dir='ltr'><strong>et</strong></span> <span class='ocrx_word' id='word_1_375' title='bbox 2129 2124 2260 2177; x_wconf 80' lang='lat' dir='ltr'><strong>sicut</strong></span> <span class='ocrx_word' id='word_1_376' title='bbox 2290 2126 2560 2191; x_wconf 76' lang='lat' dir='ltr'><strong>tugurium</strong></span> <span class='ocrx_word' id='word_1_377' title='bbox 2584 2123 2634 2176; x_wconf 90' lang='lat' dir='ltr'><strong>in</strong></span> <span class='ocrx_word' id='word_1_378' title='bbox 2657 2125 3042 2185; x_wconf 74' lang='lat' dir='ltr'><strong>cucumerario.</strong></span> <span class='ocrx_word' id='word_1_379' title='bbox 3076 2135 3127 2176; x_wconf 89' lang='lat' dir='ltr'><strong>et</strong></span> <span class='ocrx_word' id='word_1_380' title='bbox 3153 2124 3288 2199; x_wconf 80' lang='lat' dir='ltr'><strong>sicut</strong></span> <span class='ocrx_word' id='word_1_381' title='bbox 3310 2126 3439 2177; x_wconf 81' lang='lat' dir='ltr'><strong>civi-</strong></span> 
     </span>
    </p>
   </div>
   <div class='ocr_carea' id='block_1_51' title="bbox 1855 2216 3437 2285">
    <p class='ocr_par' dir='ltr' id='par_1_51' title="bbox 1855 2216 3437 2285">
     <span class='ocr_line' id='line_1_51' title="bbox 1855 2216 3437 2285; baseline 0.003 -17"><span class='ocrx_word' id='word_1_382' title='bbox 1855 2226 1935 2270; x_wconf 89' lang='lat' dir='ltr'><strong>tas</strong></span> <span class='ocrx_word' id='word_1_383' title='bbox 1963 2233 2080 2285; x_wconf 75' lang='lat' dir='ltr'><strong>qtae</strong></span> <span class='ocrx_word' id='word_1_384' title='bbox 2101 2224 2348 2269; x_wconf 79' lang='lat' dir='ltr'><strong>vastatur</strong></span> <span class='ocrx_word' id='word_1_385' title='bbox 2371 2216 2435 2267; x_wconf 86' lang='grc'><strong>³⁸.</strong></span> <span class='ocrx_word' id='word_1_386' title='bbox 2466 2219 2583 2285; x_wconf 88' lang='lat' dir='ltr'><strong>Ipsa</strong></span> <span class='ocrx_word' id='word_1_387' title='bbox 2609 2217 2895 2285; x_wconf 79' lang='lat' dir='ltr'><strong>profanata</strong></span> <span class='ocrx_word' id='word_1_388' title='bbox 2926 2228 2981 2270; x_wconf 86' lang='lat' dir='ltr'><strong>et</strong></span> <span class='ocrx_word' id='word_1_389' title='bbox 3000 2218 3303 2271; x_wconf 73' lang='lat' dir='ltr'><strong>adulterata</strong></span> <span class='ocrx_word' id='word_1_390' title='bbox 3325 2226 3437 2272; x_wconf 88' lang='lat' dir='ltr'><strong>est.</strong></span> 
     </span>
    </p>
   </div>
   <div class='ocr_carea' id='block_1_52' title="bbox 1858 2308 3441 2378">
    <p class='ocr_par' dir='ltr' id='par_1_52' title="bbox 1858 2308 3441 2378">
     <span class='ocr_line' id='line_1_52' title="bbox 1858 2308 3441 2378; baseline -0.001 -15"><span class='ocrx_word' id='word_1_391' title='bbox 1858 2309 1935 2363; x_wconf 88' lang='lat' dir='ltr'><strong>De</strong></span> <span class='ocrx_word' id='word_1_392' title='bbox 1966 2308 2066 2362; x_wconf 88' lang='lat' dir='ltr'><strong>bac</strong></span> <span class='ocrx_word' id='word_1_393' title='bbox 2102 2309 2350 2363; x_wconf 73' lang='lat' dir='ltr'><strong>invenies</strong></span> <span class='ocrx_word' id='word_1_394' title='bbox 2380 2308 2675 2362; x_wconf 86' lang='lat' dir='ltr'><strong>Dominum</strong></span> <span class='ocrx_word' id='word_1_395' title='bbox 2703 2324 2800 2378; x_wconf 85' lang='lat' dir='ltr'><strong>per</strong></span> <span class='ocrx_word' id='word_1_396' title='bbox 2832 2308 3176 2378; x_wconf 76' lang='lat' dir='ltr'><strong>prophetiam</strong></span> <span class='ocrx_word' id='word_1_397' title='bbox 3209 2311 3263 2362; x_wconf 89' lang='lat' dir='ltr'><strong>in</strong></span> <span class='ocrx_word' id='word_1_398' title='bbox 3300 2308 3441 2363; x_wconf 82' lang='lat' dir='ltr'><strong>Osea</strong></span> 
     </span>
    </p>
   </div>
   <div class='ocr_carea' id='block_1_53' title="bbox 1858 2400 3441 2471">
    <p class='ocr_par' dir='ltr' id='par_1_53' title="bbox 1858 2400 3441 2471">
     <span class='ocr_line' id='line_1_53' title="bbox 1858 2400 3441 2471; baseline -0.002 -15"><span class='ocrx_word' id='word_1_399' title='bbox 1858 2402 2133 2457; x_wconf 86' lang='lat' dir='ltr'><strong>dicentem</strong></span> <span class='ocrx_word' id='word_1_400' title='bbox 2164 2420 2178 2456; x_wconf 90' lang='lat'><strong>:</strong></span> <span class='ocrx_word' id='word_1_401' title='bbox 2215 2400 2373 2456; x_wconf 76' lang='lat' dir='ltr'><strong>Filiis</strong></span> <span class='ocrx_word' id='word_1_402' title='bbox 2406 2403 2517 2470; x_wconf 82' lang='lat' dir='ltr'><strong>ejus</strong></span> <span class='ocrx_word' id='word_1_403' title='bbox 2538 2418 2642 2457; x_wconf 88' lang='lat' dir='ltr'><strong>non</strong></span> <span class='ocrx_word' id='word_1_404' title='bbox 2672 2404 2973 2465; x_wconf 75' lang='lat' dir='ltr'><strong>miserebor,</strong></span> <span class='ocrx_word' id='word_1_405' title='bbox 2994 2403 3117 2471; x_wconf 80' lang='lat' dir='ltr'><strong>quia</strong></span> <span class='ocrx_word' id='word_1_406' title='bbox 3143 2402 3243 2468; x_wconf 82' lang='lat' dir='ltr'><strong>ﬁlii</strong></span> <span class='ocrx_word' id='word_1_407' title='bbox 3269 2402 3441 2471; x_wconf 79' lang='lat' dir='ltr'><strong>forni-</strong></span> 
     </span>
    </p>
   </div>
   <div class='ocr_carea' id='block_1_54' title="bbox 1788 2494 3441 2565">
    <p class='ocr_par' dir='ltr' id='par_1_54' title="bbox 1788 2494 3441 2565">
     <span class='ocr_line' id='line_1_54' title="bbox 1788 2494 3441 2565; baseline -0.004 -16"><span class='ocrx_word' id='word_1_408' title='bbox 1788 2540 1791 2549; x_wconf 56' lang='lat'><strong>.</strong></span> <span class='ocrx_word' id='word_1_409' title='bbox 1862 2495 2082 2549; x_wconf 75' lang='lat' dir='ltr'><strong>rationis</strong></span> <span class='ocrx_word' id='word_1_410' title='bbox 2103 2504 2252 2562; x_wconf 88' lang='lat' dir='ltr'><strong>sunt,</strong></span> <span class='ocrx_word' id='word_1_411' title='bbox 2271 2497 2395 2564; x_wconf 86' lang='lat' dir='ltr'><strong>quia</strong></span> <span class='ocrx_word' id='word_1_412' title='bbox 2418 2496 2681 2565; x_wconf 74' lang='lat' dir='ltr'><strong>fornicata</strong></span> <span class='ocrx_word' id='word_1_413' title='bbox 2700 2505 2775 2548; x_wconf 87' lang='lat' dir='ltr'><strong>est</strong></span> <span class='ocrx_word' id='word_1_414' title='bbox 2803 2504 2972 2549; x_wconf 80' lang='lat' dir='ltr'><strong>mater</strong></span> <span class='ocrx_word' id='word_1_415' title='bbox 3001 2511 3179 2548; x_wconf 62' lang='lat' dir='ltr'><strong>eorum</strong></span> <span class='ocrx_word' id='word_1_416' title='bbox 3200 2494 3281 2559; x_wconf 81' lang='grc'><strong>³³;</strong></span> <span class='ocrx_word' id='word_1_417' title='bbox 3317 2509 3441 2545; x_wconf 83' lang='lat' dir='ltr'><strong>nam</strong></span> 
     </span>
    </p>
   </div>
   <div class='ocr_carea' id='block_1_55' title="bbox 1848 2587 3439 2659">
    <p class='ocr_par' dir='ltr' id='par_1_55' title="bbox 1848 2587 3439 2659">
     <span class='ocr_line' id='line_1_55' title="bbox 1848 2587 3439 2659; baseline 0.004 -20"><span class='ocrx_word' id='word_1_418' title='bbox 1848 2598 1903 2639; x_wconf 84' lang='lat' dir='ltr'><strong>et</strong></span> <span class='ocrx_word' id='word_1_419' title='bbox 1932 2590 2052 2655; x_wconf 71' lang='lat' dir='ltr'><strong>igne</strong></span> <span class='ocrx_word' id='word_1_420' title='bbox 2092 2596 2284 2640; x_wconf 73' lang='lat' dir='ltr'><strong>exusta</strong></span> <span class='ocrx_word' id='word_1_421' title='bbox 2319 2596 2425 2640; x_wconf 86' lang='lat' dir='ltr'><strong>est.</strong></span> <span class='ocrx_word' id='word_1_422' title='bbox 2464 2587 2617 2651; x_wconf 88' lang='lat' dir='ltr'><strong>Quod</strong></span> <span class='ocrx_word' id='word_1_423' title='bbox 2679 2587 2994 2642; x_wconf 83' lang='lat' dir='ltr'><strong>manifestat</strong></span> <span class='ocrx_word' id='word_1_424' title='bbox 3052 2590 3331 2659; x_wconf 88' lang='lat' dir='ltr'><strong>templum,</strong></span> <span class='ocrx_word' id='word_1_425' title='bbox 3380 2600 3439 2646; x_wconf 79' lang='lat' dir='ltr'><strong>et</strong></span> 
     </span>
    </p>
   </div>
   <div class='ocr_carea' id='block_1_56' title="bbox 1847 2676 3435 2748">
    <p class='ocr_par' dir='ltr' id='par_1_56' title="bbox 1847 2676 3435 2748">
     <span class='ocr_line' id='line_1_56' title="bbox 1847 2676 3435 2748; baseline 0.003 -16"><span class='ocrx_word' id='word_1_426' title='bbox 1847 2677 2040 2732; x_wconf 60' lang='lat' dir='ltr'><strong>civitas</strong></span> <span class='ocrx_word' id='word_1_427' title='bbox 2070 2678 2187 2732; x_wconf 63' lang='lat' dir='ltr'><strong>haec</strong></span> <span class='ocrx_word' id='word_1_428' title='bbox 2214 2676 2519 2732; x_wconf 81' lang='lat' dir='ltr'><strong>Jerusalem</strong></span> <span class='ocrx_word' id='word_1_429' title='bbox 2552 2678 2797 2748; x_wconf 88' lang='lat' dir='ltr'><strong>antiqua,</strong></span> <span class='ocrx_word' id='word_1_430' title='bbox 2827 2680 3013 2736; x_wconf 89' lang='lat' dir='ltr'><strong>adhuc</strong></span> <span class='ocrx_word' id='word_1_431' title='bbox 3032 2682 3435 2737; x_wconf 76' lang='lat' dir='ltr'><strong>ostendensin-</strong></span> 
     </span>
    </p>
   </div>
   <div class='ocr_carea' id='block_1_57' title="bbox 1848 2769 3441 2842">
    <p class='ocr_par' dir='ltr' id='par_1_57' title="bbox 1848 2769 3441 2842">
     <span class='ocr_line' id='line_1_57' title="bbox 1848 2769 3441 2842; baseline 0.004 -20"><span class='ocrx_word' id='word_1_432' title='bbox 1848 2769 2026 2823; x_wconf 89' lang='lat' dir='ltr'><strong>ccudii</strong></span> <span class='ocrx_word' id='word_1_433' title='bbox 2054 2770 2337 2838; x_wconf 91' lang='lat' dir='ltr'><strong>reliquias.</strong></span> <span class='ocrx_word' id='word_1_434' title='bbox 2372 2770 2514 2839; x_wconf 69' lang='lat' dir='ltr'><strong>Ergo</strong></span> <span class='ocrx_word' id='word_1_435' title='bbox 2536 2785 2663 2823; x_wconf 74' lang='lat' dir='ltr'><strong>vera</strong></span> <span class='ocrx_word' id='word_1_436' title='bbox 2680 2779 2735 2823; x_wconf 89' lang='lat' dir='ltr'><strong>et</strong></span> <span class='ocrx_word' id='word_1_437' title='bbox 2763 2771 3164 2842; x_wconf 78' lang='lat' dir='ltr'><strong>irrefragabilis</strong></span> <span class='ocrx_word' id='word_1_438' title='bbox 3215 2782 3300 2828; x_wconf 85' lang='lat' dir='ltr'><strong>est</strong></span> <span class='ocrx_word' id='word_1_439' title='bbox 3324 2776 3441 2841; x_wconf 86' lang='lat' dir='ltr'><strong>spi-</strong></span> 
     </span>
    </p>
   </div>
   <div class='ocr_carea' id='block_1_58' title="bbox 1849 2862 3439 2932">
    <p class='ocr_par' dir='ltr' id='par_1_58' title="bbox 1849 2862 3439 2932">
     <span class='ocr_line' id='line_1_58' title="bbox 1849 2862 3439 2932; baseline 0.003 -18"><span class='ocrx_word' id='word_1_440' title='bbox 1849 2862 2026 2916; x_wconf 86' lang='lat' dir='ltr'><strong>ritalis</strong></span> <span class='ocrx_word' id='word_1_441' title='bbox 2072 2862 2207 2932; x_wconf 79' lang='lat' dir='ltr'><strong>legis</strong></span> <span class='ocrx_word' id='word_1_442' title='bbox 2257 2862 2651 2931; x_wconf 87' lang='lat' dir='ltr'><strong>contemplatio</strong></span> <span class='ocrx_word' id='word_1_443' title='bbox 2710 2880 2723 2915; x_wconf 93' lang='lat'><strong>:</strong></span> <span class='ocrx_word' id='word_1_444' title='bbox 2802 2879 2980 2931; x_wconf 84' lang='lat' dir='ltr'><strong>neque</strong></span> <span class='ocrx_word' id='word_1_445' title='bbox 3044 2865 3189 2917; x_wconf 87' lang='lat' dir='ltr'><strong>enim</strong></span> <span class='ocrx_word' id='word_1_446' title='bbox 3263 2865 3439 2919; x_wconf 90' lang='lat' dir='ltr'><strong>solum</strong></span> 
     </span>
    </p>
   </div>
   <div class='ocr_carea' id='block_1_59' title="bbox 1849 2957 3439 3029">
    <p class='ocr_par' dir='ltr' id='par_1_59' title="bbox 1849 2957 3439 3029">
     <span class='ocr_line' id='line_1_59' title="bbox 1849 2957 3439 3029; baseline 0.004 -19"><span class='ocrx_word' id='word_1_447' title='bbox 1849 2972 2114 3011; x_wconf 88' lang='lat' dir='ltr'><strong>succensa</strong></span> <span class='ocrx_word' id='word_1_448' title='bbox 2142 2967 2247 3020; x_wconf 86' lang='lat' dir='ltr'><strong>est,</strong></span> <span class='ocrx_word' id='word_1_449' title='bbox 2271 2957 2368 3012; x_wconf 89' lang='lat' dir='ltr'><strong>sed</strong></span> <span class='ocrx_word' id='word_1_450' title='bbox 2428 2959 2731 3012; x_wconf 89' lang='lat' dir='ltr'><strong>secundum</strong></span> <span class='ocrx_word' id='word_1_451' title='bbox 2779 2961 2924 3029; x_wconf 86' lang='lat' dir='ltr'><strong>quod</strong></span> <span class='ocrx_word' id='word_1_452' title='bbox 2947 2960 3023 3013; x_wconf 90' lang='lat' dir='ltr'><strong>ait</strong></span> <span class='ocrx_word' id='word_1_453' title='bbox 3052 2961 3134 3014; x_wconf 75' lang='lat' dir='ltr'><strong>lex</strong></span> <span class='ocrx_word' id='word_1_454' title='bbox 3192 2960 3439 3017; x_wconf 89' lang='lat' dir='ltr'><strong>funditus</strong></span> 
     </span>
    </p>
   </div>
   <div class='ocr_carea' id='block_1_60' title="bbox 1845 3061 2161 3108">
    <p class='ocr_par' dir='ltr' id='par_1_60' title="bbox 1845 3061 2161 3108">
     <span class='ocr_line' id='line_1_60' title="bbox 1845 3061 2161 3108; baseline 0.003 -1"><span class='ocrx_word' id='word_1_455' title='bbox 1845 3063 2033 3108; x_wconf 80' lang='lat' dir='ltr'><strong>exusta</strong></span> <span class='ocrx_word' id='word_1_456' title='bbox 2059 3061 2161 3108; x_wconf 75' lang='grc' dir='ltr'>ρει.</span> 
     </span>
    </p>
   </div>
   <div class='ocr_carea' id='block_1_61' title="bbox 153 3146 3439 3230">
    <p class='ocr_par' dir='ltr' id='par_1_61' title="bbox 153 3146 3439 3230">
     <span class='ocr_line' id='line_1_61' title="bbox 153 3146 3439 3230; baseline 0.002 -30"><span class='ocrx_word' id='word_1_457' title='bbox 153 3150 635 3205; x_wconf 82' lang='lat' dir='ltr'><strong>transformatinne</strong></span> <span class='ocrx_word' id='word_1_458' title='bbox 685 3167 817 3205; x_wconf 87' lang='lat' dir='ltr'><strong>usus</strong></span> <span class='ocrx_word' id='word_1_459' title='bbox 862 3159 967 3214; x_wconf 81' lang='lat' dir='ltr'><strong>est,</strong></span> <span class='ocrx_word' id='word_1_460' title='bbox 1021 3153 1174 3222; x_wconf 80' lang='lat' dir='ltr'><strong>quasi</strong></span> <span class='ocrx_word' id='word_1_461' title='bbox 1224 3153 1451 3223; x_wconf 68' lang='lat' dir='ltr'><strong>ﬁgurate</strong></span> <span class='ocrx_word' id='word_1_462' title='bbox 1483 3164 1536 3209; x_wconf 78' lang='lat' dir='ltr'><strong>ct,</strong></span> <span class='ocrx_word' id='word_1_463' title='bbox 1569 3156 1743 3226; x_wconf 60' lang='lat' dir='ltr'><strong>typice</strong></span> <span class='ocrx_word' id='word_1_464' title='bbox 1772 3173 1815 3230; x_wconf 65' lang='grc' dir='ltr'>ο</span> <span class='ocrx_word' id='word_1_465' title='bbox 1920 3146 2082 3200; x_wconf 71' lang='lat' dir='ltr'><strong>Vnus.</strong></span> <span class='ocrx_word' id='word_1_466' title='bbox 2122 3146 2302 3201; x_wconf 71' lang='grc'><strong>10-12.</strong></span> <span class='ocrx_word' id='word_1_467' title='bbox 2337 3166 2355 3198; x_wconf 77' lang='lat' dir='ltr'><strong>t</strong></span> <span class='ocrx_word' id='word_1_468' title='bbox 2387 3146 2659 3212; x_wconf 79' lang='lat' dir='ltr'><strong>Pontifex,</strong></span> <span class='ocrx_word' id='word_1_469' title='bbox 2681 3147 2732 3201; x_wconf 83' lang='lat' dir='ltr'><strong>id</strong></span> <span class='ocrx_word' id='word_1_470' title='bbox 2767 3157 2849 3202; x_wconf 85' lang='lat' dir='ltr'><strong>est</strong></span> <span class='ocrx_word' id='word_1_471' title='bbox 2878 3149 3132 3203; x_wconf 88' lang='lat' dir='ltr'><strong>sacerdos</strong></span> <span class='ocrx_word' id='word_1_472' title='bbox 3166 3150 3439 3207; x_wconf 75' lang='lat' dir='ltr'><strong>maximus</strong></span> 
     </span>
    </p>
   </div>
   <div class='ocr_carea' id='block_1_62' title="bbox 157 3242 1745 3314">
    <p class='ocr_par' dir='ltr' id='par_1_62' title="bbox 157 3242 1745 3314">
     <span class='ocr_line' id='line_1_62' title="bbox 157 3242 1745 3314; baseline 0.004 -17"><span class='ocrx_word' id='word_1_473' title='bbox 157 3246 405 3313; x_wconf 87' lang='lat' dir='ltr'><strong>loquens.</strong></span> <span class='ocrx_word' id='word_1_474' title='bbox 444 3242 849 3297; x_wconf 50' lang='lat' dir='ltr'><strong>Verumtamen</strong></span> <span class='ocrx_word' id='word_1_475' title='bbox 882 3260 977 3299; x_wconf 90' lang='lat' dir='ltr'><strong>eos</strong></span> <span class='ocrx_word' id='word_1_476' title='bbox 1008 3245 1098 3314; x_wconf 87' lang='lat' dir='ltr'><strong>qui</strong></span> <span class='ocrx_word' id='word_1_477' title='bbox 1130 3247 1539 3300; x_wconf 88' lang='lat' dir='ltr'><strong>sanctiticantur</strong></span> <span class='ocrx_word' id='word_1_478' title='bbox 1567 3249 1635 3302; x_wconf 91' lang='lat' dir='ltr'><strong>ab</strong></span> <span class='ocrx_word' id='word_1_479' title='bbox 1662 3264 1745 3313; x_wconf 92' lang='lat' dir='ltr'><strong>eo,</strong></span> 
     </span>
    </p>
   </div>
   <div class='ocr_carea' id='block_1_63' title="bbox 158 3333 1751 3404">
    <p class='ocr_par' dir='ltr' id='par_1_63' title="bbox 158 3333 1751 3404">
     <span class='ocr_line' id='line_1_63' title="bbox 158 3333 1751 3404; baseline 0.001 -17"><span class='ocrx_word' id='word_1_480' title='bbox 158 3342 401 3387; x_wconf 89' lang='lat' dir='ltr'><strong>scortum</strong></span> <span class='ocrx_word' id='word_1_481' title='bbox 431 3342 486 3387; x_wconf 83' lang='lat' dir='ltr'><strong>ct</strong></span> <span class='ocrx_word' id='word_1_482' title='bbox 513 3333 620 3387; x_wconf 71' lang='lat' dir='ltr'><strong>Vile</strong></span> <span class='ocrx_word' id='word_1_483' title='bbox 650 3333 1015 3402; x_wconf 87' lang='lat' dir='ltr'><strong>prostibulum</strong></span> <span class='ocrx_word' id='word_1_484' title='bbox 1042 3333 1241 3388; x_wconf 85' lang='lat' dir='ltr'><strong>ducere</strong></span> <span class='ocrx_word' id='word_1_485' title='bbox 1271 3348 1381 3387; x_wconf 89' lang='lat' dir='ltr'><strong>non</strong></span> <span class='ocrx_word' id='word_1_486' title='bbox 1402 3334 1535 3400; x_wconf 74' lang='lat' dir='ltr'><strong>vult,</strong></span> <span class='ocrx_word' id='word_1_487' title='bbox 1562 3345 1751 3404; x_wconf 83' lang='lat' dir='ltr'><strong>aperte</strong></span> 
     </span>
    </p>
   </div>
   <div class='ocr_carea' id='block_1_64' title="bbox 156 3424 1748 3497">
    <p class='ocr_par' dir='ltr' id='par_1_64' title="bbox 156 3424 1748 3497">
     <span class='ocr_line' id='line_1_64' title="bbox 156 3424 1748 3497; baseline 0 -16"><span class='ocrx_word' id='word_1_488' title='bbox 156 3434 346 3481; x_wconf 89' lang='lat' dir='ltr'><strong>contra</strong></span> <span class='ocrx_word' id='word_1_489' title='bbox 383 3426 695 3480; x_wconf 75' lang='lat' dir='ltr'><strong>Judzeorum</strong></span> <span class='ocrx_word' id='word_1_490' title='bbox 743 3424 1079 3496; x_wconf 76' lang='lat' dir='ltr'><strong>Synagogam</strong></span> <span class='ocrx_word' id='word_1_491' title='bbox 1108 3425 1402 3481; x_wconf 89' lang='lat' dir='ltr'><strong>intendens</strong></span> <span class='ocrx_word' id='word_1_492' title='bbox 1432 3445 1445 3481; x_wconf 96' lang='lat'><strong>:</strong></span> <span class='ocrx_word' id='word_1_493' title='bbox 1470 3443 1590 3497; x_wconf 63' lang='lat' dir='ltr'><strong>quae</strong></span> <span class='ocrx_word' id='word_1_494' title='bbox 1620 3429 1748 3497; x_wconf 89' lang='lat' dir='ltr'><strong>quia</strong></span> 
     </span>
    </p>
   </div>
   <div class='ocr_carea' id='block_1_65' title="bbox 157 3517 1745 3582">
    <p class='ocr_par' dir='ltr' id='par_1_65' title="bbox 157 3517 1745 3582">
     <span class='ocr_line' id='line_1_65' title="bbox 157 3517 1745 3582; baseline 0.001 -10"><span class='ocrx_word' id='word_1_495' title='bbox 157 3518 418 3572; x_wconf 78' lang='lat' dir='ltr'><strong>meretrix</strong></span> <span class='ocrx_word' id='word_1_496' title='bbox 466 3527 571 3582; x_wconf 89' lang='lat' dir='ltr'><strong>est,</strong></span> <span class='ocrx_word' id='word_1_497' title='bbox 614 3517 742 3571; x_wconf 88' lang='lat' dir='ltr'><strong>audi</strong></span> <span class='ocrx_word' id='word_1_498' title='bbox 788 3518 1082 3571; x_wconf 89' lang='lat' dir='ltr'><strong>Dominum</strong></span> <span class='ocrx_word' id='word_1_499' title='bbox 1125 3518 1180 3571; x_wconf 89' lang='lat' dir='ltr'><strong>in</strong></span> <span class='ocrx_word' id='word_1_500' title='bbox 1244 3518 1383 3573; x_wconf 87' lang='lat' dir='ltr'><strong>Isaia</strong></span> <span class='ocrx_word' id='word_1_501' title='bbox 1430 3520 1745 3573; x_wconf 90' lang='lat' dir='ltr'><strong>dicentem:</strong></span> 
     </span>
    </p>
   </div>
   <div class='ocr_carea' id='block_1_66' title="bbox 158 3610 1750 3681">
    <p class='ocr_par' dir='ltr' id='par_1_66' title="bbox 158 3610 1750 3681">
     <span class='ocr_line' id='line_1_66' title="bbox 158 3610 1750 3681; baseline 0.001 -17"><span class='ocrx_word' id='word_1_502' title='bbox 158 3610 426 3676; x_wconf 82' lang='lat' dir='ltr'><strong>Quomodo</strong></span> <span class='ocrx_word' id='word_1_503' title='bbox 446 3612 589 3679; x_wconf 80' lang='lat' dir='ltr'><strong>facta</strong></span> <span class='ocrx_word' id='word_1_504' title='bbox 625 3620 704 3664; x_wconf 87' lang='lat' dir='ltr'><strong>est</strong></span> <span class='ocrx_word' id='word_1_505' title='bbox 741 3611 991 3663; x_wconf 77' lang='lat' dir='ltr'><strong>meretrix</strong></span> <span class='ocrx_word' id='word_1_506' title='bbox 1013 3611 1197 3663; x_wconf 86' lang='lat' dir='ltr'><strong>civitas</strong></span> <span class='ocrx_word' id='word_1_507' title='bbox 1235 3611 1408 3679; x_wconf 83' lang='lat' dir='ltr'><strong>ﬁdelis</strong></span> <span class='ocrx_word' id='word_1_508' title='bbox 1440 3610 1566 3665; x_wconf 88' lang='lat' dir='ltr'><strong>Sion</strong></span> <span class='ocrx_word' id='word_1_509' title='bbox 1595 3614 1750 3681; x_wconf 86' lang='lat' dir='ltr'><strong>plena</strong></span> 
     </span>
    </p>
   </div>
   <div class='ocr_carea' id='block_1_67' title="bbox 150 3703 1750 3775">
    <p class='ocr_par' dir='ltr' id='par_1_67' title="bbox 150 3703 1750 3775">
     <span class='ocr_line' id='line_1_67' title="bbox 150 3703 1750 3775; baseline 0.002 -17"><span class='ocrx_word' id='word_1_510' title='bbox 150 3706 343 3775; x_wconf 88' lang='lat' dir='ltr'><strong>jndicii</strong></span> <span class='ocrx_word' id='word_1_511' title='bbox 352 3707 377 3758; x_wconf 72' lang='grc' dir='ltr'><strong><em>ἔ)</em></strong></span> <span class='ocrx_word' id='word_1_512' title='bbox 391 3704 421 3757; x_wconf 83' lang='grc' dir='ltr'><strong>,Ι</strong></span> <span class='ocrx_word' id='word_1_513' title='bbox 430 3705 607 3757; x_wconf 85' lang='lat' dir='ltr'><strong>ustitia</strong></span> <span class='ocrx_word' id='word_1_514' title='bbox 622 3703 875 3756; x_wconf 80' lang='lat' dir='ltr'><strong>habitavit</strong></span> <span class='ocrx_word' id='word_1_515' title='bbox 891 3703 944 3755; x_wconf 91' lang='lat' dir='ltr'><strong>in</strong></span> <span class='ocrx_word' id='word_1_516' title='bbox 965 3719 1048 3763; x_wconf 87' lang='lat' dir='ltr'><strong>ea,</strong></span> <span class='ocrx_word' id='word_1_517' title='bbox 1063 3720 1198 3755; x_wconf 88' lang='lat' dir='ltr'><strong>nunc</strong></span> <span class='ocrx_word' id='word_1_518' title='bbox 1208 3712 1384 3757; x_wconf 84' lang='lat' dir='ltr'><strong>autem</strong></span> <span class='ocrx_word' id='word_1_519' title='bbox 1396 3703 1668 3758; x_wconf 77' lang='lat' dir='ltr'><strong>homicida:</strong></span> <span class='ocrx_word' id='word_1_520' title='bbox 1680 3706 1750 3761; x_wconf 79' lang='lat'><strong>&quot;.</strong></span> 
     </span>
    </p>
   </div>
   <div class='ocr_carea' id='block_1_68' title="bbox 159 3794 1748 3866">
    <p class='ocr_par' dir='ltr' id='par_1_68' title="bbox 159 3794 1748 3866">
     <span class='ocr_line' id='line_1_68' title="bbox 159 3794 1748 3866; baseline -0.001 -15"><span class='ocrx_word' id='word_1_521' title='bbox 159 3798 262 3851; x_wconf 80' lang='lat' dir='ltr'><strong>Sed</strong></span> <span class='ocrx_word' id='word_1_522' title='bbox 289 3806 343 3851; x_wconf 89' lang='lat' dir='ltr'><strong>ct</strong></span> <span class='ocrx_word' id='word_1_523' title='bbox 386 3796 438 3849; x_wconf 92' lang='lat' dir='ltr'><strong>in</strong></span> <span class='ocrx_word' id='word_1_524' title='bbox 465 3794 645 3851; x_wconf 90' lang='lat' dir='ltr'><strong>Osea:</strong></span> <span class='ocrx_word' id='word_1_525' title='bbox 692 3795 757 3849; x_wconf 88' lang='lat' dir='ltr'><strong>Et</strong></span> <span class='ocrx_word' id='word_1_526' title='bbox 779 3797 1024 3866; x_wconf 78' lang='lat' dir='ltr'><strong>auferam</strong></span> <span class='ocrx_word' id='word_1_527' title='bbox 1078 3796 1478 3866; x_wconf 80' lang='lat' dir='ltr'><strong>fornicationem</strong></span> <span class='ocrx_word' id='word_1_528' title='bbox 1534 3796 1649 3865; x_wconf 89' lang='lat' dir='ltr'><strong>ejus</strong></span> <span class='ocrx_word' id='word_1_529' title='bbox 1694 3798 1748 3850; x_wconf 90' lang='lat' dir='ltr'><strong>in</strong></span> 
     </span>
    </p>
   </div>
   <div class='ocr_carea' id='block_1_69' title="bbox 164 3886 1747 3957">
    <p class='ocr_par' dir='ltr' id='par_1_69' title="bbox 164 3886 1747 3957">
     <span class='ocr_line' id='line_1_69' title="bbox 164 3886 1747 3957; baseline -0.001 -15"><span class='ocrx_word' id='word_1_530' title='bbox 164 3890 331 3942; x_wconf 85' lang='lat' dir='ltr'><strong>medio</strong></span> <span class='ocrx_word' id='word_1_531' title='bbox 371 3888 505 3957; x_wconf 81' lang='lat' dir='ltr'><strong>ejus,</strong></span> <span class='ocrx_word' id='word_1_532' title='bbox 556 3897 602 3941; x_wconf 91' lang='lat' dir='ltr'><strong>et</strong></span> <span class='ocrx_word' id='word_1_533' title='bbox 653 3886 979 3940; x_wconf 87' lang='lat' dir='ltr'><strong>adulterium</strong></span> <span class='ocrx_word' id='word_1_534' title='bbox 1023 3887 1140 3955; x_wconf 82' lang='lat' dir='ltr'><strong>ejus</strong></span> <span class='ocrx_word' id='word_1_535' title='bbox 1200 3887 1265 3939; x_wconf 85' lang='lat' dir='ltr'><strong>de</strong></span> <span class='ocrx_word' id='word_1_536' title='bbox 1314 3888 1485 3940; x_wconf 87' lang='lat' dir='ltr'><strong>medio</strong></span> <span class='ocrx_word' id='word_1_537' title='bbox 1526 3888 1747 3941; x_wconf 85' lang='lat' dir='ltr'><strong>uberum</strong></span> 
     </span>
    </p>
   </div>
   <div class='ocr_carea' id='block_1_70' title="bbox 162 3979 1745 4051">
    <p class='ocr_par' dir='ltr' id='par_1_70' title="bbox 162 3979 1745 4051">
     <span class='ocr_line' id='line_1_70' title="bbox 162 3979 1745 4051; baseline -0.003 -15"><span class='ocrx_word' id='word_1_538' title='bbox 162 3982 358 4051; x_wconf 77' lang='lat' dir='ltr'><strong>ejus&quot;.</strong></span> <span class='ocrx_word' id='word_1_539' title='bbox 400 3981 633 4049; x_wconf 89' lang='lat' dir='ltr'><strong>Insuper</strong></span> <span class='ocrx_word' id='word_1_540' title='bbox 682 3988 736 4034; x_wconf 92' lang='lat' dir='ltr'><strong>et</strong></span> <span class='ocrx_word' id='word_1_541' title='bbox 786 3979 955 4033; x_wconf 74' lang='lat' dir='ltr'><strong>David</strong></span> <span class='ocrx_word' id='word_1_542' title='bbox 1006 3979 1267 4048; x_wconf 52' lang='lat' dir='ltr'><strong>pra‘dicat</strong></span> <span class='ocrx_word' id='word_1_543' title='bbox 1310 3979 1745 4048; x_wconf 79' lang='lat' dir='ltr'><strong>profanationem</strong></span> 
     </span>
    </p>
   </div>
   <div class='ocr_carea' id='block_1_71' title="bbox 162 4068 1746 4143">
    <p class='ocr_par' dir='ltr' id='par_1_71' title="bbox 162 4068 1746 4143">
     <span class='ocr_line' id='line_1_71' title="bbox 162 4068 1746 4143; baseline -0.001 -16"><span class='ocrx_word' id='word_1_544' title='bbox 162 4075 325 4143; x_wconf 80' lang='lat' dir='ltr'><strong>hujus</strong></span> <span class='ocrx_word' id='word_1_545' title='bbox 352 4092 365 4137; x_wconf 84' lang='lat'><strong>;</strong></span> <span class='ocrx_word' id='word_1_546' title='bbox 394 4076 469 4127; x_wconf 86' lang='lat' dir='ltr'><strong>ait</strong></span> <span class='ocrx_word' id='word_1_547' title='bbox 513 4072 661 4127; x_wconf 91' lang='lat' dir='ltr'><strong>enim</strong></span> <span class='ocrx_word' id='word_1_548' title='bbox 684 4071 792 4126; x_wconf 89' lang='lat' dir='ltr'><strong>Deo</strong></span> <span class='ocrx_word' id='word_1_549' title='bbox 838 4069 947 4142; x_wconf 83' lang='lat' dir='ltr'><strong>[de</strong></span> <span class='ocrx_word' id='word_1_550' title='bbox 976 4086 1042 4125; x_wconf 89' lang='lat' dir='ltr'><strong>eo</strong></span> <span class='ocrx_word' id='word_1_551' title='bbox 1065 4069 1121 4142; x_wconf 85' lang='lat'><strong>]:</strong></span> <span class='ocrx_word' id='word_1_552' title='bbox 1171 4068 1478 4139; x_wconf 78' lang='lat' dir='ltr'><strong>l’rofanasti</strong></span> <span class='ocrx_word' id='word_1_553' title='bbox 1512 4072 1569 4124; x_wconf 89' lang='lat' dir='ltr'><strong>in</strong></span> <span class='ocrx_word' id='word_1_554' title='bbox 1606 4082 1746 4125; x_wconf 87' lang='lat' dir='ltr'><strong>terra</strong></span> 
     </span>
    </p>
   </div>
   <div class='ocr_carea' id='block_1_72' title="bbox 162 4162 1743 4231">
    <p class='ocr_par' dir='ltr' id='par_1_72' title="bbox 162 4162 1743 4231">
     <span class='ocr_line' id='line_1_72' title="bbox 162 4162 1743 4231; baseline 0.001 -14"><span class='ocrx_word' id='word_1_555' title='bbox 162 4166 492 4218; x_wconf 82' lang='lat' dir='ltr'><strong>sanctitatem</strong></span> <span class='ocrx_word' id='word_1_556' title='bbox 521 4164 653 4231; x_wconf 85' lang='lat' dir='ltr'><strong>ejus,</strong></span> <span class='ocrx_word' id='word_1_557' title='bbox 696 4162 1001 4216; x_wconf 67' lang='lat' dir='ltr'><strong>destruaisti</strong></span> <span class='ocrx_word' id='word_1_558' title='bbox 1034 4178 1212 4215; x_wconf 88' lang='lat' dir='ltr'><strong>omnes</strong></span> <span class='ocrx_word' id='word_1_559' title='bbox 1257 4177 1421 4214; x_wconf 83' lang='lat' dir='ltr'><strong>mace:</strong></span> <span class='ocrx_word' id='word_1_560' title='bbox 1442 4178 1518 4214; x_wconf 84' lang='lat' dir='ltr'><strong>.as</strong></span> <span class='ocrx_word' id='word_1_561' title='bbox 1546 4162 1743 4230; x_wconf 86' lang='lat' dir='ltr'><strong>ejus&quot;.</strong></span> 
     </span>
    </p>
   </div>
   <div class='ocr_carea' id='block_1_73' title="bbox 163 4249 1746 4321">
    <p class='ocr_par' dir='ltr' id='par_1_73' title="bbox 163 4249 1746 4321">
     <span class='ocr_line' id='line_1_73' title="bbox 163 4249 1746 4321; baseline -0.003 -13"><span class='ocrx_word' id='word_1_562' title='bbox 163 4254 535 4308; x_wconf 86' lang='lat' dir='ltr'><strong>Sauctiﬁcatio</strong></span> <span class='ocrx_word' id='word_1_563' title='bbox 606 4261 790 4306; x_wconf 86' lang='lat' dir='ltr'><strong>autem</strong></span> <span class='ocrx_word' id='word_1_564' title='bbox 852 4251 1188 4315; x_wconf 62' lang='lat' dir='ltr'><strong>Judatorum,</strong></span> <span class='ocrx_word' id='word_1_565' title='bbox 1240 4249 1518 4321; x_wconf 70' lang='lat' dir='ltr'><strong>Synagoga</strong></span> <span class='ocrx_word' id='word_1_566' title='bbox 1559 4266 1746 4305; x_wconf 88' lang='lat' dir='ltr'><strong>eorum</strong></span> 
     </span>
    </p>
   </div>
   <div class='ocr_carea' id='block_1_74' title="bbox 162 4338 1745 4413">
    <p class='ocr_par' dir='ltr' id='par_1_74' title="bbox 162 4338 1745 4413">
     <span class='ocr_line' id='line_1_74' title="bbox 162 4338 1745 4413; baseline -0.003 -16"><span class='ocrx_word' id='word_1_567' title='bbox 162 4352 280 4397; x_wconf 87' lang='lat' dir='ltr'><strong>erat</strong></span> <span class='ocrx_word' id='word_1_568' title='bbox 311 4342 495 4413; x_wconf 91' lang='lat' dir='ltr'><strong>porcul</strong></span> <span class='ocrx_word' id='word_1_569' title='bbox 527 4341 696 4395; x_wconf 91' lang='lat' dir='ltr'><strong>dubio</strong></span> <span class='ocrx_word' id='word_1_570' title='bbox 721 4359 736 4395; x_wconf 89' lang='lat'><strong>:</strong></span> <span class='ocrx_word' id='word_1_571' title='bbox 774 4340 831 4393; x_wconf 91' lang='lat' dir='ltr'><strong>in</strong></span> <span class='ocrx_word' id='word_1_572' title='bbox 866 4339 984 4408; x_wconf 89' lang='lat' dir='ltr'><strong>ipsa</strong></span> <span class='ocrx_word' id='word_1_573' title='bbox 1013 4338 1158 4393; x_wconf 87' lang='lat' dir='ltr'><strong>enim</strong></span> <span class='ocrx_word' id='word_1_574' title='bbox 1188 4347 1307 4393; x_wconf 88' lang='lat' dir='ltr'><strong>erat</strong></span> <span class='ocrx_word' id='word_1_575' title='bbox 1336 4347 1390 4393; x_wconf 87' lang='lat' dir='ltr'><strong>et</strong></span> <span class='ocrx_word' id='word_1_576' title='bbox 1418 4339 1745 4393; x_wconf 89' lang='lat' dir='ltr'><strong>sacriﬁcium</strong></span> 
     </span>
    </p>
   </div>
   <div class='ocr_carea' id='block_1_75' title="bbox 166 4430 1745 4500">
    <p class='ocr_par' dir='ltr' id='par_1_75' title="bbox 166 4430 1745 4500">
     <span class='ocr_line' id='line_1_75' title="bbox 166 4430 1745 4500; baseline -0.003 -12"><span class='ocrx_word' id='word_1_577' title='bbox 166 4434 519 4497; x_wconf 79' lang='lat' dir='ltr'><strong>tabernaculi,</strong></span> <span class='ocrx_word' id='word_1_578' title='bbox 565 4432 620 4485; x_wconf 92' lang='lat' dir='ltr'><strong>in</strong></span> <span class='ocrx_word' id='word_1_579' title='bbox 653 4446 758 4500; x_wconf 87' lang='lat' dir='ltr'><strong>qua</strong></span> <span class='ocrx_word' id='word_1_580' title='bbox 793 4446 983 4484; x_wconf 90' lang='lat' dir='ltr'><strong>eorum</strong></span> <span class='ocrx_word' id='word_1_581' title='bbox 1015 4430 1538 4484; x_wconf 85' lang='lat' dir='ltr'><strong>consummabantur</strong></span> <span class='ocrx_word' id='word_1_582' title='bbox 1566 4430 1745 4500; x_wconf 80' lang='lat' dir='ltr'><strong>legiti-</strong></span> 
     </span>
    </p>
   </div>
   <div class='ocr_carea' id='block_1_76' title="bbox 1856 3239 3441 3311">
    <p class='ocr_par' dir='ltr' id='par_1_76' title="bbox 1856 3239 3441 3311">
     <span class='ocr_line' id='line_1_76' title="bbox 1856 3239 3441 3311; baseline 0.006 -19"><span class='ocrx_word' id='word_1_583' title='bbox 1856 3240 2001 3293; x_wconf 89' lang='lat' dir='ltr'><strong>inter</strong></span> <span class='ocrx_word' id='word_1_584' title='bbox 2046 3239 2243 3295; x_wconf 84' lang='lat' dir='ltr'><strong>fratres</strong></span> <span class='ocrx_word' id='word_1_585' title='bbox 2298 3256 2446 3305; x_wconf 89' lang='lat' dir='ltr'><strong>suos,</strong></span> <span class='ocrx_word' id='word_1_586' title='bbox 2510 3257 2677 3311; x_wconf 86' lang='lat' dir='ltr'><strong>super</strong></span> <span class='ocrx_word' id='word_1_587' title='bbox 2698 3242 2856 3311; x_wconf 82' lang='lat' dir='ltr'><strong>cujus</strong></span> <span class='ocrx_word' id='word_1_588' title='bbox 2900 3252 3063 3311; x_wconf 91' lang='lat' dir='ltr'><strong>caput</strong></span> <span class='ocrx_word' id='word_1_589' title='bbox 3122 3243 3306 3309; x_wconf 84' lang='lat' dir='ltr'><strong>fusum</strong></span> <span class='ocrx_word' id='word_1_590' title='bbox 3355 3255 3441 3301; x_wconf 91' lang='lat' dir='ltr'><strong>est</strong></span> 
     </span>
    </p>
   </div>
   <div class='ocr_carea' id='block_1_77' title="bbox 1855 3331 3441 3403">
    <p class='ocr_par' dir='ltr' id='par_1_77' title="bbox 1855 3331 3441 3403">
     <span class='ocr_line' id='line_1_77' title="bbox 1855 3331 3441 3403; baseline 0.003 -18"><span class='ocrx_word' id='word_1_591' title='bbox 1855 3331 2134 3385; x_wconf 83' lang='lat' dir='ltr'><strong>unctionis</strong></span> <span class='ocrx_word' id='word_1_592' title='bbox 2154 3333 2355 3397; x_wconf 85' lang='lat' dir='ltr'><strong>oleum,</strong></span> <span class='ocrx_word' id='word_1_593' title='bbox 2382 3341 2438 3387; x_wconf 89' lang='lat' dir='ltr'><strong>et</strong></span> <span class='ocrx_word' id='word_1_594' title='bbox 2467 3334 2627 3403; x_wconf 85' lang='lat' dir='ltr'><strong>cujus</strong></span> <span class='ocrx_word' id='word_1_595' title='bbox 2661 3349 2855 3387; x_wconf 90' lang='lat' dir='ltr'><strong>manus</strong></span> <span class='ocrx_word' id='word_1_596' title='bbox 2890 3334 2942 3387; x_wconf 90' lang='lat' dir='ltr'><strong>iu</strong></span> <span class='ocrx_word' id='word_1_597' title='bbox 2971 3335 3278 3389; x_wconf 87' lang='lat' dir='ltr'><strong>sacerdotio</strong></span> <span class='ocrx_word' id='word_1_598' title='bbox 3309 3351 3441 3389; x_wconf 88' lang='lat' dir='ltr'><strong>con-</strong></span> 
     </span>
    </p>
   </div>
   <div class='ocr_carea' id='block_1_78' title="bbox 1854 3425 3441 3497">
    <p class='ocr_par' dir='ltr' id='par_1_78' title="bbox 1854 3425 3441 3497">
     <span class='ocr_line' id='line_1_78' title="bbox 1854 3425 3441 3497; baseline 0.003 -20"><span class='ocrx_word' id='word_1_599' title='bbox 1854 3434 2081 3478; x_wconf 73' lang='lat' dir='ltr'><strong>secrata:</strong></span> <span class='ocrx_word' id='word_1_600' title='bbox 2112 3433 2260 3489; x_wconf 84' lang='lat' dir='ltr'><strong>sunt,</strong></span> <span class='ocrx_word' id='word_1_601' title='bbox 2290 3425 2631 3494; x_wconf 89' lang='lat' dir='ltr'><strong>vestitusque</strong></span> <span class='ocrx_word' id='word_1_602' title='bbox 2660 3435 2743 3480; x_wconf 87' lang='lat' dir='ltr'><strong>est</strong></span> <span class='ocrx_word' id='word_1_603' title='bbox 2763 3427 2970 3481; x_wconf 90' lang='lat' dir='ltr'><strong>sanctis</strong></span> <span class='ocrx_word' id='word_1_604' title='bbox 2993 3428 3441 3497; x_wconf 81' lang='lat' dir='ltr'><strong>vestibus,caput</strong></span> 
     </span>
    </p>
   </div>
   <div class='ocr_carea' id='block_1_79' title="bbox 1854 3517 3437 3586">
    <p class='ocr_par' dir='ltr' id='par_1_79' title="bbox 1854 3517 3437 3586">
     <span class='ocr_line' id='line_1_79' title="bbox 1854 3517 3437 3586; baseline 0.004 -18"><span class='ocrx_word' id='word_1_605' title='bbox 1854 3531 2013 3569; x_wconf 88' lang='lat' dir='ltr'><strong>suum</strong></span> <span class='ocrx_word' id='word_1_606' title='bbox 2039 3532 2149 3569; x_wconf 91' lang='lat' dir='ltr'><strong>non</strong></span> <span class='ocrx_word' id='word_1_607' title='bbox 2178 3517 2534 3586; x_wconf 88' lang='lat' dir='ltr'><strong>discooperit,</strong></span> <span class='ocrx_word' id='word_1_608' title='bbox 2568 3518 2895 3573; x_wconf 77' lang='lat' dir='ltr'><strong>vestimenta</strong></span> <span class='ocrx_word' id='word_1_609' title='bbox 2919 3534 3017 3573; x_wconf 90' lang='lat' dir='ltr'><strong>sua</strong></span> <span class='ocrx_word' id='word_1_610' title='bbox 3049 3535 3161 3572; x_wconf 91' lang='lat' dir='ltr'><strong>non</strong></span> <span class='ocrx_word' id='word_1_611' title='bbox 3199 3520 3437 3584; x_wconf 87' lang='lat' dir='ltr'><strong>scindet.</strong></span> 
     </span>
    </p>
   </div>
   <div class='ocr_carea' id='block_1_80' title="bbox 1854 3608 3442 3679">
    <p class='ocr_par' dir='ltr' id='par_1_80' title="bbox 1854 3608 3442 3679">
     <span class='ocr_line' id='line_1_80' title="bbox 1854 3608 3442 3679; baseline 0.006 -20"><span class='ocrx_word' id='word_1_612' title='bbox 1854 3615 1909 3660; x_wconf 88' lang='lat' dir='ltr'><strong>et</strong></span> <span class='ocrx_word' id='word_1_613' title='bbox 1943 3608 2007 3660; x_wconf 90' lang='lat' dir='ltr'><strong>ad</strong></span> <span class='ocrx_word' id='word_1_614' title='bbox 2042 3622 2207 3661; x_wconf 89' lang='lat' dir='ltr'><strong>omne</strong></span> <span class='ocrx_word' id='word_1_615' title='bbox 2247 3618 2524 3662; x_wconf 88' lang='lat' dir='ltr'><strong>mortuum</strong></span> <span class='ocrx_word' id='word_1_616' title='bbox 2551 3623 2661 3663; x_wconf 90' lang='lat' dir='ltr'><strong>non</strong></span> <span class='ocrx_word' id='word_1_617' title='bbox 2697 3609 3033 3679; x_wconf 76' lang='lat' dir='ltr'><strong>ingrediatur</strong></span> <span class='ocrx_word' id='word_1_618' title='bbox 3055 3611 3305 3666; x_wconf 91' lang='lat' dir='ltr'><strong>omnino.</strong></span> <span class='ocrx_word' id='word_1_619' title='bbox 3331 3614 3442 3667; x_wconf 85' lang='lat' dir='ltr'><strong>Su-</strong></span> 
     </span>
    </p>
   </div>
   <div class='ocr_carea' id='block_1_81' title="bbox 1854 3702 3441 3767">
    <p class='ocr_par' dir='ltr' id='par_1_81' title="bbox 1854 3702 3441 3767">
     <span class='ocr_line' id='line_1_81' title="bbox 1854 3702 3441 3767; baseline 0.003 -16"><span class='ocrx_word' id='word_1_620' title='bbox 1854 3714 1952 3767; x_wconf 83' lang='lat' dir='ltr'><strong>per</strong></span> <span class='ocrx_word' id='word_1_621' title='bbox 1986 3708 2142 3767; x_wconf 89' lang='lat' dir='ltr'><strong>patre</strong></span> <span class='ocrx_word' id='word_1_622' title='bbox 2167 3713 2386 3767; x_wconf 88' lang='lat' dir='ltr'><strong>quoque</strong></span> <span class='ocrx_word' id='word_1_623' title='bbox 2416 3713 2537 3761; x_wconf 88' lang='lat' dir='ltr'><strong>suo,</strong></span> <span class='ocrx_word' id='word_1_624' title='bbox 2564 3708 2659 3752; x_wconf 92' lang='lat' dir='ltr'><strong>aut</strong></span> <span class='ocrx_word' id='word_1_625' title='bbox 2692 3711 2866 3753; x_wconf 86' lang='lat' dir='ltr'><strong>matre</strong></span> <span class='ocrx_word' id='word_1_626' title='bbox 2898 3716 3006 3754; x_wconf 91' lang='lat' dir='ltr'><strong>non</strong></span> <span class='ocrx_word' id='word_1_627' title='bbox 3043 3702 3441 3756; x_wconf 91' lang='lat' dir='ltr'><strong>contaminahi-</strong></span> 
     </span>
    </p>
   </div>
   <div class='ocr_carea' id='block_1_82' title="bbox 1855 3791 3442 3860">
    <p class='ocr_par' dir='ltr' id='par_1_82' title="bbox 1855 3791 3442 3860">
     <span class='ocr_line' id='line_1_82' title="bbox 1855 3791 3442 3860; baseline 0.003 -16"><span class='ocrx_word' id='word_1_628' title='bbox 1855 3799 1963 3855; x_wconf 92' lang='lat' dir='ltr'><strong>tur,</strong></span> <span class='ocrx_word' id='word_1_629' title='bbox 2008 3805 2113 3845; x_wconf 78' lang='lat' dir='ltr'><strong>nec</strong></span> <span class='ocrx_word' id='word_1_630' title='bbox 2141 3791 2455 3860; x_wconf 79' lang='lat' dir='ltr'><strong>egredietur</strong></span> <span class='ocrx_word' id='word_1_631' title='bbox 2477 3791 2545 3844; x_wconf 87' lang='lat' dir='ltr'><strong>de</strong></span> <span class='ocrx_word' id='word_1_632' title='bbox 2563 3791 2789 3854; x_wconf 90' lang='lat' dir='ltr'><strong>sanctis,</strong></span> <span class='ocrx_word' id='word_1_633' title='bbox 2820 3806 2889 3846; x_wconf 90' lang='lat' dir='ltr'><strong>ne</strong></span> <span class='ocrx_word' id='word_1_634' title='bbox 2947 3792 3157 3860; x_wconf 89' lang='lat' dir='ltr'><strong>polluat</strong></span> <span class='ocrx_word' id='word_1_635' title='bbox 3184 3804 3442 3849; x_wconf 88' lang='lat' dir='ltr'><strong>sanctua-</strong></span> 
     </span>
    </p>
   </div>
   <div class='ocr_carea' id='block_1_83' title="bbox 1854 3882 3441 3952">
    <p class='ocr_par' dir='ltr' id='par_1_83' title="bbox 1854 3882 3441 3952">
     <span class='ocr_line' id='line_1_83' title="bbox 1854 3882 3441 3952; baseline 0.005 -17"><span class='ocrx_word' id='word_1_636' title='bbox 1854 3883 1993 3936; x_wconf 90' lang='lat' dir='ltr'><strong>rium</strong></span> <span class='ocrx_word' id='word_1_637' title='bbox 2035 3882 2271 3946; x_wconf 87' lang='lat' dir='ltr'><strong>Domini,</strong></span> <span class='ocrx_word' id='word_1_638' title='bbox 2297 3884 2426 3952; x_wconf 82' lang='lat' dir='ltr'><strong>quia</strong></span> <span class='ocrx_word' id='word_1_639' title='bbox 2448 3884 2630 3938; x_wconf 88' lang='lat' dir='ltr'><strong>oleum</strong></span> <span class='ocrx_word' id='word_1_640' title='bbox 2663 3893 2867 3939; x_wconf 78' lang='lat' dir='ltr'><strong>sancta:</strong></span> <span class='ocrx_word' id='word_1_641' title='bbox 2929 3885 3208 3947; x_wconf 79' lang='lat' dir='ltr'><strong>unctionis</strong></span> <span class='ocrx_word' id='word_1_642' title='bbox 3227 3888 3321 3942; x_wconf 84' lang='lat' dir='ltr'><strong>Dei</strong></span> <span class='ocrx_word' id='word_1_643' title='bbox 3357 3888 3441 3943; x_wconf 90' lang='lat' dir='ltr'><strong>sui</strong></span> 
     </span>
    </p>
   </div>
   <div class='ocr_carea' id='block_1_84' title="bbox 1852 3973 2817 4043">
    <p class='ocr_par' dir='ltr' id='par_1_84' title="bbox 1852 3973 2817 4043">
     <span class='ocr_line' id='line_1_84' title="bbox 1852 3973 2817 4043; baseline -0.003 -14"><span class='ocrx_word' id='word_1_644' title='bbox 1852 3988 2019 4043; x_wconf 86' lang='lat' dir='ltr'><strong>super</strong></span> <span class='ocrx_word' id='word_1_645' title='bbox 2049 3989 2174 4028; x_wconf 90' lang='lat' dir='ltr'><strong>eum</strong></span> <span class='ocrx_word' id='word_1_646' title='bbox 2205 3984 2309 4029; x_wconf 88' lang='lat' dir='ltr'><strong>est.</strong></span> <span class='ocrx_word' id='word_1_647' title='bbox 2340 3973 2451 4043; x_wconf 79' lang='lat' dir='ltr'><strong>Ego</strong></span> <span class='ocrx_word' id='word_1_648' title='bbox 2477 3973 2758 4028; x_wconf 90' lang='lat' dir='ltr'><strong>Dominus.</strong></span> <span class='ocrx_word' id='word_1_649' title='bbox 2800 3993 2817 4025; x_wconf 73' lang='grc' dir='ltr'><strong>ι</strong></span> 
     </span>
    </p>
   </div>
   <div class='ocr_carea' id='block_1_85' title="bbox 1924 4064 3442 4135">
    <p class='ocr_par' dir='ltr' id='par_1_85' title="bbox 1924 4064 3442 4135">
     <span class='ocr_line' id='line_1_85' title="bbox 1924 4064 3442 4135; baseline 0.004 -18"><span class='ocrx_word' id='word_1_650' title='bbox 1924 4064 2058 4131; x_wconf 87' lang='lat' dir='ltr'><strong>Quis</strong></span> <span class='ocrx_word' id='word_1_651' title='bbox 2090 4075 2174 4121; x_wconf 90' lang='lat' dir='ltr'><strong>est</strong></span> <span class='ocrx_word' id='word_1_652' title='bbox 2196 4067 2454 4121; x_wconf 89' lang='lat' dir='ltr'><strong>sacerdos</strong></span> <span class='ocrx_word' id='word_1_653' title='bbox 2480 4082 2711 4135; x_wconf 77' lang='lat' dir='ltr'><strong>magnus</strong></span> <span class='ocrx_word' id='word_1_654' title='bbox 2738 4066 2884 4120; x_wconf 88' lang='lat' dir='ltr'><strong>inter</strong></span> <span class='ocrx_word' id='word_1_655' title='bbox 2914 4065 3112 4126; x_wconf 77' lang='lat' dir='ltr'><strong>fratres</strong></span> <span class='ocrx_word' id='word_1_656' title='bbox 3159 4082 3311 4135; x_wconf 86' lang='lat' dir='ltr'><strong>suos,</strong></span> <span class='ocrx_word' id='word_1_657' title='bbox 3336 4069 3442 4125; x_wconf 92' lang='lat' dir='ltr'><strong>nisi</strong></span> 
     </span>
    </p>
   </div>
   <div class='ocr_carea' id='block_1_86' title="bbox 1851 4158 3440 4228">
    <p class='ocr_par' dir='ltr' id='par_1_86' title="bbox 1851 4158 3440 4228">
     <span class='ocr_line' id='line_1_86' title="bbox 1851 4158 3440 4228; baseline 0.001 -15"><span class='ocrx_word' id='word_1_658' title='bbox 1851 4160 2045 4228; x_wconf 87' lang='lat' dir='ltr'><strong>utique</strong></span> <span class='ocrx_word' id='word_1_659' title='bbox 2076 4159 2165 4213; x_wconf 91' lang='lat' dir='ltr'><strong>ille</strong></span> <span class='ocrx_word' id='word_1_660' title='bbox 2188 4160 2255 4214; x_wconf 91' lang='lat' dir='ltr'><strong>dc</strong></span> <span class='ocrx_word' id='word_1_661' title='bbox 2286 4175 2397 4228; x_wconf 91' lang='lat' dir='ltr'><strong>quo</strong></span> <span class='ocrx_word' id='word_1_662' title='bbox 2450 4159 2590 4213; x_wconf 79' lang='lat' dir='ltr'><strong>dixit</strong></span> <span class='ocrx_word' id='word_1_663' title='bbox 2623 4159 2832 4213; x_wconf 82' lang='lat' dir='ltr'><strong>David:</strong></span> <span class='ocrx_word' id='word_1_664' title='bbox 2884 4158 3112 4228; x_wconf 83' lang='lat' dir='ltr'><strong>Magnus</strong></span> <span class='ocrx_word' id='word_1_665' title='bbox 3160 4158 3440 4227; x_wconf 82' lang='lat' dir='ltr'><strong>Dominus,</strong></span> 
     </span>
    </p>
   </div>
   <div class='ocr_carea' id='block_1_87' title="bbox 1850 4250 3443 4320">
    <p class='ocr_par' dir='ltr' id='par_1_87' title="bbox 1850 4250 3443 4320">
     <span class='ocr_line' id='line_1_87' title="bbox 1850 4250 3443 4320; baseline 0.001 -17"><span class='ocrx_word' id='word_1_666' title='bbox 1850 4260 1900 4304; x_wconf 88' lang='lat' dir='ltr'><strong>et</strong></span> <span class='ocrx_word' id='word_1_667' title='bbox 1934 4267 2128 4320; x_wconf 87' lang='lat' dir='ltr'><strong>magna</strong></span> <span class='ocrx_word' id='word_1_668' title='bbox 2152 4252 2319 4305; x_wconf 87' lang='lat' dir='ltr'><strong>virtus</strong></span> <span class='ocrx_word' id='word_1_669' title='bbox 2346 4252 2482 4320; x_wconf 83' lang='lat' dir='ltr'><strong>ejus,</strong></span> <span class='ocrx_word' id='word_1_670' title='bbox 2512 4261 2561 4305; x_wconf 87' lang='lat' dir='ltr'><strong>et</strong></span> <span class='ocrx_word' id='word_1_671' title='bbox 2577 4250 2859 4320; x_wconf 76' lang='lat' dir='ltr'><strong>sapientia:</strong></span> <span class='ocrx_word' id='word_1_672' title='bbox 2884 4250 3000 4319; x_wconf 82' lang='lat' dir='ltr'><strong>ejus</strong></span> <span class='ocrx_word' id='word_1_673' title='bbox 3034 4267 3137 4303; x_wconf 85' lang='lat' dir='ltr'><strong>non</strong></span> <span class='ocrx_word' id='word_1_674' title='bbox 3165 4260 3239 4304; x_wconf 88' lang='lat' dir='ltr'><strong>est</strong></span> <span class='ocrx_word' id='word_1_675' title='bbox 3258 4268 3443 4306; x_wconf 85' lang='lat' dir='ltr'><strong>nume-</strong></span> 
     </span>
    </p>
   </div>
   <div class='ocr_carea' id='block_1_88' title="bbox 1849 4342 3442 4415">
    <p class='ocr_par' dir='ltr' id='par_1_88' title="bbox 1849 4342 3442 4415">
     <span class='ocr_line' id='line_1_88' title="bbox 1849 4342 3442 4415; baseline 0.001 -18"><span class='ocrx_word' id='word_1_676' title='bbox 1849 4360 1942 4398; x_wconf 88' lang='lat' dir='ltr'><strong>rus</strong></span> <span class='ocrx_word' id='word_1_677' title='bbox 1964 4345 2030 4397; x_wconf 74' lang='lat'><strong>“.</strong></span> <span class='ocrx_word' id='word_1_678' title='bbox 2063 4342 2197 4409; x_wconf 88' lang='lat' dir='ltr'><strong>Quis</strong></span> <span class='ocrx_word' id='word_1_679' title='bbox 2226 4344 2377 4399; x_wconf 87' lang='lat' dir='ltr'><strong>enim</strong></span> <span class='ocrx_word' id='word_1_680' title='bbox 2423 4345 2684 4399; x_wconf 70' lang='lat' dir='ltr'><strong>virtutem</strong></span> <span class='ocrx_word' id='word_1_681' title='bbox 2737 4345 2861 4414; x_wconf 77' lang='lat' dir='ltr'><strong>ejus</strong></span> <span class='ocrx_word' id='word_1_682' title='bbox 2892 4344 3265 4408; x_wconf 88' lang='lat' dir='ltr'><strong>considerare,</strong></span> <span class='ocrx_word' id='word_1_683' title='bbox 3306 4345 3442 4415; x_wconf 76' lang='lat' dir='ltr'><strong>quis</strong></span> 
     </span>
    </p>
   </div>
   <div class='ocr_carea' id='block_1_89' title="bbox 1851 4436 3442 4506">
    <p class='ocr_par' dir='ltr' id='par_1_89' title="bbox 1851 4436 3442 4506">
     <span class='ocr_line' id='line_1_89' title="bbox 1851 4436 3442 4506; baseline -0.001 -15"><span class='ocrx_word' id='word_1_684' title='bbox 1851 4452 2150 4491; x_wconf 75' lang='lat' dir='ltr'><strong>numerare</strong></span> <span class='ocrx_word' id='word_1_685' title='bbox 2204 4436 2533 4506; x_wconf 87' lang='lat' dir='ltr'><strong>sapientiam</strong></span> <span class='ocrx_word' id='word_1_686' title='bbox 2575 4446 2671 4491; x_wconf 89' lang='lat' dir='ltr'><strong>aut</strong></span> <span class='ocrx_word' id='word_1_687' title='bbox 2712 4437 3186 4505; x_wconf 85' lang='lat' dir='ltr'><strong>comprehendere</strong></span> <span class='ocrx_word' id='word_1_688' title='bbox 3224 4436 3442 4506; x_wconf 83' lang='lat' dir='ltr'><strong>potest?</strong></span> 
     </span>
    </p>
   </div>
   <div class='ocr_carea' id='block_1_90' title="bbox 166 4521 3441 4599">
    <p class='ocr_par' dir='ltr' id='par_1_90' title="bbox 166 4521 3441 4599">
     <span class='ocr_line' id='line_1_90' title="bbox 166 4521 3441 4599; baseline 0.001 -19"><span class='ocrx_word' id='word_1_689' title='bbox 166 4542 270 4582; x_wconf 90' lang='lat' dir='ltr'><strong>ma.</strong></span> <span class='ocrx_word' id='word_1_690' title='bbox 304 4526 423 4595; x_wconf 89' lang='lat' dir='ltr'><strong>Ipsa</strong></span> <span class='ocrx_word' id='word_1_691' title='bbox 470 4532 554 4578; x_wconf 84' lang='lat' dir='ltr'><strong>est</strong></span> <span class='ocrx_word' id='word_1_692' title='bbox 583 4533 637 4577; x_wconf 87' lang='lat' dir='ltr'><strong>et</strong></span> <span class='ocrx_word' id='word_1_693' title='bbox 688 4521 977 4590; x_wconf 85' lang='lat' dir='ltr'><strong>repudiata</strong></span> <span class='ocrx_word' id='word_1_694' title='bbox 1016 4537 1047 4575; x_wconf 88' lang='lat' dir='ltr'><strong>a</strong></span> <span class='ocrx_word' id='word_1_695' title='bbox 1095 4522 1223 4586; x_wconf 89' lang='lat' dir='ltr'><strong>Deo,</strong></span> <span class='ocrx_word' id='word_1_696' title='bbox 1269 4530 1527 4591; x_wconf 87' lang='lat' dir='ltr'><strong>tanquam</strong></span> <span class='ocrx_word' id='word_1_697' title='bbox 1566 4536 1597 4574; x_wconf 91' lang='lat' dir='ltr'><strong>a</strong></span> <span class='ocrx_word' id='word_1_698' title='bbox 1626 4522 1745 4576; x_wconf 73' lang='lat' dir='ltr'><strong>viro</strong></span> <span class='ocrx_word' id='word_1_699' title='bbox 1778 4540 1821 4595; x_wconf 83' lang='grc' dir='ltr'>ι)</span> <span class='ocrx_word' id='word_1_700' title='bbox 1850 4529 2000 4599; x_wconf 88' lang='lat' dir='ltr'><strong>quia,</strong></span> <span class='ocrx_word' id='word_1_701' title='bbox 2030 4542 2157 4583; x_wconf 88' lang='lat' dir='ltr'><strong>cum</strong></span> <span class='ocrx_word' id='word_1_702' title='bbox 2190 4528 2337 4582; x_wconf 87' lang='lat' dir='ltr'><strong>Deus</strong></span> <span class='ocrx_word' id='word_1_703' title='bbox 2360 4528 2431 4582; x_wconf 87' lang='lat' dir='ltr'><strong>sit</strong></span> <span class='ocrx_word' id='word_1_704' title='bbox 2455 4537 2679 4598; x_wconf 89' lang='lat' dir='ltr'><strong>propter</strong></span> <span class='ocrx_word' id='word_1_705' title='bbox 2701 4528 3164 4597; x_wconf 85' lang='lat' dir='ltr'><strong>dispensationem</strong></span> <span class='ocrx_word' id='word_1_706' title='bbox 3192 4538 3441 4583; x_wconf 90' lang='lat' dir='ltr'><strong>actorum</strong></span> 
     </span>
    </p>
   </div>
   <div class='ocr_carea' id='block_1_91' title="bbox 166 4612 1747 4687">
    <p class='ocr_par' dir='ltr' id='par_1_91' title="bbox 166 4612 1747 4687">
     <span class='ocr_line' id='line_1_91' title="bbox 166 4612 1747 4687; baseline -0.003 -15"><span class='ocrx_word' id='word_1_707' title='bbox 166 4634 280 4682; x_wconf 90' lang='lat' dir='ltr'><strong>suo,</strong></span> <span class='ocrx_word' id='word_1_708' title='bbox 330 4618 422 4687; x_wconf 89' lang='lat' dir='ltr'><strong>qui</strong></span> <span class='ocrx_word' id='word_1_709' title='bbox 474 4617 523 4670; x_wconf 87' lang='lat' dir='ltr'><strong>ei</strong></span> <span class='ocrx_word' id='word_1_710' title='bbox 584 4632 680 4686; x_wconf 84' lang='lat' dir='ltr'><strong>per</strong></span> <span class='ocrx_word' id='word_1_711' title='bbox 705 4616 1031 4670; x_wconf 89' lang='lat' dir='ltr'><strong>electionem</strong></span> <span class='ocrx_word' id='word_1_712' title='bbox 1087 4614 1170 4668; x_wconf 84' lang='lat' dir='ltr'><strong>vir</strong></span> <span class='ocrx_word' id='word_1_713' title='bbox 1203 4614 1381 4667; x_wconf 87' lang='lat' dir='ltr'><strong>factus</strong></span> <span class='ocrx_word' id='word_1_714' title='bbox 1407 4613 1605 4667; x_wconf 82' lang='lat' dir='ltr'><strong>fuerat.</strong></span> <span class='ocrx_word' id='word_1_715' title='bbox 1638 4612 1747 4667; x_wconf 88' lang='lat' dir='ltr'><strong>Sed</strong></span> 
     </span>
    </p>
   </div>
   <div class='ocr_carea' id='block_1_92' title="bbox 166 4707 1752 4781">
    <p class='ocr_par' dir='ltr' id='par_1_92' title="bbox 166 4707 1752 4781">
     <span class='ocr_line' id='line_1_92' title="bbox 166 4707 1752 4781; baseline -0.002 -17"><span class='ocrx_word' id='word_1_716' title='bbox 166 4713 287 4781; x_wconf 86' lang='lat' dir='ltr'><strong>quia</strong></span> <span class='ocrx_word' id='word_1_717' title='bbox 322 4718 510 4781; x_wconf 88' lang='lat' dir='ltr'><strong>postea</strong></span> <span class='ocrx_word' id='word_1_718' title='bbox 543 4725 663 4763; x_wconf 91' lang='lat' dir='ltr'><strong>eam</strong></span> <span class='ocrx_word' id='word_1_719' title='bbox 717 4708 1045 4778; x_wconf 85' lang='lat' dir='ltr'><strong>culpabilem</strong></span> <span class='ocrx_word' id='word_1_720' title='bbox 1088 4707 1315 4777; x_wconf 86' lang='lat' dir='ltr'><strong>reperit,</strong></span> <span class='ocrx_word' id='word_1_721' title='bbox 1349 4715 1637 4776; x_wconf 88' lang='lat' dir='ltr'><strong>propterea</strong></span> <span class='ocrx_word' id='word_1_722' title='bbox 1665 4721 1752 4761; x_wconf 87' lang='lat' dir='ltr'><strong>rc-</strong></span> 
     </span>
    </p>
   </div>
   <div class='ocr_carea' id='block_1_93' title="bbox 169 4798 1749 4875">
    <p class='ocr_par' dir='ltr' id='par_1_93' title="bbox 169 4798 1749 4875">
     <span class='ocr_line' id='line_1_93' title="bbox 169 4798 1749 4875; baseline -0.003 -19"><span class='ocrx_word' id='word_1_723' title='bbox 169 4805 429 4875; x_wconf 78' lang='lat' dir='ltr'><strong>pudiavit,</strong></span> <span class='ocrx_word' id='word_1_724' title='bbox 460 4804 583 4873; x_wconf 86' lang='lat' dir='ltr'><strong>quia</strong></span> <span class='ocrx_word' id='word_1_725' title='bbox 610 4802 835 4857; x_wconf 88' lang='lat' dir='ltr'><strong>omnino</strong></span> <span class='ocrx_word' id='word_1_726' title='bbox 863 4802 1036 4870; x_wconf 87' lang='lat' dir='ltr'><strong>ejecta</strong></span> <span class='ocrx_word' id='word_1_727' title='bbox 1066 4810 1167 4854; x_wconf 88' lang='lat' dir='ltr'><strong>est.</strong></span> <span class='ocrx_word' id='word_1_728' title='bbox 1188 4798 1391 4855; x_wconf 81' lang='lat' dir='ltr'><strong>Vocem</strong></span> <span class='ocrx_word' id='word_1_729' title='bbox 1415 4799 1564 4862; x_wconf 88' lang='lat' dir='ltr'><strong>audi,</strong></span> <span class='ocrx_word' id='word_1_730' title='bbox 1586 4812 1749 4867; x_wconf 87' lang='lat' dir='ltr'><strong>quam</strong></span> 
     </span>
    </p>
   </div>
   <div class='ocr_carea' id='block_1_94' title="bbox 167 4892 1750 4966">
    <p class='ocr_par' dir='ltr' id='par_1_94' title="bbox 167 4892 1750 4966">
     <span class='ocr_line' id='line_1_94' title="bbox 167 4892 1750 4966; baseline -0.004 -15"><span class='ocrx_word' id='word_1_731' title='bbox 167 4902 301 4951; x_wconf 80' lang='lat' dir='ltr'><strong>Osee</strong></span> <span class='ocrx_word' id='word_1_732' title='bbox 343 4896 566 4966; x_wconf 88' lang='lat' dir='ltr'><strong>protulit</strong></span> <span class='ocrx_word' id='word_1_733' title='bbox 598 4912 611 4947; x_wconf 94' lang='lat'><strong>:</strong></span> <span class='ocrx_word' id='word_1_734' title='bbox 642 4893 893 4947; x_wconf 81' lang='lat' dir='ltr'><strong>Judicate</strong></span> <span class='ocrx_word' id='word_1_735' title='bbox 924 4903 1149 4947; x_wconf 86' lang='lat' dir='ltr'><strong>matrem</strong></span> <span class='ocrx_word' id='word_1_736' title='bbox 1209 4900 1461 4955; x_wconf 83' lang='lat' dir='ltr'><strong>vestram,</strong></span> <span class='ocrx_word' id='word_1_737' title='bbox 1489 4892 1750 4959; x_wconf 89' lang='lat' dir='ltr'><strong>judicate,</strong></span> 
     </span>
    </p>
   </div>
   <div class='ocr_carea' id='block_1_95' title="bbox 172 4983 1754 5057">
    <p class='ocr_par' dir='ltr' id='par_1_95' title="bbox 172 4983 1754 5057">
     <span class='ocr_line' id='line_1_95' title="bbox 172 4983 1754 5057; baseline -0.003 -17"><span class='ocrx_word' id='word_1_738' title='bbox 172 4992 287 5052; x_wconf 69' lang='lat' dir='ltr'><strong>quia</strong></span> <span class='ocrx_word' id='word_1_739' title='bbox 316 4991 430 5057; x_wconf 82' lang='lat' dir='ltr'><strong>ipsa</strong></span> <span class='ocrx_word' id='word_1_740' title='bbox 464 5004 567 5039; x_wconf 87' lang='lat' dir='ltr'><strong>non</strong></span> <span class='ocrx_word' id='word_1_741' title='bbox 593 5003 725 5040; x_wconf 71' lang='lat' dir='ltr'><strong>uxor</strong></span> <span class='ocrx_word' id='word_1_742' title='bbox 754 5003 894 5043; x_wconf 88' lang='lat' dir='ltr'><strong>mea.</strong></span> <span class='ocrx_word' id='word_1_743' title='bbox 924 4993 972 5039; x_wconf 88' lang='lat' dir='ltr'><strong>et</strong></span> <span class='ocrx_word' id='word_1_744' title='bbox 999 5001 1093 5055; x_wconf 89' lang='lat' dir='ltr'><strong>ego</strong></span> <span class='ocrx_word' id='word_1_745' title='bbox 1129 5000 1231 5037; x_wconf 89' lang='lat' dir='ltr'><strong>non</strong></span> <span class='ocrx_word' id='word_1_746' title='bbox 1260 4985 1343 5037; x_wconf 80' lang='lat' dir='ltr'><strong>rir</strong></span> <span class='ocrx_word' id='word_1_747' title='bbox 1368 4984 1482 5052; x_wconf 85' lang='lat' dir='ltr'><strong>ejus</strong></span> <span class='ocrx_word' id='word_1_748' title='bbox 1514 4983 1582 5035; x_wconf 79' lang='lat'><strong>&quot;.</strong></span> <span class='ocrx_word' id='word_1_749' title='bbox 1614 4984 1754 5037; x_wconf 82' lang='lat' dir='ltr'><strong>Audi</strong></span> 
     </span>
    </p>
   </div>
   <div class='ocr_carea' id='block_1_96' title="bbox 170 5073 1757 5148">
    <p class='ocr_par' dir='ltr' id='par_1_96' title="bbox 170 5073 1757 5148">
     <span class='ocr_line' id='line_1_96' title="bbox 170 5073 1757 5148; baseline -0.005 -13"><span class='ocrx_word' id='word_1_750' title='bbox 170 5091 345 5135; x_wconf 76' lang='lat' dir='ltr'><strong>autem</strong></span> <span class='ocrx_word' id='word_1_751' title='bbox 376 5088 609 5148; x_wconf 88' lang='lat' dir='ltr'><strong>etquam</strong></span> <span class='ocrx_word' id='word_1_752' title='bbox 644 5077 812 5133; x_wconf 88' lang='lat' dir='ltr'><strong>Isaias</strong></span> <span class='ocrx_word' id='word_1_753' title='bbox 868 5077 1134 5146; x_wconf 89' lang='lat' dir='ltr'><strong>propheta</strong></span> <span class='ocrx_word' id='word_1_754' title='bbox 1175 5075 1447 5131; x_wconf 79' lang='lat' dir='ltr'><strong>tradidit:</strong></span> <span class='ocrx_word' id='word_1_755' title='bbox 1495 5073 1583 5129; x_wconf 86' lang='lat' dir='ltr'><strong>Sic</strong></span> <span class='ocrx_word' id='word_1_756' title='bbox 1630 5075 1757 5128; x_wconf 88' lang='lat' dir='ltr'><strong>dicit</strong></span> 
     </span>
    </p>
   </div>
   <div class='ocr_carea' id='block_1_97' title="bbox 174 5169 1757 5239">
    <p class='ocr_par' dir='ltr' id='par_1_97' title="bbox 174 5169 1757 5239">
     <span class='ocr_line' id='line_1_97' title="bbox 174 5169 1757 5239; baseline -0.005 -10"><span class='ocrx_word' id='word_1_757' title='bbox 174 5174 420 5229; x_wconf 80' lang='lat' dir='ltr'><strong>Dominus</strong></span> <span class='ocrx_word' id='word_1_758' title='bbox 449 5188 465 5225; x_wconf 92' lang='lat'><strong>:</strong></span> <span class='ocrx_word' id='word_1_759' title='bbox 491 5171 619 5236; x_wconf 84' lang='lat' dir='ltr'><strong>Quis</strong></span> <span class='ocrx_word' id='word_1_760' title='bbox 638 5181 711 5224; x_wconf 86' lang='lat' dir='ltr'><strong>est</strong></span> <span class='ocrx_word' id='word_1_761' title='bbox 731 5171 812 5223; x_wconf 87' lang='lat' dir='ltr'><strong>Itic</strong></span> <span class='ocrx_word' id='word_1_762' title='bbox 844 5170 1049 5223; x_wconf 85' lang='lat' dir='ltr'><strong>libellus</strong></span> <span class='ocrx_word' id='word_1_763' title='bbox 1076 5170 1283 5239; x_wconf 53' lang='lat' dir='ltr'><strong>repudii</strong></span> <span class='ocrx_word' id='word_1_764' title='bbox 1339 5169 1528 5223; x_wconf 85' lang='lat' dir='ltr'><strong>matris</strong></span> <span class='ocrx_word' id='word_1_765' title='bbox 1574 5179 1757 5222; x_wconf 76' lang='lat' dir='ltr'><strong>vestra:</strong></span> 
     </span>
    </p>
   </div>
   <div class='ocr_carea' id='block_1_98' title="bbox 172 5260 1755 5330">
    <p class='ocr_par' dir='ltr' id='par_1_98' title="bbox 172 5260 1755 5330">
     <span class='ocr_line' id='line_1_98' title="bbox 172 5260 1755 5330; baseline -0.003 -12"><span class='ocrx_word' id='word_1_766' title='bbox 172 5282 268 5327; x_wconf 85' lang='lat' dir='ltr'><strong>quo</strong></span> <span class='ocrx_word' id='word_1_767' title='bbox 288 5264 464 5317; x_wconf 76' lang='lat' dir='ltr'><strong>dimisi</strong></span> <span class='ocrx_word' id='word_1_768' title='bbox 496 5280 614 5317; x_wconf 87' lang='lat' dir='ltr'><strong>eam</strong></span> <span class='ocrx_word' id='word_1_769' title='bbox 632 5264 714 5315; x_wconf 78' lang='lat'><strong>“?</strong></span> <span class='ocrx_word' id='word_1_770' title='bbox 735 5260 838 5317; x_wconf 91' lang='lat' dir='ltr'><strong>Ubi</strong></span> <span class='ocrx_word' id='word_1_771' title='bbox 868 5272 1054 5317; x_wconf 85' lang='lat' dir='ltr'><strong>autem</strong></span> <span class='ocrx_word' id='word_1_772' title='bbox 1091 5270 1179 5317; x_wconf 80' lang='lat' dir='ltr'><strong>est</strong></span> <span class='ocrx_word' id='word_1_773' title='bbox 1209 5261 1501 5330; x_wconf 84' lang='lat' dir='ltr'><strong>repudium</strong></span> <span class='ocrx_word' id='word_1_774' title='bbox 1525 5270 1582 5315; x_wconf 88' lang='lat' dir='ltr'><strong>et</strong></span> <span class='ocrx_word' id='word_1_775' title='bbox 1621 5261 1755 5314; x_wconf 87' lang='lat' dir='ltr'><strong>mis-</strong></span> 
     </span>
    </p>
   </div>
   <div class='ocr_carea' id='block_1_99' title="bbox 178 5352 1754 5425">
    <p class='ocr_par' dir='ltr' id='par_1_99' title="bbox 178 5352 1754 5425">
     <span class='ocr_line' id='line_1_99' title="bbox 178 5352 1754 5425; baseline 0 -19"><span class='ocrx_word' id='word_1_776' title='bbox 178 5356 274 5409; x_wconf 61' lang='grc' dir='ltr'><strong>δὀἱ)</strong></span> <span class='ocrx_word' id='word_1_777' title='bbox 294 5356 642 5410; x_wconf 82' lang='lat' dir='ltr'><strong>manifestum</strong></span> <span class='ocrx_word' id='word_1_778' title='bbox 675 5366 759 5409; x_wconf 90' lang='lat' dir='ltr'><strong>est</strong></span> <span class='ocrx_word' id='word_1_779' title='bbox 781 5355 910 5425; x_wconf 89' lang='lat' dir='ltr'><strong>quia</strong></span> <span class='ocrx_word' id='word_1_780' title='bbox 941 5370 1079 5409; x_wconf 78' lang='lat' dir='ltr'><strong>uxor</strong></span> <span class='ocrx_word' id='word_1_781' title='bbox 1109 5363 1227 5409; x_wconf 86' lang='lat' dir='ltr'><strong>erat</strong></span> <span class='ocrx_word' id='word_1_782' title='bbox 1257 5354 1326 5409; x_wconf 89' lang='lat' dir='ltr'><strong>de</strong></span> <span class='ocrx_word' id='word_1_783' title='bbox 1356 5368 1465 5423; x_wconf 88' lang='lat' dir='ltr'><strong>qua</strong></span> <span class='ocrx_word' id='word_1_784' title='bbox 1493 5354 1612 5408; x_wconf 65' lang='lat' dir='ltr'><strong>haec</strong></span> <span class='ocrx_word' id='word_1_785' title='bbox 1669 5352 1754 5407; x_wconf 88' lang='lat' dir='ltr'><strong>di-</strong></span> 
     </span>
    </p>
   </div>
   <div class='ocr_carea' id='block_1_100' title="bbox 175 5428 1752 5516">
    <p class='ocr_par' dir='ltr' id='par_1_100' title="bbox 175 5428 1752 5516">
     <span class='ocr_line' id='line_1_100' title="bbox 175 5428 1752 5516; baseline -0.001 -17"><span class='ocrx_word' id='word_1_786' title='bbox 175 5446 342 5499; x_wconf 84' lang='lat' dir='ltr'><strong>cebat.</strong></span> <span class='ocrx_word' id='word_1_787' title='bbox 368 5446 486 5499; x_wconf 82' lang='lat' dir='ltr'><strong>Non</strong></span> <span class='ocrx_word' id='word_1_788' title='bbox 522 5446 637 5500; x_wconf 78' lang='lat' dir='ltr'><strong>vult</strong></span> <span class='ocrx_word' id='word_1_789' title='bbox 664 5461 793 5516; x_wconf 80' lang='lat' dir='ltr'><strong>ergo</strong></span> <span class='ocrx_word' id='word_1_790' title='bbox 815 5462 936 5501; x_wconf 82' lang='lat' dir='ltr'><strong>eam</strong></span> <span class='ocrx_word' id='word_1_791' title='bbox 981 5449 1209 5500; x_wconf 74' lang='lat' dir='ltr'><strong>uxorem</strong></span> <span class='ocrx_word' id='word_1_792' title='bbox 1257 5428 1597 5500; x_wconf 75' lang='lat' dir='ltr'><strong>sacerdotem</strong></span> <span class='ocrx_word' id='word_1_793' title='bbox 1657 5446 1752 5499; x_wconf 88' lang='lat' dir='ltr'><strong>du-</strong></span> 
     </span>
    </p>
   </div>
   <div class='ocr_carea' id='block_1_101' title="bbox 176 5539 1756 5609">
    <p class='ocr_par' dir='ltr' id='par_1_101' title="bbox 176 5539 1756 5609">
     <span class='ocr_line' id='line_1_101' title="bbox 176 5539 1756 5609; baseline -0.001 -16"><span class='ocrx_word' id='word_1_794' title='bbox 176 5554 312 5602; x_wconf 84' lang='lat' dir='ltr'><strong>cere,</strong></span> <span class='ocrx_word' id='word_1_795' title='bbox 347 5549 407 5593; x_wconf 91' lang='lat' dir='ltr'><strong>ut</strong></span> <span class='ocrx_word' id='word_1_796' title='bbox 436 5554 546 5592; x_wconf 91' lang='lat' dir='ltr'><strong>non</strong></span> <span class='ocrx_word' id='word_1_797' title='bbox 608 5539 990 5609; x_wconf 86' lang='lat' dir='ltr'><strong>aliquaeorum</strong></span> <span class='ocrx_word' id='word_1_798' title='bbox 1036 5555 1157 5608; x_wconf 76' lang='lat' dir='ltr'><strong>qua:</strong></span> <span class='ocrx_word' id='word_1_799' title='bbox 1179 5540 1247 5593; x_wconf 86' lang='lat' dir='ltr'><strong>ad</strong></span> <span class='ocrx_word' id='word_1_800' title='bbox 1297 5554 1419 5594; x_wconf 89' lang='lat' dir='ltr'><strong>eam</strong></span> <span class='ocrx_word' id='word_1_801' title='bbox 1478 5539 1756 5608; x_wconf 85' lang='lat' dir='ltr'><strong>pertinent</strong></span> 
     </span>
    </p>
   </div>
   <div class='ocr_carea' id='block_1_102' title="bbox 242 5693 1279 5759">
    <p class='ocr_par' dir='ltr' id='par_1_102' title="bbox 242 5693 1279 5759">
     <span class='ocr_line' id='line_1_102' title="bbox 242 5693 1279 5759; baseline 0.001 -11"><span class='ocrx_word' id='word_1_802' title='bbox 242 5693 283 5723; x_wconf 84' lang='grc'>’³</span> <span class='ocrx_word' id='word_1_803' title='bbox 308 5694 471 5748; x_wconf 83' lang='lat' dir='ltr'><strong>IIebr.</strong></span> <span class='ocrx_word' id='word_1_804' title='bbox 498 5710 559 5759; x_wconf 87' lang='lat' dir='ltr'><strong>ll,</strong></span> <span class='ocrx_word' id='word_1_805' title='bbox 602 5695 686 5748; x_wconf 84' lang='lat' dir='ltr'><strong>II.</strong></span> <span class='ocrx_word' id='word_1_806' title='bbox 799 5697 845 5727; x_wconf 50' lang='grc' dir='ltr'><strong>’λ</strong></span> <span class='ocrx_word' id='word_1_807' title='bbox 884 5695 1039 5749; x_wconf 77' lang='lat' dir='ltr'><strong>Joan.</strong></span> <span class='ocrx_word' id='word_1_808' title='bbox 1072 5712 1158 5755; x_wconf 56' lang='lat' dir='ltr'><strong>sx,</strong></span> <span class='ocrx_word' id='word_1_809' title='bbox 1196 5697 1279 5749; x_wconf 78' lang='grc' dir='ltr'><strong>Π.</strong></span> 
     </span>
    </p>
   </div>
   <div class='ocr_carea' id='block_1_103' title="bbox 177 5764 1435 5888">
    <p class='ocr_par' dir='ltr' id='par_1_103' title="bbox 177 5764 1435 5888">
     <span class='ocr_line' id='line_1_103' title="bbox 177 5764 1435 5888; baseline 0.002 -73"><span class='ocrx_word' id='word_1_810' title='bbox 177 5764 220 5795; x_wconf 70' lang='grc' dir='ltr'>’θ</span> <span class='ocrx_word' id='word_1_811' title='bbox 250 5764 433 5888; x_wconf 58' lang='grc' dir='ltr'>Ιςξιὺι,</span> <span class='ocrx_word' id='word_1_812' title='bbox 466 5765 512 5817; x_wconf 84' lang='lat' dir='ltr'><strong>I.</strong></span> <span class='ocrx_word' id='word_1_813' title='bbox 597 5766 679 5819; x_wconf 74' lang='lat' dir='ltr'><strong>20I</strong></span> <span class='ocrx_word' id='word_1_814' title='bbox 716 5765 855 5820; x_wconf 85' lang='lat' dir='ltr'><strong>Tim.</strong></span> <span class='ocrx_word' id='word_1_815' title='bbox 902 5782 982 5826; x_wconf 81' lang='lat' dir='ltr'><strong>Ill,</strong></span> <span class='ocrx_word' id='word_1_816' title='bbox 1030 5767 1071 5819; x_wconf 81' lang='lat' dir='ltr'><strong>’t.</strong></span> <span class='ocrx_word' id='word_1_817' title='bbox 1153 5768 1189 5795; x_wconf 73' lang='grc'><strong>³⁸</strong></span> <span class='ocrx_word' id='word_1_818' title='bbox 1221 5766 1353 5821; x_wconf 83' lang='lat' dir='ltr'><strong>ibid.</strong></span> <span class='ocrx_word' id='word_1_819' title='bbox 1387 5768 1435 5819; x_wconf 81' lang='lat'><strong>5.</strong></span> 
     </span>
     <span class='ocr_line' id='line_1_104' title="bbox 178 5849 385 5888; baseline 0.005 -2"><span class='ocrx_word' id='word_1_820' title='bbox 178 5849 267 5888; x_wconf 71' lang='lat' dir='ltr'><strong>su.</strong></span> <span class='ocrx_word' id='word_1_821' title='bbox 299 5856 329 5887; x_wconf 69' lang='grc' dir='ltr'>ι)</span> <span class='ocrx_word' id='word_1_822' title='bbox 377 5876 385 5887; x_wconf 93' lang='grc'>.</span> 
     </span>
    </p>
   </div>
   <div class='ocr_carea' id='block_1_104' title="bbox 255 5865 385 5899">
    <p class='ocr_par' dir='ltr' id='par_1_104' title="bbox 255 5865 385 5899">
     <span class='ocr_line' id='line_1_105' title="bbox 255 5865 385 5899; baseline 0 -12"><span class='ocrx_word' id='word_1_823' title='bbox 255 5865 385 5899; x_wconf 73' lang='lat' dir='ltr'><strong>,uu.</strong></span> 
     </span>
    </p>
   </div>
   <div class='ocr_carea' id='block_1_105' title="bbox 1392 5694 1767 5757">
    <p class='ocr_par' dir='ltr' id='par_1_105' title="bbox 1392 5694 1767 5757">
     <span class='ocr_line' id='line_1_106' title="bbox 1392 5694 1767 5757; baseline -0.011 -8"><span class='ocrx_word' id='word_1_824' title='bbox 1392 5697 1437 5726; x_wconf 81' lang='grc'><strong>’⁵</strong></span> <span class='ocrx_word' id='word_1_825' title='bbox 1470 5697 1569 5749; x_wconf 71' lang='lat' dir='ltr'><strong>Isa.</strong></span> <span class='ocrx_word' id='word_1_826' title='bbox 1613 5712 1647 5757; x_wconf 88' lang='lat' dir='ltr'><strong>I,</strong></span> <span class='ocrx_word' id='word_1_827' title='bbox 1678 5694 1767 5748; x_wconf 68' lang='lat'><strong>2!.</strong></span> 
     </span>
    </p>
   </div>
   <div class='ocr_carea' id='block_1_106' title="bbox 1520 5766 1857 5823">
    <p class='ocr_par' dir='ltr' id='par_1_106' title="bbox 1520 5766 1857 5823">
     <span class='ocr_line' id='line_1_107' title="bbox 1520 5766 1857 5823; baseline -0.006 -6"><span class='ocrx_word' id='word_1_828' title='bbox 1520 5769 1559 5797; x_wconf 51' lang='grc' dir='ltr'><strong>δ’</strong></span> <span class='ocrx_word' id='word_1_829' title='bbox 1602 5766 1702 5817; x_wconf 62' lang='lat' dir='ltr'><strong>iaci.</strong></span> <span class='ocrx_word' id='word_1_830' title='bbox 1741 5781 1774 5823; x_wconf 84' lang='grc' dir='ltr'><strong>Ι,</strong></span> 
     </span>
    </p>
   </div>
   <div class='ocr_carea' id='block_1_107' title="bbox 1852 4620 3438 4690">
    <p class='ocr_par' dir='ltr' id='par_1_107' title="bbox 1852 4620 3438 4690">
     <span class='ocr_line' id='line_1_108' title="bbox 1852 4620 3438 4690; baseline 0.002 -16"><span class='ocrx_word' id='word_1_831' title='bbox 1852 4636 1952 4690; x_wconf 91' lang='lat' dir='ltr'><strong>pro</strong></span> <span class='ocrx_word' id='word_1_832' title='bbox 1980 4621 2144 4676; x_wconf 90' lang='lat' dir='ltr'><strong>nobis</strong></span> <span class='ocrx_word' id='word_1_833' title='bbox 2170 4621 2583 4690; x_wconf 83' lang='lat' dir='ltr'><strong>mysteriorum,</strong></span> <span class='ocrx_word' id='word_1_834' title='bbox 2614 4620 2779 4675; x_wconf 86' lang='lat' dir='ltr'><strong>etiam</strong></span> <span class='ocrx_word' id='word_1_835' title='bbox 2795 4622 3052 4676; x_wconf 90' lang='lat' dir='ltr'><strong>sacerdos</strong></span> <span class='ocrx_word' id='word_1_836' title='bbox 3084 4620 3314 4675; x_wconf 70' lang='lat' dir='ltr'><strong>effectus</strong></span> <span class='ocrx_word' id='word_1_837' title='bbox 3333 4631 3438 4677; x_wconf 87' lang='lat' dir='ltr'><strong>est.</strong></span> 
     </span>
    </p>
   </div>
   <div class='ocr_carea' id='block_1_108' title="bbox 1854 4711 3437 4783">
    <p class='ocr_par' dir='ltr' id='par_1_108' title="bbox 1854 4711 3437 4783">
     <span class='ocr_line' id='line_1_109' title="bbox 1854 4711 3437 4783; baseline 0.001 -18"><span class='ocrx_word' id='word_1_838' title='bbox 1854 4711 2023 4766; x_wconf 81' lang='lat' dir='ltr'><strong>Recte</strong></span> <span class='ocrx_word' id='word_1_839' title='bbox 2050 4727 2181 4783; x_wconf 79' lang='lat' dir='ltr'><strong>ergo</strong></span> <span class='ocrx_word' id='word_1_840' title='bbox 2213 4713 2301 4766; x_wconf 84' lang='lat' dir='ltr'><strong>hic</strong></span> <span class='ocrx_word' id='word_1_841' title='bbox 2332 4726 2565 4780; x_wconf 75' lang='lat' dir='ltr'><strong>magnus</strong></span> <span class='ocrx_word' id='word_1_842' title='bbox 2592 4712 2869 4776; x_wconf 87' lang='lat' dir='ltr'><strong>sacerdos,</strong></span> <span class='ocrx_word' id='word_1_843' title='bbox 2901 4720 3091 4781; x_wconf 89' lang='lat' dir='ltr'><strong>utpote</strong></span> <span class='ocrx_word' id='word_1_844' title='bbox 3110 4711 3204 4781; x_wconf 91' lang='lat' dir='ltr'><strong>qui</strong></span> <span class='ocrx_word' id='word_1_845' title='bbox 3225 4721 3437 4767; x_wconf 82' lang='lat' dir='ltr'><strong>semet-</strong></span> 
     </span>
    </p>
   </div>
   <div class='ocr_carea' id='block_1_109' title="bbox 1854 4800 3437 4870">
    <p class='ocr_par' dir='ltr' id='par_1_109' title="bbox 1854 4800 3437 4870">
     <span class='ocr_line' id='line_1_110' title="bbox 1854 4800 3437 4870; baseline 0.001 -17"><span class='ocrx_word' id='word_1_846' title='bbox 1854 4801 2036 4869; x_wconf 90' lang='lat' dir='ltr'><strong>ipsum</strong></span> <span class='ocrx_word' id='word_1_847' title='bbox 2092 4816 2191 4870; x_wconf 91' lang='lat' dir='ltr'><strong>pro</strong></span> <span class='ocrx_word' id='word_1_848' title='bbox 2230 4800 2390 4855; x_wconf 90' lang='lat' dir='ltr'><strong>nobis</strong></span> <span class='ocrx_word' id='word_1_849' title='bbox 2435 4801 2671 4854; x_wconf 89' lang='lat' dir='ltr'><strong>hostiam</strong></span> <span class='ocrx_word' id='word_1_850' title='bbox 2724 4810 2781 4855; x_wconf 90' lang='lat' dir='ltr'><strong>et</strong></span> <span class='ocrx_word' id='word_1_851' title='bbox 2833 4800 3169 4855; x_wconf 87' lang='lat' dir='ltr'><strong>oblationem</strong></span> <span class='ocrx_word' id='word_1_852' title='bbox 3209 4800 3437 4863; x_wconf 89' lang='lat' dir='ltr'><strong>obtulit,</strong></span> 
     </span>
    </p>
   </div>
   <div class='ocr_carea' id='block_1_110' title="bbox 1857 4892 3440 4962">
    <p class='ocr_par' dir='ltr' id='par_1_110' title="bbox 1857 4892 3440 4962">
     <span class='ocr_line' id='line_1_111' title="bbox 1857 4892 3440 4962; baseline -0.003 -16"><span class='ocrx_word' id='word_1_853' title='bbox 1857 4892 2185 4962; x_wconf 87' lang='lat' dir='ltr'><strong>appellatur.</strong></span> <span class='ocrx_word' id='word_1_854' title='bbox 2236 4893 2467 4962; x_wconf 88' lang='lat' dir='ltr'><strong>Propter</strong></span> <span class='ocrx_word' id='word_1_855' title='bbox 2526 4892 2675 4959; x_wconf 90' lang='lat' dir='ltr'><strong>quod</strong></span> <span class='ocrx_word' id='word_1_856' title='bbox 2737 4900 2793 4945; x_wconf 89' lang='lat' dir='ltr'><strong>et</strong></span> <span class='ocrx_word' id='word_1_857' title='bbox 2837 4906 3028 4946; x_wconf 78' lang='lat' dir='ltr'><strong>servos</strong></span> <span class='ocrx_word' id='word_1_858' title='bbox 3077 4892 3277 4945; x_wconf 86' lang='lat' dir='ltr'><strong>fratres</strong></span> <span class='ocrx_word' id='word_1_859' title='bbox 3311 4906 3440 4945; x_wconf 89' lang='lat' dir='ltr'><strong>suos</strong></span> 
     </span>
    </p>
   </div>
   <div class='ocr_carea' id='block_1_111' title="bbox 1859 4980 3441 5053">
    <p class='ocr_par' dir='ltr' id='par_1_111' title="bbox 1859 4980 3441 5053">
     <span class='ocr_line' id='line_1_112' title="bbox 1859 4980 3441 5053; baseline -0.004 -15"><span class='ocrx_word' id='word_1_860' title='bbox 1859 4983 2041 5038; x_wconf 87' lang='lat' dir='ltr'><strong>dicere</strong></span> <span class='ocrx_word' id='word_1_861' title='bbox 2071 4998 2270 5053; x_wconf 89' lang='lat' dir='ltr'><strong>passus</strong></span> <span class='ocrx_word' id='word_1_862' title='bbox 2300 4991 2405 5047; x_wconf 89' lang='lat' dir='ltr'><strong>est,</strong></span> <span class='ocrx_word' id='word_1_863' title='bbox 2443 4982 2496 5036; x_wconf 92' lang='lat' dir='ltr'><strong>id</strong></span> <span class='ocrx_word' id='word_1_864' title='bbox 2527 4990 2611 5037; x_wconf 89' lang='lat' dir='ltr'><strong>est</strong></span> <span class='ocrx_word' id='word_1_865' title='bbox 2641 4992 2881 5046; x_wconf 88' lang='lat' dir='ltr'><strong>sanctos,</strong></span> <span class='ocrx_word' id='word_1_866' title='bbox 2934 4982 3028 5050; x_wconf 89' lang='lat' dir='ltr'><strong>qui</strong></span> <span class='ocrx_word' id='word_1_867' title='bbox 3061 4995 3282 5051; x_wconf 89' lang='lat' dir='ltr'><strong>semper</strong></span> <span class='ocrx_word' id='word_1_868' title='bbox 3320 4980 3441 5048; x_wconf 86' lang='lat' dir='ltr'><strong>ejus</strong></span> 
     </span>
    </p>
   </div>
   <div class='ocr_carea' id='block_1_112' title="bbox 1857 5071 3448 5141">
    <p class='ocr_par' dir='ltr' id='par_1_112' title="bbox 1857 5071 3448 5141">
     <span class='ocr_line' id='line_1_113' title="bbox 1857 5071 3448 5141; baseline -0.004 -11"><span class='ocrx_word' id='word_1_869' title='bbox 1857 5075 2065 5130; x_wconf 87' lang='lat' dir='ltr'><strong>faciunt</strong></span> <span class='ocrx_word' id='word_1_870' title='bbox 2109 5075 2473 5129; x_wconf 73' lang='lat' dir='ltr'><strong>voluntatem.</strong></span> <span class='ocrx_word' id='word_1_871' title='bbox 2528 5073 2621 5126; x_wconf 83' lang='lat' dir='ltr'><strong>Ait</strong></span> <span class='ocrx_word' id='word_1_872' title='bbox 2672 5074 2861 5126; x_wconf 88' lang='lat' dir='ltr'><strong>enim:</strong></span> <span class='ocrx_word' id='word_1_873' title='bbox 2906 5072 3218 5141; x_wconf 75' lang='lat' dir='ltr'><strong>Quicunque</strong></span> <span class='ocrx_word' id='word_1_874' title='bbox 3263 5071 3448 5141; x_wconf 79' lang='lat' dir='ltr'><strong>fecerit</strong></span> 
     </span>
    </p>
   </div>
   <div class='ocr_carea' id='block_1_113' title="bbox 1854 5164 3440 5229">
    <p class='ocr_par' dir='ltr' id='par_1_113' title="bbox 1854 5164 3440 5229">
     <span class='ocr_line' id='line_1_114' title="bbox 1854 5164 3440 5229; baseline -0.005 -11"><span class='ocrx_word' id='word_1_875' title='bbox 1854 5166 2177 5219; x_wconf 88' lang='lat' dir='ltr'><strong>voluntatem</strong></span> <span class='ocrx_word' id='word_1_876' title='bbox 2206 5164 2390 5217; x_wconf 89' lang='lat' dir='ltr'><strong>Patris</strong></span> <span class='ocrx_word' id='word_1_877' title='bbox 2420 5165 2543 5226; x_wconf 88' lang='lat' dir='ltr'><strong>mei,</strong></span> <span class='ocrx_word' id='word_1_878' title='bbox 2574 5164 2663 5217; x_wconf 89' lang='lat' dir='ltr'><strong>ille</strong></span> <span class='ocrx_word' id='word_1_879' title='bbox 2697 5180 2841 5216; x_wconf 85' lang='lat' dir='ltr'><strong>meus</strong></span> <span class='ocrx_word' id='word_1_880' title='bbox 2870 5172 2918 5215; x_wconf 89' lang='lat' dir='ltr'><strong>et</strong></span> <span class='ocrx_word' id='word_1_881' title='bbox 2957 5164 3147 5229; x_wconf 75' lang='lat' dir='ltr'><strong>frater,</strong></span> <span class='ocrx_word' id='word_1_882' title='bbox 3173 5171 3221 5214; x_wconf 92' lang='lat' dir='ltr'><strong>et</strong></span> <span class='ocrx_word' id='word_1_883' title='bbox 3269 5176 3440 5223; x_wconf 92' lang='lat' dir='ltr'><strong>soror,</strong></span> 
     </span>
    </p>
   </div>
   <div class='ocr_carea' id='block_1_114' title="bbox 1855 5253 3445 5325">
    <p class='ocr_par' dir='ltr' id='par_1_114' title="bbox 1855 5253 3445 5325">
     <span class='ocr_line' id='line_1_115' title="bbox 1855 5253 3445 5325; baseline -0.003 -14"><span class='ocrx_word' id='word_1_884' title='bbox 1855 5269 1902 5311; x_wconf 89' lang='lat' dir='ltr'><strong>et</strong></span> <span class='ocrx_word' id='word_1_885' title='bbox 1929 5266 2099 5311; x_wconf 86' lang='lat' dir='ltr'><strong>mater</strong></span> <span class='ocrx_word' id='word_1_886' title='bbox 2120 5266 2194 5310; x_wconf 87' lang='lat' dir='ltr'><strong>est</strong></span> <span class='ocrx_word' id='word_1_887' title='bbox 2218 5258 2287 5312; x_wconf 83' lang='lat'><strong>&quot;.</strong></span> <span class='ocrx_word' id='word_1_888' title='bbox 2322 5254 2501 5325; x_wconf 87' lang='lat' dir='ltr'><strong>Super</strong></span> <span class='ocrx_word' id='word_1_889' title='bbox 2537 5255 2703 5324; x_wconf 90' lang='lat' dir='ltr'><strong>hujus</strong></span> <span class='ocrx_word' id='word_1_890' title='bbox 2739 5262 2903 5323; x_wconf 88' lang='lat' dir='ltr'><strong>caput</strong></span> <span class='ocrx_word' id='word_1_891' title='bbox 2948 5255 3129 5308; x_wconf 90' lang='lat' dir='ltr'><strong>oleum</strong></span> <span class='ocrx_word' id='word_1_892' title='bbox 3165 5253 3445 5307; x_wconf 90' lang='lat' dir='ltr'><strong>unctionis</strong></span> 
     </span>
    </p>
   </div>
   <div class='ocr_carea' id='block_1_115' title="bbox 1854 5344 3445 5417">
    <p class='ocr_par' dir='ltr' id='par_1_115' title="bbox 1854 5344 3445 5417">
     <span class='ocr_line' id='line_1_116' title="bbox 1854 5344 3445 5417; baseline -0.003 -14"><span class='ocrx_word' id='word_1_893' title='bbox 1854 5348 2091 5404; x_wconf 85' lang='lat' dir='ltr'><strong>elIusum</strong></span> <span class='ocrx_word' id='word_1_894' title='bbox 2124 5358 2229 5412; x_wconf 89' lang='lat' dir='ltr'><strong>est,</strong></span> <span class='ocrx_word' id='word_1_895' title='bbox 2261 5348 2329 5402; x_wconf 88' lang='lat' dir='ltr'><strong>de</strong></span> <span class='ocrx_word' id='word_1_896' title='bbox 2361 5363 2469 5417; x_wconf 92' lang='lat' dir='ltr'><strong>quo</strong></span> <span class='ocrx_word' id='word_1_897' title='bbox 2504 5346 2673 5401; x_wconf 83' lang='lat' dir='ltr'><strong>dixit:</strong></span> <span class='ocrx_word' id='word_1_898' title='bbox 2705 5344 2863 5399; x_wconf 85' lang='lat' dir='ltr'><strong>Sedes</strong></span> <span class='ocrx_word' id='word_1_899' title='bbox 2894 5355 3009 5411; x_wconf 87' lang='lat' dir='ltr'><strong>tua,</strong></span> <span class='ocrx_word' id='word_1_900' title='bbox 3045 5344 3207 5412; x_wconf 88' lang='lat' dir='ltr'><strong>Deus,</strong></span> <span class='ocrx_word' id='word_1_901' title='bbox 3258 5346 3312 5397; x_wconf 90' lang='lat' dir='ltr'><strong>in</strong></span> <span class='ocrx_word' id='word_1_902' title='bbox 3343 5360 3445 5398; x_wconf 80' lang='lat' dir='ltr'><strong>ste-</strong></span> 
     </span>
    </p>
   </div>
   <div class='ocr_carea' id='block_1_116' title="bbox 1861 5435 3448 5510">
    <p class='ocr_par' dir='ltr' id='par_1_116' title="bbox 1861 5435 3448 5510">
     <span class='ocr_line' id='line_1_117' title="bbox 1861 5435 3448 5510; baseline -0.005 -14"><span class='ocrx_word' id='word_1_903' title='bbox 1861 5443 2036 5496; x_wconf 89' lang='lat' dir='ltr'><strong>culum</strong></span> <span class='ocrx_word' id='word_1_904' title='bbox 2065 5442 2267 5505; x_wconf 75' lang='lat' dir='ltr'><strong>swculi,</strong></span> <span class='ocrx_word' id='word_1_905' title='bbox 2297 5442 2446 5510; x_wconf 87' lang='lat' dir='ltr'><strong>virga</strong></span> <span class='ocrx_word' id='word_1_906' title='bbox 2472 5447 2612 5492; x_wconf 82' lang='lat' dir='ltr'><strong>recta</strong></span> <span class='ocrx_word' id='word_1_907' title='bbox 2639 5448 2737 5499; x_wconf 84' lang='lat' dir='ltr'><strong>est,</strong></span> <span class='ocrx_word' id='word_1_908' title='bbox 2759 5438 2908 5508; x_wconf 86' lang='lat' dir='ltr'><strong>virga</strong></span> <span class='ocrx_word' id='word_1_909' title='bbox 2940 5438 3086 5507; x_wconf 81' lang='lat' dir='ltr'><strong>regni</strong></span> <span class='ocrx_word' id='word_1_910' title='bbox 3119 5438 3219 5491; x_wconf 88' lang='lat' dir='ltr'><strong>tui.</strong></span> <span class='ocrx_word' id='word_1_911' title='bbox 3249 5435 3448 5489; x_wconf 69' lang='lat' dir='ltr'><strong>Dilerri-</strong></span> 
     </span>
    </p>
   </div>
   <div class='ocr_carea' id='block_1_117' title="bbox 1865 5527 3446 5607">
    <p class='ocr_par' dir='ltr' id='par_1_117' title="bbox 1865 5527 3446 5607">
     <span class='ocr_line' id='line_1_118' title="bbox 1865 5527 3446 5607; baseline -0.009 -16"><span class='ocrx_word' id='word_1_912' title='bbox 1865 5539 1933 5591; x_wconf 86' lang='lat' dir='ltr'><strong>sti</strong></span> <span class='ocrx_word' id='word_1_913' title='bbox 1968 5536 2242 5607; x_wconf 86' lang='lat' dir='ltr'><strong>justitiam</strong></span> <span class='ocrx_word' id='word_1_914' title='bbox 2266 5543 2314 5588; x_wconf 84' lang='lat' dir='ltr'><strong>ct</strong></span> <span class='ocrx_word' id='word_1_915' title='bbox 2342 5532 2499 5587; x_wconf 89' lang='lat' dir='ltr'><strong>odisti</strong></span> <span class='ocrx_word' id='word_1_916' title='bbox 2535 5530 2895 5601; x_wconf 89' lang='lat' dir='ltr'><strong>iniquitatem,</strong></span> <span class='ocrx_word' id='word_1_917' title='bbox 2914 5538 3193 5598; x_wconf 85' lang='lat' dir='ltr'><strong>propterea</strong></span> <span class='ocrx_word' id='word_1_918' title='bbox 3221 5527 3367 5580; x_wconf 70' lang='lat' dir='ltr'><strong>unxit</strong></span> <span class='ocrx_word' id='word_1_919' title='bbox 3397 5536 3446 5578; x_wconf 87' lang='lat' dir='ltr'><strong>te</strong></span> 
     </span>
    </p>
   </div>
   <div class='ocr_carea' id='block_1_118' title="bbox 3062 5678 3444 5739">
    <p class='ocr_par' dir='ltr' id='par_1_118' title="bbox 3062 5678 3444 5739">
     <span class='ocr_line' id='line_1_119' title="bbox 3062 5678 3444 5739; baseline 0.005 -10"><span class='ocrx_word' id='word_1_920' title='bbox 3062 5681 3107 5712; x_wconf 73' lang='grc'><strong>’⁸</strong></span> <span class='ocrx_word' id='word_1_921' title='bbox 3130 5680 3269 5732; x_wconf 78' lang='lat' dir='ltr'><strong>Osee.</strong></span> <span class='ocrx_word' id='word_1_922' title='bbox 3295 5694 3353 5739; x_wconf 87' lang='grc' dir='ltr'>ιι,</span> <span class='ocrx_word' id='word_1_923' title='bbox 3389 5678 3444 5731; x_wconf 75' lang='lat'><strong>2.</strong></span> 
     </span>
    </p>
   </div>
   <div class='ocr_carea' id='block_1_119' title="bbox 3170 5748 3444 5803">
    <p class='ocr_par' dir='ltr' id='par_1_119' title="bbox 3170 5748 3444 5803">
     <span class='ocr_line' id='line_1_120' title="bbox 3170 5748 3444 5803; baseline 0.018 -5"><span class='ocrx_word' id='word_1_924' title='bbox 3170 5750 3214 5780; x_wconf 78' lang='grc'><strong>³⁸</strong></span> <span class='ocrx_word' id='word_1_925' title='bbox 3250 5748 3444 5803; x_wconf 75' lang='lat' dir='ltr'><strong>Matth.</strong></span> 
     </span>
    </p>
   </div>
   <div class='ocr_carea' id='block_1_120' title="bbox 2321 5681 2948 5743">
    <p class='ocr_par' dir='ltr' id='par_1_120' title="bbox 2321 5681 2948 5743">
     <span class='ocr_line' id='line_1_121' title="bbox 2321 5681 2948 5743; baseline -0.005 -3"><span class='ocrx_word' id='word_1_926' title='bbox 2321 5690 2364 5718; x_wconf 76' lang='grc' dir='ltr'><strong>’τ</strong></span> <span class='ocrx_word' id='word_1_927' title='bbox 2390 5686 2527 5741; x_wconf 83' lang='lat' dir='ltr'><strong>Psal.</strong></span> <span class='ocrx_word' id='word_1_928' title='bbox 2556 5701 2821 5743; x_wconf 56' lang='lat' dir='ltr'><strong>unum.</strong></span> <span class='ocrx_word' id='word_1_929' title='bbox 2860 5681 2948 5737; x_wconf 68' lang='grc'><strong>40.</strong></span> 
     </span>
    </p>
   </div>
   <div class='ocr_carea' id='block_1_121' title="bbox 1873 5692 3057 5815">
    <p class='ocr_par' dir='ltr' id='par_1_121' title="bbox 1873 5692 3057 5815">
     <span class='ocr_line' id='line_1_122' title="bbox 1873 5692 2948 5753; baseline -0.01 -5"><span class='ocrx_word' id='word_1_930' title='bbox 1873 5694 1891 5723; x_wconf 76' lang='grc'>⁸</span> <span class='ocrx_word' id='word_1_931' title='bbox 1922 5692 2060 5747; x_wconf 74' lang='lat' dir='ltr'><strong>Osee</strong></span> <span class='ocrx_word' id='word_1_932' title='bbox 2090 5708 2149 5753; x_wconf 90' lang='grc' dir='ltr'>ιι,</span> <span class='ocrx_word' id='word_1_933' title='bbox 2175 5692 2227 5744; x_wconf 74' lang='lat'><strong>2.</strong></span> <span class='ocrx_word' id='word_1_934' title='bbox 2321 5692 2364 5718; x_wconf 78' lang='grc' dir='ltr'><strong>’τ</strong></span> <span class='ocrx_word' id='word_1_935' title='bbox 2391 5692 2527 5741; x_wconf 83' lang='lat' dir='ltr'><strong>Psal.</strong></span> <span class='ocrx_word' id='word_1_936' title='bbox 2556 5701 2821 5743; x_wconf 57' lang='lat' dir='ltr'><strong>unum.</strong></span> <span class='ocrx_word' id='word_1_937' title='bbox 2860 5692 2948 5737; x_wconf 78' lang='lat' dir='ltr'><strong>w.</strong></span> 
     </span>
     <span class='ocr_line' id='line_1_123' title="bbox 1962 5751 3057 5815; baseline -0.009 1"><span class='ocrx_word' id='word_1_938' title='bbox 1962 5764 2003 5794; x_wconf 77' lang='grc'><strong>³⁸</strong></span> <span class='ocrx_word' id='word_1_939' title='bbox 2040 5762 2175 5815; x_wconf 81' lang='lat' dir='ltr'><strong>Osee</strong></span> <span class='ocrx_word' id='word_1_940' title='bbox 2226 5776 2283 5815; x_wconf 88' lang='grc' dir='ltr'>ιι.</span> <span class='ocrx_word' id='word_1_941' title='bbox 2317 5762 2368 5815; x_wconf 66' lang='grc' dir='ltr'><strong>ιί.</strong></span> <span class='ocrx_word' id='word_1_942' title='bbox 2404 5760 2454 5812; x_wconf 72' lang='grc' dir='ltr'><strong>ἰ».</strong></span> <span class='ocrx_word' id='word_1_943' title='bbox 2547 5758 2589 5787; x_wconf 66' lang='grc'><strong>³³</strong></span> <span class='ocrx_word' id='word_1_944' title='bbox 2623 5755 2761 5809; x_wconf 76' lang='lat' dir='ltr'><strong>I’sal.</strong></span> <span class='ocrx_word' id='word_1_945' title='bbox 2800 5770 2975 5815; x_wconf 73' lang='lat' dir='ltr'><strong>exui,</strong></span> <span class='ocrx_word' id='word_1_946' title='bbox 3007 5751 3057 5806; x_wconf 79' lang='lat'><strong>5.</strong></span> 
     </span>
    </p>
   </div>
   <div class='ocr_carea' id='block_1_122' title="bbox 1962 5760 2454 5823">
    <p class='ocr_par' dir='ltr' id='par_1_122' title="bbox 1962 5760 2454 5823">
     <span class='ocr_line' id='line_1_124' title="bbox 1962 5760 2454 5823; baseline -0.01 -7"><span class='ocrx_word' id='word_1_947' title='bbox 1962 5764 2003 5794; x_wconf 77' lang='grc'><strong>³⁸</strong></span> <span class='ocrx_word' id='word_1_948' title='bbox 2040 5762 2175 5815; x_wconf 78' lang='lat' dir='ltr'><strong>Osee</strong></span> <span class='ocrx_word' id='word_1_949' title='bbox 2226 5776 2283 5821; x_wconf 85' lang='lat' dir='ltr'><strong>ll,</strong></span> <span class='ocrx_word' id='word_1_950' title='bbox 2317 5762 2368 5823; x_wconf 65' lang='grc' dir='ltr'><strong>οἱ,</strong></span> <span class='ocrx_word' id='word_1_951' title='bbox 2404 5760 2454 5812; x_wconf 74' lang='grc' dir='ltr'><strong>ἰ».</strong></span> 
     </span>
    </p>
   </div>
  </div>
