4158 6450
752 385 883 448 1059

1918 378 2276 437 IIESYClliI
2351 379 2822 439 PRESBYTERI

3914 387 3936 446 i
3948 388 4039 453 060

749 502 903 558 Dem;
952 496 1087 549 Deus
1119 504 1237 546 tuus
1261 493 1373 545 oleo
1392 492 1614 549 la'tititr.
1644 504 1756 557 pro:
1782 489 2114 539 consortibus
2138 489 2242 538 tuis
2263 487 2326 539 ".
2363 497 2406 547 Α
2435 488 2671 541 animam
2706 504 2835 557 ergo
2865 498 3157 551 mortuam,
3185 491 3269 542 vel
3299 491 3367 543 ad
3385 506 3547 544 ozune
3586 504 3911 555 mortuum,
3938 515 4035 552 neu

744 586 1149 645 (Zoiieordantia
1214 584 1343 637 huic
1398 583 1499 651 legi
1554 582 1769 641 dicens,
1809 594 1919 630 non
1983 578 2160 629 solum
2203 578 2327 645 quia

747 679 1021 734 unctionis
1058 686 1288 744 uterque
1321 674 1642 727 memoriam
1671 672 1823 729 facit.
1844 671 1940 724 sed
1961 670 2088 738 quia
2114 670 2255 723 sicut
2275 678 2332 721 et

746 774 939 833 David,
974 770 1247 823 excellere
1272 766 1633 833 semetipsum
1663 764 1718 817 in
1756 764 1872 833 ipsa
1921 764 2184 815 unctione
2217 763 2331 814 suis

742 863 1113 935 participibus
1163 868 1523 930 protestatur.
1576 856 1736 921 Quod
1791 856 1943 909 enim
1999 854 2158 917 dixit,
2221 868 2331 921 prce

741 956 1130 1025 participibus.
1191 966 1358 1020 super
1419 949 1717 1018 participes
1784 956 1910 999 tuos
1968 945 2088 998 sine
2149 946 2331 1011 aliqua

742 1050 1025 1102 dubietate
1093 1043 1444 1112 intelligitur:
1518 1040 1599 1092 sic
1660 1054 1783 1091 eum
1839 1038 2004 1089 etiam
2058 1035 2332 1105 legislalor

743 1142 1036 1196 maximum
1059 1138 1192 1191 dixit
1235 1136 1378 1187 inter
1405 1132 1605 1185 fratres
1655 1144 1812 1191 suos,
1867 1127 1921 1179 id
1952 1136 2037 1180 est
2080 1126 2331 1194 superio-

742 1250 880 1288 rem.
941 1230 1099 1296 Quod
1160 1239 1344 1280 autem
1404 1226 1641 1276 maxime
1698 1221 1753 1273 in
1808 1218 2067 1288 pra-senti
2118 1226 2333 1285 oportet

744 1325 945 1380 intueri
994 1321 1257 1381 historia,
1303 1333 1427 1370 cum
1492 1312 1792 1367 secundum
1837 1309 1974 1363 LXX
2030 1310 2330 1362 editionem

742 1418 942 1471 addere
975 1413 1277 1472 debuisset,
1317 1409 1400 1460 cui
1432 1407 1650 1475 eﬂ'usum
1676 1416 1749 1458 est
1789 1420 1944 1471 super
1970 1413 2129 1471 caput
2158 1402 2331 1453 oleum

745 1508 1028 1568 unctionis,
1063 1518 1171 1557 non
1219 1502 1301 1555 sic
1336 1500 1447 1553 ait:
1500 1499 1617 1560 sed,
1657 1498 1922 1549 maximus
1962 1501 2026 1548 de
2078 1495 2331 1563 fratribus

744 1604 878 1672 ejus,
902 1600 992 1670 qui
1017 1597 1196 1666 effudit
1226 1610 1385 1660 super
1405 1600 1565 1659 caput
1596 1590 1733 1658 ejus.
1762 1586 1904 1653 Quia
1933 1589 2080 1642 enim
2126 1585 2329 1640 Christi

744 1710 875 1749 caro
903 1700 1009 1753 est,
1052 1703 1176 1758 qua:
1232 1684 1478 1753 suscepit
1528 1684 1842 1737 unctionem
1893 1681 1947 1733 in
1980 1682 2329 1749 semetipsum

743 1783 1161 1840 communicata!
1193 1780 1309 1833 sive
1332 1777 1501 1831 unita:
1523 1775 1851 1829 divinitatis.
1898 1774 1977 1827 Ex
2007 1776 2107 1827 hac
2146 1783 2327 1826 autem

742 1892 911 1932 carne
933 1876 1131 1929 fratres
1160 1872 1282 1941 ejus
1316 1878 1373 1923 et
1412 1868 1629 1939 cognati
1672 1866 1854 1921 eﬂ‘eeti
1900 1880 2109 1920 sumus.
2160 1863 2327 1917 Recte

746 1972 824 2025 ait
854 1966 1122 2040 pontifex,
1156 1966 1208 2019 id
1236 1974 1343 2028 est,
1370 1962 1629 2017 sacerdos
1657 1960 1930 2015 maximus
1959 1959 2103 2013 inter
2130 1956 2327 2010 fratres

744 2078 895 2126 suos,
956 2075 1125 2130 super
1172 2059 1331 2127 cujus
1388 2063 1555 2125 caput
1610 2052 1845 2107 eﬂ‘usum
1906 2062 1990 2106 est
2054 2049 2329 2104 unctionis

743 2158 1257 2222 olcum,utaperte
1303 2150 1617 2203 inveniatur
1651 2148 1757 2201 hoc
1813 2146 1960 2215 quod
2017 2143 2326 2211 intelligen-

742 2250 872 2302 dum
902 2257 1006 2311 est,
1032 2244 1306 2298 maximus
1339 2243 1483 2294 inter
1522 2240 1739 2302 fratres,
1774 2238 1823 2291 id
1848 2246 1955 2300 est,
1985 2235 2168 2288 carnis
2188 2248 2323 2287 sum.

744 2340 865 2409 Ipsa
900 2346 987 2392 est
1014 2336 1161 2390 enim
1194 2350 1316 2404 qua:
1343 2333 1589 2402 suscepit
1618 2330 1889 2384 unctionis
1936 2329 2117 2383 oleum
2162 2326 2325 2393 hujus

742 2428 1067 2491 sacerdotis,
1111 2437 1166 2480 et
1197 2433 1548 2480 consecratas
1580 2422 1751 2476 fuisse
1805 2436 2020 2483 manus,
2072 2420 2212 2481 sive,
2267 2426 2327 2470 ut

742 2520 907 2583 LXX,
938 2527 1327 2573 consummatus
1354 2532 1450 2584 per
1480 2515 1658 2569 crucis
1696 2513 2056 2567 confixionem
2092 2511 2323 2565 manife-

742 2627 886 2669 stttm
918 2626 1024 2668 est.
1060 2612 1216 2666 Tunc
1242 2612 1391 2665 enim
1415 2608 1881 2677 quemadmodum
1915 2606 1969 2658 bi
2002 2606 2094 2675 qui
2127 2620 2323 2659 secun-

740 2710 870 2761 dum
902 2708 1076 2776 legem
1112 2714 1243 2758 sunt
1267 2704 1603 2763 sacerdotes,
1643 2702 1698 2753 in
1726 2686 2014 2769 sanguine
2045 2698 2219 2759 vituli,
2270 2706 2326 2749 et

742 2801 930 2855 arietis
967 2797 1450 2859 consummabant,
1506 2797 1623 2849 sive
1681 2794 2077 2848 consecrabant
2133 2807 2325 2844 manus

744 2908 902 2948 suas:
944 2892 1025 2945 sic
1050 2900 1105 2944 et
1129 2891 1245 2959 ipse
1271 2890 1494 2959 praprio
1525 2888 1792 2957 sanguine
1823 2901 1951 2940 suas
1979 2900 2172 2939 manus
2195 2900 2324 2939 con-

741 2987 981 3043 secravit
1010 2986 1124 3039 sive
1146 2984 1567 3039 consummavit.
1611 2984 1683 3034 De
1706 2996 1817 3050 quo
1840 2980 1918 3034 ait
1960 2980 2190 3033 Paulus:
2222 2977 2325 3043 Qui

742 3098 859 3135 tum
900 3089 1031 3133 esset
1061 3077 1254 3143 Filius,
1296 3077 1481 3130 didicit
1510 3093 1573 3129 ex
1595 3076 1673 3128 liis
1703 3091 1821 3145 qnw
1850 3091 2036 3143 passus
2065 3084 2161 3136 est,
2207 3074 2325 3125 obe-

2442 579 2825 649 ingredietur:
2855 581 3007 648 quia,
3044 582 3149 633 etsi
3183 582 3430 634 omnium
3479 595 3710 651 peccata
3768 592 4037 653 portatu.

2434 680 2815 725 verumtamen
2848 672 3167 740 impollutus
3202 682 3506 741 permanet,
3552 686 3607 727 et
3640 692 3747 727 nec
3792 682 4035 745 gentium

2433 762 2679 831 peccatis
2729 760 3020 829 polluitur.
3065 760 3139 814 De
3175 762 3263 815 his
3319 763 3468 815 enim
3521 765 3847 817 secundum
3904 766 4035 819 L.\X

2433 854 2582 906 omni
2637 852 2836 906 anima:
2866 862 3118 915 mortuae,
3148 863 3339 923 utpote
3363 863 3558 907 contra
3620 871 3835 910 omnes
3870 859 4033 911 enus:

2436 947 2716 1015 impietate
2737 955 2795 1000 et
2834 946 3144 1000 idololatria
3173 947 3399 1021 dicitur.

2504 1039 2573 1093 Et
2605 1056 2697 1092 nec
2723 1055 2878 1104 super
2915 1049 3068 1105 patre
3089 1050 3139 1092 et
3161 1050 3353 1091 matre.
3389 1039 3567 1109 Super
3589 1042 3876 1109 populum
3902 1045 4039 1095 vide.

2435 1130 2568 1184 licet
2604 1130 2947 1191 Iudaeorum,
2986 1148 3051 1183 ex
3079 1132 3283 1199 quibus
3312 1143 3397 1185 est
3448 1135 3764 1186 secundum
3796 1151 4039 1193 carnem,

2434 1232 2490 1277 et
2522 1234 2811 1292 propterea
2844 1224 3159 1293 appellatur
3192 1227 3312 1293 ejus
3344 1235 3500 1295 pater
3521 1239 3578 1280 ct
3602 1238 3830 1280 mater:

2507 1314 2997 1377 Contaminabitnr,
3047 1333 3139 1368 nec
3183 1318 3249 1367 de
3291 1319 3489 1369 sanctis
3546 1321 3891 1387 egredietur.
3942 1320 4035 1371 Elui

2434 1408 2821 1476 peccatoribus
2837 1410 3281 1463 condescendere
3313 1410 3496 1479 elegit.
3533 1423 3846 1479 permanet
3866 1423 4035 1465 tanien

2433 1510 2680 1565 sanctus,
2711 1501 2851 1554 etin
2884 1502 3092 1555 sanctis
3124 1503 3441 1570 requiescit,
3467 1513 3522 1557 et
3562 1522 3593 1556 a
3626 1507 3861 1558 sanctis
3888 1508 3979 1572 qui
4000 1522 4039 1557 :n

2434 1593 2575 1646 ccelo
2627 1602 2760 1646 sunt
2808 1594 3016 1663 angelis
3046 1593 3442 1647 circumdatur.
3506 1596 3615 1649 Sed
3666 1612 3779 1651 nec
3842 1600 4040 1666 poilnet

2435 1686 2815 1739 Sanctuarium
2842 1686 3080 1748 Domini,
3121 1686 3251 1755 quia
3288 1687 3471 1740 oleum
3500 1700 3717 1743 sanch
3762 1692 4038 1743 unctionis

2436 1776 2532 1828 Dei
2565 1776 2651 1829 sui
2679 1792 2851 1846 super
2876 1792 2944 1831 eo
2988 1785 3095 1831 est.
3157 1778 3302 1849 Ergo
3339 1780 3442 1832 etsi
3477 1780 3687 1834 videris
3736 1797 3879 1835 eum
3928 1798 4038 1834 cura

2440 1868 2777 1936 publicanis,
2842 1877 2899 1922 et
2950 1884 3075 1922 cum
3136 1870 3519 1924 meretricibus
3577 1884 4036 1933 conversantem.

2431 1960 2706 2015 dicentem
2737 1962 3164 2031 peccatoribus:
3211 1963 3332 2016 Non
3360 1966 3478 2017 veni
3508 1968 3927 2034 tocurejrtstos,
3962 1970 4037 2020 sed

2431 2065 2733 2123 peccatores
2768 2056 2822 2107 in
2855 2057 3300 2122 paenitentiam",
3334 2066 3517 2110 tamen
3548 2058 3603 2110 in
3634 2060 3799 2112 nullo
3846 2062 4036 2114 borum

2430 2148 2921 2211 contaminabitur,
2959 2150 3192 2205 actionis
3243 2150 3392 2205 enim
3422 2166 3614 2205 eorum
3644 2154 3817 2209 mala:
3874 2156 4035 2222 parii-

2431 2250 2563 2306 ceps
2593 2252 2705 2291 non
2735 2236 2990 2291 eﬂicitur.

2506 2328 2651 2383 Unde
2676 2344 2779 2379 non
2812 2328 3000 2395 polluit
3030 2330 3398 2381 sanctuarium
3434 2328 3545 2384 Dei.
3598 2332 3654 2387 Id
3674 2346 3790 2399 est,
3859 2335 4034 2406 Spiri-

2430 2429 2545 2473 tum
2566 2428 2840 2484 sanctum,
2881 2420 2949 2474 de
2989 2421 3111 2490 ipso
3142 2424 3290 2475 enim
3321 2421 3397 2475 ait
3439 2440 3451 2474 :
3508 2422 3650 2488 Quia
3690 2428 3879 2481 oleum
3925 2448 4037 2482 sau-

2430 2522 2527 2566 cta'
2550 2515 2811 2566 unctionis
2838 2513 2935 2567 Dei
2967 2515 3051 2567 sui
3084 2532 3243 2581 super
3290 2533 3368 2568 eo.
3399 2514 3767 2573 Concordans
3808 2531 3865 2574 et
3928 2524 4033 2592 ipse

2428 2606 2495 2659 de
2519 2605 2741 2660 Christo
2770 2606 2929 2661 Isaiae.
2954 2607 3135 2660 verbis
3161 2625 3176 2661 :
3208 2605 3441 2675 Spiritus
3482 2609 3701 2663 Domini
3737 2629 3909 2680 super
3940 2632 4034 2674 me,

2428 2708 2643 2768 prapter
2669 2700 2811 2766 quod
2835 2700 2989 2753 mit
3014 2716 3093 2751 me
3112 2700 3177 2763 ",
3205 2699 3443 2768 Spiritus
3472 2709 3662 2754 atttem
3692 2704 3963 2771 pollutio,
3988 2708 4031 2759 id

2429 2801 2534 2852 est,
2572 2791 2777 2860 injuria
2813 2798 2869 2843 et
2894 2790 3259 2851 contristatio,
3310 2802 3397 2845 est
3431 2793 3613 2845 omnis
3664 2798 3887 2862 peccati
3928 2798 4036 2864 pul-

2429 2882 2587 2947 lntio,
2608 2891 2831 2951 propter
2855 2882 3005 2951 quod
3038 2892 3091 2936 et
3116 2882 3317 2936 Paulus
3364 2899 3395 2936 a
3444 2886 3691 2952 peccatis
3743 2888 4034 2941 abstinen-

2428 2975 2559 3028 tiam
2583 2976 2789 3027 docens
2818 2974 3035 3028 dicebat
3091 2997 3103 3030 :
3177 2975 3358 3029 Nolite
3391 2978 3712 3031 contristare
3770 2978 4034 3050 Spiritus

2429 3076 2672 3118 sanctum
2698 3066 2878 3130 Dci,in
2892 3084 2993 3134 quo
3008 3069 3203 3134 signati
3221 3070 3343 3121 estis
3362 3070 3417 3121 in
3428 3071 3512 3123 die
3528 3072 3924 3140 redemptionis
3974 3067 4033 3125 ⁸³.

742 3174 1016 3229 clientium.
1053 3181 1099 3224 et
1131 3178 1519 3223 consummatus
1551 3169 1722 3238 {actus
1747 3176 1820 3219 est
1868 3167 2105 3219 omnibus
2128 3167 2325 3218 obtem-
2352 3175 2396 3231 ο
2430 3159 2523 3213 Sic
2569 3160 2639 3213 de
2687 3161 2927 3212 maximo
2975 3161 3265 3214 sacerdote
3324 3176 3435 3214 non
3494 3162 3675 3216 solum
3724 3165 4036 3233 prmeedetb

740 3266 1049 3335 perantisz
1086 3263 1203 3321 sibi,
1263 3278 1423 3314 causa
1473 3260 1661 3313 salutis
1705 3269 1912 3312 a'terme
1964 3258 2259 3325 appellatus
2292 3276 2325 3310 α

745 3355 849 3408 Deo
912 3353 1172 3421 Pontifex,
1222 3352 1381 3418 juxta
1446 3351 1682 3402 Ordinem
1747 3348 2113 3400 Melchisedech
2146 3349 2210 3401 ³⁷.
2264 3348 2328 3400 lit

747 3463 971 3500 rursus:
1025 3445 1244 3495 ln'crbat
1280 3444 1416 3494 enim
1438 3430 1589 3496 'cmn.
1630 3450 1840 3504 praplcr
1870 3456 2019 3505 quem
2056 3444 2253 3499 omnia,
2278 3452 2325 3491 ct

742 3556 835 3609 per
860 3555 1011 3602 quem
1042 3537 1243 3594 omnin,
1276 3537 1399 3602 quia
1441 3535 1631 3585 multos
1658 3534 1792 3599 [Νέας
1829 3534 1882 3583 in
1917 3533 2138 3600 giarium
2160 3536 2328 3583 ιιςίςιη-

741 3639 911 3692 ιτεναι,
954 3638 1221 3680 auctorem
1257 3628 1445 3679 salutis
1489 3641 1669 3676 eorum
1716 3641 1808 3691 per
1860 3626 2155 3691 passionem
2209 3641 2329 3675 con-

741 3736 1010 3773 summare
1030 3718 1097 3768 ³⁸.
1137 3718 1235 3769 llic
1258 3727 1312 3769 et
1348 3716 1689 3769 vestimentis
1719 3716 1823 3768 illis
1855 3716 2078 3768 indutus
2100 3725 2182 3769 est
2206 3731 2328 3783 qua:

748 3810 913 3865 David
990 3812 1045 3863 in
1108 3810 1338 3862 Psalmis
1400 3809 1693 3860 cantabat:
1756 3807 2009 3859 Dominus
2053 3810 2325 3877 regnarit,

743 3905 980 3957 decorem
1002 3902 1194 3965 induit,
1225 3900 1399 3952 induit
1426 3899 1680 3951 Dominus
1708 3899 2091 3968 fortitudinem,
2116 3911 2163 3952 et
2194 3916 2328 3966 prce-

742 3997 905 4049 cinzrit
937 4012 992 4047 se
1032 3992 1309 4046 virtute".
1356 3991 1455 4045 llic
1488 3999 1654 4060 caput
1690 4006 1853 4045 suum
1885 4006 1996 4045 non
2039 3991 2327 4060 discoope-

742 4089 871 4151 ruit,
900 4102 1004 4141 nec
1033 4086 1366 4139 vestimenta
1397 4098 1496 4138 sua
1528 4082 1792 4137 concidit.
1815 4082 1994 4153 Caput
2028 4098 2188 4136 suum
2215 4098 2325 4137 non

740 4179 1147 4248 discooperuit,
1214 4177 1340 4246 quia
1388 4192 1418 4229 a
1474 4174 1635 4230 Patre
1684 4190 1807 4241 suo,
1860 4176 1953 4245 qui
1998 4176 2120 4245 ejus
2163 4188 2329 4245 caput

742 4272 1072 4342 appellatur,
1106 4286 1208 4324 nec
1240 4269 1528 4339 pas~iones
1558 4270 1739 4323 carnis
1767 4270 2049 4322 sustinens
2100 4283 2327 4336 separa-

742 4376 850 4417 tur.
878 4362 985 4417 Sed
1008 4377 1109 4416 nec
1141 4364 1469 4416 vestimenta
1493 4360 1787 4424 conscidit,
1823 4360 1875 4414 id
1910 4370 1995 4415 est
2021 4360 2235 4414 carnis:
2262 4375 2327 4413 es

742 4473 851 4524 quo
890 4456 1037 4510 etiim
1096 4455 1321 4509 verbum
1369 4468 1499 4508 caro
1557 4454 1761 4508 factum
1820 4462 1926 4515 est,
1978 4454 2120 4507 inest
2178 4462 2325 4506 totus

2429 3253 2504 3306 tia
2541 3252 2829 3323 intelliges,
2848 3254 2942 3306 sed
2965 3255 3449 3323 etsubsequentia.
3472 3254 3584 3309 Nec
3617 3258 3780 3311 enim
3822 3259 4035 3312 incom-

2432 3346 2730 3413 patiu-ntem
2758 3346 3050 3414 quemdam
3085 3356 3140 3399 et
3171 3346 3597 3400 immansuetum
3625 3363 3786 3411 eum,
3810 3352 3913 3419 qui
3933 3351 4035 3419 pri-

2432 3453 2555 3491 unus
2608 3440 2868 3492 sacerdos
2903 3446 3020 3501 est,
3082 3438 3362 3507 legislator
3408 3439 3557 3502 vult,
3600 3448 3661 3492 ut
3702 3436 3786 3493 Μ
3833 3442 4037 3495 nullum

2433 3540 2710 3586 mortuum
2762 3530 3005 3590 accedat.
3070 3532 3165 3586 sed
3190 3532 3423 3584 suadere
3467 3531 3628 3585 nobis
3685 3533 3840 3596 vult,
3925 3536 4039 3603 quia

2432 3632 2578 3675 tanta
2640 3622 3021 3684 sanctificatio.
3067 3640 3174 3692 qua
3230 3625 3477 3692 pontifex
3512 3624 3667 3679 indui
3691 3625 3938 3692 dicitur,
3982 3630 4040 3682 de

2431 3721 2772 3771 mertuorum
2798 3712 3006 3771 visione
3024 3714 3382 3781 pollueretur.

2512 3804 2671 3858 Vsus.
2716 3807 2907 3859 15-15.
2960 3826 2979 3856 ι
3031 3806 3141 3877 Ego
3206 3807 3488 3871 Dominus,
3548 3810 3833 3879 virginem
3886 3813 4039 3867 ducet

2433 3914 2678 3961 uxorem,
2708 3898 2928 3953 viduam
2972 3908 3027 3953 et
3062 3900 3401 3968 repudiatam
3429 3910 3486 3954 ct
3516 3903 3812 3959 sordidam
3882 3918 4038 3976 atque

2432 3992 2777 4047 meretricem
2809 4007 2919 4048 non
2942 3992 3129 4052 ducet.
3162 3994 3256 4049 sed
3305 3995 3541 4063 puellam
3567 3995 3637 4049 de
3678 3999 3903 4067 populo
3948 4015 4051 4052 suo.

2431 4098 2501 4137 ne
2531 4086 2884 4140 commiscent
2905 4086 3133 4155 stirpem
3169 4087 3385 4155 generis
3416 4089 3501 4141 sui
3539 4090 3707 4159 vulgo
3727 4094 3887 4161 genti
3908 4110 4033 4153 sum.

2430 4175 2558 4242 quia
2589 4190 2691 4246 ego
2716 4176 2982 4233 Dominus
3004 4178 3098 4245 qui
3117 4178 3402 4233 sanctith
3423 4195 3571 4233 eum.
3608 4200 3626 4230 ι

2504 4267 2758 4336 Seipsum
2779 4283 2902 4323 esse
2936 4270 3324 4339 legislatorem,
3364 4281 3418 4325 et
3458 4273 3815 4341 impletoretn
3882 4275 4033 4345 hujus

2432 4360 2728 4412 sanctionis
2750 4360 2987 4413 maxime
3021 4364 3336 4417 ostendens.
3378 4364 3487 4431 ligo
3524 4365 3792 4418 Dominus
3849 4384 4032 4423 neces-

2432 4452 2577 4505 sarie
2612 4452 2842 4513 addidit,
2868 4454 3047 4521 qualis
3068 4464 3273 4517 autem,
3310 4456 3789 4525 subsequentibus
3818 4464 4030 4519 edocui:

743 4565 857 4603 sum
879 4550 1053 4610 carni,
1086 4558 1141 4601 et
1175 4563 1456 4617 nunquam
1487 4547 1557 4600 ab
1583 4562 1668 4606 ea,
1712 4562 1815 4599 nec
1855 4561 1884 4598 a
1913 4544 2195 4604 cruciﬁxa.
2220 4560 2321 4597 nec
2357 4526 2398 4579 ι)
2433 4543 2630 4596 verbis.

746 4658 775 4695 a
822 4641 1055 4710 sepulta,
1111 4656 1213 4695 nec
1281 4640 1428 4693 aliud
1473 4639 1751 4709 quodlibet
1804 4653 2001 4707 passa,
2058 4638 2204 4706 quod
2264 4638 2330 4690 ad

746 4742 997 4785 naturam
1020 4742 1264 4785 nostram
1298 4732 1557 4800 pertinet,
1584 4746 1643 4784 se
1679 4730 1932 4784 abscidit.

817 4823 880 4875 Et
930 4824 1000 4875 ad
1037 4839 1190 4875 omne
1241 4832 1508 4875 mortuum
1552 4836 1654 4873 non
1706 4820 2046 4889 ingredietur.
2105 4819 2331 4872 Omnino

741 4929 896 4978 super
920 4922 1071 4980 patre
1096 4928 1300 4982 quoque
1320 4928 1413 4964 suo
1448 4920 1495 4962 et
1530 4920 1701 4963 matre
1735 4926 1837 4962 non
1857 4910 2325 4963 contaminubitur.

744 5006 882 5061 LXX
906 5020 1087 5061 autem
1113 5008 1336 5061 dicunt:
1372 5005 1541 5073 Super
1570 5022 1775 5058 onsncm
1797 5008 2033 5057 animam
2062 5015 2327 5057 mortuam

742 5118 845 5153 non
876 5101 1221 5169 ingredietur.
1270 5099 1555 5163 Quomodo
1597 5107 1781 5151 autem
1835 5098 2017 5150 anima
2072 5097 2323 5157 moritur.

741 5208 865 5246 cum
934 5192 1004 5245 sit
1061 5191 1283 5244 condita
1352 5188 1725 5243 immortalis?
1795 5186 1932 5240 Audi
1999 5189 2327 5255 prophetam

742 5284 1050 5335 dicentem:
1088 5282 1279 5333 Anima
1314 5297 1431 5350 qua:
1480 5281 1792 5347 peccaverit,
1832 5281 1947 5346 ipsa
1978 5280 2322 5341 morietur",

742 5374 1047 5444 impietatis
1075 5374 1262 5443 utique
1288 5383 1484 5436 morte,
1512 5374 1581 5426 ha
1599 5388 1628 5426 c
1647 5383 1729 5426 est
1759 5372 1908 5425 enim
1935 5372 2130 5425 anima:
2155 5387 2324 5433 mors,

738 5483 903 5537 quam
934 5466 1175 5521 maxime
1215 5477 1406 5537 gentes
1443 5482 1616 5536 passm
1665 5475 1816 5527 sunt,
1848 5480 1971 5534 qua:
2003 5480 2107 5519 nec
2150 5465 2324 5535 legem

745 5560 859 5623 Dei,
902 5574 1003 5613 nec
1035 5559 1193 5612 aliam
1240 5560 1361 5625 ejus
1412 5558 1697 5612 scientiam
1760 5558 2092 5610 habuerunt.
2146 5554 2327 5626 Super

819 5764 866 5795 ⁵⁸
892 5763 1033 5819 Psal.
1056 5783 1202 5831 xuv,
1248 5766 1299 5830 7,
1334 5764 1386 5821 8.

746 5851 794 5900 ι’,
829 5835 915 5889 52.
981 5841 1024 5869 δ’
1059 5837 1157 5892 lsa.
1190 5853 1299 5903 ut,
1340 5838 1363 5890 ί
1392 5854 1407 5905 ;
1436 5837 1565 5893 Luc.
1603 5854 1674 5904 iv,
1714 5838 1796 5891 18.
1873 5840 1917 5870 ⁸³
1942 5840 2143 5909 Ephes.
2174 5857 2246 5907 tv,
2280 5842 2369 5897 50.

1466 5768 1507 5798 ³⁷
1540 5765 1705 5821 llebr.
1749 5783 1802 5831 v,
1838 5767 1892 5831 8,
1924 5768 1977 5823 9.
2039 5770 2083 5801 ³⁸
2118 5769 2284 5824 Hebr.
2316 5787 2377 5837 tt,
2410 5772 2495 5825 l0.

2510 4634 2777 4704 Virginem
2826 4644 2977 4689 ducet
3008 4653 3227 4691 uxorem
3275 4640 3341 4691 de
3361 4641 3554 4713 populo
3604 4658 3723 4697 suo.
3756 4646 3919 4711 Sive,
3980 4662 4027 4701 ut

2432 4726 2594 4789 LXX,
2613 4729 2677 4780 de
2701 4744 2888 4797 genere
2908 4745 3021 4789 suo,
3052 4730 3179 4797 quia
3210 4744 3385 4799 genus
3416 4734 3615 4788 Christi
3649 4748 3889 4806 propter
3914 4759 4026 4795 car—

2430 4834 2556 4873 nem
2585 4835 2748 4873 omne
2768 4821 3051 4875 hominum
3070 4839 3241 4891 genus
3267 4840 3412 4887 esse,
3438 4827 3666 4882 cuilibet
3692 4843 3918 4887 certum
3934 4846 4025 4891 est.

2434 4912 2523 4964 hic
2554 4927 2622 4966 ex
2656 4913 2757 4965 hac
2788 4930 3015 4967 uxorem
3048 4916 3333 4980 virginem,
3368 4918 3423 4971 id
3467 4928 3572 4983 est,
3605 4920 3926 4979 Ecclesiam
3980 4929 4026 4979 in

2429 5018 2554 5056 eum
2595 5004 2937 5059 credentium
2967 5006 3142 5068 duxit,
3165 5009 3232 5063 de
3266 5025 3372 5078 qua
3399 5009 3602 5067 Paulus
3629 5000 3863 5072 dicebat
3893 5039 3906 5072 :
3935 5020 4027 5073 De-

2427 5098 2616 5163 spondi
2647 5114 2733 5149 υοις
2765 5100 2856 5149 uni
2897 5100 3007 5151 riro
3034 5100 3289 5170 virginem
3310 5083 3523 5157 castam
3568 5107 3825 5163 exhibere
3885 5112 4025 5168 (λθτί-

2426 5197 2504 5239 sto
2536 5191 2599 5240 “.

2505 5284 2728 5338 Viduam
2759 5296 2807 5339 et
2829 5290 3168 5355 repudiatam
3185 5299 3235 5343 et
3266 5294 3558 5357 sordidam,
3639 5308 3813 5367 atque
3873 5318 4020 5353 mere

2435 5377 2619 5429 tricem
2650 5393 2755 5431 non
2784 5381 2957 5433 ducet.
2994 5382 3310 5437 Judmorum
3344 5385 3687 5458 Synagogam
3721 5391 3951 5446 viduam
3979 5394 4023 5445 in

2434 5473 2723 5541 prophetis
2792 5476 3121 5545 appellatam
3183 5480 3458 5545 novimus,
3510 5482 3577 5536 ad
3615 5499 3789 5553 quam
3853 5489 4020 5541 dixit:

2437 5563 2667 5619 Tonderc
2689 5578 2737 5621 et
2768 5571 2939 5639 gaude
2962 5587 3119 5638 super
3144 5572 3281 5639 ﬁlios
3308 5583 3424 5627 tuos
3469 5584 3698 5642 teneros,
3751 5581 3930 5634 di!ata
3966 5581 4023 5633 ri.

2579 5770 2622 5801 ³⁸
2649 5770 2787 5826 Psal.
2816 5789 2946 5839 cxn,
2982 5774 3032 5827 l.
3091 5774 3137 5805 “
3162 5774 3365 5833 Ezech.
3388 5792 3543 5841 xvm,
3572 5777 3664 5834 20.

2445 5843 2491 5873 “
2515 5841 2560 5896 11
2585 5842 2710 5897 Cor.
2746 5860 2817 5907 χι,
2842 5846 2895 5898 2.

3759 5782 3804 5813 δ’
3842 5781 4023 5838 Matth.
