4158 6450
110 456 249 523 1061

1254 452 1332 509 1N
1379 448 1812 512 LEVITICUM.
1849 472 1913 479 ——
1944 433 2107 502 ’t.tn.
2149 444 2248 503 vt.

3255 444 3393 513 106!

109 574 375 633 duitatcm
403 579 549 623 luam
579 570 710 621 sicut
735 565 924 628 Aquila
963 565 1026 616 ".
1060 562 1164 619 Sed
1198 562 1348 619 etde
1376 563 1575 632 populo
1607 562 1701 613 Jn-
1736 571 1773 620 Λ
1812 560 1903 626 qui
1927 556 2233 609 oﬁ‘erunmr
2262 556 2313 607 in
2347 556 2673 619 sanctuario,
2715 556 2785 614 ita
2814 557 3097 622 duntaxat,
3136 565 3194 610 ut
3247 560 3388 613 intra

108 663 382 723 «lucorum,
468 660 580 711 sive
630 656 912 726 proditore
951 652 1108 715 Juda,
1167 653 1475 705 communis
1554 652 1697 704 enim

106 766 308 802 eorum
351 760 433 801 est
468 747 746 815 iniquitas,
780 744 910 799 dicit
942 761 955 795 :
984 743 1143 796 Fiant
1164 742 1264 811 ﬁlii
1296 743 1410 811 ejus
1454 742 1695 812 orp‘hani,

108 853 164 895 (Ἰ
190 858 321 895 uxor
349 841 461 909 ejus
491 841 647 893 ritltta
677 840 742 902 ⁸⁸,
795 838 969 906 ipsam
1025 844 1207 888 autent
1262 835 1601 904 repudiatam
1647 840 1702 886 et

108 935 338 989 viduam
369 933 669 987 secundum
694 946 757 984 ca
779 945 898 998 qua:
916 935 1045 981 ante
1082 926 1363 997 paululum
1400 927 1542 979 dicta
1573 935 1702 979 sunt

105 1025 492 1093 intelligimus.
530 1020 830 1090 Repudiata
870 1028 954 1074 est
1009 1019 1155 1071 enim
1187 1034 1217 1070 a
1272 1018 1365 1070 Dei
1417 1018 1699 1080 societate,

107 1131 243 1169 cum
272 1116 434 1169 idolis
472 1113 769 1175 fornicans,
796 1120 1017 1181 propter
1034 1110 1178 1179 quod
1212 1125 1332 1163 eam
1367 1110 1419 1163 in
1448 1111 1703 1179 conjugio

106 1207 375 1276 accipere
409 1220 519 1258 non
543 1204 767 1273 patitur,
788 1212 846 1255 ut
901 1201 1170 1271 intelligas
1208 1202 1333 1271 quia
1393 1216 1513 1254 cam
1574 1215 1704 1253 con-

108 1298 653 1364 versationcm,qn;e
686 1294 740 1347 in
772 1292 983 1345 umbris
1035 1301 1088 1344 ct
1145 1291 1332 1361 ﬁguris
1381 1291 1704 1359 est-prohi-

114 1391 266 1451 lzuit,
290 1398 344 1443 et
376 1389 431 1441 in
458 1388 608 1441 nullo
632 1387 681 1440 ei
715 1384 1125 1439 communicare
1194 1387 1307 1435 vult
1357 1384 1477 1444 hos,
1509 1384 1601 1452 qui
1653 1384 1702 1437 ei

120 1488 571 1553 exspectantper
605 1478 771 1532 \ilam
802 1478 1022 1540 bonam,
1078 1476 1353 1543 ﬁdemque
1403 1475 1699 1529 coltzcrerc.

119 1574 288 1627 Unde
330 1589 453 1627 cum
510 1571 677 1625 semel
734 1569 957 1623 dixisset
999 1584 1013 1622 :
1073 1566 1314 1620 Puellam
1344 1567 1595 1636 virginem
1644 1568 1706 1619 de

110 1666 312 1735 papula
344 1681 456 1725 suo,
490 1664 596 1715 sive
619 1675 804 1730 genere
825 1676 922 1712 suo
973 1659 1218 1727 accipiet,
1258 1672 1364 1711 non
1412 1664 1705 1711 contentus

113 1760 242 1820 l'uit,
266 1756 536 1810 subdidit:
579 1754 824 1816 Viduam,
859 1752 1249 1805 etmerctricem
1288 1760 1337 1803 et
1368 1750 1703 1818 repudiatam

112 1868 223 1902 ron
252 1850 489 1918 accipiet.
524 1846 837 1901 Secundum
870 1843 1012 1898 LXX
1046 1852 1229 1897 autem
1262 1861 1274 1896 :
1330 1842 1592 1912 Virginem
1641 1844 1704 1895 de

114 1960 311 2013 genere
335 1958 428 1994 suo
454 1940 694 2008 accipiet,
727 1948 784 1992 ut
804 1938 1038 2008 primum
1064 1937 1197 1989 illud
1221 1934 1440 2005 quidem
1462 1936 1529 1989 de
1552 1935 1701 1989 omni

114 2037 393 2105 intelligas
420 2033 673 2087 Ecclesiae
690 2047 919 2101 corpore
965 2045 980 2080 :
1033 2030 1136 2083 hoc
1171 2040 1353 2083 autem
1377 2029 1701 2087 secundum.

115 2129 191 2181 de
217 2127 398 2180 anima
430 2124 600 2177 otnui.
639 2123 1108 2189 Quemadmodum
1142 2122 1290 2176 enim
1351 2121 1583 2175 societas
1639 2122 1702 2175 lio

114 2221 343 2280 tielium.
384 2219 461 2272 sic
483 2228 536 2271 et
560 2217 741 2270 anima
789 2216 1221 2284 uniuscujusque
1252 2229 1457 2283 sponsa
1498 2215 1617 2280 Dei,
1649 2226 1704 2269 et

117 2314 380 2368 liet‘lcsi'u
436 2321 535 2365 est.
593 2312 701 2364 Cur
780 2317 963 2363 autem
1007 2308 1393 2377 desponsatam
1445 2308 1546 2362 sibi
1592 2325 1701 2361 non

117 2408 237 2460 vult
274 2406 593 2475 participem
647 2402 760 2455 ﬁeri
811 2400 1056 2454 iudaice:
1108 2400 1532 2464 conversationi,
1589 2400 1704 2469 ipse

116 2499 396 2552 subinimt
430 2514 443 2550 ε

192 2593 270 2647 Ne
296 2588 1209 2656 comnzisceatstirpemgenerissui.
1280 2586 1473 2658 Vulgo,
1530 2586 1704 2656 gentis

117 2699 255 2737 suat.
284 2681 425 2735 LXX
466 2690 686 2734 autem:
721 2678 906 2731 Etnon
935 2678 1238 2747 profanabit
1290 2693 1467 2730 semen
1511 2677 1564 2728 in
1610 2692 1702 2743 po-

118 2778 245 2845 pulo
263 2792 375 2829 suo.
405 2774 543 2844 Ergo
576 2771 879 2842 prolanatio
914 2769 1152 2824 ﬁdelium
1179 2777 1284 2829 est,
1331 2769 1387 2821 hi
1416 2768 1707 2821 enimsunt

118 2883 309 2921 semen
335 2874 386 2919 et
416 2864 567 2934 plebs
612 2861 779 2916 nostri
825 2859 1137 2923 sacerdotis,
1176 2857 1415 2911 Judaicis
1463 2856 1707 2910 moribus

119 2959 335 3013 sociati.
365 2958 430 3011 Et
466 2963 751 3025 prapterca
777 2952 977 3005 Paulus
998 2952 1213 3005 dicebat
1245 2963 1255 2996 ε
1300 2948 1559 3001 Evacuati
1586 2950 1706 3001 estis

118 3053 343 3115 Christo,
363 3050 450 3119 qui
473 3050 524 3101 in
545 3047 652 3117 lege
672 3045 1063 3115 justiﬁcamini,
1095 3060 1126 3096 α
1157 3042 1331 3113 gratia
1363 3041 1729 3121 cxcidistis‘iu

124 3146 220 3199 llis
246 3143 505 3197 subdidit.

196 3237 306 3307 Ego
334 3235 588 3288 Dominus
615 3234 703 3303 qui
728 3230 997 3299 sanctifico
1051 3245 1189 3282 eum.
1234 3227 1289 3281 ιιι
1321 3235 1424 3293 est,
1454 3235 1705 3295 propter-
1734 3256 1772 3308 ρ

122 3346 187 3383 ca
216 3344 354 3396 Opus
394 3342 501 3378 non
535 3326 697 3378 habet
745 3323 877 3393 legis
910 3322 1128 3391 ﬁguras.
1168 3336 1269 3374 nec
1297 3320 1702 3383 sacrilicia,uec

124 3420 555 3492 puriﬁcationes,
589 3417 846 3486 quoniam
898 3428 1000 3484 ego
1039 3413 1301 3466 Dominus
1322 3428 1422 3481 pro
1452 3412 1706 3466 omnibus

127 3517 236 3569 illis
268 3524 322 3569 et
360 3511 682 3566 sacriﬁcium
714 3508 937 3571 el'ﬁcior,
965 3517 1020 3561 et
1079 3504 1418 3576 puriﬁcatio;
1447 3513 1501 3557 et
1530 3504 1703 3571 quod-

126 3623 343 3675 cunque
373 3602 573 3659 dixeris
599 3602 871 3672 pertinere
912 3597 976 3651 ad
1008 3598 1168 3650 aliam
1200 3594 1704 3649 sanctiﬁcatiouem.

127 3699 229 3766 Qui
263 3707 464 3760 autem,
499 3693 718 3763 quando
752 3691 947 3751 vidum,
978 3697 1035 3742 et
1073 3685 1398 3747 meretricis,
1457 3694 1510 3737 et
1544 3699 1707 3753 repu-

128 3792 287 3844 diata:
314 3786 645 3841 mentionem
674 3781 822 3844 fecit,
875 3781 995 3843 has,
1042 3777 1237 3847 inquit,
1291 3792 1402 3829 non
1455 3774 1704 3844 accipiet,

127 3883 360 3937 dicimus
389 3879 559 3933 ethoc
588 3876 656 3930 de
699 3873 1081 3929 hatreticorum
1104 3868 1503 3938 conventiculis
1542 3867 1703 3937 legis-

132 3978 355 4028 latorem
416 3968 617 4023 dixisse
649 3985 659 4018 :
696 3966 927 4019 viduata:
969 3960 1264 4015 suntenim
1300 3959 1394 4013 Dei
1456 3959 1706 4021 scientia,

129 4073 352 4136 propter
372 4059 511 4131 quod
541 4068 594 4112 ct
617 4075 644 4111 a
676 4057 890 4127 piorum
925 4051 1309 4107 communione
1328 4051 1536 4120 expulsi
1558 4060 1704 4117 sunt,

128 4160 226 4213 sed
258 4167 309 4211 ct
338 4155 677 4207 inruit-antur
740 4146 1056 4216 incongruis
1091 4154 1145 4199 et
1179 4144 1402 4198 nefariis
1440 4145 1709 4214 dogmati-

130 4257 253 4305 bus.
282 4250 423 4318 Ergo
456 4254 600 4299 recte
625 4242 840 4295 viduam
868 4238 1182 4310 praeposuit,
1224 4238 1518 4291 secundum
1548 4251 1707 4305 repu-

126 4347 356 4400 diatam.
391 4338 606 4392 tertiam
630 4333 970 4387 meretricem
1000 4330 1245 4384 subdidit
1286 4329 1475 4382 harum
1501 4327 1708 4380 nullam

130 4437 236 4491 sibi
270 4432 528 4488 Dominus
562 4428 628 4482 ad
674 4426 988 4480 societatem
1027 4422 1195 4484 ducit,
1220 4430 1280 4475 ut
1308 4434 1417 4473 non
1467 4418 1710 4487 polluant

132 4531 371 4584 ﬁdelium
410 4539 619 4581 semen,
652 4520 776 4590 quia
827 4525 1164 4586 corrumpunt
1212 4530 1378 4567 mores
1401 4514 1556 4565 bonos
1608 4512 1710 4564 col-

135 4622 310 4689 loquia
348 4618 489 4670 mala
528 4616 593 4667 ⁸³.

210 4710 366 4765 Vsus.
401 4707 586 4762 lli—9.5.
626 4724 642 4753 ι
680 4704 1024 4768 Locutusque
1062 4706 1147 4752 est
1173 4696 1437 4751 Dominus
1466 4695 1532 4748 ad
1569 4694 1712 4762 Moy-

132 4818 233 4857 sen
263 4802 469 4857 dicens.
502 4798 747 4865 Loquere
776 4792 842 4845 ad
870 4792 1050 4844 Aaron
1085 4805 1099 4844 :
1150 4786 1321 4841 [ionio
1376 4786 1445 4839 de
1502 4784 1711 4841 semine

131 4910 230 4952 tuo
263 4911 358 4965 per
399 4890 630 4946 familias
656 4888 747 4957 qui
791 4882 1041 4939 habuerit
1081 4879 1349 4933 maculam
1383 4892 1492 4930 non
1518 4876 1711 4930 offeret

138 5001 311 5059 panes
337 4982 566 5037 Domino
588 4978 700 5031 Deo
732 4991 830 5030 suo
860 4989 931 5027 ne
981 4971 1206 5025 accedat
1238 4968 1305 5022 ad
1342 4966 1707 5020 ministerium

137 5082 281 5150 ejus.
315 5076 371 5131 Si
392 5089 567 5130 cmcus
596 5070 777 5131 fuerit,
824 5067 869 5120 si
932 5064 1176 5127 claudus,
1248 5060 1361 5114 sive
1405 5073 1572 5127 parvo
1627 5059 1710 5111 vel

132 5149 346 5243 grandi,
376 5166 461 5221 vel
497 5172 638 5218 torto
672 5174 825 5221 naso,
860 5156 904 5210 si
936 5154 1108 5208 fracto
1144 5151 1286 5221 pede
1316 5149 1401 5203 vel
1435 5162 1619 5243 manu,
1665 5160 1709 5243 si

135 5238 353 5335 gibbus,
375 5261 421 5314 si
448 5261 647 5329 lippus,
686 5255 728 5309 si
760 5250 1070 5320 albuginem
1123 5243 1405 5298 habensin
1437 5240 1616 5335 oculo,
1665 5238 1709 5291 si

133 5331 317 5427 iugem
347 5352 604 5412 scabiem,
638 5348 680 5400 si
714 5342 1089 5414 impetiginem
1111 5338 1166 5390 in
1183 5348 1437 5427 corpore,
1460 5333 1546 5387 vel
1582 5331 1710 5427 iter-

136 5421 347 5499 niosus.
393 5440 580 5494 Umnis
622 5438 715 5505 qui
768 5431 1019 5489 habuerit
1070 5427 1338 5482 maculam
1382 5424 1449 5476 de
1502 5421 1708 5473 semine

138 5541 319 5590 Aaron
368 5530 687 5591 sacerdotis,
730 5541 839 5580 non
886 5522 1110 5577 accedet
1143 5518 1342 5573 oﬂ'erre
1362 5513 1569 5568 hostias
1608 5512 1711 5563 Do-

138 5629 311 5694 mino,
345 5642 446 5681 nec
465 5638 631 5695 panes
656 5622 764 5674 Deo
791 5634 911 5682 suo,
939 5622 1192 5670 vescctur
1224 5620 1407 5663 tamen
1453 5605 1707 5675 panibus,

731 5801 776 5831 ⁸⁸
805 5801 946 5854 Ρτειι.
995 5812 1145 5853 cvm.
1180 5794 1231 5846 9.

210 5811 253 5841 ⁸⁵
279 5808 436 5863 Mich.
464 5825 503 5869 ι,
542 5805 627 5856 16.
731 5805 776 5831 ⁸⁸
806 5805 946 5854 Ρεειι.
995 5812 1145 5853 cvttt,
1180 5805 1231 5846 υ.
1332 5805 1370 5822 "
1399 5805 1569 5843 halat.

211 5898 292 5927 tv.
322 5881 372 5927 8.
451 5879 490 5910 δι
529 5875 701 5927 lllee.
737 5886 847 5927 ut.
878 5872 926 5924 7.
1021 5869 1063 5898 ⁵³
1094 5865 1228 5919 Gen.
1271 5879 1455 5927 λιι-ιιι,
1487 5862 1569 5916 l0.

142 5898 293 5946 ειμι,
322 5881 372 5933 8.
451 5879 490 5910 ⁵¹
529 5875 701 5941 llleg.
737 5886 847 5936 xvr,
878 5872 926 5924 7.

1332 5792 1373 5822 ³⁵⁷
1399 5791 1570 5843 Calai.
1602 5806 1656 5846 γ,
1697 5785 1751 5835 υί-

1648 5858 1691 5887 ⁶³
1724 5850 1862 5906 l'sal.
1894 5864 2023 5913 xvn,
2062 5848 2143 5900 l6.

1805 650 1981 702 \elum
2014 664 2119 701 non
2150 647 2626 717 ingrcdiatur,nec
2652 650 2874 703 accedat
2921 649 2986 703 ad
3039 651 3228 716 altare,
3262 651 3389 720 quia

1806 740 2070 793 maculam
2101 739 2284 802 habet,
2314 750 2369 793 et
2408 741 2784 795 contaminare
2818 756 2927 795 non
2953 742 3114 796 debet
3137 753 3390 798 sanctua-

1806 828 1943 882 rium
1978 843 2181 891 meum,
2215 843 2317 897 ego
2353 828 2621 881 Dominus
2650 828 2744 897 qui
2776 829 3060 883 sanctiﬁeo
3096 846 3208 883 vos.
3258 850 3276 881 ι

1877 920 1932 972 Si
1958 920 2260 974 secundum
2297 919 2533 973 litteram
2574 919 2716 972 hanc
2769 919 3112 973 sanctionem
3140 922 3389 991 accipere

1805 1011 2163 1071 voluerimus,
2195 1012 2469 1079 quomodo
2523 1010 2850 1080 legislatoris
2897 1025 3017 1064 esse
3043 1012 3197 1080 juxta
3236 1014 3389 1067 vide-

1805 1101 2240 1155 bituriutentio?
2277 1101 2462 1170 Neque
2513 1102 2659 1154 enim
2704 1102 2983 1156 voluntate
3031 1117 3129 1157 sua
3163 1102 3390 1157 lancula:

1809 1191 2125 1245 hominibus
2158 1191 2440 1246 eveniunt.
2499 1189 2786 1256 Quomodo
2832 1208 2962 1263 ergo
3020 1209 3130 1248 non
3199 1194 3392 1249 incon-

1805 1300 1999 1355 gruum
2030 1294 2113 1337 est
2147 1284 2202 1337 in
2240 1285 2343 1342 his,
2376 1298 2497 1354 qua:
2514 1293 2709 1353 sponte
2739 1299 2849 1337 non
2903 1286 3073 1353 ﬁunt,
3123 1288 3384 1341 sacerdo-

1808 1385 1918 1429 tem
1941 1376 2007 1428 ab
2038 1374 2216 1429 ollieio
2248 1376 2459 1446 repelli.
2492 1374 2633 1441 Quid
2668 1385 2849 1429 autem
2879 1385 2933 1429 ct
2986 1377 3032 1431 si
3103 1377 3229 1446 quis
3287 1380 3390 1432 hoc

1810 1467 1987 1536 ipsum
2018 1468 2153 1533 legis
2181 1480 2518 1537 cognoscens
2574 1479 2943 1537 prarccptum,
2998 1470 3267 1524 sacerdoti
3303 1470 3415 1523 in-‘

1809 1562 2001 1615 videns
2021 1603 2033 1624 ,
2063 1561 2366 1613 membrum
2402 1559 2553 1629 ejus,
2581 1575 2803 1614 manum
2827 1604 2841 1626 ,
2890 1562 2976 1615 vel
3035 1562 3226 1631 pedem
3248 1605 3261 1627 ,
3295 1575 3391 1616 aut

1806 1654 2025 1707 oculum
2048 1694 2061 1711 ,
2084 1659 2178 1704 aut
2211 1651 2411 1719 aliquid
2443 1651 2589 1703 aliud
2611 1651 2882 1706 attriverit
2903 1694 2917 1716 ,
2946 1663 3041 1706 aut
3074 1653 3119 1707 si
3138 1670 3391 1725 pugnans

1807 1754 1993 1798 contra
2026 1744 2451 1813 alienigenas,et
2474 1758 2571 1811 pro
2595 1744 2799 1798 sanctis
2825 1744 2919 1799 Dei
2948 1754 3219 1813 armatus,
3246 1764 3389 1816 prae—

1807 1853 1925 1891 esse
1943 1838 2089 1891 enim
2114 1837 2268 1891 bellis
2295 1836 2605 1890 sacerdotes
2627 1837 2680 1890 in
2714 1837 3137 1894 Deuterouomio
3157 1840 3223 1893 δ’.
3239 1840 3389 1912 Moy~

1807 1945 1895 1983 ses
1927 1930 2218 1998 pint-cepit,
2262 1929 2463 1982 vulnus
2498 1928 2741 1997 accepit,
2778 1944 2844 1982 ex
2877 1946 2986 1999 quo
3017 1932 3275 2001 quaelibet
3338 1934 3387 1987 ei

1807 2037 1872 2075 ex
1904 2021 2423 2091 prmdiclismaculis
2456 2022 2731 2085 eveniret,
2789 2031 3020 2091 putasne
3055 2023 3251 2095 dignus
3271 2034 3390 2080 erat

1808 2123 2030 2183 propter
2064 2114 2165 2169 hoc
2193 2114 2260 2168 de
2291 2113 2593 2168 sacerdotio
2624 2116 2993 2169 rcmoveri?ln
3015 2125 3225 2171 tantum
3240 2121 3386 2173 enim

1808 2222 1917 2259 non
1968 2214 2096 2259 sunt
2143 2221 2431 2275 corporum
2462 2205 2688 2259 macula:
2741 2206 3135 2262 abominabiles
3165 2208 3294 2271 Dco,
3329 2220 3388 2264 ut

1808 2299 2097 2351 Dominum
2155 2298 2465 2351 illuminare
2516 2312 2695 2351 cazcos
2732 2298 2903 2352 David
2961 2299 3264 2353 diceret”.
3328 2300 3383 2355 Si

1806 2388 2272 2458 pulchritudinem
2311 2404 2420 2443 non
2451 2388 2634 2458 elegit,
2693 2403 2792 2442 nec
2836 2388 3116 2443 robustum
3163 2404 3384 2459 corpus,

1807 2496 1908 2533 nec
1938 2480 2081 2549 quod
2106 2478 2476 2533 videturbene
2524 2478 2783 2547 positum,
2836 2488 2897 2531 ut
2946 2479 3014 2532 ad
3074 2478 3383 2534 Samuelem
3458 2522 3461 2525 η

1805 2572 2011 2625 diceret
2057 2573 2124 2625 de
2156 2572 2363 2641 majore
2423 2570 2534 2624 ﬁlio
2576 2567 2748 2634 Jesse,
2818 2570 2940 2639 quia
3003 2572 3239 2640 speciem
3275 2572 3385 2625 Dro

1807 2665 2022 2733 placere
2046 2671 2372 2732 putaverat:
2423 2662 2544 2715 Non
2601 2664 2844 2731 respicies
2903 2664 2974 2715 ad
3030 2664 3229 2718 vultum
3274 2666 3386 2732 ejus

1810 2771 1973 2825 neque
2005 2755 2075 2807 ad
2106 2753 2443 2807 altitudinem
2469 2761 2691 2806 statura:
2719 2753 2854 2821 ejus,
2914 2754 3163 2823 quoniam
3217 2756 3387 2825 αὐ]εεὶ

1809 2864 1926 2899 eunt
1960 2848 2027 2899 υ.
2059 2846 2222 2915 Atqui
2253 2861 2348 2900 rex
2376 2861 2485 2899 non
2512 2845 2769 2899 sacerdos
2826 2854 2945 2899 erat
3002 2848 3094 2915 qui
3152 2850 3388 2917 ungeba-

1812 2949 1931 3005 tur;
1970 2940 2079 3010 regi
2108 2948 2289 2993 autem
2324 2938 2630 2992 necessaria
2670 2949 2790 2993 erat
2815 2939 3027 3008 species
3057 2940 3128 2994 'ct
3172 2942 3387 3010 magni-

1812 3034 1941 3086 tudo
1978 3032 2244 3100 corporis.
2281 3030 2389 3085 Sed
2446 3030 2575 3100 quid
2617 3030 2703 3084 bis
2748 3031 2999 3085 addidit?
3036 3030 3170 3090 .Ncc
3225 3032 3385 3101 juxta

1811 3124 2061 3176 intuitum
2084 3122 2307 3176 hominis
2336 3122 2540 3191 judico.
2584 3122 2756 3176 llomo
2783 3122 2928 3177 videt
2949 3139 3012 3176 ca
3033 3139 3152 3192 quin
3174 3132 3383 3193 patent,

1812 3214 1955 3266 Deus
1974 3224 2155 3266 autem
2183 3213 2425 3266 intuetur
2466 3226 2556 3266 cor
2594 3227 2609 3275 ',
2646 3217 2740 3266 Cor
2780 3212 2926 3267 enim
2986 3218 3276 3279 scrutatur,
3339 3216 3386 3269 si

1811 3306 2075 3359 maculam
2110 3306 2325 3369 habeat,
2357 3313 2413 3358 et
2433 3321 2527 3359 eos
2553 3305 2648 3374 qui
2669 3306 2995 3359 immaculati
3019 3315 3146 3370 sunt
3180 3308 3383 3373 animo,

1810 3398 1909 3451 hos
1932 3398 2137 3451 electos
2169 3397 2377 3466 judicat
2410 3415 2423 3450 :
2450 3412 2545 3450 eos
2574 3405 2757 3450 autem
2776 3397 2867 3466 qui
2896 3398 3163 3451 maculam
3186 3399 3239 3452 in
3264 3400 3386 3454 ani-

1809 3506 1895 3544 ma
1927 3489 2148 3551 habent,
2177 3489 2453 3557 reprobat.
2519 3486 2574 3542 Si
2617 3488 2763 3542 enim
2817 3488 3018 3542 malmn
3046 3498 3161 3544 "est
3235 3491 3388 3544 clau-

1808 3581 1991 3634 dicare
2026 3579 2274 3648 pedibus,
2295 3585 2389 3631 aut
2410 3578 2598 3633 oculos
2626 3578 2870 3631 inﬁrmos
2901 3579 3122 3652 habere;
3159 3588 3256 3633 eta
3276 3581 3388 3634 Deo

1809 3680 2085 3741 separant,
2110 3671 2386 3739 quomodo
2415 3671 2586 3736 Isaac,
2655 3671 2930 3738 quomodo
2962 3670 3132 3725 Jacob
3152 3657 3387 3744 caligare

1811 3762 2055 3831 permisit
2081 3769 2137 3815 et
2166 3761 2397 3815 salutem
2432 3762 2659 3830 perdere
2717 3762 2981 3815 visionis?
3007 3763 3210 3817 etenim
3237 3763 3389 3818 Isaac

1808 3867 1918 3904 non
1938 3853 2193 3922 cognovit
2218 3852 2407 3914 Jacob,
2457 3852 2597 3905 Esau
2632 3850 2923 3922 ﬁngentem
2963 3868 3275 3922 personam.
3315 3854 3388 3906 De

1807 3943 1973 3999 lacob
2000 3955 2181 4000 autem
2214 3945 2418 4000 dictum
2448 3958 2564 4000 est:
2601 3945 2748 4001 Oculi
2773 3946 2943 4000 Israel
2971 3930 3265 4017 cistipat'ere
3278 3963 3389 4017 pra:

1810 4039 1975 4092 nimia
2004 4048 2289 4100 senectute,
2324 4043 2372 4091 et
2399 4038 2542 4091 clare
2569 4038 2744 4091 videre
2774 4054 2876 4090 non
2922 4040 3212 4107 poterat".
3251 4038 3387 4093 1³το-

1809 4135 1995 4197 pterca
2025 4137 2080 4182 et
2104 4143 2249 4182 nunc
2275 4127 2550 4198 legislator
2583 4129 2663 4183 sic
2716 4126 3034 4182 indistincte
3065 4128 3145 4201 de
3177 4131 3385 4184 macula

1810 4216 1983 4267 sancit
2005 4214 2192 4268 dicens
2210 4214 2354 4268 enim
2379 4233 2392 4268 :

1886 4307 2057 4363 Homo
2082 4310 2146 4362 de
2174 4311 2369 4363 semine
2393 4318 2483 4362 tuo
2544 4311 2633 4379 qui
2699 4310 2942 4363 habuerit
2990 4310 3275 4364 maculam.
3324 4311 3388 4367 Et

1809 4418 1932 4458 cum
1961 4417 2069 4456 non
2096 4401 2435 4456 distinxisset
2468 4401 2669 4467 locum,
2734 4402 2879 4454 illico
2916 4400 3157 4455 subdidit
3190 4419 3203 4454 :
3262 4400 3387 4455 Non

1810 4496 1985 4565 oﬂ’eret
2014 4509 2176 4563 panes
2209 4493 2315 4546 Deo
2366 4510 2461 4547 suo
2510 4509 2603 4547 nec
2653 4494 2861 4547 accedet
2910 4494 2980 4547 ad
3039 4494 3387 4548 ministerium

1742 4598 1785 4651 ι)
1814 4588 1949 4657 ejus.
1985 4583 2129 4640 LXX
2150 4593 2331 4639 autent
2360 4583 2549 4637 dicunt
2575 4601 2587 4634 :
2620 4584 2683 4637 In
2716 4600 2817 4653 quo
2839 4585 2999 4654 fuerit
3033 4584 3265 4648 macula,
3284 4600 3389 4637 non

1810 4679 2039 4732 accedet.
2060 4677 2225 4731 Vides
2256 4676 2400 4745 quia,
2436 4676 2490 4729 in
2524 4691 2634 4745 quo
2662 4676 2819 4741 dixit,
2844 4692 2956 4729 non
3016 4676 3072 4728 in
3119 4690 3351 4746 corpore
3371 4718 3385 4743 ,

1811 4772 1863 4824 in
1898 4769 2057 4824 nobis
2090 4777 2270 4822 autem
2302 4768 2523 4836 proprie
2562 4768 2683 4830 hoc,
2716 4767 2863 4836 quod
2898 4768 2951 4820 in
2984 4767 3166 4820 anima
3200 4777 3388 4822 nostra

1808 4872 1912 4929 est,
1951 4876 2071 4916 esse
2095 4860 2316 4915 dicitur.
2358 4861 2501 4929 Ergo
2522 4860 2774 4913 claudum
2793 4860 2946 4923 dicit,
2976 4860 3120 4913 viam
3147 4858 3241 4913 Dei
3264 4874 3389 4913 cor-

1809 4960 2171 5020 rumpentem,
2196 4950 2288 5019 qui
2322 4964 2387 5003 ex
2411 4958 2585 5017 parte,
2615 4948 2797 5001 divina
2827 4948 3102 5012 mandata,
3127 4956 3183 5002 et
3215 4947 3388 5018 legem

1812 5042 2096 5105 subvertit,
2126 5040 2196 5093 de
2219 5039 2418 5109 quibus
2445 5040 2499 5091 in
2527 5037 2756 5092 Psalmis
2787 5022 2915 5092 dicit
2954 5056 2967 5091 :
3038 5037 3164 5091 Filii
3225 5038 3389 5091 alieni

1813 5133 2016 5186 mentiti
2041 5140 2161 5183 sunt
2187 5130 2332 5191 mihi,
2365 5130 2465 5198 ﬁlii
2487 5129 2649 5181 alieni
2690 5129 3133 5192 inveteraverunt,
3164 5136 3213 5180 et
3234 5127 3385 5180 clau-

1811 5229 2114 5280 dicareruut
2149 5241 2181 5276 a
2212 5224 2410 5277 semitis
2449 5222 2558 5274 suis
2588 5222 2652 5273 ⁸³.
2699 5220 3169 5284 Quemadmodum
3240 5219 3389 5273 enim

1811 5316 1989 5370 claudi
2036 5330 2178 5368 unus
2246 5326 2339 5380 pes
2380 5326 2549 5364 sanus
2602 5325 2723 5364 csse
2788 5309 3023 5374 videtur,
3049 5310 3185 5363 alter
3206 5317 3389 5362 autem

1816 5410 2085 5463 claudicat
2123 5424 2134 5459 :
2196 5405 2275 5457 sic
2320 5413 2375 5457 et
2414 5404 2578 5471 hujus
2630 5417 2798 5455 unum
2852 5401 3126 5469 quidpiam
3170 5400 3390 5455 interim

1819 5515 2010 5555 sanum
2044 5511 2164 5552 esse
2196 5494 2425 5558 videtur,
2452 5495 2712 5564 gloriatur
2750 5494 2899 5547 enim
2928 5492 3135 5546 servire
3162 5505 3222 5544 se
3256 5489 3386 5544 Deo.

1821 5596 1978 5650 Aliud
2001 5601 2181 5647 autem
2211 5588 2484 5643 inﬁrmum
2518 5597 2623 5654 cst,
2655 5588 2783 5642 dum
2813 5594 3130 5655 corrumpat
3176 5598 3390 5653 prses-a-

3168 5767 3210 5797 5°
3246 5762 3387 5819 l‘sal.

1842 5780 1886 5810 ”
1914 5779 1933 5832 1
1966 5776 2088 5829 Cor.
2132 5793 2220 5839 xv,
2263 5778 2352 5831 55.
2448 5774 2491 5804 ⁸⁸
2516 5771 2673 5827 Deut.
2712 5786 2801 5837 xx,
2850 5770 2873 5821 1
2909 5782 3061 5836 seqq.
