4158 6450
127 436 267 501 1065

1268 436 1349 495 IN
1390 434 1830 496 LEVITICUM.
1872 459 1940 469 —
1976 436 2119 495 LIB.
2162 438 2260 499 VI.

3255 444 3392 513 1066

120 540 257 607 nare
286 551 652 605 sanctuarium
679 566 880 616 mourn,
905 551 1452 606 contamiimtioenim
1486 560 1706 607 sancto-
1737 563 1781 615 Α
1810 559 2032 618 cogunt,
2074 562 2129 605 et
2164 560 2358 621 putare
2403 554 2549 622 quod
2576 555 2909 624 superﬂuum
2961 559 3032 614 sit
3084 561 3179 615 Dei
3229 548 3392 617 mini-

118 658 264 705 rum,
297 654 459 711 atque
497 642 695 712 injuria
722 652 824 708 est,
846 644 978 698 tales
1008 643 1077 698 ad
1116 643 1483 698 ministerium
1499 643 1705 707 oﬂ’erri,

118 730 181 787 in
199 732 397 803 quibus
420 732 645 789 oﬂ‘endit
670 736 922 805 populus.
953 741 1008 790 et
1034 736 1126 805 qui
1162 746 1499 807 cognoscunt
1519 751 1709 792 eorum

117 825 383 891 maculas,
408 826 865 881 scandalizantur.
909 826 1135 898 Propter
1164 828 1308 897 quod
1348 836 1404 882 et
1434 826 1635 882 Paulus
1663 827 1709 859 “

118 917 495 972 testimonium
527 919 731 974 bonum
772 920 995 985 habere,
1028 921 1098 975 ab
1144 921 1232 975 his
1274 919 1367 990 qui
1410 919 1542 975 foris
1558 929 1704 985 sunt,

117 1009 461 1065 sacerdotem
510 1011 646 1084 vult.
701 1010 812 1066 Lex
855 1021 1037 1067 autem
1084 1012 1441 1077 confirmavit,
1484 1028 1549 1067 ea
1585 1028 1708 1083 quac

116 1099 267 1154 dicta
290 1110 440 1167 sunt,
468 1117 533 1156 ex
551 1117 619 1157 eo
640 1102 784 1173 quod
814 1104 949 1158 dixit
983 1121 996 1158 :

62 1188 63 1191 “
188 1192 304 1262 Ego
358 1193 614 1249 Dominus
678 1196 768 1265 qui
812 1194 1084 1264 sancti/ica
1113 1212 1221 1249 vos.
1261 1195 1557 1267 Egoquis?
1612 1197 1706 1267 qui

116 1284 378 1353 praecipio
404 1293 460 1340 et
493 1286 712 1340 mando.
750 1286 980 1358 Perfecti
1034 1297 1213 1352 estote,
1262 1290 1707 1358 quemadmodum

114 1382 170 1425 et
194 1372 359 1427 Puer
382 1383 550 1427 vester
584 1374 804 1429 caelestis
829 1377 1090 1445 perfectus
1126 1385 1204 1429 est
1231 1376 1295 1428 ⁸⁸.
1338 1376 1400 1428 In
1418 1391 1527 1444 quo
1557 1374 1704 1430 enim

114 1463 333 1518 macula
361 1464 490 1519 licet
505 1480 614 1521 una
644 1466 1032 1536 prmdictarum
1066 1474 1172 1531 est,
1201 1465 1291 1520 lric
1318 1480 1429 1519 non
1461 1474 1545 1521 est
1577 1480 1708 1534 per-

114 1555 316 1611 fectus.

192 1647 358 1703 Vens.
389 1648 479 1703 24.
512 1666 531 1699 ι
565 1648 803 1703 Locutus
823 1658 906 1704 est
939 1664 1066 1720 ergo
1105 1651 1319 1721 Moyses
1349 1650 1414 1704 ad
1441 1650 1621 1704 Aaron
1650 1661 1707 1705 et

117 1737 261 1793 ﬁlios
282 1740 424 1810 ejus,
449 1747 505 1794 et
532 1739 601 1794 ad
630 1755 846 1795 omnem
894 1741 1059 1796 Israel
1092 1752 1287 1796 cuncta
1308 1756 1431 1812 quae
1457 1741 1559 1796 sibi
1587 1741 1705 1796 l‘ue-

114 1838 246 1885 rant
274 1830 555 1902 imperata.
594 1849 615 1883 ι

1812 642 2061 706 sterium,
2088 648 2143 697 et
2164 643 2397 712 iustitia,
2423 645 3070 715 etjudicium.Quantum
3087 654 3391 721 veroDeus,

1812 732 1925 787 sive
1956 735 2233 799 sacerdos,
2257 734 2373 791 sive
2400 735 2494 790 ﬁlii
2527 737 2667 808 ejus,
2701 740 2755 794 id
2779 750 2865 796 est
2885 741 3143 813 discipuli
3187 761 3386 815 pecca-
3466 758 3469 787 η

1810 822 2071 878 verintin
2099 826 2621 893 sancta,irascatur,
2663 830 2962 887 ostendunt
3015 847 3080 887 ea
3100 850 3221 903 qua:
3275 836 3394 890 Heli

1807 924 1864 969 et
1886 913 2011 970 ﬁliis
2036 915 2157 985 ejus
2216 912 2585 988 contigerunt.
2621 917 2915 989 PrOpterea
2946 922 3186 977 subdidit
3224 942 3237 977 :
3279 924 3392 993 Ego

1807 1005 2088 1073 Dominus,
2112 1009 2252 1062 dices
2283 1012 2354 1063 ad
2376 1025 2481 1063 eos.
2517 1010 2628 1081 Ego
2658 1009 2941 1073 Dominus.
2970 1013 3064 1082 qui
3094 1013 3298 1068 irascor
3311 1015 3395 1069 vi-

1807 1097 2024 1163 delicet,
2057 1101 2374 1156 etrindieo.
2407 1101 2551 1167 Quid
2572 1110 2757 1157 autem
2789 1102 2972 1157 dixit?

1879 1183 2030 1240 Dices
2068 1186 2139 1239 ad
2170 1203 2255 1247 eos
2285 1197 2332 1242 et
2362 1198 2592 1258 posteros
2620 1205 2800 1243 eorum
2820 1206 2838 1243 :
2872 1188 3058 1245 Omnis
3104 1192 3275 1257 homo,
3305 1195 3394 1262 qui

1808 1281 2081 1334 accesserit
2121 1282 2185 1334 de
2231 1282 2393 1351 stirpe
2447 1292 2639 1347 vestra,
2695 1284 2766 1336 ad
2806 1299 2869 1337 ea
2921 1300 3040 1353 qua:
3087 1293 3394 1337 consecrata

1806 1380 1946 1435 sunt,
2006 1381 2054 1424 et
2104 1388 2222 1442 qua:
2284 1373 2583 1427 obtulerunt
2604 1373 2703 1442 ﬁlii
2728 1374 2898 1428 Israel
2926 1374 3171 1439 Domino,
3200 1376 3258 1428 iu
3292 1391 3395 1444 quo

1807 1470 1881 1516 est
1930 1462 2290 1528 immunditia,
2348 1464 2538 1532 peribit
2590 1480 2770 1518 coram
2836 1465 3079 1521 Domino.
3133 1465 3391 1536 Ego‘sum

1811 1552 2083 1607 Dominus.
2145 1553 2387 1608 Primum
2444 1554 2669 1624 quidem
2736 1556 2965 1611 seminis
3038 1558 3396 1612 sacerdotalis

1806 1645 2129 1698 memoriam
2168 1644 2400 1712 faciens,
2451 1656 2641 1717 aperte
2690 1647 2825 1702 illud
2873 1647 3221 1718 signiﬁcavit,
3268 1654 3397 1718 quia

1806 1751 1915 1789 non
1969 1737 2147 1791 solum
2204 1738 2586 1805 sacerdotem,
2634 1741 2731 1796 sed
2782 1755 3004 1795 omnem
3082 1749 3396 1795 sanctorum

1805 1829 2139 1895 ministrum,
2167 1831 2332 1885 etiam
2375 1832 2421 1886 si
2456 1842 2661 1887 sortem
2715 1833 2771 1887 in
2801 1834 2882 1888 eis
2913 1833 3163 1887 ultimam
3198 1833 3399 1888 habent

193 1922 326 1987 Quae
362 1923 625 1979 sunthaec
639 1939 759 1994 quae
787 1924 1001 1980 locutus
1048 1924 1165 1980 est?
1190 1925 1265 1979 Ea
1295 1925 1543 1980 videlicet
1583 1940 1705 1994 qua:
1738 1909 1778 1963 Β
1805 1929 1862 1975 ct
1921 1922 2302 1989 novissimam,
2354 1934 2684 1994 pra-sentem
2706 1926 2899 1996 jubeat
2924 1927 3267 1981 sanctionem
3294 1943 3397 1982 eu-

118 2014 381 2084 przdicta
407 2022 554 2082 sunt,
587 2030 711 2086 que
730 2015 872 2071 Deus
920 2015 1137 2087 quidem
1165 2016 1230 2071 ad
1250 2016 1466 2089 Moysen
1491 2016 1704 2071 locutus

119 2119 227 2173 est,
248 2106 458 2178 Moyses
510 2117 696 2162 autem
739 2107 943 2175 Aaron,
971 2116 1026 2162 et
1048 2107 1172 2163 ﬁliis
1193 2108 1333 2179 ejus,
1375 2118 1431 2163 et
1478 2107 1699 2178 populo,

119 2200 266 2255 sicut
289 2199 585 2255 ostendunt
613 2214 675 2254 ea
721 2214 843 2269 quae
871 2215 1019 2255 nunc
1066 2200 1207 2254 lecta
1238 2210 1385 2264 sunt,
1428 2198 1650 2254 tradidit
1687 2216 1700 2252 :

48 2318 49 2323 η
118 2307 234 2345 non
258 2290 459 2346 [rustra
489 2290 610 2347 haec
638 2291 756 2360 lege
779 2289 1169 2362 distinguente,
1200 2288 1298 2344 sed
1347 2298 1407 2343 ut
1458 2288 1706 2360 Meyseos

118 2384 438 2454 dignitatem
464 2385 897 2450 commendaret,
925 2393 980 2440 et
1005 2383 1322 2439 ostenderet
1349 2394 1557 2453 aperte,
1576 2381 1705 2452 quia

119 2476 243 2530 aliis
272 2476 492 2546 quidem
519 2492 710 2548 pauca,
741 2477 844 2547 ipsi
875 2492 1004 2533 vero
1029 2476 1214 2533 omnia
1232 2474 1375 2531 Deus
1388 2476 1707 2545 loqueretur

118 2575 345 2636 propter
372 2566 491 2635 ejus
527 2553 813 2635 justitiam,
846 2575 901 2620 et
950 2565 1240 2636 imaginem
1279 2577 1444 2633 quam
1487 2561 1708 2632 gerebat

120 2659 349 2713 Christi.
378 2658 641 2713 Similiter
674 2666 729 2713 et
765 2673 868 2714 nos
906 2657 1109 2713 docens
1133 2657 1337 2712 habere
1352 2662 1617 2717 mentem,
1638 2652 1708 2707 ad

121 2765 462 2821 quaecunque
482 2749 717 2820 majores
746 2758 801 2805 et
829 2748 1183 2820 perfectiores
1209 2745 1463 2811 dixerint,
1524 2743 1707 2800 scien-

122 2854 208 2899 tes
237 2883 254 2912 ,
332 2843 460 2913 quia
538 2842 835 2899 continue'
875 2841 979 2912 ipsi
1062 2855 1300 2912 superna
1386 2837 1709 2910 operatione

122 2936 404 2993 fruuntur.

733 3026 962 3083 CAPUT
987 3026 1155 3082 XXII.

197 3122 361 3178 Vsus.
383 3122 490 3178 1-5.
525 3140 548 3176 ι
584 3121 825 3177 Locutus
838 3134 1055 3192 quoque
1082 3128 1168 3175 est
1191 3118 1454 3175 Dominus
1474 3119 1542 3174 ad
1560 3114 1713 3189 Moy-

124 3231 246 3281 sen,
283 3216 512 3270 dicens:
544 3214 794 3283 Loquere
846 3213 915 3268 ad
956 3213 1159 3276 Aaron,
1198 3221 1254 3267 et
1277 3212 1346 3267 ad
1375 3212 1706 3310 ﬁlios-ejus,
1735 3251 1779 3310 c

124 3317 188 3364 ut
215 3314 443 3382 caveant
496 3306 567 3361 ab
624 3305 710 3360 his
733 3320 855 3375 quae
902 3312 1223 3359 consecrata
1289 3311 1419 3358 sunt
1472 3302 1709 3357 ﬁliorum

125 3401 317 3465 lsrael,
340 3408 396 3453 et
432 3414 543 3453 non
581 3397 958 3453 contaminent
1001 3410 1205 3451 nomen
1246 3393 1711 3450 sanctiﬁcatorum

125 3495 283 3560 mihi,
311 3511 433 3565 qua:
456 3495 558 3564 ipsi
587 3493 844 3548 oﬂ'crunt.
879 3490 992 3561 Ego
1038 3488 1318 3543 Dominus.
1370 3486 1467 3540 Dic
1493 3485 1561 3539 ad
1593 3498 1710 3547 eos,

126 3596 184 3644 et
205 3588 283 3644 ad.
304 3597 549 3657 posteros
576 3601 766 3641 eorum
798 3603 812 3639 :
850 3582 1041 3640 Omnis
1079 3581 1246 3636 homo
1266 3578 1357 3649 qui
1419 3575 1714 3633 accesserit

126 3682 196 3737 de
216 3681 387 3751 stirpe
416 3687 618 3741 vestra.
646 3678 714 3734 ad
746 3693 811 3733 ea
839 3691 960 3747 quae
986 3682 1304 3732 consecrata
1336 3680 1483 3737 sunt,
1522 3676 1579 3726 et
1594 3684 1715 3741 qua:

126 3776 441 3830 obtulerunt
473 3774 567 3828 ﬁlii
596 3772 762 3826 Israel
794 3770 1041 3832 Domino,
1084 3769 1144 3822 in
1194 3782 1302 3837 quo
1351 3774 1436 3819 est
1471 3765 1715 3818 immun-

126 3865 284 3931 ditia,
325 3863 525 3934 peribit
552 3878 737 3918 coram
777 3858 1166 3930 l)omino..Ego
1198 3873 1319 3912 sum
1366 3856 1649 3911 Dominus.
1691 3872 1709 3903 ι

203 3955 339 4011 Nam
391 3954 786 4024 qualiscunque
829 3951 1065 4022 dignitas
1106 3947 1523 4007 sacerdotiiest.
1584 3944 1716 4000 huic

128 4047 277 4102 enim
299 4055 446 4100 sorte
467 4045 654 4100 datum
686 4054 788 4109 est,
821 4052 884 4097 ut
909 4042 1174 4097 mediator
1200 4042 1273 4096 sit
1301 4041 1444 4095 inter
1467 4038 1641 4094 Deum
1658 4044 1717 4092 et

129 4136 401 4191 homines.
430 4135 494 4189 Et
522 4151 621 4205 per
647 4136 789 4189 hanc
831 4148 1003 4204 genus
1042 4140 1290 4187 nostrum
1340 4128 1583 4186 Creatori
1623 4144 1715 4183 re-

128 4225 471 4291 conciliatur,
506 4227 562 4280 in
594 4225 776 4296 lingua
799 4223 1141 4279 sacerdotum
1176 4236 1350 4275 nexus
1383 4218 1718 4275 etabsolutio

129 4327 443 4375 nostrorum
471 4325 819 4389 peccatorum
846 4314 1115 4372 consistit.
1135 4313 1387 4369 Ostendit
1407 4321 1589 4367 autem
1607 4308 1720 4365 Ma-

129 4411 340 4467 lachias
361 4419 580 4480 quanta:
606 4407 890 4479 dignitatis
911 4405 1277 4469 sitsacerdos,
1311 4412 1367 4459 et
1395 4419 1517 4475 quae
1550 4403 1620 4457 ab
1651 4417 1718 4457 eo

128 4512 415 4575 oporteant
441 4500 771 4572 exspectari.
798 4499 939 4565 Quia
964 4497 1161 4560 Labia,
1200 4496 1398 4567 inquit,
1429 4495 1719 4550 sacerdotis

1805 2013 2032 2070 stodire.
2094 2015 2293 2072 Dicens
2350 2026 2557 2084 autem,
2611 2020 2674 2073 de
2715 2020 2880 2088 stirpe
2911 2029 3104 2086 vestra,
3156 2021 3399 2076 ostendit

1805 2104 1953 2174 quod
2001 2120 2219 2177 semper
2247 2109 2529 2164 custodire
2574 2110 2678 2165 boc
2727 2119 2980 2181 oporteat
3011 2122 3393 2184 praeceptum:

1806 2208 1866 2252 ut
1912 2200 2007 2269 qui
2059 2201 2453 2256 immunditiam
2487 2207 2554 2258 «in
2582 2206 2859 2276 semetipso
2887 2207 3039 2259 habet
3072 2207 3286 2273 auimw,
3319 2206 3401 2262 sic

1806 2290 1952 2344 enim
1980 2289 2121 2346 LXX
2150 2292 2343 2359 edunt,
2372 2309 2483 2350 non
2522 2296 2701 2351 solum
2749 2297 3058 2353 ministerio
3083 2305 3139 2352 et
3171 2300 3400 2371 mystico

1807 2378 1983 2436 oﬂicio
2014 2396 2073 2437 se
2117 2383 2413 2451 abstineat,
2455 2386 2551 2441 sed
2586 2402 2688 2442 nec
2727 2396 2911 2459 tangat
2958 2404 3021 2442 ea
3058 2404 3180 2458 quae
3216 2390 3399 2445 oblata

1808 2480 1958 2538 sunt,
1993 2487 2174 2544 neque
2206 2475 2275 2530 de
2302 2476 2384 2532 eis
2411 2487 2593 2532 sumat
2622 2496 2635 2532 :
2689 2480 2928 2534 mundus
2953 2480 3101 2535 enim
3134 2482 3201 2537 ad
3235 2498 3399 2536 mun-

1808 2564 1876 2618 da
1905 2563 2072 2620 debet
2104 2568 2392 2624 accedere.
2425 2566 2483 2624 Si
2526 2570 2648 2640 quis
2676 2580 2860 2626 autem
2903 2586 3017 2626 non
3052 2572 3133 2627 sic
3163 2574 3396 2640 accedit,

1809 2656 2010 2726 peribit
2034 2673 2222 2714 coram
2258 2660 2514 2729 Domino,
2542 2677 2869 2735 semperque
2893 2665 3041 2720 hunc
3069 2665 3214 2721 Deus
3243 2682 3400 2721 aver-

1810 2758 1984 2817 satur,
2031 2752 2184 2808 etab
2234 2754 2385 2809 omni
2434 2756 2652 2826 repellit
2680 2758 3104 2828 participatione
3161 2768 3219 2815 et
3243 2776 3395 2815 com-

1810 2843 2071 2899 munione
2102 2846 2351 2916 spiritus.
2383 2844 2498 2901 lloc
2533 2858 2719 2903 autem
2751 2851 3016 2904 aversatio
3052 2852 3275 2922 preprie
3308 2853 3401 2907 hic

1810 2932 2150 3006 intelligitur,
2188 2936 2339 3006 quod
2368 2935 2509 2991 LXX
2533 2937 2748 3005 dicunt,
2782 2940 2964 3009 perire
2994 2955 3180 2995 coram
3207 2942 3399 2997 Domi-

1811 3043 1907 3094 no,
1931 3036 2072 3083 teste
2106 3027 2298 3095 David,
2336 3029 2431 3100 qui
2463 3030 2577 3085 ait:
2614 3031 2734 3085 Non
2781 3042 2993 3087 avertas
3037 3034 3228 3103 faciem
3251 3044 3401 3089 tuam

1812 3138 1846 3175 a
1871 3137 1972 3188 me,
2001 3131 2052 3175 et
2093 3119 2356 3191 Spiritum
2381 3132 2625 3178 sanctum
2660 3133 2809 3180 tuum
2831 3142 2895 3180 ne
2927 3128 3145 3197 auferas
3166 3144 3200 3181 α
3229 3144 3311 3182 me
3333 3130 3399 3183 ‘7.

1812 3216 1874 3271 In
1902 3216 1989 3273 his
2020 3226 2204 3273 autem
2232 3234 2363 3274 vera
2392 3220 2592 3276 animas
2619 3218 2877 3291 perditio,
2919 3220 3037 3275 sive
3066 3220 3402 3275 extermina-

1813 3306 1889 3361 tio
1915 3315 2018 3373 est,
2053 3308 2106 3362 id
2136 3317 2222 3363 est
2262 3309 2375 3373 illa,
2426 3310 2495 3365 de
2530 3325 2639 3380 qua
2676 3309 2945 3366 Dominus
2988 3311 3047 3365 in
3093 3311 3407 3383 Evangeliis

1814 3398 2032 3455 dicebat
2056 3419 2069 3455 :
2097 3400 2291 3456 Timete
2313 3418 2453 3467 eum,
2495 3403 2585 3473 qui
2620 3410 2790 3472 potest
2820 3412 2871 3456 et
2913 3403 3153 3457 animam
3194 3412 3244 3457 et
3286 3418 3407 3457 σοι-ο
3498 3416 3499 3419 ‘

1811 3508 1909 3560 pus
1932 3495 2145 3562 perdere
2172 3494 2229 3547 in
2256 3494 2488 3563 gehenna
2510 3494 2575 3549 ⁸⁸.
2619 3494 2763 3566 Ergo
2817 3509 2928 3548 non
2970 3494 3175 3550 frustra
3210 3494 3409 3550 subdi-

1815 3582 1933 3637 dit:
1970 3582 2083 3653 Ego
2122 3582 2396 3636 Dominus.
2439 3582 2547 3637 Sed
2594 3583 2914 3648 ostendens,
2966 3584 3095 3654 quia
3147 3584 3241 3654 qui
3285 3584 3408 3639 haec

1817 3675 1986 3741 dicit,
2046 3676 2163 3745 ipse
2226 3683 2313 3729 est
2367 3672 2463 3744 qui
2516 3673 2668 3730 solus
2718 3676 2959 3730 animam
3014 3678 3244 3746 perdere
3301 3690 3406 3747 po-

1818 3776 1948 3822 test.

1895 3854 2055 3913 Vens.
2086 3857 2207 3913 4-8.
2247 3876 2267 3910 ι
2311 3857 2490 3913 Homo
2542 3856 2612 3912 de
2642 3855 2855 3911 semine
2877 3855 3082 3920 Aaron,
3118 3854 3213 3925 qui
3241 3853 3410 3911 fuerit

1817 3950 2089 4019 leprosus,
2123 3956 2219 4003 aut
2245 3948 2465 4018 patiens
2488 3946 2696 4001 ﬂuxum
2730 3946 2979 4009 seminis,
3013 3961 3124 4000 non
3156 3956 3409 4001 vescetur

1818 4041 1887 4096 de
1926 4039 2010 4096 his
2042 4053 2166 4108 quae
2203 4038 2542 4093 sanctiﬁcata
2573 4046 2705 4093 sunt
2745 4037 2905 4101 mibi,
2954 4038 3130 4094 donec
3156 4046 3407 4096 sanetur.

1819 4130 1924 4198 Qui
1971 4131 2211 4202 tetigerit
2243 4130 2588 4185 immundum
2619 4144 2787 4199 super
2822 4136 3066 4197 mortuo,
3114 4139 3171 4185 et
3198 4146 3262 4186 ex
3300 4146 3411 4201 quo

1818 4223 2131 4295 egredietur
2158 4237 2345 4277 semen
2382 4220 2540 4292 quasi
2565 4221 2765 4286 coitus,
2787 4229 2844 4275 et
2869 4222 2963 4291 qui
2994 4222 3168 4293 tangit
3190 4222 3408 4291 reptile,

1820 4324 1877 4369 et
1907 4315 2191 4385 quodlibet
2232 4314 2580 4368 immundum
2609 4312 2769 4383 cujus
2806 4322 2986 4367 tactus
3009 4323 3092 4368 est
3130 4314 3409 4382 sordidus,

1820 4406 2137 4462 immundus
2174 4406 2281 4461 erit
2317 4420 2492 4474 usque
2539 4404 2607 4459 ad
2642 4418 2957 4474 veSperum,
2993 4414 3051 4460 et
3082 4421 3191 4459 non
3223 4420 3412 4461 vesce-

1824 4506 1912 4552 tur
1938 4497 2007 4551 de
2037 4497 2129 4551 bis
2167 4511 2291 4566 quae
2343 4494 2685 4551 sanctiﬁcata
2715 4502 2864 4550 sunt.
2913 4494 3021 4549 Sed
3050 4510 3175 4550 cum
3215 4496 3413 4551 laverit

129 4596 426 4650 custodiunt
456 4591 753 4650 scientiam,
777 4599 825 4643 et
858 4589 1022 4660 legem
1054 4588 1337 4659 exquirunt
1368 4601 1431 4639 ea:
1452 4601 1543 4639 ore
1567 4585 1707 4654 ejus,
1748 4593 1792 4649 D
1821 4604 2046 4646 carnem
2081 4604 2237 4644 suam
2271 4605 2429 4660 aqua,
2467 4598 2523 4644 et
2548 4589 2875 4644 occubuerit
2917 4590 3021 4653 so],
3080 4600 3212 4646 tunc
3250 4607 3411 4646 ωιιη.

129 4689 257 4759 quia
280 4685 498 4758 angelus
528 4683 740 4737 Domini
798 4682 1126 4736 exercituum
1180 4688 1255 4733 est
1294 4679 1362 4736 “.
1423 4676 1720 4748 Propterea

129 4798 254 4838 cum
280 4781 364 4834 bis
381 4794 501 4848 quae
528 4786 655 4832 ante
672 4774 879 4830 sancita
912 4780 1041 4828 sunt
1056 4771 1124 4827 de
1140 4768 1538 4835 sacerdotibus,
1555 4768 1721 4823 etiam

131 4878 249 4932 haec
270 4873 554 4946 praecepit.

199 4967 437 5023 Caveant
466 4965 532 5019 ab
557 4965 635 5018 his
648 4978 765 5034 quae
790 4970 1097 5015 consecrata
1118 4968 1241 5013 sunt
1276 4957 1511 5026 ﬁliorum
1528 4956 1718 5015 Israel,

129 5070 178 5115 et
209 5076 311 5113 non
331 5057 688 5111 contaminent
726 5070 914 5107 nomn
940 5052 1398 5120 sanctiﬁcatorum
1424 5050 1573 5113 mihi,
1607 5065 1724 5119 quae

128 5152 231 5221 ipsi
257 5151 501 5221 oﬂ'erunt.
530 5147 587 5200 Si
623 5154 807 5200 autem
840 5144 929 5199 isti
980 5142 1447 5206 abominabiliter,
1477 5150 1534 5196 et
1572 5142 1723 5195 inor-

130 5245 335 5309 dinate,
366 5254 420 5296 et
442 5250 596 5295 extra
613 5253 833 5303 onmem
906 5236 1319 5307 religiositatem
1350 5234 1536 5305 pepuli
1567 5233 1723 5288 obla-

130 5336 397 5397 tionibus,
429 5342 487 5388 et
515 5332 603 5387 bis
631 5346 753 5400 quae
778 5343 1111 5399 quocunque
1166 5326 1330 5381 modo
1386 5324 1720 5380 sanctiﬁcata

130 5427 456 5491 oﬂ'eruntur,
496 5422 879 5479 contaminant
924 5435 1127 5476 nomen
1188 5418 1656 5476 sanctiﬁcatorum
1703 5436 1716 5473 ε

128 5520 248 5576 sive
274 5518 577 5575 secundum
608 5515 769 5578 LXX,
816 5530 1006 5568 nomen
1054 5521 1299 5567 sanctum
1348 5511 1442 5567 Dei
1478 5512 1717 5582 primum

133 5610 352 5681 quidem
386 5611 584 5679 ipsum,
621 5605 794 5677 utqui
829 5619 926 5660 eos
984 5605 1123 5659 tales
1185 5603 1412 5675 elegerit
1459 5602 1717 5672 blasphe-

133 5718 287 5760 mare
308 5703 492 5769 faciet,
517 5700 713 5757 deinde
735 5709 790 5755 et
840 5699 1101 5771 populum
1129 5696 1409 5752 oﬂ‘endere
1434 5696 1491 5752 in
1509 5697 1717 5752 sanctis

1822 4681 1984 4737 datus
2006 4690 2260 4735 vescetur
2287 4680 2358 4735 de
2378 4679 2756 4744 sanctiﬁcatis,
2787 4681 2915 4750 quia
2937 4680 3093 4735 cibus
3130 4681 3279 4737 illius
3303 4693 3409 4738 est.

1823 4772 2168 4828 Morticinum
2200 4781 2257 4828 et
2275 4781 2494 4843 captum
2531 4788 2563 4826 a
2598 4772 2771 4827 bestia
2802 4788 2913 4827 non
2960 4773 3271 4838 comedent,
3310 4790 3415 4830 nec

1824 4867 2138 4938 polluentur
2166 4866 2221 4920 in
2249 4866 2351 4920 eis.
2390 4866 2504 4935 Ego
2537 4879 2658 4919 sum
2696 4865 2983 4919 Dominus.
3033 4884 3053 4916 ι

1896 4961 2067 5031 Cujus
2123 4959 2343 5029 quidem
2403 4959 2657 5029 leprosos
2701 4956 3157 5027 signiﬁcationem
3185 4996 3202 5022 ,
3257 4961 3415 5029 cujus

1825 5058 2010 5105 autem
2064 5049 2295 5105 seminis
2348 5047 2554 5104 ﬂuxum
2599 5047 2817 5118 patiens
2864 5056 3039 5118 gerat,
3069 5048 3167 5103 sed
3200 5057 3257 5101 et
3287 5051 3415 5119 quis

1827 5143 2032 5197 ﬂuxum
2092 5142 2324 5197 seminis
2363 5156 2462 5211 per
2505 5140 2785 5195 somnium
2829 5140 3092 5210 patiatur,
3125 5151 3183 5196 et
3206 5142 3417 5211 polluat

1828 5250 1978 5297 eum,
2011 5234 2080 5289 dc
2114 5250 2223 5303 quo
2250 5234 2390 5298 ﬂuit,
2431 5233 2558 5303 quis
2586 5233 2658 5287 sit
2697 5232 2791 5301 qui
2822 5241 3055 5304 tangens
3090 5235 3284 5303 reptile
3309 5234 3415 5288 im-

1829 5325 2095 5381 mundum
2128 5325 2417 5395 polluitur,
2468 5324 2652 5377 omnia
2699 5322 2859 5377 nobis
2891 5332 2948 5377 et
2984 5325 3287 5378 secundum
3322 5340 3417 5378 or-

1827 5418 2013 5473 dinem
2047 5418 2322 5489 superins.
2350 5418 2404 5470 in
2436 5416 2523 5472 bis
2540 5431 2663 5486 quae
2693 5415 2760 5470 ad
2794 5415 2911 5470 haec
2933 5416 3237 5486 pertinent,
3271 5417 3415 5472 dicta

1827 5519 1980 5566 sunt.
2024 5509 2319 5565 Praesentis
2349 5519 2533 5564 autem
2574 5507 2711 5578 legis
2741 5507 2981 5562 intentio
3016 5523 3147 5563 vere
3172 5508 3414 5563 admira-

1825 5602 1970 5668 bilis,
2011 5611 2069 5657 et
2106 5602 2359 5658 ﬁdelibus
2398 5600 2547 5656 omni
2600 5601 2849 5657 custodia
2876 5600 3039 5672 digna
3075 5609 3180 5656 est.
3216 5600 3419 5656 Come-

1824 5695 1957 5750 dere
1988 5696 2140 5750 enim
2172 5703 2361 5749 sancta
2396 5694 2633 5764 pollutos
2665 5710 2837 5763 usque
2879 5692 3009 5749 dum
3046 5692 3415 5763 mundentur,

201 5877 246 5910 “
268 5879 294 5943 ι
315 5879 457 5941 Tim.
484 5897 567 5945 ιιι,
588 5880 642 5934 7.
717 5878 762 5911 ⁸³
787 5877 977 5932 Matth.
999 5893 1053 5942 ν,
1087 5875 1177 5931 48.
1236 5875 1282 5908 ⁸⁸
1312 5873 1543 5931 Μαὶειοὴ.
1568 5888 1631 5936 tt,
1662 5871 1713 5930 7.

1819 5873 1837 5904 ⁷
1878 5871 2021 5929 Psal.
2059 5888 2115 5941 L,
2146 5872 2234 5930 15.
2310 5873 2355 5906 ⁸⁸
2383 5870 2577 5928 Matth.
2599 5887 2653 5942 χ,
2682 5871 2774 5929 28.

516 5977 790 6037 Pnnon.
833 5972 953 6036 (in.
1000 5972 1223 6035 XCllI.

2982 5958 3059 6023 34
