4158 6450
141 386 265 453 1073

1247 392 1330 455 IN
1362 389 1802 453 LEVITICUM.
1840 413 1908 424 ··-
1942 390 2090 449 LIB.
2123 391 2223 448 VI.

3256 387 3385 450 1074

136 488 223 557 sed
250 507 304 554 et
329 498 653 566 oblationes,
685 515 806 570 qua:
835 516 865 554 a
895 501 1097 571 populo
1129 502 1459 567 offeruntur,
1493 517 1702 574 prmce-
1731 507 1779 564 Α
1806 498 2092 557 discimus.
2136 500 2515 555 Verumtamen
2546 511 2600 556 et
2632 517 2788 556 ovem
2821 503 3134 557 sensibilem
3170 504 3213 556 si
3244 499 3383 557 0th:-

135 590 253 657 pit:
286 600 343 642 ut
389 597 447 641 tu
493 603 812 658 cognoscas,
862 589 955 658 qui
1007 605 1067 645 es
1111 589 1285 645 ﬁdelis
1335 590 1467 655 Deo,
1512 602 1566 646 et
1609 591 1702 661 qui

132 680 325 734 oblatio
363 680 414 734 ei
454 696 553 750 per
608 682 991 737 holocaustum
1047 683 1399 754 intelligibilis
1450 684 1699 739 sacriﬁcii

132 772 301 825 factus
333 787 413 835 es,
446 773 573 841 quia
601 774 750 826 omni
784 774 1082 842 pollutione
1112 776 1368 829 mundam
1408 791 1529 830 esse
1568 791 1702 829 con—

131 865 495 926 versationem
560 877 709 919 tuam
765 875 1014 935 oportet,
1083 876 1139 921 et
1202 868 1519 937 impollutus
1583 883 1704 922 esse

130 955 582 1021 quemadmodum
622 957 951 1022 sacerdotes,
998 958 1240 1021 studeas,
1273 958 1397 1028 quia
1443 967 1498 1013 et
1541 958 1701 1013 Chri—

131 1053 268 1115 stus,
296 1060 416 1114 qua:
442 1056 501 1099 ut
528 1056 752 1117 agerent
786 1048 1038 1117 apostoli,
1063 1050 1339 1117 praecepit.
1374 1048 1499 1103 llaec
1524 1050 1703 1102 omnia

130 1150 223 1189 eos
254 1137 463 1192 tradere
478 1138 814 1195 discentibus
832 1140 1090 1209 pi-tecepit
1118 1142 1390 1210 gentibus,
1414 1141 1489 1194 ait
1517 1141 1662 1195 enim
1688 1160 1699 1195 :

130 1224 323 1277 Euntes
363 1228 538 1280 docete
583 1244 758 1280 omnes
806 1238 1003 1296 gentes,
1037 1229 1363 1296 baptizantes
1396 1246 1482 1282 eas
1515 1230 1568 1282 in
1611 1248 1704 1283 no-

131 1319 269 1371 mine
301 1318 499 1383 Patris,
535 1330 583 1373 et
614 1320 760 1384 Filii,
796 1330 845 1374 et
874 1319 1106 1389 Spiritus
1140 1324 1332 1387 sancti,
1358 1322 1596 1377 docentes
1620 1340 1705 1375 eos

131 1412 391 1464 custodire
448 1428 770 1482 quit-cunque
820 1414 1069 1466 mandavi
1120 1414 1260 1467 vobis
1300 1414 1366 1466 ⁸⁷.
1410 1412 1535 1468 Sive
1578 1430 1704 1483 ergo

129 1503 251 1570 quis
285 1504 587 1557 secundum
633 1504 1053 1569 confessionem,
1089 1505 1203 1560 sive
1248 1507 1549 1561 secundum
1591 1523 1707 1560 om-

130 1609 255 1646 nem
294 1594 664 1650 conditionem
698 1611 851 1651 suam
884 1596 1263 1657 holocausmm
1293 1598 1405 1652 Deo
1437 1598 1702 1667 promisit,

127 1685 293 1738 vitam
344 1685 601 1739 videlicet
651 1686 969 1756 perfectam,
1024 1688 1131 1742 hoc
1180 1698 1261 1742 est
1312 1704 1500 1743 verum
1553 1689 1707 1743 holo-

126 1784 397 1840 caustuiu,
430 1791 462 1830 a
491 1777 791 1845 pollutione
816 1780 1018 1834 munda
1057 1781 1221 1835 debet
1250 1796 1371 1834 esse
1400 1782 1517 1850 ejus
1552 1782 1701 1835 obla-

128 1867 240 1933 tio;
288 1884 467 1939 neque
515 1872 659 1925 enim
702 1872 859 1925 aliter
907 1874 1221 1941 suscipitur.
1266 1871 1471 1928 Oﬂeret
1520 1884 1703 1928 autem

126 1975 226 2028 per
260 1962 686 2028 confessionem,
727 1964 869 2018 sicut
909 1964 1050 2020 LXX
1087 1966 1304 2028 dicunt,
1340 1967 1433 2035 qui
1478 1966 1528 2019 in
1568 1982 1703 2036 qua-

124 2066 341 2120 cunque
362 2054 689 2108 neceSsitate
704 2056 1059 2120 constitutus,
1074 2068 1128 2111 et
1146 2073 1211 2111 ex
1234 2073 1296 2111 ea
1319 2067 1702 2127 compunctus,

123 2144 602 2200 conversationem
630 2147 918 2215 quamdam
935 2149 1045 2201 Deo
1075 2165 1171 2217 per
1195 2160 1378 2203 votum
1394 2150 1702 2220 pollicetur.

125 2231 441 2287 Secundum
467 2238 905 2305 supradictorum
938 2249 1119 2294 autem
1139 2242 1455 2306 editionem,
1480 2241 1707 2296 electio—

123 2339 253 2377 nem
285 2325 601 2383 invenimus
644 2329 872 2393 dictam,
926 2331 1012 2384 ubi
1063 2347 1163 2386 nos
1199 2342 1418 2401 sponte,
1450 2334 1705 2388 dicimus.

127 2415 169 2468 U
185 2426 433 2485 trumque
448 2420 591 2473 enim
615 2421 756 2473 hanc
780 2422 1109 2476 oblationem
1129 2424 1241 2478 sive
1261 2441 1378 2478 eam
1400 2442 1519 2495 qua:
1538 2442 1605 2480 ex
1620 2444 1709 2483 ne-

121 2506 401 2571 cessitate,
435 2508 549 2562 sive
578 2525 698 2564 eam
722 2527 844 2580 qua:
873 2523 1070 2581 sponte
1088 2513 1165 2579 ﬁt,
1185 2516 1455 2584 proponit,
1480 2517 1703 2574 dicens:

120 2596 366 2651 Reddam
395 2600 488 2652 tibi
507 2611 624 2654 eota
653 2620 767 2656 mea
808 2621 923 2673 quo:
955 2606 1303 2660 distinxerunt
1322 2608 1461 2662 labia
1486 2627 1625 2673 mea,
1660 2622 1709 2665 et

121 2704 243 2757 quia
276 2688 509 2743 locutum
540 2703 615 2744 est
646 2709 701 2747 os
733 2711 902 2747 meum
934 2696 989 2748 in
1020 2698 1360 2752 tribulatione
1390 2718 1506 2755 mea
1534 2701 1605 2756 ⁸⁸.
1642 2704 1711 2757 ΕΙ.

121 2794 317 2833 rursus
368 2799 380 2833 :
440 2782 750 2839 Voluntaria
810 2788 915 2839 oris
964 2789 1065 2840 mei
1105 2789 1430 2859 beneplacita
1458 2795 1562 2863 fac,
1598 2796 1707 2850 Do-

123 2872 267 2925 mine
298 2873 365 2925 ”.
418 2873 623 2929 Ilorum
677 2877 913 2946 primum
968 2880 1214 2949 quidem,
1253 2884 1571 2951 praedictum
1609 2905 1709 2944 vo-

124 2973 267 3028 tum,
311 2965 428 3019 sive
461 2967 889 3036 confessionem,
926 2970 1047 3025 sine
1088 2972 1268 3041 aliqua
1306 2974 1585 3033 dubietate
1624 2980 1709 3033 in-

124 3057 445 3126 telligimus.
509 3060 846 3117 Electionem
903 3073 1130 3128 autent,
1181 3066 1296 3120 sive
1351 3077 1708 3137 spontaneam

122 3148 484 3214 oblationem,
539 3151 643 3205 hoc
695 3154 841 3222 quod
895 3155 1138 3210 secundo
1186 3157 1306 3213 loco
1349 3159 1555 3215 dictum
1602 3174 1705 3218 est.
1735 3181 1779 3237 ρ

122 3238 359 3306 Oportet
388 3252 595 3306 autem,
625 3243 737 3297 sive
772 3255 1029 3314 operator
1071 3249 1309 3303 mandati
1346 3251 1416 3304 sit
1447 3253 1540 3321 qui
1573 3254 1710 3309 olle-

124 3340 215 3384 ret
260 3332 663 3399 holocaustum,
703 3337 793 3390 hic
835 3346 918 3391 est
960 3341 1107 3392 enim
1152 3355 1218 3393 ex
1263 3346 1526 3399 armentis
1570 3347 1711 3402 offe-

124 3436 281 3486 rens,
325 3424 440 3478 sive
467 3426 721 3495 simplex,
758 3430 886 3497 quia
922 3430 1009 3485 hic
1037 3441 1122 3486 est
1148 3448 1215 3487 ex
1235 3435 1430 3489 ovibus
1460 3454 1474 3490 :
1506 3438 1620 3493 sive
1645 3455 1709 3494 ex

124 3517 533 3583 peccatoribus,
579 3519 667 3572 hic
709 3529 794 3574 est
837 3522 981 3576 enim
1031 3524 1098 3577 dc
1147 3526 1326 3594 capris
1361 3546 1372 3579 :
1409 3531 1710 3586 masculum

122 3622 253 3661 esse
286 3609 431 3677 quod
462 3609 680 3676 offeret,
708 3613 759 3666 id
792 3624 876 3667 est
906 3630 1029 3668 cum
1064 3628 1246 3671 mente
1283 3619 1441 3685 virili,
1474 3632 1528 3676 et
1561 3622 1709 3689 l'orti,

121 3709 185 3753 et
236 3702 439 3767 stabili,
485 3712 541 3757 et
579 3719 705 3758 cum
755 3707 957 3761 valenti
1010 3708 1135 3775 fide,
1174 3722 1339 3781 atque
1385 3714 1712 3771 inconcussa

121 3790 333 3846 offerre
369 3796 451 3846 vel
487 3794 694 3859 offerri,
732 3806 790 3849 ut
830 3799 1073 3854 offerens
1112 3802 1233 3854 talis
1263 3804 1336 3857 sit
1370 3807 1547 3871 qualis
1600 3807 1710 3873 ille,

119 3902 292 3954 quem
328 3885 585 3941 Salomon
623 3890 674 3941 in
715 3889 1028 3947 Proverbiis
1071 3895 1328 3949 dicebat:
1365 3897 1541 3951 Virum
1579 3901 1713 3968 ﬁde-

118 3978 233 4031 lem
260 3979 408 4030 labor
437 3990 511 4032 est
542 3981 774 4035 invenire
804 3983 872 4037 νο.
906 3984 1057 4038 Idem
1100 3995 1182 4039 est
1223 3996 1279 4041 et
1308 3988 1351 4041 si
1382 3990 1712 4047 sacriﬁcium

118 4070 486 4139 paciﬁcorum
520 4073 720 4129 offeret
748 4076 891 4145 quis,
914 4076 966 4130 id
994 4087 1099 4142 est,
1121 4094 1229 4133 non
1265 4079 1407 4133 illam
1436 4098 1556 4151 qua:
1588 4100 1713 4153 per-

118 4162 272 4216 fecta
312 4172 397 4217 est
433 4164 484 4217 in
525 4166 865 4235 philosophia
890 4167 1078 4230 vitam,
1110 4170 1269 4223 veluti
1297 4186 1438 4235 eam,
1473 4190 1595 4242 qua:
1630 4186 1716 4230 est

124 4256 187 4307 in
246 4270 356 4308 non
412 4257 761 4325 possidendo,
808 4258 894 4312 vel
947 4259 1002 4311 in
1035 4260 1367 4331 virginitate,
1411 4263 1480 4316 de
1517 4265 1715 4332 quibus

125 4346 405 4401 Dominus
437 4349 648 4403 dicebat
679 4366 692 4402 :
728 4348 848 4402 Non
892 4366 1070 4404 omnes
1113 4354 1329 4421 capiunt
1357 4354 1423 4419 “,
1459 4356 1551 4409 sed
1602 4372 1718 4411 me-

123 4439 400 4505 dicerem,
442 4456 563 4509 quae
602 4442 762 4494 nobis
800 4450 1059 4510 procurat
1103 4442 1420 4497 omnimodo
1460 4446 1712 4513 salutem,

1805 597 1894 652 ras
1941 598 2076 661 Deo,
2113 605 2208 650 aut
2253 596 2469 661 bovem,
2506 605 2599 649 aut
2628 612 2869 666 capram,
2901 605 2994 648 aut
3035 594 3236 663 aliquid
3284 596 3386 648 hu-

1801 687 2077 758 jusmodi,
2134 697 2193 742 ut
2238 688 2390 742 verbi
2446 688 2654 759 gratia,
2706 688 3079 741 sacerdotibus
3134 688 3386 758 primitias

1803 782 2026 846 dentur,
2066 790 2163 836 aut
2203 797 2471 851 pauperes
2500 798 2565 835 ex
2598 796 2664 835 eo
2698 791 3007 849 pascantur,
3052 790 3142 834 aut
3180 780 3384 835 sanctis

1804 874 2010 943 aliquot
2064 873 2431 927 ministerium
2479 872 2603 936 ﬁat,
2656 880 2752 925 aut
2799 870 2965 924 divini
3022 871 3206 940 templi
3251 887 3384 924 con-

1805 965 2059 1029 structio,
2114 965 2197 1019 vel
2235 965 2456 1033 aliquod
2500 962 2647 1018 aliud
2701 979 2841 1033 opus
2894 963 3038 1032 quod
3090 963 3155 1015 ad
3204 962 3380 1030 ipsum

1806 1058 2049 1125 pertinet
2083 1056 2276 1120 Deum,
2317 1066 2373 1109 et
2403 1065 2688 1125 prapterea
2734 1054 3111 1107 holocaustum
3156 1052 3378 1114 dicitur,

1808 1148 2112 1217 pollutione
2154 1156 2337 1201 careat
2383 1147 2545 1200 etiam
2592 1146 2709 1200 haec
2753 1145 2976 1199 oblatio.
3019 1144 3125 1199 Sed
3160 1159 3280 1213 quce
3312 1144 3385 1197 sit

1809 1238 1923 1292 haec
1973 1237 2235 1307 pollutio,
2288 1238 2375 1290 lex
2426 1236 2629 1299 tacuit,
2682 1235 2841 1290 nobis
2890 1234 3027 1289 dans
3078 1234 3382 1304 intelligere

1805 1344 1991 1382 veram
2040 1328 2423 1397 pollutionem,
2469 1337 2525 1381 et
2569 1342 2783 1380 cavere.
2822 1326 2919 1380 Est
2950 1336 3133 1378 autem
3171 1325 3285 1378 hinc
3316 1340 3384 1378 ex

1808 1421 2017 1489 rapina,
2051 1428 2105 1472 et
2145 1419 2436 1487 injustitia,
2477 1418 2649 1471 aliave
2692 1416 2921 1469 avaritia
2967 1416 3200 1479 offerre;
3246 1414 3379 1467 abo-

1807 1512 2068 1565 minabilc
2115 1520 2200 1564 est
2235 1511 2384 1564 enim
2428 1510 2571 1579 apud
2618 1508 2812 1569 Deum,
2843 1517 2897 1561 et
2942 1523 3050 1561 non
3098 1515 3377 1575 acceptum

1808 1604 1879 1667 ei,
1916 1604 1987 1656 ita
2025 1610 2083 1654 ut
2124 1601 2287 1654 nimis
2325 1617 2420 1670 per
2460 1601 2782 1669 prephetam
2817 1600 3034 1654 Judmos
3063 1598 3129 1651 de
3161 1598 3264 1651 hoc
3293 1612 3379 1650 re-

1808 1692 2197 1761 prehenderet.
2240 1690 2340 1755 Qui
2378 1691 2651 1758 a’diftcatis
2685 1689 2809 1743 Sion
2850 1691 2903 1741 in
2942 1688 3301 1757 sanguinibus,
3332 1696 3381 1739 et

1807 1782 2102 1835 Jerusalem
2150 1784 2205 1834 in
2244 1783 2521 1851 iniquitate
2549 1781 2616 1833 9’.
2657 1781 2748 1834 Sic
2796 1782 2944 1833 enim
2999 1780 3176 1832 littera
3218 1778 3381 1846 hujus

1808 1873 2106 1927 sanctionis
2159 1882 2215 1926 et
2267 1873 2494 1942 spiritus
2550 1880 2926 1927 conservatur.
2974 1871 3028 1923 Si
3077 1872 3297 1940 quidem
3349 1889 3380 1922 a

1807 1964 1964 2018 nobis
2018 1965 2186 2017 semel
2239 1963 2641 2034 exponentibus
2685 1964 2943 2027 audistis,
2989 1964 3115 2032 quia
3166 1960 3384 2030 quando

1807 2054 1936 2107 dicit
1976 2054 2061 2107 lex
2100 2072 2112 2106 :
2151 2052 2344 2117 Homo,
2394 2052 2567 2117 homo,
2621 2060 2838 2123 oportet
2887 2068 3011 2105 cum
3065 2052 3384 2104 considera-

1808 2146 1956 2199 tione
1988 2145 2235 2214 spiritus,
2270 2155 2325 2198 et
2361 2145 2601 2198 mandati
2643 2145 2881 2198 litteram
2914 2142 3141 2196 intueri.

1879 2234 2041 2290 Vens.
2086 2235 2276 2289 92-25.
2319 2254 2335 2286 ‹
2381 2235 2437 2288 Si
2473 2251 2676 2288 czecum
2732 2234 2916 2299 fuerit,
2959 2234 3005 2287 si
3050 2233 3302 2297 fractum,
3341 2233 3385 2284 si

1808 2327 2121 2382 cicatricem
2178 2327 2407 2391 habens,
2449 2328 2495 2380 si
2545 2327 2797 2395 papulam
2849 2335 2944 2379 aut
2992 2324 3254 2389 scabiem,
3303 2326 3386 2378 vel

1810 2417 2208 2487 impetiginem,
2243 2432 2351 2470 non
2384 2415 2629 2469 offeretis
2665 2432 2725 2468 ea
2762 2416 3010 2480 Domino,
3044 2430 3220 2482 neque
3253 2416 3387 2470 ado-

1809 2507 1990 2561 lebitis
2021 2523 2087 2559 ex
2119 2506 2197 2560 eis
2227 2522 2390 2575 super
2416 2507 2586 2559 altare
2614 2505 2848 2558 Domini.
2876 2505 3098 2569 Bovem,
3124 2517 3177 2560 et
3204 2522 3385 2569 ovem,

1808 2616 1960 2664 aure,
1991 2611 2047 2655 et
2073 2601 2245 2655 cauda
2272 2601 2591 2668 amputatis,
2617 2599 2923 2652 voluntarie
2953 2597 3152 2652 offerre
3184 2608 3384 2668 potest,

1810 2701 1997 2747 votum
2029 2708 2097 2746 ex
2128 2692 2214 2746 his
2245 2692 2376 2746 solvi
2412 2706 2521 2745 non
2555 2700 2755 2760 potest.
2785 2692 2956 2743 Unine
2987 2690 3205 2753 animal,
3244 2690 3389 2757 quod

1811 2786 1895 2840 vel
1924 2784 2197 2849 contritis,
2232 2783 2314 2836 vel
2342 2782 2540 2847 tonsis,
2570 2782 2653 2835 vel
2687 2782 2869 2843 sectis,
2907 2782 3208 2849 ablatisque
3238 2782 3390 2835 testi-

1810 2874 1950 2928 culis
1980 2883 2085 2938 est,
2119 2889 2231 2927 non
2273 2872 2520 2925 offcretis
2564 2870 2813 2933 Domino,
2847 2880 2902 2923 et
2932 2870 2985 2921 in
3024 2880 3166 2923 terra
3209 2880 3391 2924 vestra

1811 2966 1917 3019 hoc
1949 2965 2174 3019 omnino
2206 2980 2315 3018 non
2350 2962 2584 3017 facietis.
2622 2962 2695 3015 De
2735 2978 2901 3016 manu
2931 2961 3246 3032 alienigena:
3280 2977 3393 3016 non

1810 3055 2057 3109 offcretis
2104 3068 2274 3124 panes
2332 3052 2562 3107 Domino
2611 3051 2722 3106 Deo
2773 3061 2977 3116 vestro,
3028 3062 3084 3105 et
3130 3051 3390 3121 quidquid

1812 3147 1960 3202 aliud
1986 3146 2117 3201 dare
2138 3144 2411 3200 voluerint
2434 3145 2562 3213 quia
2591 3152 2845 3214 corrupta
2877 3154 2931 3198 et
2961 3144 3230 3199 maculata
3266 3154 3394 3199 sunt

1813 3238 2019 3303 omnia,
2055 3254 2164 3293 non
2207 3236 2515 3305 suscipietis
2547 3252 2630 3290 ea.
2667 3256 2684 3287 ι

1882 3331 2047 3386 Aliud
2080 3330 2169 3385 hic
2197 3330 2414 3384 videtur
2453 3329 2729 3399 legislator
2774 3330 3025 3392 innuere,
3061 3330 3228 3384 multa
3260 3346 3395 3383 con—

1814 3426 2147 3481 sideratione
2178 3425 2425 3492 dignum.
2458 3423 2534 3477 De
2571 3424 2655 3477 his
2683 3440 2803 3492 qua:
2832 3423 3142 3478 offeruntur
3181 3424 3394 3490 altario,

1813 3538 1923 3576 non
1953 3520 2003 3574 ei
2033 3534 2213 3574 sermo
2240 3526 2345 3581 est,
2372 3526 2503 3571 sunt
2525 3527 2708 3570 autem
2737 3517 2829 3585 qui
2861 3517 3146 3587 mysticum
3177 3526 3232 3571 et
3267 3533 3397 3573 san-

1814 3620 2031 3666 ctorum
2076 3609 2311 3664 oﬂicium
2360 3609 2686 3662 sortiuntur.
2737 3608 2837 3662 l’er
2885 3609 3222 3663 sanctionem
3269 3625 3398 3678 ergo

1814 3706 2173 3768 anteriorem,
2203 3702 2460 3756 mundam
2488 3718 2611 3756 esse
2638 3719 2667 3755 a
2699 3702 2997 3771 pollutione
3028 3703 3214 3773 populi
3244 3703 3397 3757 obla-

1816 3799 2023 3853 tionem
2046 3795 2392 3866 praacipiens,
2417 3795 2563 3863 quod
2595 3795 2908 3848 necessarie
2939 3794 3103 3847 nimis
3132 3794 3184 3846 in
3214 3794 3399 3847 unius-

1816 3891 2084 3959 cujusque
2122 3887 2540 3942 conversatione
2585 3886 2921 3939 intcllectum
2964 3895 3063 3939 est.
3119 3884 3275 3938 Nunc
3312 3886 3395 3938 di-

1817 3987 2073 4033 numerat
2103 3996 2115 4029 r
2145 3992 2283 4047 quos
2312 3992 2423 4030 non
2457 3986 2707 4046 Oporteat
2734 3976 2930 4030 altario
2959 3977 3169 4039 ol'l'erri,
3199 3986 3254 4029 et
3288 3975 3398 4044 pri-

1817 4085 1968 4124 mum
2014 4069 2147 4123 dicit
2195 4084 2258 4122 ex
2309 4068 2389 4121 cis
2436 4082 2663 4122 caecum.
2700 4066 2803 4132 Qui
2844 4067 2990 4120 enim
3036 4067 3397 4136 ignorantiam

1817 4163 1982 4217 habet
2041 4161 2175 4226 Dei,
2221 4160 2497 4230 quomodo
2541 4158 2876 4213 ministrabit
2940 4158 3072 4223 Deo,
3128 4174 3231 4212 nec
3281 4160 3397 4228 ipse

1818 4254 2141 4325 dignitatem
2174 4253 2352 4306 sciens
2383 4252 2523 4320 ejus,
2563 4250 2627 4304 ad
2660 4251 2816 4319 cujus
2847 4248 3207 4303 ministerium
3238 4266 3401 4303 voca-

1820 4358 1931 4413 tur,
1969 4362 2072 4401 nec
2102 4346 2223 4399 aliis
2254 4345 2441 4398 valens
2486 4342 2795 4413 exponere?
2833 4341 2985 4396 Unde
3024 4352 3081 4395 et
3122 4342 3404 4411 negligens

1821 4442 1967 4496 circa
2016 4455 2113 4494 eos
2162 4439 2266 4493 erit
2304 4456 2316 4491 :
2354 4438 2606 4493 nesciens
2655 4417 2999 4500 divinorum,
3051 4437 3251 4505 quibus
3304 4438 3405 4490 mi-

120 4531 239 4586 etsi
289 4548 396 4585 non
452 4534 766 4601 assequitur
814 4550 896 4597 ea,
929 4550 1051 4603 quae
1097 4536 1163 4589 ad
1214 4537 1608 4605 prophetarum
1661 4550 1718 4593 et
1751 4538 1794 4592 ι)
1823 4534 2040 4596 nistrat,
2073 4531 2333 4584 virtutem
2362 4548 2375 4582 :
2407 4529 2597 4597 quales
2627 4540 2783 4582 erant
2818 4528 3038 4597 quidam
3066 4527 3402 4594 Judatorum,

120 4621 509 4689 apostolorum
567 4638 881 4676 mensuram
941 4626 1194 4677 tendunt.
1247 4625 1412 4680 Stella
1480 4631 1618 4682 enim
1685 4648 1717 4682 a

119 4712 291 4765 stella
321 4714 492 4782 differt
533 4714 589 4765 in
623 4714 870 4766 claritate
898 4714 964 4780 ",
1001 4716 1303 4769 secundum
1336 4720 1480 4786 quod
1522 4719 1722 4774 Paulus

121 4801 375 4867 diccbat.
417 4801 525 4855 Sed
565 4813 619 4856 et
652 4803 739 4857 hic
784 4803 1090 4857 masculum
1142 4821 1371 4861 necesse
1408 4818 1491 4862 cst
1525 4808 1723 4863 oll'erat

122 4895 552 4949 immaculatum
584 4914 596 4949 :
631 4895 750 4949 haec
780 4904 836 4950 et
866 4896 956 4951 lilii
990 4896 1181 4961 Israel,
1221 4907 1278 4951 et
1309 4899 1534 4954 advenae
1567 4901 1722 4957 vide-

120 4988 291 5051 licet,
326 4996 379 5042 et
424 4990 518 5058 qui
564 5004 714 5043 nunc
752 4991 821 5045 ad
872 4990 1036 5048 ﬁdem
1077 5002 1373 5057 venerunt,
1413 4994 1721 5065 adjectique

120 5090 273 5138 sunt
296 5082 456 5137 nobis
485 5083 553 5137 ab
581 5098 772 5139 errore
796 5086 1078 5150 exteriori,
1107 5086 1360 5147 similiter
1384 5088 1720 5143 custodiant.

122 5176 218 5230 Ex
266 5190 377 5244 quo
418 5175 568 5234 enim
622 5176 820 5246 aliquis
867 5179 1036 5238 vitam
1091 5179 1405 5249 promiserit
1446 5179 1556 5235 Deo
1597 5196 1725 5251 per-

122 5268 340 5321 fectam
388 5276 445 5320 et
495 5279 967 5336 consummatam,
1019 5286 1128 5331 non
1174 5270 1287 5340 jam
1344 5272 1720 5340 praateuderc,

125 5359 291 5428 quod
323 5367 541 5435 tempus
572 5362 803 5417 multum
832 5362 886 5415 in
920 5377 1109 5417 errore
1141 5362 1324 5425 fuerit,
1355 5364 1573 5433 poterit,
1597 5364 1724 5434 quia

125 5466 249 5505 nec
291 5462 535 5523 tempore
586 5454 763 5510 virtus
810 5463 955 5525 eget,
998 5462 1057 5509 ut
1100 5455 1371 5520 discatur;
1418 5470 1543 5509 mox
1580 5456 1724 5510 enim

123 5553 199 5600 ut
256 5560 378 5602 eam
440 5545 916 5613 affectaverimus,
984 5548 1446 5618 quemadmodum
1510 5557 1726 5604 utamur

230 5747 278 5779 ⁸⁷
307 5747 496 5802 Matth.
531 5764 721 5810 xxviii,
762 5749 847 5807 l9.
881 5748 971 5801 20.
1048 5747 1093 5779 ⁸⁸
1128 5746 1267 5803 Psal.
1304 5764 1423 5806 st,
1454 5747 1534 5800 Μ.

130 5811 382 5875 "lCor.
412 5837 498 5885 xv,
524 5819 611 5873 il.
690 5822 735 5852 ⁹³
767 5819 930 5874 Mich.
964 5820 1140 5887 ni,l0.
1218 5821 1263 5852 ⁸⁵
1289 5819 1390 5873 Issi.
1420 5836 1525 5885 Lvt,
1572 5818 1651 5871 l0.

1635 5747 1678 5779 ⁸³
1710 5746 1851 5802 Psal.
1883 5761 2069 5810 cxvm,
2110 5742 2227 5799 108.

1824 4626 1893 4681 de
1931 4626 2130 4695 quibus
2162 4624 2303 4678 Deus
2348 4624 2404 4677 in
2453 4623 2590 4677 Isaia
2627 4623 2844 4677 dicebat
2874 4640 2886 4675 :
2924 4623 3118 4687 Videte,
3152 4625 3405 4692 quoniam

1824 4736 2001 4773 omnes
2044 4720 2361 4778 nescierunt,
2396 4716 2624 4769 universi
2666 4732 2820 4768 canes
2848 4716 3000 4779 muti,
3031 4731 3131 4767 non
3177 4714 3405 4767 valentes

1827 4812 2028 4865 latrare
2062 4812 2131 4863 νδ.
2164 4809 2518 4864 Confractum
2559 4807 2643 4861 vel
2677 4807 2975 4861 contritum
3016 4807 3257 4860 secundo
3290 4807 3408 4859 loco

1826 4905 2030 4974 posuit,
2060 4904 2219 4972 cujus
2259 4902 2405 4955 enim
2433 4915 2629 4955 manus
2651 4915 2713 4954 ac
2751 4900 2940 4968 pedes,
2982 4901 3227 4954 actiones
3256 4898 3409 4967 vide-

1827 4996 1973 5059 licet,
1997 5004 2052 5049 et
2081 4995 2148 5051 ad
2174 4995 2346 5049 Deum
2386 4993 2583 5046 itinera
2612 4992 2896 5047 confracta
2924 4991 3228 5045 eontritave
3258 5000 3407 5050 sunt,

1828 5103 1899 5143 ne
1953 5088 2044 5141 hic
2087 5086 2310 5156 quidem
2350 5084 2509 5139 altari
2555 5083 2869 5138 ministrare
2912 5083 3110 5153 dignus
3143 5090 3229 5135 est
3273 5099 3285 5134 :
3323 5081 3410 5136 cui

1827 5177 2088 5235 convenit
2118 5178 2250 5231 illud
2278 5176 2423 5244 quod
2463 5173 2672 5229 Psaltes
2716 5174 2791 5226 ait
2825 5190 2838 5226 :
2874 5172 3152 5235 Contritio,
3185 5179 3232 5223 et
3276 5171 3412 5238 infc-

1826 5270 2000 5323 licitas
2030 5270 2086 5322 in
2114 5268 2211 5321 viis
2248 5282 2451 5320 eorum.
2483 5263 2590 5319 Sed
2627 5280 2730 5319 nec
2758 5263 2850 5333 qui
2884 5263 3121 5333 linguam
3163 5260 3409 5323 incisam,

1828 5360 2132 5417 secundum
2177 5356 2318 5412 LXX
2361 5359 2546 5422 habet,
2577 5357 2629 5410 id
2668 5365 2753 5411 est
2783 5356 2827 5411 si
2866 5356 2988 5426 quis
3017 5372 3114 5425 per
3138 5354 3412 5409 sordidam

1832 5454 2021 5515 vitam,
2059 5449 2312 5505 ﬁduciam
2354 5446 2587 5501 docendi
2636 5446 2895 5517 perdidit,
2934 5444 3021 5500 cui
3074 5444 3149 5498 ait
3197 5442 3363 5497 David
3399 5459 3412 5495 :

1835 5539 2112 5594 Peccatori
2150 5548 2326 5591 autem
2379 5537 2515 5591 dixit
2538 5535 2675 5590 Deus
2706 5551 2723 5590 :
2750 5533 2928 5601 Quare
2974 5544 3030 5589 tu
3072 5549 3296 5587 enarrat
3330 5532 3418 5599 iu-

2331 5742 2375 5774 "
2409 5739 2569 5795 Prov.
2600 5756 2687 5801 xx,
2712 5735 2766 5790 0.
2894 5736 2936 5767 ἰ
2966 5733 3162 5789 Matth.
3193 5746 3302 5793 six.
3333 5728 3419 5784 ll.
