4158 6450
742 370 874 436 1075

1912 373 2270 433 IIESYCHII
2317 370 2788 433 PRESBYTERI

3846 358 3995 423 ιοῖθ

738 493 910 545 stitias
934 493 1172 546 meas"?
1193 492 1454 548 Similiter
1480 494 1778 547 secundum
1799 491 1961 557 LXX,
1991 503 2039 546 et
2065 493 2311 560 formicu—
2338 499 2386 555 Α
2412 487 2551 543 culis
2588 497 2692 552 est,
2735 484 2829 554 qui
2875 481 3039 537 illatis
3079 481 3180 536 sibi
3244 479 3636 534 tentationibus
3676 480 4000 537 tribulatio-

735 585 924 646 losum,
961 583 1092 638 dicit
1131 594 1312 638 autem
1357 600 1480 637 eum
1521 585 1612 654 qui
1648 594 1944 654 occupatus
1984 593 2068 638 est
2097 585 2151 637 in
2179 597 2308 652 ope—

737 674 888 726 ribus
926 674 1160 728 terrenis
1189 684 1244 727 et
1273 675 1643 738 saecularibus,
1675 675 1765 743 qui
1799 675 2149 744 semetipsum
2181 673 2309 726 huic

737 764 1051 832 cogitationi
1092 766 1335 834 deputat,
1373 766 1423 819 id
1464 774 1547 819 est
1580 767 1670 834 qui
1706 766 1954 819 comedat
1977 773 2032 818 et
2059 765 2229 823 bibat,
2255 773 2310 817 et

735 854 828 920 qui
855 854 956 908 alia
987 855 1181 909 similia
1210 857 1431 925 cogitat,
1456 864 1512 910 et
1540 858 1628 926 qui
1662 857 2014 920 thezaurizat,
2047 855 2306 923 quoniam

736 945 856 998 hinc
879 946 987 999 vita
1019 945 1369 1001 formicarum
1391 959 1474 1003 est
1493 965 1710 1018 semper
1733 949 1833 1002 sibi
1860 962 2188 1016 congregare
2222 961 2307 1008 ea,

734 1047 856 1098 quae
901 1035 965 1086 ad
1009 1045 1255 1088 ventrem
1304 1037 1601 1104 pertinent,
1636 1038 1903 1106 siquidem
1955 1046 2009 1090 et
2053 1035 2309 1088 Salomon

736 1123 791 1173 in
829 1122 1139 1176 Proverbiis
1177 1124 1344 1177 dicit:
1376 1125 1515 1177 Vade
1557 1127 1628 1178 ad
1670 1126 1966 1194 formicam,
1998 1143 2028 1178 ο
2065 1127 2229 1194 piger,
2262 1133 2310 1178 et

735 1214 1010 1266 considera
1058 1216 1171 1268 vias
1216 1215 1329 1283 ejus
1366 1217 1430 1270 ".
1482 1217 1618 1280 Quia
1669 1218 1815 1271 enim
1865 1217 1930 1270 ad
1975 1217 2308 1286 operandum

737 1306 949 1373 pigrum
991 1307 1339 1373 provocabat,
1371 1318 1657 1376 propterea
1706 1307 2107 1362 transmittebat
2150 1323 2308 1373 eum,

737 1397 881 1450 sicut
908 1396 974 1449 ad
1006 1397 1364 1465 operatricem
1404 1397 1704 1461 formicam,
1741 1413 1847 1451 non
1885 1408 1943 1451 ut
1976 1398 2101 1451 talia
2131 1398 2310 1466 qualia

740 1491 966 1543 formica
998 1501 1340 1559 operaretur,
1374 1491 1467 1545 sed
1515 1502 1576 1550 ut
1609 1491 1959 1545 aemularetur
2005 1490 2308 1554 formicam,

738 1595 876 1648 opus
906 1581 970 1632 ad
1008 1582 1211 1649 majora
1253 1581 1566 1646 transferre,
1604 1583 1655 1636 id
1701 1591 1782 1636 est
1821 1582 1885 1634 ad
1924 1581 2160 1650 agendas
2200 1580 2312 1631 vir-

741 1682 902 1724 tutes.
932 1671 1090 1726 Unde
1115 1673 1249 1726 LXX
1281 1675 1572 1727 ediderunt
1604 1666 1716 1726 :°Et
1749 1675 1941 1742 efﬁcere
1975 1673 2067 1724 illa
2101 1672 2310 1740 sapien-

740 1762 860 1814 tior.
889 1761 978 1814 Sic
1017 1777 1142 1832 ergo
1172 1764 1356 1823 homo,
1403 1779 1524 1816 cum
1561 1764 1738 1816 divina
1776 1763 1982 1824 studet,
2014 1761 2312 1830 sapientior

2409 580 2677 648 nibusque
2713 577 2898 640 cessit,
2931 575 3238 641 animaeque
3288 588 3400 626 suae
3441 571 3817 625 fortitudinem
3862 588 3995 641 per-

2408 671 2548 724 didit
2578 688 2589 738 ;
2623 683 2731 722 non
2762 667 2907 720 enim
2952 673 3168 734 oportet
3214 664 3317 717 hoc
3361 663 3589 732 perpeti,
3621 678 3723 716 nec
3761 664 3998 717 omnino

2409 756 2604 812 cedere
2637 754 2943 810 imminenti
2983 753 3144 812 hosti.
3177 762 3338 820 atque
3379 751 3657 821 aﬂligenti.
3693 751 3850 806 Unde
3885 751 3998 805 Da-

2409 852 2495 905 vid
2525 850 2600 903 ait
2635 868 2646 902 :
2685 849 2746 902 Ut
2777 849 2902 913 quid
2943 847 3108 899 tristis
3160 847 3361 908 incedo,
3398 846 3522 897 dum
3553 846 3730 914 affligit
3768 863 3850 898 me
3887 847 3998 898 ini-

2409 943 2573 994 micus
2607 941 2664 992 '?
2709 937 2956 1008 Oportet,
2989 938 3185 1004 inquit,
3219 951 3304 988 tne
3343 935 3576 1004 gaudere
3606 945 3661 988 et
3685 936 3998 997 exsultare,

2411 1040 2599 1101 utpote
2626 1031 2716 1098 qui
2749 1031 2815 1083 ad
2847 1039 3121 1082 certamen
3162 1042 3345 1089 vocor,
3391 1027 3443 1079 in
3476 1041 3585 1093 quo
3626 1026 3804 1079 victor
3831 1026 4000 1079 exsi-

2411 1134 2550 1178 stant
2587 1143 2599 1176 :
2635 1139 2758 1176 nam
2790 1131 2846 1177 et
2879 1121 3121 1175 victoriae
3153 1121 3374 1173 modum
3410 1119 3654 1172 subdidit
3687 1137 3700 1172 :
3732 1119 3910 1186 Spera
3944 1119 4002 1170 in

2411 1218 2651 1278 Domino,
2681 1216 2927 1285 quoniam
2960 1213 3240 1278 conﬁtebor
3271 1211 3371 1272 illi,
3399 1212 3633 1264 salutare
3663 1211 3837 1264 vultus
3868 1213 4001 1274 mei,

2411 1320 2459 1363 et
2493 1309 2628 1363 Deus
2658 1325 2799 1362 meus
2829 1308 2871 1361 ’.
2921 1305 3097 1359 Sectis
3129 1305 3429 1372 ablatisque
3462 1304 3724 1357 testiculis
3757 1312 3861 1364 est,
3901 1304 4000 1371 qui

2411 1417 2516 1453 una
2551 1400 2764 1454 actione
2801 1414 2987 1462 prava,
3021 1397 3297 1464 animique
3341 1395 3615 1464 impietate
3661 1404 3716 1448 et
3767 1405 4006 1450 secante

2412 1490 2554 1544 sicut
2594 1489 2849 1547 cultrum.
2879 1497 2934 1540 et
2970 1486 3277 1548 auferente,
3315 1485 3774 1554 quemadmodum
3827 1485 4006 1536 nimis

2411 1582 2598 1644 effera,
2641 1590 2696 1634 et
2733 1579 2997 1648 direpti-ix
3028 1593 3222 1631 manus
3251 1579 3602 1644 semetipsum
3634 1575 4004 1640 abscindens,

2411 1678 2467 1722 et
2496 1669 2753 1722 auferens
2797 1683 2826 1720 a
2871 1667 3259 1736 conjunctione
3300 1666 3416 1729 Dei,
3449 1681 3567 1733 qua:
3599 1675 3684 1718 est
3721 1666 3778 1718 in
3816 1665 3994 1717 virtu.

2413 1763 2578 1826 tibus,
2612 1761 2912 1815 secundum
2963 1760 3108 1827 quod
3153 1758 3412 1820 diximus,
3445 1758 3689 1826 privatus
3729 1757 3910 1825 prole,
3951 1766 4003 1808 et

738 1851 987 1916 illicitur,
1042 1853 1108 1906 ab
1168 1854 1258 1905 illo
1311 1855 1404 1922 qui
1464 1864 1677 1907 terrena
1730 1863 2006 1922 Operatur.
2055 1853 2312 1921 Papulam
2345 1852 2584 1921 Bsignis
2628 1852 2801 1905 virilis
2851 1849 3205 1920 cognitionis,
3241 1863 3472 1916 quorum
3522 1849 3721 1901 damno
3764 1848 3886 1915 ipse
3946 1863 4004 1901 se

741 1945 969 2007 habens,
1023 1945 1105 1997 vel
1153 1946 1427 2010 scabiem,
1484 1947 1758 2008 detractor
1811 1945 2146 2014 intelligitur,
2186 1946 2312 2014 quia

741 2038 1014 2105 pessimus
1056 2038 1174 2105 ejus
1219 2038 1457 2097 morbus,
1490 2047 1544 2091 et
1583 2039 1938 2107 asperrimum
1968 2038 2088 2105 ejus
2117 2037 2315 2090 vulnus

739 2137 822 2182 est
859 2147 871 2180 :
914 2129 1062 2182 nullo
1115 2130 1261 2183 enim
1317 2129 1675 2183 medicamine
1733 2130 1889 2182 facile
1935 2137 2119 2198 potest
2165 2129 2311 2181 miti-

740 2222 876 2290 gari.
932 2221 1262 2291 Impetiginis
1313 2223 1538 2285 habens,
1585 2222 1880 2276 fornicator
1924 2231 2028 2285 est,
2079 2222 2315 2276 maculat

741 2312 886 2364 enim
918 2329 1076 2366 suum
1115 2328 1334 2382 corpus,
1381 2323 1601 2382 propter
1637 2314 1779 2383 quod
1819 2312 2016 2366 Paulus
2047 2315 2259 2366 dicebat
2296 2331 2309 2366 :

741 2406 843 2467 Qui
901 2416 1078 2458 autem
1133 2408 1445 2475 fornicatur,
1493 2409 1545 2459 in
1595 2423 1780 2474 corpus
1829 2423 1982 2458 suum
2030 2415 2206 2472 peccat
2245 2406 2310 2459 ".

740 2495 956 2549 Nullum
993 2511 1123 2564 ergo
1154 2496 1348 2549 horum
1381 2496 1628 2565 deputari
1663 2497 1729 2548 ad
1772 2483 2135 2549 ministerium
2174 2496 2313 2548 alta-

743 2585 816 2638 rTs
864 2585 1089 2654 spiritus
1139 2585 1462 2654 legislatoris
1514 2586 1649 2637 vull.
1699 2584 1995 2653 Propterea
2034 2587 2153 2638 ait:
2195 2583 2313 2636 Non

740 2676 961 2743 oﬂ'eretis
990 2693 1050 2728 ea
1086 2674 1329 2739 Domino,
1354 2693 1444 2728 nec
1470 2676 1741 2728 adolebitis
1770 2692 1832 2726 ea:
1857 2676 1928 2727 eis
1961 2691 2114 2742 super
2141 2674 2313 2726 altare

741 2767 973 2820 Domini.
1025 2767 1150 2820 Sive
1203 2768 1502 2820 secundum
1552 2767 1691 2820 LXX
1733 2786 1746 2821 :
1786 2766 1901 2818 Non
1950 2767 2160 2834 o/ferent
2205 2767 2314 2818 Iure

744 2856 984 2913 Domino.
1021 2865 1068 2908 et
1107 2873 1262 2924 super
1312 2857 1485 2909 altare
1536 2873 1637 2909 non
1685 2858 1896 2908 dabitur
1937 2857 2000 2908 de
2045 2857 2119 2909 eis
2159 2863 2314 2922 super

739 2947 911 2998 altare
943 2945 1186 2999 Domino.
1224 2946 1566 3000 Sacriﬁcium
1607 2955 1786 2999 autem
1824 2945 2168 3014 pacilieorum
2201 2961 2309 2998 non

739 3037 909 3090 addit.
944 3038 1403 3105 quemadmodum
1449 3039 1734 3108 superius;
1767 3039 1915 3091 omni
1959 3037 2120 3091 modo
2148 3036 2310 3089 intel-

740 3126 893 3195 ligas.
918 3127 984 3179 de
1013 3127 1096 3182 his
1118 3127 1209 3196 qui
1235 3129 1504 3198 mysteriis
1530 3129 1862 3192 tninistrant,
1894 3127 2020 3180 dici.
2051 3126 2114 3178 Hi
2144 3127 2305 3180 etiam

742 3216 1119 3271 holocaustum
1166 3233 1287 3271 esse
1333 3234 1470 3287 opus
1513 3219 1736 3280 habent,
1798 3218 1965 3270 vitam
2011 3215 2308 3286 perfectam

737 3321 794 3363 et
847 3321 1278 3366 consummatam
1338 3321 1582 3382 agentes.
1639 3311 1780 3378 Quid
1833 3321 2014 3363 autem
2075 3309 2160 3362 his
2212 3309 2312 3362 ad-

739 3403 916 3457 didit?

813 3492 1002 3547 Bovem
1035 3505 1083 3547 et
1116 3512 1281 3557 ovem,
1308 3512 1452 3551 aure
1485 3506 1531 3549 et
1570 3498 1739 3550 cauda
1781 3499 2094 3566 amputatis.
2123 3497 2305 3551 volun-

742 3587 880 3638 turie
925 3586 1107 3654 offerre
1151 3596 1318 3656 potest
1352 3603 1370 3643 :
1401 3597 1571 3638 votum
1617 3599 1791 3640 autem
1829 3605 1892 3640 ea:
1924 3588 2004 3642 his
2042 3589 2171 3641 solvi
2209 3603 2312 3639 non

740 3684 925 3741 potest.
972 3674 1134 3729 Omne
1176 3675 1380 3727 animal
1419 3691 1553 3744 quos
1603 3676 1682 3727 vel
1716 3677 1968 3740 contritis,
2005 3679 2083 3728 vel
2127 3677 2306 3736 tonsis.

739 3765 821 3818 vel
862 3766 1011 3818 sectis
1052 3765 1344 3834 ablatisque
1386 3766 1636 3817 testiculis
1674 3775 1768 3827 est,
1801 3782 1902 3818 non
1936 3768 2156 3834 offeretis
2203 3768 2310 3821 Do-

740 3856 905 3907 mino.
941 3856 1232 3923 Disciplina
1255 3870 1385 3923 ergo
1409 3855 1597 3917 multa,
1623 3863 1676 3907 et
1699 3869 1820 3921 quae
1844 3855 2069 3917 det‘ebat
2096 3857 2310 3926 legisla-

743 3952 940 4008 torem,
970 3945 1035 3998 ad
1083 3945 1246 4013 hujus
1286 3943 1695 4000 distinctionem
1741 3931 2006 4000 sermonis
2044 3963 2175 4001 usus
2206 3957 2309 4010 est,

740 4051 902 4103 quam
945 4043 999 4088 et
1035 4036 1088 4088 in
1137 4035 1507 4104 superioribus
1545 4037 1807 4090 custodiri
1838 4045 2071 4104 oportet.
2108 4038 2310 4089 Aurem

740 4134 922 4180 autem
967 4133 1301 4194 amputatam
1338 4125 1524 4190 habet,
1557 4128 1647 4196 qui
1696 4126 2080 4181 inobedientia:
2121 4127 2313 4180 morbo

741 4217 983 4288 languet,
1018 4217 1108 4286 qui
1153 4217 1585 4271 detractionibus
1628 4217 1845 4286 gaudet,
1880 4217 1971 4285 qui
2012 4216 2313 4270 delectatur

741 4309 994 4378 turpibus
1025 4309 1326 4372 auditibus,
1357 4310 1450 4376 qui
1487 4310 1654 4362 bonos
1699 4324 1979 4360 sermones
2008 4319 2308 4361 aversatur.

739 4399 982 4454 Caudam
1017 4409 1348 4467 amputatam
1385 4400 1566 4462 habet,
1599 4399 1688 4466 qui
1726 4399 1792 4452 de
1820 4399 2134 4452 novissimis
2162 4399 2312 4468 cogi-

2415 1944 2667 2013 subjeeit.
2713 1944 2864 1997 Alter
2895 1952 2977 1996 est
3012 1942 3280 2010 siquidem
3313 1941 3404 2010 qui
3448 1940 3705 2009 paulatim
3746 1941 4002 1994 conteri-

2416 2047 2525 2099 tur,
2567 2045 2623 2090 et
2673 2035 2829 2098 alter,
2871 2033 2964 2103 qui
3014 2032 3196 2087 subito
3243 2032 3620 2100 semetipsum,
3673 2042 3844 2099 atque
3891 2047 4005 2084 una

2415 2127 2553 2180 mala
2573 2127 2786 2179 actione
2818 2125 2967 2194 prole
2998 2126 3264 2176 virtutum
3299 2123 3496 2191 privat,
3528 2123 4007 2189 quemadmodum

2415 2218 2622 2280 Simon,
2657 2216 2908 2285 pecuniis
2939 2229 3124 2269 emere
3163 2214 3367 2267 donum
3401 2214 3490 2266 Dei
3525 2214 3810 2267 aestimans
3844 2215 3886 2277 ³,
3921 2225 4006 2267 est

2414 2309 2642 2362 effectus
2692 2324 2722 2360 a
2771 2319 2918 2361 sorte
2967 2307 3087 2375 ejus
3139 2306 3370 2358 alienus.
3420 2304 3526 2358 Sed
3583 2321 3744 2358 unam
3800 2306 4007 2359 harum

2414 2401 2750 2454 macularum
2795 2398 3089 2467 quispiam,
3119 2398 3204 2450 vel
3244 2413 3392 2450 nunc
3429 2397 3719 2460 dictarum,
3747 2397 3843 2450 vel
3877 2414 4009 2466 qut?

2413 2493 2623 2561 pridem
2672 2489 3138 2544 dinumeravimus
3184 2489 3424 2554 habens,
3468 2498 3559 2542 aut
3606 2489 4007 2543 mandatorum

2413 2591 2498 2636 est
2543 2591 2817 2651 operator,
2868 2591 2923 2635 et
2971 2589 3258 2650 propterea
3307 2580 3509 2634 vitulus
3547 2596 3560 2632 :
3601 2591 3696 2632 aut
3734 2581 4006 2648 simplex,

2412 2684 2468 2727 et
2513 2674 2632 2726 ovis
2673 2674 2978 2742 appellatur
3025 2687 3090 2725 ex
3139 2673 3262 2733 hoc,
3310 2673 3609 2725 secundum
3655 2675 3804 2740 quod
3860 2673 4006 2726 LXX

2412 2765 2602 2828 edunt,
2653 2781 2752 2833 pro
2793 2780 2860 2817 eo
2900 2765 3044 2832 quod
3090 2773 3276 2816 nostra
3321 2764 3604 2816 translatio
3646 2765 3815 2817 habet
3859 2783 3870 2818 :
3911 2764 4004 2816 Ve-

2414 2856 2646 2908 luntarie
2693 2856 2867 2924 offerri
2909 2865 3093 2922 potest.
3145 2854 3374 2908 Occides
3420 2870 3484 2908 ea
3529 2855 3903 2923 tibimetipsi;
3953 2867 4010 2908 ut

2412 2963 2522 3002 non
2553 2948 2699 3001 omni
2742 2948 2904 3001 modo
2945 2947 3065 3000 illos
3094 2961 3433 3007 aversemur,
3470 2962 3572 3000 nec
3612 2947 3665 2998 in
3700 2957 3869 3015 parte
3903 2947 4010 2999 ini-

2412 3039 2539 3093 mici
2570 3039 2917 3106 deputemus,
2943 3039 3036 3092 sed
3061 3040 3355 3091 doceamus
3377 3053 3492 3099 eos,
3517 3048 3570 3092 et
3596 3039 4009 3092 exhortemur:

2411 3131 2663 3198 Nunquid
2688 3131 2776 3196 qui
2806 3132 2965 3187 cadit.
2995 3147 3096 3182 non
3130 3131 3344 3198 adiiciet
3383 3139 3438 3182 ut
3469 3141 3732 3200 resurgat,
3770 3142 3876 3183 aut
3921 3133 4010 3200 qui

2412 3239 2626 3277 aversus
2668 3231 2745 3276 est
2791 3239 2892 3275 non
2923 3231 3209 3274 revertetur
3236 3222 3293 3274 ‘?
3331 3221 3517 3275 Occidi
3561 3232 3745 3274 autem
3801 3223 4010 3275 dicun-

2414 3329 2504 3373 tur
2551 3318 2860 3373 mortilicati
2895 3328 3120 3388 peccato
3186 3333 3283 3386 per
3337 3317 3794 3378 admonitionem,
3832 3327 3896 3370 ut
3922 3318 4010 3384 ju-

2415 3411 2579 3464 stitia:
2638 3411 2841 3464 vivant.
2899 3409 2992 3463 lla:
3034 3418 3213 3461 autem
3279 3408 3605 3471 occisiones,
3663 3409 3840 3460 nobis
3907 3409 4009 3460 illis

2415 3502 2544 3555 licet
2581 3502 2949 3562 commisceri,
2997 3500 3090 3554 sed
3123 3515 3221 3568 pro
3248 3510 3375 3552 voto
3417 3515 3524 3551 non
3573 3498 3890 3552 offeramus
3922 3514 4010 3553 eas

2413 3591 2548 3654 Deo,
2581 3593 2631 3645 Id
2663 3601 2746 3645 est
2775 3591 2841 3644 ad
2876 3590 3238 3644 ministerium
3274 3590 3393 3657 ejus
3431 3591 3721 3658 mysticum
3759 3606 3882 3643 non
3923 3605 4008 3643 eas

2414 3683 2755 3736 ordinemus.
2809 3681 2950 3751 Ergo
2993 3681 3286 3749 quamlibet
3329 3680 3710 3748 przedictarum
3760 3682 4007 3735 maculae

2415 3789 2536 3826 rum
2570 3773 2856 3837 habentes,
2894 3773 2938 3825 si
2976 3771 3350 3841 paenitentiam
3391 3772 3602 3840 egerint
3632 3786 3810 3840 super
3839 3788 3928 3834 ea,
3959 3783 4006 3825 et

2414 3864 2582 3917 occisi
2637 3864 2844 3917 fuerint
2897 3863 3312 3917 mortificatione
3363 3862 3574 3931 peccati
3629 3863 4004 3932 suscipiamus

2414 3955 2635 4024 quidem
2680 3969 2798 4014 eos,
2842 3962 2896 4006 et
2938 3953 3246 4006 membrum
3280 3953 3586 4006 communis
3615 3955 3882 4022 corporis
3915 3955 4004 4006 ha-

2413 4044 2640 4097 beamus
2671 4059 2685 4094 :
2716 4042 2842 4111 quia
2873 4039 3113 4095 Christus
3139 4043 3278 4095 venit
3307 4043 3362 4094 in
3394 4043 3531 4094 [tunc
3567 4045 3859 4105 mundum,
3889 4060 4002 4110 pec-

2414 4143 2616 4185 catores
2662 4133 2834 4186 salvos
2884 4133 3058 4201 facere
3085 4131 3127 4195 ';
3179 4133 3368 4185 altario
3420 4142 3603 4185 autem
3648 4133 3854 4187 offerri
3903 4151 4001 4187 non

2415 4223 2558 4276 licet.
2601 4223 2729 4284 llac,
2779 4233 2838 4275 ut
2879 4231 3035 4290 puto,
3085 4224 3438 4277 distinctione
3478 4234 3533 4278 et
3576 4225 3808 4290 Paulus,
3877 4229 4003 4280 scri-

2416 4314 2552 4366 bens
2617 4312 2686 4366 ad
2741 4310 3078 4374 Cerinthios,
3135 4330 3268 4367 usus
3325 4325 3450 4368 est:
3496 4315 3705 4381 Scripsi
3760 4320 3913 4371 vobis
3957 4320 4003 4369 is

2415 4401 2659 4468 epistola,
2695 4418 2797 4453 non
2825 4403 3148 4455 commisceri
3181 4404 3498 4472 fornicariis,
3533 4421 3634 4457 non
3669 4407 3866 4470 utique
3905 4409 4002 4475 for-

741 4499 841 4549 tat,
876 4490 1000 4556 quia
1045 4489 1214 4542 cauda
1264 4498 1350 4542 est
1399 4497 1640 4542 extrema
1691 4504 1813 4556 pars
1857 4487 2122 4557 corporis.
2172 4486 2313 4541 Sunt
2343 4510 2385 4562 υ
2419 4492 2636 4544 nicariis
2663 4492 2845 4544 mundi
2881 4492 3059 4557 huius,
3091 4503 3184 4544 aut
3213 4495 3411 4555 avaris,
3441 4504 3533 4545 aut
3565 4499 3885 4562 rapacibus.
3918 4508 3999 4548 aut

739 4595 873 4648 ergo
908 4579 1124 4647 proprie
1157 4577 1385 4632 caudam
1417 4587 1747 4646 amputatam
1795 4579 2074 4642 habentes,
2108 4578 2202 4647 qui
2245 4593 2308 4631 ea

738 4688 862 4741 qua:
905 4681 1033 4724 sunt
1085 4670 1404 4732 novissima,
1446 4671 1655 4737 abjeeta
1703 4687 1765 4722 ac
1818 4671 1962 4731 vilia,
1991 4679 2045 4722 et
2087 4671 2308 4723 minima

739 4763 1008 4831 pendunt,
1049 4762 1142 4830 qui
1187 4762 1320 4814 nihil
1361 4761 1579 4814 sibimet
1620 4763 1670 4812 in
1704 4762 1901 4814 futuris
1940 4761 2150 4814 sacculis
2186 4761 2307 4814 the-

741 4838 1040 4908 saurizant.
1067 4854 1160 4921 qui
1207 4854 1403 4906 futuris
1444 4867 1552 4904 non
1593 4852 1898 4920 provideat,
1940 4851 2032 4920 qui
2065 4851 2254 4905 dicunt
2289 4869 2304 4906 :

741 4943 1114 4998 Manducemus
1157 4952 1206 4996 et
1257 4943 1513 5004 bibamus,
1573 4959 1689 4994 cras
1736 4944 1873 4996 enim
1915 4944 2198 4995 moriemur
2237 4944 2306 4995 ”.

740 5035 1006 5088 Contritis
1038 5034 1304 5088 testiculis
1331 5042 1437 5095 est,
1468 5033 1559 5101 qui
1597 5033 1851 5101 paulatim
1883 5043 2166 5087 crescente
2192 5049 2308 5086 ma-

740 5126 878 5188 lilia,
914 5125 1147 5178 conterit
1184 5140 1336 5177 suam
1373 5123 1427 5176 in
1462 5123 1752 5177 virtutibus
1790 5125 2019 5191 prolem,
2049 5132 2104 5177 et
2134 5123 2309 5192 signa,

739 5230 840 5282 per
871 5229 990 5281 qua:
1022 5215 1104 5267 vir
1143 5215 1318 5283 possit
1361 5213 1602 5282 agnosci.
1633 5213 1734 5276 Qui
1771 5224 1828 5267 et
1864 5224 2010 5268 recte
2055 5214 2313 5282 reproba-

743 5316 850 5365 tur,
901 5305 1027 5372 quia
1086 5304 1410 5374 sibimetipsi
1463 5305 1515 5357 in
1568 5305 1767 5359 talibus
1813 5306 2038 5366 nocuit,
2092 5306 2160 5358 de
2206 5321 2314 5372 quo

741 5397 876 5450 dixit
915 5397 1080 5451 David
1117 5417 1128 5450 :
1163 5398 1300 5453 Dum
1347 5401 1772 5468 confringantur'
1797 5398 1972 5449 omnia
2017 5413 2134 5450 ossa
2171 5414 2310 5460 mea,

743 5489 1191 5554 exprobrauerunt
1214 5508 1294 5543 me
1316 5493 1404 5559 qui
1440 5491 1693 5543 tribulam
1726 5506 1805 5541 me
1829 5489 1896 5541 ".
1929 5487 2125 5541 Tonsis
2158 5488 2312 5541 testi-

818 5701 865 5729 ’⁵
898 5709 1033 5763 l'sal.
1060 5727 1204 5767 xux.
1238 5711 1320 5764 16.

747 5778 835 5835 15.
911 5780 930 5810 ¹
965 5781 1096 5834 ibid.

1429 5713 1474 5742 "
1499 5710 1656 5764 Prov.
1688 5729 1763 5769 τι.
1786 5710 1837 5767 6.

1179 5784 1196 5810 ³
1233 5782 1348 5836 Act.
1386 5793 1498 5848 vn‘t,
1524 5782 1610 5838 ευ.
1689 5785 1707 5813 ⁸
1732 5782 1824 5836 l‘s.
1856 5799 1941 5848 xl,
1986 5783 2036 5837 9.

1945 5712 1988 5749 ³⁷
2014 5711 2030 5763 1
2061 5711 2186 5766 Cor.
2223 5727 2297 5771 vt,
2330 5710 2414 5763 18.
2513 5711 2556 5742 ’⁸

1986 5783 2036 5837 9.
2115 5783 2137 5813 ⁸
2166 5780 2206 5836 11
2239 5782 2374 5836 Tim.
2408 5781 2556 5848 ι,15.

2420 4585 2574 4636 idolis
2621 4581 2987 4643 servientibus,
3033 4584 3326 4635 debueratis
3372 4585 3509 4637 enim
3551 4601 3616 4637 ea:
3660 4586 3764 4637 hoc
3812 4591 3999 4638 inuade

2420 4675 2602 4726 exisse.
2636 4673 2786 4724 Nunc
2816 4682 2990 4724 autem
3020 4673 3204 4738 scripsi
3238 4673 3379 4725 vobis
3415 4689 3515 4724 non
3548 4675 3912 4726 commisceri.

2420 4765 2464 4816 is
2492 4765 2581 4832 qui
2610 4766 2772 4832 frater
2797 4763 3118 4824 nominatur,
3146 4771 3238 4814 aut
3272 4764 3559 4831 fornicator
3588 4772 3685 4822 est,
3721 4774 3820 4814 aut
3858 4766 3994 4816 idolis

2421 4856 2668 4916 serviens,
2711 4862 2804 4905 aut
2864 4869 3088 4917 avarus,
3135 4857 3418 4917 detractor,
3455 4863 3546 4905 aut
3595 4854 3870 4915 ebriosus,
3915 4865 3992 4905 aut

2422 4961 2615 5012 rapax,
2646 4961 2766 4996 cum
2800 4944 3101 5011 hujusmodi
3133 4960 3224 4997 nec
3259 4945 3425 4996 cibum
3460 4960 3669 4996 sumere
3697 4948 3741 4996 ‘.
3786 4945 3991 4997 Fratres

2418 5035 2710 5088 nominans
2759 5034 2888 5098 illic,
2935 5048 3032 5086 eos
3082 5034 3175 5102 qui
3228 5033 3422 5087 altario
3477 5033 3820 5094 ministrant,
3878 5035 3984 5101 quia

2419 5123 2652 5177 maxime
2685 5138 2801 5182 eos.
2833 5123 2925 5191 qui
2968 5123 3233 5176 doctrinae
3271 5123 3445 5177 sortiti
3480 5131 3610 5176 sunt
3647 5124 3982 5193 dignitatem.

2419 5225 2473 5269 et
2515 5215 2714 5283 quibus
2757 5229 2992 5283 praeesse
3036 5215 3253 5283 populis
3293 5215 3560 5268 creditum
3597 5225 3705 5268 est.
3753 5215 3817 5268 lli
3859 5217 3981 5269 enim

2422 5307 2464 5360 si
2499 5307 2628 5375 quid
2664 5307 2770 5360 tale
2814 5306 3124 5363 habuerint.
3159 5307 3336 5360 modis
3375 5306 3631 5359 omnibus
3660 5318 3886 5376 oportet
3915 5323 3980 5360 so-

2420 5397 2675 5450 cietatem
2735 5411 2924 5449 eorum
2976 5397 3216 5450 aversari
3264 5415 3276 5450 :
3329 5399 3456 5466 quia
3512 5413 3681 5466 super
3743 5401 3976 5468 populum

2421 5489 2697 5542 abundare
2723 5488 3018 5541 virtutibus
3046 5488 3101 5541 hi
3121 5489 3212 5554 qui
3237 5499 3497 5558 praesunt,
3518 5505 3753 5545 necesse
3781 5493 3974 5549 habent.

2513 5708 2743 5764 “lCor.
2780 5726 2864 5770 xv.
2895 5711 2983 5763 52.
3087 5713 3130 5742 ”
3161 5708 3248 5766 Ps.
3296 5727 3404 5777 xu,
3437 5709 3525 5765 11.

2636 5782 2699 5833 ⁸1
2736 5782 2861 5835 Cor.
2895 5797 2947 5847 v,
2983 5781 3133 5834 9-12.

3609 5710 3628 5744 ι
3661 5710 3758 5768 Ps.
3794 5729 3915 5777 nn,
3935 5712 3972 5775 Ξ,
