4158 6450
150 387 271 454 1077

1264 401 1342 459 ΙΝ
1385 397 1818 458 LEVITICUM.
1863 423 1918 432 ---
1968 398 2111 456 LIB.
2147 397 2243 456 Vl.

3276 398 3408 463 1078

143 516 196 561 et
237 509 337 577 ipsi
384 511 616 565 maxime
661 529 782 568 esse
822 515 942 569 sine
992 515 1225 569 macula.
1272 514 1403 569 Nam
1447 515 1720 583 quomodo
1752 522 1792 574 Α
1824 530 1909 581 ges
1945 514 2130 564 matris
2161 523 2263 564 tua:
2289 513 2349 562 “.
2377 511 2608 578 Quando
2643 527 2770 582 ergo
2801 513 2997 582 aliquis
3021 514 3193 583 gratia
3227 512 3406 570 Evan-

143 601 270 653 alias
297 604 595 658 eniundare
629 621 656 659 a
694 607 1091 675 pollutionibus
1121 608 1390 677 possunt?
1424 609 1491 661 de
1520 607 1717 676 quibus

143 691 254 744 haec
281 693 555 761 legislator
587 698 844 767 princepit
874 717 885 751 :
921 700 986 752 Et
1017 701 1072 752 in
1107 710 1248 754 terra
1280 711 1448 754 vestra
1481 701 1573 752 hor:
1604 718 1708 752 om-

141 784 261 834 nino
287 799 388 836 non
419 787 655 854 faciatis,
675 799 723 842 et
751 792 814 843 de
839 808 1000 844 manu
1027 792 1337 862 alienigena:
1366 810 1464 846 non
1498 793 1718 861 oﬂ‘eretis

141 891 298 940 panes
346 876 570 932 Domino
613 879 718 934 Deo
770 892 960 946 vestro,
994 897 1042 938 et
1090 886 1344 954 quidquid
1391 886 1539 938 aliud
1590 887 1720 939 dare

141 966 413 1028 voluerint,
459 972 582 1038 quia
635 986 888 1041 corrupta
939 984 990 1029 et
1037 979 1307 1030 maculata
1357 987 1475 1029 sunt
1519 979 1718 1042 omnia,

139 1074 239 1110 non
267 1063 562 1130 suscipietis
589 1081 674 1116 ea.

209 1149 316 1204 Nec
356 1167 458 1205 nos
495 1170 624 1224 ergo
660 1156 716 1209 in
759 1165 904 1211 terra
940 1169 1125 1212 nostra
1159 1159 1488 1229 quih‘tlsdam
1532 1163 1718 1217 talium

139 1243 476 1298 macularum
505 1247 745 1301 studium
777 1249 990 1304 demus.
1020 1251 1118 1305 Est
1147 1261 1328 1306 autem
1359 1263 1498 1306 terra
1533 1265 1720 1309 nostra

139 1334 280 1388 bona
336 1341 706 1404 conversatio,
757 1357 878 1410 quae
926 1355 1196 1413 praecepta
1245 1356 1327 1400 est
1369 1363 1465 1415 per
1509 1349 1722 1403 divinas

137 1427 470 1495 Scripturas,
497 1445 659 1498 quam
685 1451 711 1485 a
739 1433 848 1488 Deo
877 1435 1060 1490 colere
1085 1438 1452 1507 percepimus.
1483 1437 1590 1494 Sed
1621 1456 1722 1495 nec

138 1519 477 1588 alienigenae,
514 1525 771 1578 videlicet
800 1526 890 1592 qui
925 1527 1122 1580 doetus
1154 1537 1260 1592 est,
1301 1538 1356 1582 et
1385 1531 1628 1599 adjectus
1655 1531 1724 1585 de

139 1611 289 1670 toris,
325 1612 450 1666 talia
497 1616 638 1668 dona
688 1615 796 1669 Deo
838 1616 1093 1670 offerenti
1134 1619 1297 1673 medii
1342 1621 1514 1675 simus
1550 1640 1562 1674 :
1596 1623 1722 1690 quia

139 1705 418 1771 corruptio
449 1705 505 1756 in
535 1706 614 1758 eis
645 1717 758 1768 est,
779 1722 880 1761 nos
907 1717 1092 1762 autem
1122 1710 1233 1763 Deo
1263 1712 1582 1781 incorrupto
1606 1727 1723 1766 ser-

136 1795 315 1846 \imus
366 1814 380 1848 :
425 1799 692 1851 maculam
752 1799 976 1864 habent,
1021 1815 1124 1855 nos
1165 1811 1349 1856 autem
1389 1803 1442 1856 in
1487 1804 1719 1859 Ecclesia

137 1886 525 1954 tninistramus,
551 1893 638 1944 cui
668 1892 872 1946 dictum
901 1902 984 1946 est
1016 1908 1044 1945 a
1070 1909 1305 1962 sponso:
1332 1895 1457 1948 Tota
1492 1896 1711 1963 pulchra

133 1992 208 2038 es,
241 1982 481 2043 proxima
519 1999 658 2043 mea,
691 1993 739 2037 et
773 1985 982 2038 macula
1017 2003 1118 2038 non
1146 1997 1219 2040 est
1255 1990 1310 2039 in
1345 1999 1392 2041 te
1422 1990 1460 2041 ⁷.
1507 1989 1579 2042 De
1607 2005 1710 2056 qua

132 2069 334 2127 Paulus
374 2074 587 2130 dicebat
626 2096 639 2130 :
677 2079 736 2132 Ut
772 2079 1027 2132 exhiberet
1073 2080 1173 2133 sibi
1203 2080 1487 2150 gloriosam
1530 2081 1713 2135 Eccle-

129 2164 268 2215 sium
292 2180 393 2218 non
419 2166 690 2221 habentem
720 2170 1006 2234 maculam,
1039 2182 1132 2224 aut
1157 2189 1364 2242 rugam,
1390 2183 1482 2226 aut
1508 2174 1714 2244 aliquid

129 2255 430 2322 tmjusmodi
456 2258 497 2310 ⁸.
544 2257 769 2328 Pr0ptcr
797 2263 944 2330 quod
974 2265 1111 2317 nihil
1141 2267 1410 2320 maculam
1449 2268 1656 2321 habens
1682 2284 1711 2321 a

131 2347 288 2400 nobis
330 2349 442 2403 Deo
474 2351 704 2406 offeretu
717 2371 758 2407 r.

204 2443 362 2496 Vens.
385 2444 565 2500 26-28.
597 2467 613 2497 ι
640 2447 988 2520 Locutusque
1007 2461 1091 2506 est
1115 2452 1375 2506 Dominus
1396 2452 1462 2504 ad
1489 2451 1708 2523 Moysen

126 2532 361 2588 dicens:
401 2535 523 2598 Bos,
571 2539 709 2602 ovis,
757 2553 811 2592 et
857 2557 1040 2609 capra,
1081 2558 1204 2595 cum
1251 2543 1434 2611 genita
1487 2543 1708 2608 fuerint,

128 2637 338 2693 Septem
388 2628 583 2682 diebus
624 2646 784 2686 erunt
840 2633 942 2686 sub
985 2635 1152 2687 ubere
1202 2637 1390 2689 matris
1441 2653 1574 2689 suat.
1616 2636 1712 2692 Die

125 2727 314 2772 autem
342 2731 553 2786 octavo,
573 2734 627 2776 et
652 2725 936 2796 deinceps,
960 2727 1144 2781 offerri
1178 2740 1434 2796 poterunt
1461 2725 1711 2794 Doniine,

127 2807 247 2862 sive
276 2810 367 2863 ille
398 2811 517 2872 hos,
552 2814 668 2867 sive
703 2815 789 2868 illa
823 2817 962 2882 ovis,
991 2833 1098 2871 non
1132 2820 1561 2877 immolabuntur
1607 2840 1713 2878 una

127 2899 221 2952 die
253 2915 376 2954 cum
410 2902 612 2958 fetibus
641 2905 778 2958 suis.
817 2925 834 2958 ι

206 2991 378 3046 Mater
402 2995 581 3050 omnis
609 2997 862 3052 animalis
896 3001 1082 3071 utique
1115 3016 1306 3058 natura
1347 3015 1447 3065 est.
1480 3007 1583 3060 sub
1613 3008 1712 3061 hac

127 3099 296 3138 omne
346 3102 518 3155 genus
568 3089 872 3159 hominum,
927 3104 1276 3163 peccatorum
1317 3109 1371 3150 et
1419 3099 1714 3167 justorum,

1822 606 1942 670 gelii
1969 613 2261 676 generatus
2297 604 2480 668 fuerit,
2524 608 2833 660 secundum
2863 607 3113 676 quod‘ait
3163 607 3362 661 Paulus
3399 629 3410 665 ;

1820 697 1881 750 In
1917 697 2122 752 Christo
2151 699 2288 750 enim
2305 698 2425 750 Jesn
2462 715 2554 767 per
2583 698 2928 768 Evangelinm
2946 716 3037 768 ego
3061 716 3146 752 vos
3168 700 3322 770 genui
3343 701 3408 763 η,

1821 788 1923 841 sub
1986 786 2312 858 intelligibili
2354 796 2527 841 matre
2563 787 2826 846 Ecclesia,
2853 787 2938 839 vel
2975 787 3144 856 gratia
3197 793 3408 854 septem

1821 881 1957 944 dies,
2023 890 2189 934 totam
2250 879 2503 934 videlicet
2559 887 2887 949 praesentem
2943 879 3130 938 vitam,
3170 893 3292 946 qua!
3352 879 3406 931 in

1821 983 2030 1042 septem
2053 971 2168 1027 dies
2189 972 2443 1031 volvitur.
2468 971 2572 1025 erit
2600 971 2808 1040 legibus
2822 972 2940 1040 ejus
2958 980 3012 1023 et
3031 971 3408 1024 sanctionibus

1819 1066 2103 1119 obediens.
2135 1063 2225 1118 Sic
2270 1065 2419 1120 enim
2465 1059 2656 1118 octava
2691 1064 2799 1123 die,
2827 1065 2880 1116 in
2927 1073 3174 1131 tempore
3221 1078 3404 1116 resur-

1830 1157 2127 1219 rectionis,
2177 1157 2381 1210 donum
2437 1156 2543 1210 erit
2591 1166 2645 1210 et
2698 1156 2871 1209 hostia
2935 1154 3166 1208 Domino
3217 1169 3231 1207 :
3283 1154 3406 1224 quia

1824 1249 2130 1317 lmjusmodi
2173 1264 2281 1302 non
2313 1249 2487 1302 solum
2520 1247 2749 1312 animas,
2787 1247 2882 1301 sed
2909 1256 2964 1301 et
2983 1261 3212 1317 corpora
3242 1247 3409 1302 sacri-

1825 1341 2002 1394 licium
2075 1347 2325 1392 sanctum
2373 1339 2741 1409 placitumque
2778 1337 3038 1407 suscepit.
3092 1337 3174 1391 Tu
3221 1343 3404 1392 autem

1823 1441 2044 1500 pr0pter
2066 1431 2170 1484 hoc
2202 1431 2344 1499 quod
2384 1432 2633 1499 sequitur
2655 1431 2804 1485 disce
2829 1447 2842 1483 :
2867 1428 2988 1484 Sive
3029 1428 3121 1482 ille
3149 1429 3270 1498 bos,
3303 1429 3409 1482 sive

1822 1523 1914 1575 illa
1949 1524 2081 1587 ovis,
2109 1539 2209 1576 non
2236 1523 2650 1576 immolabantur
2676 1539 2781 1575 una
2808 1523 2892 1575 die
2914 1538 3031 1575 cum
3066 1521 3253 1590 fetibus
3276 1521 3405 1573 suis.

1895 1612 1994 1668 llic
2024 1612 2339 1666 nominibus
2371 1613 2503 1683 ipsis
2533 1613 2678 1666 aliud
2726 1627 2919 1666 rursus
2966 1611 3227 1666 ostendit.
3291 1610 3408 1663 Non

1822 1714 2038 1772 oportet
2085 1705 2231 1758 enim
2283 1721 2401 1769 eos,
2457 1706 2551 1774 qui
2591 1705 2800 1760 Pascha
2842 1705 3219 1774 evangelicum
3265 1704 3410 1757 cele-

1825 1797 2004 1859 brant,
2039 1796 2186 1865 quod
2237 1797 2396 1850 nobis
2426 1795 2664 1851 Ecclesia
2705 1796 2946 1873 tradidit,
2999 1796 3166 1866 legale
3207 1794 3409 1848 Pascha

1753 1880 1794 1932 Β
1825 1903 2100 1958 peragere,
2133 1890 2275 1958 quod
2302 1890 2495 1951 bovem
2533 1899 2589 1944 et
2610 1905 2766 1944 ovem
2793 1889 3068 1961 legislator
3107 1889 3296 1942 dicens
3337 1889 3409 1942 si»-

1817 1983 2034 2052 guilicat
2062 2001 2074 2035 :
2105 1983 2230 2052 quia
2262 1985 2379 2039 haec
2407 1984 2668 2054 praecepit
2702 1983 2911 2054 Moyses
2941 1983 2996 2036 in
3032 1983 3120 2036 die
3161 1982 3407 2044 Paschzn,

1815 2075 1956 2144 quod
1987 2075 2245 2129 traditum
2291 2085 2375 2130 est
2422 2075 2629 2133 Judaeis
2675 2076 2979 2140 immolare,
3012 2076 3086 2128 ait
3123 2075 3307 2127 enim:
3343 2073 3410 2126 Et

1815 2167 2115 2220 immolabis
2145 2165 2352 2220 Pascha
2386 2167 2611 2219 Domino
2640 2167 2749 2220 Deo
2788 2181 2896 2229 tuo,
2927 2183 3042 2219 oves
3079 2176 3123 2218 et
3153 2166 3300 2217 boves
3327 2164 3367 2193 ¹³
3393 2182 3405 2216 :

1816 2258 1958 2311 sicut
2010 2257 2420 2311 Deuteronomii
2476 2257 2612 2312 liber
2673 2257 2965 2312 ostendere
2991 2265 3190 2325 potest.
3244 2257 3409 2310 Fetus

1814 2358 1997 2403 autem
2053 2350 2269 2410 horum,
2311 2349 2534 2403 Paschze
2579 2351 2762 2419 hujus,
2827 2349 2940 2404 sive
2981 2349 3190 2403 Veteris
3218 2347 3411 2403 Testa-

1817 2444 2005 2502 menti.
2040 2453 2094 2498 et
2140 2443 2260 2513 ejus
2285 2461 2405 2514 qua:
2456 2446 2507 2498 in
2543 2444 2748 2514 figuris
2775 2456 2861 2500 est
2884 2446 3193 2500 traditionis
3223 2464 3235 2498 :
3272 2446 3408 2501 dixit

1815 2537 1962 2590 enim
1997 2536 2142 2591 fetus
2166 2538 2304 2605 ejus,
2337 2537 2675 2591 lintniuicum
2727 2538 2892 2608 igitur
2922 2536 3153 2596 Pascha.
3187 2549 3410 2609 propter

1817 2630 2113 2683 novitatem
2132 2631 2414 2698 temporis,
2448 2639 2501 2683 et
2529 2631 2654 2699 quia
2686 2631 2752 2684 ad
2791 2630 3262 2684 confirmationem
3309 2648 3408 2683 ve-

1820 2720 1993 2774 ritatis
2031 2720 2256 2789 figuram
2308 2722 2641 2790 praecedens,
2687 2722 2866 2775 multo
2920 2739 3043 2776 eum
3098 2722 3409 2792 signiﬁcans

1821 2824 2066 2882 tempore
2110 2814 2568 2881 quemadmodum
2621 2814 2952 2882 parturiens,
3006 2823 3152 2867 recte
3216 2829 3408 2882 parere

1818 2905 2036 2959 dicitur.
2060 2905 2178 2958 Non
2210 2921 2340 2974 ergo
2379 2915 2637 2974 oportere
2666 2921 2768 2957 nos
2805 2906 3072 2959 habentes
3119 2906 3172 2958 in
3231 2907 3408 2960 mani-

1820 2996 1943 3059 bus,
1974 3006 2030 3050 et
2056 3006 2503 3052 consunnnantes
2533 3013 2721 3050 verum
2764 2998 3102 3067 mysterium,
3141 2998 3292 3067 sequi
3343 3000 3409 3050 li-

1821 3105 2007 3159 guras,
2033 3104 2154 3158 quae
2177 3089 2433 3158 praadicta
2463 3099 2592 3143 sunt
2623 3092 3036 3145 demonstrant:
3063 3107 3240 3159 neque
3263 3092 3408 3144 enim

127 3183 346 3243 septem
384 3177 576 3234 diebus
605 3192 709 3246 est,
742 3185 809 3237 ah
839 3196 1026 3239 octava
1063 3199 1244 3241 autem
1277 3188 1384 3256 iam
1423 3205 1552 3243 non.
1583 3191 1715 3244 Nam

1820 3187 1905 3234 est
1928 3179 2178 3249 ejusdem
2211 3182 2474 3247 temporis
2508 3197 2520 3233 :
2554 3182 2646 3236 sed
2678 3183 2820 3236 aliud
2865 3182 3084 3251 quidem
3137 3183 3411 3250 pertinere

125 3268 233 3319 etsi
265 3280 521 3337 operator
546 3275 669 3342 quis
700 3276 770 3329 sit
801 3279 1203 3345 mandatorum,
1231 3281 1314 3333 vel
1347 3283 1598 3351 simplex,
1633 3285 1714 3336 vel

128 3368 408 3425 peccator,
456 3373 550 3416 aut
589 3379 656 3418 ex
706 3379 1013 3436 peccatore,
1049 3380 1257 3438 septem
1301 3371 1509 3436 diebus,
1548 3358 1616 3426 id’
1637 3384 1720 3427 est

127 3466 297 3504 omne
355 3468 599 3520 praesens
653 3460 953 3523 saeculum,
1007 3471 1224 3530 oportet
1271 3478 1395 3516 eum
1447 3464 1719 3518 sustinere

125 3559 476 3615 quzecunque
533 3559 730 3605 natura
783 3553 1092 3619 desiderat,
1144 3558 1608 3625 quemadmodum
1667 3568 1721 3612 et

127 3637 202 3687 de
232 3635 510 3692 Salvatore
546 3628 741 3696 dicerd
763 3649 1109 3717 praesumpsit
1142 3649 1363 3711 Paulus,
1395 3651 1716 3717 ostendens,

125 3729 258 3795 quia
306 3745 370 3783 ex
409 3744 613 3797 nostra
665 3747 859 3791 natura
909 3741 1210 3795 secundum
1267 3759 1487 3797 carnem
1545 3745 1719 3799 factus

124 3821 338 3889 absque
384 3834 630 3891 peccato,
666 3829 850 3883 omnia
886 3847 1081 3900 passus
1124 3844 1206 3888 est
1252 3802 1373 3904 quze
1412 3847 1571 3891 erant
1621 3854 1720 3891 na-

125 3913 480 3979 turze’.Quia
536 3926 719 3972 autem
783 3922 936 3990 pueri
991 3926 1540 3982 communicaverunt
1594 3945 1722 3983 san-

123 4002 298 4068 gguine
327 4014 382 4058 et
411 4021 598 4071 carne,
632 4010 887 4066 similiter
911 4022 967 4067 et
997 4014 1088 4069 ille
1118 4018 1470 4088 participavit
1500 4020 1715 4075 iisdem.

123 4094 238 4147 Sed
269 4097 490 4163 quando
529 4101 694 4155 vitam
730 4115 1058 4171 przesentcm
1099 4108 1307 4178 egressi
1346 4109 1635 4177 fuerimus,
1667 4124 1722 4168 et

124 4185 183 4238 in
235 4187 324 4240 die
375 4191 515 4244 bona
567 4203 907 4250 mortuorum
959 4203 1383 4258 resurrectionis
1430 4207 1717 4261 constituti

122 4277 422 4348 fuerimus,
454 4299 520 4336 ex
557 4295 705 4350 tunc,
735 4297 791 4340 et
822 4288 1103 4359 deinceps,
1140 4307 1304 4349 omne
1339 4295 1598 4350 szeculum
1635 4297 1722 4350 fu-

122 4382 316 4423 turum
354 4389 462 4426 non
489 4375 600 4442 jam
629 4378 730 4431 sub
769 4388 961 4446 matre,
993 4397 1114 4450 qua:
1151 4361 1426 4448 dieta‘est,
1463 4387 1672 4458 erimus
1705 4406 1718 4440 :

118 4477 329 4531 neque'
360 4465 506 4520 enim
554 4467 644 4520 hic
689 4472 1032 4528 naturalibus
1073 4477 1496 4532 necessitatibus
1535 4479 1719 4545 suhja-

1821 3271 1887 3324 ad
1923 3271 2172 3341 figuram,
2210 3271 2354 3326 aliud
2387 3282 2569 3326 autem
2604 3274 2667 3328 ad
2708 3276 3016 3336 veritatem,
3051 3274 3143 3342 qui
3181 3282 3410 3342 utraque

1821 3361 2050 3416 sancivit
2070 3366 2348 3433 prtecepit.
2383 3364 2610 3434 Pmpter
2637 3367 2778 3434 quod
2810 3375 2864 3419 et
2892 3365 3144 3420 Christus
3175 3368 3406 3434 primum

1796 3429 2120 3507 “celebravit
2185 3453 2477 3523 figurarum
2511 3454 2715 3510 Pascha
2753 3475 2764 3509 :
2795 3466 2920 3527 post.
2963 3473 3178 3513 umnam
3203 3471 3407 3518 autem,

1825 3544 2218 3613 intelligibilem
2252 3547 2433 3612 tradit,
2464 3558 2519 3602 et
2541 3559 2867 3620 angustante
2899 3565 3018 3604 eam
3045 3559 3289 3619 tempore
3313 3549 3414 3623 pro

1823 3637 1909 3689 die
1954 3638 2143 3691 horam
2199 3639 2526 3704 itnmutavit,
2553 3642 2636 3696 vel
2676 3643 2848 3712 magis
2902 3643 3065 3697 etiam
3118 3642 3284 3706 diem,
3331 3643 3408 3695 sic

1823 3729 1966 3782 enim
1993 3730 2062 3783 ad
2105 3745 2410 3799 vesperam,
2439 3743 2647 3801 quartae
2691 3734 2919 3789 decima:
2949 3734 3075 3798 diei,
3104 3747 3259 3788 cmna
3307 3731 3404 3785 Ju-

1823 3822 1992 3875 daica:
2021 3823 2291 3891 paschalis
2323 3825 2632 3880 feStivitatis
2661 3826 2973 3880 celebratur
2998 3844 3010 3878 :
3039 3833 3164 3895 post
3192 3825 3296 3879 hoc
3316 3823 3436 3877 au-‘

1826 3917 1931 3961 tem
1973 3907 2223 3962 Christus
2254 3910 2526 3978 propriam
2565 3911 2784 3965 tradidit
2811 3926 3021 3964 ctenam
3062 3929 3076 3964 :
3108 3917 3232 3979 post
3282 3925 3404 3962 ves-

1825 4009 2010 4062 peram
2045 4011 2174 4066 ergo
2201 3992 2410 4064 qtl‘artae
2433 3998 2660 4052 decimae
2686 3999 2790 4052 dici
2822 3999 3064 4053 tradidit.
3101 3999 3259 4064 Quod
3307 4012 3407 4050 su-

1825 4097 1930 4140 tem
1961 4097 2084 4157 post
2114 4104 2400 4159 vesperum
2417 4101 2501 4145 est
2535 4101 2768 4161 tempus,
2793 4092 3016 4146 alterius
3050 4093 3157 4147 diei
3196 4093 3408 4147 initium

1823 4177 2143 4232 omnimodo
2171 4187 2256 4232 est
2284 4198 2296 4233 :
2335 4182 2623 4250 oportebat
2661 4183 2806 4234 enim
2846 4183 2948 4236 hoc
2977 4183 3093 4236 lieri
3126 4183 3191 4236 ad
3234 4196 3410 4239 osten-

1824 4268 2031 4321 sionem
2082 4271 2341 4339 temporis
2372 4271 2497 4339 quia
2547 4274 2766 4342 quando
2813 4273 2979 4326 Vetus
3011 4273 3172 4328 finem
3223 4278 3408 4339 sumit,

1824 4367 1955 4411 tunc
1978 4357 2189 4412 Novum
2216 4359 2428 4428 incipit.
2462 4361 2728 4414 Autforte
2759 4361 2903 4415 fetus
2939 4361 3059 4415 illos
3089 4363 3171 4416 lex
3204 4363 3410 4433 signiti-

1823 4456 1929 4509 cat,
1960 4447 2027 4502 de
2051 4447 2253 4517 quibus
2276 4447 2440 4503 Isaias
2465 4451 2680 4505 dicebat
2711 4467 2723 4504 :
2763 4451 2900 4504 Puer
2938 4463 3094 4506 natus
3129 4464 3204 4506 est
3245 4456 3404 4507 nobis,

115 4554 399 4609 echimus.
427 4556 624 4614 Octava
648 4572 824 4615 autent
846 4563 931 4617 die
955 4566 1130 4655 offerri
1151 4571 1360 4636 poterit.
1389 4569 1544 4636 Quod
1575 4539 1716 4626 ωὶι
1753 4553 1794 4607 ί)
1825 4539 1966 4607 ﬁam
1991 4542 2148 4594 dan“
2177 4551 2251 4655 ff!
2277 4543 2422 4595 "abis
2451 4543 2515 4595 ’δ’
2545 4543 2911 4655 Remisit?“
2937 4548 3082 4599 "im
3120 4547 3235 4599 hinc
3291 4564 3410 4616 qua.

115 4647 212 4700 sic
239 4649 412 4702 edunt
441 4669 454 4702 :
491 4651 640 4705 Dona
678 4664 854 4708 autem
889 4647 1088 4711 hostias
1124 4660 1370 4722 Domino,
1407 4664 1458 4718 id
1487 4674 1570 4719 est
1599 4681 1722 4735 per-

115 4742 273 4794 fecta
310 4751 363 4795 et
404 4743 637 4809 integra,
675 4745 729 4799 hi
769 4747 861 4815 qui
904 4748 956 4802 in
994 4750 1092 4804 hac
1127 4752 1237 4809 vita
1273 4762 1728 4823 preparaverunt

112 4833 465 4889 oblationem
507 4853 679 4916 suam.
717 4838 1012 4894 Sciendum
1053 4851 1138 4896 est
1169 4853 1376 4908 autem.
1408 4847 1555 4916 quod
1579 4863 1719 4916 quo-
1775 4859 1794 4880 ⁴

112 4927 279 4978 niam
343 4913 619 4981 mutabilis
675 4939 759 4984 est
823 4941 1010 4985 nostra
1073 4936 1219 4998 vita,
1279 4913 1721 5006 mutationesque

112 5015 332 5068 multas
390 5025 443 5068 et
491 5019 804 5073 voluntates
855 5023 1106 5092 suscipit,
1149 5035 1340 5078 octava
1387 5026 1475 5080 die
1516 5027 1721 5080 oblatio

109 5116 380 5176 accepta,
413 5109 467 5160 in
499 5111 696 5165 saeculo
727 5113 935 5168 scilicet
970 5114 1156 5170 futuro
1190 5118 1279 5182 sit,
1317 5129 1542 5187 propter
1574 5121 1718 5188 quod

109 5199 267 5254 dixit
314 5198 567 5254 Salomon
602 5221 616 5256 :
656 5204 787 5257 Ante
823 5217 1042 5260 mortem
1077 5224 1138 5261 ne
1179 5208 1360 5262 laudes
1404 5227 1718 5280 queinquam

109 5287 398 5339 hominum
423 5288 486 5340 ¹⁶.
514 5288 651 5344 Cum
673 5303 858 5346 autem
887 5295 1000 5348 INBC
1023 5297 1095 5350 ita
1119 5312 1177 5351 se
1205 5298 1462 5360 habeant,
1491 5311 1717 5354 matrem

113 5395 325 5432 rursus
355 5378 652 5435 Ecclesiam
697 5394 751 5437 et
781 5387 1035 5454 gratiam,
1087 5405 1208 5458 qum
1232 5389 1284 5443 in
1319 5406 1382 5444 ea
1415 5401 1520 5453 est,
1557 5392 1718 5445 intel-

112 5474 385 5537 ligamus,
446 5474 513 5527 de
576 5491 680 5544 qua
735 5476 990 5532 Salomon
1057 5481 1109 5534 iu
1176 5483 1486 5537 Proverbiis
1539 5485 1713 5538 dicit:

112 5561 294 5626 Audi,
327 5562 425 5628 ﬁli,
453 5564 789 5632 disciplinam
832 5571 999 5636 patris
1046 5571 1143 5636 tui,
1177 5583 1226 5624 et
1266 5588 1328 5625 ne
1359 5574 1620 5626 dimiseris
1647 5575 1717 5627 Ie-

233 5763 255 5790 ’
282 5763 441 5818 Cant.
479 5784 550 5820 tv.
581 5771 630 5821 7.

147 5835 162 5842 η
196 5768 255 5842 ⁸⁷
282 5768 441 5818 Cant.
479 5771 630 5842 tv.77.
745 5768 766 5803 ⁸
799 5768 996 5840 Ephes.
1026 5792 1076 5834 v,
1105 5775 1194 5829 Ξῖ.

117 5832 162 5860 ¹⁵⁷
193 5832 360 5887 Deut.
399 5849 504 5897 uti,
539 5841 595 5894 2.

675 5841 713 5869 ’δ
746 5841 845 5894 lsa.
882 5860 951 5906 Ix,
991 5846 1040 5897 Ο.

1299 5777 1316 5809 ⁸
1351 5778 1518 5833 cht'.
1566 5799 1635 5841 Iv,
1675 5781 1754 5836 lii.

1828 4642 2132 4701 sequuntur
2169 4633 2312 4688 dicta
2363 4645 2511 4689 sunt.
2556 4635 2651 4691 llic
2677 4653 2808 4706 ergo
2841 4637 3002 4703 fetus,
3043 4641 3156 4692 sive
3211 4655 3411 4694 secuti--

1826 4724 1955 4779 dum
1987 4724 2148 4786 LXX,
2180 4727 2322 4781 illius
2344 4743 2454 4780 non
2508 4730 2696 4782 eadem
2732 4730 2819 4782 die
2870 4731 2922 4786 in
2954 4747 3058 4800 qua
3112 4732 3314 4785 vitulus
3360 4746 3412 4784 et
3487 4793 3494 4804 θ

1825 4816 1942 4869 ovis
1970 4815 2212 4870 Judaicaa
2242 4817 2940 4874 festivitatisoccidebatur.
2969 4820 3171 4885 Quarta
3198 4823 3407 4874 decima

1826 4907 1970 4961 enim
2013 4907 2100 4960 die
2139 4906 2346 4962 Pascha
2402 4910 2762 4973 celebrantes,
2795 4913 2846 4964 in
2875 4913 3173 4965 crastinum
3225 4911 3409 4968 Jcsum

1826 4999 2236 5052 crucifixeruut.

1899 5111 2061 5166 Vens.
2094 5113 2286 5168 29-32.
2320 5133 2335 5164 ι
2364 5113 2421 5166 Si
2453 5111 2867 5168 immolaveritis
2893 5115 3128 5169 hostiam
3159 5132 3258 5186 pro
3289 5134 3416 5187 gra-

1827 5205 2025 5258 tiarum
2056 5205 2270 5260 actione
2301 5207 2530 5276 Domino
2561 5215 2617 5259 ut
2643 5209 2814 5276 possit
2843 5223 2964 5261 esse
2994 5209 3296 5276 placabilis,
3321 5227 3416 5265 eo-

1825 5300 1949 5352 dem
1973 5301 2060 5355 die
2097 5302 2383 5356 comeditis
2401 5271 2561 5364 ‘eam,
2593 5271 2701 5354 non
2759 5271 3065 5357 remanebit
3119 5271 3412 5374 quidquam

1829 5394 1880 5445 in
1915 5409 2074 5448 mane
2102 5395 2328 5448 alterius
2353 5395 2481 5449 diei.
2512 5394 2624 5464 Ego
2655 5397 2939 5536 ῡἩιιίηιιε.
2963 5397 3244 5452 Custodite
3268 5415 3418 5452 man-

1829 5483 1950 5535 data
2005 5499 2145 5536 mea.
2174 5493 2228 5536 et
2271 5483 2429 5536 facite
2452 5482 2672 5536 02.1220
2753 5485 2994 5536 ominus.
3035 5484 3113 5536 Ne
3159 5485 3413 5536 nolluatis

1826 5483 1950 5535 data
2005 5499 2145 5543 mea.
2174 5493 2228 5537 et
2271 5483 2429 5538 facite
2452 5500 2536 5538 ea.
2560 5482 2672 5554 Ego
2709 5482 2994 5539 Dominus.
3035 5484 3113 5538 Ne
3159 5485 3413 5554 polluatis

1829 5591 2027 5628 nomen
2059 5587 2308 5631 sanctum
2341 5592 2523 5630 meum
2557 5586 2615 5629 ut
2643 5576 2953 5631 sanctiticer
2987 5579 3040 5630 in
3069 5579 3247 5630 medio
3279 5576 3413 5629 tilio-

2397 5722 2411 5746 ο

1874 5783 1912 5809 ’⁸
1943 5781 2087 5836 Eccl.
2119 5798 2172 5846 ll,
2203 5783 2289 5836 50.
2381 5784 2442 5842 σ¹¹
2479 5785 2638 5837 Prov.
2669 5801 2704 5848 ι,
2742 5785 2790 5838 8.

2911 5787 2949 5815 η
3007 5787 3174 5839 t(;or.
3208 5804 3280 5852 ιν,
3330 5787 3412 5839 :5.
