4158 6450
766 388 899 450 1079

1944 386 2305 447 IIESYCHII
2353 389 2823 453 PRESBYTERI

3896 390 4009 455 1080

759 495 2338 569 rumlsrael.Egol)mninusquisanetilicovoseteduxide
2372 508 2411 562 Α
2443 515 2577 554 usus
2633 511 2739 565 est,
2788 501 3090 571 planiorem
3161 503 3281 572 ejus
3344 501 3587 559 efﬁciens
3653 503 4008 559 intellectum.

761 601 835 643 ter
850 605 904 642 ra
920 589 1136 661 Egypti
1154 598 1210 645 ut
1225 604 1401 645 essem
1419 588 1571 643 vobis
1598 589 1651 642 in
1682 587 1850 643 Deum
1862 634 1872 645 .
1886 588 1999 657 Ego
2015 589 2294 645 Dominus.
2309 607 2329 641 ι

831 680 985 733 Sicut
1013 679 1441 735 satisfactionem
1460 695 1569 732 non
1600 677 1767 732 habet
1819 678 1864 731 si
1894 678 2334 748 quisineboante

757 769 909 824 Novo
934 768 1307 837 Testamento,
1336 772 1615 826 veteribus
1666 771 1975 840 serviat,et
2013 772 2334 843 evangelica

758 863 1153 931 prmdicatione
1213 874 1468 918 currente
1522 862 1825 917 secundum
1865 864 2105 918 litteram
2152 863 2331 929 vivat;

757 955 955 1023 injuria
976 964 1060 1010 cst
1083 956 1230 1011 enim
1265 956 1405 1026 ejus,
1434 954 1526 1026 qui
1554 965 1785 1025 utraque
1812 955 2021 1023 sanxitf,
2059 971 2172 1010 non
2194 964 2335 1010 tem-

756 1046 985 1113 poribus
1010 1048 1078 1101 ab
1116 1062 1182 1102 eo
1212 1047 1486 1103 distinctis
1508 1047 1849 1111 obediamus,
1913 1048 1994 1102 sic
2049 1048 2172 1103 sine
2226 1047 2335 1101 ulla

756 1138 916 1191 venia
951 1148 1036 1192 est
1064 1147 1257 1207 putare
1280 1139 1615 1208 quempiam,
1646 1137 1733 1191 vel
1786 1137 2015 1192 omnino
2069 1138 2334 1208 cogitare,

757 1228 885 1297 quia
926 1229 982 1283 in
1012 1228 1199 1284 futuro
1225 1238 1470 1299 tempore
1514 1230 1855 1300 Operandum
1883 1230 2093 1299 aliquid
2118 1244 2333 1295 eorum,

757 1336 879 1389 quae
900 1336 1049 1375 nunc
1072 1321 1229 1376 nobis
1257 1321 1325 1376 ad
1355 1322 1694 1392 Operandum
1728 1330 2003 1392 praecepta
2041 1331 2193 1386 sunt,
2209 1336 2337 1376 con-

757 1419 1029 1465 servatur.
1063 1410 1121 1466 Si
1153 1427 1275 1481 ergo
1300 1411 1656 1465 immolaveris
1676 1412 1903 1465 hostiam
1918 1427 2014 1480 pro
2034 1412 2336 1480 gratiarum

752 1504 964 1557 actione
1004 1503 1249 1557 Domino.
1306 1502 1693 1573 Evangelicam
1750 1505 1803 1558 ei
1856 1504 2335 1559 conservationem

754 1597 1107 1665 promittens,
1130 1597 1247 1651 tunc
1271 1606 1355 1651 est
1379 1597 1525 1651 enim
1554 1596 1851 1667 gratiarum
1880 1597 2115 1651 actionis
2154 1597 2335 1652 hostia

755 1689 1011 1754 Domino,
1051 1688 1178 1758 quia
1209 1704 1550 1759 quacunque
1576 1690 1644 1744 ad
1691 1688 1910 1743 laudem
1958 1688 2078 1758 ejus
2104 1698 2161 1743 et
2216 1689 2336 1759 glo-

753 1779 891 1833 riam
914 1780 1214 1849 pertinent,
1246 1780 1477 1851 peragit.
1514 1778 1676 1845 Quod
1702 1780 2043 1834 demonstrat
2070 1780 2336 1835 Dominus

2443 590 2662 663 Egypti
2721 594 2868 647 enim
2922 594 3130 648 exitum
3185 609 3297 649 non
3336 594 3541 648 frustra
3574 604 3924 649 memoratus
3966 607 4013 649 et

2442 682 2575 739 illud
2596 685 3001 752 demonstrans,
3023 686 3150 756 quia
3184 688 3659 757 quemadmodum
3677 687 3775 757 qui
3824 688 4011 757 egressi

2442 786 2571 832 sunt
2604 778 2673 833 de
2724 778 2983 850 Aigypto,
3010 796 3122 835 non
3152 780 3265 850 jam
3316 796 3381 836 ea
3420 796 3545 850 qua:
3588 780 3841 851 Δίωνιίί
3901 795 4013 848 age-

2442 870 2591 932 bant,
2624 871 2702 926 sic
2722 881 2778 926 et
2805 873 3027 942 quando
3054 889 3155 928 nos
3182 874 3326 929 Deus
3357 875 3508 944 ejicit
3525 875 3594 929 de
3616 874 3885 943 praesenti
3900 875 4012 936 vita,

2441 982 2551 1021 non
2569 968 2680 1036 jam
2708 983 2871 1038 agere
2900 985 2964 1023 ea
2986 985 3109 1039 qua:
3170 970 3224 1024 in
3256 986 3320 1025 ea
3371 982 3501 1026 sunt
3556 984 3886 1040 possumus.
3935 970 4016 1023 list

2441 1057 2586 1113 enim
2616 1057 2884 1130 Egyptus
2911 1059 3293 1132 intelligibilis,
3326 1076 3571 1131 praesens
3600 1062 3873 1124 mundus,
3905 1061 4015 1129 quia

2441 1146 2707 1219 Egyptus
2735 1151 3154 1208 contenebratio
3189 1152 3605 1221 interpretatur.
3640 1151 4015 1205 Tenebrisau-

2442 1250 2574 1306 tem,
2605 1252 2661 1296 et
2690 1243 2994 1298 secundum
3027 1244 3174 1313 quod
3191 1244 3427 1299 diximus
3466 1242 3691 1306 nebula,
3753 1242 3847 1295 vel
3904 1241 4016 1295 cali-

2442 1332 2590 1403 gine,
2614 1335 2907 1403 praesentia
2939 1342 3066 1389 sunt
3099 1334 3328 1403 repleta,
3359 1335 3415 1389 in
3446 1343 3661 1388 tantum
3695 1342 3760 1387 ut
3790 1331 4019 1386 Joannes

2441 1424 2511 1479 de
2548 1422 2779 1479 Domino
2817 1425 3027 1480 diceret
3059 1442 3071 1477 :
3108 1424 3227 1479 Lua:
3254 1427 3314 1482 in
3339 1427 3563 1480 tenebris
3599 1427 3767 1492 lucet,
3808 1435 3863 1478 et
3894 1436 4018 1478 tene-

2443 1516 2550 1569 bras
2579 1531 2694 1569 eam
2736 1513 2838 1569 non
2874 1516 3379 1584 comprehenderunt
3398 1516 3463 1569 ".
3497 1514 3736 1585 Propter
3770 1516 4021 1584 quodnos

2442 1607 2706 1662 Dominus
2728 1606 2875 1663 Deus
2900 1608 3157 1664 videlicet
3199 1623 3266 1661 ex
3289 1606 3613 1677 intelligibili
3648 1605 3903 1676 Algypto
3940 1606 4021 1659 bac

2441 1698 2647 1763 educit,
2667 1706 2727 1753 ut
2762 1700 2836 1754 sit
2864 1708 3054 1753 noster
3088 1697 3255 1761 Deus,
3297 1714 3409 1752 non
3455 1697 3583 1766 quia
3618 1712 3782 1751 nunc
3800 1712 3920 1751 non
3935 1707 4022 1758 est,

2442 1789 2537 1844 sed
2566 1790 2695 1859 quia
2716 1806 2823 1844 non
2850 1806 3042 1845 omnes
3074 1806 3199 1845 eum
3223 1790 3571 1851 conﬁtemur.
3607 1804 3806 1858 neque
3836 1804 4023 1857 cogno-

755 1872 1038 1941 apostolis,
1071 1870 1262 1926 dicens
1289 1872 1521 1925 :Luceat
1572 1872 1666 1925 tua:
1697 1880 1871 1925 vestra
1906 1888 2084 1925 coram
2106 1872 2340 1925 homini-
2372 1886 2414 1941 Β
2444 1882 2669 1936 scimus,
2727 1882 2883 1937 Tunc
2939 1892 3122 1937 autem
3179 1881 3590 1947 conﬁtebimur,
3643 1890 3794 1935 ωηο
3854 1895 4026 1933 omne;

757 1965 873 2025 bus,
911 1972 966 2016 ut
992 1963 1205 2017 videant
1233 1962 1368 2017 bona
1398 1973 1569 2017 vestra
1594 1980 1778 2034 opera,
1806 1973 1855 2018 et
1886 1963 2177 2035 gloriﬁcent
2224 1963 2336 2018 Pa-

760 2064 893 2106 trem
916 2062 1143 2107 vestrum
1169 2054 1259 2122 qui
1292 2056 1349 2108 in
1375 2054 1514 2107 ccelis
1538 2064 1610 2108 est
1641 2054 1706 2108 “.
1738 2054 2055 2109 lmmolatur
2087 2054 2337 2120 Domino,

760 2144 1008 2212 utpossit
1034 2158 1157 2198 esse
1197 2142 1499 2213 placabilis,
1522 2143 1668 2213 quod
1698 2142 1842 2197 LXX
1870 2143 2161 2199 ediderunt
2187 2161 2201 2197 :
2236 2144 2339 2198 Ac-

760 2244 910 2304 cepta
946 2235 1086 2288 vobis
1107 2234 1471 2299 immolabitis,
1503 2234 1555 2289 id
1577 2244 1681 2301 est,
1718 2235 1784 2290 ad
1819 2236 2228 2306 suscipiendum
2260 2236 2335 2291 dio

760 2344 866 2397 gne
889 2328 1201 2399 praedictam
1236 2328 1710 2383 conversationem
1767 2343 2017 2398 agamus,
2045 2328 2342 2398 perlicien-

762 2431 848 2475 tes
866 2435 1009 2484 eam,
1043 2430 1099 2475 et
1128 2435 1237 2473 non
1300 2419 1644 2475 imminutam
1684 2419 2079 2497 relinquentes,
2116 2426 2343 2490 propter

762 2512 911 2583 quod
932 2522 987 2567 et
1006 2512 1245 2567 subdidit
1266 2531 1279 2567 :

839 2603 1038 2657 Eodem
1061 2605 1144 2658 die
1172 2605 1451 2659 comedetis
1482 2622 1563 2669 ea,
1593 2621 1697 2658 non
1737 2606 2027 2659 remanebit
2051 2606 2343 2675 quidquam

764 2696 823 2747 in
856 2711 1013 2749 mane
1040 2696 1258 2749 alterius
1292 2696 1415 2753 diei.
1469 2697 1526 2750 In
1551 2706 1798 2766 tempore
1827 2697 1975 2751 enim
2002 2698 2129 2759 hoc,
2158 2697 2215 2751 in
2237 2713 2347 2768 quo

764 2785 873 2840 lioc
894 2786 1039 2855 quod
1072 2787 1278 2841 dictum
1309 2796 1415 2849 est,
1462 2786 1788 2842 sacriﬁcium
1812 2787 2213 2857 promittimus,
2248 2802 2345 2842 co-

766 2876 989 2930 medere
1019 2876 1174 2940 illud,
1205 2877 1259 2932 id
1286 2886 1371 2932 est
1390 2878 1605 2947 Operari
1653 2885 1710 2931 et
1742 2878 2021 2947 complere
2061 2878 2345 2933 debemus.

765 2965 913 3021 Nihil
952 2975 1133 3020 autem
1181 2965 1249 3021 de
1288 2966 1449 3020 eisin
1482 2981 1643 3021 mane
1671 2967 2010 3036 relinquere,
2038 2977 2100 3021 ut
2145 2968 2350 3037 aliquid

768 3067 1053 3111 remaneat
1079 3057 1430 3128 reliquiarum
1457 3068 1661 3113 nostra:
1711 3059 2155 3113 conversationis
2175 3059 2351 3115 incor-

770 3157 1005 3211 rectum,
1039 3164 1218 3219 noque
1244 3150 1691 3219 inconsumptum
1720 3150 1788 3204 de
1833 3150 2152 3215 virtutibus,
2173 3160 2231 3206 et
2268 3151 2350 3204 in-

2440 1974 2815 2043 subjiciemur,
2837 1975 2977 2028 Tunc
2995 1975 3094 2029 erit
3112 1974 3252 2029 Deus
3272 1974 3451 2028 omnia
3476 1975 3534 2027 in
3554 1971 3841 2037 omnibus,
3855 1987 4027 2041 quem-

2441 2066 2733 2122 admodum
2766 2067 2967 2122 Paulus
2988 2066 3207 2137 scripsit
3232 2062 3292 2113 ”'.

3002 2199 3232 2257 CAPUT
3270 2199 3461 2257 XXlll.

2517 2318 2683 2373 Vsus.
2720 2318 2838 2373 1-5.
2889 2337 2907 2370 ς
2941 2318 3181 2373 Locutus
3207 2326 3294 2373 est
3334 2317 3601 2373 Dominus
3650 2316 3732 2370 ad
3786 2315 4029 2386 Moysen.

2445 2410 2675 2465 dicens:
2706 2410 2957 2480 Loquere
2999 2411 3125 2465 filiis
3165 2410 3354 2475 Israel,
3381 2419 3437 2464 et
3470 2410 3628 2465 dices
3658 2409 3739 2463 ad
3784 2424 3889 2462 eos
3917 2428 3929 2459 :
3963 2406 4033 2459 lla:

2446 2513 2576 2558 sunt
2608 2502 2760 2558 feria:
2784 2503 3027 2568 Domini,
3050 2519 3190 2573 quas
3210 2503 3476 2558 vocabitis
3494 2512 3756 2556 sanctas.
3795 2500 3910 2555 Sex
3934 2501 4036 2553 die-

2446 2594 2549 2649 bns
2565 2594 2777 2649 facietis
2806 2611 2984 2665 opus:
3014 2595 3130 2650 dies
3185 2599 3471 2665 septimus,
3492 2593 3622 2664 quia
3658 2593 3909 2648 Sabbati
3969 2607 4038 2643 re-

2448 2690 2603 2755 quies
2631 2694 2734 2749 est,
2768 2687 3057 2743 vocabitur
3097 2696 3339 2746 sanctus,
3375 2702 3539 2740 nume.
3599 2703 3757 2756 opus
3820 2702 3936 2739 non
3982 2684 4042 2736 fa-

2451 2780 2608 2834 cietis
2651 2781 2703 2855 in
2724 2794 2810 2833 co.
2854 2777 3158 2833 Sabbatum
3182 2774 3399 2829 Domini
3433 2785 3517 2830 est
3546 2776 3606 2829 in
3634 2776 3877 2831 cunctis
3911 2774 4043 2828 habi-

2454 2870 2753 2926 tationibus
2785 2869 3003 2924 vestris.
3016 2886 3033 2919 ι

2525 2961 2585 3017 Si
2634 2958 3181 3014 subtiliterattendas
3238 2958 3354 3011 lucc
3384 2973 3505 3027 qua:
3566 2957 3727 3011 dicta
3798 2967 3941 3011 sunt
4005 2957 4045 3007 in

2454 3051 2823 3123 prmsentihus
2851 3050 3184 3119 legislatoris
3227 3050 3429 3115 verbis,
3480 3050 3748 3104 invenies
3788 3066 3926 3104 eum
3957 3066 4045 3103 mm

2458 3143 2633 3197 solum
2687 3139 3139 3208 contemplationi
3202 3140 3360 3209 legis,
3387 3139 3484 3193 sed
3512 3149 3568 3193 et
3608 3140 3665 3192 in
3696 3140 3900 3193 littera
3956 3140 4045 3207 ipsa

770 3254 1059 3311 operarum
1079 3242 1131 3295 in
1158 3242 1345 3297 ίιιιιιιιο
1360 3243 1561 3299 mulo
1575 3244 1972 3307 custodiamus,
2002 3244 2220 3315 quando
2233 3243 2345 3312 jam
2375 3222 2420 3281 (ἶ
2458 3233 2820 3288 intentionem
2840 3231 3067 3301 spiritus
3099 3232 3543 3300 interponentem
3583 3248 3598 3283 :
3633 3230 3850 3284 dicens
3880 3230 4045 3283 enim:

772 3349 884 3386 non
909 3341 994 3387 est
1023 3334 1234 3388 licitum
1267 3335 1504 3404 operari.
1558 3333 1717 3400 Quod
1748 3346 1900 3392 recte
1932 3352 2095 3391 mane
2123 3337 2345 3400 dicitur,

775 3423 829 3478 id
853 3434 957 3489 est,
1012 3424 1139 3495 quia
1177 3440 1287 3480 nos
1318 3441 1563 3495 praesens
1602 3426 1712 3481 vita
1735 3436 1957 3497 propter
1978 3443 2103 3483 eam
2124 3443 2246 3497 quae
2294 3428 2349 3479 in

776 3533 840 3569 ea
874 3531 1022 3571 nunc
1043 3525 1131 3571 est
1160 3516 1357 3572 nebula
1384 3518 1727 3573 nominatur.
1786 3516 1901 3588 Ego
1928 3519 2205 3585 Dominus,
2255 3534 2351 3571 cu-

774 3610 964 3662 stodite
987 3611 1241 3661 mandata
1264 3625 1379 3663 mea
1405 3617 1453 3661 et
1470 3608 1629 3678 facile
1651 3625 1741 3664 ea.

852 3698 962 3767 Ego
994 3695 1275 3763 Dominus,
1300 3697 1391 3767 qui
1430 3698 1521 3754 hic
1548 3699 1767 3769 quidem
1820 3699 1993 3770 legem
2054 3703 2354 3773 constituo,

779 3790 851 3843 ibi
884 3800 1066 3844 autem
1094 3790 1304 3860 judico,
1322 3791 1417 3861 qui
1444 3791 1806 3862 intelligibilia
1838 3794 2040 3847 talenta
2068 3796 2207 3850 meis
2238 3812 2358 3852 ser-

778 3882 866 3935 vis
897 3882 973 3913 “'
996 3882 1051 3935 in
1085 3884 1338 3952 praesenti
1390 3884 1591 3938 saeculo
1629 3884 1696 3937 ad
1723 3885 2063 3953 operandum
2100 3887 2248 3948 dedi,
2301 3890 2357 3943 in

781 3970 1030 4026 futurum
1054 3972 1293 4028 rationes
1319 3990 1443 4029 cum
1470 3975 1552 4031 eis
1576 3988 1746 4044 pono,
1775 3987 1830 4031 et
1874 3977 2203 4033 talentorum
2224 3996 2360 4049 ope-

781 4062 1050 4117 rationem
1079 4062 1258 4133 exigo.

858 4153 973 4225 Ego
1009 4154 1306 4209 Dominus:
1333 4172 1396 4209 ne
1418 4156 1667 4226 polluatis
1689 4174 1878 4211 nomen
1898 4175 2067 4213 meum
2094 4169 2359 4214 mutum.

784 4245 1024 4300 Pollutio
1057 4247 1205 4300 enim
1250 4257 1336 4301 est
1376 4245 1675 4311 Creatoris,
1704 4256 1762 4301 et
1793 4249 2155 4318 blasphemia,
2212 4252 2258 4306 si
2307 4251 2363 4305 in

786 4338 981 4392 eodem
1008 4353 1110 4391 nos
1137 4336 1354 4400 ordine,
1383 4338 1471 4391 vel
1493 4350 1641 4401 actu,
1697 4354 1806 4408 quo
1825 4355 1975 4394 nunc
2023 4356 2218 4395 sumus
2276 4357 2367 4396 re-

787 4430 1042 4483 susritet.
1077 4428 1219 4493 Quid
1244 4429 1392 4483 enim
1419 4439 1719 4484 commutat
1757 4432 2025 4486 mundum
2054 4433 2223 4500 hunc,
2240 4434 2287 4488 si
2310 4434 2363 4487 in

792 4520 995 4575 eisdem
1023 4520 1306 4574 doloribus
1338 4529 1395 4574 et
1424 4520 1701 4574 laboribus
1726 4522 1977 4576 erimus?

866 4610 933 4664 Ut
954 4610 1258 4679 sanctiﬁrer
1276 4610 1332 4662 in
1368 4611 1539 4664 medio
1560 4610 1793 4678 ﬁliorum
1829 4612 2017 4667 Israel.
2057 4613 2177 4669 Non
2207 4615 2364 4680 dixit,

790 4700 1124 4761 sanctiﬁcor,
1188 4699 1284 4753 sed
1373 4696 1706 4767 Sanetiﬁcer,
1773 4698 2018 4754 futurum
2073 4707 2372 4760 ostendens

795 4804 1033 4861 tempus.
1068 4791 1126 4846 in
1166 4805 1275 4861 quo
1298 4791 1353 4843 in
1392 4791 1576 4844 medio
1603 4790 1845 4846 virorum
1905 4793 2142 4849 filiorum
2201 4794 2371 4851 Israel

794 4882 1188 4937 Sanctiﬁcatur.
1218 4882 1341 4936 Non
1366 4882 1513 4935 enim
1554 4897 1747 4937 omnes
1798 4884 1891 4953 qui
1958 4901 2027 4939 ex
2078 4885 2266 4955 Israel,
2317 4890 2374 4943 bi

794 4986 926 5031 sunt
960 4975 1149 5041 Israel,
1179 4975 1276 5030 sed
1309 4975 1627 5044 quicunque
1662 4976 1825 5029 Israel
1854 4979 2240 5047 cognationem
2279 4996 2372 5036 so-

794 5068 995 5123 cietate
1016 5068 1281 5120 virtutum
1315 5066 1438 5135 ejus
1465 5076 1707 5128 servant,
1756 5066 1859 5131 Qui
1882 5084 2090 5136 pacein,
2127 5070 2275 5125 sicut
2294 5072 2373 5127 ait

795 5158 1019 5224 Paulus,
1051 5167 1100 5212 et
1128 5158 1538 5211 sanctimoniam
1559 5157 1886 5221 custodiunt,
1920 5160 2034 5212 siue
2070 5177 2177 5227 qua
2224 5178 2375 5215 neuio

797 5251 990 5305 uidebit
1042 5246 1412 5313 Deum".Qui
1434 5258 1619 5302 autem
1683 5249 2024 5313 custodiunt,
2087 5251 2375 5319 videbunt,

800 5341 1189 5413 propterquod
1212 5341 1323 5394 ait:
1353 5338 1667 5409 Sancti/icer
1723 5342 1780 5393 in
1820 5342 1993 5394 medio
2030 5358 2232 5397 eorum.
2262 5344 2375 5414 Ego

806 5436 1060 5490 Dominus
1084 5435 1175 5505 qui
1212 5434 1480 5501 sanctiﬁco
1504 5450 1612 5497 vos,
1641 5444 1689 5487 et
1709 5435 1867 5487 eduxi
1888 5434 1953 5487 de
1974 5446 2117 5487 terra
2138 5433 2381 5506 ﬂgypti,

809 5539 860 5581 at
894 5544 1059 5583 essent
1099 5528 1237 5581 robis
1275 5528 1329 5579 in
1365 5526 1548 5581 Deum.
1609 5526 1717 5582 Sed
1745 5527 1965 5581 ctbono
1987 5527 2095 5582 ﬁne
2133 5530 2201 5583 ad
2260 5544 2377 5584 rem

879 5733 920 5761 "
957 5730 1145 5783 .‘lattlt.
1194 5750 1241 5789 κ,
1302 5731 1385 5786 l6.

804 5826 849 5861 “
876 5826 1039 5884 llsbr.
1070 5844 1143 5891 IV,
1182 5831 1226 5883 Ι.

1523 5733 1798 5788 ""Matth.
1860 5747 2014 5797 sviti,
2073 5730 2143 5787 25
2207 5748 2322 5803 seq.

2435 5732 2474 5763 ¹⁶
2494 5729 2658 5786 Hebr.
2708 5748 2783 5795 ιι,
2824 5732 2903 5787 li.

2453 3327 2569 3382 ιιιω
2595 3337 2718 3381 sunt
2749 3329 2895 3398 ferite
2950 3326 3165 3380 Domini
3186 3341 3319 3395 quas
3352 3324 3601 3376 vocabitis
3654 3334 3917 3375 sanctas.
3977 3322 4047 3373 lle

2452 3430 2573 3475 sunt
2604 3422 2911 3492 festivitates
2946 3434 3075 3473 mea:
3105 3434 3122 3471 :
3151 3434 3276 3472 mox
3318 3416 3560 3471 subdidit
3612 3431 3627 3467 :
3712 3415 3830 3469 Sea:
3892 3416 4049 3467 disse:

2454 3515 2661 3585 facietis
2693 3529 2845 3583 opus.

2526 3603 2755 3675 Oportet
2782 3604 3004 3674 quidem
3036 3602 3143 3655 hoc
3194 3610 3394 3660 tacere,
3454 3597 3644 3652 dicere
3698 3608 3905 3651 autem
3953 3612 4045 3664 qua!

2456 3706 2767 3767 sequuntur
2799 3714 2815 3750 :
2844 3696 2964 3749 Dies
2986 3695 3258 3761 septimus,
3299 3693 3425 3761 quia
3465 3688 3694 3744 Sabbati
3726 3691 3945 3759 requies
3976 3700 4047 3741 est.

2458 3789 2729 3843 vocabitur
2746 3797 2982 3842 sanctus.
3016 3786 3122 3840 Sed
3155 3786 3306 3840 feriis
3332 3793 3697 3846 connectens,
3740 3782 3857 3837 Se:
3890 3784 4049 3835 diebus

2465 3882 2675 3952 facietis
2704 3896 2855 3949 opus,
2886 3878 3273 3947 ostenditquia
3310 3876 3499 3947 prima:
3539 3873 3719 3936 ierim,
3753 3877 3881 3928 sive
3915 3875 4049 3927 festi-

2464 3974 2605 4027 vitas
2634 3972 2779 4041 apud
2803 3971 2974 4041 legem
3006 3968 3225 4039 operari
3259 3979 3363 4031 est,
3394 3966 3611 4035 operari
3642 3974 3848 4019 autem
3910 3966 4051 4023 born.

2465 4071 2752 4133 propterea
2781 4062 2929 4116 enim
2960 4062 3037 4114 ait
3070 4078 3084 4112 :
3128 4058 3231 4113 Sex
3278 4060 3459 4112 diebus
3489 4057 3704 4127 facietis
3731 4074 3895 4126 opus.

2536 4154 2674 4219 Quia
2708 4152 2893 4206 omnia
2915 4150 3075 4205 valde
3098 4150 3409 4210 snntbona,
3443 4163 3813 4217 quascunque
3846 4148 3993 4202 Deus
4014 4146 4051 4197 is

2466 4263 2564 4302 ses
2609 4244 2807 4301 diebus
2856 4242 3162 4298 constituit.
3218 4240 3473 4296 Secunda
3523 4250 3717 4293 autem
3776 4240 4053 4299 fesrivitas,

2467 4336 2910 4409 praecedentibus
2949 4334 3035 4388 his
3054 4333 3336 4403 operibus,
3385 4331 3638 4400 septimae
3662 4331 3787 4384 dici
3858 4330 4056 4400 requies

2468 4439 2555 4486 est
2620 4446 2635 4482 :
2678 4444 2842 4499 quam
2889 4427 3237 4481 festivitatem
3286 4438 3453 4478 nemo
3482 4422 3811 4487 celebrare,
3846 4423 3944 4492 qui
3971 4435 4055 4473 nos

2475 4613 2611 4667 Nam
2633 4626 2738 4666 nec
2766 4611 2990 4675 frustra,
3025 4608 3169 4663 Deus
3204 4607 3409 4677 quippe
3436 4606 3677 4673 eratqui
3712 4606 4055 4676 loquebatur,

2474 4705 2569 4774 qui
2608 4703 2746 4757 nihil
2774 4701 2975 4757 frustra
3002 4700 3266 4769 loquitur,
3289 4699 3442 4767 prius
3490 4697 3605 4749 ait:
3630 4695 3750 4751 Sex
3786 4701 3977 4751 diebus
3998 4697 4055 4764 {s-

2474 4797 2621 4850 cietis
2646 4810 2796 4863 opus,
2821 4804 2877 4848 et
2900 4802 3023 4862 post
3052 4794 3156 4846 hoc
3185 4808 3197 4843 :

2553 4888 2673 4942 Dies
2701 4888 2973 4957 septimus,
3000 4886 3091 4955 qui
3135 4882 3356 4939 Sabbati
3402 4884 3612 4952 requies
3642 4895 3754 4945 est,
3818 4886 4061 4939 recolas:

2478 4991 2715 5035 sanctus.
2752 4980 2859 5034 Sed
2884 4981 2950 5033 ad
2983 4978 3378 5039 ostensionem,
3411 4986 3471 5030 ut
3500 4976 3546 5030 si
3600 4976 3738 5045 quis
3792 4978 3873 5031 ad
3918 4979 4060 5029 imitr

2483 5074 2688 5127 tionem
2748 5071 2841 5126 Dei
2918 5071 3059 5124 bona
3108 5068 3220 5138 agit
3253 5078 3311 5122 et
3337 5067 3729 5135 consequitur,
3766 5068 3889 5123 hoc
3917 5078 3997 5122 est
4027 5066 4061 5116 i:

2481 5179 2578 5217 sex
2600 5162 2793 5217 diebus
2816 5159 3030 5229 operari
3066 5177 3080 5212 :
3107 5158 3197 5213 hic
3228 5157 3557 5227 intelligibili
3591 5160 3933 5227 requiescit
3965 5156 4062 5209 Sal~

2483 5256 2631 5320 bato,
2662 5254 2732 5308 de
2760 5270 2871 5322 quo
2901 5251 3105 5306 Paulus
3120 5252 3376 5305 dicebat:
3419 5249 3765 5312 Timeamus,
3850 5270 3917 5305 ιιι
3970 5254 4063 5319 fer:

2483 5346 2665 5399 relicta
2682 5345 3063 5414 pollicitatione
3104 5344 3401 5395 introeundi
3436 5342 3492 5393 in
3518 5343 3779 5409 requiesse
3814 5346 4061 5413 ἱρήπωη-

2493 5440 2687 5492 deatur
2710 5454 2774 5491 ιε
2797 5438 2943 5490 nobis
2969 5437 3163 5506 aliquis
3196 5437 3369 5489 deesse
3400 5436 3468 5487 ".
3531 5435 3714 5490 Caret
3740 5440 3911 5491 enim
3962 5448 4061 5488 nui!

2489 5531 2579 5584 illa
2611 5530 2820 5600 requie,
2848 5530 2940 5600 qui
2970 5545 3078 5583 non
3111 5538 3388 5599 operatur.
3451 5526 3590 5593 Qua:
3623 5540 3687 5583 et
3716 5542 3929 5585 vocata
3979 5540 4061 5579 sa:-

2996 5732 3034 5760 ¹⁷
3072 5727 3229 5782 loan.
3282 5742 3319 5793 ι,
3380 5726 3431 5780 ὃ.
3540 5728 3587 5757 ³⁸
3620 5728 3645 5781 ι
3678 5728 3827 5784 Cor.
3885 5744 3971 5793 xv,
4010 5717 4057 5774 ii

2395 4532 2728 4609 Dopemtus
2789 4530 2875 4575 est
2924 4521 3065 4574 bona
3121 4534 3288 4588 opera
3346 4528 3404 4571 et
3452 4517 3617 4586 digna
3649 4515 3798 4581 Deo,
3857 4527 4053 4587 poterit.
4098 4498 4099 4547 θ
