4158 6450
187 417 296 482 1081

1299 426 1382 487 ΙΝ
1418 429 1859 491 LEVITICUM.
1897 456 1968 468 -
2001 434 2146 493 LIB.
2178 435 2279 496 VI.

3282 433 3418 501 1082

183 537 254 579 cla
281 527 491 591 dicitur,
516 527 642 597 quia
665 530 897 593 vocatis,
959 531 1026 586 de
1080 531 1280 601 quibus
1343 533 1545 589 Paulus
1589 537 1665 591 ait
1719 555 1732 589 :
1766 549 1809 600 Α
1840 540 2036 594 vitates
2061 540 2404 610 imperatoris
2431 547 2582 606 sunt,
2615 540 2668 595 in
2698 541 2898 610 quibus
2936 541 3192 598 victorias
3211 551 3265 597 et
3301 553 3415 596 tro-

179 618 360 673 Srimus
382 622 507 689 quia
542 623 845 676 timentibus
869 623 1034 677 Deum
1071 626 1249 678 omnia
1273 637 1622 696 cooperantur
1677 631 1731 682 in

177 712 359 765 bonum.
387 713 466 765 Itis
491 715 582 784 qui
605 715 887 768 secundum
922 718 1252 785 propositum
1289 721 1461 772 vocati
1499 730 1618 772 sunt
1642 722 1686 753 ’θ
1713 739 1727 775 :

175 804 491 873 intelligihile
520 807 842 875 deputatum
879 819 960 861 est
995 807 1318 874 Sabbatum,
1355 810 1442 864 his
1463 814 1554 881 qui
1600 829 1729 866 san-

173 894 464 949 ctimoniam
512 908 950 966 consequuntur,
979 899 1093 952 sine
1158 915 1263 969 qua
1333 917 1484 954 nemo
1537 903 1729 955 videbit

175 985 324 1038 Deum
345 988 408 1042 “.
432 987 586 1041 Tunc
614 1004 776 1041 onme
832 1003 969 1056 opus
995 1004 1107 1043 non
1173 989 1437 1045 faciemus
1466 1008 1480 1056 ;
1516 1000 1730 1061 tempus

174 1075 304 1128 enim
332 1086 540 1130 nonest
571 1077 623 1129 in
655 1078 744 1132 illo
781 1079 984 1131 saeculo
1018 1081 1302 1148 operandi.
1334 1081 1564 1149 Propter
1582 1082 1729 1150 quod

169 1176 220 1219 et
242 1167 470 1220 subdiht
495 1185 507 1220 :
532 1166 825 1221 Sabbatum
860 1169 1071 1222 Domini
1100 1180 1174 1224 est
1205 1172 1261 1223 in
1286 1173 1483 1224 cunctis
1513 1173 1725 1224 habita-

170 1260 375 1313 tionibus
403 1261 929 1315 vcstris.Sabbatum
982 1263 1195 1316 Domini
1259 1279 1484 1324 vocans.
1517 1263 1595 1318 -id
1645 1273 1730 1318 est

167 1353 438 1421 requiem:
488 1352 786 1406 Sabbatum
846 1354 991 1406 enim
1039 1355 1256 1423 requies
1299 1355 1724 1424 interpretatur,

166 1460 278 1512 qua;
309 1445 360 1497 in
397 1453 641 1513 tempore
675 1455 778 1507 est,
838 1460 948 1514 quo
992 1447 1254 1515 p0pnlum
1301 1463 1460 1500 suum
1508 1463 1538 1501 a
1589 1463 1728 1517 pra:-

166 1536 401 1589 sentibus
460 1536 742 1590 laboribus
815 1548 870 1590 et
931 1538 1312 1592 vexationibus
1373 1539 1726 1607 requiescere

166 1627 302 1685 facit.
331 1627 394 1680 de
417 1642 526 1695 quo
551 1626 628 1680 sic
660 1626 860 1681 Paulus
891 1627 1058 1681 dicit:
1091 1628 1230 1697 Ergo
1255 1628 1568 1698 relinquitur
1591 1627 1727 1682 Sab-

165 1718 407 1770 batismus
440 1718 633 1786 populo
661 1718 755 1771 Dei
780 1719 847 1772 ’³,
875 1718 977 1783 Qui
1007 1718 1155 1771 enim
1209 1719 1488 1788 ingressus
1531 1727 1616 1772 est
1669 1719 1724 1773 in

166 1810 395 1877 requiem
427 1812 547 1877 ejus
566 1810 727 1864 etiam
762 1811 875 1879 ipse
905 1811 1175 1879 requievit
1214 1813 1282 1864 ab
1299 1812 1557 1880 operibus
1585 1813 1721 1877 suis,

1839 645 1953 699 pica
1988 639 2178 685 contra
2228 632 2414 686 hostes
2447 632 2642 696 erexit,
2670 633 2898 688 salvavit
2925 643 3133 704 gentes,
3165 633 3416 688 civitates

1838 723 2131 791 acquisivit
2167 742 2179 776 :
2212 723 2292 778 sic
2321 731 2378 777 et
2404 725 2630 790 Christi,
2661 724 2717 779 in
2757 725 2956 793 quibus
2978 734 3226 780 nostrum
3243 739 3414 795 genus

1837 813 2083 879 salvavit,
2113 823 2167 869 et
2200 822 2445 868 nostram
2507 815 2882 885 captivitatem
2946 816 3295 884 conquisivit,
3357 823 3416 870 et

1837 901 2212 958 hereditatem
2242 917 2307 957 ex
2342 902 2594 973 gentibus
2627 903 2954 972 sibimetipsi
3019 903 3196 973 regale
3232 918 3416 958 sacer-

1835 990 2066 1055 dotium,
2122 1001 2339 1062 gentem
2393 1001 2666 1056 sanctam,
2699 993 2959 1062 populum
3035 992 3415 1062 acquisitionis

1835 1082 2136 1139 constituit.
2177 1085 2386 1143 Deinde
2419 1100 2550 1140 cum
2581 1093 2864 1154 oporteret
2895 1085 3081 1139 dicere
3110 1085 3413 1138 secundum

1836 1174 1998 1241 LXX,
2023 1177 2106 1230 hae
2133 1185 2339 1232 vocata:
2355 1186 2580 1240 sanctae,
2597 1192 2734 1246 quas
2757 1177 3023 1231 vocabitis
3045 1192 3138 1232 eas
3158 1176 3212 1230 in
3251 1177 3410 1230 festi-

1835 1269 2095 1323 vitatibus
2136 1269 2358 1333 vestris,
2392 1270 2508 1324 haec
2549 1281 2738 1326 nostra
2773 1269 3056 1325 translatio
3074 1271 3288 1338 planius
3319 1270 3417 1324 ha-

1835 1361 1946 1427 bet,
1979 1362 2169 1417 dicens
2189 1363 2525 1431 temporibus
2567 1363 2687 1416 suis
2719 1378 2731 1414 :
2758 1377 2868 1416 non
2905 1362 3041 1416 dixit
3064 1362 3146 1416 sic
3169 1363 3236 1417 de
3258 1362 3413 1415 festi-

1835 1454 2098 1508 vitalibus
2125 1469 2340 1519 eorum,
2380 1469 2490 1506 non
2524 1454 2630 1508 illis
2683 1455 2777 1524 qui
2807 1454 3057 1508 serviunt
3087 1453 3292 1524 figurat,
3319 1455 3416 1508 sed

1835 1546 2110 1613 fidelibus,
2133 1558 2188 1601 et
2220 1547 2650 1616 suscipientibus
2705 1547 3083 1613 festivitatem,
3122 1548 3218 1600 has
3264 1562 3418 1601 com-

1833 1649 2020 1708 petere
2050 1638 2374 1694 festivitates
2420 1641 2737 1705 ostendens,
2795 1656 3025 1710 quarum
3058 1656 3161 1694 una
3198 1649 3302 1705 est,
3347 1640 3416 1695 de

1833 1746 1938 1800 qua
1977 1731 2094 1786 haec
2113 1732 2246 1786 dicit
2280 1751 2292 1784 :

1904 1823 2085 1877 Mense
2105 1826 2296 1892 primo,
2324 1832 2518 1890 quarta
2558 1823 2764 1877 decima
2809 1825 2895 1877 die
2930 1824 3118 1877 mensis
3143 1823 3214 1876 ad
3239 1840 3414 1892 vespe-

162 1898 294 1950 sieut
324 1904 378 1950 et
405 1912 435 1949 a
470 1897 604 1960 suis,
633 1898 795 1952 Deus.
825 1898 1104 1965 Adjiciens
1131 1907 1314 1952 autem
1346 1898 1506 1951 nimis
1537 1900 1725 1953 subse-

1833 1933 1952 1970 rum
1975 1915 2145 1970 Phase
2168 1915 2379 1972 Domini
2399 1924 2495 1969 est.
2517 1913 2760 1970 Primum
2779 1931 3046 1980 mensem,
3071 1927 3283 1986 tempus
3308 1917 3417 1970 Do-

162 1998 386 2057 quenter
419 2007 431 2042 :
467 1989 531 2044 In
555 1990 754 2042 cunctis
775 1989 1190 2043 habitationibus
1239 1990 1443 2043 vestris.
1478 1989 1732 2059 Utetper

164 2082 258 2134 hoc
285 2082 710 2136 satisfaceretde
742 2081 944 2135 saeculo
989 2082 1176 2136 futuro
1206 2097 1265 2138 se
1297 2083 1463 2152 loqui.
1487 2084 1731 2138 Praesens

157 2173 296 2225 enim
328 2175 563 2227 mundus
615 2175 980 2244 peregrinatio
998 2183 1101 2238 est,
1137 2175 1402 2229 habitatio
1429 2184 1515 2229 est
1545 2184 1728 2229 autem

71 2288 74 2290 η
157 2280 272 2331 qua:
301 2265 563 2332 sequitur.
593 2265 766 2319 Nemo
793 2267 941 2320 enim
974 2267 1041 2321 de
1075 2266 1182 2321 illis
1240 2267 1729 2321 mansionibusseu

157 2357 581 2411 nabitationilms
607 2359 824 2428 migrat,
862 2375 998 2427 quas
1024 2360 1195 2414 semel
1241 2360 1419 2413 sortiti
1439 2358 1724 2413 fuerimus.

154 2450 284 2513 Quia
313 2461 493 2504 autem
522 2451 820 2504 Sabbatum
848 2453 1067 2520 requies
1089 2452 1507 2521 interpretatur,
1546 2451 1726 2505 mani-

156 2542 312 2597 festat
371 2545 704 2612 reliquorum
759 2545 1120 2613 interpretum
1172 2545 1359 2599 editio.
1422 2543 1528 2599 Pro
1554 2544 1723 2610 enim,

157 2634 374 2687 Sabhati
413 2636 652 2703 requies,
691 2635 988 2689 Sabbatum
1031 2635 1676 2690 sablialismiediderunt.

227 2727 382 2783 Vens.
415 2729 524 2782 4-7.
565 2749 584 2780 ‹
621 2730 714 2784 liae
753 2740 882 2783 sunt
913 2746 1042 2800 ergo
1065 2730 1218 2783 feria:
1252 2728 1467 2781 Domini
1493 2738 1721 2791 sanctae,

152 2837 286 2889 quas
308 2821 586 2874 celebrare
618 2822 833 2875 debetis
865 2822 1204 2890 temporibus
1236 2820 1370 2883 suis,
1405 2835 1593 2873 mense
1611 2820 1725 2887 pri-

152 2929 241 2966 mo
273 2922 462 2981 quarta
506 2913 714 2966 decima
741 2913 830 2967 die
857 2913 1064 2966 mensis
1101 2912 1166 2966 ad
1208 2926 1517 2979 vesperum,
1550 2909 1726 2963 Phase

150 3004 484 3067 Dominiest,
522 3012 577 3057 et
614 3005 802 3073 quinta
854 3005 1065 3058 decima
1100 3004 1188 3057 die
1213 3004 1417 3057 mensis
1441 3002 1606 3072 hujus
1633 3017 1712 3055 so-

149 3098 403 3151 lemnitas
447 3112 758 3166 azymorum
825 3097 1040 3150 Domini
1091 3106 1194 3150 est.
1258 3096 1480 3165 Septem
1535 3094 1728 3148 diebus

149 3203 335 3256 azyma
356 3187 676 3241 comedetis.
704 3187 828 3241 Dies
864 3187 1074 3256 primus
1112 3187 1219 3240 erit
1253 3185 1408 3240 vobis
1427 3185 1726 3239 celeberri-

148 3295 293 3342 mus,
329 3288 678 3348 sanctusque.
709 3277 883 3333 Omne
914 3294 1052 3346 opus
1084 3277 1280 3331 servile
1309 3292 1415 3331 non
1445 3276 1728 3330 facietisin

145 3389 234 3433 eo,
278 3373 374 3426 sed
406 3372 649 3426 oﬂeretis
678 3371 1002 3424 sacrificium
1033 3370 1089 3423 in
1117 3369 1239 3439 igne
1271 3369 1500 3423 Domino
1517 3376 1727 3437 septem

145 3467 363 3519 ἀει-ιιιιε.
426 3464 552 3518 Dies
605 3474 788 3517 autem
841 3463 1104 3532 septimus
1161 3463 1266 3515 erit
1319 3461 1727 3524 celeberrimus,

141 3556 466 3623 nullumque
492 3570 630 3622 opus
664 3553 860 3606 servile
900 3553 991 3605 fiet
1027 3553 1079 3604 in
1111 3567 1229 3604 eo.»

217 3648 506 3716 Agcnunc
532 3647 754 3708 silibet,
823 3645 1042 3699 Iudaeos
1099 3644 1516 3712 interrogemus,
1569 3641 1729 3709 cujus

139 3740 225 3792 rei
260 3739 432 3806 gratia
468 3754 577 3790 non
609 3737 799 3805 quinta
832 3737 1044 3812 decima
1080 3737 1170 3789 die
1199 3736 1548 3789 festivitatem
1566 3749 1728 3803 agere

135 3831 338 3900 jussit.
364 3830 417 3882 in
447 3845 556 3898 quo
588 3827 794 3882 Pascha
838 3827 1217 3896 imaginarium
1268 3826 1450 3888 fiebat,
1486 3825 1581 3878 sed
1612 3840 1730 3878 me-

138 3922 384 3975 moriam
438 3923 660 3990 quidem
697 3920 827 3974 facit
887 3920 1027 3990 ejus,
1096 3919 1451 3973 festivitatem
1527 3927 1728 3981 tamen,

138 4013 325 4084 prima
390 4029 722 4082 azymorum,
755 4028 877 4080 qua:
926 4020 1044 4065 erat
1094 4019 1220 4080 post
1248 4011 1414 4076 illam,
1451 4010 1568 4064 fieri
1594 4009 1730 4063 defi-

137 4082 327 4159 niun‘t.
365 4104 704 4158 Manifestum
737 4113 821 4157 est
872 4113 1074 4168 autem,
1111 4103 1238 4171 quia
1268 4103 1412 4156 scire
1445 4103 1491 4156 is
1523 4101 1614 4171 qui
1650 4101 1730 4155 le—

137 4210 268 4264 gem
305 4194 521 4261 accipit,
555 4193 685 4262 quid
717 4191 930 4245 intersit
989 4191 1130 4244 inter
1160 4193 1384 4260 figuram
1428 4201 1480 4244 ut
1535 4189 1734 4244 verita-

139 4297 257 4340 tem
277 4285 575 4348 desiderat,
601 4293 656 4338 et
694 4284 820 4352 quia
847 4285 1048 4354 figuras
1079 4283 1240 4346 scire,
1275 4284 1535 4352 quoniam
1562 4282 1733 4336 dedu-

134 4386 282 4431 cunt
314 4378 384 4432 ad
417 4377 725 4440 veritatem,
747 4377 974 4445 dignum
1033 4386 1138 4440 est,
1171 4375 1516 4431 festivitatem
1547 4384 1732 4429 autem

132 4484 312 4538 agere
335 4477 486 4531 tunc,
513 4468 735 4536 quando
763 4467 965 4521 veritas
996 4482 1118 4535 quae
1147 4466 1201 4521 in
1255 4466 1440 4540 figuris
1478 4466 1732 4522 contine-

1835 2010 2050 2064 minica:
2084 2008 2352 2078 passionis
2380 2021 2527 2063 recte
2569 2008 2800 2063 dicimus
2831 2009 2885 2062 in
2921 2024 3028 2078 quo
3085 2011 3417 2064 conveniunt

1833 2103 2065 2158 maxime
2101 2111 2156 2157 et
2182 2103 2297 2157 haec
2326 2103 2394 2157 ad
2423 2102 2641 2172 Moysen
2667 2103 2829 2157 verba
2853 2118 2883 2156 a
2909 2102 3020 2156 Deo
3049 2104 3192 2158 dicta
3223 2121 3233 2156 :
3268 2107 3418 2156 Men-

1832 2193 1902 2246 sis
1923 2193 2010 2246 liic
2039 2191 2180 2246 vobis
2208 2192 2533 2260 principium
2579 2192 2859 2255 mensium,
2908 2194 3114 2260 primus
3149 2194 3249 2245 erit
3276 2191 3417 2245 vobis

1830 2288 1885 2338 in
1917 2285 2178 2339 mensibus
2208 2285 2338 2337 anni
2367 2283 2432 2337 “.
2461 2283 2676 2337 Initium
2701 2284 2847 2337 enim
2879 2293 2934 2337 et
2964 2283 3240 2354 ingressus
3262 2299 3416 2338 novas

1830 2377 1974 2442 vitaz,
2006 2386 2060 2432 et
2093 2391 2243 2430 nunc
2276 2392 2305 2429 a
2333 2375 2493 2430 nobis
2514 2376 2782 2430 inchoatae
2817 2375 3252 2430 conversationis
3305 2384 3414 2429 est.

1833 2468 2149 2536 Vespertina
2170 2476 2434 2536 tempora,
2465 2466 2516 2519 in
2552 2466 2749 2534 quibus
2783 2465 3046 2519 Dominus
3077 2466 3315 2529 advenit,
3336 2465 3420 2518 di-

1829 2561 1920 2615 cit.
1943 2559 2184 2615 Joannes
2201 2559 2347 2612 enim
2379 2559 2472 2622 ait,
2509 2557 2720 2618 Fiiiofi,
2771 2557 3052 2610 novissima
3089 2559 3217 2608 hora
3257 2567 3329 2608 est
3350 2555 3416 2608 ’⁵.

1827 2654 1908 2705 Ad
1949 2667 2244 2721 vesperum
2276 2650 2484 2704 Pascha
2529 2649 2875 2703 Dominieum
2914 2648 3119 2702 factum
3151 2656 3254 2700 est.
3313 2645 3418 2710 Qui

1827 2761 2038 2814 passus,
2073 2759 2184 2797 non
2217 2759 2341 2796 mox
2374 2753 2616 2810 tempora
2677 2741 2992 2795 linivit.sed
3046 2740 3262 2807 reliquit
3320 2755 3420 2793 no-

1827 2835 2063 2889 vissimte
2112 2834 2259 2887 horae
2305 2841 2357 2886 et
2421 2830 2750 2898 vespertina:
2808 2830 3083 2898 reliquias,
3136 2830 3187 2883 in
3222 2829 3419 2898 quibus

1826 2935 2318 2995 Oporteatcurrere
2353 2924 2816 2993 praedicationem,
2865 2931 2919 2975 et
2959 2921 3012 2973 in
3056 2937 3162 2989 quo
3201 2937 3418 2975 onmem

1830 3028 2029 3072 terram
2061 3027 2314 3088 penetret
2339 3017 2575 3071 salutare
2614 3016 2864 3070 verbum.
2902 3014 3008 3067 Sed
3051 3023 3104 3068 et
3127 3019 3192 3067 ad
3225 3031 3419 3082 vespe-

1830 3126 1973 3172 rum,
2013 3109 2128 3163 sive
2161 3108 2337 3160 medio
2386 3107 2824 3175 vespertinorum
2872 3104 3081 3158 Pascha
3139 3105 3416 3173 preprium

1833 3202 2192 3272 prtevenicns,
2227 3214 2447 3254 crucem
2485 3211 2640 3251 suam
2669 3195 2920 3250 Christus
2949 3195 3262 3249 celebravit.
3321 3194 3418 3249 Die

1833 3295 1982 3348 enim
2043 3291 2372 3361 imaginariae
2429 3288 2744 3344 festivitatis
2805 3288 3096 3352 Paschalis,
3139 3305 3259 3357 qua:
3301 3297 3421 3343 erat

1832 3397 2022 3456 quarta
2053 3385 2266 3439 decima
2312 3391 2436 3452 post
2499 3397 2712 3437 cmnam
2760 3381 3180 3450 supersensibile
3229 3397 3417 3434 verum

1831 3480 2060 3542 Pascha,
2087 3479 2231 3547 quod
2268 3478 2333 3530 ad
2366 3477 2486 3545 ejus
2517 3476 2838 3544 mysterium
2891 3474 3221 3544 pertinebat,
3251 3473 3418 3527 disci-

1830 3573 1976 3643 pulis
2005 3571 2243 3625 tradidit.
2279 3571 2422 3638 Ergo
2449 3577 2504 3622 et
2531 3583 2636 3622 nox
2663 3576 2781 3621 erat
2810 3569 2946 3636 jam,
2971 3567 3191 3636 quando
3221 3583 3417 3635 panem

1829 3661 1997 3715 Judas
2029 3660 2097 3713 de
2130 3673 2284 3712 creua
2313 3657 2400 3710 illa
2435 3657 2732 3726 accipiens,
2777 3657 2847 3710 ad
2912 3655 3124 3710 Domini
3186 3655 3420 3709 traditio-

1831 3770 1956 3808 nem
1987 3752 2189 3806 exibat.
2233 3750 2495 3820 Sequenti
2522 3759 2705 3802 autem
2746 3749 2854 3811 die,
2912 3764 3033 3817 qua:
3085 3747 3187 3806 fuit
3226 3748 3416 3815 quinta

1833 3847 2066 3908 decima,
2129 3842 2334 3897 Pascha
2368 3841 2548 3896 crucis
2597 3839 2876 3909 implebat.
2907 3837 3136 3907 Propter
3160 3838 3305 3907 quod
3363 3837 3418 3890 in

1833 3937 2018 4006 quinta
2046 3935 2261 3989 decima
2283 3933 2489 3986 mensis
2517 3932 2684 4001 hujus
2707 3932 2815 3995 die,
2866 3929 3213 3984 festivitatem
3276 3931 3420 3983 hanc

1833 4047 1993 4100 agere
2015 4028 2291 4100 legislator
2322 4025 2603 4096 praecepit,
2636 4034 2687 4078 et
2717 4025 2772 4078 in
2815 4024 2931 4092 ipsa
2968 4023 3291 4077 celebritate
3327 4036 3419 4074 so-

1833 4096 2173 4176 lemnita‘tem
2202 4133 2515 4187 azymorum
2564 4113 2779 4167 Domini
2813 4111 3150 4182 priedicavit.
3188 4110 3243 4163 Si
3269 4109 3416 4182 enim

1835 4217 2113 4271 celebrare
2165 4212 2215 4266 ei
2263 4211 2470 4263 Pascha
2540 4209 2760 4279 proprie
2829 4215 2886 4260 et
2941 4221 3072 4259 vere
3141 4204 3414 4264 volumus,

1833 4307 2007 4377 azymi
2039 4306 2106 4358 ab
2125 4303 2274 4357 omni
2300 4301 2505 4355 malitia
2546 4315 2668 4353 esse
2703 4299 2987 4360 debemus,
3021 4305 3077 4349 et
3105 4296 3274 4348 multo
3299 4308 3416 4346 ma-

1836 4402 1919 4469 gis
1949 4415 1978 4452 a
2000 4397 2227 4452 Iudaico
2252 4410 2439 4449 errore
2471 4402 2527 4448 et
2578 4400 2866 4446 vetustate.
2911 4389 3070 4444 Unde
3126 4397 3416 4456 postquam

1834 4490 2034 4545 Paulus
2062 4487 2217 4549 dixit,
2241 4485 2444 4539 Pascha
2467 4493 2704 4536 nostrum
2726 4479 3033 4533 immolatus
3058 4488 3134 4530 est
3150 4478 3411 4539 Christus,

132 4573 255 4624 “"3
301 4561 609 4621 adveneri"
673 4558 990 4613 memoriam
1039 4559 1306 4627 Si‘lmde'"
1339 4559 1469 4613 me“
1527 4567 1733 4626 quam”
1766 4583 1808 4635 D
1840 4581 2083 4637 subdidit
2115 4597 2128 4633 :
2158 4579 2589 4647 Epulemurmon
2615 4577 2670 4628 in
2694 4577 2946 4644 fermento
2971 4571 3152 4629 veteri,
3178 4584 3416 4636 nequem

127 4653 401 4715 decimae,
435 4652 564 4720 quia
591 4651 818 4720 figuram
853 4650 1108 4704 habebat.
1149 4650 1519 4704 Festivitatem
1543 4658 1726 4702 autem

128 4762 310 4816 agere
347 4745 539 4813 quinta
570 4744 784 4798 decima
813 4743 1094 4812 prmeepit,
1127 4743 1254 4811 quia
1277 4743 1333 4796 in
1361 4742 1478 4810 ipsa
1531 4756 1725 4796 verum

127 4849 228 4895 est
259 4838 492 4900 Pascha,
529 4837 596 4890 de
621 4851 731 4904 quo
757 4835 956 4888 Paulus
981 4835 1197 4889 dicebat
1230 4851 1242 4885 :
1270 4833 1475 4887 Pascha
1494 4843 1731 4886 nostrum

125 4931 456 4986 immolatus
496 4938 570 4983 est
606 4926 838 4982 Christus
862 4926 930 4980 ³⁸.
963 4925 1071 4980 Sed
1123 4925 1273 4995 ipsos
1308 4925 1418 4993 jam
1449 4939 1733 4979 sermones

125 5023 530 5078 discutiamus.

206 5113 319 5168 Hae
339 5124 456 5166 sunt
479 5112 624 5182 ferite
649 5109 859 5163 Domini
889 5119 1083 5164 sancta:
1102 5126 1234 5178 quas
1261 5107 1522 5162 celebrare
1540 5107 1733 5162 debetis

124 5206 468 5276 temporibus
483 5205 608 5258 suis.
635 5204 816 5268 Quare
835 5218 945 5257 non
965 5202 1121 5266 dixit,
1143 5201 1316 5257 Feriaa
1339 5200 1591 5266 Domino,
1612 5202 1731 5266 sed,

121 5301 333 5356 Feria:
366 5299 618 5353 Domini?
653 5297 763 5351 Aut
805 5295 990 5350 forsan
1047 5295 1200 5350 illum
1245 5296 1551 5351 auditorem
1599 5294 1732 5365 legis

118 5404 495 5452 contestans,
516 5393 643 5461 quia
670 5407 779 5445 non
806 5391 1129 5460 simpliciter
1154 5391 1477 5446 festivitates
1509 5392 1626 5458 has,
1664 5391 1731 5446 de

115 5488 354 5560 quibus
387 5496 471 5541 est
502 5500 703 5546 sermo,
728 5484 991 5538 celebrari
1049 5486 1161 5540 Deo
1192 5485 1274 5538 lex
1321 5485 1598 5554 pra-cepit,
1636 5485 1732 5538 sed

116 5581 274 5652 quia
299 5581 423 5649 ejus
456 5586 583 5633 sunt
614 5576 864 5647 propriae.
919 5577 1057 5642 Quia
1091 5578 1551 5648 quemadmodum
1578 5577 1731 5631 festi-

201 5783 256 5814 "
284 5780 450 5835 Rom.
477 5799 593 5842 vm.
638 5783 725 5836 28.
800 5784 841 5813 “
872 5782 1036 5837 Hebr.

1119 5800 1216 5852 xu,
1247 5785 1326 5840 lii.

115 5850 223 5904 "1
260 5851 394 5910 Cor.
431 5871 476 5921 ι’,
509 5855 561 5908 8.

638 5856 679 5884 ’⁷
710 5853 864 5908 Jean.
903 5871 1018 5919 vm,
1050 5856 1136 5909 5i.

1407 5786 1448 5817 ³³
1474 5783 1640 5839 llt‘br.
1683 5800 1754 5850 ιγ,
1788 5784 1838 5839 9.

1832 4678 2084 4745 fermento
2116 4671 2334 4724 malitia:
2361 4677 2407 4721 et
2436 4668 2700 4737 nequitite,
2721 4666 2810 4719 sed
2862 4666 2919 4717 in
2946 4663 3147 4731 azymis
3194 4660 3416 4713 sinceri-

1833 4769 1958 4820 tatis
2015 4775 2061 4818 ct
2123 4763 2362 4817 veritatis
2404 4761 2469 4815 ’°.
2531 4761 2595 4814 Et
2626 4758 2824 4812 nonad
2860 4767 3094 4824 tempus,
3126 4753 3220 4808 sed
3267 4751 3415 4805 omni

1832 4866 2019 4911 nostra
2046 4855 2156 4908 vita
2186 4870 2213 4906 a
2255 4853 2525 4906 fermento
2552 4851 2774 4905 malitire
2823 4848 3012 4901 mundi
3069 4861 3189 4901 esse
3251 4844 3419 4898 debe-

1835 4961 1957 4998 mus
1983 4962 1997 5010 ;
2027 4951 2315 5011 propterea
2333 4941 2441 4995 ait:
2466 4939 2672 5008 Septem
2696 4939 2880 4995 diebus
2909 4953 3096 5005 azyma
3115 4932 3414 4988 comedetis.

1837 5035 1940 5088 l‘er
1965 5031 2331 5101 septenariqu
2356 5044 2645 5083 numerum
2677 5029 2746 5082 de
2769 5027 2918 5082 omni
2947 5025 3105 5079 nobis
3133 5023 3238 5077 vita
3275 5036 3416 5094 prae-

1837 5120 2064 5197 cipiens.

1908 5217 2068 5271 Vsus.
2107 5215 2158 5269 8.
2197 5233 2216 5267 ‹
2256 5216 2380 5269 Dies
2407 5213 2615 5284 primus
2654 5211 2761 5266 erit
2810 5211 2969 5265 vobis
3021 5209 3415 5264 celeberrimus

1838 5318 1894 5363 et
1919 5316 2164 5369 sanctus,
2203 5322 2366 5361 omne
2384 5322 2520 5374 opus
2550 5304 2749 5360 servile
2795 5319 2904 5357 non
2933 5301 3143 5356 facietis
3185 5300 3236 5352 in
3265 5314 3350 5352 eo.
3390 5318 3409 5350 ι

1911 5400 2045 5453 lllud
2079 5400 2224 5454 enim
2292 5397 2607 5452 omnimodo
2657 5395 2854 5450 servile
2891 5409 3011 5448 esse
3031 5408 3167 5461 opus
3189 5392 3415 5459 spiritus

1842 5490 2038 5554 innuit,
2079 5491 2147 5544 de
2179 5506 2287 5559 quo
2317 5491 2393 5543 ait
2431 5489 2694 5542 Dominus
2731 5505 2742 5539 :
2789 5489 2955 5540 Amen
2989 5501 3142 5538 amen
3175 5486 3291 5536 dico
3325 5499 3416 5536 vo-

1841 5582 1936 5644 bis,
1957 5581 2045 5649 qui
2072 5581 2198 5651 facit
2226 5590 2515 5649 peccatum,
2550 5595 2726 5633 servus
2744 5587 2819 5631 est
2848 5576 3046 5645 peccati
3077 5576 3143 5628 ".
3183 5575 3236 5628 Si
3265 5574 3412 5628 enim

2921 5780 2964 5811 "
2994 5778 3011 5833 Ι
3041 5776 3199 5834 Joan.
3226 5791 3286 5842 ιι,
3325 5773 3409 5830 18.

1922 5786 1964 5816 ³³
2000 5781 2162 5839 lCor.
2195 5801 2246 5849 γ,
2270 5785 2319 5838 7.
2404 5783 2445 5815 ’⁸
2480 5782 2650 5838 Exod.
2680 5781 2846 5848 xuﬂ.
