4158 6450
728 384 747 411 ι
760 357 860 418 υθθ

731 569 850 607 mus
884 574 897 606 ;
930 554 1052 623 quia
1085 554 1356 616 Christus,
1417 555 1509 622 qui
1537 570 1636 623 pro
1675 552 1833 606 nobis
1873 566 2065 621 passus
2115 558 2221 610 est,
2274 564 2303 600 a

733 656 960 715 peccato
985 662 1083 701 nos
1114 656 1170 700 et
1195 648 1456 701 servitute
1484 647 1605 715 ejus
1649 645 1903 698 liberavit
1935 662 1947 696 :
1996 658 2105 696 non
2176 643 2304 711 quia

732 738 905 804 prima
936 735 1025 789 die
1054 750 1217 790 omne
1243 752 1382 804 opus
1411 736 1611 791 servile
1660 750 1773 788 non
1832 734 1947 789 fieri
2010 734 2301 803 praecepit,

730 827 853 882 aliis
883 837 1063 883 autem
1086 829 1280 882 diebus
1321 828 1443 883 ideo
1466 843 1629 898 opera
1645 827 1728 898 agi
1745 827 1971 881 servilia
2008 826 2304 896 pracepit:

732 919 855 972 vide
881 935 1011 989 ergo
1050 920 1180 989 quid
1210 921 1456 973 subdidit
1490 939 1503 975 :

799 1011 901 1065 Sed
934 1014 1159 1081 offeratis
1209 1014 1531 1081 sacriﬁcium
1560 1014 1616 1067 in
1647 1016 1766 1085 igne
1799 1014 2045 1068 Domino.
2064 1013 2193 1067 Sive
2246 1021 2307 1066 ut

734 1099 873 1154 LXX
914 1121 924 1155 :
954 1101 1193 1173 Oﬂ'eretis
1244 1106 1669 1159 ltelacautomata
1699 1106 1923 1159 Domino
1947 1116 2141 1175 septem
2193 1106 2310 1159 die-

735 1195 845 1249 bus.
884 1195 1006 1251 Dies
1030 1207 1212 1253 autem
1248 1198 1516 1266 septimus
1545 1200 1651 1253 erit
1671 1199 1940 1253 celebrior
1959 1208 2016 1252 et
2044 1198 2309 1262 sanctior,

737 1288 1055 1358 nullumque
1085 1304 1222 1359 opus
1282 1290 1480 1344 servile
1512 1290 1725 1344 facietis
1766 1291 1820 1344 in
1860 1307 1948 1345 eo.
1983 1290 2311 1344 lloiocauto-

738 1390 881 1435 mata
911 1396 1039 1451 ergo
1066 1390 1273 1450 septem
1299 1381 1491 1436 diebus
1524 1381 1710 1437 oﬂ'erri
1770 1382 2115 1453 praecipiens,
2140 1382 2313 1437 absti-

738 1490 869 1527 nere
900 1475 1063 1528 etiam
1084 1474 1154 1528 ab
1179 1475 1435 1530 omnibus
1459 1474 1719 1543 operibus
1749 1474 2067 1529 servilibus
2126 1474 2179 1527 in
2233 1474 2315 1527 eis

738 1566 1015 1634 praecepit.
1042 1566 1325 1631 Quomodo
1346 1565 1492 1619 enim
1520 1565 1641 1634 quis
1662 1566 2046 1623 holocaustum
2091 1565 2202 1619 Deo
2226 1564 2286 1619 of
2289 1595 2316 1604 -

739 1656 897 1721 feret,
953 1658 1171 1711 diabolo
1196 1658 1414 1727 dignus,
1474 1667 1568 1711 aut
1615 1658 1831 1713 servilia
1864 1659 2065 1727 agens?
2114 1658 2316 1712 Deinde

740 1762 850 1800 non
878 1747 1055 1802 solum
1088 1749 1344 1817 primam,
1369 1749 1465 1804 sed
1498 1758 1556 1805 et
1584 1750 1871 1819 septimam
1898 1759 2187 1819 propterea
2220 1765 2317 1803 no-

741 1834 989 1902 tninavit,
1020 1846 1079 1891 ut
1102 1837 1154 1891 in
1206 1838 1378 1906 prima
1423 1847 1479 1893 et
1527 1839 1583 1893 in
1611 1839 1840 1907 septima
1867 1847 2032 1892 totam
2063 1852 2316 1907 compre-

743 1928 1535 1985 henderetvitamhumauam.
1593 1929 1686 1984 Illa
1718 1930 1865 1984 enim
1925 1930 2164 1993 initium,
2217 1930 2319 1983 ista

741 2027 923 2072 autem
954 2019 1114 2073 linem
1144 2020 1309 2075 habet
1361 2020 1416 2075 in
1448 2036 1553 2090 qua
1606 2021 1791 2077 omnia
1840 2021 2319 2091 comprehendun-

742 2117 850 2161 tur.
894 2106 1121 2163 Videtur
1147 2117 1329 2163 autem
1370 2123 1423 2165 et
1451 2112 1553 2166 hoc
1592 2112 1905 2181 praecipere,
1931 2121 1988 2165 ut
2019 2113 2066 2165 is
2093 2112 2185 2180 qui
2219 2112 2322 2164 iiii-

742 2196 946 2262 buitur,
976 2197 1093 2251 sive
1132 2197 1379 2252 initiatur
1408 2200 1687 2269 mysterio,
1712 2200 1924 2253 nullum
1960 2214 2101 2269 opus
2123 2199 2321 2254 servile

742 2295 913 2357 agat:
960 2297 1177 2359 oportet
1222 2290 1426 2359 quippe
1467 2290 1617 2344 illum
1652 2306 1836 2361 agere,
1890 2308 2011 2362 qua:
2059 2294 2323 2348 libertatis

742 2387 888 2445 sunt,
924 2381 1049 2450 quia
1080 2396 1180 2436 nos
1217 2380 1479 2437 Dominus
1503 2383 1749 2438 liberavit
1784 2400 1881 2453 per
1908 2399 2033 2438 eum
2064 2385 2156 2456 qui
2176 2386 2226 2441 ei
2248 2387 2324 2441 si-

742 2482 941 2543 gnatus
966 2482 1069 2527 est.
1094 2475 1148 2528 Si
1176 2482 1358 2527 autem
1383 2475 1583 2544 aliquid
1606 2477 1849 2545 posthac
1875 2478 2227 2548 egerit,quod
2256 2480 2323 2533 ad

744 2563 1061 2618 servitutem
1086 2564 1342 2633 pertinet,
1375 2580 1616 2634 peccans
1641 2577 1702 2621 ut
1727 2569 1911 2630 homo.
1959 2568 2151 2623 saltem
2182 2569 2321 2639 ejus,

745 2672 866 2725 qua:
920 2657 986 2710 ad
1037 2655 1201 2709 linem
1232 2666 1337 2721 est,
1396 2658 2017 2730 libertatisdiligentiam
2042 2670 2215 2729 gerat,
2271 2671 2328 2716 et

746 2746 996 2802 intendat
1047 2763 1156 2817 quo
1201 2747 1360 2803 modo
1407 2758 1595 2803 noster
1642 2748 1768 2803 finis
1815 2750 1994 2804 bonus
2038 2751 2323 2818 eiIiciatur,

746 2838 1022 2906 quomodo
1059 2839 1290 2909 septima
1318 2839 1457 2904 dies,
1511 2849 1732 2909 tempus
1790 2841 2065 2908 videlicet,
2111 2844 2165 2897 in
2217 2860 2329 2914 quo

751 2930 1064 2997 transimus,
1096 2946 1257 2985 omne
1310 2946 1447 3001 Opus
1499 2932 1701 2987 servile
1738 2948 1847 2988 non
1881 2933 2100 2989 habeat.
2154 2934 2210 2988 In
2262 2953 2328 2989 eo

749 3023 894 3078 enim
928 3023 981 3078 in
1006 3040 1114 3093 quo
1137 3038 1237 3078 nos
1262 3023 1404 3077 Deus
1439 3023 1735 3090 invenerit,
1778 3025 1831 3079 in
1871 3027 2331 3099 ipsoetjudicare

1942 342 2301 403 ilESYCIlII
2348 338 2821 400 PRESBYTERI

729 478 916 515 'sel’llfﬂ
961 463 1300 515 celebramus
1325 459 1551 521 Pascha,
1582 460 1793 530 peccati
1820 458 2105 513 servitium
2125 456 2301 526 fugia-
2333 453 2607 514 Ament'ts
2642 453 2777 516 suis,
2804 452 2859 505 in
2888 449 3114 504 olorem
3147 447 3561 502 suavissimum
3644 441 3921 494 bonum,
3966 442 4039 495 Fs-
4112 434 4115 499 έ

3947 340 3959 387 i
3972 336 4047 393 ’ῖιὲτ

2408 545 2566 597 cietis
2591 554 2649 597 et
2671 544 2885 596 hircum
2916 559 3017 611 pro
3039 548 3284 610 peccato,
3338 542 3629 607 duosque
3678 550 3877 604 agnos
3914 552 4039 586 sam.
4114 562 4115 591 ι

2408 638 2583 699 culos,
2616 636 2822 690 hostias
2845 635 3217 704 pacificorum.
3248 632 3501 701 Cumque
3547 630 3908 683 elevaverit
3961 646 4029 681 ea:
4106 684 4107 687 η

2409 729 2662 784 sacerdos
2685 744 2812 783 eum
2842 728 3074 793 panibus
3104 726 3470 792 primitiarum
3516 737 3757 774 coram
3815 721 4013 772 Domina

2409 818 2608 872 cedent
2631 819 2686 872 in
2723 834 2882 871 usum
2917 819 3059 885 ejus.
3095 816 3162 869 Et
3217 815 3487 869 voc-abitis
3510 815 3708 867 hunc
3749 812 3902 864 diem
3922 814 4025 863 cei;-

2412 914 2732 971 berrimum.
2769 920 2933 979 atque
2960 909 3394 982 sanctissimum,
3424 922 3626 963 omne
3656 920 3821 973 opus
3863 908 4013 956 sem.»

2412 1017 2521 1055 nou
2564 1000 2777 1054 facietis
2832 1000 2889 1052 in
2937 1014 3025 1051 eo.
3065 997 3395 1067 Legitimum
3455 996 3910 1063 scmpitenium
3950 1006 4017 1043 em

2414 1095 2469 1148 in
2528 1093 2745 1147 cunctis
2813 1090 3159 1153 habitaculis,
3248 1098 3301 1141 ct
3368 1087 3882 1157 generationibus
3958 1104 4015 1131 πλη

2414 1186 2560 1241 stris.
2590 1204 2610 1237 ι

2484 1277 2623 1342 Quia
2660 1278 2819 1346 longe
2850 1294 2880 1328 a
2920 1274 3179 1344 praesenti
3235 1276 3352 1343 iege
3386 1273 3660 1344 pupulas
3722 1272 4007 1324 luds-bram

2416 1376 2521 1430 est,
2543 1368 2661 1434 ipsa
2676 1367 2873 1422 docere
2897 1380 3000 1419 nos
3026 1365 3192 1419 verba
3211 1374 3444 1433 possunt
3466 1364 3785 1417 discussa.
3811 1364 4011 1431 Argona-

2419 1469 2508 1512 tur
2540 1466 2749 1517 autem,
2780 1472 2961 1526 neque
2985 1457 3292 1510 secundum
3326 1456 3580 1509 litteram
3620 1457 3929 1524 implentes
3952 1472 3994 1505 ca

2417 1565 2521 1604 nec
2559 1550 2816 1618 spiritum
2864 1548 3193 1618 intelligere,
3226 1548 3318 1616 qui
3367 1547 3421 1600 in
3477 1549 3569 1600 eis
3599 1557 3730 1608 est,
3787 1548 4006 1598 ηιειιι-πε.

2415 1641 2607 1696 Altero
2636 1641 2725 1696 die
2754 1640 2931 1709 prima
2976 1640 3232 1693 videlicet
3264 1654 3599 1707 azvtuorum
3637 1639 3858 1691 oﬂ‘erre
3879 1640 4007 1687 [Iulii-

2422 1732 2631 1801 puium,
2669 1742 2725 1786 et
2754 1745 2912 1786 ovem
2959 1729 3246 1783 immolare
3280 1746 3448 1799 super
3475 1745 3622 1783 eum
3687 1734 3955 1797 praeco-pit.
3980 1732 4005 1777 Α

2350 1793 2510 1874 l“lie
2557 1793 2764 1884 autem,
2823 1819 2877 1872 in
2933 1832 3043 1887 quo
3102 1820 3205 1871 hoc
3252 1793 3610 1886 tiu-septem
3670 1793 4006 1870 hebdomadas

2421 1912 2722 1975 numerari,
2752 1921 2810 1966 et
2838 1913 3073 1966 alterum
3103 1911 3247 1964 diem
3278 1909 3491 1963 ultimae
3520 1908 3925 1966 hebdomade,
3955 1908 4006 1957 sic

2421 2004 2779 2059 Pentecostes
2856 2005 3135 2059 celebrare
3189 2002 3560 2057 festivitatem
3625 2003 3686 2054 iu
3769 2002 3872 2056 his.
3922 2015 4006 2065 qu:

2423 2115 2571 2154 nunc
2600 2099 2736 2153 dixit
2760 2098 3045 2168 pra-cepit.
3077 2098 3309 2163 Quidam
3332 2106 3525 2150 autem
3554 2099 3643 2150 sic
3689 2096 4006 2147 inveniuntur

2424 2187 2779 2243 Pcntecostes
2829 2188 3186 2241 festivitatem
3234 2187 3551 2241 celebrare.
3587 2189 3633 2237 A
3691 2186 3870 2254 prima
3901 2186 4004 2237 eius:

2424 2296 2768 2362 azymorum,
2802 2295 2912 2335 non
2960 2290 3142 2333 autem
3167 2294 3196 2332 a
3223 2279 3335 2339 die,
3371 2279 3425 2331 in
3490 2294 3614 2347 qna
3679 2276 4007 2345 manipulum.

2425 2388 2546 2442 qua:
2565 2373 2741 2442 prima
2766 2388 3085 2442 azymorum
3121 2371 3175 2424 in
3208 2370 3519 2424 crastinum
3561 2369 3827 2422 secunda
3858 2366 4005 2419 videli-

2425 2476 2515 2523 cet
2553 2466 2695 2528 dies,
2732 2474 3119 2534 computantes
3172 2464 3439 2518 celebrari
3476 2464 3725 2517 sibimet
3785 2461 3999 2515 Pentecu-

2427 2564 2566 2609 stem
2604 2554 2926 2624 pratdicant.
2964 2551 3197 2621 PrOpter
3217 2552 3365 2621 quod
3396 2552 3482 2605 eis
3518 2550 3818 2605 Dominus
3851 2553 4006 2618 impro-

2429 2662 2629 2714 perans
2678 2645 2826 2714 quod
2882 2645 3189 2698 secundum
3236 2644 3483 2698 litteram
3576 2659 3705 2696 non
3761 2644 4010 2713 implerem

2429 2742 2603 2800 legem
2657 2739 2873 2793 dicebat
2911 2755 2924 2789 :
2956 2736 3023 2791 Et
3082 2754 3234 2791 nemo
3289 2754 3353 2791 ex
3390 2737 3539 2790 vobis
3605 2739 3749 2805 facit
3804 2738 3993 2808 legem“
4086 2736 4087 2799 1

2429 2832 2675 2889 Ecclesia
2696 2840 2878 2886 autem
2898 2830 3031 2885 facit
3058 2831 3201 2885 sicut
3229 2846 3379 2884 nunc
3410 2832 3776 2885 ostenditur.

2502 2951 2827 3017 Loeutusque
2884 2956 2961 3002 est
3018 2947 3276 3002 Dominus
3344 2950 3417 3002 ad
3501 2949 3757 3018 Moysem
3820 2950 4009 3001 dicetis.

2433 3041 2668 3112 Loquere
2693 3016 2818 3109 ﬁliis
2847 3039 3039 3101 Israel.
3063 3051 3111 3094 et
3143 3042 3283 3094 dices
3342 3043 3416 3094 ad
3461 3016 3609 3095 (θεέ
3656 3042 3796 3097 Cum
3837 3040 4013 3110 ingressi

750 3113 1037 3209 promittit.
1073 3114 1463 3209 Proptergquod
1485 3125 1542 3171 et
1574 3114 1761 3181 David,
1784 3116 1845 3170 In
1862 3117 1988 3185 ﬁne,
2011 3134 2074 3171 ue
2098 3135 2332 3172 corrum-
2359 3150 2405 3209 ρ
2440 3133 2644 3186 (nam,
2676 3143 2895 3195 (en-am,
2938 3148 3102 3201 quam
3128 3148 3222 3202 ego
3265 3132 3403 3184 dabo
3432 3132 3589 3184 υοδε,
3622 3143 3677 3185 ει
3733 3132 4015 3188 menum"

750 3223 869 3275 pas,
895 3206 1159 3276 plurimos
1198 3207 1535 3262 Psalmorum
1567 3209 1894 3277 praescrihit.

826 3297 988 3352 Vens.
1014 3298 1169 3354 9-H.
1199 3318 1217 3351 ι
1253 3299 1602 3369 Locutusque
1627 3311 1711 3355 est
1740 3301 2005 3356 Dominus
2026 3304 2094 3357 ad
2115 3302 2330 3374 Moysen

754 3391 943 3445 dicens
973 3408 987 3444 :
1026 3390 1273 3461 Loquere
1291 3391 1621 3459 filiislsrael,
1656 3402 1712 3448 et
1746 3393 1898 3449 dices
1921 3395 1990 3449 ad
2021 3411 2117 3453 eos
2152 3414 2165 3449 :
2199 3396 2335 3450 Cum
2385 3461 2393 3471 ι

758 3484 983 3556 ingressi
1010 3486 1220 3540 fueritis
1257 3494 1453 3540 terram
1495 3502 1657 3557 quam
1707 3503 1809 3557 ego
1835 3488 2000 3542 ‘dabo
2060 3490 2247 3557 vobis,‘
2283 3499 2337 3543 et

758 3574 1094 3629 utessueritis
1121 3584 1333 3645 segetes
1365 3584 1522 3629 terra:
1572 3585 1786 3638 vestras,
1822 3576 2010 3631 feretis
2034 3548 2338 3648 manipulos

760 3666 1054 3733 spicarum,
1087 3666 1354 3735 primitias
1377 3667 1571 3722 messis
1614 3676 1828 3730 vestrte.
1874 3670 1941 3723 ad
1976 3670 2337 3724 sacerdotem.

761 3754 861 3818 Qui
915 3755 1112 3810 levabit
1157 3755 1473 3810 fasciculum
1494 3770 1711 3846 ‘coram
1754 3757 1984 3812 Domino
2007 3769 2065 3812 ut
2087 3768 2341 3829 accepta-

764 3845 889 3901 bilis
918 3848 988 3901 sit
1019 3864 1114 3916 pro
1139 3848 1311 3901 vobis.
1346 3845 1532 3902 Altero
1564 3848 1653 3903 die
1693 3848 1950 3915 Sabhato,
1978 3850 2344 3906 sauctiiicahit

766 3936 937 4002 illum,
961 3948 1122 4008 atque
1160 3940 1210 3992 in
1251 3938 1440 3993 eodem
1458 3938 1547 3993 die
1568 3955 1676 4009 quo
1715 3940 2026 4011 manipulus
2048 3958 2343 3996 consecra-

767 4040 877 4096 tur,
910 4030 1149 4086 caedetur
1170 4047 1342 4102 agnus
1367 4033 1751 4087 immaculatus
1802 4033 2093 4087 anniculus
2115 4032 2168 4086 in
2192 4034 2346 4089 holo-

768 4134 1017 4179 caustum
1044 4121 1295 4188 Domino,
1324 4134 1380 4178 et
1412 4124 1709 4179 libamenta
1743 4124 2045 4180 oﬂerentur
2099 4140 2224 4180 cum
2280 4140 2347 4181 eo

769 4215 891 4269 iluze
925 4214 1151 4270 decimae
1191 4215 1382 4270 similae
1427 4230 1738 4285 conspersa:
1785 4216 1908 4271 oleo
1958 4216 2012 4270 in
2060 4217 2347 4271 incensum

772 4303 1002 4358 Domino
1023 4304 1354 4376 odoremque
1379 4306 1788 4371 suavissimum,
1821 4307 1930 4362 liba
1958 4322 2179 4377 quoque
2214 4309 2347 4371 viui,

771 4406 961 4465 quarta
985 4412 1109 4467 pars
1128 4398 1243 4453 hin.
1276 4398 1476 4453 Panem
1513 4408 1571 4454 et
1594 4399 1893 4469 polentam,
1935 4408 1994 4454 et
2019 4400 2197 4469 pultes
2239 4415 2350 4453 non

2435 3232 2631 3292 segetes
2664 3232 2818 3275 terra!
2852 3232 3058 3282 vestrm.
3110 3223 3337 3291 oﬂ'eretis
3395 3223 3715 3287 manipulos
3759 3229 4012 3288 spicarum.

2436 3316 2705 3381 primitias
2734 3316 2915 3367 messis
2954 3323 3139 3367 vestrm
3178 3317 3247 3365 ad
3286 3316 3651 3367 sacerdotem.
3707 3313 3816 3378 Qui
3866 3314 4013 3367 teratu

2439 3406 2749 3475 fasciculum
2809 3422 2987 3458 coram
3042 3404 3288 3463 Domino,
3334 3413 3389 3454 ut
3423 3405 3793 3469 occeptahilis
3837 3406 3898 3454 sit
3949 3419 4015 3467 pre
4088 3404 4089 3427 ‘

2440 3499 2599 3550 vobis.
2634 3496 2858 3550 Terram
2889 3511 2932 3600 ἦ
2954 3496 3062 3548 Deo
3082 3496 3287 3558 datam,
3312 3493 3713 3600 evaltigelicam
3751 3492 4013 3600 doctrinam

4086 2631 4091 2783 ι

4087 2810 4091 2899 Ψ

4084 3182 4091 3311 k

2440 3602 2495 3643 et
2524 3576 2999 3667 conversationem
3030 3587 3357 3657 frequenter
3388 3585 3728 3639 docuimus.
3760 3584 3878 3654 Ipsa
3902 3585 4013 3637 enim
4090 3576 4091 3581 “

2445 3692 2589 3736 terra
2626 3682 2847 3745 dicitur,
2901 3690 3128 3750 propter
3181 3679 3393 3734 fructus
3428 3677 3717 3731 virtutum
3752 3676 3845 3747 qui
3893 3692 3949 3727 ex
3973 3690 4015 3725 ea

2444 3772 2718 3825 oriuntur.
2755 3771 2838 3823 Ah
2878 3770 2998 3838 ipso
3021 3778 3205 3822 autem
3237 3765 3350 3822 Deo
3383 3766 3514 3820 data
3547 3777 3661 3828 est,
3706 3764 4017 3835 nequeenim

2446 3858 2749 3912 mediatore
2770 3857 2838 3911 ad
2872 3857 3016 3911 hanc
3044 3870 3181 3910 usus
3202 3863 3308 3916 est.
3352 3853 3447 3907 sed
3475 3852 3713 3922 proprio
3741 3869 3808 3907 ea
3842 3866 4019 3906 annuis

2446 3950 2604 4004 Iiavit
2626 3964 2743 4003 ore.
2782 3947 3017 4014 Quando
3066 3960 3196 4016 ergo
3235 3946 3464 4015 ingressi
3498 3956 3659 4005 sunt.
3710 3956 3767 3999 et
3810 3960 4017 4000 messae-

2449 4051 2580 4097 runt
2632 4050 2850 4111 segetes
2917 4041 3061 4109 ejus.
3127 4039 3184 4092 hi
3233 4040 3326 4107 qui
3381 4048 3768 4106 susceperunt
3817 4038 4016 4090 salutare
4088 4082 4089 4095 χ

2448 4106 2723 4187 verbum:
2748 4130 2827 4185 Illi
2867 4106 3016 4184 enim
3038 4138 3172 4184 sunt
3207 4138 3263 4183 et
3293 4144 3591 4193 messores,
3648 4140 3708 4182 et
3737 4128 4016 4195 intelligitu-
4089 4106 4091 4121 Ι

2452 4226 2528 4279 les
2561 4232 2772 4295 segetes
2786 4223 2854 4276 ad
2874 4238 3014 4292 quos
3046 4222 3310 4276 Dominus
3331 4221 3584 4275 dicebat:
3612 4222 3811 4275 Messis
3841 4224 4017 4289 quide-

2452 4316 2647 4378 multa,
2680 4316 2915 4385 operarii
2949 4324 3128 4367 autem
3162 4315 3346 4382 pauci,
3379 4323 3563 4382 rogate
3589 4312 3887 4366 Dominam
3915 4330 4014 4364 na-

2453 4410 2547 4467 sis.
2596 4416 2654 4461 ut
2694 4410 2873 4461 mittat
2918 4408 3191 4475 operarios
3252 4408 3310 4459 in
3350 4420 3748 4459 messemsuam
3764 4406 4017 4475 ",quibas

773 4487 1071 4542 comedetis
1096 4503 1158 4542 ex
1178 4499 1378 4559 segete,
1400 4504 1576 4580 usque
1605 4489 1673 4544 ad
1709 4489 1854 4543 diem
1881 4504 1991 4559 quo
2019 4488 2265 4543 oﬂeratis
2282 4502 2334 4543 ei

2464 4501 2633 4555 etiam
2677 4499 2830 4555 verbi
2877 4499 3203 4570 mysterium
3247 4497 3499 4561 credidit,
3536 4507 3677 4551 tunc
3724 4499 3917 4551 messis
3959 4512 4015 4548 su:

774 4593 836 4631 ca
864 4577 971 4631 Deo
991 4586 1192 4642 vestro,
1227 4577 1559 4649 praeceptum
1580 4589 1665 4635 est
1687 4580 2078 4649 sempiternum
2111 4578 2164 4631 iu
2184 4594 2351 4648 gene-

777 4670 1103 4736 rationibus,
1136 4672 1460 4742 cuuctisque
1504 4672 1830 4727 habitaculis
1886 4672 2103 4726 vestris.
2152 4670 2355 4725 Nume-

782 4763 971 4817 rahitis
1002 4780 1129 4834 ergo
1156 4766 1223 4818 ab
1253 4767 1425 4819 altero
1442 4766 1535 4820 die
1561 4764 1807 4831 Sabhati,
1846 4766 1901 4819 iu
1947 4780 2057 4834 quo
2080 4764 2355 4820 obtulistis

781 4858 1116 4927 manipulum
1151 4859 1534 4929 primitiarum,
1557 4872 1764 4930 septem
1780 4861 2147 4917 hebdomadas
2168 4861 2357 4932 plenas

785 4965 958 5017 usque
987 4948 1053 5003 ad
1083 4950 1225 5005 diem
1256 4951 1483 5006 alteram
1524 4952 1850 5022 expletiouis
1882 4951 2240 5006 hebdomadas
2272 4969 2359 5007 se-

784 5043 992 5112 ptimae,
1036 5042 1087 5097 id
1109 5054 1193 5099 est
1238 5046 1634 5116 quinquaginta
1686 5047 1849 5101 dies:
1889 5056 1946 5100 et
1979 5046 2061 5101 sic
2117 5046 2363 5101 oli‘eretis

784 5133 1111 5189 sacrificium
1141 5151 1339 5191 novum
1375 5139 1625 5203 Domino,
1651 5154 1720 5193 ex
1754 5140 2009 5193 omnibus
2037 5138 2364 5193 habitaculis

786 5228 1001 5281 vestris.
1035 5225 1210 5283 Panes
1235 5229 1595 5298 primitiarum
1637 5232 1774 5287 duos
1793 5232 1861 5285 de
1889 5232 2105 5301 duabus
2134 5231 2365 5287 decimis

789 5317 981 5373 simila:
1012 5319 1376 5385 fermentatus,
1406 5338 1543 5391 quos
1579 5324 1827 5393 coqueiis
1860 5324 1915 5377 in
1951 5323 2224 5392 primitias
2259 5322 2359 5377 Do-

791 5411 949 5464 mini.
977 5410 1339 5481 Oli‘erctisque
1367 5429 1492 5467 cum
1523 5415 1757 5482 panibus
1779 5424 1988 5484 septem
2056 5429 2227 5484 agnos
2266 5403 2368 5466 im:

792 5502 1093 5558 maculatos
1122 5504 1426 5570 anniculos,
1455 5514 1508 5558 et
1535 5506 1765 5559 vitulum
1794 5506 1861 5559 de
1884 5516 2138 5560 armento
2171 5521 2363 5569 unum,

795 5602 849 5648 ct
877 5595 1075 5650 arietes
1107 5594 1262 5659 duos,
1286 5604 1340 5649 ct
1376 5606 1539 5649 erunt
1589 5596 1642 5649 in
1678 5597 2054 5650 holocaustum
2082 5613 2205 5649 cum
2233 5596 2367 5649 liba-

2459 4600 2674 4643 matura
2718 4599 2858 4653 erat,
2908 4597 2972 4641 ut
3020 4588 3288 4642 Dominus
3327 4588 3567 4641 diceret:
3626 4585 3825 4639 Leeate
3876 4590 4015 4637 oculis

2461 4681 2872 4743 uestros,~uidete
2899 4681 3154 4749 regiones,
3197 4681 3323 4748 quia
3352 4679 3491 4731 alba
3520 4686 3641 4729 sunt
3669 4678 3793 4744 jam
3822 4679 3891 4729 ad
3934 4694 4017 4727 ιιι-

2464 4770 2677 4823 tendum
2695 4768 2764 4823 ”.
2818 4767 3157 4839 Manipuium
3192 4778 3375 4822 autem
3422 4767 3819 4836 primitiarum.
3854 4768 4017 4818 intr-Hn-

2465 4860 2645 4931 gihilis
2680 4862 2939 4916 sacerdos
2973 4861 3233 4915 Christus
3271 4873 3472 4928 corpus
3505 4858 3794 4927 proprium
3843 4858 4014 4911 υσεη-

2468 4954 2580 5009 bat.
2644 4953 2781 5020 Quia
2833 4954 2981 5008 enim
3035 4953 3337 5022 capitulum
3398 4952 3514 5004 sive
3572 4965 3783 5003 summa
3833 4964 4011 5001 cressa.
4088 4934 4089 4943 “

2469 5045 2625 5100 verbi
2673 5044 2933 5099 videlicet
2979 5044 3257 5107 salutaris,
3299 5052 3354 5096 et
3394 5042 3595 5097 divime
3643 5042 4015 5110 praedicatus

2470 5145 2812 5190 mortuorum
2847 5144 2967 5189 erat
3023 5133 3374 5196 resurrectio,
3404 5134 3478 5187 ita
3510 5143 3569 5187 ut
3598 5130 3801 5185 Paulus
3847 5137 4013 5186 cla-n-

2473 5235 2588 5281 ret:
2629 5225 2736 5280 Viri
2767 5226 3051 5289 Pharistei,
3081 5226 3145 5281 de
3173 5241 3261 5293 spe
3292 5234 3341 5278 et
3405 5225 3784 5277 resurrectione
3812 5238 4011 5274 mu-
4086 5210 4087 5213 “

2471 5336 2590 5373 rum
2617 5336 2711 5389 ego
2751 5320 2970 5389 judicor
3015 5320 3168 5373 hodie
3186 5320 3251 5382 ³¹,
3284 5317 3571 5387 oportebat
3619 5315 4011 5369 satisfactio-ra
4084 5334 4087 5355 ι

2472 5411 2627 5478 sequi
2672 5411 3099 5479 praedicationis.
3143 5426 3269 5463 nam
3314 5418 3369 5462 et
3394 5407 3685 5461 subsecuta
3731 5416 3832 5498 est.
3878 5403 4015 5455 Veri:
4081 5398 4085 5483 ί

2473 5502 2620 5553 cium
2656 5501 2995 5569 manipulus,
3022 5510 3079 5554 et
3105 5515 3249 5554 vera;
3289 5497 3546 5566 primitias
3588 5497 3791 5548 nostra:
3834 5507 4011 5545 udas.
4082 5534 4083 5569 ξ

2478 5612 2625 5650 nunc
2658 5566 3017 5665 intelligibilis
3061 5593 3319 5649 sacerdos
3353 5591 3628 5655 Christus,
3689 5603 3883 5657 corpus
3920 5600 4013 5654 ρη-
4082 5566 4085 5625 Ἃ

895 5758 942 5791 ⁸⁸
966 5772 1123 5829 Joan.
1149 5792 1244 5838 vu,
1274 5778 1355 5831 l9.
1431 5774 1683 5829 "Matth.
1722 5793 1791 5842 is,
1828 5776 1916 5829 37.
1994 5778 2035 5806 ³ο
2066 5774 2217 5829 Ιοηιι.
2254 5792 2324 5841 iv,

2433 5815 2442 5826 .
2519 5775 2557 5829 i‘
2594 5775 2714 5828 Act.
2743 5790 2897 5837 uiti,
2931 5773 2983 5829 6.

4094 1200 4107 1285 l
