4158 6450
168 418 290 486 1085

1263 417 1344 476 ΙΝ
1388 415 1823 477 LEVITICUM.
1857 441 1926 452 -
1965 418 2113 477 LIB.
2145 420 2244 481 VI.

3247 429 3382 496 1086

163 535 328 604 prium
358 547 388 587 a
416 533 645 587 mortuis
669 532 974 598 suscitavit,
1007 532 1073 587 de
1104 547 1213 602 quo
1242 530 1439 585 Paulus
1470 531 1712 585 dicebat:
1747 537 1788 590 Α
1891 528 1957 582 Et
1999 533 2266 598 polentam
2303 539 2352 585 et
2397 531 2568 599 pultes
2621 550 2724 587 non
2770 537 3049 590 comedetis
3076 555 3139 591 ex
3186 551 3375 609 segete,

163 627 304 680 Nunc
332 636 528 680 autem-
562 626 798 680 Christus
831 626 1114 679 resurrexit
1159 642 1192 677 a
1255 625 1493 686 mortuis,
1528 623 1712 690 primi-

162 721 241 773 τίω
299 719 667 772 dormientium
686 719 750 770 ³³.
806 717 911 771 Sed
946 717 1164 786 quando
1213 717 1316 771 hoc
1373 716 1575 769 factum
1605 722 1711 775 est,

160 812 317 865 altera
339 810 427 864 die
463 809 656 864 offeret
709 809 837 863 illud
866 809 1139 863 sacerdos.
1199 808 1330 862 Esse
1369 818 1548 859 autem
1600 805 1714 874 pri-

160 919 291 956 mam
321 903 463 956 diem
486 902 782 955 Dominicze
839 900 1128 970 passionis,
1180 915 1238 952 ea
1267 914 1385 966 quae
1435 906 1562 950 ante
1609 896 1712 949 hoc

158 995 405 1055 diximus,
434 993 814 1052 ostenderunt,
847 993 900 1045 in
949 1008 1054 1060 qua
1097 991 1357 1044 Dominus
1421 1005 1574 1042 suam
1615 989 1714 1041 ho-

157 1083 305 1137 stiam
337 1099 442 1136 non
471 1084 589 1136 sine
614 1083 819 1135 ratione
853 1082 1207 1151 dispensavit.
1252 1082 1355 1133 Sed
1384 1081 1507 1148 quia
1539 1079 1711 1146 prima

153 1190 459 1244 azymorum
516 1175 660 1237 haec,
720 1185 774 1226 et
829 1175 999 1242 prima
1057 1172 1335 1227 Paschalis
1402 1169 1710 1223 festivitatis

151 1266 446 1327 dicebatur,
496 1265 666 1317 altera
715 1265 831 1317 dies
876 1263 1145 1332 passionis
1201 1263 1528 1319 resurrectio
1578 1262 1705 1314 fuit:

153 1357 308 1425 hujus
353 1356 427 1408 rei
476 1356 667 1426 gratia,
722 1371 846 1409 cum
887 1356 1156 1424 potuisset
1209 1354 1411 1416 dicere,
1469 1353 1707 1407 secunda

149 1462 453 1515 azymorum
480 1445 676 1500 oll‘eret
718 1447 820 1499 hoc
872 1447 1146 1509 sacerdos,
1176 1461 1282 1499 non
1319 1445 1399 1498 sic
1447 1445 1602 1507 dixit,
1649 1453 1709 1497 ut

147 1554 253 1591 non
311 1539 376 1591 ad
434 1538 858 1606 subsequentem
911 1537 1052 1590 diem
1111 1538 1412 1591 deduceret
1463 1545 1704 1589 nostram

145 1628 547 1698 cogitationem,
601 1629 694 1682 sed
749 1635 804 1681 et
846 1627 898 1680 in
948 1629 1246 1681 crastinum
1301 1628 1510 1696 prince.
1571 1626 1708 1680 Dicit

142 1729 321 1772 autem
356 1721 837 1783 resurrectionem,
870 1722 996 1787 quia
1031 1719 1486 1788 quemadmodum
1515 1719 1707 1772 crasti-

140 1827 243 1864 nus
294 1811 410 1864 dies
440 1811 707 1865 hodierno
747 1811 1010 1872 succedit,
1063 1811 1140 1863 sic
1193 1811 1458 1864 successit
1488 1808 1702 1862 Domini

140 1903 379 1970 passioni
418 1904 766 1956 resurrectio.
816 1902 895 1956 Tu
926 1912 1107 1956 autem
1137 1903 1357 1954 attende
1405 1916 1466 1954 ea
1491 1916 1609 1969 qua:
1649 1901 1703 1953 in

140 1994 604 2063 subsequentibus
670 1995 950 2057 dicuntur,
1018 2004 1072 2047 et
1139 1995 1427 2047 verborum
1494 1991 1702 2046 custodi

139 2087 553 2141 districtionem.
589 2089 828 2140 Primum
859 2089 1006 2140 enim
1047 2087 1387 2154 manipulum
1437 2085 1706 2152 primitia-

139 2197 280 2243 rum,
332 2179 675 2233 sacerdotem
734 2180 973 2233 ostendit
1019 2180 1362 2240 offerentem,
1413 2189 1532 2246 post
1600 2178 1705 2229 hoc

134 2280 315 2323 autem
346 2271 453 2322 ait:
487 2269 653 2337 Atque
685 2270 741 2320 in
784 2271 960 2322 eodem
999 2270 1083 2321 die
1130 2285 1231 2336 quo
1255 2267 1554 2336 manipulus
1584 2284 1706 2320 ron-

133 2371 393 2426 secratur,
431 2362 646 2413 cedetur
689 2377 857 2430 agnus
907 2361 1284 2412 immaculatus
1324 2361 1603 2412 anniculus
1650 2361 1705 2410 in

133 2453 495 2505 holocaustum
533 2451 774 2504 Domino.

205 2545 400 2598 Volens
429 2560 526 2599 nos
548 2550 601 2597 In
628 2544 717 2598 die
740 2558 845 2613 qua
873 2544 1213 2597 celebramus
1273 2540 1488 2597 Domini
1520 2557 1701 2596 resur-

132 2637 454 2701 rectionem,
511 2645 567 2690 et
618 2636 880 2704 manipuli
930 2636 1325 2704 intelligibilem
1374 2633 1705 2689 oblationem

130 2730 492 2793 celebramus,
541 2745 649 2781 non
706 2728 950 2781 oblivisci
1010 2727 1274 2781 Dominici
1329 2724 1605 2788 sacriﬁcii,
1641 2740 1707 2777 ex

131 2837 241 2888 quo
276 2821 433 2873 nobis
467 2829 549 2873 est
578 2819 780 2873 oblatio
800 2819 1063 2888 manipuli
1092 2838 1103 2873 :
1130 2821 1226 2872 sed
1269 2819 1467 2873 cedere
1504 2831 1705 2886 agnum

129 2912 540 2966 immaculatum
571 2912 889 2965 anniculum
923 2911 978 2963 in
1027 2912 1405 2965 holocaustum
1456 2909 1704 2962 Domino.

127 3004 533 3074 Intelligibilem
590 3019 808 3073 agnum,
854 3003 1072 3057 Domini
1103 3003 1453 3056 traditionem
1505 3002 1706 3054 immo-

122 3096 306 3150 lantes
354 3096 602 3165 mystice,
659 3103 714 3149 et
772 3090 1123 3149 offerentes:
1177 3094 1347 3163 ipsius
1387 3100 1594 3158 autem,
1649 3102 1708 3146 ut

123 3186 458 3241 sacriﬁcium
493 3187 752 3240 cedentes
779 3186 1099 3239 memoriam
1124 3185 1274 3238 fecit.
1317 3183 1506 3253 Neque
1559 3184 1702 3237 enim
1734 3209 1775 3264 ο

119 3279 305 3341 aliter,
339 3278 434 3330 sed
485 3293 581 3345 per
633 3277 750 3345 ejus
779 3278 1188 3330 meditationem
1246 3286 1304 3330 et
1360 3278 1614 3330 virtutem
1671 3293 1702 3330 a

121 3370 426 3424 sensilibus
450 3369 514 3422 ad
548 3369 905 3438 intelligibilia
939 3369 1346 3423 transferuntur
1378 3383 1441 3422 ea
1486 3384 1606 3437 qua:
1647 3369 1700 3422 in

121 3457 220 3509 illo
252 3456 520 3510 sacrilicio
551 3468 906 3526 peraguntur.
939 3457 1006 3509 Et
1035 3458 1181 3526 quod
1212 3458 1317 3512 hoc
1365 3467 1448 3511 est
1485 3458 1700 3512 sacriﬁ-

120 3546 308 3599 cium?
339 3545 473 3599 Dute
507 3547 721 3600 decimw
750 3547 941 3600 similia
994 3563 1286 3614 conspersae
1311 3547 1444 3601 oleo.
1473 3547 1702 3617 Oportet

121 3637 277 3689 enim
307 3639 448 3691 scire
501 3638 799 3707 perfectam
843 3639 1260 3699 humanitatem,
1293 3648 1346 3693 et
1402 3640 1698 3708 perfectam

118 3728 466 3782 divinitatem
491 3739 926 3798 coutemperare,
954 3730 1006 3783 id
1033 3741 1115 3783 est
1138 3731 1190 3782 in
1215 3747 1384 3784 unum
1406 3732 1700 3787 convenire

118 3818 178 3871 in
216 3819 360 3883 oleo,
394 3821 447 3874 id
477 3831 561 3874 est
596 3835 692 3890 per
724 3837 844 3874 earn
872 3837 1032 3890 quam
1069 3822 1211 3874 circa
1239 3837 1340 3874 nos
1366 3823 1531 3876 habet
1552 3840 1700 3877 com-

119 3912 436 3978 passionem
477 3913 601 3965 :sic
657 3913 802 3967 enim
836 3912 1163 3966 sacriﬁcium
1225 3914 1362 3967 odor
1416 3915 1699 3969 suavitatis

121 4003 362 4056 Domino
422 4003 720 4068 invenitur,
780 4005 1122 4074 sapientibus
1173 4006 1333 4059 nobis
1375 4008 1442 4060 de
1485 4022 1550 4060 eo
1578 4024 1698 4076 quae

117 4096 294 4164 digna
331 4106 478 4149 sunt.
521 4097 580 4150 In
611 4098 812 4166 quibus
863 4109 1046 4150 autem
1101 4097 1452 4160 sacriﬁcium,
1509 4107 1564 4152 et
1602 4115 1699 4167 per

109 4202 260 4254 quos
289 4189 486 4258 agitur,
509 4190 781 4257 quomodo
808 4189 1118 4244 celebratur
1172 4189 1530 4258 intelligibilis
1571 4191 1694 4259 agni

105 4275 346 4339 oblatio,
374 4279 518 4345 quod
570 4281 817 4344 sequitur
876 4278 1134 4332 ostendit.
1193 4278 1382 4347 Neque
1436 4280 1583 4332 enim
1642 4279 1696 4332 in

103 4365 405 4434 sanguine,
436 4381 613 4434 neque
645 4383 743 4435 per
789 4366 1179 4420 irrationabilia
1218 4367 1493 4428 animalia,
1524 4368 1693 4421 sacri-

104 4454 305 4507 ficium
360 4471 389 4508 a
458 4457 615 4510 nobis
676 4457 821 4510 Deus
877 4458 1127 4525 suscipit,
1194 4458 1495 4511 secundum
1549 4459 1694 4528 quod

101 4547 405 4615 sequentia
438 4546 800 4609 demonstrat,
835 4546 910 4599 ait
949 4547 1128 4598 enim:

185 4635 322 4687 Liba
367 4652 568 4704 quoque
601 4636 730 4697 vini,
766 4644 960 4704 quarta
993 4650 1118 4701 pars
1147 4635 1257 4697 hin,
1295 4650 1485 4702 panem
1521 4643 1570 4686 et
1599 4651 1696 4701 po-

100 4731 343 4782 lentam.
370 4728 509 4792 Quia
541 4728 763 4780 dubium
803 4725 1045 4805 futurum
1103 4737 1223 4780 erat
1253 4727 1459 4789 forsan,
1501 4744 1530 4779 a
1570 4728 1694 4796 qui-

97 4818 220 4871 lIUS
251 4816 571 4884 mysterium
606 4813 878 4878 sacriﬁcii,
927 4814 1069 4882 quod
1117 4829 1216 4881 per
1259 4813 1538 4868 Christum
1586 4825 1690 4876 est,

96 4909 265 4977 quod
329 4907 583 4975 superius
630 4906 868 4959 diximus
919 4906 1279 4958 celebratur:
1337 4906 1503 4958 habes
1564 4920 1691 4958 ecce

95 4996 478 5065 intelligibilis
514 4994 876 5047 Melchisedec
901 4993 1253 5051 oblationem.
1287 5009 1406 5061 quae
1453 4991 1507 5044 in
1551 5008 1694 5060 pane

95 5100 169 5142 ct
200 5088 334 5140 vino
363 5086 665 5156 perﬁcitur,
721 5086 771 5138 in
806 5100 909 5153 qua
946 5095 1137 5152 quarta
1169 5100 1294 5153 pars
1320 5084 1411 5136 hin
1451 5084 1504 5136 in
1541 5083 1696 5135 libris

89 5182 228 5235 vini
259 5181 513 5242 oﬁ'ertur,
550 5188 609 5231 ut
639 5195 736 5248 per
767 5187 1015 5246 quartam
1034 5176 1410 5246 Evangelicam
1443 5175 1695 5228 traditio-

103 5287 277 5333 nem,
331 5286 452 5338 qua:
487 5271 541 5321 in
579 5270 732 5322 libris
785 5279 1017 5337 quatuor
1046 5276 1160 5320 est:
1214 5282 1312 5335 per
1376 5266 1693 5319 libationem

85 5377 253 5418 vero
286 5361 632 5414 Dominicum
671 5374 979 5412 sermonem
1010 5357 1360 5427 signiﬁcaret,
1403 5371 1528 5408 cum
1566 5355 1644 5406 ait
1679 5371 1692 5406 :

97 5454 217 5506 llic
243 5462 319 5505 est
345 5469 488 5504 meus
521 5452 738 5519 sanguis
771 5452 858 5520 qui
907 5465 1003 5518 pro
1036 5449 1176 5502 vobis
1197 5448 1444 5517 fundetur
1461 5447 1540 5499 "z
1576 5446 1693 5500 sine

85 5543 509 5602 imminutione
548 5544 694 5595 enim
726 5541 1031 5610 signiﬁcare
1067 5540 1356 5608 legislatori
1404 5537 1580 5591 visum
1613 5548 1695 5591 est

83 5636 325 5692 Christi
354 5635 696 5704 mysterium,
728 5641 946 5702 propter
975 5631 1123 5699 quod
1157 5640 1212 5683 et
1241 5629 1515 5683 subdidit:

1739 1865 1779 1920 Β

1731 4553 1772 4605 ῐ)

190 5809 236 5838 ³³
278 5807 445 5863 lCor.
477 5826 562 5874 xv,
600 5809 682 5861 19..
764 5809 807 5841 ³³
835 5807 998 5861 Marc.
1042 5825 1152 5868 xiv,
1193 5805 1309 5860 1‘22.

1389 5805 1431 5835 ”
1457 5803 1494 5858 ll
1533 5803 1656 5857 Cor.
1685 5821 1735 5869 v,
1766 5803 1848 5856 l7.

1816 636 1976 689 usque
2005 622 2076 673 ad
2097 621 2236 674 diem
2266 638 2367 692 quo
2420 624 2650 692 oﬂeratis
2681 642 2746 679 ea:
2771 643 2832 680 ea
2860 627 2968 681 Deo
3000 638 3190 684 vestro.
3224 629 3379 684 Prte-

1815 724 2018 779 ceptum
2045 721 2121 764 est
2147 715 2519 782 sempiternum
2545 717 2600 768 in
2635 721 3054 786 generationibus
3079 724 3381 791 cunctisque

1813 802 2129 856 habitaculis
2156 805 2361 858 vestris.
2401 804 2527 860 Sive
2565 811 2862 863 secundum
2895 809 3034 865 LXX
3061 829 3074 866 :
3123 811 3190 866 Et
3219 815 3378 882 fricta

1813 896 2056 948 cedrinea
2100 912 2202 972 non
2246 899 2658 965 manducabitis,
2694 915 2855 971 usque
2907 906 2963 956 in
3011 905 3159 958 illam
3209 908 3378 974 ipsam

1812 986 1948 1037 diem
1979 1001 2243 1057 quousque
2294 988 2517 1057 oﬂ'eretis
2545 1007 2763 1044 munera
2822 993 2930 1046 Deo
2959 1006 3147 1048 vestro.
3195 996 3379 1066 Legiti-

1813 1092 1955 1127 mum
1979 1086 2230 1129 wternum
2263 1079 2316 1130 in
2338 1081 2607 1148 progenies
2638 1093 2855 1136 vestras.
2890 1084 3090 1137 Nomm
3143 1100 3377 1139 conver-

1812 1161 2073 1215 sationem
2125 1163 2523 1226 inchoabimus,
2579 1153 2891 1235 priusquam
2919 1171 3035 1223 dies
3074 1171 3374 1233 advenerit,

1811 1262 2101 1320 antequam
2133 1255 2388 1322 praedicta
2420 1255 2564 1309 bona
2602 1256 2714 1310 Deo
2749 1258 3095 1321 offerrentur,
3125 1274 3189 1312 ex
3251 1263 3374 1329 qui-

1810 1343 1912 1396 bus
1951 1345 2121 1406 nobis,
2156 1361 2277 1414 qua:
2315 1357 2397 1400 est
2443 1347 2498 1399 in
2545 1348 2766 1403 Christo
2813 1366 2951 1403 nova
3018 1361 3285 1412 creatura,
3319 1363 3378 1407 et

1810 1453 1948 1490 nova
1974 1441 2322 1492 conversatio
2354 1442 2678 1494 annuntiata
2713 1451 2816 1504 est,
2856 1445 2922 1497 de
2969 1461 3073 1512 qua
3105 1446 3181 1498 ait
3233 1444 3365 1498 Pau-

1808 1530 1924 1582 lus:
1953 1528 2012 1583 Si
2038 1547 2142 1598 qua
2173 1533 2229 1582 in
2258 1530 2464 1586 Christo
2491 1549 2621 1585 nova
2650 1545 2916 1596 creatura,
2950 1549 3124 1588 cetera
3154 1536 3374 1586 transie-

1807 1628 1950 1683 runt,
1985 1636 2100 1672 ecce
2127 1621 2268 1689 facta
2293 1630 2412 1674 sunt
2435 1638 2564 1675 nova
2587 1624 2764 1675 omnia
2802 1641 2866 1676 ea:
2895 1623 3023 1689 Deo,
3053 1626 3142 1693 qui
3197 1639 3378 1677 recon-

1807 1711 2009 1762 ciliavit
2068 1728 2162 1764 nos
2211 1713 2310 1765 sibi
2355 1713 2438 1765 ³⁸.
2497 1711 2712 1766 Oblatio
2785 1715 2932 1767 enim
3016 1714 3366 1783 praesentium

1807 1802 2097 1865 donorum,
2131 1819 2290 1871 quam
2316 1818 2438 1856 esse
2477 1805 2794 1873 mysterium
2826 1805 3096 1874 Unigeniti
3125 1803 3375 1859 ostendi-

1811 1908 1953 1955 mus,
1984 1894 2360 1948 reconciliavit
2383 1909 2483 1948 nos
2523 1895 2649 1958 Deo,
2698 1907 2751 1948 et
2789 1895 2970 1949 cibum
3010 1894 3172 1948 nobis
3219 1908 3376 1948 nova

1809 1985 2044 2054 polentae
2071 1996 2127 2039 et
2153 1987 2404 2054 pultium,
2443 1989 2558 2040 sive
2585 1993 2644 2040 ut
2675 1985 2836 2049 LXX,
2869 1995 3134 2054 cytrorum
3171 1984 3376 2053 prasti-

1811 2075 1895 2126 tit.
1942 2072 2058 2126 Non
2090 2074 2234 2127 enim
2283 2091 2422 2128 nova
2483 2075 2685 2140 solum,
2728 2075 2824 2129 sed
2867 2085 2924 2130 et
2953 2085 3123 2144 cytra,
3169 2073 3374 2127 Christi

1810 2179 2078 2233 praecepta
2105 2176 2233 2219 sunt
2262 2181 2378 2219 suve
2407 2174 2463 2218 nt
2518 2168 2732 2220 molha:
2771 2166 2848 2220 sic
2905 2169 3051 2220 enim
3091 2174 3239 2235 cytra
3282 2164 3372 2217 alii

1810 2257 2138 2324 interpretes
2185 2257 2497 2311 ediderunt.
2531 2259 2629 2311 Est
2669 2273 2796 2327 ergo
2824 2258 3003 2311 mollis
3051 2256 3372 2326 evangelica

1809 2349 2143 2416 praedicatio.
2173 2349 2424 2417 Accipite,
2452 2351 2598 2402 enim
2631 2351 2726 2414 ait,
2772 2352 2965 2419 jugum
3013 2365 3209 2412 meum,
3244 2349 3370 2417 quia

1805 2455 1964 2493 suave
1986 2449 2058 2492 est
2081 2441 2154 2491 ":
2187 2441 2299 2493 sive
2334 2448 2394 2492 ut
2429 2441 2682 2494 manibus
2723 2445 2960 2496 contrita
2996 2451 3050 2495 et
3078 2443 3369 2494 mundata:

1807 2541 1958 2600 cytra
1989 2532 2132 2584 enim
2167 2540 2221 2584 et
2251 2531 2355 2584 hoc
2383 2530 2797 2598 interpretatur,
2833 2532 2958 2600 quia
3010 2531 3210 2585 ChriSti
3243 2531 3374 2598 dog-

1807 2633 1952 2676 mata
2032 2624 2302 2676 actionem
2364 2625 2589 2692 exigunt
2659 2633 2712 2676 et
2776 2624 3171 2677 correctionem
3227 2620 3373 2690 quod

1808 2729 2000 2767 Illalltls
2031 2714 2364 2782 signiﬁcant.
2416 2712 2746 2782 Prwceptum
2794 2725 2867 2767 est
2901 2715 3275 2781 sempiternum
3317 2711 3374 2763 in

1808 2807 2248 2875 generationibus,
2304 2808 2607 2875 cunctisque
2647 2806 2958 2859 habitaculis
3011 2805 3214 2858 vestris.
3261 2805 3374 2857 Nec

1808 2900 1955 2951 enim
1984 2898 2158 2958 locus,
2205 2913 2308 2951 nec
2343 2909 2557 2966 tempus
2609 2899 2859 2951 immutat
2905 2897 3106 2950 Christi
3173 2904 3375 2968 myste-

1809 2991 1972 3052 rium,
2010 3005 2108 3058 per
2153 2990 2298 3058 quod
2348 2987 2531 3042 ﬂoruit
2597 2996 2744 3042 totus
2791 2990 3049 3054 mundus,
3113 2999 3169 3042 et
3211 2988 3376 3042 totius

1811 3091 1967 3133 terra:
1994 3079 2278 3141 habitatio,
2311 3079 2654 3134 concorditer
2685 3095 2747 3133 ea
2787 3095 2907 3147 qua:
2940 3081 3006 3133 ad
3036 3096 3159 3133 eum
3206 3079 3376 3148 perti-

1810 3183 1963 3237 nent,
2016 3175 2273 3227 custodit.
2334 3172 2458 3226 llaec
2505 3181 2686 3226 autem
2731 3172 3010 3241 legislator
3053 3173 3283 3236 dicens,
3321 3179 3376 3225 et

1811 3265 2233 3318 resurrectionis
2263 3264 2604 3328 describens,
2627 3263 2924 3316 secundum
2951 3263 3169 3316 modum
3211 3276 3373 3332 quem

1809 3357 2116 3426 oportebat,
2170 3357 2436 3426 gratiam,
2483 3356 2551 3408 ad
2595 3356 3004 3416 Pentecostem,
3055 3369 3218 3422 quam
3274 3367 3376 3408 nos

1808 3447 2170 3508 celebramus,
2213 3459 2519 3498 sermonem
2547 3443 2816 3498 convertit
2843 3443 3066 3516 dicens:

1878 3537 2233 3591 Numerabitis
2251 3551 2371 3605 ergo
2389 3535 2455 3586 ab
2480 3535 2648 3586 altero
2670 3535 2755 3587 die
2775 3533 3015 3600 Sabbati,
3039 3537 3096 3587 in
3116 3551 3217 3604 quo
3236 3535 3376 3590 obtu-

1810 3632 1943 3684 listis
2000 3629 2331 3698 manipulum
2363 3628 2742 3697 primitiarum,
2781 3638 2977 3695 septem
3025 3628 3375 3682 hebdomadas

1805 3723 1990 3792 plenas
2017 3737 2178 3789 usque
2201 3720 2271 3772 ad
2289 3721 2515 3772 alterum
2541 3718 2677 3770 diem
2698 3719 3008 3787 expletionis
3027 3720 3374 3775 hebdomadas

1806 3816 2060 3883 septimm,
2086 3814 2139 3865 id
2158 3821 2253 3874 est,
2281 3811 2662 3879 quinquaginta
2686 3812 2816 3874 dies,
2854 3822 2902 3863 et
2928 3812 3002 3863 sic
3029 3811 3252 3879 offeretis
3277 3828 3372 3865 sa-

1805 3907 2058 3973 criﬁcium
2091 3919 2279 3955 novum
2318 3902 2564 3954 Domino.
2602 3900 2739 3965 Quia
2792 3901 2955 3970 hujus
3001 3901 3370 3970 Pentecostes,

1804 4009 1984 4062 neque
2019 4001 2234 4061 tempus
2266 4006 2443 4059 neque
2478 4005 2742 4044 numerus
2772 4006 2802 4044 a
2825 3991 3027 4060 populo
3053 3992 3370 4047 Judteorum

1803 4085 2130 4148 custoditur,
2150 4083 2482 4138 sullicienter
2498 4083 2551 4136 in
2570 4082 2944 4151 superioribus
2959 4093 3241 4138 ostensum
3262 4095 3367 4150 est,

1803 4194 1831 4230 a
1850 4178 2011 4230 nobis
2031 4185 2212 4229 autem
2240 4192 2364 4229 cum
2393 4175 2876 4243 contemplatione,
2910 4184 2964 4229 et
2983 4177 3160 4231 littera
3192 4188 3372 4234 custo-

1802 4266 1968 4319 ditur.
2023 4263 2244 4316 Planius
2293 4277 2422 4332 ει·εο
2470 4263 2748 4332 legislator
2802 4263 3166 4317 intentionem
3215 4281 3371 4320 suam

1801 4358 2173 4410 demonstrare
2196 4355 2405 4416 volens,
2430 4356 2498 4407 ab
2523 4355 2694 4408 altero
2719 4355 2808 4409 die
2843 4355 3058 4410 Sabbati
3093 4361 3371 4413 numerari

1803 4448 2059 4518 praecepit
2087 4448 2476 4516 quinquaginta
2508 4447 2648 4506 dies,
2690 4447 3028 4502 Dominicum
3061 4451 3202 4504 diem
3243 4468 3371 4521 pro—

1803 4540 1890 4592 cul
1919 4538 2084 4591 dubio
2112 4538 2302 4591 volens
2332 4536 2558 4605 intelligi
2596 4555 2610 4589 :
2645 4537 2734 4590 hic
2756 4538 2902 4590 enim
2935 4547 3019 4592 est
3045 4540 3213 4593 altera
3253 4542 3372 4597 dies

1801 4628 2041 4682 Sabbati.
2107 4629 2164 4681 In
2208 4629 2310 4680 hac
2369 4628 2516 4680 enim
2559 4629 2890 4682 resurrectio
2942 4631 3082 4683 facta
3113 4641 3217 4695 est,
3265 4648 3370 4700 qua

1799 4720 2153 4772 hebdomadas
2181 4727 2543 4771 numerantur
2571 4729 2801 4786 septem,
2828 4735 3001 4787 usque
3035 4723 3100 4774 ad
3137 4723 3370 4777 alterum

1797 4808 1936 4860 diem
1966 4807 2297 4875 cxpletionis
2321 4807 2693 4861 liebdomadaa.
2729 4808 3009 4862 Dominica
3038 4826 3226 4864 rursus
3259 4814 3369 4876 die,

1796 4898 2149 4951 l’entecostes
2183 4898 2523 4951 celebramus
2542 4898 2916 4964 festivitatem,
2950 4901 3004 4953 in
3047 4917 3153 4970 qua
3197 4906 3371 4958 sancti

1800 4988 2037 5057 Spiritus
2061 4989 2354 5041 adventum
2380 4989 2701 5041 meruimus.
2719 4986 2838 5042 Non
2862 4991 3062 5044 frustra
3081 5009 3146 5045 eo
3164 5003 3372 5062 septem

1799 5080 2263 5158 hebdomadarum
2292 5080 2584 5131 adwntum
2614 5081 3008 5145 custodientes,
3039 5084 3132 5137 sed
3189 5094 3247 5137 ut
3275 5101 3374 5140 nos

1798 5185 2273 5240 cognosceremus,
2323 5170 2450 5237 quia
2500 5170 2639 5222 nihil
2689 5180 2868 5234 vetus,
2922 5173 3059 5226 nihil
3112 5177 3374 5232 saeculare

1799 5265 2058 5334 praecepit
2095 5265 2240 5317 Deus
2280 5280 2461 5333 agere,
2512 5265 2758 5333 nihilque
2804 5268 3144 5335 corruptioni
3200 5268 3373 5321 veteri

1802 5349 2130 5417 proximum,
2157 5348 2248 5416 qui
2273 5364 2398 5401 eum
2447 5349 2675 5416 cupiunt
2715 5352 3017 5418 percipere.
3055 5351 3120 5404 Et
3171 5367 3374 5407 novum

1803 5440 2130 5494 sacriﬁcium
2181 5440 2413 5495 Domino
2438 5449 2569 5494 tunc
2611 5441 2796 5494 offerri
2842 5443 3026 5510 jussit,
3078 5444 3375 5498 adveniens

1801 5534 1946 5587 enim
1971 5533 2204 5601 Spiritus
2234 5541 2399 5585 totam
2435 5543 2676 5586 nostram
2709 5537 2872 5587 vitam
2897 5535 3202 5600 renovavit,
3227 5536 3375 5605 quod

1803 5624 2141 5678 conﬁrmavit
2169 5623 2368 5676 Christi
2397 5625 2768 5689 traditionem,
2787 5633 2842 5678 et
2872 5626 3129 5681 stabilivit
3149 5642 3379 5682 conver-

1928 5801 1969 5832 ³⁵
1993 5800 2181 5855 Matth.
2226 5817 2300 5865 XI,
2335 5801 2422 5856 '50.
