4158 6450
115 420 250 483 1089

1239 417 1317 476 IN
1358 413 1795 476 LEVITICUM.
1836 436 1901 445 -·
1942 412 2090 471 LIB.
2126 412 2223 470 ῒἸ.

3212 412 3347 476 1090

107 534 298 585 timum
346 533 719 600 sempiternum
770 532 869 585 erit
920 532 973 585 in
1031 532 1227 584 cunctis
1275 534 1584 584 habitaculis
1631 537 1678 583 cl
1710 537 1751 587 A
1852 526 2060 596 Paulﬂ‘r
2113 538 2295 581 alllcm
2353 535 2409 581 (ει
2458 528 2545 582 hic
2581 528 2802 593 dicitur,
2832 527 2956 598 quia
2983 539 3206 598 propter
3248 546 3349 585 nos

109 625 529 691 generationibus
555 626 753 675 vestris.
784 623 922 688 Quid
964 638 1094 693 ergo
1131 623 1183 675 in
1206 639 1268 676 ca
1304 634 1417 676 est:
1452 622 1675 690 quodin

111 714 197 765 his
226 713 490 765 excellet?
516 713 653 767 Ecce
681 713 827 767 enim
849 722 905 766 et
924 713 1061 765 alios
1087 712 1202 765 dies
1241 721 1459 766 sanctos
1488 710 1676 779 appel-

112 804 205 863 lat,
241 804 335 856 sed
387 810 441 856 et
468 802 535 857 de
584 804 688 857 hoc
731 804 965 872 primum
1007 802 1200 871 inquit,
1254 811 1308 856 et
1338 800 1677 871 appellabitis

110 895 263 944 hunc
305 894 449 945 diem
477 894 919 955 celeberrimum,
945 900 1000 945 et
1028 900 1151 960 post
1181 891 1281 945 hoc
1303 908 1314 943 :
1335 900 1496 960 atque
1519 906 1678 945 sanc-

107 990 402 1051 tissimum,
438 999 497 1041 ut
549 990 603 1041 in
633 1005 698 1042 eo
730 1003 1098 1058 cognosceres
1130 988 1260 1056 quid
1312 999 1366 1041 ct
1407 1004 1530 1041 cum
1560 989 1678 1042 aliis

104 1094 419 1139 counnnne.
462 1091 516 1133 et
544 1080 672 1148 quid
722 1080 775 1132 in
808 1096 867 1134 se
898 1080 1176 1149 proprium
1218 1081 1421 1144 habet;
1455 1080 1511 1132 in
1558 1082 1676 1148 ipso

105 1169 255 1221 enim
280 1172 520 1237 gentiutu
566 1173 775 1225 vacatio
808 1189 915 1226 non
947 1175 1229 1243 praedicari
1266 1176 1464 1235 solum.
1501 1177 1593 1229 sed
1623 1184 1676 1228 ct

105 1262 325 1327 operari
362 1264 545 1330 arrepit,
575 1264 794 1331 quando
820 1263 1024 1329 Part/ti,
1057 1276 1105 1318 et
1134 1263 1295 1329 Medi,
1329 1276 1375 1318 et
1408 1266 1674 1329 Elatnita',

106 1360 155 1402 et
183 1353 275 1419 qui
303 1353 543 1406 ltultitaut
570 1354 1020 1422 Mesopotamiam,
1042 1356 1302 1417 Judwam,
1337 1371 1383 1410 et
1423 1357 1677 1425 Pamphi-

106 1440 261 1506 liam,
302 1458 603 1512 onmesque
647 1446 866 1513 reliquae
898 1458 1105 1514 gentes,
1141 1464 1273 1517 quas
1300 1447 1473 1503 Lucas
1514 1451 1677 1502 dinu-

106 1532 361 1593 meravit,
402 1534 588 1584 audire
633 1535 931 1602 apostolos,
986 1536 1179 1605 linguis
1240 1539 1348 1590 suis
1406 1538 1675 1608 magnalia

103 1621 206 1674 Dei
236 1624 581 1689 loquentes",
616 1627 1080 1695 praedicantesque
1109 1636 1412 1696 emperunt.
1458 1629 1675 1683 Nullum

102 1730 237 1781 ergo
265 1731 405 1782 opus
447 1716 643 1770 servile
672 1718 724 1769 in
751 1718 842 1770 illo
873 1718 960 1772 die
990 1719 1272 1783 faciamus,
1308 1719 1362 1772 id
1400 1727 1504 1781 est,
1533 1719 1677 1786 quod

102 1804 174 1855 ad
203 1804 522 1857 servitutem
555 1807 811 1873 pertinet,
836 1807 929 1861 sed
964 1806 1260 1875 legitimum
1284 1805 1674 1873 sempiternum

1779 634 1984 688 pauper
2010 619 2185 675 factus
2213 629 2295 673 est
2319 635 2439 673 cum
2472 621 2626 674 dives
2652 631 2815 676 esset.
2846 631 2901 674 nt
2934 622 3080 674 illius
3106 637 3342 691 pauper-

1781 720 1888 765 tate
1912 724 2010 763 nos
2035 712 2231 766 divites
2266 726 2552 777 essemus;
2608 711 2702 765 sed
2751 722 2805 764 et
2838 714 3066 775 advena,
3102 712 3227 780 quia
3244 721 3347 765 etst

1780 802 1831 854 in
1862 802 2080 870 propria
2110 803 2281 863 venit.
2320 804 2408 856 sui
2435 819 2557 856 eum
2624 812 2807 855 tamen
2849 820 2957 855 non
2995 812 3343 873 receperunt.

1780 893 1919 946 Huic
1965 908 2095 963 ergo
2124 910 2185 947 ea
2215 894 2526 962 relinques;
2576 894 2726 948 solus
2751 903 2933 947 autem
2962 896 3066 947 scit
3090 911 3210 961 quat
3242 913 3345 947 no-

1778 984 1861 1038 bis
1889 995 2191 1047 remanent,
2220 995 2439 1053 propter
2457 987 2599 1053 quod
2629 1002 2731 1039 nec
2758 985 3011 1054 colligere
3037 1001 3346 1053 possumus,

1780 1091 1901 1143 quae
1933 1084 1991 1129 ut
2018 1077 2133 1145 ipse
2159 1078 2391 1147 colligat,
2422 1088 2670 1145 separata
2715 1086 2863 1135 sunt,
2897 1085 3033 1130 teste
3058 1076 3225 1129 Paulo
3254 1079 3347 1143 qui

1779 1167 1911 1221 dicit
1943 1166 2261 1221 :0altitutlo
2288 1169 2562 1235 sapientia:
2584 1178 2632 1221 et
2664 1170 2894 1220 scientia:
2919 1168 3052 1220 Dei!
3073 1184 3233 1236 quam
3261 1170 3341 1220 iu—

1778 1260 2262 1325 compreliensibilia
2287 1270 2406 1313 sunt
2420 1260 2630 1328 judicia
2692 1259 2804 1327 ejus
2861 1268 2907 1311 et
2970 1259 3349 1327 inuestigabiles

1778 1352 1874 1404 via:
1902 1352 2014 1419 ejus
2042 1353 2106 1405 σί.

1852 1443 2012 1498 Vens.
2073 1442 2163 1505 24,
2226 1443 2314 1497 23.
2379 1462 2398 1493 ι
2455 1443 2806 1511 Locutusque
2862 1452 2945 1496 est
2990 1441 3252 1497 Dominus
3282 1446 3347 1497 ad

1778 1534 1996 1603 Moysen
2054 1534 2243 1587 dicens
2280 1551 2292 1585 :
2340 1532 2589 1602 Loquere
2629 1534 2754 1587 ﬁliis
2781 1532 2946 1586 lsrael
2996 1551 3008 1585 :
3042 1533 3225 1587 Mense
3257 1550 3348 1587 se—

1779 1627 1948 1694 ptimo
1974 1627 2146 1694 prima
2168 1626 2255 1679 die
2290 1626 2511 1689 mensis,
2545 1626 2651 1679 erit
2700 1625 2850 1679 vobis
2879 1626 3174 1679 Sabbatum
3228 1643 3347 1680 me-

1780 1716 2007 1770 moriale
2032 1716 2408 1787 clangentibus
2441 1716 2604 1778 tttbis,
2649 1724 2703 1768 et
2748 1716 3031 1769 vocabitur
3070 1726 3343 1769 sanctum.

1778 1806 1953 1862 Omne
1979 1824 2115 1877 opus
2148 1808 2343 1861 servile
2364 1823 2473 1861 non
2511 1805 2723 1861 facietis
2760 1807 2815 1860 in
2865 1822 2951 1873 eo,
2992 1816 3048 1861 et
3099 1806 3347 1861 oll'eretis

104 1894 162 1946 in
227 1896 442 1949 cunctis
498 1896 820 1951 habitaculis
876 1907 932 1951 et
973 1895 1420 1967 generationibus
1474 1895 1675 1950 nostris
1706 1879 1749 1935 Β
1779 1897 2158 1951 holocaustum
2178 1896 2427 1950 Domino.
2468 1914 2487 1948 ι

104 2001 411 2050 servemus,
446 1988 583 2040 nihil
609 1989 807 2042 servile
839 1999 1130 2057 operantes
1162 1989 1215 2041 in
1268 1997 1534 2056 tetnpore,
1566 2002 1675 2056 quo

105 2077 173 2129 ad
208 2093 310 2131 nos
338 2079 484 2131 venit
503 2078 759 2145 Spiritus,
784 2080 909 2147 quia
945 2080 1035 2131 ubi
1059 2076 1288 2149 Spiritus
1316 2077 1552 2144 Domini,
1602 2077 1675 2130 ibi

104 2163 343 2227 libertas,
369 2166 511 2220 sicut
536 2164 735 2219 Paulus
766 2166 986 2235 scripsit
1008 2160 1072 2213 '°.

181 2275 338 2330 Vens.
365 2278 455 2331 9.2.
487 2296 505 2327 ι
534 2277 825 2346 Postquam
853 2286 1033 2330 autem
1066 2276 1405 2331 messueritis
1434 2286 1673 2347 segetem

106 2376 267 2420 terrae
288 2377 505 2433 vestrae,
535 2384 642 2422 non
665 2369 923 2423 sccabitis
944 2384 1064 2421 eam
1086 2384 1255 2436 usque
1271 2368 1336 2421 ad
1359 2368 1552 2431 solum,
1575 2384 1675 2422 nec

108 2469 459 2514 remanentes
486 2462 665 2530 spicas
690 2461 978 2530 colligetis,
1001 2460 1094 2513 sed
1120 2460 1449 2529 pauperibus
1504 2469 1558 2515 et
1584 2477 1676 2529 pe-

108 2552 340 2618 regrinis
374 2553 656 2606 dimittatis
677 2568 790 2606 eas.
822 2553 934 2622 Ego
974 2552 1235 2605 Dominus
1260 2550 1401 2604 Deus
1419 2562 1618 2605 vester.
1648 2571 1668 2603 ι

180 2634 319 2697 Quia
356 2634 557 2703 pietate
597 2636 757 2703 plena
817 2644 946 2688 sunt
987 2651 1106 2701 qua:
1130 2649 1276 2686 nunc
1331 2634 1446 2702 lege
1482 2636 1675 2701 prmci-

107 2728 360 2793 piuntur,
394 2735 645 2794 apertum
678 2736 777 2781 est.
813 2725 1044 2794 Propter
1068 2725 1212 2793 quod
1252 2741 1314 2778 ea
1342 2726 1597 2779 cuStodiri
1622 2734 1677 2779 et

110 2818 411 2869 secundum
444 2818 674 2870 litteram
721 2825 956 2886 Oportet,
993 2816 1087 2869 sed
1140 2817 1315 2883 majus
1365 2830 1552 2870 eorum
1588 2816 1674 2869 lu-

109 2924 264 2961 crum
312 2910 701 2977 contemplatio
746 2910 1005 2977 possidet.
1038 2908 1116 2960 Tu
1160 2918 1337 2961 autem
1368 2909 1468 2960 hoc
1503 2908 1555 2960 in
1597 2909 1675 2961 eis

112 3006 258 3059 uota,
288 2998 414 3064 quia
472 3013 595 3050 cum
628 2998 824 3050 similia
875 2998 958 3050 his
1004 2998 1255 3065 superius
1305 2998 1673 3065 pratcepisset,

107 3094 433 3139 nontamen
469 3087 656 3139 eadem
713 3085 964 3147 sancivit,
1009 3086 1111 3139 hoc
1162 3093 1342 3138 autem
1384 3088 1674 3138 verborum

109 3173 222 3241 ipsa
245 3174 552 3229 immutatio
567 3176 920 3235 demonstrat,
948 3174 1022 3226 ibi
1041 3174 1241 3227 etenim
1254 3174 1361 3227 ait:
1390 3173 1507 3225 Non
1532 3190 1674 3225 com-

110 3266 317 3333 plebitis
353 3268 657 3319 messionem
690 3278 934 3326 vestram,
970 3267 1059 3319 hic
1081 3272 1297 3318 autent:
1330 3264 1446 3317 Non
1483 3263 1680 3316 secabi-

112 3353 176 3404 tis
207 3369 323 3404 eam
349 3370 507 3420 usque
542 3354 611 3405 ad
646 3354 835 3411 solum.
878 3361 936 3405 ut
984 3351 1345 3405 diﬁ'erentiam
1389 3350 1558 3417 ipsam
1609 3365 1673 3402 ex

110 3445 510 3510 permutatione
551 3446 839 3498 verborum
873 3444 1253 3513 intelligamus.
1276 3441 1497 3494 Terram
1541 3441 1674 3493 ﬁde-

113 3532 242 3587 lium
267 3548 386 3590 ϐεδε
418 3537 728 3605 praedictam
752 3550 782 3588 a
807 3536 920 3604 lege
950 3534 1043 3587 Dei
1071 3536 1539 3586 conversationem
1571 3530 1678 3582 ire-

118 3636 349 3692 qnenter
368 3630 733 3682 ostendimus;
779 3628 940 3696 hujus
984 3625 1203 3687 messio,
1241 3631 1361 3693 post
1400 3635 1677 3677 resurrec-

120 3720 321 3769 tionem
349 3718 647 3771 Salvatoris
688 3734 716 3769 τι
744 3717 993 3776 mortuis,
1043 3725 1095 3767 ct
1158 3714 1449 3766 adventum
1505 3708 1675 3763 sancti

126 3805 374 3871 spiritus,
408 3804 607 3857 ﬂoruit.
640 3804 701 3857 Et
736 3822 843 3858 non
888 3805 1104 3871 quidem
1136 3815 1354 3854 onmem
1394 3797 1676 3852 scientiam

120 3910 279 3959 quam
334 3896 570 3949 habituri
616 3913 835 3955 smnus,
877 3895 1095 3962 quando
1148 3893 1214 3945 ad
1270 3893 1447 3959 ipsum
1508 3887 1678 3939 Deum

123 3987 462 4045 venerimus,
532 3988 691 4040 tradit
767 3987 995 4040 verbum
1052 3980 1499 4052 praedicationis:
1553 3986 1681 4030 sunt

117 4088 297 4132 autetn
321 4096 441 4147 quae
464 4080 741 4148 relinquit,
770 4088 954 4146 utpote
980 4092 1098 4145 qua:
1146 4090 1290 4127 nunc
1329 4072 1482 4126 nobis
1526 4084 1681 4122 reve-

117 4170 211 4221 lari
248 4183 355 4221 non
387 4179 634 4237 possunt.
664 4170 725 4222 Et
756 4176 1037 4237 propterea
1078 4167 1245 4235 legent
1282 4164 1419 4215 hanc
1458 4162 1508 4213 in
1540 4174 1679 4228 prte-

118 4260 274 4313 dictis
314 4259 699 4313 festivitatibus
760 4258 1103 4327 interposuit,
1140 4266 1194 4309 et
1233 4255 1339 4308 ait:
1396 4252 1682 4319 Postquam

118 4352 434 4403 messueritis
464 4361 685 4419 segetem
716 4360 869 4404 terra:
898 4359 1103 4412 vestra},
1144 4363 1247 4400 non
1292 4344 1534 4398 sccabitis
1563 4357 1679 4393 eam

117 4458 277 4510 usque
297 4444 368 4495 ad
396 4442 582 4495 solum.

187 4532 246 4584 lu
293 4547 360 4585 eo
415 4532 556 4601 quod
587 4532 715 4585 dicit
750 4549 762 4584 :
797 4530 916 4583 Non
948 4529 1189 4582 sccabitis
1243 4543 1359 4580 eam
1407 4539 1565 4593 usque
1614 4518 1683 4574 ad

116 4625 306 4687 solum,
341 4639 403 4677 ea
436 4623 777 4690 signiﬁcavit,
813 4638 933 4691 qua:
964 4621 1121 4674 nobis
1162 4618 1227 4673 ad
1269 4619 1484 4686 plenam
1503 4616 1683 4669 scien-

122 4710 246 4764 tiam
270 4721 325 4764 et
355 4711 647 4779 perfectam
690 4713 910 4772 desunt,
975 4720 1201 4780 propter
1234 4708 1376 4777 quod
1407 4714 1461 4759 et
1490 4704 1683 4759 subdi—

120 4802 225 4854 dit:
257 4800 366 4855 Nec
389 4814 711 4855 remanemus
731 4804 904 4870 spiras
934 4802 1208 4871 colligetis.
1228 4799 1296 4854 Ut
1318 4814 1427 4852 non
1448 4804 1682 4850 conten-

119 4894 334 4963 damus,
366 4909 541 4963 neque
594 4894 795 4948 frustra
851 4908 1115 4947 conemur
1174 4906 1237 4945 ea
1284 4904 1404 4958 qua:
1437 4898 1681 4941 nostram

123 4985 333 5056 fugiunt
386 4988 697 5041 scientiam.
744 4986 808 5041 Et
852 4995 1140 5057 propterea
1168 4984 1235 5038 de
1260 4996 1508 5037 messura
1562 4994 1682 5048 qua:

122 5079 314 5132 cadere
342 5079 617 5142 dicuntur,
642 5078 896 5148 colligere
953 5091 1056 5131 nec
1106 5088 1418 5144 possumus,
1448 5071 1544 5125 sed
1591 5085 1687 5122 re-

124 5172 433 5240 linquamus
470 5189 533 5226 ea
568 5172 789 5226 Christo
817 5184 980 5240 quem
1042 5168 1357 5238 signiﬁcans
1409 5163 1686 5233 legislator

124 5268 328 5322 addidit
361 5287 375 5321 :
406 5269 733 5337 Pauperibus
762 5278 810 5321 et
842 5266 1128 5336 peregrinis
1153 5264 1386 5317 dimittes
1407 5277 1519 5314 eas.
1557 5257 1685 5312 Sive

126 5358 423 5413 secundum
454 5357 596 5412 LXX
629 5375 642 5410 :
676 5357 911 5425 Pauperi
937 5364 986 5409 et
1017 5353 1281 5424 proselgto
1310 5348 1570 5419 relinques
1595 5363 1681 5400 ea.

125 5447 191 5503 Et
218 5448 338 5519 quis
373 5459 457 5503 est
488 5449 614 5505 bic?
640 5448 780 5503 Audi
803 5446 946 5517 quod
978 5443 1263 5514 sequiturv:
1295 5437 1406 5508 Ego
1427 5438 1684 5492 Dominus

128 5538 267 5596 Deus
286 5552 470 5596 vester.

744 5757 789 5788 '°
818 5754 858 5807 ll
881 5753 1005 5807 Cor.
1048 5768 1129 5811 tn.
1159 5751 1243 5804 l7.

230 5754 275 5788 ’δ’
308 5757 425 5811 Act.
465 5774 525 5817 ιι,
562 5756 649 5810 10-
744 5757 789 5788 ³ο
818 5754 858 5807 ll
881 5754 1005 5807 Cor.
1048 5754 1243 5811 "1.17.
1321 5754 1365 5779 "
1390 5754 1630 5804 Romm.
1659 5754 1681 5799 ξ

230 5817 450 5881 'Malth.
476 5844 548 5881 χι.
572 5827 661 5881 9.8.
739 5826 786 5859 "
821 5823 950 5878 ibid.
979 5822 1069 5875 ‘29.
1147 5821 1188 5853 ⁵⁷
1220 5820 1235 5872 l
1264 5817 1457 5871 Thess.
1486 5833 1561 5881 tv,
1593 5815 1681 5869 15.

200 5817 242 5847 ⁸⁵
266 5825 450 5881 Matth.
476 5844 548 5892 χι,
572 5827 661 5881 9.8.

1721 4582 1762 4634 Ι)

1321 5748 1365 5779 ⁸¹
1390 5747 1549 5800 Rom.
1568 5760 1630 5804 ιι.
1659 5746 1749 5799 53.

1846 1988 2222 2057 Septenarium
2254 2004 2547 2042 numerum
2601 1988 2912 2043 evidentem
2936 2002 3125 2058 gerere
3174 1996 3229 2042 et
3258 1988 3347 2041 in-

1775 2079 2133 2135 dubitabilem
2168 2080 2655 2134 consummationis
2686 2080 2909 2151 ﬁguram
2935 2081 3051 2135 sive
3085 2082 3347 2135 uniuscuo

1768 2172 1969 2241 jusque
2012 2182 2283 2234 nostrum,
2318 2171 2433 2225 sive
2470 2171 2803 2241 generalem,
2846 2172 3013 2225 multa
3043 2172 3261 2226 quidem
3293 2182 3349 2225 et

1774 2266 1881 2319 alia
1912 2265 2230 2329 ostendunt,
2279 2264 2411 2319 illud
2450 2274 2632 2318 autem
2693 2263 2948 2327 maxime,
3003 2263 3130 2332 quia
3204 2263 3347 2317 Deus

1776 2359 1830 2413 in
1864 2360 1951 2414 die
1975 2361 2202 2428 septima
2222 2360 2455 2414 cessavit
2481 2360 2549 2413 ab
2579 2359 2838 2426 operibus
2868 2359 3004 2423 suis,
3031 2358 3167 2411 dans
3187 2357 3348 2412 nobis

1774 2469 1840 2507 ex
1876 2453 1989 2521 ipsa
2020 2453 2260 2520 requiem
2288 2461 2527 2505 nostram
2572 2450 2869 2519 conjicere,
2900 2449 2968 2502 de
2996 2465 3102 2517 qua
3147 2449 3346 2503 Paulus

1774 2547 1848 2599 ait
1889 2544 2035 2608 :Qui
2061 2546 2197 2597 enim
2227 2546 2490 2613 ingressus
2517 2554 2593 2597 est
2644 2545 2699 2595 in
2750 2543 2902 2595 illam
2957 2544 3205 2611 requiem,
3264 2559 3347 2594 re-

1774 2638 1963 2703 quievit
2010 2638 2118 2702 ipse
2177 2636 2242 2687 ab
2296 2636 2535 2688 omnibus
2566 2635 2807 2703 operibus
2842 2635 2971 2695 suis,
3006 2636 3347 2703 quemadmo-

1774 2730 2020 2781 dumeta
2051 2728 2159 2780 suis
2194 2729 2416 2780 Deus".
2452 2726 2557 2781 Sed
2604 2726 2817 2779 initium
2851 2726 3345 2779 consummationis

1776 2825 2103 2883 temporum,
2151 2814 2365 2868 Domini
2397 2825 2480 2867 est
2508 2814 2775 2867 adventus
2803 2823 3026 2882 propter
3055 2814 3346 2882 quodillud

1772 2909 2123 2961 novissimam
2158 2908 2346 2959 horam
2374 2905 2615 2958 Joannes
2663 2904 3003 2973 evangelista
3026 2904 3343 2973 appellavit,

1773 2999 1849 3050 ait
1877 2998 2022 3051 enim
2055 3014 2069 3049 :
2106 2993 2309 3061 Filioli,
2346 2996 2619 3049 novissinta
2640 2996 2767 3046 liora
2803 3003 2873 3046 est
2901 2996 2966 3046 ³³.
2989 2994 3095 3048 Sed
3112 3004 3168 3048 et
3194 2994 3349 3048 Jaco-

1774 3090 1876 3143 bus
1905 3106 1919 3140 :
1950 3088 2083 3140 Ecce
2106 3088 2270 3155 judex
2302 3096 2427 3139 ante
2467 3086 2697 3153 januam
2716 3094 2820 3138 stat
2852 3086 2918 3138 ⁵⁸.
2957 3084 3069 3140 Hoc
3132 3098 3347 3155 tempus

1776 3181 2007 3249 primam
2033 3178 2247 3245 septimi
2302 3177 2510 3231 mensis
2533 3176 2677 3231 sicut
2719 3176 3045 3245 principium
3078 3192 3343 3230 consum-

1779 3268 2058 3332 mationis,
2089 3277 2236 3320 recte
2262 3267 2348 3320 lex
2372 3267 2686 3335 appellavit.
2732 3267 2830 3319 Est
2852 3267 3015 3319 etiam
3049 3267 3210 3320 nobis
3256 3283 3359 3337 re:

1780 3360 1968 3428 quies;
1999 3360 2124 3428 quia
2156 3374 2256 3411 nos
2292 3357 2360 3409 ab
2385 3357 2646 3424 operibus
2700 3355 2860 3408 malis
2882 3355 3073 3408 carnis
3132 3356 3347 3420 refecit,

1781 3462 1837 3507 et
1862 3469 1889 3506 ιι
1910 3453 2039 3521 jugo
2069 3452 2217 3520 gravi
2236 3450 2520 3503 liberavit:
2554 3448 2729 3501 Venite
2751 3448 2911 3510 enim,
2939 3447 3134 3515 inquit,
3171 3465 3347 3502 omnes

1781 3546 1870 3615 qui
1902 3543 2154 3596 laboratis
2185 3551 2233 3594 et
2264 3540 2468 3592 onerati
2495 3541 2640 3601 estis,
2673 3548 2720 3591 ct
2752 3555 2843 3607 ego
2890 3538 3123 3605 reﬁciant
3168 3556 3253 3592 vos
3277 3541 3345 3593 ⁸⁸.

1782 3635 1850 3691 Et
1880 3649 2105 3687 rursus:
2139 3631 2334 3686 Discite
2374 3647 2404 3683 a
2444 3648 2542 3694 me,
2580 3630 2705 3695 quia
2735 3630 2874 3680 mitis
2909 3645 3027 3682 sum
3064 3639 3111 3681 et
3140 3628 3351 3681 humilis

1783 3727 1961 3790 corde,
1994 3735 2041 3777 et
2082 3725 2354 3776 invenietis
2379 3724 2611 3790 requiem
2633 3722 2912 3774 animabus
2937 3722 3121 3773 vestris
3137 3723 3203 3771 ⁸⁵.
3239 3718 3349 3772 Hm.

1785 3830 1840 3873 et
1869 3816 2183 3871 memoriale
2222 3816 2472 3868 tubarum
2520 3821 2647 3866 est:
2684 3811 2941 3881 pradicat
2990 3813 3134 3864 enim
3168 3811 3349 3864 Salva-

1788 3910 1921 3963 toris
1950 3907 2426 3966 resurrectionem,
2466 3918 2587 3972 qure
2651 3903 2968 3957 memoriale
2998 3908 3081 3955 est
3109 3916 3351 3954 contmn-

1787 4003 1873 4056 nis
1900 4011 2234 4055 mortuorum
2278 3997 2717 4058 resurrectionis,
2746 4013 2867 4065 quae
2933 3997 2987 4049 in
3026 4011 3158 4050 voce
3197 3996 3348 4050 tuba-

1789 4110 1906 4147 rum
1934 4108 2247 4162 magnarum
2294 4098 2349 4143 et
2402 4087 2721 4142 terribilium
2771 4088 3047 4140 ellicitnr:
3100 4086 3162 4139 In
3202 4088 3351 4153 jussu

1793 4185 2085 4245 Dominico,
2117 4184 2171 4234 itt
2198 4198 2319 4234 rore
2348 4178 2667 4247 archangeli,
2700 4178 2755 4229 in
2812 4178 2932 4229 tuba
2988 4177 3081 4229 Dei
3103 4179 3166 4241 ⁸⁷,
3218 4178 3361 4231 sicut

1790 4276 1991 4329 Paulus
2013 4274 2216 4327 docuit.
2268 4272 2380 4324 Hoc
2414 4282 2626 4338 tempus
2673 4269 2959 4322 vocabitur
2988 4277 3233 4321 sanctum
3258 4268 3361 4320 Do-

1791 4365 1965 4424 mino,
2005 4362 2131 4430 quia
2163 4360 2526 4422 vocationem,
2561 4374 2681 4426 qua:
2703 4358 2754 4409 in
2783 4356 3211 4410 sanctiﬁcatione
3251 4365 3356 4419 est,

1792 4454 2035 4525 possidet
2066 4468 2079 4503 ε
2114 4467 2178 4507 ex
2200 4466 2306 4520 qua
2358 4450 2598 4518 adoptio,
2643 4464 2763 4516 qua:
2807 4448 2877 4500 ad
2941 4464 3066 4501 eum
3119 4448 3363 4515 pertinet

1792 4548 1999 4599 vocatis
2025 4542 2254 4596 elﬁcitur
2293 4558 2306 4593 :
2339 4540 2505 4593 Omne
2533 4554 2661 4606 opus
2695 4538 2877 4591 servile
2929 4554 3030 4590 non
3060 4538 3263 4607 facietis
3304 4538 3364 4592 in

1791 4651 1867 4693 eo.
1900 4643 1949 4685 et
1991 4631 2211 4700 oﬂ'eretis
2254 4628 2615 4681 holocaustum
2657 4626 2901 4680 Domino.

1834 4720 1975 4775 'Non
2011 4729 2093 4773 est
2125 4718 2271 4772 enim
2294 4718 2405 4785 jam
2434 4727 2651 4784 tempus
2689 4730 2854 4783 opera
2906 4714 3127 4768 servilia
3176 4730 3362 4785 agere,

1786 4812 1911 4881 quia
1973 4809 2171 4864 suﬁieit
2219 4808 2555 4877 praeteritum
2625 4816 2843 4874 tempus
2891 4807 2956 4859 ad
3021 4808 3363 4863 voluntatem

1786 4900 2053 4972 gentium,
2088 4898 2142 4951 iu
2177 4912 2283 4967 quo
2307 4907 2457 4965 gesta
2492 4904 2621 4948 sunt
2661 4910 2828 4963 opera
2848 4894 3090 4957 servilia,
3113 4904 3169 4949 et
3194 4896 3364 4949 debe-

1787 5004 1930 5055 mus,
1952 4986 2406 5058 quemadmodum
2460 4985 2809 5039 exhibuimus
2860 4986 3103 5038 membra
3178 4994 3365 5041 nostra

1790 5096 1940 5135 arma
1969 5078 2271 5148 iniquitatis
2303 5076 2370 5130 ad
2399 5074 2760 5145 iniquitatem,
2793 5075 2864 5128 ita
2904 5075 3164 5129 exhibere
3190 5090 3364 5129 mem-

1793 5172 1887 5225 bra
1913 5178 2101 5224 nostra
2123 5184 2271 5225 arma
2316 5166 2564 5235 iustitiae.
2596 5166 2649 5219 in
2679 5166 3119 5220 sanctiﬁcatione
3148 5165 3213 5219 "'.
3250 5163 3364 5220 Hoc

1791 5271 1872 5316 est
1902 5262 2049 5315 enim
2084 5260 2281 5314 iterum
2311 5258 2709 5312 holocaustum.

1860 5347 2025 5403 Vsus.
2064 5345 2257 5400 ’Ξῖ-52.
2284 5363 2303 5397 ι
2342 5345 2685 5411 Locutusque
2708 5350 2792 5397 est
2823 5342 3089 5397 Dominus
3128 5342 3195 5396 ad
3213 5340 3367 5413 Moy-

1791 5452 1911 5500 sen,
1965 5436 2201 5489 dicens:
2266 5433 2486 5487 Decimo
2532 5431 2622 5485 die
2667 5431 2873 5485 mensis
2928 5432 3092 5501 hujus
3145 5431 3366 5500 septimi

1791 5527 1909 5583 dies
1946 5525 2324 5595 expiationum
2382 5522 2489 5576 erit
2532 5520 2946 5587 celeberrimus.
2978 5532 3031 5578 et
3080 5519 3368 5576 vocabitur

1828 5743 1873 5774 ι’
1904 5741 2071 5795 Hebr.
2092 5737 2262 5797 "7.10.

2372 5739 2458 5796 ⁸³1
2487 5740 2645 5797 Joan.
2689 5757 2747 5808 ιι,
2799 5740 2887 5795 18.
2961 5738 3009 5772 ⁵⁸
3034 5735 3149 5792 Jac.
3183 5751 3240 5803 ν,
3272 5734 3323 5791 9.

1756 5813 1802 5845 ⁸⁸
1831 5812 1989 5865 llom.
2012 5826 2089 5877 vr,
2122 5809 2211 5873 15,
2240 5810 2328 5865 19.
