4158 6450
754 353 881 414 1091
1943 348 2235 406 llESYCIl
2251 347 2300 404 ll
2347 346 2676 405 PRESBYT
2686 346 2817 405 ER?

748 466 991 520 sanctus,
1030 454 1383 526 aﬂligetisque.
1411 455 1623 509 animas
1657 462 1869 508 vestras
1902 454 1958 507 in
1999 470 2067 508 eo
2100 453 2309 507 etoﬁ‘e-
2342 459 2382 512 Α
2415 452 2619 517 facietis
2656 456 2708 505 in
2744 462 2975 519 tempore
3032 454 3137 505 .tiei
3204 456 3371 522 hujus

750 550 881 603 retis
913 548 1286 601 holocaustum
1320 545 1567 599 Domino.
1599 547 1772 599 Omne
1799 560 1938 614 opus
1967 544 2164 598 servile
2210 560 2320 597 nou

747 642 958 697 facietis
990 642 1043 694 in
1066 649 1311 709 tempore
1342 639 1449 693 diei
1481 640 1664 707 hujus,
1726 638 1852 706 quia
1887 637 2005 691 dies
2058 636 2324 705 propitia-

750 734 913 788 tionis
945 744 1048 795 est,
1083 744 1141 786 ut
1176 732 1501 802 propitietur
1544 731 1697 784 vobis
1730 731 1991 784 Dominus
2018 730 2161 783 Deus
2226 744 2324 781 ve-

752 836 881 880 ster.
900 826 1089 880 Omnis
1112 827 1291 878 anima
1319 841 1436 892 qua:
1459 824 1653 877 afﬂicta
1680 839 1788 877 non
1810 825 1971 877 fuerit
1999 824 2054 876 in
2090 822 2179 877 die
2199 822 2322 887 hoc,

750 916 951 986 peribit
1000 920 1066 969 de
1119 916 1330 985 populis
1389 915 1523 967 suis.
1560 913 1626 966 Et
1681 930 1799 983 quae
1830 914 2013 981 operis
2047 911 2323 981 quippiam

752 1001 964 1064 fecerit,
998 1003 1190 1054 delebo
1206 1016 1324 1054 eam
1349 1001 1417 1054 de
1438 1001 1638 1069 populo
1672 1016 1790 1053 suo.
1825 1000 1973 1053 Nihil
1998 1015 2129 1070 ergo
2144 998 2328 1068 operis

751 1092 960 1148 facietis
994 1095 1043 1144 in
1075 1107 1161 1145 co.
1193 1092 1516 1161 Legititnum
1581 1090 1976 1158 sempiternum
2022 1090 2127 1143 erit
2172 1089 2328 1142 vobis

753 1183 809 1235 in
834 1183 1043 1236 cunctis
1069 1183 1517 1252 generationibus
1542 1190 1597 1233 et
1650 1179 2080 1234 habitationibus
2107 1177 2327 1238 vestris,

756 1271 1167 1341 Sabbatumque
1197 1273 1400 1340 requiei
1433 1280 1515 1325 est
1540 1289 1554 1336 ;
1584 1270 1831 1341 allligetis
1868 1272 2076 1324 animas
2097 1277 2324 1323 vestras.

756 1362 852 1416 Die
882 1380 1022 1416 nono
1046 1364 1246 1417 mensis
1268 1364 1506 1432 septimi,
1532 1379 1561 1417 a
1589 1379 1814 1432 veSpere
1834 1377 2005 1432 usque
2030 1361 2101 1416 ad
2131 1374 2330 1429 vespe-

754 1469 874 1507 rum
896 1454 1244 1507 celebrabitis
1277 1453 1511 1507 Sabbata
1544 1464 1744 1507 vestra.
1787 1472 1805 1503 ι

828 1545 995 1599 Recte
1023 1543 1218 1597 Paulus
1244 1546 1540 1598 Corinthiis
1574 1548 1639 1597 de
1655 1544 1857 1598 Judaais
1910 1542 2129 1612 scripsit
2160 1558 2178 1597 :
2206 1543 2331 1597 Haec

759 1639 1010 1688 omniain
1046 1637 1218 1705 ﬁgura
1245 1636 1609 1705 contingebant
1663 1636 1789 1692 illis.
1826 1635 2039 1705 Scripta
2071 1645 2191 1689 sunt
2230 1652 2330 1688 au-

757 1737 861 1779 tem
884 1728 953 1779 ad
972 1736 1205 1801 nostram
1234 1729 1633 1794 correptionem,
1683 1730 1737 1780 in
1768 1745 1894 1798 quos
1931 1728 2060 1796 ﬁnes
2109 1727 2327 1782 saculo-

3465 452 3530 506 ln
3608 454 4045 507 nnlocautoimie
4100 472 4105 525 ς

2421 539 2664 608 quidem,
2692 552 3122 594 consummatam
3152 543 3341 602 vitam.
3378 558 3440 598 et
3470 545 3755 613 perfecte
3792 546 4043 599 intueren-
4100 588 4105 611 ς

2425 638 2533 683 tem
2565 630 2834 685 Domino:
2868 632 2922 685 in
2948 648 3059 687 non
3124 634 3381 690 faciendo
3442 646 3656 690 autem
3714 653 3894 691 omne
3933 656 4043 705 opus

2428 729 2771 775 terrenarum
2799 738 3026 792 Operam
3051 726 3455 780 abstinentiam
3480 727 3769 781 ostendit
3798 746 3813 781 :
3844 743 3970 799 ergo
4001 744 4040 783 rt
4100 742 4105 795 ι

2423 812 2589 865 nimis
2624 824 3031 882 consequenter
3051 816 3259 869 addidit
3298 838 3307 867 :
3363 819 3518 880 Quia
3566 820 3695 870 dies
3722 822 4040 882 prostitutis-

2427 903 2507 954 nis
2535 912 2630 964 est,
2661 913 2715 955 ut
2738 907 3052 973 propitietnr
3086 907 3226 959 vobis
3266 906 3541 959 Dominus
3580 908 3739 959 Deus
3807 920 3985 961 vester.

2500 991 2737 1061 Utraque
2767 994 2882 1049 haec
2899 996 3218 1053 ostendens.
3248 999 3379 1064 quia
3446 1008 3506 1051 et
3548 1000 3668 1051 hoc
3715 1009 3809 1052 est
3854 1011 4036 1067 tempus

2427 1084 2494 1137 ad
2552 1086 3180 1155 propitiationemnobis
3240 1110 3268 1141 a
3302 1090 3420 1143 Deo
3445 1093 3772 1155 donatum,
3840 1094 3895 1144 in
3954 1109 4035 1160 qua

2427 1188 2651 1247 peccata
2706 1193 2895 1233 nostra
2922 1184 3148 1236 veniens
3179 1184 3454 1237 Dominus
3486 1188 3692 1246 diluit,
3728 1197 3787 1238 et
3824 1188 3945 1252 quia
3994 1204 4032 1239 li!

2428 1283 2537 1337 quo
2563 1269 2680 1323 haec
2713 1281 3104 1340 exspectatum-
3138 1285 3389 1341 tempore.
3431 1277 3583 1328 nihil
3620 1279 3909 1329 debemus
3953 1288 4033 1330 td-

2430 1373 2691 1412 renorum
2722 1376 2907 1429 agere.
2940 1362 3145 1415 Deinde
3186 1366 3361 1433 legem
3389 1369 3789 1434 protrahens,
3831 1380 3886 1420 et
3905 1370 4029 1419 (ΣΙπια

2431 1460 2516 1503 sto
2538 1449 2953 1505 advocationem
3011 1455 3283 1519 praibeus.
3303 1474 3396 1524 t|lll
3447 1458 3599 1511 dixit
3631 1476 3642 1507 :
3678 1459 3888 1511 Discite
3921 1477 3948 1510 α
3976 1478 4029 1509 ιιι

2430 1543 2557 1610 quia
2589 1543 2729 1595 mitis
2760 1559 2875 1596 sum
2896 1556 2941 1597 ct
2970 1547 3183 1598 humilis
3216 1556 3395 1602 corde.
3418 1562 3469 1598 et
3507 1554 3815 1603 invenietis
3842 1556 4029 1618 requieta

2432 1637 2713 1690 animabus
2755 1640 3001 1690 vestris“
3098 1643 3166 1694 ait
3249 1644 3437 1695 Umnts
3473 1647 3681 1698 anima
3724 1661 3853 1713 qua:
3875 1646 4027 1712 aﬁtm

2434 1740 2535 1776 non
2567 1726 2726 1792 fuerit
2755 1728 2809 1777 in
2837 1727 2920 1779 die
2949 1727 3060 1787 hoc,
3106 1729 3293 1789 peribit
3330 1733 3383 1781 di
3433 1732 3667 1795 populis
3702 1736 3842 1783 suis.
3880 1733 4028 1797 Nequ:

756 1833 875 1869 rum
902 1816 1215 1871 devenerunt
1243 1820 1311 1871 ".
1341 1819 1497 1884 Quod
1514 1820 1662 1873 enim
1694 1820 1744 1872 in
1794 1818 1901 1873 line
1933 1820 2118 1873 saeculi
2148 1830 2328 1874 actum
2362 1793 2402 1847 Β
2432 1817 2578 1869 enim
2633 1820 2877 1887 sequitur
2918 1817 3217 1872 Christum.
3282 1838 3376 1889 .pn
3429 1827 3556 1875 haec
3624 1823 3906 1881 sancivit,
3932 1823 4027 1874 etin

758 1914 843 1960 est
883 1904 1177 1962 Salvatoris
1200 1910 1539 1977 mysterium,
1574 1926 1695 1979 qua:
1717 1920 1773 1963 et
1804 1919 2004 1978 quanta
2027 1925 2177 1964 exeo
2214 1911 2328 1963 dis—

761 2005 985 2065 pensata
1022 1998 1152 2061 sint,
1201 2000 1361 2067 plane
1402 2015 1497 2067 per
1545 2001 1835 2067 praesentia
1870 1999 2148 2069 legislator
2169 2001 2334 2070 signi-

759 2087 958 2142 ﬁcavit.
992 2088 1131 2154 Quid
1160 2106 1291 2160 ergo
1324 2092 1701 2155 uobisinnuit,
1734 2093 1818 2144 vel
1850 2092 1979 2160 quid
2009 2092 2333 2162 sancilgra-

759 2179 832 2233 tia
853 2178 1075 2241 Christi,
1100 2189 1155 2234 et
1186 2182 1501 2249 praedicatio
1533 2180 1684 2252 ejus?
1735 2181 1899 2251 Spem
1933 2182 2119 2251 utique
2185 2198 2334 2236 mor-

761 2273 977 2318 tuorum
1026 2268 1465 2333 resurrectionis,
1530 2270 1694 2324 vitam
1752 2287 1876 2323 cum
1944 2271 2233 2335 modestia,
2280 2281 2335 2326 et

762 2354 1087 2421 humilitate,
1123 2368 1177 2412 et
1200 2359 1253 2412 in
1283 2359 1527 2413 ciborum
1557 2362 1912 2427 abstinentia,
1947 2371 2003 2414 et
2028 2378 2151 2432 qua:
2174 2372 2259 2415 est
2282 2364 2333 2415 in

753 2448 1017 2517 despectu
1044 2452 1418 2519 praesentium,
1452 2462 1615 2522 atque
1676 2453 1937 2523 despectu
1995 2455 2333 2523 possidendi,

762 2538 992 2610 aliisque
1021 2543 1315 2598 virtutibus
1343 2562 1355 2598 :
1390 2561 1527 2614 quas
1583 2556 1825 2615 agentes,
1862 2554 2116 2616 tanquam
2146 2547 2337 2601 incola:

764 2630 867 2685 hac
916 2641 1060 2687 terra
1092 2635 1315 2698 utimur,
1357 2644 1543 2704 utpote
1571 2652 1679 2690 non
1705 2637 1769 2690 ad
1819 2637 2042 2707 longum
2099 2646 2335 2706 tempus,

764 2721 859 2775 sed
893 2724 959 2776 ad
988 2739 1312 2793 perparvum
1343 2726 1396 2778 in
1428 2741 1494 2779 eo
1520 2736 1790 2795 ponentes
1822 2729 2339 2798 tabernacula,quia

764 2827 952 2866 eorum
981 2830 1101 2882 qua:
1125 2814 1271 2870 dicta
1301 2828 1450 2883 sunt,
1472 2818 1904 2887 unumquodque
1948 2818 2003 2872 in
2032 2819 2136 2873 hac
2156 2819 2340 2889 pleni-

764 2904 953 2958 tudine
985 2916 1290 2976 temporum
1327 2924 1427 2978 per
1447 2910 1820 2979 evangelicam
1857 2912 2025 2965 nobis
2043 2926 2311 2966 conversa

767 2993 969 3048 tionem
996 2998 1249 3064 prazdicta
1276 3008 1425 3053 sunt.
1457 2999 1766 3069 Septimum
1793 3016 2060 3067 mensem,
2085 3002 2173 3055 hic
2193 3004 2338 3056 enim

768 3177 1070 3239 consuevit,
1097 3178 1349 3230 omnibus
1369 3177 1555 3248 ﬁguris
1603 3188 1660 3233 et
1706 3181 2013 3233 necessarie
2047 3194 2342 3235 conserva-

768 3265 868 3319 vit.
906 3264 1161 3321 Dividens
1186 3277 1366 3321 autem
1392 3284 1472 3327 ea.
1518 3284 1671 3338 spem
1730 3278 2070 3324 mortuorum
2097 3287 2311 3325 resurre

769 3357 987 3419 ctionis,
1014 3373 1107 3426 per
1134 3361 1453 3411 neomenias
1477 3361 1691 3429 septimi
1744 3362 1949 3415 mensis
1991 3363 2240 3431 superius
2267 3367 2327 3417 si-

774 3446 1065 3515 gniﬁcavit.
1122 3451 1177 3500 in
1242 3464 1346 3517 qua
1380 3457 1433 3501 et
1464 3450 1717 3503 tubarum
1770 3451 2086 3505 memoriale
2140 3454 2323 3521 posuit

773 3537 899 3606 quia
929 3538 983 3591 in
1046 3540 1169 3592 tuba
1206 3538 1297 3592 Dei
1345 3548 1728 3609 exspectamus
1756 3552 2002 3597 mortuos
2037 3559 2333 3613 resurgere.

774 3630 905 3683 Eam
927 3640 1129 3693 autem,
1156 3648 1277 3700 qua:
1301 3643 1384 3687 est
1412 3634 1465 3686 in
1511 3633 1838 3697 humilitate,
1865 3646 1919 3688 et
1946 3635 2191 3689 ciborum
2248 3638 2337 3689 ab-

774 3722 1033 3775 stinentia
1062 3723 1224 3776 vitam
1252 3762 1267 3785 ,
1303 3739 1397 3791 per
1429 3724 1695 3779 decimam
1731 3727 1956 3789 mensis,
1982 3727 2049 3780 de
2074 3743 2179 3796 qua
2197 3744 2347 3781 nunc

773 3812 1011 3881 loquitur
1045 3814 1120 3884 (in
1158 3814 1387 3868 transitu
1411 3816 1558 3868 enim
1585 3817 1785 3870 saeculo
1808 3817 1908 3881 uti,
1961 3827 2015 3871 et
2048 3818 2254 3872 exitum
2280 3820 2350 3873 de

775 3919 844 3958 eo
866 3914 1207 3974 exspectare,
1240 3919 1339 3973 per
1362 3904 1737 3971 festivitatem,
1756 3922 1917 3976 quam
1944 3924 1973 3960 a
1993 3907 2183 3976 quinta
2203 3909 2351 3963 deci-

774 4010 860 4048 ma
884 3995 1145 4064 incipere,
1169 4006 1290 4065 post
1311 3997 1586 4066 paululum
1612 3997 1865 4053 invenies
1883 4013 2009 4052 cum
2023 3998 2343 4069 dicentem),

776 4085 1064 4156 signiﬁcat.
1096 4087 1203 4142 Sed
1228 4103 1349 4158 qua:
1382 4089 1665 4159 pertinent
1710 4089 1779 4144 ad
1842 4089 2156 4160 praesentia,
2228 4106 2351 4159 per-

776 4186 1105 4232 scrutemur.

850 4266 1182 4337 Locutusquo
1216 4280 1289 4323 est
1320 4269 1576 4323 Dominus
1606 4270 1677 4322 ad
1726 4270 1941 4339 Moysen
1965 4272 2141 4324 dicens
2166 4286 2185 4325 :
2247 4271 2349 4325 De-

779 4359 912 4412 cimo
949 4363 1142 4413 mensis
1166 4361 1323 4429 hujus
1350 4362 1561 4427 septimi
1578 4362 1663 4415 die
1693 4363 2055 4429 expiationum
2077 4362 2177 4415 erit
2212 4363 2349 4416 cele-

2435 1919 2644 1963 tantum
2678 1912 3034 1980 semetipsum
3091 1913 3423 1971 humiliavit,
3489 1928 3553 1967 ut
3626 1914 3848 1968 Paulus
3886 1916 3943 1969 de
3980 1930 4029 1966 es

2434 2002 2699 2056 diceret:
2760 2004 3077 2057 Ilumiliuvii
3164 2010 3523 2072 semetipsum.
3586 2011 3781 2076 fartus
3838 2008 4027 2060 obdita;

2437 2113 2595 2165 usque
2630 2097 2701 2149 ad
2728 2107 2967 2160 mortem,
3009 2115 3225 2154 mortem
3264 2115 3450 2151 autem
3490 2103 3686 2152 crucis
3716 2103 3737 2127 ‘

2506 2188 2609 2241 Sed
2633 2198 2680 2241 et
2701 2205 2817 2257 quis
2848 2192 3019 2259 operis
3045 2194 3321 2260 quippiam
3379 2194 3603 2262 fecerit,
3642 2193 3839 2245 delebo
3872 2210 3965 2242 eam
3986 2198 4030 2241 ei

2437 2283 2629 2350 populo
2666 2299 2796 2335 meo.
2840 2282 2985 2336 Nihil
3034 2300 3154 2353 ergo
3176 2288 3353 2352 operis
3406 2287 3637 2353 facietis
3664 2288 3727 2338 in
3764 2304 3845 2337 eo.
3875 2284 4029 2353 Legiti-

2438 2392 2585 2427 mum
2614 2376 2993 2442 sempiternum
3014 2377 3113 2429 erit
3136 2376 3279 2429 vobis
3339 2393 3395 2428 in
3420 2379 3646 2430 cunctis
3706 2378 4006 2446 generatim

2439 2466 2533 2519 bus
2580 2475 2629 2520 et
2656 2467 3069 2520 habitationibus
3111 2470 3296 2520 vestris
3350 2469 3445 2521 Sic
3489 2472 3604 2521 hoc
3638 2470 3792 2522 dixit
3818 2482 4027 2536 tanqu-as:

2438 2558 2485 2612 si
2510 2557 2712 2627 populo
2756 2555 3070 2612 Judteorum
3104 2568 3442 2627 praeceptum
3498 2560 3578 2611 sit
3676 2561 3765 2612 sic
3782 2570 3955 2611 autem
3990 2572 4031 2609 se

2439 2663 2552 2703 non
2580 2648 2751 2702 habet
2777 2672 2788 2702 ;
2817 2648 3075 2701 omnibus
3105 2649 3253 2701 enim
3279 2647 3362 2699 lex
3399 2650 3753 2701 communis
3802 2662 3902 2706 est.
3940 2646 4030 2714 quis

2442 2749 2499 2795 et
2517 2742 2585 2795 ad
2612 2756 2804 2794 omnes
2832 2739 3099 2794 Dominus
3128 2740 3348 2793 dicebat
3442 2739 3786 2807 Operamim
3844 2756 3937 2791 non
3976 2740 4030 2787 ri-

2441 2832 2563 2885 bum
2590 2833 2681 2902 qui
2706 2833 2842 2899 perit
2873 2832 2938 2894 ”,
2962 2830 3103 2884 nihil
3134 2830 3326 2884 volens
3346 2845 3452 2884 nos
3488 2832 3730 2898 operari
3761 2839 4029 2883 terrenum.

2442 2919 2592 2974 Bene
2625 2935 2755 2991 ergo
2778 2931 2833 2974 et
2864 2920 3146 2989 sapienter
3176 2920 3491 2973 custodiam
3564 2918 3899 2971 vacationis
3938 2935 4028 2981 νην-

2443 3015 2643 3068 ducere
2662 3014 2728 3067 ad
2758 3014 3020 3082 majorem
3075 3011 3622 3079 contemplationem
3660 3011 3881 3074 volens,
3908 3009 4027 3062 addi-
4108 3009 4109 3082 ξ

768 3098 1029 3138 numerus
1084 3089 1614 3143 consummationem
1670 3100 1981 3159 temporum
2037 3091 2337 3162 signiﬁcare

2444 3107 2553 3158 dit:
2578 3104 2865 3159 Sabbutum
2898 3106 3091 3171 reqmei
3123 3114 3217 3155 est.
3266 3101 3360 3155 Vel
3394 3102 3546 3154 sicut
3575 3101 3727 3154 LXX
3776 3122 3783 3127 '
3834 3101 4025 3154 δοκέω
4108 3089 4109 3155 Ῑ

2444 3194 2790 3247 Sabbatorum
2832 3206 2976 3245 erunt
3010 3194 3165 3244 vobis,
3212 3193 3281 3246 Ut
3332 3208 3417 3259 pet
3461 3192 3569 3243 hoc
3602 3190 4005 3259 intelligibilcin

2445 3284 2751 3353 telligamus
2802 3284 3125 3345 Sabbatum,
3183 3284 3328 3351 quod
3380 3283 3715 3336 Judaeormn
3764 3279 4027 3333 excedebat

2444 3374 2839 3435 inﬁrmitatem,
2871 3373 3334 3441 quemadmodum
3356 3384 3412 3425 et
3450 3372 3664 3425 Sancta
3689 3380 3994 3425 sanctorum

2448 3471 2669 3531 propter
2692 3462 2834 3529 quod
2862 3462 2942 3513 eis
2970 3474 3073 3513 nec
3092 3460 3333 3512 Sabbata
3366 3466 3526 3511 erant
3582 3457 3701 3509 Sed
3733 3466 3793 3508 et
3821 3453 4008 3506 cantico

2450 3570 2567 3606 rutn
2598 3553 2855 3612 Cantica;
2882 3568 2990 3605 non
3029 3552 3345 3620 intelligunt
3373 3552 3523 3601 enim
3578 3563 3787 3601 eorum
3834 3561 3947 3613 qua
3974 3544 4021 3593 il:i

2449 3647 2646 3715 scripta
2670 3654 2799 3699 sunt
2823 3647 3101 3699 virtutem.
3132 3643 3199 3696 Et
3225 3658 3386 3694 omne
3410 3641 3557 3710 quod
3602 3638 3921 3693 Secundum
3970 3636 4021 3683 le-

2448 3753 2567 3808 gem
2586 3751 2860 3806 anagogen
2892 3736 3105 3800 recipit,
3132 3739 3235 3787 hoc
3260 3732 3529 3786 excedere
3548 3730 3886 3783 .ludmorutn
3902 3741 4003 3778 men

2449 3841 2605 3879 suras
2635 3825 3022 3892 intelligamus.
3055 3822 3176 3875 Jan:
3209 3831 3395 3873 autem
3424 3820 3567 3873 vide.
3601 3820 3825 3887 quibus
3848 3834 4009 3871 sermo

2447 3913 2610 3966 nibus
2643 3928 2775 3965 usus
2794 3922 2879 3963 est
2904 3929 2914 3957 τ
2942 3910 3005 3963 Et
3024 3909 3260 3977 aﬂiigetis
3290 3911 3499 3960 animas
3524 3917 3760 3959 vestras.
3798 3907 3895 3957 Die
3925 3917 4033 3955 sese

2447 4005 2639 4058 mensis
2662 4003 2869 4071 septimi
2894 4019 2925 4053 a
2952 4016 3158 4068 vespere
3194 4016 3357 4068 usque
3389 4001 3459 4050 ad
3500 4015 3786 4065 vesperum
3824 3999 4033 4049 celebra-

2448 4094 2570 4147 bitis
2620 4090 2860 4145 Sabbata
2910 4099 3105 4143 vestra.
3154 4087 3498 4156 Recapitulat
3554 4102 3691 4157 ergo
3730 4082 4032 4138 humilitatis

2448 4185 2698 4248 verbum,
2730 4184 2855 4251 quia
2881 4182 3195 4251 frequenter
3221 4180 3353 4234 illud
3371 4179 3627 4233 Christus
3653 4178 3881 4235 docuit,
3901 4173 4031 4244 quasi

2450 4286 2705 4327 coronam
2774 4279 2954 4324 autem
3018 4270 3184 4331 illam,
3258 4278 3315 4320 et
3339 4266 3608 4321 virtutum
3661 4265 3854 4319 basim
3892 4274 4031 4331 atque

2451 4357 2879 4421 subsistentiam,
2911 4355 3170 4425 apostolis
3193 4354 3498 4409 constituit.
3524 4352 3845 4421 lnquisilus
3883 4352 4028 4411 enim,

778 4451 1053 4515 berrimus,
1087 4461 1133 4504 et
1169 4452 1437 4505 vocabitur
1483 4461 1715 4519 sanctus,
1777 4453 2114 4523 aﬂiigetisque
2135 4453 2345 4509 animas
2378 4454 2423 4508 [ι
2445 4448 2571 4518 (Illis
2597 4448 2771 4515 maior
2785 4457 2931 4501 esset
2956 4447 3011 4499 in
3040 4460 3210 4516 regno
3240 4446 3530 4507 (ἓωίοτυω,
3564 4443 3868 4512 respondi!
3898 4438 4031 4507 ἱστί’

776 4554 977 4596 vestras
1001 4544 1055 4596 in
1071 4560 1131 4596 eo
1158 4545 1242 4597 die
1293 4560 1428 4597 nono
1476 4544 1669 4597 mensis
1695 4562 1729 4598 ιι
1778 4562 2001 4615 vespere.
2048 4547 2349 4603 Ostendere

2448 4553 2652 4607 cunque
2689 4538 3045 4590 humiliaverit
3077 4553 3131 4589 se
3162 4538 3297 4589 sicut
3341 4534 3599 4604 parvulus
3624 4535 3737 4598 hit,
3758 4533 4027 4600 isteij

779 4632 1224 4701 propitiationem
1256 4634 1417 4687 nobis
1440 4649 1470 4686 a
1529 4635 1770 4702 peccatis
1796 4636 2051 4690 videlicet
2076 4636 2354 4691 liberatio-
2454 4639 2531 4684 est
2558 4632 2615 4683 in
2645 4646 2805 4700 regno
2826 4630 3091 4683 cartorum.
3125 4627 3281 4693 Quod
3305 4637 3486 4681 autem
3520 4626 3655 4681 dixit
3691 4643 3705 4677 :
3744 4625 3790 4678 Α
3824 4638 4027 4694 vespere

779 4738 907 4777 nem
939 4724 1345 4790 inhumilitate,
1376 4734 1433 4779 et
1461 4726 1752 4780 alllictione
1782 4726 1977 4781 animat
2011 4727 2216 4797 acquiri
2269 4727 2350 4782 le-

779 4813 1005 4882 gislator
1037 4813 1332 4869 desiderat.
1367 4814 1520 4869 lianc
1540 4825 1724 4870 autem
1752 4831 1913 4886 agere
1934 4832 1967 4870 a
2001 4832 2233 4885 vespere
2252 4817 2349 4872 de-

778 4905 993 4968 bemus,
1019 4905 1073 4960 id
1103 4915 1295 4972 est,es
1336 4906 1452 4975 ipsa
1478 4908 1824 4976 paenitentia,
1874 4908 2019 4962 sicut
2079 4909 2345 4978 incipien-

781 5004 864 5050 tes
906 5013 919 5049 :
954 4996 1079 5066 quia
1132 5007 1188 5051 et
1222 4995 1473 5052 Christus
1523 4998 1757 5052 initium-
1799 5013 1912 5052 suae
1949 4998 2351 5068 pradicationis

780 5086 1161 5156 paenitentiam
1207 5086 1354 5142 fecit.
1384 5088 1489 5143 Sed
1543 5090 1881 5158 ptenitenu'a:
1930 5092 2096 5143 vitam
2150 5090 2350 5145 bonam

782 5175 1240 5245 supemdiﬁcare,
1303 5178 1713 5249 perfectamque
1764 5188 1820 5233 et
1871 5179 2165 5233 virtutibus
2211 5194 2350 5234 con-

782 5277 1374 5335 summatam,necesse
1428 5271 1711 5325 habemus.
1767 5270 1835 5325 Et
1876 5280 2164 5342 propterea
2215 5274 2348 5327 sub-

784 5357 956 5411 didit:

854 5448 924 5504 Et
952 5451 1176 5519 oﬂeretis
1213 5451 1576 5507 holocaustum
1608 5451 1853 5508 Domino.
1879 5452 2044 5509 Omne
2070 5469 2198 5523 opus
2252 5470 2356 5508 non

856 5645 904 5681 ⁸⁹
939 5645 958 5699 Ι
989 5646 1117 5701 Cor.
1146 5664 1202 5714 ι,
1239 5648 1326 5703 Η.

1403 5649 1448 5682 ⁸⁸
1463 5650 1654 5705 Matth.
1687 5665 1765 5716 at,
1794 5648 1885 5704 29.

790 5730 867 5780 Vl,
882 5715 973 5782 25,
992 5715 1081 5770 28.

2000 5651 2044 5683 οι
2070 5649 2272 5720 Philip.
2314 5665 2377 5717 ιι,
2401 5649 2454 5706 8.

2451 4736 2624 4792 usque
2642 4720 2710 4776 ad
2739 4737 3049 4791 vesperum,
3080 4729 3269 4789 aperte
3302 4720 3540 4774 volentis
3580 4727 3668 4771 est
3690 4734 3924 4785 semper
3946 4733 4024 4771 su-

2453 4814 2794 4885 perﬂuorum
2852 4822 2908 4867 et
2937 4828 3199 4867 vanorum
3250 4812 3588 4866 vacationem
3624 4811 3865 4864 studeri.
3897 4809 4025 4863 Unde

2456 4906 2717 4960 Dominus
2742 4920 2846 4960 nec
2889 4920 3113 4959 causam
3170 4904 3354 4957 dicere
3433 4902 3734 4965 concedit,
3788 4900 4024 4970 praecepit

2453 4999 2815 5065 enim,neque
2831 4996 2899 5050 de
2927 4995 3133 5058 tunica,
3150 5010 3328 5063 neque
3349 4994 3417 5048 de
3442 5003 3590 5047 veste
3616 4992 3835 5061 litigare
3857 4990 3927 5054 “,
3946 4989 4021 5042 sed

2451 5102 2560 5141 nec
2577 5088 2819 5156 cogitare
2839 5084 2971 5155 quid
3013 5085 3359 5141 comedatur.
3387 5092 3483 5138 aut
3517 5082 3648 5152 quid
3680 5081 3929 5142 bibatur,
3948 5091 4021 5133 aut

2451 5178 2581 5247 quid
2615 5179 2877 5232 vestiatur
2905 5177 2972 5242 “,
3002 5192 3190 5231 verum
3228 5176 3343 5247 ipse
3401 5176 3630 5235 docens,
3691 5181 3753 5227 et
3780 5171 4019 5227 Sabhsto-

2452 5286 2572 5325 rum
2619 5271 2952 5326 annuntians
2979 5268 3298 5335 Sabbatum,
3358 5271 3411 5322 in
3432 5282 3541 5337 quo
3559 5280 3725 5319 omne
3751 5274 3946 5325 cessat,
3980 5273 4019 5313 et

2461 5362 2576 5419 sola
2605 5379 2727 5431 qua:
2760 5362 2853 5416 Dei
2881 5372 3029 5425 sunt,
3083 5363 3469 5424 ostenduntur,
3527 5359 3642 5413 sola
3688 5360 4018 5428 porriguntur

2462 5469 2583 5523 qua:
2604 5454 2754 5509 utilia
2781 5462 2929 5521 sunt,
2957 5463 3121 5523 atque
3147 5456 3449 5524 expediunt
3477 5451 3695 5506 anim.

2561 5650 2605 5681 “
2628 5646 2787 5705 Joan.
2822 5668 2897 5717 Vt,
2921 5653 3009 5707 27.
3117 5655 3158 5681 ‘”
3188 5651 3377 5706 Matth.
3410 5667 3563 5708 svtn,
3597 5653 3632 5702 ι
3770 5650 3815 5681 ⁸⁸
3857 5648 4016 5703 Matth.
