4158 6450
117 392 256 458 1093

1263 402 1340 460 ΙΝ
1390 402 1825 468 LEVITICUM.
1853 436 1920 449 --
1960 413 2104 474 LIB.
2144 417 2258 478 VI.

3240 441 3378 510 1094

181 508 345 560 Vens.
385 508 570 562 ’ὃὸ-56.
611 528 630 560 ε
687 511 752 564 Et
778 511 991 566 locutus
1031 522 1114 566 est
1155 514 1416 569 Dominus
1439 519 1505 572 ad
1538 518 1685 589 Moy-
1718 527 1759 582 Α
1791 525 2118 598 initiumque
2165 532 2284 600 eju‘s
2322 547 2376 590 et
2415 538 2583 594 basis.
2631 539 2849 599 Primus
2921 549 3165 617 quidem,
3229 560 3374 616 sicut

102 611 226 660 sen,
253 596 445 652 dicens
479 617 491 652 :
525 600 772 668 L‘oqnere
800 602 925 656 ﬁliis
962 604 1171 657 Israel:
1209 608 1253 658 A
1293 609 1487 675 quinto
1531 610 1684 664 deci-

99 704 196 741 mo
226 689 313 742 die
346 691 551 745 mensis
591 693 751 762 hujus
783 696 1023 763 septimi,
1053 706 1212 750 erunt
1253 698 1399 753 feriae
1430 701 1687 757 taberna-

97 778 355 830 culorum
379 789 588 846 septcm
613 781 804 835 diebus
839 781 1088 837 Domino.
1125 783 1249 839 Dies
1285 788 1496 855 primus
1522 805 1686 844 voca-

97 870 255 923 bitur
292 870 681 925 celeberrimus
705 883 866 942 atque
898 876 1293 931 sanctissimus.
1345 878 1518 933 Omne
1545 897 1685 950 opus

98 962 308 1016 servile
324 977 433 1014 non
463 962 690 1028 facietis,
719 973 772 1018 et
797 975 1004 1034 septem
1047 968 1238 1022 diebus
1300 969 1548 1026 oﬁeretis
1580 973 1682 1028 ho-

97 1052 351 1107 locausta
387 1053 635 1107 Domino.
673 1056 794 1110 lties
816 1072 1032 1126 quoque
1053 1068 1282 1114 octavus
1307 1063 1412 1116 erit
1441 1064 1683 1120 celeber-

98 1140 283 1194 rimus
312 1151 474 1212 atque
497 1144 893 1208 sanctissimus,
928 1158 980 1200 et
1029 1149 1272 1204 offer-etis
1303 1152 1680 1214 holocaustum

98 1228 361 1285 Domino.
394 1233 645 1286 Estenim
673 1245 845 1288 cretus
873 1245 1036 1306 atque
1065 1241 1312 1295 collecta.
1339 1245 1512 1299 Omne
1543 1262 1681 1315 opus

93 1322 303 1375 servile
331 1338 441 1375 non
471 1322 683 1378 facietis
710 1326 762 1378 in
795 1343 879 1383 eo.
919 1347 938 1378 ›

174 1406 276 1466 llic
310 1429 571 1482 usurpare
589 1417 912 1484 sapientiam
949 1422 1132 1474 saeculi
1187 1433 1243 1478 et
1301 1428 1677 1482 transitorium

92 1505 221 1569 ejus
255 1519 437 1566 nosse,
465 1514 517 1557 et
555 1507 874 1574 temporale,
913 1524 1021 1562 non
1049 1512 1224 1566 solum
1278 1517 1355 1570 ait
1402 1518 1680 1588 lcgislato-

94 1611 215 1648 rem
258 1596 586 1665 signiﬁcare,
620 1598 714 1650 sed
733 1606 787 1650 et
816 1609 1070 1667 oportere
1125 1605 1340 1659 oculum
1376 1609 1579 1664 habere
1609 1612 1676 1665 ad

94 1687 364 1739 saeculum
399 1686 664 1739 futurum.
691 1685 804 1740 Hoc
852 1705 982 1759 ergo
1008 1701 1063 1744 et
1119 1709 1214 1761 per
1252 1712 1562 1763 numerum,
1621 1712 1676 1756 et

92 1791 195 1844 per
229 1777 575 1831 tabernacula
600 1777 719 1831 sine
750 1779 928 1848 aliqua
977 1783 1314 1840 dubitatione
1341 1790 1582 1845 invenies
1608 1793 1671 1847 ﬁ—

89 1879 377 1938 guratum;
410 1869 609 1934 Quinta
645 1870 854 1924 decima
912 1873 1178 1942 siquidem
1205 1879 1292 1932 die
1322 1881 1562 1938 inchoari
1593 1884 1675 1938 fe-
1709 1869 1750 1923 Β
1779 1891 1938 1955 didit,
1964 1895 2062 1946 erit
2090 1896 2251 1963 vobis,
2286 1908 2346 1953 ut
2374 1904 2519 1971 quod
2536 1905 2670 1960 dixit
2700 1925 2714 1961 :
2755 1912 2875 1975 erit,

89 1961 393 2014 stivitatem
429 1962 705 2030 pra-cepit.
739 1961 820 2015 Ex
872 1973 1080 2033 septem
1123 1978 1304 2022 autem
1329 1981 1384 2025 et
1416 1983 1540 2027 octo
1585 1976 1676 2030 hic

90 2060 179 2105 est
237 2067 497 2105 numerus
549 2052 906 2121 compositus,
961 2070 1193 2124 quorum
1271 2076 1411 2114 unus
1454 2064 1673 2132 quidem

90 2149 342 2212 praesens
365 2144 644 2209 saeculum,
663 2146 799 2200 alter
813 2157 994 2200 autem
1027 2147 1221 2218 ﬁgurat
1238 2150 1503 2206 futurum.
1523 2153 1676 2209 Unde

89 2250 149 2291 et
189 2237 538 2292 festivitatem
577 2248 786 2309 septem
847 2242 1039 2296 diebus
1068 2247 1433 2299 consummari
1489 2249 1678 2316 praeci-

91 2333 276 2400 piens,
335 2335 686 2389 aliosrursus
754 2337 873 2390 dies
901 2337 1287 2393 celeberrimos
1337 2351 1498 2411 atque
1546 2359 1676 2396 san-

91 2425 374 2478 ctissimos
414 2428 885 2492 commemoravit,
918 2439 973 2482 et
1003 2444 1105 2484 nec
1148 2431 1513 2487 dinumeravit
1553 2450 1675 2488 eam

91 2532 219 2569 eum
271 2527 504 2586 septem,
541 2518 634 2570 ενι]
669 2520 852 2587 posuit
884 2532 1223 2589 sequentem,
1245 2533 1578 2581 etsemotam
1607 2529 1675 2583 ab

90 2608 239 2672 aliis,
267 2610 408 2663 sicut
449 2611 690 2664 futurum
724 2613 982 2665 saeculum
1010 2615 1260 2682 sequitur
1287 2618 1504 2685 quidem
1531 2636 1675 2689 prie-

90 2717 242 2761 sens,
277 2702 422 2754 aliud
459 2712 639 2756 autem
674 2719 834 2771 quam
866 2705 970 2758 hoe
991 2715 1094 2758 est.
1130 2709 1351 2774 Septem
1374 2725 1505 2780 ergo
1557 2713 1673 2766 die.

90 2792 200 2844 bus
217 2791 563 2846 festivitatem
585 2793 1083 2850 Tabernaculorum
1102 2800 1412 2867 appellavit.
1430 2803 1674 2867 Quicun-

90 2899 204 2954 que
234 2885 379 2938 enim
419 2893 478 2937 ut
510 2885 866 2939 tabernaculo
916 2900 1187 2955 praesente
1225 2892 1429 2947 mundo
1480 2896 1671 2964 utitur,

93 2978 186 3030 hic
215 2977 564 3032 festivitatem
620 2978 672 3030 in
709 2992 775 3032 eo
840 2978 1064 3044 habere,
1128 2990 1183 3035 et
1230 2983 1399 3038 lactari
1453 2997 1674 3057 propter

95 3068 262 3123 futuri
310 3068 776 3136 exspectationem
831 3079 1032 3138 potest,
1067 3081 1122 3126 et
1165 3074 1478 3145 quicunque
1548 3079 1670 3144 scit,

91 3159 218 3227 quia
248 3158 292 3211 si
326 3168 545 3211 terrena
571 3159 768 3212 domus
820 3159 1174 3216 habitationis
1207 3164 1370 3233 hujus
1417 3166 1677 3222 dissolva-

91 3259 203 3310 tur,
228 3249 510 3302 iediﬁcatio
551 3265 659 3301 non
695 3249 1006 3304 manufacta
1036 3267 1159 3305 eum
1193 3254 1246 3307 in
1291 3257 1443 3310 cmlis
1497 3261 1674 3313 susci-

90 3339 223 3407 piat.
253 3337 488 3391 Primam
525 3347 708 3392 autem
770 3351 978 3409 septem
1013 3342 1223 3396 dierum
1257 3346 1670 3404 celeberrimam

90 3442 254 3500 atque
283 3431 686 3485 sanctissimam
714 3434 1027 3501 appellavit.
1089 3435 1190 3501 Qui
1227 3437 1374 3490 enim
1407 3440 1671 3509 scitprae-

87 3525 336 3578 sentibus
385 3534 642 3594 tanquam
678 3527 1033 3582 tabernaculo
1082 3531 1179 3588 uti,
1219 3531 1390 3599 prima
1420 3534 1558 3597 dies,
1615 3535 1667 3589 id

83 3624 175 3670 est
203 3616 418 3669 initium
462 3625 518 3670 et
539 3618 868 3686 principium
930 3634 959 3671 a
1016 3621 1449 3678 sanctificatione
1505 3641 1669 3680 voca-

92 3711 256 3762 tionis
291 3709 502 3777 incipit,
539 3719 829 3778 propterea
851 3719 905 3764 et
932 3712 1094 3766 nimis
1121 3729 1529 3783 consequenter
1558 3719 1663 3772 ait:

85 3800 252 3854 Omne
283 3816 409 3868 opus
427 3800 611 3853 servile
642 3817 743 3853 non
763 3803 987 3870 facietis.
1020 3803 1154 3868 Quia
1193 3807 1326 3860 nulli
1373 3808 1428 3860 in
1469 3810 1666 3864 saeculo

84 3893 356 3955 serviunt,
376 3891 470 3960 qui
497 3900 757 3959 tanquam
803 3893 1214 3949 tabernaculum
1259 3905 1316 3950 et
1354 3901 1664 3954 transitoria

78 4001 149 4039 ea
178 3999 297 4053 qua:
331 3985 385 4038 in
417 3999 484 4038 eo
514 3994 661 4048 sunt,
699 3987 1008 4041 attendunt.
1043 3986 1147 4041 Sed
1163 3997 1216 4041 et
1251 3999 1455 4058 septem
1473 3990 1664 4047 diebus

80 4075 399 4130 holocausta
440 4073 624 4128 offerri
656 4075 940 4144 praecepit,
967 4078 1263 4132 ostendens
1281 4089 1537 4147 oportere
1563 4099 1661 4151 per

77 4183 248 4222 omne
299 4176 511 4235 tempus
570 4167 867 4236 perfectam
938 4170 1408 4224 conversationim
1482 4174 1658 4242 sequi.

76 4260 310 4325 Quando
365 4274 494 4327 ergo
546 4260 626 4312 sic
676 4267 1003 4328 praesentem
1060 4260 1227 4314 vitam
1263 4263 1653 4329 percurrimus,

77 4364 213 4407 tunc
274 4351 690 4404 celeberrimum
739 4359 901 4419 atque
957 4351 1361 4404 sanctissimum
1404 4362 1654 4408 octavum

74 4444 249 4504 diem,
287 4441 531 4496 seculum
552 4441 805 4495 videlicet
827 4441 1067 4494 futurum
1098 4440 1382 4506 habemus,
1419 4454 1655 4499 vocante

1790 615 2114 686 principium
2141 621 2194 674 in
2225 622 2445 681 Christo
2473 636 2924 701 conversationis,
2983 648 3038 695 et
3086 648 3370 705 exordium

1790 705 2098 764 futurorum
2131 723 2234 768 est.
2263 714 2499 774 Octavus
2520 731 2723 789 autem,
2757 736 2817 780 ut
2844 730 2934 796 qui
2973 738 3226 800 praesenti
3248 753 3371 792 sue-

1788 800 1933 853 cedit
1987 807 2187 860 saeculo
2229 824 2392 877 quem
2449 816 2713 882 septimus
2758 835 3019 877 numerus
3064 827 3370 895 significare

1787 888 2005 945 dicitur.
2037 893 2142 950 Sed
2167 907 2219 951 et
2255 900 2299 952 si
2330 901 2452 969 quis
2469 904 2557 958 hic
2575 907 2715 960 sicut
2737 908 2788 961 in
2839 888 3192 971 tabernaculo
3223 919 3368 974 habi-

1788 986 1885 1041 tat,
1911 992 1967 1034 et
1988 983 2128 1038 sicut
2166 990 2543 1054 pertransiens
2599 998 2884 1063 mundum,
2915 1001 3001 1056 hic
3036 1005 3169 1060 vivit
3206 1024 3220 1063 :
3258 1009 3365 1064 iste

1786 1070 1886 1122 etsi
1921 1072 2152 1127 necdum
2183 1091 2263 1141 re,
2290 1076 2568 1136 tamen'rei
2603 1085 2802 1163 virtute
2832 1089 2944 1157 jam
2991 1090 3233 1148 futurum
3265 1113 3366 1151 sae-

1785 1160 1967 1213 culum
1992 1162 2156 1219 habet
2184 1168 2272 1221 :id
2298 1184 2485 1239 agens,
2536 1177 2678 1242 quod
2702 1160 2880 1248 neque
2934 1183 3002 1236 ad
3072 1189 3360 1244 materiam

1785 1254 2043 1318 pertinet,
2081 1273 2258 1327 neque
2307 1263 2372 1316 ad
2427 1264 2877 1335 inquietudinem,
2912 1277 3058 1343 quod
3086 1278 3232 1335 illius
3281 1292 3368 1338 est

1783 1347 2062 1413 proprium
2099 1362 2322 1418 propter
2347 1358 2490 1422 quod
2517 1359 2591 1412 et‘
2621 1360 2884 1418 Dominus
2949 1371 3233 1437 apostolis,
3277 1382 3365 1428 nt-

1783 1448 1911 1503 pote
1959 1440 2120 1493 talem
2158 1443 2528 1502 haareditatem
2564 1451 2887 1521 cligentibus
2931 1460 3072 1524 vitae,
3097 1463 3312 1520 dicebat
3345 1485 3358 1519 :

1781 1525 2016 1596 Regnum
2046 1531 2142 1586 Dei
2171 1535 2313 1588 intra
2347 1555 2435 1615 vos
2462 1550 2536 1593 est
2574 1543 2638 1595 “.
2671 1543 2775 1598 Sed
2808 1557 2863 1601 et
2895 1549 3022 1604 illud
3054 1557 3357 1610 secundum

1780 1616 1922 1672 LXX
1953 1626 2251 1679 notandum
2283 1638 2385 1690 est,
2421 1632 2546 1699 quia
2604 1637 2840 1703 primum
2862 1642 3080 1708 quidem
3112 1648 3356 1702 vocalem

1778 1718 2026 1765 sanctum
2059 1717 2180 1770 sine
2197 1718 2568 1777 additamento
2599 1735 2653 1779 et
2705 1728 3056 1787 distinctione
3114 1738 3363 1791 nomina-

1779 1798 1877 1853 vit.
1905 1799 1978 1854 De
2001 1815 2197 1858 octavo
2221 1817 2405 1863 autem
2431 1815 2674 1868 vocalem
2725 1831 2975 1874 sanctum
3012 1825 3223 1891 dicens,
3261 1829 3361 1882 atl-

2907 1928 2973 1966 ex
3011 1930 3077 1969 eo
3113 1917 3358 1975 futurum

1776 1982 2127 2051 signiﬁcaret,
2158 1989 2565 2048 distinctionem
2597 2007 2778 2053 autem
2832 2004 2975 2071 ejus,
3005 2007 3150 2074 quod
3200 2008 3358 2074 dixit,

1781 2075 1943 2136 vobis,
1978 2080 2296 2135 ostenderet
2319 2101 2330 2134 :
2350 2083 2476 2152 quia
2501 2087 2709 2154 primus
2742 2092 2963 2160 quidem
2994 2097 3248 2154 omnibus
3265 2116 3359 2152 vo-

1775 2166 1907 2220 calis
1931 2176 2221 2224 etsanctus
2269 2185 2374 2238 est.
2417 2178 2547 2244 quia
2597 2194 2789 2236 omnes
2838 2184 2926 2238 hic
2956 2195 3010 2240 et
3031 2187 3149 2241 sine
3174 2189 3365 2246 distin-

1776 2257 1985 2324 ctione,
2011 2260 2080 2314 ad
2107 2263 2615 2333 sanctiﬁcationem,
2671 2275 2813 2328 etad
2859 2276 2999 2331 bene
3041 2280 3357 2349 vivendum,

1774 2356 1830 2401 et
1859 2349 1926 2402 ad
1960 2365 2181 2405 cursum
2205 2354 2537 2415 haereditatis
2567 2361 2875 2420 futurorum
2911 2369 3183 2426 bonorum
3249 2374 3360 2428 Do-

1775 2443 1960 2498 minus
1997 2447 2232 2512 vocavit,
2255 2465 2381 2504 nam
2431 2464 2486 2508 et
2516 2455 2634 2511 sine
2658 2459 2764 2512 ulla
2786 2461 3138 2520 distinctione
3160 2471 3358 2538 praedi-

1774 2535 1935 2590 cabat
1969 2555 1981 2590 :
2022 2538 2201 2593 Venite
2225 2543 2297 2594 ad
2322 2560 2402 2596 me
2428 2560 2622 2611 omnes,
2654 2553 2744 2616 qui
2773 2551 3048 2619 laboratis,
3077 2567 3127 2610 et
3155 2535 3359 2615 onerati

1775 2627 1916 2688 estis,
1953 2638 2001 2680 et
2029 2645 2122 2698 ego
2155 2632 2390 2699 reficiam
2414 2652 2501 2688 vos
2545 2640 2611 2691 ⁸⁷.
2651 2641 2707 2692 In
2739 2642 2924 2697 futuro
2946 2656 3128 2702 autem
3147 2655 3358 2707 vocatio

1775 2715 2115 2774 lizereditatis
2147 2723 2438 2787 bonorum,
2468 2743 2579 2782 non
2614 2734 2854 2787 omnium
2889 2746 2992 2798 est,
3027 2741 3119 2794 sed
3139 2756 3352 2810 eorum,

1774 2809 1868 2878 qui
1894 2821 2215 2878 praesentem
2247 2819 2588 2874 vocationem
2655 2838 3036 2895 susceperunt,
3089 2841 3145 2886 et
3173 2809 3356 2890 labet-4

1777 2902 2094 2956 naculorum
2124 2905 2496 2974 festivitatem,
2529 2914 2774 2969 scientes
2828 2921 2954 2988 quia
3015 2927 3257 2992 praeterit
3299 2929 3358 2982 ﬁ-

1775 3005 1907 3060 gura
1958 2994 2122 3063 hujus
2184 3001 2396 3062 mundi,
2469 3007 2868 3063 custodierunt.
2931 3013 3161 3083 Propter
3207 3021 3353 3089 quod

1776 3085 1920 3137 vobis
1943 3087 2084 3142 dixit
2132 3089 2238 3143 illis
2279 3092 2628 3161 exclamans,
2675 3101 2768 3168 qui
2808 3102 2885 3157 sic
2905 3107 3180 3164 vixerunt.
3226 3111 3353 3169 Haec

1703 3215 1745 3270 ο
1780 3191 1838 3228 se
1866 3177 1937 3230 ita
1983 3178 2203 3245 habere,
2257 3184 2372 3252 ipse
2400 3186 2596 3241 iterum
2625 3193 2901 3247 ostendit:
2930 3198 3021 3265 qui
3050 3202 3196 3255 enim
3262 3205 3351 3260 hic

1780 3269 1917 3322 dixit
1947 3287 1959 3322 :
1999 3272 2171 3327 Venite
2199 3281 2270 3328 ad
2304 3295 2386 3331 me
2408 3295 2586 3334 omnes
2607 3285 2695 3352 qui
2720 3284 2995 3354 laboratis,
3044 3301 3093 3345 et
3145 3300 3351 3351 onerati

1773 3362 1921 3425 estis,
1953 3372 2002 3415 et
2041 3381 2134 3433 ego
2180 3368 2414 3434 reﬁciam
2440 3387 2550 3434 vos,
2587 3375 2642 3428 in
2677 3379 2918 3447 requiem
2949 3382 3204 3440 videlicet
3258 3389 3348 3442 fu-

1774 3455 1917 3513 turi,
1957 3454 2035 3508 sic
2062 3471 2250 3512 rursus
2280 3463 2524 3529 quaedam
2575 3467 2707 3521 dicit
2740 3469 2807 3523 de
2837 3470 3024 3528 futuro
3056 3493 3068 3527 :
3140 3477 3342 3543 Venite,

1769 3543 2025 3620 benedicti
2071 3548 2252 3604 Patris
2285 3555 2402 3619 mei,
2455 3560 2707 3627 percipite
2767 3579 2982 3630 regnum
3030 3571 3170 3637 quod
3206 3573 3346 3628 vobis

1769 3647 2132 3704 praeparatum
2162 3651 2236 3694 est
2261 3644 2337 3695 "z
2372 3647 2704 3705 subtrahens
2755 3653 2860 3708 hoc
2908 3659 3053 3725 quod
3107 3661 3342 3732 dixerat,

1768 3743 1946 3780 omnes
1995 3745 2013 3782 :
2075 3732 2201 3800 quia
2260 3736 2414 3790 multi
2475 3741 2684 3808 quidem
2741 3749 2936 3813 vocati,
3013 3754 3171 3817 pauci
3222 3772 3343 3811 vero

1767 3819 1918 3871 electi
1945 3821 2010 3872 ".

1838 3907 2004 3964 Vens.
2033 3912 2123 3972 5'1,
2155 3912 2243 3967 38.
2278 3932 2298 3964 ι
2337 3915 2428 3972 Hae
2463 3930 2591 3975 sunt
2627 3921 2776 3978 ferias
2802 3925 3038 3996 Domini,
3078 3949 3215 4003 quas
3248 3954 3344 3993 vo-

1765 4000 1963 4054 cabitis
1989 4002 2376 4060 celeberrimas
2425 4017 2592 4078 atque
2618 4016 3015 4085 sanctissimas,
3069 4000 3340 4083 o—ll'eretis-

1763 4105 1870 4158 que
1913 4092 1970 4144 in
2019 4094 2100 4148 eis
2132 4096 2439 4153 oblationes
2477 4099 2712 4158 Domino
2765 4108 3080 4169 holocausta
3120 4126 3176 4172 et
3206 4119 3342 4174 liba-

1762 4192 1964 4249 menta,
1989 4185 2144 4252 juxta
2179 4187 2342 4242 ritum
2371 4192 2800 4266 uniuscujusque
2824 4201 2950 4263 diei,
2988 4210 3340 4279 exceptisque

1761 4273 2011 4330 Sabbatis
2049 4277 2284 4343 Domini,
2308 4281 2576 4352 donisque
2624 4290 2820 4344 vestris
2845 4301 2902 4346 et
2928 4309 3051 4363 qua:
3095 4273 3339 4356 oﬁ‘eretis

1760 4380 1827 4419 ex
1857 4376 2005 4429 voto,
2039 4370 2121 4422 vel
2146 4385 2269 4438 quae
2291 4381 2486 4438 sponte
2519 4375 2760 4433 tribuitis
2789 4379 3045 4438 Domino.
3095 4406 3115 4439 ›

1830 4456 1961 4511 Vide
2014 4458 2132 4512 illas
2161 4462 2486 4529 apostolicas
2527 4482 2692 4522 voces
2734 4487 2748 4524 :
2803 4472 3020 4543 Semper
3070 4485 3332 4550 gaudete,

74 4549 182 4587 nos
212 4533 264 4586 in
299 4542 599 4601 praeparata
651 4532 855 4586 sanctis
884 4534 1042 4594 bona,
1092 4548 1159 4587 eo
1197 4535 1286 4602 qui
1340 4551 1442 4590 nos
1487 4545 1541 4590 et
1595 4538 1653 4593 in
1688 4563 1730 4618 ι)
1759 4547 1872 4600 sine
1909 4549 2297 4604 intermissione
2321 4564 2490 4620 orate,
2516 4558 2571 4610 in
2613 4563 2850 4616 omnibus
2886 4569 3090 4636 gratias
3112 4572 3334 4640 agnem

75 4625 184 4677 hac
205 4625 617 4678 conversatione
647 4625 885 4678 vocavit:
939 4641 1064 4677 nam
1093 4634 1148 4678 et
1191 4625 1338 4680 LXX
1361 4628 1438 4682 sic
1465 4630 1655 4685 edide-

78 4726 210 4769 runt
228 4733 241 4768 :
258 4716 379 4769 Dies
396 4725 606 4769 octavus
625 4716 818 4769 vocalis
838 4725 1051 4768 sanctus
1069 4717 1195 4770 erit.
1210 4717 1362 4772 Tunc
1379 4735 1510 4790 ergo
1531 4723 1659 4778 olfe-

74 4811 249 4862 rimus
274 4808 587 4862 holocausta
611 4809 840 4861 Domino
862 4826 983 4877 qua:
1019 4811 1108 4863 hic
1133 4815 1655 4880 prieparaverimus.

153 4900 242 4952 Est
300 4899 435 4953 enim
492 4910 652 4952 cretus
677 4910 834 4969 atque
858 4901 1097 4953 collecta.
1161 4900 1254 4955 Vel
1289 4905 1429 4958 sicut
1462 4906 1607 4961 LXX
1639 4928 1650 4964 :

75 4991 339 5059 Egressus
370 4999 465 5054 est,
513 4991 638 5058 quia
673 4991 802 5045 hinc
828 4992 1028 5054 exitus,
1076 4993 1184 5048 illic
1224 4994 1488 5050 habitatio
1545 5009 1650 5064 est,

73 5083 220 5134 sicut
247 5081 321 5134 ait
344 5080 543 5135 Paulus
585 5097 597 5132 :
630 5082 798 5151 Cupio
821 5083 1032 5138 dissolvi
1081 5094 1128 5137 et
1159 5102 1270 5139 esse
1339 5103 1454 5140 cum
1495 5088 1654 5143 Chri-

73 5175 238 5226 sto".
268 5173 441 5228 Omne
467 5190 606 5244 opus
632 5176 829 5229 servile
866 5192 978 5230 non
1028 5177 1316 5240 faciemus,
1348 5184 1475 5248 quia
1511 5182 1654 5237 sicut

71 5266 251 5336 angeli
295 5267 384 5319 Dei
440 5277 688 5336 tempore
738 5267 832 5320 illo
885 5268 1111 5323 erimus.
1164 5268 1477 5325 Seilethoe
1498 5282 1646 5338 nota,

73 5357 350 5426 quomodo
404 5359 594 5412 eadem
642 5359 710 5412 de
739 5360 920 5427 primo
961 5370 1016 5412 et
1077 5369 1272 5415 octavo
1303 5361 1458 5427 dicit,
1524 5365 1651 5433 quia

75 5450 241 5504 unius
264 5450 666 5519 quodammodo
693 5462 923 5520 uterque
961 5450 1177 5504 virtutis
1212 5461 1365 5519 sunt,
1404 5468 1652 5508 resurre-

73 5541 274 5597 Ctionis
307 5543 505 5612 quippe
523 5544 640 5598 dies
654 5559 777 5614 quas
801 5553 884 5599 est
915 5545 1219 5599 substantia
1250 5545 1420 5600 futuri
1442 5547 1648 5613 saculi,

153 5721 193 5792 ’ἑ
224 5721 420 5792 Philip.
451 5741 488 5788 l,
515 5724 607 5781 9.5.

77 5807 138 5854 ν.
174 5791 348 5848 16-18.

685 5726 726 5756 ⁸³
747 5724 879 5778 Luc.
912 5739 1042 5789 ινιτ,
1073 5723 1162 5779 2|.

1245 5727 1289 5756 "
1323 5724 1512 5782 Matth.
1542 5744 1622 5792 xl,
1645 5726 1735 5782 28.

1757 4635 2013 4692 Consona
2055 4639 2310 4695 videntur
2383 4659 2508 4700 esse
2567 4649 2682 4702 haec
2711 4635 3072 4719 praesentibus
3091 4659 3338 4718 Mosaicae

1759 4732 2055 4786 sanctionis
2082 4735 2283 4789 verbis.
2318 4735 2458 4792 Ecce
2508 4741 2654 4794 enim
2686 4743 3013 4803 festivitates
3071 4754 3336 4820 quasdam

1758 4824 2065 4893 prazcipuas
2093 4826 2371 4895 legislator
2393 4845 2698 4900 exponens,
2742 4850 2878 4904 quas
2941 4850 2998 4894 et
3042 4843 3335 4900 celeberri-

1759 4931 1877 4970 mas
1912 4925 2076 4986 atque
2112 4928 2328 4974 sanctas
2371 4924 2694 4991 nominavit,
2743 4931 3072 4996 permiscuit
3091 4935 3172 4989 eis
3195 4951 3336 5006 quo-

1761 5009 1962 5064 tidiana
1992 5011 2252 5066 libamina
2274 5024 2330 5068 et
2361 5016 2653 5071 sacriﬁcia.

1830 5097 1931 5152 Ηω
1957 5108 2078 5152 sunt
2099 5101 2236 5153 enim
2262 5103 2412 5171 feria:
2444 5103 2658 5159 Domini
2710 5125 2843 5178 quas
2893 5114 3144 5168 vocabitis
3199 5118 3336 5172 cele-

1756 5189 2012 5242 berrimas
2029 5201 2186 5254 atque
2205 5194 2586 5249 sanctissimas.
2621 5198 2688 5251 Et
2717 5214 2839 5252 cum
2895 5207 3337 5271 oporterethanc

1754 5287 1849 5331 aut
1875 5278 2017 5331 illam
2042 5281 2247 5346 dicere,
2278 5298 2390 5336 non
2415 5285 2495 5340 sic
2516 5286 2670 5349 dixit,
2707 5290 2800 5344 sed
2832 5291 3075 5348 subdidit
3103 5295 3338 5366 :Oﬁ'ere-

1757 5369 1924 5438 lisque
1953 5371 2008 5421 in
2029 5370 2103 5423 eis
2132 5371 2422 5428 oblationes
2474 5375 2701 5431 Domino
2744 5379 3050 5436 holocausta
3097 5395 3147 5439 et
3200 5388 3336 5443 liba-

1761 5471 1958 5524 menta,
1974 5461 2135 5530 juxta
2188 5465 2349 5517 ritum
2383 5467 2793 5539 uniuscujusque
2832 5473 2957 5529 diei.
2990 5472 3059 5529 Et
3084 5475 3200 5545 ipse
3235 5493 3340 5533 nos

1762 5551 2020 5620 gaudere,
2067 5562 2123 5606 et
2159 5552 2511 5610 festivitatem
2577 5573 2758 5629 agere,
2810 5571 2866 5617 et
2886 5568 3007 5618 sine
3055 5563 3337 5622 intermis-

1819 5726 1864 5758 ⁸⁸
1883 5725 2072 5781 Matth.
2100 5745 2224 5794 xxv,
2258 5728 2345 5783 34.
2421 5730 2466 5764 "
2498 5731 2689 5788 Matth.
2713 5748 2850 5802 xm,
2877 5735 2964 5792 M.
3043 5736 3131 5791 "l
3168 5736 3336 5796 Thes.
