4158 6450
130 431 240 497 1097

1244 421 1325 481 IN
1361 414 1799 480 LEVI'I‘ICUM.
1824 439 1885 447 -
1920 414 2065 473 LIB.
2108 412 2208 469 Vl.

3221 410 3354 477 1098

124 545 367 603 dubietate
412 540 716 596 confirmat.
764 539 903 604 Quia
956 552 1086 591 vero
1138 550 1204 589 ex
1256 536 1371 603 ipsa
1409 532 1669 586 inchoare
1701 535 1745 586 Α
1847 524 2003 578 Smne
2031 536 2075 577 et
2105 526 2310 577 salices.
2346 521 2656 576 Secundum
2689 520 2849 579 LXX.
2880 522 3127 584 κλάδους,
3157 539 3349 590 mnu»,

122 642 350 696 debemus
400 633 705 696 vocatione,
764 646 831 686 ex
890 645 995 699 qua
1058 627 1318 697 praedicta
1351 633 1435 679 est
1466 622 1668 676 Christi

121 728 444 800 intelligibilis
493 726 741 795 requies,
802 738 924 793 quae
978 723 1156 791 prima
1203 728 1289 773 est
1359 715 1673 771 festivitatis

120 822 242 883 dies,
267 817 610 872 manifestum
644 823 766 868 est:
815 827 980 881 quem
1013 810 1159 864 diem
1195 807 1451 877 superius
1481 803 1673 874 appel-

137 914 236 966 arit
272 910 494 979 requiei.
546 907 709 961 Nunc
754 913 938 958 autem
997 903 1054 957 in
1111 917 1179 956 eo
1213 901 1426 954 fructus
1460 900 1674 952 arboris

116 1004 472 1074 pulcherrimae
497 1015 714 1111 suasere
742 998 1024 1069 praecepit,
1072 996 1193 1050 illos
1232 994 1504 1053 videlicet,
1540 1005 1676 1059 quos

116 1100 128 1111 ο
257 1097 266 1107 ο
399 1096 441 1111 τι
484 1095 605 1111 ,I,,,
654 1092 822 1111 n-,,SJ
866 1089 1132 1111 -__..-_-!a_
1176 1087 1237 1111 Π.
1278 1088 1369 1111 -..τι
1420 1095 1672 1111 ﬂammant-All

115 1100 165 1152 in
198 1097 354 1166 primo
399 1087 615 1148 Psalm'o
654 1092 825 1146 David
859 1089 1134 1145 cantavit:
1172 1087 1237 1140 Et
1272 1088 1369 1139 erit
1418 1095 1677 1147 tauquam

114 1188 295 1256 lignum
323 1194 457 1256 quod
494 1184 795 1254 plantatum
832 1192 905 1235 est
942 1197 1087 1235 secus
1111 1185 1359 1234 decursus
1389 1191 1674 1244 aquarum,

110 1282 237 1349 quod
268 1281 493 1349 fructum
534 1293 690 1331 suum
735 1275 880 1329 dabit
927 1276 982 1327 in
1045 1284 1276 1339 tempore
1316 1270 1465 1323 suo"
1500 1287 1513 1320 :
1550 1267 1676 1320 l‘nl-

110 1374 287 1426 chrum
346 1370 495 1423 enim
536 1368 670 1423 dicit
722 1376 1158 1435 temporaneum,
1189 1374 1245 1417 et
1280 1371 1675 1432 opportunum,

109 1463 159 1515 id
191 1472 263 1516 est
294 1462 381 1531 qui
446 1461 501 1514 in
554 1470 803 1529 tempore
861 1466 967 1523 est,
1008 1464 1063 1510 et
1097 1456 1316 1509 virtutis
1350 1453 1679 1522 opportunis

110 1554 436 1625 temporibus
487 1552 792 1623 peragitur,
848 1562 910 1602 ut
959 1549 1277 1602 nullatenus
1318 1546 1373 1599 in
1431 1554 1678 1615 tempore

102 1647 335 1715 iustitiae,
367 1645 641 1714 fugientes
667 1657 813 1704 eam.
849 1641 1192 1696 declinemus
1231 1639 1297 1693 ad
1341 1638 1677 1706 compassin—

105 1753 246 1791 nem.
275 1736 363 1791 Ait
414 1737 603 1791 enim:
658 1734 780 1789 Non
814 1732 1141 1786 misereberis
1197 1730 1500 1798 panperiin
1529 1729 1679 1797 judi-

104 1833 262 1888 cio":
304 1832 442 1898 Quia
489 1841 545 1887 et
594 1831 831 1901 iustitia,
860 1838 916 1883 et
945 1829 1277 1897 compassio,
1310 1836 1365 1880 et
1395 1827 1678 1895 quodlibet

1777 619 1826 670 id
1857 629 1958 672 est.
2015 613 2391 675 continentiae,
2429 613 2674 682 castique
2722 612 2985 683 conjugii.
3031 611 3178 665 Salis
3207 615 3352 666 enim

1774 709 2166 761 continentiam
2221 705 2513 776 signiﬁcat,
2572 706 2697 774 quia
2754 705 2992 759 fructum
3026 720 3135 758 non
3175 705 3351 759 facit;

1776 800 1911 853 sicut
1971 816 2069 852 nec
2100 799 2469 865 continentes,
2510 799 2603 870 qui
2657 809 2786 853 sunt
2808 800 2921 853 veri
2959 800 3220 865 eunuchi,
3262 801 3355 870 qui

1776 904 2151 947 castrat-erunt
2187 908 2244 945 se
2286 902 2510 962 propter
2533 906 2762 962 regnum
2795 892 3081 956 caelorum,
3115 892 3358 947 fructum

1775 983 2073 1052 qttemlibct
2134 983 2448 1038 sensibilem
2510 981 2740 1045 faciunt.
2806 982 2872 1035 ad
2920 997 3059 1051 quos
3090 983 3234 1037 Deus
3260 999 3359 1053 per

1778 1077 1967 1129 Isaiam
2030 1076 2355 1145 prophetam
2423 1074 2595 1127 dicit:
2655 1073 2774 1127 Non
2838 1075 2980 1126 dicat
3036 1078 3300 1128 eunuchus
3339 1091 3358 1128 .'

1777 1167 1913 1232 Quia
1943 1167 2141 1235 lignum
2163 1167 2377 1219 aridum
2401 1181 2493 1235 ego
2518 1176 2671 1219 sum:
2696 1169 2822 1235 quia
2855 1167 2991 1219 dabo
3021 1167 3092 1218 eis
3123 1168 3177 1218 in
3206 1167 3361 1219 domo

1779 1276 1918 1318 mea.
1948 1271 1996 1313 ct
2036 1262 2088 1312 in
2121 1261 2286 1312 muris
2320 1260 2449 1312 meis
2484 1259 2651 1311 locttm
2703 1261 3032 1311 nominatum
3061 1301 3073 1320 ,
3113 1260 3299 1313 melius
3327 1282 3359 1311 a

1778 1353 1905 1420 ﬁliis
1933 1363 1980 1405 et
2009 1353 2240 1421 ﬁliabus,
2289 1369 2475 1405 nomen
2506 1354 2881 1420 sempiternum
2914 1353 3048 1404 dabo
3085 1353 3157 1405 eis
3175 1354 3241 1404 '°.
3273 1354 3363 1405 ιιξμ

1777 1448 1951 1499 cimus
2012 1456 2194 1500 autem
2250 1445 2474 1499 salicem
2517 1460 2707 1515 gerere
2762 1445 3047 1508 orationis,
3098 1460 3199 1498 nec
3251 1461 3361 1499 non

1779 1540 2114 1607 paenitentia:
2157 1539 2405 1608 figuram.
2436 1539 2527 1591 Sic
2557 1554 2687 1608 ergo
2714 1548 2770 1593 et
2795 1539 2926 1591 illud
2960 1539 3103 1606 quod
3130 1554 3159 1590 a
3192 1538 3362 1591 David

1778 1629 1984 1681 dictum
2019 1637 2122 1689 est,
2159 1628 2530 1697 intelligamus
2561 1645 2575 1681 :
2608 1626 2779 1695 Super
2806 1628 3032 1695 ﬂumina
3053 1627 3358 1697 Babylonis,

1778 1720 1888 1772 illic
1942 1721 2169 1773 sedimus
2219 1731 2268 1774 et
2327 1722 2585 1789 ﬂeuimus,
2639 1722 2764 1773 dum
2826 1723 3228 1775 recordareiuur
3286 1728 3361 1773 tui

1777 1809 1922 1863 Sion.
1952 1809 2017 1863 lu
2056 1812 2323 1873 salicibus,
2345 1814 2400 1865 in
2432 1815 2604 1866 medio
2628 1813 2743 1905 ejus
2770 1814 3133 1882 suspendimus
3159 1830 3361 1883 organa

102 1924 316 1990 dixeris,
377 1939 534 1979 suum
592 1887 809 1992 tempus
858 1930 1227 1990 Opportunum
1298 1919 1482 1982 habet,
1534 1918 1676 1972 sicut

1783 1912 1965 1955 nostra
1988 1903 2054 1953 ".
2092 1903 2371 1957 Orationis
2400 1904 2570 1966 enim,
2602 1887 3041 1973 ett'paanitentize
3090 1907 3361 1976 Iacryma.

102 2016 296 2070 Paulus
329 2015 497 2070 dicit:
542 2014 804 2085 Alligatus
842 2030 895 2066 es
946 2012 1143 2065 uxori?
1176 2010 1283 2064 noli
1312 2026 1547 2081 quaerere
1589 2025 1675 2062 so-

102 2110 366 2161 lutionem.
427 2106 642 2161 Solutus
694 2123 746 2159 es
790 2106 855 2158 ab
899 2105 1105 2158 uxore?
1134 2103 1241 2157 noli
1281 2118 1516 2173 quaerere
1547 2118 1679 2155 ua'o-

102 2200 284 2252 rem".
321 2198 385 2252 Et
416 2198 674 2252 Salomon
721 2198 798 2251 ait
826 2213 837 2248 :
874 2196 1058 2249 Omnis
1091 2196 1166 2248 rei
1198 2204 1441 2263 tempus:
1474 2203 1676 2263 tempus

100 2290 323 2353 tacendi,
358 2299 406 2343 et
451 2300 653 2357 tempus
683 2288 951 2358 loquendi,
1000 2296 1202 2355 tempus
1233 2286 1374 2347 belli,
1403 2297 1451 2338 et
1476 2295 1677 2354 tempus

99 2380 244 2447 pacis
262 2380 330 2433 ⁸⁰;
362 2388 417 2433 et
456 2380 629 2433 multa
662 2379 747 2433 his
780 2378 999 2433 similia.
1064 2376 1221 2433 Unde
1270 2387 1327 2431 et
1386 2376 1516 2430 Saul
1547 2392 1678 2431 con-

98 2476 386 2528 demnatus
447 2482 551 2535 est,
582 2473 710 2542 quia
748 2474 895 2543 Agag
945 2482 1099 2525 extra
1139 2480 1355 2540 tempus
1409 2471 1675 2543 pgpercit,

99 2572 155 2616 et
180 2578 497 2631 compassus
528 2571 633 2627 est,
665 2578 776 2633 quo
804 2573 1049 2631 tempore
1082 2577 1209 2616 eum
1250 2562 1351 2615 hoc
1378 2534 1487 2615 noii
1513 2576 1679 2630 opor-

100 2655 247 2708 lebat
277 2655 519 2709 facere“
553 2672 565 2708 :
610 2635 719 2709 ned
742 2655 1033 2724 oportebat
1072 2669 1199 2709 eum
1247 2662 1498 2722 parcere.
1554 2668 1679 2706 cum

100 2748 246 2799 Deus
302 2747 558 2814 iussisset
622 2755 794 2799 totum
839 2744 1098 2798 Amalech
1152 2744 1412 2813 disperdi.
1468 2742 1526 2797 Si
1554 2758 1684 2814 ergo

97 2837 311 2889 fructus
345 2837 557 2890 arboris
588 2836 909 2905 sumpseris,
950 2836 1019 2890 de
1048 2836 1250 2905 quibus
1281 2835 1358 2889 ait
1386 2835 1536 2889 .Ioel:
1572 2833 1683 2887 No-

95 2930 189 2982 lite
233 2930 416 2982 timere
458 2929 717 2982 animalia
777 2929 1037 2998 regionis,
1090 2929 1215 2996 quia
1257 2929 1685 2998 germinaverunt

90 3021 329 3087 speciosa
376 3022 584 3082 deserti,
659 3021 785 3089 quia
850 3030 899 3074 et
951 3021 1153 3090 lignum
1206 3018 1389 3073 attulit
1454 3021 1684 3089 fructum

92 3128 251 3163 suum
271 3112 317 3141 ⁸⁸
349 3130 361 3164 :
414 3109 522 3165 Sed
546 3119 602 3164 et
632 3110 853 3165 Cantica
910 3111 1264 3165 Canticorum
1291 3131 1302 3165 :
1363 3108 1470 3163 Sub
1500 3110 1685 3162 umbra

1777 1992 1845 2047 de
1874 1993 2086 2066 quibus,
2151 1996 2227 2047 ait
2274 1995 2476 2050 isaias:
2525 1994 2672 2050 Sicut
2717 1995 2905 2050 salices
2938 2014 3093 2066 super
3144 2009 3365 2063 prteter-

1776 2085 1995 2153 ﬂuentes
2050 2085 2303 2153 a‘buas“,
2347 2088 2719 2143 continentem
2780 2090 3194 2145 commistionis
3263 2108 3363 2145 nc-

1776 2178 2066 2231 cessariam
2128 2178 2365 2242 habent,
2424 2182 2475 2234 in
2533 2191 2780 2251 tempore
2839 2199 2948 2252 quo
3005 2183 3360 2240 oﬂ'eruntur:

1777 2271 1924 2337 quod
1980 2271 2322 2326 demonstrat
2380 2272 2579 2327 Paulus
2608 2292 2620 2326 :
2650 2274 2826 2329 Nolite
2857 2278 3115 2346 fraudare
3145 2279 3366 2333 invicem

1780 2362 1989 2425 dicens,
2044 2363 2142 2415 nisi
2167 2380 2230 2416 ea:
2275 2380 2527 2418 consensu
2559 2367 2629 2418 ad
2660 2377 2883 2435 tempus,
2918 2378 2975 2421 ut
3019 2373 3213 2424 vacetis
3238 2388 3331 2425 ora
3352 2401 3366 2412 -

1781 2456 1931 2517 tioni,
1987 2456 2112 2524 quia
2157 2468 2362 2510 castum
2411 2468 2613 2526 oportet
2653 2477 2760 2513 esse
2802 2462 3108 2533 conjugium
3127 2465 3194 2518 ⁸³.
3248 2463 3367 2537 Ipse

1781 2559 1973 2598 rursus
1995 2548 2092 2598 ait.
2120 2545 2484 2600 Saluabuntur
2510 2560 2689 2602 autem
2717 2565 2809 2618 per
2836 2550 3073 2618 ﬁliorum
3113 2571 3367 2622 procrea—

1784 2638 1996 2701 tionem,
2021 2640 2068 2691 si
2091 2641 2481 2706 permanserint
2510 2642 2565 2694 in
2600 2642 2722 2710 fide,
2749 2653 2798 2695 et
2847 2645 3128 2710 gnaritate,
3155 2658 3202 2700 et
3243 2666 3369 2702 sau-

1786 2732 2125 2809 ctificatione,
2180 2749 2295 2786 cum
2346 2734 2631 2789 sobrietate
2652 2736 2715 2793 ".
2756 2736 2820 2791 Et
2848 2703 3049 2793 iterum
3082 2758 3093 2792 :
3132 2739 3369 2795 Honora-

1786 2822 1886 2875 bile
1925 2826 2262 2888 connubium,
2295 2836 2344 2879 et
2369 2827 2548 2880 tltorus
2599 2828 3053 2887 immaculatus".
3094 2834 3201 2887 Sed
3254 2834 3371 2889 haec

1785 2915 1855 2970 de
1913 2926 2156 2971 torrente
2213 2932 2453 2984 sumere,
2509 2921 2576 2973 de
2629 2924 2885 2991 praesenti
2954 2925 3205 2980 videlicet
3236 2928 3367 2991 vita,

1788 3013 2006 3060 torrens
2047 3007 2191 3060 enim
2218 3018 2444 3077 propter
2472 2990 2789 3071 transitum,
2824 3012 2940 3066 sive
2964 3012 3259 3069 decursum
3293 2990 3371 3069 si-

1790 3097 1901 3150 mul
1933 3107 2116 3152 autem
2149 3109 2205 3152 et
2230 3110 2453 3168 propter
2483 3100 2755 3170 hyemem.
2784 3119 2949 3172 quam
2992 3106 3158 3161 habet
3188 3106 3369 3162 diver~

88 3202 211 3269 ejus
242 3219 401 3271 quam
432 3203 746 3265 desideravi,
773 3186 1025 3257 γίάειίερι
1056 3202 1285 3266 Clu-is“,
1318 3202 1460 3263 sedi;
1491 3212 1539 3254 ει
1569 3204 1683 3270 [γει-
1712 3235 1753 3291 C
1789 3202 1971 3241 sarum
2025 3189 2406 3269 tentationum,
2470 3200 2635 3260 atque
2697 3192 3116 3248 tribulationum
3145 3237 3159 3255 ,
3221 3210 3372 3252 recte

87 3301 209 3345 ctus
246 3292 364 3361 ejus
390 3292 557 3345 dulcis
585 3293 786 3362 gutturi
814 3308 927 3345 meo
947 3292 1012 3345 “.
1040 3288 1479 3346 Pulcherrimum
1503 3306 1679 3352 sume,

82 3386 276 3439 omnia
297 3387 444 3438 enim
474 3401 597 3454 qua:
634 3386 765 3440 fecit
794 3386 937 3440 Deus
958 3425 972 3449 ,
1009 3393 1065 3440 et
1104 3386 1248 3439 bona
1287 3393 1417 3439 sunt
1449 3386 1501 3437 in
1538 3395 1680 3438 tem—

84 3493 228 3547 pore
256 3493 378 3532 suo.
418 3477 526 3532 Sed
559 3488 616 3533 et
645 3477 848 3533 Paulus
877 3479 954 3533 ait
982 3496 997 3535 :
1036 3477 1228 3533 Omnia
1268 3487 1442 3531 uestra
1476 3478 1685 3530 honeste

74 3571 379 3622 secundum
403 3570 634 3622 ordinem
649 3570 778 3638 ﬁant
790 3569 932 3623 “"3:
951 3569 1096 3638 quod
1112 3576 1363 3639 oporteat
1375 3568 1548 3638 aptari
1572 3569 1682 3621 vir-

78 3669 239 3715 tutes
271 3662 502 3729 tempori
535 3661 868 3731 significans.
906 3660 1046 3732 Ergo
1078 3660 1292 3715 fruetus
1315 3660 1529 3715 arboris
1554 3661 1684 3730 pul-

74 3752 386 3805 cherrimm
419 3791 433 3815 ,
511 3752 884 3820 principaliter
930 3750 1219 3813 Cltcistus,
1267 3751 1479 3805 fructus
1537 3752 1684 3805 illius

72 3844 221 3912 ligni
284 3849 389 3903 est,
426 3846 492 3897 de
531 3860 640 3912 quo
701 3846 753 3897 in
790 3845 927 3898 lsaia
983 3843 1190 3897 dietum
1228 3853 1332 3897 est.
1372 3844 1681 3913 Egredietur

71 3936 238 4004 virga
277 3937 342 3989 de
387 3938 560 3988 radice
609 3936 772 3997 Jesse,
826 3949 875 3989 et
919 3938 1014 4002 ﬂos
1055 3938 1119 3990 de
1140 3938 1323 3990 radice
1344 3938 1458 4006 ejus
1495 3935 1683 3992 ascen-

63 4028 170 4078 det
186 4026 273 4079 ⁸⁶;
329 4025 420 4080 Dei
476 4028 767 4098 genitricis
804 4028 1057 4081 videlicet
1084 4029 1329 4099 virginis.
1369 4028 1681 4084 Secundum

65 4115 255 4169 LXX.
316 4115 434 4184 Ipse
506 4118 709 4183 fructus
770 4116 1050 4184 speciosus.
1112 4116 1309 4172 Omnia
1372 4119 1519 4173 enim
1567 4120 1682 4189 ipse

57 4207 379 4275 dispensat
401 4214 649 4274 tempore
679 4216 1014 4274 opportuno.
1056 4206 1110 4260 Si
1142 4214 1325 4261 autem
1355 4208 1559 4277 aliquid
1596 4225 1682 4263 ses

1787 3279 2124 3341 nominatur,
2180 3281 2253 3335 ita
2295 3291 2353 3335 ut
2405 3282 2572 3336 David
2614 3283 2682 3337 de
2713 3284 2937 3340 Christo
2984 3287 3212 3348 diceret,
3243 3292 3369 3359 quia

1785 3379 1841 3422 et
1896 3369 2011 3439 ipse
2036 3371 2106 3426 de
2136 3375 2341 3426 mundo
2387 3383 2441 3427 et
2472 3374 2593 3442 ejus
2653 3376 3122 3446 tribulationibus,
3181 3392 3372 3450 utpote

1786 3463 1980 3533 similis
2005 3465 2162 3521 nobis
2195 3465 2447 3531 elfectus,
2484 3470 2764 3537 gustavit:
2806 3471 2880 3525 De
2913 3482 3144 3528 torrente
3186 3478 3240 3528 in
3285 3479 3373 3530 via

1785 3540 2234 3625 bibitﬁiropterea
2272 3556 2527 3610 exultavit
2558 3562 2798 3626 caput".
2838 3563 3107 3629 Exaltasrit
3134 3568 3281 3620 enim
3317 3569 3370 3620 ιιι

1785 3662 1946 3701 cruce
1978 3648 2249 3716 pendens.
2280 3648 2629 3719 Crucitigitur
2673 3663 2880 3715 autem,
2917 3657 3043 3725 quia
3076 3673 3140 3711 ex
3181 3669 3369 3714 nostro

1785 3749 2029 3793 torrente
2058 3739 2246 3794 bibere
2301 3743 2470 3795 semel
2516 3743 2699 3812 elegit.
2760 3746 2863 3810 Qui
2897 3763 3029 3816 ergo
3073 3748 3188 3804 haec
3234 3753 3364 3821 agit,

1784 3841 1990 3901 septem
2041 3832 2236 3887 diebus
2265 3842 2439 3888 totum
2492 3836 2744 3895 videlicet
2782 3849 3029 3913 tempus,_
3066 3842 3236 3897 laetari
3268 3859 3366 3913 po-

1787 3930 1911 3975 test.
1946 3919 2050 3975 Sed
2097 3922 2266 3975 Iretari
2297 3931 2425 3976 ante
2475 3924 2763 3979 Dominum
2805 3908 2914 3981 non
2966 3908 3284 4000 impiorum,
3314 3946 3367 3987 et

1787 4023 2135 4094 peccatorum
2172 4015 2385 4084 gaudio.
2440 4016 2553 4068 Non
2588 4028 2662 4070 est
2692 4021 2878 4072 etenim
2910 4024 3143 4091 gaudere
3166 4025 3346 4094 impii.»

1783 4104 1908 4156 dicit
1970 4081 2308 4169 Do'miutis",
2364 4106 2568 4175 quippe
2622 4111 2714 4177 qui
2784 4113 2836 4164 in
2890 4081 3284 4184 v'oluptatibus.
3318 4130 3374 4171 et

1783 4194 2228 4352 corruptioniﬁps
2258 4197 2610 4252 festivitatem
2647 4202 2872 4261 habent.
2909 4205 3003 4257 sed
3043 4207 3095 4259 in
3132 4206 3370 4262 Domino

1785 4286 2059 4340 hetamini.
2164 4289 2254 4343 uid
2313 4300 2497 4344 autem
2553 4301 2637 4347 est
2671 4308 2855 4348 coram
2882 4296 3113 4352 Domino
3156 4298 3325 4352 laetari
3354 4304 3370 4352 ’ἒ

1785 4286 2059 4340 hetamini.
2112 4286 2254 4352 Qnid
2313 4300 2497 4344 autem
2553 4301 2637 4347 est
2671 4308 2855 4348 coram
2882 4296 3113 4352 Domino
3156 4298 3325 4355 laetari
3354 4304 3376 4353 ’ἶ

55 4297 335 4351 cundum
364 4297 485 4363 ejus
516 4296 710 4365 legem,
743 4304 798 4348 et
840 4296 1016 4349 zelum
1054 4306 1157 4358 est,
1191 4296 1336 4365 quod
1369 4308 1678 4350 correctum

53 4388 258 4443 fuerit
308 4390 367 4443 in
418 4388 603 4450 verbo,
658 4387 837 4441 autin
867 4403 1055 4458 opere,
1108 4390 1210 4441 hoc
1249 4388 1415 4442 etiam
1472 4389 1679 4444 fructus

1785 4382 1841 4435 ld
1871 4394 1973 4447 est,
2030 4384 2081 4435 in
2131 4401 2196 4438 eo
2232 4388 2479 4450 credere,
2545 4399 2599 4440 et
2645 4404 2743 4457 pro
2775 4402 2840 4443 eo
2897 4392 3027 4460 pati.
3089 4392 3199 4449 Hoc
3226 4397 3375 4450 enim

48 4482 378 4552 speciosus
407 4493 552 4535 recte
590 4480 811 4535 dicitur,
856 4483 1084 4535 Sumere
1131 4492 1316 4535 autem
1352 4490 1406 4535 el,
1433 4476 1682 4551 spatulifg
1782 4472 1977 4529 Petrus
2022 4476 2277 4546 gaudium
2310 4494 2373 4531 ex
2405 4495 2513 4547 quo
2542 4490 2777 4545 constet,
2829 4485 3191 4541 demonstrat.
3225 4488 3375 4544 Scri-

47 4579 421 4645 patmarum,
460 4574 509 4626 id
549 4583 634 4628 est
665 4574 1080 4643 juveneseentia
1107 4573 1337 4641 iustitia:
1360 4573 1674 4643 genimina:
1714 4593 1755 4646 ο
1787 4567 1895 4635 psit
1918 4584 2068 4638 ergo.
2106 4567 2207 4621 Per
2235 4570 2392 4635 ﬁdem
2444 4572 2514 4624 ad
2564 4574 2811 4637 salutem,
2856 4586 3108 4643 pauatum
3154 4579 3377 4634 revelari

1791 4660 1845 4711 in
1868 4670 2101 4726 tempore
2148 4662 2426 4715 novissimo
2478 4664 2533 4715 in
2591 4680 2692 4732 quo
2723 4665 3050 4734 exsultabis,
3113 4671 3376 4727 modicum

1795 4766 1933 4804 nunc
1967 4751 2014 4803 si
2044 4762 2249 4820 oportet
2294 4755 2697 4808 contristari-iu
2721 4757 2886 4810 uariis
2917 4759 3354 4815 mutationibus"

1795 4842 1886 4896 Sic
1940 4845 2368 4898 novissimorum
2403 4855 2713 4916 teniporum
2762 4848 2990 4919 ligulam
3021 4851 3163 4921 gerit
3202 4856 3378 4923 septi-

1797 4950 1922 4989 mus
1954 4936 2181 4990 mensis.
2221 4937 2513 4992 chtivitas
2542 4949 2595 4993 et.
2626 4942 2883 5010 gaudium
2913 4958 3010 5011 per
3042 4943 3224 5006 iidem,
3257 4958 3379 5014 qua:

1794 5037 1877 5081 est
1926 5028 1979 5082 in
2011 5029 2256 5095 Christo,
2285 5041 2339 5084 et
2374 5045 2471 5099 pro
2521 5033 2871 5101 passionibus
2926 5035 3046 5100 ejus
3107 5034 3212 5090 Sed
3244 5053 3381 5105 quo-

1794 5122 1956 5176 modo
1991 5123 2132 5177 hanc
2164 5122 2518 5178 festivitatem
2546 5138 2931 5180 consummare
2968 5137 3016 5179 et
3050 5128 3377 5183 concludere

1786 5215 2115 5277 debeamus,
2144 5215 2446 5269 ostendunt
2478 5216 2591 5270 hare
2628 5217 2955 5287 legislatoris
2987 5219 3174 5273 verba.

1857 5306 2317 5376 Celebrabitisqne
2344 5309 2679 5376 festivitatem
2716 5307 2830 5377 ejus
2859 5318 3054 5377 septem
3083 5310 3261 5363 diebus
3290 5327 3382 5378 per

1784 5399 2332 5470 annum.Legitimum
2356 5402 2730 5466 sempiternum
2761 5402 2858 5453 erit
2884 5403 2939 5453 in
2962 5402 3380 5470 generationibus

1784 5494 1986 5545 restris.
2025 5490 2205 5545 Mense
2230 5494 2468 5560 septimo'
2493 5493 2627 5561 festa
2660 5493 3008 5556 celebrabitis,
3038 5504 3086 5547 et
3112 5494 3379 5548 habitabi-

1869 5584 1892 5611 is

1339 5645 1418 5695 "l
1462 5644 1709 5707 Conv”,
1739 5646 1827 5700 27.
1909 5648 1953 5678 ⁸ο
1987 5647 2131 5702 Eccl.
2162 5664 2245 5709 tu,
2280 5648 2298 5701 l
2340 5664 2456 5715 seq.

36 4668 268 4721 Justus
296 4666 445 4719 enim
474 4667 607 4720 sicut
630 4666 810 4736 palma
847 4666 1132 4734 ﬂorrbit‘",
1168 4665 1334 4719 David
1376 4665 1529 4719 dixit.
1574 4667 1680 4720 Sed

36 4758 209 4830 quia
238 4757 314 4812 de
340 4756 520 4827 palma
550 4756 689 4811 nihil
719 4768 824 4819 est,
867 4757 1330 4828 quemadmodum
1366 4772 1466 4810 nec.
1500 4758 1568 4811 de
1603 4759 1683 4812 eis

35 4850 167 4923 qui
192 4851 357 4919 juste
386 4850 598 4915 vivunt,
635 4849 781 4920 quod
809 4850 988 4920 respui
1018 4850 1190 4919 possit
1217 4867 1228 4902 :

133 4940 323 4996 Sume
354 4951 402 4996 et
459 4958 637 4995 ramos
666 4942 795 5012 ligni
839 4942 1122 4995 densarum
1163 4942 1449 5010 frondium.
1481 4940 1684 4996 Omnes

35 5032 313 5106 quidem
364 5033 629 5087 virtutum
670 5033 902 5097 fructus,
946 5033 1183 5087 maxime
1234 5042 1417 5089 autem
1470 5034 1685 5088 miseri-

35 5125 372 5183 cordiam:
430 5134 648 5195 oportet
697 5126 845 5180 enim
898 5139 1018 5178 eam
1075 5138 1198 5179 esse
1253 5126 1593 5188 continuam,
1627 5136 1680 5180 tt

36 5224 530 5273 nes-manentem.
601 5214 757 5281 Quod
847 5214 1207 5269 Ecclesiastes
1263 5216 1676 5270 commendans.

35 5308 296 5370 Qteum,
358 5304 555 5374 inquit,
620 5306 683 5357 de
712 5305 884 5373 capite
934 5314 1024 5357 tuo
1054 5320 1158 5357 non
1187 5304 1401 5373 deﬁciat
1425 5304 1491 5359 ⁸⁸.
1524 5306 1591 5360 Et
1624 5306 1675 5358 in

36 5395 442 5451 r’rnverbiis:
479 5395 599 5449 Non
616 5398 801 5450 dicas:
833 5395 967 5449 Vade
1001 5406 1050 5448 et
1092 5406 1348 5450 revertere
1371 5406 1415 5448 et
1449 5400 1679 5450 crastino

35 5490 213 5546 laba
242 5488 371 5549 tibi.
406 5504 524 5541 cum
548 5489 728 5542 statim
756 5487 925 5556 pessis
946 5488 1077 5541 dare
1092 5486 1159 5541 δ’.

177 5644 228 5673 ’³⁷
272 5643 420 5701 Psal.
458 5662 496 5709 ι,
530 5644 582 5696 5.
697 5644 741 5674 "
772 5644 940 5698 Exod.
966 5660 1099 5699 xxm
1123 5686 1137 5706 ,

35 5720 151 5776 ζεῖ.
248 5714 296 5744 ⁸³
327 5718 484 5769 Laut.
512 5732 572 5778 tt,
612 5716 665 5769 '5.
741 5714 858 5745 “'3‘
892 5714 1059 5777 lCor,
1086 5731 1197 5775 xiv,
1222 5714 1309 5768 tt).
1390 5717 1434 5743 κε
1474 5715 1575 5768 Isa.
1613 5733 1661 5773 ι.

1818 5719 1861 5747 ⁸7
1897 5718 2038 5770 Psal.
2076 5734 2183 5779 XCI,
2226 5719 2308 5771 t5.

43 5794 75 5822 ο
124 5785 280 5839 lsai.
325 5801 429 5848 u't,
456 5788 509 5852 4,
534 5790 586 5839 b.
662 5787 704 5817 ⁹¹
732 5784 822 5837 Ps.
856 5800 1073 5844 cxxxvt,
1111 5785 1236 5844 1.2.
1314 5787 1359 5817 ν’
1390 5786 1512 5839 lsai.
1548 5803 1679 5849 μμ

1832 5788 1881 5819 ⁸³
1914 5791 1931 5841 l
1964 5793 2090 5843 Lor.
2126 5806 2217 5852 vn,
2245 5789 2297 5841 5.

41 5864 72 5892 ’⁵
120 5859 242 5912 i‘s.
276 5873 391 5922 εις,
423 5857 476 5909 7.
554 5856 597 5886 "
624 5855 727 5909 lsa.
758 5872 883 5919 Lvtt,
908 5855 999 5909 '21.
1078 5856 1171 5908 “"l
1214 5857 1356 5909 Pctr.
1394 5873 1428 5920 ι,
1463 5858 1515 5910 6.

384 5960 654 6011 ιἰτιιοι.
696 5956 811 6009 (ιιι.
853 5951 1061 6012 XCUI.

2596 5986 2597 5993 η
2983 5952 3056 6012 35

2530 5649 2577 5680 ⁸¹
2612 5651 2625 5702 l
2656 5649 2788 5718 ticg.
2826 5667 2912 5713 xv,
2942 5652 2993 5703 8.
3066 5649 3111 5681 ⁸²
3142 5647 3283 5704 Jocl.
3318 5669 3377 5712 ιι,

2386 5719 2431 5749 ⁸³
2457 5720 2602 5774 Eccl.
2648 5737 2722 5775 ιι.
2753 5723 2807 5775 8.
2909 5723 2953 5753 ⁸ο
2990 5720 3147 5777 Prom
3179 5737 3259 5783 ιιι,
3289 5723 3379 5774 '28.

2374 5790 2418 5821 “
2451 5790 2465 5842 Ι
2501 5791 2641 5845 Ἰὶιιι.
2681 5808 2738 5854 ιι,
2768 5792 2819 5846 9.
2899 5794 2943 5824 "
2967 5791 3134 5847 Hebr.
3174 5806 3293 5857 xnt,
3324 5792 3380 5849 ι.
