  <div class='ocr_page' id='page_1' title='image "/cluster/home/n/w/nwhite01/storage/ocr_20150623/93/nnc1.0046980059/537.png"; bbox 0 0 4158 6450; ppageno 0'>
   <div class='ocr_carea' id='block_1_1' title="bbox 765 311 4093 388">
    <p class='ocr_par' dir='ltr' id='par_1_1' title="bbox 765 311 4093 388">
     <span class='ocr_line' id='line_1_1' title="bbox 765 311 4093 388; baseline -0.008 0"><span class='ocrx_word' id='word_1_1' title='bbox 765 322 899 388; x_wconf 76' lang='lat'><strong>1099</strong></span> <span class='ocrx_word' id='word_1_2' title='bbox 1965 315 2331 374; x_wconf 76' lang='lat' dir='ltr'><strong>HESYCHII</strong></span> <span class='ocrx_word' id='word_1_3' title='bbox 2377 313 2856 374; x_wconf 80' lang='lat' dir='ltr'><strong>PRESBYTERI</strong></span> <span class='ocrx_word' id='word_1_4' title='bbox 4011 311 4093 368; x_wconf 67' lang='lat'><strong>11&quot;:</strong></span> 
     </span>
    </p>
   </div>
   <div class='ocr_carea' id='block_1_2' title="bbox 765 423 4084 501">
    <p class='ocr_par' dir='ltr' id='par_1_2' title="bbox 765 423 4084 501">
     <span class='ocr_line' id='line_1_2' title="bbox 765 423 4084 501; baseline -0.005 -8"><span class='ocrx_word' id='word_1_5' title='bbox 765 445 828 494; x_wconf 82' lang='lat' dir='ltr'><strong>tis</strong></span> <span class='ocrx_word' id='word_1_6' title='bbox 853 439 909 490; x_wconf 84' lang='lat' dir='ltr'><strong>in</strong></span> <span class='ocrx_word' id='word_1_7' title='bbox 944 435 1265 490; x_wconf 81' lang='lat' dir='ltr'><strong>umbraculis</strong></span> <span class='ocrx_word' id='word_1_8' title='bbox 1294 445 1477 487; x_wconf 75' lang='lat' dir='ltr'><strong>uestris</strong></span> <span class='ocrx_word' id='word_1_9' title='bbox 1499 441 1695 501; x_wconf 83' lang='lat' dir='ltr'><strong>septem</strong></span> <span class='ocrx_word' id='word_1_10' title='bbox 1721 431 1917 484; x_wconf 87' lang='lat' dir='ltr'><strong>diebus.</strong></span> <span class='ocrx_word' id='word_1_11' title='bbox 1951 430 2023 485; x_wconf 82' lang='lat' dir='ltr'><strong>Ut</strong></span> <span class='ocrx_word' id='word_1_12' title='bbox 2055 441 2168 486; x_wconf 89' lang='lat' dir='ltr'><strong>toto</strong></span> <span class='ocrx_word' id='word_1_13' title='bbox 2208 447 2350 501; x_wconf 71' lang='lat' dir='ltr'><strong>prae-</strong></span> <span class='ocrx_word' id='word_1_14' title='bbox 2377 434 2426 492; x_wconf 77' lang='grc' dir='ltr'><strong>Α</strong></span> <span class='ocrx_word' id='word_1_15' title='bbox 2457 433 2639 486; x_wconf 89' lang='lat' dir='ltr'><strong>omnis</strong></span> <span class='ocrx_word' id='word_1_16' title='bbox 2696 432 2787 501; x_wconf 86' lang='lat' dir='ltr'><strong>qui</strong></span> <span class='ocrx_word' id='word_1_17' title='bbox 2843 447 2908 485; x_wconf 81' lang='lat' dir='ltr'><strong>ex</strong></span> <span class='ocrx_word' id='word_1_18' title='bbox 2961 444 3162 501; x_wconf 89' lang='lat' dir='ltr'><strong>genere</strong></span> <span class='ocrx_word' id='word_1_19' title='bbox 3224 427 3398 483; x_wconf 89' lang='lat' dir='ltr'><strong>Israel</strong></span> <span class='ocrx_word' id='word_1_20' title='bbox 3457 437 3581 491; x_wconf 79' lang='lat' dir='ltr'><strong>est,</strong></span> <span class='ocrx_word' id='word_1_21' title='bbox 3652 423 3805 478; x_wconf 79' lang='lat' dir='ltr'><strong>sive</strong></span> <span class='ocrx_word' id='word_1_22' title='bbox 3847 426 4084 476; x_wconf 65' lang='lat' dir='ltr'><strong>setosi:-</strong></span> 
     </span>
    </p>
   </div>
   <div class='ocr_carea' id='block_1_3' title="bbox 775 513 4082 597">
    <p class='ocr_par' dir='ltr' id='par_1_3' title="bbox 775 513 4082 597">
     <span class='ocr_line' id='line_1_3' title="bbox 775 513 4082 597; baseline -0.006 -11"><span class='ocrx_word' id='word_1_23' title='bbox 775 531 922 586; x_wconf 88' lang='lat' dir='ltr'><strong>senti</strong></span> <span class='ocrx_word' id='word_1_24' title='bbox 955 530 1172 592; x_wconf 63' lang='lat' dir='ltr'><strong>saculo,</strong></span> <span class='ocrx_word' id='word_1_25' title='bbox 1202 525 1661 597; x_wconf 72' lang='lat' dir='ltr'><strong>quemadmodum</strong></span> <span class='ocrx_word' id='word_1_26' title='bbox 1714 524 2071 578; x_wconf 89' lang='lat' dir='ltr'><strong>tabernaculo</strong></span> <span class='ocrx_word' id='word_1_27' title='bbox 2102 535 2344 588; x_wconf 86' lang='lat' dir='ltr'><strong>utamur,</strong></span> <span class='ocrx_word' id='word_1_28' title='bbox 2455 522 2621 577; x_wconf 71' lang='lat' dir='ltr'><strong>LXX.</strong></span> <span class='ocrx_word' id='word_1_29' title='bbox 2671 525 2943 591; x_wconf 78' lang='lat' dir='ltr'><strong>indigena,</strong></span> <span class='ocrx_word' id='word_1_30' title='bbox 2979 523 3029 577; x_wconf 87' lang='lat' dir='ltr'><strong>id</strong></span> <span class='ocrx_word' id='word_1_31' title='bbox 3066 531 3150 576; x_wconf 90' lang='lat' dir='ltr'><strong>est</strong></span> <span class='ocrx_word' id='word_1_32' title='bbox 3187 536 3316 575; x_wconf 91' lang='lat' dir='ltr'><strong>vere</strong></span> <span class='ocrx_word' id='word_1_33' title='bbox 3367 519 3628 582; x_wconf 80' lang='lat' dir='ltr'><strong>nobilis,</strong></span> <span class='ocrx_word' id='word_1_34' title='bbox 3685 530 3882 570; x_wconf 81' lang='lat' dir='ltr'><strong>verus</strong></span> <span class='ocrx_word' id='word_1_35' title='bbox 3911 513 4032 567; x_wconf 66' lang='lat' dir='ltr'><strong>Israr:</strong></span> <span class='ocrx_word' id='word_1_36' title='bbox 4065 535 4082 566; x_wconf 60' lang='grc' dir='ltr'><strong>ι</strong></span> 
     </span>
    </p>
   </div>
   <div class='ocr_carea' id='block_1_4' title="bbox 765 610 4078 687">
    <p class='ocr_par' dir='ltr' id='par_1_4' title="bbox 765 610 4078 687">
     <span class='ocr_line' id='line_1_4' title="bbox 765 610 4078 687; baseline -0.006 -8"><span class='ocrx_word' id='word_1_37' title='bbox 765 624 845 679; x_wconf 88' lang='lat' dir='ltr'><strong>sic</strong></span> <span class='ocrx_word' id='word_1_38' title='bbox 873 624 1016 677; x_wconf 90' lang='lat' dir='ltr'><strong>enim</strong></span> <span class='ocrx_word' id='word_1_39' title='bbox 1049 637 1174 676; x_wconf 90' lang='lat' dir='ltr'><strong>eum</strong></span> <span class='ocrx_word' id='word_1_40' title='bbox 1208 620 1468 676; x_wconf 80' lang='lat' dir='ltr'><strong>Ezechias</strong></span> <span class='ocrx_word' id='word_1_41' title='bbox 1510 617 1830 687; x_wconf 83' lang='lat' dir='ltr'><strong>appellavit,</strong></span> <span class='ocrx_word' id='word_1_42' title='bbox 1866 617 2098 672; x_wconf 88' lang='lat' dir='ltr'><strong>dicens:</strong></span> <span class='ocrx_word' id='word_1_43' title='bbox 2143 616 2347 682; x_wconf 73' lang='lat' dir='ltr'><strong>Quin-it</strong></span> <span class='ocrx_word' id='word_1_44' title='bbox 2455 616 2693 671; x_wconf 76' lang='lat' dir='ltr'><strong>Abraha:</strong></span> <span class='ocrx_word' id='word_1_45' title='bbox 2745 617 2944 680; x_wconf 59' lang='lat' dir='ltr'><strong>heres,</strong></span> <span class='ocrx_word' id='word_1_46' title='bbox 2995 617 3087 685; x_wconf 91' lang='lat' dir='ltr'><strong>qui</strong></span> <span class='ocrx_word' id='word_1_47' title='bbox 3142 616 3379 685; x_wconf 90' lang='lat' dir='ltr'><strong>patriam</strong></span> <span class='ocrx_word' id='word_1_48' title='bbox 3434 623 3498 668; x_wconf 90' lang='lat' dir='ltr'><strong>et</strong></span> <span class='ocrx_word' id='word_1_49' title='bbox 3542 625 3795 683; x_wconf 74' lang='lat' dir='ltr'><strong>genus,</strong></span> <span class='ocrx_word' id='word_1_50' title='bbox 3847 617 3903 661; x_wconf 87' lang='lat' dir='ltr'><strong>et</strong></span> <span class='ocrx_word' id='word_1_51' title='bbox 3945 610 4078 661; x_wconf 55' lang='lat' dir='ltr'><strong>der-</strong></span> 
     </span>
    </p>
   </div>
   <div class='ocr_carea' id='block_1_5' title="bbox 767 707 2350 782">
    <p class='ocr_par' dir='ltr' id='par_1_5' title="bbox 767 707 2350 782">
     <span class='ocr_line' id='line_1_5' title="bbox 767 707 2350 782; baseline -0.004 -16"><span class='ocrx_word' id='word_1_52' title='bbox 767 713 1034 782; x_wconf 81' lang='lat' dir='ltr'><strong>generatio</strong></span> <span class='ocrx_word' id='word_1_53' title='bbox 1070 728 1208 772; x_wconf 84' lang='lat' dir='ltr'><strong>mea,</strong></span> <span class='ocrx_word' id='word_1_54' title='bbox 1259 710 1446 763; x_wconf 87' lang='lat' dir='ltr'><strong>ablata</strong></span> <span class='ocrx_word' id='word_1_55' title='bbox 1504 718 1552 761; x_wconf 88' lang='lat' dir='ltr'><strong>et</strong></span> <span class='ocrx_word' id='word_1_56' title='bbox 1607 707 1882 760; x_wconf 75' lang='lat' dir='ltr'><strong>convoluta</strong></span> <span class='ocrx_word' id='word_1_57' title='bbox 1908 715 1982 759; x_wconf 88' lang='lat' dir='ltr'><strong>est</strong></span> <span class='ocrx_word' id='word_1_58' title='bbox 2007 724 2038 758; x_wconf 92' lang='lat' dir='ltr'><strong>a</strong></span> <span class='ocrx_word' id='word_1_59' title='bbox 2070 724 2172 770; x_wconf 87' lang='lat' dir='ltr'><strong>me,</strong></span> <span class='ocrx_word' id='word_1_60' title='bbox 2195 707 2350 776; x_wconf 89' lang='lat' dir='ltr'><strong>quasi</strong></span> 
     </span>
    </p>
   </div>
   <div class='ocr_carea' id='block_1_6' title="bbox 765 799 2349 873">
    <p class='ocr_par' dir='ltr' id='par_1_6' title="bbox 765 799 2349 873">
     <span class='ocr_line' id='line_1_6' title="bbox 765 799 2349 873; baseline -0.006 -11"><span class='ocrx_word' id='word_1_61' title='bbox 765 801 1165 862; x_wconf 80' lang='lat' dir='ltr'><strong>tabernaculum</strong></span> <span class='ocrx_word' id='word_1_62' title='bbox 1195 803 1546 873; x_wconf 81' lang='lat' dir='ltr'><strong>pastorum”.</strong></span> <span class='ocrx_word' id='word_1_63' title='bbox 1601 800 1722 853; x_wconf 82' lang='lat' dir='ltr'><strong>Non</strong></span> <span class='ocrx_word' id='word_1_64' title='bbox 1756 815 1885 870; x_wconf 82' lang='lat' dir='ltr'><strong>ergo</strong></span> <span class='ocrx_word' id='word_1_65' title='bbox 1932 800 2222 852; x_wconf 85' lang='lat' dir='ltr'><strong>transitum</strong></span> <span class='ocrx_word' id='word_1_66' title='bbox 2262 799 2349 853; x_wconf 89' lang='lat' dir='ltr'><strong>vel</strong></span> 
     </span>
    </p>
   </div>
   <div class='ocr_carea' id='block_1_7' title="bbox 765 892 2347 966">
    <p class='ocr_par' dir='ltr' id='par_1_7' title="bbox 765 892 2347 966">
     <span class='ocr_line' id='line_1_7' title="bbox 765 892 2347 966; baseline -0.007 -10"><span class='ocrx_word' id='word_1_67' title='bbox 765 903 1056 956; x_wconf 85' lang='lat' dir='ltr'><strong>decursum</strong></span> <span class='ocrx_word' id='word_1_68' title='bbox 1111 898 1230 966; x_wconf 83' lang='lat' dir='ltr'><strong>ejus</strong></span> <span class='ocrx_word' id='word_1_69' title='bbox 1263 897 1606 966; x_wconf 73' lang='lat' dir='ltr'><strong>ignoramus,</strong></span> <span class='ocrx_word' id='word_1_70' title='bbox 1663 892 1884 946; x_wconf 76' lang='lat' dir='ltr'><strong>divitias</strong></span> <span class='ocrx_word' id='word_1_71' title='bbox 1931 899 2347 962; x_wconf 71' lang='lat' dir='ltr'><strong>congregantes,</strong></span> 
     </span>
    </p>
   </div>
   <div class='ocr_carea' id='block_1_8' title="bbox 759 985 2352 1061">
    <p class='ocr_par' dir='ltr' id='par_1_8' title="bbox 759 985 2352 1061">
     <span class='ocr_line' id='line_1_8' title="bbox 759 985 2352 1061; baseline -0.006 -13"><span class='ocrx_word' id='word_1_72' title='bbox 759 997 854 1050; x_wconf 77' lang='lat' dir='ltr'><strong>vel</strong></span> <span class='ocrx_word' id='word_1_73' title='bbox 900 993 1091 1049; x_wconf 90' lang='lat' dir='ltr'><strong>domos</strong></span> <span class='ocrx_word' id='word_1_74' title='bbox 1143 1004 1366 1061; x_wconf 85' lang='lat' dir='ltr'><strong>magnas</strong></span> <span class='ocrx_word' id='word_1_75' title='bbox 1424 987 1802 1042; x_wconf 75' lang='lat' dir='ltr'><strong>aediﬁcantes:</strong></span> <span class='ocrx_word' id='word_1_76' title='bbox 1864 985 1959 1039; x_wconf 88' lang='lat' dir='ltr'><strong>sed</strong></span> <span class='ocrx_word' id='word_1_77' title='bbox 1995 985 2352 1054; x_wconf 87' lang='lat' dir='ltr'><strong>quemadmo-</strong></span> 
     </span>
    </p>
   </div>
   <div class='ocr_carea' id='block_1_9' title="bbox 766 1079 2352 1150">
    <p class='ocr_par' dir='ltr' id='par_1_9' title="bbox 766 1079 2352 1150">
     <span class='ocr_line' id='line_1_9' title="bbox 766 1079 2352 1150; baseline -0.008 -5"><span class='ocrx_word' id='word_1_78' title='bbox 766 1090 895 1145; x_wconf 86' lang='lat' dir='ltr'><strong>dum</strong></span> <span class='ocrx_word' id='word_1_79' title='bbox 945 1086 1146 1141; x_wconf 78' lang='lat' dir='ltr'><strong>Paulus</strong></span> <span class='ocrx_word' id='word_1_80' title='bbox 1195 1085 1311 1137; x_wconf 93' lang='lat' dir='ltr'><strong>ait:</strong></span> <span class='ocrx_word' id='word_1_81' title='bbox 1355 1082 1720 1143; x_wconf 81' lang='lat' dir='ltr'><strong>Intendamus,</strong></span> <span class='ocrx_word' id='word_1_82' title='bbox 1770 1081 1894 1150; x_wconf 83' lang='lat' dir='ltr'><strong>quia</strong></span> <span class='ocrx_word' id='word_1_83' title='bbox 1945 1089 2149 1146; x_wconf 84' lang='lat' dir='ltr'><strong>tempus</strong></span> <span class='ocrx_word' id='word_1_84' title='bbox 2202 1079 2352 1133; x_wconf 79' lang='lat' dir='ltr'><strong>breve</strong></span> 
     </span>
    </p>
   </div>
   <div class='ocr_carea' id='block_1_10' title="bbox 765 1171 2352 1244">
    <p class='ocr_par' dir='ltr' id='par_1_10' title="bbox 765 1171 2352 1244">
     <span class='ocr_line' id='line_1_10' title="bbox 765 1171 2352 1244; baseline -0.007 -9"><span class='ocrx_word' id='word_1_85' title='bbox 765 1191 860 1244; x_wconf 88' lang='lat' dir='ltr'><strong>est,</strong></span> <span class='ocrx_word' id='word_1_86' title='bbox 919 1190 974 1233; x_wconf 81' lang='lat' dir='ltr'><strong>ut</strong></span> <span class='ocrx_word' id='word_1_87' title='bbox 1026 1187 1250 1232; x_wconf 87' lang='lat' dir='ltr'><strong>ementes</strong></span> <span class='ocrx_word' id='word_1_88' title='bbox 1290 1177 1424 1229; x_wconf 89' lang='lat' dir='ltr'><strong>sicut</strong></span> <span class='ocrx_word' id='word_1_89' title='bbox 1457 1192 1560 1228; x_wconf 86' lang='lat' dir='ltr'><strong>non</strong></span> <span class='ocrx_word' id='word_1_90' title='bbox 1610 1183 1837 1228; x_wconf 87' lang='lat' dir='ltr'><strong>ementes</strong></span> <span class='ocrx_word' id='word_1_91' title='bbox 1879 1173 2066 1232; x_wconf 90' lang='lat' dir='ltr'><strong>simus,</strong></span> <span class='ocrx_word' id='word_1_92' title='bbox 2107 1180 2155 1222; x_wconf 90' lang='lat' dir='ltr'><strong>et</strong></span> <span class='ocrx_word' id='word_1_93' title='bbox 2185 1171 2352 1238; x_wconf 85' lang='lat' dir='ltr'><strong>possi-</strong></span> 
     </span>
    </p>
   </div>
   <div class='ocr_carea' id='block_1_11' title="bbox 767 1265 2352 1340">
    <p class='ocr_par' dir='ltr' id='par_1_11' title="bbox 767 1265 2352 1340">
     <span class='ocr_line' id='line_1_11' title="bbox 767 1265 2352 1340; baseline -0.008 -12"><span class='ocrx_word' id='word_1_94' title='bbox 767 1277 967 1336; x_wconf 78' lang='lat' dir='ltr'><strong>dentes,</strong></span> <span class='ocrx_word' id='word_1_95' title='bbox 1004 1282 1257 1340; x_wconf 86' lang='lat' dir='ltr'><strong>tanquam</strong></span> <span class='ocrx_word' id='word_1_96' title='bbox 1300 1286 1403 1322; x_wconf 86' lang='lat' dir='ltr'><strong>non</strong></span> <span class='ocrx_word' id='word_1_97' title='bbox 1441 1269 1784 1336; x_wconf 83' lang='lat' dir='ltr'><strong>possidentes,</strong></span> <span class='ocrx_word' id='word_1_98' title='bbox 1814 1275 1862 1319; x_wconf 91' lang='lat' dir='ltr'><strong>et</strong></span> <span class='ocrx_word' id='word_1_99' title='bbox 1897 1274 2100 1318; x_wconf 80' lang='lat' dir='ltr'><strong>utentes</strong></span> <span class='ocrx_word' id='word_1_100' title='bbox 2158 1265 2352 1317; x_wconf 87' lang='lat' dir='ltr'><strong>mundo</strong></span> 
     </span>
    </p>
   </div>
   <div class='ocr_carea' id='block_1_12' title="bbox 767 1357 2355 1430">
    <p class='ocr_par' dir='ltr' id='par_1_12' title="bbox 767 1357 2355 1430">
     <span class='ocr_line' id='line_1_12' title="bbox 767 1357 2355 1430; baseline -0.006 -10"><span class='ocrx_word' id='word_1_101' title='bbox 767 1369 882 1430; x_wconf 69' lang='lat' dir='ltr'><strong>hoc,</strong></span> <span class='ocrx_word' id='word_1_102' title='bbox 929 1375 986 1418; x_wconf 86' lang='lat' dir='ltr'><strong>ut</strong></span> <span class='ocrx_word' id='word_1_103' title='bbox 1017 1381 1120 1418; x_wconf 86' lang='lat' dir='ltr'><strong>non</strong></span> <span class='ocrx_word' id='word_1_104' title='bbox 1168 1373 1390 1416; x_wconf 70' lang='lat' dir='ltr'><strong>utentes.</strong></span> <span class='ocrx_word' id='word_1_105' title='bbox 1428 1360 1675 1415; x_wconf 73' lang='lat' dir='ltr'><strong>Prcterit</strong></span> <span class='ocrx_word' id='word_1_106' title='bbox 1725 1360 1865 1413; x_wconf 87' lang='lat' dir='ltr'><strong>enim</strong></span> <span class='ocrx_word' id='word_1_107' title='bbox 1931 1358 2102 1428; x_wconf 78' lang='lat' dir='ltr'><strong>ﬁgura</strong></span> <span class='ocrx_word' id='word_1_108' title='bbox 2169 1357 2355 1410; x_wconf 85' lang='lat' dir='ltr'><strong>mundi</strong></span> 
     </span>
    </p>
   </div>
   <div class='ocr_carea' id='block_1_13' title="bbox 770 1460 986 1524">
    <p class='ocr_par' dir='ltr' id='par_1_13' title="bbox 770 1460 986 1524">
     <span class='ocr_line' id='line_1_13' title="bbox 770 1460 986 1524; baseline -0.014 -9"><span class='ocrx_word' id='word_1_109' title='bbox 770 1461 927 1524; x_wconf 78' lang='lat' dir='ltr'><strong>huius</strong></span> <span class='ocrx_word' id='word_1_110' title='bbox 946 1460 986 1512; x_wconf 84' lang='grc'><strong>¹.</strong></span> 
     </span>
    </p>
   </div>
   <div class='ocr_carea' id='block_1_14' title="bbox 838 1544 2353 1620">
    <p class='ocr_par' dir='ltr' id='par_1_14' title="bbox 838 1544 2353 1620">
     <span class='ocr_line' id='line_1_14' title="bbox 838 1544 2353 1620; baseline -0.009 -12"><span class='ocrx_word' id='word_1_111' title='bbox 838 1553 1017 1608; x_wconf 83' lang='lat' dir='ltr'><strong>Omnis</strong></span> <span class='ocrx_word' id='word_1_112' title='bbox 1042 1551 1130 1620; x_wconf 88' lang='lat' dir='ltr'><strong>qui</strong></span> <span class='ocrx_word' id='word_1_113' title='bbox 1169 1566 1233 1603; x_wconf 68' lang='lat' dir='ltr'><strong><em>ex</em></strong></span> <span class='ocrx_word' id='word_1_114' title='bbox 1269 1564 1453 1620; x_wconf 82' lang='lat' dir='ltr'><strong>genere</strong></span> <span class='ocrx_word' id='word_1_115' title='bbox 1487 1555 1562 1600; x_wconf 88' lang='lat' dir='ltr'><strong>est</strong></span> <span class='ocrx_word' id='word_1_116' title='bbox 1590 1544 1786 1611; x_wconf 84' lang='lat' dir='ltr'><strong>Israel,</strong></span> <span class='ocrx_word' id='word_1_117' title='bbox 1824 1546 2054 1599; x_wconf 86' lang='lat' dir='ltr'><strong>manebit</strong></span> <span class='ocrx_word' id='word_1_118' title='bbox 2089 1547 2142 1598; x_wconf 86' lang='lat' dir='ltr'><strong>in</strong></span> <span class='ocrx_word' id='word_1_119' title='bbox 2175 1546 2353 1596; x_wconf 89' lang='lat' dir='ltr'><strong>taber-</strong></span> 
     </span>
    </p>
   </div>
   <div class='ocr_carea' id='block_1_15' title="bbox 769 1634 2358 1706">
    <p class='ocr_par' dir='ltr' id='par_1_15' title="bbox 769 1634 2358 1706">
     <span class='ocr_line' id='line_1_15' title="bbox 769 1634 2358 1706; baseline -0.007 -10"><span class='ocrx_word' id='word_1_120' title='bbox 769 1645 993 1704; x_wconf 80' lang='lat' dir='ltr'><strong>naculis,</strong></span> <span class='ocrx_word' id='word_1_121' title='bbox 1025 1652 1077 1694; x_wconf 90' lang='lat' dir='ltr'><strong>ut</strong></span> <span class='ocrx_word' id='word_1_122' title='bbox 1107 1642 1308 1694; x_wconf 83' lang='lat' dir='ltr'><strong>discant</strong></span> <span class='ocrx_word' id='word_1_123' title='bbox 1343 1637 1533 1706; x_wconf 78' lang='lat' dir='ltr'><strong>posteri</strong></span> <span class='ocrx_word' id='word_1_124' title='bbox 1569 1636 1748 1699; x_wconf 77' lang='lat' dir='ltr'><strong>vestri,</strong></span> <span class='ocrx_word' id='word_1_125' title='bbox 1785 1635 1999 1704; x_wconf 83' lang='lat' dir='ltr'><strong>quodin</strong></span> <span class='ocrx_word' id='word_1_126' title='bbox 2037 1634 2358 1687; x_wconf 83' lang='lat' dir='ltr'><strong>tabernacu-</strong></span> 
     </span>
    </p>
   </div>
   <div class='ocr_carea' id='block_1_16' title="bbox 767 1725 2354 1801">
    <p class='ocr_par' dir='ltr' id='par_1_16' title="bbox 767 1725 2354 1801">
     <span class='ocr_line' id='line_1_16' title="bbox 767 1725 2354 1801; baseline -0.006 -14"><span class='ocrx_word' id='word_1_127' title='bbox 767 1734 836 1787; x_wconf 86' lang='lat' dir='ltr'><strong>lis</strong></span> <span class='ocrx_word' id='word_1_128' title='bbox 861 1734 1097 1786; x_wconf 81' lang='lat' dir='ltr'><strong>habitare</strong></span> <span class='ocrx_word' id='word_1_129' title='bbox 1124 1731 1334 1801; x_wconf 83' lang='lat' dir='ltr'><strong>fecerim</strong></span> <span class='ocrx_word' id='word_1_130' title='bbox 1386 1728 1522 1795; x_wconf 80' lang='lat' dir='ltr'><strong>ﬁlios</strong></span> <span class='ocrx_word' id='word_1_131' title='bbox 1552 1725 1742 1791; x_wconf 84' lang='lat' dir='ltr'><strong>Israel,</strong></span> <span class='ocrx_word' id='word_1_132' title='bbox 1793 1742 1911 1778; x_wconf 93' lang='lat' dir='ltr'><strong>cum</strong></span> <span class='ocrx_word' id='word_1_133' title='bbox 1951 1727 2227 1779; x_wconf 78' lang='lat' dir='ltr'><strong>eduxerim</strong></span> <span class='ocrx_word' id='word_1_134' title='bbox 2269 1741 2354 1777; x_wconf 88' lang='lat' dir='ltr'><strong>eos</strong></span> 
     </span>
    </p>
   </div>
   <div class='ocr_carea' id='block_1_17' title="bbox 2457 700 4056 777">
    <p class='ocr_par' dir='ltr' id='par_1_17' title="bbox 2457 700 4056 777">
     <span class='ocr_line' id='line_1_17' title="bbox 2457 700 4056 777; baseline -0.005 -17"><span class='ocrx_word' id='word_1_135' title='bbox 2457 717 2721 777; x_wconf 89' lang='lat' dir='ltr'><strong>paternas</strong></span> <span class='ocrx_word' id='word_1_136' title='bbox 2777 708 3018 776; x_wconf 77' lang='lat' dir='ltr'><strong>reliquit,</strong></span> <span class='ocrx_word' id='word_1_137' title='bbox 3074 717 3129 760; x_wconf 94' lang='lat' dir='ltr'><strong>et</strong></span> <span class='ocrx_word' id='word_1_138' title='bbox 3181 708 3237 760; x_wconf 89' lang='lat' dir='ltr'><strong>in</strong></span> <span class='ocrx_word' id='word_1_139' title='bbox 3276 704 3698 760; x_wconf 81' lang='lat' dir='ltr'><strong>tabernaculis</strong></span> <span class='ocrx_word' id='word_1_140' title='bbox 3737 700 4056 761; x_wconf 61' lang='lat' dir='ltr'><strong>comissat-</strong></span> 
     </span>
    </p>
   </div>
   <div class='ocr_carea' id='block_1_18' title="bbox 2457 797 4076 873">
    <p class='ocr_par' dir='ltr' id='par_1_18' title="bbox 2457 797 4076 873">
     <span class='ocr_line' id='line_1_18' title="bbox 2457 797 4076 873; baseline -0.006 -14"><span class='ocrx_word' id='word_1_141' title='bbox 2457 805 2650 870; x_wconf 82' lang='lat' dir='ltr'><strong>Jacob,</strong></span> <span class='ocrx_word' id='word_1_142' title='bbox 2728 804 3114 859; x_wconf 56' lang='lat' dir='ltr'><strong>coheredibus</strong></span> <span class='ocrx_word' id='word_1_143' title='bbox 3182 803 3598 873; x_wconf 88' lang='lat' dir='ltr'><strong>promissionis</strong></span> <span class='ocrx_word' id='word_1_144' title='bbox 3683 800 3947 854; x_wconf 73' lang='lat' dir='ltr'><strong>habitat.</strong></span> <span class='ocrx_word' id='word_1_145' title='bbox 3999 797 4076 861; x_wconf 56' lang='lat' dir='ltr'><strong>s3..-</strong></span> 
     </span>
    </p>
   </div>
   <div class='ocr_carea' id='block_1_19' title="bbox 2457 893 4073 968">
    <p class='ocr_par' dir='ltr' id='par_1_19' title="bbox 2457 893 4073 968">
     <span class='ocr_line' id='line_1_19' title="bbox 2457 893 4073 968; baseline -0.007 -16"><span class='ocrx_word' id='word_1_146' title='bbox 2457 909 2642 952; x_wconf 91' lang='lat' dir='ltr'><strong>autem</strong></span> <span class='ocrx_word' id='word_1_147' title='bbox 2695 915 2806 953; x_wconf 93' lang='lat' dir='ltr'><strong>non</strong></span> <span class='ocrx_word' id='word_1_148' title='bbox 2845 910 3059 968; x_wconf 82' lang='lat' dir='ltr'><strong>septem</strong></span> <span class='ocrx_word' id='word_1_149' title='bbox 3105 908 3321 951; x_wconf 90' lang='lat' dir='ltr'><strong>tantum</strong></span> <span class='ocrx_word' id='word_1_150' title='bbox 3371 897 3588 950; x_wconf 91' lang='lat' dir='ltr'><strong>diebus</strong></span> <span class='ocrx_word' id='word_1_151' title='bbox 3655 893 3938 947; x_wconf 76' lang='lat' dir='ltr'><strong>habitare</strong></span> <span class='ocrx_word' id='word_1_152' title='bbox 3968 893 4008 941; x_wconf 67' lang='lat' dir='ltr'><strong>is</strong></span> <span class='ocrx_word' id='word_1_153' title='bbox 4031 905 4073 941; x_wconf 51' lang='grc' dir='ltr'><strong>ι-</strong></span> 
     </span>
    </p>
   </div>
   <div class='ocr_carea' id='block_1_20' title="bbox 2456 982 4068 1057">
    <p class='ocr_par' dir='ltr' id='par_1_20' title="bbox 2456 982 4068 1057">
     <span class='ocr_line' id='line_1_20' title="bbox 2456 982 4068 1057; baseline -0.009 -10"><span class='ocrx_word' id='word_1_154' title='bbox 2456 991 2777 1046; x_wconf 88' lang='lat' dir='ltr'><strong>bernaculis</strong></span> <span class='ocrx_word' id='word_1_155' title='bbox 2830 1007 3023 1046; x_wconf 86' lang='lat' dir='ltr'><strong>verum</strong></span> <span class='ocrx_word' id='word_1_156' title='bbox 3078 990 3392 1045; x_wconf 85' lang='lat' dir='ltr'><strong>Israelitam</strong></span> <span class='ocrx_word' id='word_1_157' title='bbox 3452 987 3802 1057; x_wconf 84' lang='lat' dir='ltr'><strong>legislator</strong></span> <span class='ocrx_word' id='word_1_158' title='bbox 3845 982 3974 1036; x_wconf 66' lang='lat' dir='ltr'><strong>vult.</strong></span> <span class='ocrx_word' id='word_1_159' title='bbox 4017 999 4068 1034; x_wconf 51' lang='grc' dir='ltr'><strong>ξέ-</strong></span> 
     </span>
    </p>
   </div>
   <div class='ocr_carea' id='block_1_21' title="bbox 2456 1076 4034 1154">
    <p class='ocr_par' dir='ltr' id='par_1_21' title="bbox 2456 1076 4034 1154">
     <span class='ocr_line' id='line_1_21' title="bbox 2456 1076 4034 1154; baseline -0.008 -16"><span class='ocrx_word' id='word_1_160' title='bbox 2456 1101 2554 1154; x_wconf 87' lang='lat' dir='ltr'><strong>per</strong></span> <span class='ocrx_word' id='word_1_161' title='bbox 2604 1085 2752 1139; x_wconf 89' lang='lat' dir='ltr'><strong>hunc</strong></span> <span class='ocrx_word' id='word_1_162' title='bbox 2801 1100 3092 1138; x_wconf 89' lang='lat' dir='ltr'><strong>numerum</strong></span> <span class='ocrx_word' id='word_1_163' title='bbox 3146 1098 3374 1136; x_wconf 87' lang='lat' dir='ltr'><strong>omnem</strong></span> <span class='ocrx_word' id='word_1_164' title='bbox 3411 1082 3598 1134; x_wconf 80' lang='lat' dir='ltr'><strong>vitam</strong></span> <span class='ocrx_word' id='word_1_165' title='bbox 3675 1076 4034 1147; x_wconf 64' lang='lat' dir='ltr'><strong>signiﬁcat.i</strong></span> 
     </span>
    </p>
   </div>
   <div class='ocr_carea' id='block_1_22' title="bbox 2458 1171 4060 1244">
    <p class='ocr_par' dir='ltr' id='par_1_22' title="bbox 2458 1171 4060 1244">
     <span class='ocr_line' id='line_1_22' title="bbox 2458 1171 4060 1244; baseline -0.006 -14"><span class='ocrx_word' id='word_1_166' title='bbox 2458 1177 2564 1231; x_wconf 86' lang='lat' dir='ltr'><strong>hoc</strong></span> <span class='ocrx_word' id='word_1_167' title='bbox 2591 1176 2861 1240; x_wconf 83' lang='lat' dir='ltr'><strong>Jonadab,</strong></span> <span class='ocrx_word' id='word_1_168' title='bbox 2895 1176 2991 1230; x_wconf 86' lang='lat' dir='ltr'><strong>ﬁlii</strong></span> <span class='ocrx_word' id='word_1_169' title='bbox 3025 1175 3276 1238; x_wconf 83' lang='lat' dir='ltr'><strong>Rechab,</strong></span> <span class='ocrx_word' id='word_1_170' title='bbox 3303 1185 3359 1228; x_wconf 92' lang='lat' dir='ltr'><strong>et</strong></span> <span class='ocrx_word' id='word_1_171' title='bbox 3394 1190 3464 1228; x_wconf 87' lang='lat' dir='ltr'><strong>ea</strong></span> <span class='ocrx_word' id='word_1_172' title='bbox 3497 1188 3640 1244; x_wconf 67' lang='lat' dir='ltr'><strong>quae</strong></span> <span class='ocrx_word' id='word_1_173' title='bbox 3687 1171 3772 1225; x_wconf 88' lang='lat' dir='ltr'><strong>de</strong></span> <span class='ocrx_word' id='word_1_174' title='bbox 3807 1171 3893 1224; x_wconf 83' lang='lat' dir='ltr'><strong>eis</strong></span> <span class='ocrx_word' id='word_1_175' title='bbox 3925 1185 4060 1238; x_wconf 64' lang='lat' dir='ltr'><strong>ser</strong></span> 
     </span>
    </p>
   </div>
   <div class='ocr_carea' id='block_1_23' title="bbox 2458 1262 4050 1340">
    <p class='ocr_par' dir='ltr' id='par_1_23' title="bbox 2458 1262 4050 1340">
     <span class='ocr_line' id='line_1_23' title="bbox 2458 1262 4050 1340; baseline -0.008 -14"><span class='ocrx_word' id='word_1_176' title='bbox 2458 1281 2588 1326; x_wconf 86' lang='lat' dir='ltr'><strong>sunt</strong></span> <span class='ocrx_word' id='word_1_177' title='bbox 2644 1286 2744 1340; x_wconf 91' lang='lat' dir='ltr'><strong>per</strong></span> <span class='ocrx_word' id='word_1_178' title='bbox 2803 1269 3057 1326; x_wconf 61' lang='lat' dir='ltr'><strong>Ieremia</strong></span> <span class='ocrx_word' id='word_1_179' title='bbox 3113 1269 3496 1338; x_wconf 87' lang='lat' dir='ltr'><strong>prophetiam,</strong></span> <span class='ocrx_word' id='word_1_180' title='bbox 3569 1266 3842 1320; x_wconf 76' lang='lat' dir='ltr'><strong>docent.</strong></span> <span class='ocrx_word' id='word_1_181' title='bbox 3913 1262 4050 1314; x_wconf 56' lang='lat' dir='ltr'><strong>Has:</strong></span> 
     </span>
    </p>
   </div>
   <div class='ocr_carea' id='block_1_24' title="bbox 2458 1354 4061 1424">
    <p class='ocr_par' dir='ltr' id='par_1_24' title="bbox 2458 1354 4061 1424">
     <span class='ocr_line' id='line_1_24' title="bbox 2458 1354 4061 1424; baseline -0.009 -5"><span class='ocrx_word' id='word_1_182' title='bbox 2458 1366 2606 1420; x_wconf 89' lang='lat' dir='ltr'><strong>enim</strong></span> <span class='ocrx_word' id='word_1_183' title='bbox 2634 1365 2755 1418; x_wconf 89' lang='lat' dir='ltr'><strong>sic:</strong></span> <span class='ocrx_word' id='word_1_184' title='bbox 2810 1363 2879 1417; x_wconf 87' lang='lat' dir='ltr'><strong>Et</strong></span> <span class='ocrx_word' id='word_1_185' title='bbox 2930 1363 3253 1416; x_wconf 74' lang='lat' dir='ltr'><strong>obedieimus</strong></span> <span class='ocrx_word' id='word_1_186' title='bbox 3300 1362 3419 1414; x_wconf 74' lang='lat' dir='ltr'><strong>coci</strong></span> <span class='ocrx_word' id='word_1_187' title='bbox 3462 1359 3755 1414; x_wconf 81' lang='lat' dir='ltr'><strong>Jonadab</strong></span> <span class='ocrx_word' id='word_1_188' title='bbox 3789 1358 3894 1424; x_wconf 77' lang='lat' dir='ltr'><strong>ﬁlii</strong></span> <span class='ocrx_word' id='word_1_189' title='bbox 3921 1354 4061 1407; x_wconf 39' lang='lat' dir='ltr'><strong>Rere..-</strong></span> 
     </span>
    </p>
   </div>
   <div class='ocr_carea' id='block_1_25' title="bbox 2460 1451 4058 1525">
    <p class='ocr_par' dir='ltr' id='par_1_25' title="bbox 2460 1451 4058 1525">
     <span class='ocr_line' id='line_1_25' title="bbox 2460 1451 4058 1525; baseline -0.009 -16"><span class='ocrx_word' id='word_1_190' title='bbox 2460 1459 2629 1525; x_wconf 88' lang='lat' dir='ltr'><strong>patris</strong></span> <span class='ocrx_word' id='word_1_191' title='bbox 2676 1457 2864 1516; x_wconf 89' lang='lat' dir='ltr'><strong>nostri.</strong></span> <span class='ocrx_word' id='word_1_192' title='bbox 2909 1457 2966 1508; x_wconf 89' lang='lat' dir='ltr'><strong>in</strong></span> <span class='ocrx_word' id='word_1_193' title='bbox 3017 1456 3260 1508; x_wconf 87' lang='lat' dir='ltr'><strong>omnibus</strong></span> <span class='ocrx_word' id='word_1_194' title='bbox 3288 1470 3407 1522; x_wconf 68' lang='lat' dir='ltr'><strong>quae</strong></span> <span class='ocrx_word' id='word_1_195' title='bbox 3426 1454 3708 1521; x_wconf 70' lang='lat' dir='ltr'><strong>praecepit</strong></span> <span class='ocrx_word' id='word_1_196' title='bbox 3743 1451 3922 1509; x_wconf 72' lang='lat' dir='ltr'><strong>nobis,</strong></span> <span class='ocrx_word' id='word_1_197' title='bbox 3954 1451 4010 1498; x_wconf 71' lang='lat' dir='ltr'><strong>tta</strong></span> <span class='ocrx_word' id='word_1_198' title='bbox 4034 1469 4058 1496; x_wconf 73' lang='grc' dir='ltr'><strong>ι.</strong></span> 
     </span>
    </p>
   </div>
   <div class='ocr_carea' id='block_1_26' title="bbox 2461 1544 4056 1608">
    <p class='ocr_par' dir='ltr' id='par_1_26' title="bbox 2461 1544 4056 1608">
     <span class='ocr_line' id='line_1_26' title="bbox 2461 1544 4056 1608; baseline -0.009 -5"><span class='ocrx_word' id='word_1_199' title='bbox 2461 1567 2565 1603; x_wconf 76' lang='lat' dir='ltr'><strong>non</strong></span> <span class='ocrx_word' id='word_1_200' title='bbox 2590 1550 2884 1604; x_wconf 83' lang='lat' dir='ltr'><strong>biberemus</strong></span> <span class='ocrx_word' id='word_1_201' title='bbox 2935 1549 3137 1608; x_wconf 78' lang='lat' dir='ltr'><strong>uinum,</strong></span> <span class='ocrx_word' id='word_1_202' title='bbox 3170 1549 3372 1601; x_wconf 87' lang='lat' dir='ltr'><strong>cunctis</strong></span> <span class='ocrx_word' id='word_1_203' title='bbox 3424 1546 3630 1599; x_wconf 86' lang='lat' dir='ltr'><strong>diebus</strong></span> <span class='ocrx_word' id='word_1_204' title='bbox 3691 1544 3929 1601; x_wconf 80' lang='lat' dir='ltr'><strong>nostris,</strong></span> <span class='ocrx_word' id='word_1_205' title='bbox 3957 1557 4056 1590; x_wconf 66' lang='grc' dir='ltr'><strong>ιίιε.</strong></span> 
     </span>
    </p>
   </div>
   <div class='ocr_carea' id='block_1_27' title="bbox 2461 1637 4058 1706">
    <p class='ocr_par' dir='ltr' id='par_1_27' title="bbox 2461 1637 4058 1706">
     <span class='ocr_line' id='line_1_27' title="bbox 2461 1637 4058 1706; baseline -0.007 -12"><span class='ocrx_word' id='word_1_206' title='bbox 2461 1642 2708 1694; x_wconf 82' lang='lat' dir='ltr'><strong>mulieres</strong></span> <span class='ocrx_word' id='word_1_207' title='bbox 2760 1651 2973 1703; x_wconf 73' lang='lat' dir='ltr'><strong>nostrrr,</strong></span> <span class='ocrx_word' id='word_1_208' title='bbox 3049 1651 3097 1692; x_wconf 91' lang='lat' dir='ltr'><strong>et</strong></span> <span class='ocrx_word' id='word_1_209' title='bbox 3149 1656 3253 1692; x_wconf 85' lang='lat' dir='ltr'><strong>non</strong></span> <span class='ocrx_word' id='word_1_210' title='bbox 3328 1638 3764 1706; x_wconf 72' lang='lat' dir='ltr'><strong>a‘diﬁcaremus</strong></span> <span class='ocrx_word' id='word_1_211' title='bbox 3821 1637 3986 1686; x_wconf 68' lang='lat' dir='ltr'><strong>domes</strong></span> <span class='ocrx_word' id='word_1_212' title='bbox 4029 1649 4058 1680; x_wconf 92' lang='lat'><strong>.:</strong></span> 
     </span>
    </p>
   </div>
   <div class='ocr_carea' id='block_1_28' title="bbox 2461 1734 4058 1800">
    <p class='ocr_par' dir='ltr' id='par_1_28' title="bbox 2461 1734 4058 1800">
     <span class='ocr_line' id='line_1_28' title="bbox 2461 1734 4058 1800; baseline -0.008 -14"><span class='ocrx_word' id='word_1_213' title='bbox 2461 1734 2833 1792; x_wconf 83' lang='lat' dir='ltr'><strong>habitandum.</strong></span> <span class='ocrx_word' id='word_1_214' title='bbox 2858 1744 2906 1786; x_wconf 88' lang='lat' dir='ltr'><strong>et</strong></span> <span class='ocrx_word' id='word_1_215' title='bbox 2953 1734 3182 1796; x_wconf 79' lang='lat' dir='ltr'><strong>vineam,</strong></span> <span class='ocrx_word' id='word_1_216' title='bbox 3219 1742 3266 1784; x_wconf 85' lang='lat' dir='ltr'><strong>et</strong></span> <span class='ocrx_word' id='word_1_217' title='bbox 3299 1748 3522 1800; x_wconf 85' lang='lat' dir='ltr'><strong>agrum,</strong></span> <span class='ocrx_word' id='word_1_218' title='bbox 3573 1740 3628 1782; x_wconf 88' lang='lat' dir='ltr'><strong>et</strong></span> <span class='ocrx_word' id='word_1_219' title='bbox 3665 1740 3962 1782; x_wconf 73' lang='lat' dir='ltr'><strong>sementem</strong></span> <span class='ocrx_word' id='word_1_220' title='bbox 4004 1742 4058 1770; x_wconf 54' lang='grc' dir='ltr'><strong>ιη</strong></span> 
     </span>
    </p>
   </div>
   <div class='ocr_carea' id='block_1_29' title="bbox 767 1800 4093 1930">
    <p class='ocr_par' dir='ltr' id='par_1_29' title="bbox 767 1800 4093 1930">
     <span class='ocr_line' id='line_1_29' title="bbox 767 1800 4093 1930; baseline -0.003 -53"><span class='ocrx_word' id='word_1_221' title='bbox 767 1828 835 1880; x_wconf 76' lang='lat' dir='ltr'><strong>de</strong></span> <span class='ocrx_word' id='word_1_222' title='bbox 879 1836 1020 1878; x_wconf 87' lang='lat' dir='ltr'><strong>terra</strong></span> <span class='ocrx_word' id='word_1_223' title='bbox 1057 1800 1295 1895; x_wconf 56' lang='lat' dir='ltr'><strong>igypti.</strong></span> <span class='ocrx_word' id='word_1_224' title='bbox 1345 1821 1456 1892; x_wconf 84' lang='lat' dir='ltr'><strong>Ego</strong></span> <span class='ocrx_word' id='word_1_225' title='bbox 1499 1819 1755 1874; x_wconf 83' lang='lat' dir='ltr'><strong>Dominus</strong></span> <span class='ocrx_word' id='word_1_226' title='bbox 1799 1817 1940 1872; x_wconf 86' lang='lat' dir='ltr'><strong>Deus</strong></span> <span class='ocrx_word' id='word_1_227' title='bbox 1970 1828 2155 1872; x_wconf 82' lang='lat' dir='ltr'><strong>vester.</strong></span> <span class='ocrx_word' id='word_1_228' title='bbox 2190 1818 2355 1873; x_wconf 73' lang='lat' dir='ltr'><strong>Vides</strong></span> <span class='ocrx_word' id='word_1_229' title='bbox 2392 1800 2432 1855; x_wconf 74' lang='grc' dir='ltr'>Β</span> <span class='ocrx_word' id='word_1_230' title='bbox 2464 1827 2768 1888; x_wconf 78' lang='lat' dir='ltr'><strong>habuimus,</strong></span> <span class='ocrx_word' id='word_1_231' title='bbox 2819 1829 2907 1879; x_wconf 89' lang='lat' dir='ltr'><strong>sed</strong></span> <span class='ocrx_word' id='word_1_232' title='bbox 2953 1826 3310 1879; x_wconf 80' lang='lat' dir='ltr'><strong>habitavimus</strong></span> <span class='ocrx_word' id='word_1_233' title='bbox 3353 1826 3408 1876; x_wconf 80' lang='lat' dir='ltr'><strong>in</strong></span> <span class='ocrx_word' id='word_1_234' title='bbox 3460 1821 3889 1882; x_wconf 82' lang='lat' dir='ltr'><strong>tabernaculis,</strong></span> <span class='ocrx_word' id='word_1_235' title='bbox 3919 1831 3958 1869; x_wconf 74' lang='grc' dir='ltr'><strong>ει</strong></span> <span class='ocrx_word' id='word_1_236' title='bbox 3985 1833 4053 1868; x_wconf 71' lang='grc' dir='ltr'><strong>ετ·</strong></span> 
     </span>
    </p>
   </div>
   <div class='ocr_carea' id='block_1_30' title="bbox 770 1912 2350 1989">
    <p class='ocr_par' dir='ltr' id='par_1_30' title="bbox 770 1912 2350 1989">
     <span class='ocr_line' id='line_1_30' title="bbox 770 1912 2350 1989; baseline -0.006 -15"><span class='ocrx_word' id='word_1_237' title='bbox 770 1919 895 1989; x_wconf 82' lang='lat' dir='ltr'><strong>quia</strong></span> <span class='ocrx_word' id='word_1_238' title='bbox 928 1918 1111 1988; x_wconf 80' lang='lat' dir='ltr'><strong>ligurze</strong></span> <span class='ocrx_word' id='word_1_239' title='bbox 1138 1918 1220 1970; x_wconf 79' lang='lat' dir='ltr'><strong>lue</strong></span> <span class='ocrx_word' id='word_1_240' title='bbox 1251 1915 1450 1985; x_wconf 75' lang='lat' dir='ltr'><strong>populo</strong></span> <span class='ocrx_word' id='word_1_241' title='bbox 1479 1912 1814 1977; x_wconf 67' lang='lat' dir='ltr'><strong>Iudaeorum,</strong></span> <span class='ocrx_word' id='word_1_242' title='bbox 1848 1922 1903 1966; x_wconf 91' lang='lat' dir='ltr'><strong>et</strong></span> <span class='ocrx_word' id='word_1_243' title='bbox 1930 1912 2200 1981; x_wconf 81' lang='lat' dir='ltr'><strong>imagines</strong></span> <span class='ocrx_word' id='word_1_244' title='bbox 2233 1927 2350 1965; x_wconf 84' lang='lat' dir='ltr'><strong>ma-</strong></span> 
     </span>
    </p>
   </div>
   <div class='ocr_carea' id='block_1_31' title="bbox 769 2003 2355 2079">
    <p class='ocr_par' dir='ltr' id='par_1_31' title="bbox 769 2003 2355 2079">
     <span class='ocr_line' id='line_1_31' title="bbox 769 2003 2355 2079; baseline -0.005 -16"><span class='ocrx_word' id='word_1_245' title='bbox 769 2010 949 2079; x_wconf 89' lang='lat' dir='ltr'><strong>jorum</strong></span> <span class='ocrx_word' id='word_1_246' title='bbox 1004 2008 1387 2078; x_wconf 70' lang='lat' dir='ltr'><strong>mysteriorum</strong></span> <span class='ocrx_word' id='word_1_247' title='bbox 1415 2005 1554 2060; x_wconf 66' lang='lat' dir='ltr'><strong>datae</strong></span> <span class='ocrx_word' id='word_1_248' title='bbox 1584 2014 1748 2058; x_wconf 91' lang='lat' dir='ltr'><strong>sunt:</strong></span> <span class='ocrx_word' id='word_1_249' title='bbox 1783 2014 1839 2057; x_wconf 91' lang='lat' dir='ltr'><strong>et</strong></span> <span class='ocrx_word' id='word_1_250' title='bbox 1866 2014 2155 2073; x_wconf 88' lang='lat' dir='ltr'><strong>propterea</strong></span> <span class='ocrx_word' id='word_1_251' title='bbox 2193 2003 2355 2057; x_wconf 83' lang='lat' dir='ltr'><strong>babi-</strong></span> 
     </span>
    </p>
   </div>
   <div class='ocr_carea' id='block_1_32' title="bbox 775 2095 2358 2160">
    <p class='ocr_par' dir='ltr' id='par_1_32' title="bbox 775 2095 2358 2160">
     <span class='ocr_line' id='line_1_32' title="bbox 775 2095 2358 2160; baseline -0.005 -4"><span class='ocrx_word' id='word_1_252' title='bbox 775 2113 891 2156; x_wconf 89' lang='lat' dir='ltr'><strong>tare</strong></span> <span class='ocrx_word' id='word_1_253' title='bbox 926 2102 979 2154; x_wconf 91' lang='lat' dir='ltr'><strong>in</strong></span> <span class='ocrx_word' id='word_1_254' title='bbox 1016 2098 1406 2160; x_wconf 83' lang='lat' dir='ltr'><strong>tabernaculis,</strong></span> <span class='ocrx_word' id='word_1_255' title='bbox 1464 2107 1519 2151; x_wconf 90' lang='lat' dir='ltr'><strong>et</strong></span> <span class='ocrx_word' id='word_1_256' title='bbox 1561 2095 2041 2150; x_wconf 90' lang='lat' dir='ltr'><strong>tabernaculorum</strong></span> <span class='ocrx_word' id='word_1_257' title='bbox 2087 2095 2358 2151; x_wconf 79' lang='lat' dir='ltr'><strong>festivita-</strong></span> 
     </span>
    </p>
   </div>
   <div class='ocr_carea' id='block_1_33' title="bbox 777 2189 2360 2261">
    <p class='ocr_par' dir='ltr' id='par_1_33' title="bbox 777 2189 2360 2261">
     <span class='ocr_line' id='line_1_33' title="bbox 777 2189 2360 2261; baseline -0.003 -13"><span class='ocrx_word' id='word_1_258' title='bbox 777 2206 883 2250; x_wconf 90' lang='lat' dir='ltr'><strong>tem</strong></span> <span class='ocrx_word' id='word_1_259' title='bbox 913 2194 1189 2249; x_wconf 84' lang='lat' dir='ltr'><strong>celehrare</strong></span> <span class='ocrx_word' id='word_1_260' title='bbox 1237 2192 1372 2261; x_wconf 89' lang='lat' dir='ltr'><strong>jussi</strong></span> <span class='ocrx_word' id='word_1_261' title='bbox 1419 2199 1568 2251; x_wconf 89' lang='lat' dir='ltr'><strong>sunt.</strong></span> <span class='ocrx_word' id='word_1_262' title='bbox 1630 2199 1689 2244; x_wconf 90' lang='lat' dir='ltr'><strong>ut</strong></span> <span class='ocrx_word' id='word_1_263' title='bbox 1742 2205 1851 2243; x_wconf 93' lang='lat' dir='ltr'><strong>non</strong></span> <span class='ocrx_word' id='word_1_264' title='bbox 1907 2189 2360 2244; x_wconf 83' lang='lat' dir='ltr'><strong>obliviscerentur</strong></span> 
     </span>
    </p>
   </div>
   <div class='ocr_carea' id='block_1_34' title="bbox 777 2284 2360 2357">
    <p class='ocr_par' dir='ltr' id='par_1_34' title="bbox 777 2284 2360 2357">
     <span class='ocr_line' id='line_1_34' title="bbox 777 2284 2360 2357; baseline -0.004 -13"><span class='ocrx_word' id='word_1_265' title='bbox 777 2289 1116 2344; x_wconf 84' lang='lat' dir='ltr'><strong>liberationis</strong></span> <span class='ocrx_word' id='word_1_266' title='bbox 1166 2285 1465 2357; x_wconf 63' lang='lat' dir='ltr'><strong>Egyptie:</strong></span> <span class='ocrx_word' id='word_1_267' title='bbox 1516 2285 1611 2340; x_wconf 88' lang='lat' dir='ltr'><strong>scd</strong></span> <span class='ocrx_word' id='word_1_268' title='bbox 1653 2286 1759 2338; x_wconf 92' lang='lat' dir='ltr'><strong>hoc</strong></span> <span class='ocrx_word' id='word_1_269' title='bbox 1795 2284 2017 2353; x_wconf 89' lang='lat' dir='ltr'><strong>quidem</strong></span> <span class='ocrx_word' id='word_1_270' title='bbox 2052 2284 2360 2338; x_wconf 90' lang='lat' dir='ltr'><strong>secundum</strong></span> 
     </span>
    </p>
   </div>
   <div class='ocr_carea' id='block_1_35' title="bbox 775 2376 2360 2447">
    <p class='ocr_par' dir='ltr' id='par_1_35' title="bbox 775 2376 2360 2447">
     <span class='ocr_line' id='line_1_35' title="bbox 775 2376 2360 2447; baseline -0.004 -12"><span class='ocrx_word' id='word_1_271' title='bbox 775 2383 1032 2440; x_wconf 87' lang='lat' dir='ltr'><strong>litteram.</strong></span> <span class='ocrx_word' id='word_1_272' title='bbox 1085 2378 1402 2447; x_wconf 77' lang='lat' dir='ltr'><strong>spiritaliter</strong></span> <span class='ocrx_word' id='word_1_273' title='bbox 1429 2387 1611 2430; x_wconf 87' lang='lat' dir='ltr'><strong>autem</strong></span> <span class='ocrx_word' id='word_1_274' title='bbox 1648 2385 1706 2429; x_wconf 90' lang='lat' dir='ltr'><strong>ut</strong></span> <span class='ocrx_word' id='word_1_275' title='bbox 1743 2376 2159 2430; x_wconf 85' lang='lat' dir='ltr'><strong>reminiscamur</strong></span> <span class='ocrx_word' id='word_1_276' title='bbox 2187 2417 2202 2439; x_wconf 88' lang='lat'><strong>,</strong></span> <span class='ocrx_word' id='word_1_277' title='bbox 2233 2376 2360 2444; x_wconf 89' lang='lat' dir='ltr'><strong>quia</strong></span> 
     </span>
    </p>
   </div>
   <div class='ocr_carea' id='block_1_36' title="bbox 776 2467 2366 2541">
    <p class='ocr_par' dir='ltr' id='par_1_36' title="bbox 776 2467 2366 2541">
     <span class='ocr_line' id='line_1_36' title="bbox 776 2467 2366 2541; baseline -0.002 -15"><span class='ocrx_word' id='word_1_278' title='bbox 776 2472 843 2526; x_wconf 90' lang='lat' dir='ltr'><strong>de</strong></span> <span class='ocrx_word' id='word_1_279' title='bbox 899 2471 1222 2541; x_wconf 86' lang='lat' dir='ltr'><strong>intelligibili</strong></span> <span class='ocrx_word' id='word_1_280' title='bbox 1267 2468 1499 2539; x_wconf 61' lang='lat' dir='ltr'><strong>Egypto</strong></span> <span class='ocrx_word' id='word_1_281' title='bbox 1547 2467 1765 2522; x_wconf 85' lang='lat' dir='ltr'><strong>liberati</strong></span> <span class='ocrx_word' id='word_1_282' title='bbox 1827 2483 2035 2532; x_wconf 88' lang='lat' dir='ltr'><strong>sumus,</strong></span> <span class='ocrx_word' id='word_1_283' title='bbox 2087 2467 2141 2522; x_wconf 91' lang='lat' dir='ltr'><strong>id</strong></span> <span class='ocrx_word' id='word_1_284' title='bbox 2175 2478 2260 2523; x_wconf 93' lang='lat' dir='ltr'><strong>est</strong></span> <span class='ocrx_word' id='word_1_285' title='bbox 2298 2469 2366 2523; x_wconf 91' lang='lat' dir='ltr'><strong>ab</strong></span> 
     </span>
    </p>
   </div>
   <div class='ocr_carea' id='block_1_37' title="bbox 779 2562 2364 2634">
    <p class='ocr_par' dir='ltr' id='par_1_37' title="bbox 779 2562 2364 2634">
     <span class='ocr_line' id='line_1_37' title="bbox 779 2562 2364 2634; baseline -0.001 -18"><span class='ocrx_word' id='word_1_286' title='bbox 779 2563 1132 2634; x_wconf 84' lang='lat' dir='ltr'><strong>intelligibilis</strong></span> <span class='ocrx_word' id='word_1_287' title='bbox 1150 2563 1452 2618; x_wconf 85' lang='lat' dir='ltr'><strong>Pharaonis</strong></span> <span class='ocrx_word' id='word_1_288' title='bbox 1482 2562 1765 2624; x_wconf 74' lang='lat' dir='ltr'><strong>servitute,</strong></span> <span class='ocrx_word' id='word_1_289' title='bbox 1801 2576 1921 2631; x_wconf 66' lang='lat' dir='ltr'><strong>qua</strong></span> <span class='ocrx_word' id='word_1_290' title='bbox 1947 2571 2032 2615; x_wconf 90' lang='lat' dir='ltr'><strong>est</strong></span> <span class='ocrx_word' id='word_1_291' title='bbox 2062 2562 2364 2615; x_wconf 87' lang='lat' dir='ltr'><strong>secundum</strong></span> 
     </span>
    </p>
   </div>
   <div class='ocr_carea' id='block_1_38' title="bbox 777 2653 2361 2725">
    <p class='ocr_par' dir='ltr' id='par_1_38' title="bbox 777 2653 2361 2725">
     <span class='ocr_line' id='line_1_38' title="bbox 777 2653 2361 2725; baseline -0.001 -17"><span class='ocrx_word' id='word_1_292' title='bbox 777 2657 1186 2725; x_wconf 79' lang='lat' dir='ltr'><strong>corruptionem</strong></span> <span class='ocrx_word' id='word_1_293' title='bbox 1253 2655 1488 2708; x_wconf 83' lang='lat' dir='ltr'><strong>laterum</strong></span> <span class='ocrx_word' id='word_1_294' title='bbox 1543 2655 1828 2723; x_wconf 71' lang='lat' dir='ltr'><strong>praesentis</strong></span> <span class='ocrx_word' id='word_1_295' title='bbox 1882 2653 2090 2717; x_wconf 67' lang='lat' dir='ltr'><strong>saeculi,</strong></span> <span class='ocrx_word' id='word_1_296' title='bbox 2155 2669 2261 2722; x_wconf 89' lang='lat' dir='ltr'><strong>qua</strong></span> <span class='ocrx_word' id='word_1_297' title='bbox 2315 2653 2361 2708; x_wconf 90' lang='lat' dir='ltr'><strong>si</strong></span> 
     </span>
    </p>
   </div>
   <div class='ocr_carea' id='block_1_39' title="bbox 777 2745 2361 2816">
    <p class='ocr_par' dir='ltr' id='par_1_39' title="bbox 777 2745 2361 2816">
     <span class='ocr_line' id='line_1_39' title="bbox 777 2745 2361 2816; baseline 0 -16"><span class='ocrx_word' id='word_1_298' title='bbox 777 2750 902 2816; x_wconf 85' lang='lat' dir='ltr'><strong>quis</strong></span> <span class='ocrx_word' id='word_1_299' title='bbox 967 2749 1123 2816; x_wconf 89' lang='lat' dir='ltr'><strong>plene</strong></span> <span class='ocrx_word' id='word_1_300' title='bbox 1168 2761 1356 2800; x_wconf 85' lang='lat' dir='ltr'><strong>carere</strong></span> <span class='ocrx_word' id='word_1_301' title='bbox 1405 2746 1542 2808; x_wconf 89' lang='lat' dir='ltr'><strong>vult,</strong></span> <span class='ocrx_word' id='word_1_302' title='bbox 1576 2747 1631 2799; x_wconf 89' lang='lat' dir='ltr'><strong>in</strong></span> <span class='ocrx_word' id='word_1_303' title='bbox 1685 2745 2053 2800; x_wconf 87' lang='lat' dir='ltr'><strong>tabernaculis</strong></span> <span class='ocrx_word' id='word_1_304' title='bbox 2109 2746 2361 2810; x_wconf 87' lang='lat' dir='ltr'><strong>habitet,</strong></span> 
     </span>
    </p>
   </div>
   <div class='ocr_carea' id='block_1_40' title="bbox 781 2837 2366 2906">
    <p class='ocr_par' dir='ltr' id='par_1_40' title="bbox 781 2837 2366 2906">
     <span class='ocr_line' id='line_1_40' title="bbox 781 2837 2366 2906; baseline -0.003 -13"><span class='ocrx_word' id='word_1_305' title='bbox 781 2839 950 2894; x_wconf 90' lang='lat' dir='ltr'><strong>Deum</strong></span> <span class='ocrx_word' id='word_1_306' title='bbox 986 2855 1143 2895; x_wconf 83' lang='lat' dir='ltr'><strong>suum</strong></span> <span class='ocrx_word' id='word_1_307' title='bbox 1191 2838 1410 2892; x_wconf 86' lang='lat' dir='ltr'><strong>imitans</strong></span> <span class='ocrx_word' id='word_1_308' title='bbox 1449 2838 1763 2892; x_wconf 85' lang='lat' dir='ltr'><strong>dicentem:</strong></span> <span class='ocrx_word' id='word_1_309' title='bbox 1804 2837 1991 2906; x_wconf 84' lang='lat' dir='ltr'><strong>Vulpes</strong></span> <span class='ocrx_word' id='word_1_310' title='bbox 2021 2838 2198 2906; x_wconf 81' lang='lat' dir='ltr'><strong>foveas</strong></span> <span class='ocrx_word' id='word_1_311' title='bbox 2264 2839 2366 2889; x_wconf 81' lang='lat' dir='ltr'><strong>ha-</strong></span> 
     </span>
    </p>
   </div>
   <div class='ocr_carea' id='block_1_41' title="bbox 779 2931 2369 2997">
    <p class='ocr_par' dir='ltr' id='par_1_41' title="bbox 779 2931 2369 2997">
     <span class='ocr_line' id='line_1_41' title="bbox 779 2931 2369 2997; baseline -0.002 -11"><span class='ocrx_word' id='word_1_312' title='bbox 779 2934 918 2997; x_wconf 86' lang='lat' dir='ltr'><strong>bent,</strong></span> <span class='ocrx_word' id='word_1_313' title='bbox 969 2942 1017 2986; x_wconf 91' lang='lat' dir='ltr'><strong>et</strong></span> <span class='ocrx_word' id='word_1_314' title='bbox 1047 2933 1282 2987; x_wconf 74' lang='lat' dir='ltr'><strong>volucres</strong></span> <span class='ocrx_word' id='word_1_315' title='bbox 1324 2933 1437 2987; x_wconf 70' lang='lat' dir='ltr'><strong>caeli</strong></span> <span class='ocrx_word' id='word_1_316' title='bbox 1470 2933 1694 2986; x_wconf 86' lang='lat' dir='ltr'><strong>nidum:</strong></span> <span class='ocrx_word' id='word_1_317' title='bbox 1728 2931 1903 2985; x_wconf 79' lang='lat' dir='ltr'><strong>l&#39;ilius</strong></span> <span class='ocrx_word' id='word_1_318' title='bbox 1946 2942 2122 2985; x_wconf 85' lang='lat' dir='ltr'><strong>autem</strong></span> <span class='ocrx_word' id='word_1_319' title='bbox 2145 2932 2369 2985; x_wconf 77' lang='lat' dir='ltr'><strong>hominis</strong></span> 
     </span>
    </p>
   </div>
   <div class='ocr_carea' id='block_1_42' title="bbox 783 3024 2367 3095">
    <p class='ocr_par' dir='ltr' id='par_1_42' title="bbox 783 3024 2367 3095">
     <span class='ocr_line' id='line_1_42' title="bbox 783 3024 2367 3095; baseline -0.002 -16"><span class='ocrx_word' id='word_1_320' title='bbox 783 3043 886 3079; x_wconf 79' lang='lat' dir='ltr'><strong>non</strong></span> <span class='ocrx_word' id='word_1_321' title='bbox 917 3027 1068 3081; x_wconf 73' lang='lat' dir='ltr'><strong>habet</strong></span> <span class='ocrx_word' id='word_1_322' title='bbox 1101 3026 1186 3079; x_wconf 79' lang='lat' dir='ltr'><strong>ubi</strong></span> <span class='ocrx_word' id='word_1_323' title='bbox 1218 3035 1378 3095; x_wconf 83' lang='lat' dir='ltr'><strong>caput</strong></span> <span class='ocrx_word' id='word_1_324' title='bbox 1402 3042 1559 3080; x_wconf 86' lang='lat' dir='ltr'><strong>suum</strong></span> <span class='ocrx_word' id='word_1_325' title='bbox 1595 3025 1872 3081; x_wconf 79' lang='lat' dir='ltr'><strong>reclinet&#39;.</strong></span> <span class='ocrx_word' id='word_1_326' title='bbox 1908 3024 2154 3078; x_wconf 77' lang='lat' dir='ltr'><strong>Manebit</strong></span> <span class='ocrx_word' id='word_1_327' title='bbox 2181 3031 2367 3078; x_wconf 89' lang='lat' dir='ltr'><strong>autem</strong></span> 
     </span>
    </p>
   </div>
   <div class='ocr_carea' id='block_1_43' title="bbox 2465 1912 4052 1987">
    <p class='ocr_par' dir='ltr' id='par_1_43' title="bbox 2465 1912 4052 1987">
     <span class='ocr_line' id='line_1_43' title="bbox 2465 1912 4052 1987; baseline -0.009 -16"><span class='ocrx_word' id='word_1_328' title='bbox 2465 1920 2669 1972; x_wconf 84' lang='lat' dir='ltr'><strong>dientes</strong></span> <span class='ocrx_word' id='word_1_329' title='bbox 2691 1919 2910 1987; x_wconf 79' lang='lat' dir='ltr'><strong>fecimus</strong></span> <span class='ocrx_word' id='word_1_330' title='bbox 2941 1919 3103 1986; x_wconf 62' lang='lat' dir='ltr'><strong>juxta</strong></span> <span class='ocrx_word' id='word_1_331' title='bbox 3151 1919 3331 1970; x_wconf 86' lang='lat' dir='ltr'><strong>omnia</strong></span> <span class='ocrx_word' id='word_1_332' title='bbox 3372 1932 3496 1985; x_wconf 64' lang='lat' dir='ltr'><strong>quae</strong></span> <span class='ocrx_word' id='word_1_333' title='bbox 3541 1915 3828 1984; x_wconf 72' lang='lat' dir='ltr'><strong>prmcepit</strong></span> <span class='ocrx_word' id='word_1_334' title='bbox 3879 1912 4052 1962; x_wconf 55' lang='lat' dir='ltr'><strong>Jay;</strong></span> 
     </span>
    </p>
   </div>
   <div class='ocr_carea' id='block_1_44' title="bbox 2465 2009 4058 2081">
    <p class='ocr_par' dir='ltr' id='par_1_44' title="bbox 2465 2009 4058 2081">
     <span class='ocr_line' id='line_1_44' title="bbox 2465 2009 4058 2081; baseline -0.009 -15"><span class='ocrx_word' id='word_1_335' title='bbox 2465 2023 2619 2081; x_wconf 85' lang='lat' dir='ltr'><strong>pater</strong></span> <span class='ocrx_word' id='word_1_336' title='bbox 2661 2011 2892 2065; x_wconf 77' lang='lat' dir='ltr'><strong>noster&#39;.</strong></span> <span class='ocrx_word' id='word_1_337' title='bbox 2934 2010 3024 2064; x_wconf 86' lang='lat' dir='ltr'><strong>Sic</strong></span> <span class='ocrx_word' id='word_1_338' title='bbox 3065 2024 3368 2079; x_wconf 85' lang='lat' dir='ltr'><strong>supernam</strong></span> <span class='ocrx_word' id='word_1_339' title='bbox 3415 2009 3717 2076; x_wconf 82' lang='lat' dir='ltr'><strong>quietem,</strong></span> <span class='ocrx_word' id='word_1_340' title='bbox 3767 2015 3828 2058; x_wconf 88' lang='lat' dir='ltr'><strong>et</strong></span> <span class='ocrx_word' id='word_1_341' title='bbox 3875 2019 3972 2056; x_wconf 81' lang='lat' dir='ltr'><strong>non</strong></span> 
     </span>
    </p>
   </div>
   <div class='ocr_carea' id='block_1_45' title="bbox 2465 2099 4040 2175">
    <p class='ocr_par' dir='ltr' id='par_1_45' title="bbox 2465 2099 4040 2175">
     <span class='ocr_line' id='line_1_45' title="bbox 2465 2099 4040 2175; baseline -0.007 -16"><span class='ocrx_word' id='word_1_342' title='bbox 2465 2106 2751 2175; x_wconf 86' lang='lat' dir='ltr'><strong>spertitam</strong></span> <span class='ocrx_word' id='word_1_343' title='bbox 2811 2105 3002 2168; x_wconf 86' lang='lat' dir='ltr'><strong>vitam,</strong></span> <span class='ocrx_word' id='word_1_344' title='bbox 3056 2114 3112 2158; x_wconf 89' lang='lat' dir='ltr'><strong>et</strong></span> <span class='ocrx_word' id='word_1_345' title='bbox 3167 2103 3291 2157; x_wconf 89' lang='lat' dir='ltr'><strong>sine</strong></span> <span class='ocrx_word' id='word_1_346' title='bbox 3342 2103 3536 2171; x_wconf 87' lang='lat' dir='ltr'><strong>aliqua</strong></span> <span class='ocrx_word' id='word_1_347' title='bbox 3607 2099 3921 2152; x_wconf 72' lang='lat' dir='ltr'><strong>vexatione</strong></span> <span class='ocrx_word' id='word_1_348' title='bbox 3974 2111 4040 2161; x_wconf 51' lang='grc' dir='ltr'><strong>πί·</strong></span> 
     </span>
    </p>
   </div>
   <div class='ocr_carea' id='block_1_46' title="bbox 2469 2186 4055 2265">
    <p class='ocr_par' dir='ltr' id='par_1_46' title="bbox 2469 2186 4055 2265">
     <span class='ocr_line' id='line_1_46' title="bbox 2469 2186 4055 2265; baseline -0.01 -15"><span class='ocrx_word' id='word_1_349' title='bbox 2469 2197 2828 2259; x_wconf 85' lang='lat' dir='ltr'><strong>studuerunt,</strong></span> <span class='ocrx_word' id='word_1_350' title='bbox 2893 2196 2988 2265; x_wconf 91' lang='lat' dir='ltr'><strong>qui</strong></span> <span class='ocrx_word' id='word_1_351' title='bbox 3046 2201 3354 2265; x_wconf 89' lang='lat' dir='ltr'><strong>potuerunt</strong></span> <span class='ocrx_word' id='word_1_352' title='bbox 3411 2190 3756 2259; x_wconf 76' lang='lat' dir='ltr'><strong>intelligere</strong></span> <span class='ocrx_word' id='word_1_353' title='bbox 3816 2186 4055 2255; x_wconf 65' lang='lat' dir='ltr'><strong>spiriLaz:</strong></span> 
     </span>
    </p>
   </div>
   <div class='ocr_carea' id='block_1_47' title="bbox 2471 2278 4058 2357">
    <p class='ocr_par' dir='ltr' id='par_1_47' title="bbox 2471 2278 4058 2357">
     <span class='ocr_line' id='line_1_47' title="bbox 2471 2278 4058 2357; baseline -0.012 -14"><span class='ocrx_word' id='word_1_354' title='bbox 2471 2289 2712 2344; x_wconf 81' lang='lat' dir='ltr'><strong>fructum</strong></span> <span class='ocrx_word' id='word_1_355' title='bbox 2743 2296 3004 2357; x_wconf 90' lang='lat' dir='ltr'><strong>tanquam</strong></span> <span class='ocrx_word' id='word_1_356' title='bbox 3051 2287 3272 2340; x_wconf 82' lang='lat' dir='ltr'><strong>botrum</strong></span> <span class='ocrx_word' id='word_1_357' title='bbox 3306 2286 3452 2338; x_wconf 87' lang='lat' dir='ltr'><strong>inter</strong></span> <span class='ocrx_word' id='word_1_358' title='bbox 3486 2283 3635 2337; x_wconf 78' lang='lat' dir='ltr'><strong>folia</strong></span> <span class='ocrx_word' id='word_1_359' title='bbox 3671 2281 3930 2336; x_wconf 67' lang='lat' dir='ltr'><strong>caelatum</strong></span> <span class='ocrx_word' id='word_1_360' title='bbox 3961 2278 4058 2327; x_wconf 66' lang='lat' dir='ltr'><strong>iit-:-</strong></span> 
     </span>
    </p>
   </div>
   <div class='ocr_carea' id='block_1_48' title="bbox 2475 2375 4093 2446">
    <p class='ocr_par' dir='ltr' id='par_1_48' title="bbox 2475 2375 4093 2446">
     <span class='ocr_line' id='line_1_48' title="bbox 2475 2375 4093 2446; baseline -0.009 -11"><span class='ocrx_word' id='word_1_361' title='bbox 2475 2398 2574 2437; x_wconf 65' lang='grc' dir='ltr'><strong>ηιξ.</strong></span> <span class='ocrx_word' id='word_1_362' title='bbox 2607 2381 2721 2438; x_wconf 77' lang='lat' dir='ltr'><strong>llas</strong></span> <span class='ocrx_word' id='word_1_363' title='bbox 2753 2381 2883 2436; x_wconf 82' lang='lat' dir='ltr'><strong>ﬁliis</strong></span> <span class='ocrx_word' id='word_1_364' title='bbox 2916 2381 3080 2434; x_wconf 89' lang='lat' dir='ltr'><strong>Israel</strong></span> <span class='ocrx_word' id='word_1_365' title='bbox 3121 2379 3461 2434; x_wconf 74' lang='lat' dir='ltr'><strong>festivitates</strong></span> <span class='ocrx_word' id='word_1_366' title='bbox 3495 2376 3741 2446; x_wconf 73' lang='lat' dir='ltr'><strong>Moyses</strong></span> <span class='ocrx_word' id='word_1_367' title='bbox 3770 2375 3972 2428; x_wconf 67' lang='lat' dir='ltr'><strong>locutus</strong></span> <span class='ocrx_word' id='word_1_368' title='bbox 3998 2386 4054 2421; x_wconf 71' lang='lat' dir='ltr'><strong>es.</strong></span> <span class='ocrx_word' id='word_1_369' title='bbox 4091 2379 4093 2446; x_wconf 35' lang='grc' dir='ltr'>ᾗ</span> 
     </span>
    </p>
   </div>
   <div class='ocr_carea' id='block_1_49' title="bbox 2474 2464 4056 2543">
    <p class='ocr_par' dir='ltr' id='par_1_49' title="bbox 2474 2464 4056 2543">
     <span class='ocr_line' id='line_1_49' title="bbox 2474 2464 4056 2543; baseline -0.01 -17"><span class='ocrx_word' id='word_1_370' title='bbox 2474 2473 2530 2528; x_wconf 92' lang='lat' dir='ltr'><strong>in</strong></span> <span class='ocrx_word' id='word_1_371' title='bbox 2585 2474 2789 2543; x_wconf 90' lang='lat' dir='ltr'><strong>quibus</strong></span> <span class='ocrx_word' id='word_1_372' title='bbox 2846 2488 2950 2527; x_wconf 89' lang='lat' dir='ltr'><strong>nos</strong></span> <span class='ocrx_word' id='word_1_373' title='bbox 3004 2473 3280 2533; x_wconf 68' lang='lat' dir='ltr'><strong>laetemur,</strong></span> <span class='ocrx_word' id='word_1_374' title='bbox 3317 2470 3464 2524; x_wconf 83' lang='lat' dir='ltr'><strong>festa</strong></span> <span class='ocrx_word' id='word_1_375' title='bbox 3493 2470 3876 2524; x_wconf 83' lang='lat' dir='ltr'><strong>celebrantes</strong></span> <span class='ocrx_word' id='word_1_376' title='bbox 3912 2466 3959 2516; x_wconf 86' lang='lat' dir='ltr'><strong>in</strong></span> <span class='ocrx_word' id='word_1_377' title='bbox 3988 2464 4056 2529; x_wconf 58' lang='lat' dir='ltr'><strong>legs-</strong></span> 
     </span>
    </p>
   </div>
   <div class='ocr_carea' id='block_1_50' title="bbox 2471 2557 4058 2635">
    <p class='ocr_par' dir='ltr' id='par_1_50' title="bbox 2471 2557 4058 2635">
     <span class='ocr_line' id='line_1_50' title="bbox 2471 2557 4058 2635; baseline -0.009 -17"><span class='ocrx_word' id='word_1_378' title='bbox 2471 2564 2589 2629; x_wconf 91' lang='lat' dir='ltr'><strong>Dei,</strong></span> <span class='ocrx_word' id='word_1_379' title='bbox 2621 2576 2678 2622; x_wconf 92' lang='lat' dir='ltr'><strong>et</strong></span> <span class='ocrx_word' id='word_1_380' title='bbox 2704 2569 2838 2635; x_wconf 74' lang='lat' dir='ltr'><strong>‘qua:</strong></span> <span class='ocrx_word' id='word_1_381' title='bbox 2873 2567 2946 2619; x_wconf 90' lang='lat' dir='ltr'><strong>ab</strong></span> <span class='ocrx_word' id='word_1_382' title='bbox 2977 2579 3044 2620; x_wconf 91' lang='lat' dir='ltr'><strong>eo</strong></span> <span class='ocrx_word' id='word_1_383' title='bbox 3076 2564 3334 2620; x_wconf 88' lang='lat' dir='ltr'><strong>ordinata</strong></span> <span class='ocrx_word' id='word_1_384' title='bbox 3368 2571 3530 2625; x_wconf 86' lang='lat' dir='ltr'><strong>sunt,</strong></span> <span class='ocrx_word' id='word_1_385' title='bbox 3576 2560 3905 2615; x_wconf 86' lang='lat' dir='ltr'><strong>secundum</strong></span> <span class='ocrx_word' id='word_1_386' title='bbox 3931 2557 4058 2609; x_wconf 57' lang='lat' dir='ltr'><strong>inn.»</strong></span> 
     </span>
    </p>
   </div>
   <div class='ocr_carea' id='block_1_51' title="bbox 2469 2650 4093 2728">
    <p class='ocr_par' dir='ltr' id='par_1_51' title="bbox 2469 2650 4093 2728">
     <span class='ocr_line' id='line_1_51' title="bbox 2469 2650 4093 2728; baseline -0.01 -15"><span class='ocrx_word' id='word_1_387' title='bbox 2469 2661 2678 2714; x_wconf 88' lang='lat' dir='ltr'><strong>tionem</strong></span> <span class='ocrx_word' id='word_1_388' title='bbox 2713 2659 2835 2728; x_wconf 87' lang='lat' dir='ltr'><strong>ejus</strong></span> <span class='ocrx_word' id='word_1_389' title='bbox 2856 2668 3102 2728; x_wconf 79' lang='lat' dir='ltr'><strong>agentes,</strong></span> <span class='ocrx_word' id='word_1_390' title='bbox 3138 2667 3196 2712; x_wconf 92' lang='lat' dir='ltr'><strong>et</strong></span> <span class='ocrx_word' id='word_1_391' title='bbox 3222 2672 3323 2727; x_wconf 91' lang='lat' dir='ltr'><strong>pro</strong></span> <span class='ocrx_word' id='word_1_392' title='bbox 3353 2657 3604 2709; x_wconf 88' lang='lat' dir='ltr'><strong>materia</strong></span> <span class='ocrx_word' id='word_1_393' title='bbox 3645 2669 3784 2723; x_wconf 77' lang='lat' dir='ltr'><strong>qua:</strong></span> <span class='ocrx_word' id='word_1_394' title='bbox 3813 2661 3964 2705; x_wconf 78' lang='lat' dir='ltr'><strong>vexat</strong></span> <span class='ocrx_word' id='word_1_395' title='bbox 3992 2650 4054 2699; x_wconf 59' lang='lat' dir='ltr'><strong>tz—</strong></span> <span class='ocrx_word' id='word_1_396' title='bbox 4092 2650 4093 2678; x_wconf 56' lang='grc' dir='ltr'>δ</span> 
     </span>
    </p>
   </div>
   <div class='ocr_carea' id='block_1_52' title="bbox 2470 2741 4057 2821">
    <p class='ocr_par' dir='ltr' id='par_1_52' title="bbox 2470 2741 4057 2821">
     <span class='ocr_line' id='line_1_52' title="bbox 2470 2741 4057 2821; baseline -0.009 -15"><span class='ocrx_word' id='word_1_397' title='bbox 2470 2753 2703 2816; x_wconf 88' lang='lat' dir='ltr'><strong>minem,</strong></span> <span class='ocrx_word' id='word_1_398' title='bbox 2733 2762 2950 2821; x_wconf 88' lang='lat' dir='ltr'><strong>partem</strong></span> <span class='ocrx_word' id='word_1_399' title='bbox 2979 2751 3183 2805; x_wconf 90' lang='lat' dir='ltr'><strong>bonam</strong></span> <span class='ocrx_word' id='word_1_400' title='bbox 3215 2750 3514 2820; x_wconf 78' lang='lat' dir='ltr'><strong>eligamus,</strong></span> <span class='ocrx_word' id='word_1_401' title='bbox 3546 2749 3898 2801; x_wconf 85' lang='lat' dir='ltr'><strong>charitatem</strong></span> <span class='ocrx_word' id='word_1_402' title='bbox 3925 2741 4057 2795; x_wconf 66' lang='lat' dir='ltr'><strong>Patris.</strong></span> 
     </span>
    </p>
   </div>
   <div class='ocr_carea' id='block_1_53' title="bbox 2476 2837 4058 2917">
    <p class='ocr_par' dir='ltr' id='par_1_53' title="bbox 2476 2837 4058 2917">
     <span class='ocr_line' id='line_1_53' title="bbox 2476 2837 4058 2917; baseline -0.007 -16"><span class='ocrx_word' id='word_1_403' title='bbox 2476 2846 2709 2917; x_wconf 83' lang='lat' dir='ltr'><strong>gratiam</strong></span> <span class='ocrx_word' id='word_1_404' title='bbox 2741 2845 2890 2909; x_wconf 86' lang='lat' dir='ltr'><strong>Filii,</strong></span> <span class='ocrx_word' id='word_1_405' title='bbox 2923 2844 3244 2898; x_wconf 84' lang='lat' dir='ltr'><strong>societatem</strong></span> <span class='ocrx_word' id='word_1_406' title='bbox 3271 2842 3453 2896; x_wconf 85' lang='lat' dir='ltr'><strong>sancti</strong></span> <span class='ocrx_word' id='word_1_407' title='bbox 3481 2839 3779 2910; x_wconf 87' lang='lat' dir='ltr'><strong>Spiritus.</strong></span> <span class='ocrx_word' id='word_1_408' title='bbox 3804 2837 3906 2908; x_wconf 87' lang='lat' dir='ltr'><strong>Ipsi</strong></span> <span class='ocrx_word' id='word_1_409' title='bbox 3944 2837 4058 2904; x_wconf 53' lang='lat' dir='ltr'><strong>git-ﬁ:</strong></span> 
     </span>
    </p>
   </div>
   <div class='ocr_carea' id='block_1_54' title="bbox 2478 2934 3382 2994">
    <p class='ocr_par' dir='ltr' id='par_1_54' title="bbox 2478 2934 3382 2994">
     <span class='ocr_line' id='line_1_54' title="bbox 2478 2934 3382 2994; baseline -0.007 -2"><span class='ocrx_word' id='word_1_410' title='bbox 2478 2938 2535 2992; x_wconf 89' lang='lat' dir='ltr'><strong>in</strong></span> <span class='ocrx_word' id='word_1_411' title='bbox 2566 2937 2770 2994; x_wconf 71' lang='lat' dir='ltr'><strong>saecula</strong></span> <span class='ocrx_word' id='word_1_412' title='bbox 2801 2936 3154 2991; x_wconf 66' lang='lat' dir='ltr'><strong>saeculorum.</strong></span> <span class='ocrx_word' id='word_1_413' title='bbox 3181 2934 3382 2988; x_wconf 82' lang='lat' dir='ltr'><strong>Amen.</strong></span> 
     </span>
    </p>
   </div>
   <div class='ocr_carea' id='block_1_55' title="bbox 1573 3195 4036 3224">
    <p class='ocr_par' dir='ltr' id='par_1_55' title="bbox 1573 3195 4036 3224">
     <span class='ocr_line' id='line_1_55' title="bbox 1573 3195 4036 3224; baseline -0.006 6"><span class='ocrx_word' id='word_1_414' title='bbox 1573 3195 4036 3224; x_wconf 58' lang='grc' dir='ltr'><strong>*Μ</strong></span> 
     </span>
    </p>
   </div>
   <div class='ocr_carea' id='block_1_56' title="bbox 1877 3367 2973 3463">
    <p class='ocr_par' dir='ltr' id='par_1_56' title="bbox 1877 3367 2973 3463">
     <span class='ocr_line' id='line_1_56' title="bbox 1877 3367 2973 3463; baseline -0.009 -1"><span class='ocrx_word' id='word_1_415' title='bbox 1877 3375 2235 3463; x_wconf 78' lang='lat' dir='ltr'><strong>LIBER</strong></span> <span class='ocrx_word' id='word_1_416' title='bbox 2339 3367 2973 3463; x_wconf 86' lang='lat' dir='ltr'><strong>SEPTIMUS.</strong></span> 
     </span>
    </p>
   </div>
   <div class='ocr_carea' id='block_1_57' title="bbox 1355 3745 1809 3803">
    <p class='ocr_par' dir='ltr' id='par_1_57' title="bbox 1355 3745 1809 3803">
     <span class='ocr_line' id='line_1_57' title="bbox 1355 3745 1809 3803; baseline -0.007 0"><span class='ocrx_word' id='word_1_417' title='bbox 1355 3745 1587 3803; x_wconf 83' lang='lat' dir='ltr'><strong>CAPUT</strong></span> <span class='ocrx_word' id='word_1_418' title='bbox 1618 3745 1809 3802; x_wconf 73' lang='lat' dir='ltr'><strong>XXIV.</strong></span> 
     </span>
    </p>
   </div>
   <div class='ocr_carea' id='block_1_58' title="bbox 866 3835 2377 3908">
    <p class='ocr_par' dir='ltr' id='par_1_58' title="bbox 866 3835 2377 3908">
     <span class='ocr_line' id='line_1_58' title="bbox 866 3835 2377 3908; baseline -0.003 -13"><span class='ocrx_word' id='word_1_419' title='bbox 866 3840 1026 3897; x_wconf 64' lang='lat' dir='ltr'><strong>Vens.</strong></span> <span class='ocrx_word' id='word_1_420' title='bbox 1063 3841 1177 3896; x_wconf 73' lang='grc'><strong>1-6.</strong></span> <span class='ocrx_word' id='word_1_421' title='bbox 1216 3859 1234 3893; x_wconf 74' lang='grc' dir='ltr'><strong>ε</strong></span> <span class='ocrx_word' id='word_1_422' title='bbox 1263 3839 1330 3894; x_wconf 83' lang='lat' dir='ltr'><strong>Et</strong></span> <span class='ocrx_word' id='word_1_423' title='bbox 1357 3841 1576 3895; x_wconf 83' lang='lat' dir='ltr'><strong>locutus</strong></span> <span class='ocrx_word' id='word_1_424' title='bbox 1610 3846 1695 3892; x_wconf 89' lang='lat' dir='ltr'><strong>est</strong></span> <span class='ocrx_word' id='word_1_425' title='bbox 1723 3835 1990 3892; x_wconf 85' lang='lat' dir='ltr'><strong>Dominus</strong></span> <span class='ocrx_word' id='word_1_426' title='bbox 2025 3836 2091 3892; x_wconf 88' lang='lat' dir='ltr'><strong>ad</strong></span> <span class='ocrx_word' id='word_1_427' title='bbox 2133 3836 2377 3908; x_wconf 66' lang='lat' dir='ltr'><strong>Moysen,</strong></span> 
     </span>
    </p>
   </div>
   <div class='ocr_carea' id='block_1_59' title="bbox 788 3929 2381 4004">
    <p class='ocr_par' dir='ltr' id='par_1_59' title="bbox 788 3929 2381 4004">
     <span class='ocr_line' id='line_1_59' title="bbox 788 3929 2381 4004; baseline -0.006 -12"><span class='ocrx_word' id='word_1_428' title='bbox 788 3934 1270 4004; x_wconf 65' lang='lat' dir='ltr'><strong>dicenszPruipe</strong></span> <span class='ocrx_word' id='word_1_429' title='bbox 1319 3933 1446 3988; x_wconf 73' lang='lat' dir='ltr'><strong>ﬁliis</strong></span> <span class='ocrx_word' id='word_1_430' title='bbox 1503 3931 1689 3994; x_wconf 89' lang='lat' dir='ltr'><strong>Israel,</strong></span> <span class='ocrx_word' id='word_1_431' title='bbox 1724 3940 1783 3985; x_wconf 92' lang='lat' dir='ltr'><strong>ut</strong></span> <span class='ocrx_word' id='word_1_432' title='bbox 1807 3929 2043 3984; x_wconf 81' lang='lat' dir='ltr'><strong>oll&#39;erant</strong></span> <span class='ocrx_word' id='word_1_433' title='bbox 2073 3930 2171 3985; x_wconf 88' lang='lat' dir='ltr'><strong>tibi</strong></span> <span class='ocrx_word' id='word_1_434' title='bbox 2199 3930 2381 3983; x_wconf 90' lang='lat' dir='ltr'><strong>oleum</strong></span> 
     </span>
    </p>
   </div>
   <div class='ocr_carea' id='block_1_60' title="bbox 791 4020 2378 4100">
    <p class='ocr_par' dir='ltr' id='par_1_60' title="bbox 791 4020 2378 4100">
     <span class='ocr_line' id='line_1_60' title="bbox 791 4020 2378 4100; baseline -0.007 -15"><span class='ocrx_word' id='word_1_435' title='bbox 791 4035 859 4088; x_wconf 77' lang='lat' dir='ltr'><strong>de</strong></span> <span class='ocrx_word' id='word_1_436' title='bbox 888 4031 1046 4086; x_wconf 82' lang='lat' dir='ltr'><strong>olivis</strong></span> <span class='ocrx_word' id='word_1_437' title='bbox 1074 4029 1428 4100; x_wconf 85' lang='lat' dir='ltr'><strong>purissimum</strong></span> <span class='ocrx_word' id='word_1_438' title='bbox 1463 4042 1525 4081; x_wconf 90' lang='lat' dir='ltr'><strong>ac</strong></span> <span class='ocrx_word' id='word_1_439' title='bbox 1568 4023 1835 4088; x_wconf 88' lang='lat' dir='ltr'><strong>lucidum,</strong></span> <span class='ocrx_word' id='word_1_440' title='bbox 1870 4022 1938 4078; x_wconf 91' lang='lat' dir='ltr'><strong>ad</strong></span> <span class='ocrx_word' id='word_1_441' title='bbox 1961 4020 2378 4076; x_wconf 87' lang='lat' dir='ltr'><strong>concinnandas</strong></span> 
     </span>
    </p>
   </div>
   <div class='ocr_carea' id='block_1_61' title="bbox 791 4114 2381 4193">
    <p class='ocr_par' dir='ltr' id='par_1_61' title="bbox 791 4114 2381 4193">
     <span class='ocr_line' id='line_1_61' title="bbox 791 4114 2381 4193; baseline -0.008 -15"><span class='ocrx_word' id='word_1_442' title='bbox 791 4126 1044 4180; x_wconf 87' lang='lat' dir='ltr'><strong>lucernas</strong></span> <span class='ocrx_word' id='word_1_443' title='bbox 1102 4121 1305 4193; x_wconf 89' lang='lat' dir='ltr'><strong>jugiter</strong></span> <span class='ocrx_word' id='word_1_444' title='bbox 1343 4127 1495 4175; x_wconf 81' lang='lat' dir='ltr'><strong>extra</strong></span> <span class='ocrx_word' id='word_1_445' title='bbox 1531 4116 1710 4172; x_wconf 84' lang='lat' dir='ltr'><strong>velum</strong></span> <span class='ocrx_word' id='word_1_446' title='bbox 1747 4114 2072 4180; x_wconf 82' lang='lat' dir='ltr'><strong>testimonii,</strong></span> <span class='ocrx_word' id='word_1_447' title='bbox 2106 4114 2159 4167; x_wconf 92' lang='lat' dir='ltr'><strong>in</strong></span> <span class='ocrx_word' id='word_1_448' title='bbox 2198 4114 2381 4167; x_wconf 89' lang='lat' dir='ltr'><strong>taber-</strong></span> 
     </span>
    </p>
   </div>
   <div class='ocr_carea' id='block_1_62' title="bbox 793 4207 2382 4279">
    <p class='ocr_par' dir='ltr' id='par_1_62' title="bbox 793 4207 2382 4279">
     <span class='ocr_line' id='line_1_62' title="bbox 793 4207 2382 4279; baseline -0.008 -8"><span class='ocrx_word' id='word_1_449' title='bbox 793 4215 1050 4271; x_wconf 83' lang='lat' dir='ltr'><strong>naculum</strong></span> <span class='ocrx_word' id='word_1_450' title='bbox 1112 4210 1355 4267; x_wconf 74' lang='lat' dir='ltr'><strong>I’mderis.</strong></span> <span class='ocrx_word' id='word_1_451' title='bbox 1411 4210 1692 4279; x_wconf 88' lang='lat' dir='ltr'><strong>Ponetque</strong></span> <span class='ocrx_word' id='word_1_452' title='bbox 1753 4221 1848 4260; x_wconf 86' lang='lat' dir='ltr'><strong>eas</strong></span> <span class='ocrx_word' id='word_1_453' title='bbox 1903 4207 2085 4260; x_wconf 79' lang='lat' dir='ltr'><strong>Aaron</strong></span> <span class='ocrx_word' id='word_1_454' title='bbox 2148 4220 2382 4274; x_wconf 79' lang='lat' dir='ltr'><strong>vespere</strong></span> 
     </span>
    </p>
   </div>
   <div class='ocr_carea' id='block_1_63' title="bbox 795 4285 2379 4378">
    <p class='ocr_par' dir='ltr' id='par_1_63' title="bbox 795 4285 2379 4378">
     <span class='ocr_line' id='line_1_63' title="bbox 795 4285 2379 4378; baseline -0.008 -15"><span class='ocrx_word' id='word_1_455' title='bbox 795 4325 967 4378; x_wconf 80' lang='lat' dir='ltr'><strong>usque</strong></span> <span class='ocrx_word' id='word_1_456' title='bbox 997 4308 1051 4360; x_wconf 85' lang='lat' dir='ltr'><strong>in</strong></span> <span class='ocrx_word' id='word_1_457' title='bbox 1089 4322 1248 4360; x_wconf 79' lang='lat' dir='ltr'><strong>mane</strong></span> <span class='ocrx_word' id='word_1_458' title='bbox 1289 4285 1472 4359; x_wconf 79' lang='lat' dir='ltr'><strong>coram</strong></span> <span class='ocrx_word' id='word_1_459' title='bbox 1512 4301 1743 4356; x_wconf 83' lang='lat' dir='ltr'><strong>Domino</strong></span> <span class='ocrx_word' id='word_1_460' title='bbox 1782 4299 1955 4363; x_wconf 87' lang='lat' dir='ltr'><strong>cultu,</strong></span> <span class='ocrx_word' id='word_1_461' title='bbox 1987 4301 2206 4368; x_wconf 87' lang='lat' dir='ltr'><strong>rituque</strong></span> <span class='ocrx_word' id='word_1_462' title='bbox 2253 4314 2379 4367; x_wconf 83' lang='lat' dir='ltr'><strong>per-</strong></span> 
     </span>
    </p>
   </div>
   <div class='ocr_carea' id='block_1_64' title="bbox 795 4390 2382 4468">
    <p class='ocr_par' dir='ltr' id='par_1_64' title="bbox 795 4390 2382 4468">
     <span class='ocr_line' id='line_1_64' title="bbox 795 4390 2382 4468; baseline -0.006 -15"><span class='ocrx_word' id='word_1_463' title='bbox 795 4410 963 4468; x_wconf 84' lang='lat' dir='ltr'><strong>petuo</strong></span> <span class='ocrx_word' id='word_1_464' title='bbox 1003 4399 1056 4451; x_wconf 88' lang='lat' dir='ltr'><strong>in</strong></span> <span class='ocrx_word' id='word_1_465' title='bbox 1100 4394 1544 4466; x_wconf 84' lang='lat' dir='ltr'><strong>generationibus</strong></span> <span class='ocrx_word' id='word_1_466' title='bbox 1577 4391 1798 4447; x_wconf 82' lang='lat' dir='ltr'><strong>vestris.</strong></span> <span class='ocrx_word' id='word_1_467' title='bbox 1836 4390 2013 4460; x_wconf 91' lang='lat' dir='ltr'><strong>Super</strong></span> <span class='ocrx_word' id='word_1_468' title='bbox 2051 4390 2382 4444; x_wconf 84' lang='lat' dir='ltr'><strong>candelabro</strong></span> 
     </span>
    </p>
   </div>
   <div class='ocr_carea' id='block_1_65' title="bbox 795 4481 2382 4556">
    <p class='ocr_par' dir='ltr' id='par_1_65' title="bbox 795 4481 2382 4556">
     <span class='ocr_line' id='line_1_65' title="bbox 795 4481 2382 4556; baseline -0.006 -11"><span class='ocrx_word' id='word_1_469' title='bbox 795 4489 1159 4545; x_wconf 82' lang='lat' dir='ltr'><strong>mundissimo</strong></span> <span class='ocrx_word' id='word_1_470' title='bbox 1213 4496 1492 4556; x_wconf 87' lang='lat' dir='ltr'><strong>ponentur</strong></span> <span class='ocrx_word' id='word_1_471' title='bbox 1542 4500 1762 4556; x_wconf 87' lang='lat' dir='ltr'><strong>semper</strong></span> <span class='ocrx_word' id='word_1_472' title='bbox 1821 4485 1875 4537; x_wconf 92' lang='lat' dir='ltr'><strong>in</strong></span> <span class='ocrx_word' id='word_1_473' title='bbox 1931 4493 2228 4552; x_wconf 84' lang='lat' dir='ltr'><strong>conspectu</strong></span> <span class='ocrx_word' id='word_1_474' title='bbox 2277 4481 2382 4535; x_wconf 85' lang='lat' dir='ltr'><strong>Do-</strong></span> 
     </span>
    </p>
   </div>
   <div class='ocr_carea' id='block_1_66' title="bbox 794 4581 1002 4637">
    <p class='ocr_par' dir='ltr' id='par_1_66' title="bbox 794 4581 1002 4637">
     <span class='ocr_line' id='line_1_66' title="bbox 794 4581 1002 4637; baseline -0.034 0"><span class='ocrx_word' id='word_1_475' title='bbox 794 4581 949 4637; x_wconf 87' lang='lat' dir='ltr'><strong>tnini.</strong></span> <span class='ocrx_word' id='word_1_476' title='bbox 985 4599 1002 4630; x_wconf 74' lang='grc' dir='ltr'><strong>ι</strong></span> 
     </span>
    </p>
   </div>
   <div class='ocr_carea' id='block_1_67' title="bbox 866 4666 2382 4737">
    <p class='ocr_par' dir='ltr' id='par_1_67' title="bbox 866 4666 2382 4737">
     <span class='ocr_line' id='line_1_67' title="bbox 866 4666 2382 4737; baseline -0.003 -12"><span class='ocrx_word' id='word_1_477' title='bbox 866 4672 1029 4726; x_wconf 80' lang='lat' dir='ltr'><strong>Plena</strong></span> <span class='ocrx_word' id='word_1_478' title='bbox 1082 4679 1138 4724; x_wconf 92' lang='lat' dir='ltr'><strong>et</strong></span> <span class='ocrx_word' id='word_1_479' title='bbox 1184 4683 1334 4723; x_wconf 90' lang='lat' dir='ltr'><strong>nunc</strong></span> <span class='ocrx_word' id='word_1_480' title='bbox 1371 4667 1532 4737; x_wconf 86' lang='lat' dir='ltr'><strong>bonis</strong></span> <span class='ocrx_word' id='word_1_481' title='bbox 1569 4666 1910 4729; x_wconf 85' lang='lat' dir='ltr'><strong>multivaria,</strong></span> <span class='ocrx_word' id='word_1_482' title='bbox 1957 4677 2012 4720; x_wconf 89' lang='lat' dir='ltr'><strong>et</strong></span> <span class='ocrx_word' id='word_1_483' title='bbox 2063 4666 2382 4720; x_wconf 80' lang='lat' dir='ltr'><strong>multimoda</strong></span> 
     </span>
    </p>
   </div>
   <div class='ocr_carea' id='block_1_68' title="bbox 795 4760 2381 4833">
    <p class='ocr_par' dir='ltr' id='par_1_68' title="bbox 795 4760 2381 4833">
     <span class='ocr_line' id='line_1_68' title="bbox 795 4760 2381 4833; baseline -0.004 -13"><span class='ocrx_word' id='word_1_484' title='bbox 795 4766 878 4820; x_wconf 77' lang='lat' dir='ltr'><strong>lex</strong></span> <span class='ocrx_word' id='word_1_485' title='bbox 925 4763 1172 4833; x_wconf 81' lang='lat' dir='ltr'><strong>spiritus,</strong></span> <span class='ocrx_word' id='word_1_486' title='bbox 1205 4777 1308 4816; x_wconf 87' lang='lat' dir='ltr'><strong>nec</strong></span> <span class='ocrx_word' id='word_1_487' title='bbox 1352 4761 1498 4815; x_wconf 90' lang='lat' dir='ltr'><strong>enim</strong></span> <span class='ocrx_word' id='word_1_488' title='bbox 1553 4760 1841 4829; x_wconf 78' lang='lat' dir='ltr'><strong>exquirere</strong></span> <span class='ocrx_word' id='word_1_489' title='bbox 1885 4774 1948 4813; x_wconf 84' lang='lat' dir='ltr'><strong>ea</strong></span> <span class='ocrx_word' id='word_1_490' title='bbox 1995 4775 2116 4828; x_wconf 76' lang='lat' dir='ltr'><strong>qua:</strong></span> <span class='ocrx_word' id='word_1_491' title='bbox 2157 4770 2286 4814; x_wconf 83' lang='lat' dir='ltr'><strong>sunt</strong></span> <span class='ocrx_word' id='word_1_492' title='bbox 2317 4761 2381 4814; x_wconf 77' lang='lat' dir='ltr'><strong>ad</strong></span> 
     </span>
    </p>
   </div>
   <div class='ocr_carea' id='block_1_69' title="bbox 793 4841 2379 4922">
    <p class='ocr_par' dir='ltr' id='par_1_69' title="bbox 793 4841 2379 4922">
     <span class='ocr_line' id='line_1_69' title="bbox 793 4841 2379 4922; baseline -0.004 -11"><span class='ocrx_word' id='word_1_493' title='bbox 793 4841 1191 4911; x_wconf 86' lang='lat' dir='ltr'><strong>correctionem</strong></span> <span class='ocrx_word' id='word_1_494' title='bbox 1245 4852 1580 4922; x_wconf 87' lang='lat' dir='ltr'><strong>placentium</strong></span> <span class='ocrx_word' id='word_1_495' title='bbox 1629 4853 1740 4905; x_wconf 88' lang='lat' dir='ltr'><strong>Deo</strong></span> <span class='ocrx_word' id='word_1_496' title='bbox 1790 4860 1846 4904; x_wconf 91' lang='lat' dir='ltr'><strong>et</strong></span> <span class='ocrx_word' id='word_1_497' title='bbox 1891 4866 2013 4920; x_wconf 76' lang='lat' dir='ltr'><strong>qua:</strong></span> <span class='ocrx_word' id='word_1_498' title='bbox 2059 4863 2379 4921; x_wconf 86' lang='lat' dir='ltr'><strong>perpetuam</strong></span> 
     </span>
    </p>
   </div>
   <div class='ocr_carea' id='block_1_70' title="bbox 793 4943 2380 5014">
    <p class='ocr_par' dir='ltr' id='par_1_70' title="bbox 793 4943 2380 5014">
     <span class='ocr_line' id='line_1_70' title="bbox 793 4943 2380 5014; baseline -0.003 -12"><span class='ocrx_word' id='word_1_499' title='bbox 793 4949 962 5003; x_wconf 85' lang='lat' dir='ltr'><strong>vitam</strong></span> <span class='ocrx_word' id='word_1_500' title='bbox 1008 4946 1169 5000; x_wconf 84' lang='lat' dir='ltr'><strong>nobis</strong></span> <span class='ocrx_word' id='word_1_501' title='bbox 1221 4945 1577 5014; x_wconf 84' lang='lat' dir='ltr'><strong>conquirant,</strong></span> <span class='ocrx_word' id='word_1_502' title='bbox 1618 4954 1818 4998; x_wconf 86' lang='lat' dir='ltr'><strong>cessat.</strong></span> <span class='ocrx_word' id='word_1_503' title='bbox 1864 4943 2034 5012; x_wconf 85' lang='lat' dir='ltr'><strong>Cujus</strong></span> <span class='ocrx_word' id='word_1_504' title='bbox 2080 4959 2209 5014; x_wconf 85' lang='lat' dir='ltr'><strong>ergo</strong></span> <span class='ocrx_word' id='word_1_505' title='bbox 2249 4944 2380 5014; x_wconf 84' lang='lat' dir='ltr'><strong>ﬁgu-</strong></span> 
     </span>
    </p>
   </div>
   <div class='ocr_carea' id='block_1_71' title="bbox 796 5035 2375 5108">
    <p class='ocr_par' dir='ltr' id='par_1_71' title="bbox 796 5035 2375 5108">
     <span class='ocr_line' id='line_1_71' title="bbox 796 5035 2375 5108; baseline -0.003 -14"><span class='ocrx_word' id='word_1_506' title='bbox 796 5055 912 5094; x_wconf 89' lang='lat' dir='ltr'><strong>ram</strong></span> <span class='ocrx_word' id='word_1_507' title='bbox 956 5040 1080 5102; x_wconf 78' lang='grc' dir='ltr'><strong>ιιοε,</strong></span> <span class='ocrx_word' id='word_1_508' title='bbox 1115 5038 1257 5108; x_wconf 91' lang='lat' dir='ltr'><strong>quod</strong></span> <span class='ocrx_word' id='word_1_509' title='bbox 1291 5051 1439 5090; x_wconf 88' lang='lat' dir='ltr'><strong>nunc</strong></span> <span class='ocrx_word' id='word_1_510' title='bbox 1472 5037 1779 5106; x_wconf 76' lang='lat' dir='ltr'><strong>expositum</strong></span> <span class='ocrx_word' id='word_1_511' title='bbox 1817 5046 1902 5090; x_wconf 89' lang='lat' dir='ltr'><strong>est</strong></span> <span class='ocrx_word' id='word_1_512' title='bbox 1933 5052 1961 5089; x_wconf 90' lang='lat' dir='ltr'><strong>a</strong></span> <span class='ocrx_word' id='word_1_513' title='bbox 1996 5035 2132 5106; x_wconf 75' lang='lat' dir='ltr'><strong>lege.</strong></span> <span class='ocrx_word' id='word_1_514' title='bbox 2171 5038 2375 5090; x_wconf 54' lang='lat' dir='ltr'><strong>cantico</strong></span> 
     </span>
    </p>
   </div>
   <div class='ocr_carea' id='block_1_72' title="bbox 795 5106 2458 5200">
    <p class='ocr_par' dir='ltr' id='par_1_72' title="bbox 795 5106 2458 5200">
     <span class='ocr_line' id='line_1_72' title="bbox 795 5106 2458 5200; baseline -0.001 -15"><span class='ocrx_word' id='word_1_515' title='bbox 795 5132 1030 5194; x_wconf 78' lang='lat' dir='ltr'><strong>labrum.</strong></span> <span class='ocrx_word' id='word_1_516' title='bbox 1071 5143 1128 5186; x_wconf 87' lang='lat' dir='ltr'><strong>et</strong></span> <span class='ocrx_word' id='word_1_517' title='bbox 1171 5131 1446 5195; x_wconf 61' lang='lat' dir='ltr'><strong>lucernae,</strong></span> <span class='ocrx_word' id='word_1_518' title='bbox 1497 5137 1553 5183; x_wconf 89' lang='lat' dir='ltr'><strong>et</strong></span> <span class='ocrx_word' id='word_1_519' title='bbox 1601 5130 1781 5184; x_wconf 90' lang='lat' dir='ltr'><strong>oleum</strong></span> <span class='ocrx_word' id='word_1_520' title='bbox 1834 5138 2048 5200; x_wconf 87' lang='lat' dir='ltr'><strong>gerant.</strong></span> <span class='ocrx_word' id='word_1_521' title='bbox 2096 5145 2160 5184; x_wconf 83' lang='lat' dir='ltr'><strong>ex</strong></span> <span class='ocrx_word' id='word_1_522' title='bbox 2201 5130 2382 5184; x_wconf 81' lang='lat' dir='ltr'><strong>verbis</strong></span> <span class='ocrx_word' id='word_1_523' title='bbox 2415 5106 2458 5160; x_wconf 72' lang='grc' dir='ltr'><strong>θ</strong></span> 
     </span>
    </p>
   </div>
   <div class='ocr_carea' id='block_1_73' title="bbox 794 5218 2382 5292">
    <p class='ocr_par' dir='ltr' id='par_1_73' title="bbox 794 5218 2382 5292">
     <span class='ocr_line' id='line_1_73' title="bbox 794 5218 2382 5292; baseline -0.001 -16"><span class='ocrx_word' id='word_1_524' title='bbox 794 5222 928 5292; x_wconf 81' lang='lat' dir='ltr'><strong>ipsis</strong></span> <span class='ocrx_word' id='word_1_525' title='bbox 955 5222 1140 5292; x_wconf 83' lang='lat' dir='ltr'><strong>legens</strong></span> <span class='ocrx_word' id='word_1_526' title='bbox 1166 5220 1379 5274; x_wconf 85' lang='lat' dir='ltr'><strong>discere</strong></span> <span class='ocrx_word' id='word_1_527' title='bbox 1410 5229 1609 5289; x_wconf 87' lang='lat' dir='ltr'><strong>potest,</strong></span> <span class='ocrx_word' id='word_1_528' title='bbox 1641 5219 1775 5273; x_wconf 86' lang='lat' dir='ltr'><strong>illud</strong></span> <span class='ocrx_word' id='word_1_529' title='bbox 1800 5218 1974 5284; x_wconf 84' lang='lat' dir='ltr'><strong>Pauli,</strong></span> <span class='ocrx_word' id='word_1_530' title='bbox 2008 5223 2150 5289; x_wconf 87' lang='lat' dir='ltr'><strong>quod</strong></span> <span class='ocrx_word' id='word_1_531' title='bbox 2175 5222 2241 5274; x_wconf 89' lang='lat' dir='ltr'><strong>ad</strong></span> <span class='ocrx_word' id='word_1_532' title='bbox 2277 5221 2382 5274; x_wconf 83' lang='lat' dir='ltr'><strong>lle-</strong></span> 
     </span>
    </p>
   </div>
   <div class='ocr_carea' id='block_1_74' title="bbox 793 5313 2379 5384">
    <p class='ocr_par' dir='ltr' id='par_1_74' title="bbox 793 5313 2379 5384">
     <span class='ocr_line' id='line_1_74' title="bbox 793 5313 2379 5384; baseline -0.001 -14"><span class='ocrx_word' id='word_1_533' title='bbox 793 5315 972 5370; x_wconf 63' lang='lat' dir='ltr'><strong>brzos</strong></span> <span class='ocrx_word' id='word_1_534' title='bbox 1001 5314 1245 5384; x_wconf 88' lang='lat' dir='ltr'><strong>scripsit,</strong></span> <span class='ocrx_word' id='word_1_535' title='bbox 1271 5313 1339 5368; x_wconf 92' lang='lat' dir='ltr'><strong>ad</strong></span> <span class='ocrx_word' id='word_1_536' title='bbox 1369 5313 1692 5366; x_wconf 88' lang='lat' dir='ltr'><strong>memoriam</strong></span> <span class='ocrx_word' id='word_1_537' title='bbox 1721 5313 1875 5382; x_wconf 89' lang='lat' dir='ltr'><strong>prius</strong></span> <span class='ocrx_word' id='word_1_538' title='bbox 1916 5328 2181 5368; x_wconf 88' lang='lat' dir='ltr'><strong>revocans</strong></span> <span class='ocrx_word' id='word_1_539' title='bbox 2217 5333 2228 5368; x_wconf 90' lang='lat'><strong>:</strong></span> <span class='ocrx_word' id='word_1_540' title='bbox 2267 5319 2379 5368; x_wconf 81' lang='lat' dir='ltr'><strong>Ila-</strong></span> 
     </span>
    </p>
   </div>
   <div class='ocr_carea' id='block_1_75' title="bbox 800 5399 2382 5478">
    <p class='ocr_par' dir='ltr' id='par_1_75' title="bbox 800 5399 2382 5478">
     <span class='ocr_line' id='line_1_75' title="bbox 800 5399 2382 5478; baseline 0.001 -18"><span class='ocrx_word' id='word_1_541' title='bbox 800 5408 903 5460; x_wconf 74' lang='lat' dir='ltr'><strong>lmit</strong></span> <span class='ocrx_word' id='word_1_542' title='bbox 943 5408 1152 5478; x_wconf 85' lang='lat' dir='ltr'><strong>quidem</strong></span> <span class='ocrx_word' id='word_1_543' title='bbox 1192 5416 1240 5459; x_wconf 88' lang='lat' dir='ltr'><strong>et</strong></span> <span class='ocrx_word' id='word_1_544' title='bbox 1280 5407 1425 5474; x_wconf 87' lang='lat' dir='ltr'><strong>prius</strong></span> <span class='ocrx_word' id='word_1_545' title='bbox 1455 5405 1865 5475; x_wconf 77' lang='lat' dir='ltr'><strong>justiﬁcationes</strong></span> <span class='ocrx_word' id='word_1_546' title='bbox 1895 5407 2139 5471; x_wconf 66' lang='lat' dir='ltr'><strong>culturae,</strong></span> <span class='ocrx_word' id='word_1_547' title='bbox 2177 5419 2225 5461; x_wconf 75' lang='lat' dir='ltr'><strong>et</strong></span> <span class='ocrx_word' id='word_1_548' title='bbox 2256 5399 2382 5461; x_wconf 56' lang='lat' dir='ltr'><strong>san-</strong></span> 
     </span>
    </p>
   </div>
   <div class='ocr_carea' id='block_1_76' title="bbox 799 5497 2380 5568">
    <p class='ocr_par' dir='ltr' id='par_1_76' title="bbox 799 5497 2380 5568">
     <span class='ocr_line' id='line_1_76' title="bbox 799 5497 2380 5568; baseline 0 -14"><span class='ocrx_word' id='word_1_549' title='bbox 799 5507 935 5554; x_wconf 76' lang='lat' dir='ltr'><strong>ctum</strong></span> <span class='ocrx_word' id='word_1_550' title='bbox 965 5499 1243 5553; x_wconf 70' lang='lat' dir='ltr'><strong>saculare.</strong></span> <span class='ocrx_word' id='word_1_551' title='bbox 1284 5497 1700 5552; x_wconf 86' lang='lat' dir='ltr'><strong>Tabernaculum</strong></span> <span class='ocrx_word' id='word_1_552' title='bbox 1741 5500 1880 5551; x_wconf 86' lang='lat' dir='ltr'><strong>enim</strong></span> <span class='ocrx_word' id='word_1_553' title='bbox 1923 5502 2122 5568; x_wconf 75' lang='lat' dir='ltr'><strong>factum</strong></span> <span class='ocrx_word' id='word_1_554' title='bbox 2159 5510 2232 5553; x_wconf 84' lang='lat' dir='ltr'><strong>est</strong></span> <span class='ocrx_word' id='word_1_555' title='bbox 2267 5502 2380 5567; x_wconf 81' lang='lat' dir='ltr'><strong>pri-</strong></span> 
     </span>
    </p>
   </div>
   <div class='ocr_carea' id='block_1_77' title="bbox 861 5697 1412 5762">
    <p class='ocr_par' dir='ltr' id='par_1_77' title="bbox 861 5697 1412 5762">
     <span class='ocr_line' id='line_1_77' title="bbox 861 5697 1412 5762; baseline -0.002 -8"><span class='ocrx_word' id='word_1_556' title='bbox 861 5703 903 5730; x_wconf 74' lang='lat'><strong>”</strong></span> <span class='ocrx_word' id='word_1_557' title='bbox 934 5697 1038 5754; x_wconf 82' lang='lat' dir='ltr'><strong>Isa.</strong></span> <span class='ocrx_word' id='word_1_558' title='bbox 1065 5711 1293 5762; x_wconf 77' lang='lat' dir='ltr'><strong>xxxvi”,</strong></span> <span class='ocrx_word' id='word_1_559' title='bbox 1327 5700 1412 5753; x_wconf 73' lang='lat' dir='ltr'><strong>I2.</strong></span> 
     </span>
    </p>
   </div>
   <div class='ocr_carea' id='block_1_78' title="bbox 801 5769 1049 5837">
    <p class='ocr_par' dir='ltr' id='par_1_78' title="bbox 801 5769 1049 5837">
     <span class='ocr_line' id='line_1_78' title="bbox 801 5769 1049 5837; baseline -0.024 -9"><span class='ocrx_word' id='word_1_560' title='bbox 801 5783 878 5829; x_wconf 78' lang='lat' dir='ltr'><strong>ts.</strong></span> <span class='ocrx_word' id='word_1_561' title='bbox 912 5769 962 5837; x_wconf 83' lang='lat' dir='ltr'><strong>I,</strong></span> <span class='ocrx_word' id='word_1_562' title='bbox 996 5772 1049 5826; x_wconf 63' lang='grc' dir='ltr'><strong>Ξ.</strong></span> 
     </span>
    </p>
   </div>
   <div class='ocr_carea' id='block_1_79' title="bbox 1507 5698 2088 5765">
    <p class='ocr_par' dir='ltr' id='par_1_79' title="bbox 1507 5698 2088 5765">
     <span class='ocr_line' id='line_1_79' title="bbox 1507 5698 2088 5765; baseline 0.007 -12"><span class='ocrx_word' id='word_1_563' title='bbox 1507 5699 1521 5729; x_wconf 87' lang='grc'>¹</span> <span class='ocrx_word' id='word_1_564' title='bbox 1567 5699 1584 5753; x_wconf 94' lang='grc' dir='ltr'><strong>Ι</strong></span> <span class='ocrx_word' id='word_1_565' title='bbox 1611 5698 1735 5754; x_wconf 91' lang='lat' dir='ltr'><strong>Cor.</strong></span> <span class='ocrx_word' id='word_1_566' title='bbox 1771 5717 1869 5765; x_wconf 86' lang='lat' dir='ltr'><strong>vn,</strong></span> <span class='ocrx_word' id='word_1_567' title='bbox 1899 5699 2088 5758; x_wconf 73' lang='lat' dir='ltr'><strong>29—5l.</strong></span> 
     </span>
    </p>
   </div>
   <div class='ocr_carea' id='block_1_80' title="bbox 1140 5771 2068 5837">
    <p class='ocr_par' dir='ltr' id='par_1_80' title="bbox 1140 5771 2068 5837">
     <span class='ocr_line' id='line_1_80' title="bbox 1140 5771 2068 5837; baseline 0.006 -15"><span class='ocrx_word' id='word_1_568' title='bbox 1140 5772 1160 5801; x_wconf 84' lang='lat'>&#39;</span> <span class='ocrx_word' id='word_1_569' title='bbox 1185 5771 1347 5825; x_wconf 88' lang='lat' dir='ltr'><strong>Ichr.</strong></span> <span class='ocrx_word' id='word_1_570' title='bbox 1398 5771 1510 5835; x_wconf 80' lang='lat' dir='ltr'><strong>x,I.</strong></span> <span class='ocrx_word' id='word_1_571' title='bbox 1609 5772 1629 5801; x_wconf 83' lang='grc'><strong>⁸</strong></span> <span class='ocrx_word' id='word_1_572' title='bbox 1664 5771 1791 5826; x_wconf 86' lang='lat' dir='ltr'><strong>Luc.</strong></span> <span class='ocrx_word' id='word_1_573' title='bbox 1827 5789 1946 5837; x_wconf 88' lang='lat' dir='ltr'><strong>vm,</strong></span> <span class='ocrx_word' id='word_1_574' title='bbox 1983 5773 2068 5828; x_wconf 82' lang='grc'><strong>16.</strong></span> 
     </span>
    </p>
   </div>
   <div class='ocr_carea' id='block_1_81' title="bbox 2409 3747 4054 3817">
    <p class='ocr_par' dir='ltr' id='par_1_81' title="bbox 2409 3747 4054 3817">
     <span class='ocr_line' id='line_1_81' title="bbox 2409 3747 4054 3817; baseline -0.007 -15"><span class='ocrx_word' id='word_1_575' title='bbox 2409 3753 2452 3811; x_wconf 86' lang='lat' dir='ltr'><strong>C</strong></span> <span class='ocrx_word' id='word_1_576' title='bbox 2487 3765 2658 3812; x_wconf 85' lang='lat' dir='ltr'><strong>mum,</strong></span> <span class='ocrx_word' id='word_1_577' title='bbox 2691 3749 2745 3800; x_wconf 89' lang='lat' dir='ltr'><strong>in</strong></span> <span class='ocrx_word' id='word_1_578' title='bbox 2780 3764 2881 3817; x_wconf 88' lang='lat' dir='ltr'><strong>quo</strong></span> <span class='ocrx_word' id='word_1_579' title='bbox 2921 3759 3074 3801; x_wconf 86' lang='lat' dir='ltr'><strong>erant</strong></span> <span class='ocrx_word' id='word_1_580' title='bbox 3110 3747 3458 3810; x_wconf 81' lang='lat' dir='ltr'><strong>candelabra,</strong></span> <span class='ocrx_word' id='word_1_581' title='bbox 3494 3756 3542 3798; x_wconf 90' lang='lat' dir='ltr'><strong>et</strong></span> <span class='ocrx_word' id='word_1_582' title='bbox 3583 3762 3808 3808; x_wconf 81' lang='lat' dir='ltr'><strong>mensa,</strong></span> <span class='ocrx_word' id='word_1_583' title='bbox 3841 3756 3887 3798; x_wconf 88' lang='lat' dir='ltr'><strong>et</strong></span> <span class='ocrx_word' id='word_1_584' title='bbox 3921 3758 4054 3812; x_wconf 61' lang='lat' dir='ltr'><strong>press-</strong></span> 
     </span>
    </p>
   </div>
   <div class='ocr_carea' id='block_1_82' title="bbox 2203 5703 3138 5775">
    <p class='ocr_par' dir='ltr' id='par_1_82' title="bbox 2203 5703 3138 5775">
     <span class='ocr_line' id='line_1_82' title="bbox 2203 5703 3138 5775; baseline 0.007 -19"><span class='ocrx_word' id='word_1_585' title='bbox 2203 5707 2235 5775; x_wconf 10' lang='lat'><strong>7&#39;,</strong></span> <span class='ocrx_word' id='word_1_586' title='bbox 2264 5703 2453 5759; x_wconf 81' lang='lat' dir='ltr'><strong>Matth.</strong></span> <span class='ocrx_word' id='word_1_587' title='bbox 2486 5724 2602 5766; x_wconf 76' lang='lat' dir='ltr'><strong>vin,</strong></span> <span class='ocrx_word' id='word_1_588' title='bbox 2629 5709 2732 5769; x_wconf 73' lang='lat'><strong>9.1-,</strong></span> <span class='ocrx_word' id='word_1_589' title='bbox 2769 5709 2901 5763; x_wconf 85' lang='lat' dir='ltr'><strong>Luc.</strong></span> <span class='ocrx_word' id='word_1_590' title='bbox 2939 5726 3010 5775; x_wconf 72' lang='lat' dir='ltr'><strong>Ix,</strong></span> <span class='ocrx_word' id='word_1_591' title='bbox 3049 5707 3138 5763; x_wconf 81' lang='grc'><strong>58.</strong></span> 
     </span>
    </p>
   </div>
   <div class='ocr_carea' id='block_1_83' title="bbox 2149 5773 2767 5848">
    <p class='ocr_par' dir='ltr' id='par_1_83' title="bbox 2149 5773 2767 5848">
     <span class='ocr_line' id='line_1_83' title="bbox 2149 5773 2767 5848; baseline 0.003 -20"><span class='ocrx_word' id='word_1_592' title='bbox 2149 5775 2168 5807; x_wconf 80' lang='grc'><strong>⁷</strong></span> <span class='ocrx_word' id='word_1_593' title='bbox 2193 5773 2384 5829; x_wconf 76' lang='lat' dir='ltr'><strong>Matth.</strong></span> <span class='ocrx_word' id='word_1_594' title='bbox 2415 5794 2535 5840; x_wconf 69' lang='lat' dir='ltr'><strong>xxv,</strong></span> <span class='ocrx_word' id='word_1_595' title='bbox 2567 5780 2586 5831; x_wconf 83' lang='lat' dir='ltr'><strong>I</strong></span> <span class='ocrx_word' id='word_1_596' title='bbox 2618 5797 2767 5848; x_wconf 64' lang='lat' dir='ltr'><strong>sum.</strong></span> 
     </span>
    </p>
   </div>
   <div class='ocr_carea' id='block_1_84' title="bbox 2487 3838 4052 3910">
    <p class='ocr_par' dir='ltr' id='par_1_84' title="bbox 2487 3838 4052 3910">
     <span class='ocr_line' id='line_1_84' title="bbox 2487 3838 4052 3910; baseline -0.006 -16"><span class='ocrx_word' id='word_1_597' title='bbox 2487 3842 2609 3895; x_wconf 88' lang='lat' dir='ltr'><strong>sitio</strong></span> <span class='ocrx_word' id='word_1_598' title='bbox 2637 3856 2840 3910; x_wconf 82' lang='lat' dir='ltr'><strong>panum</strong></span> <span class='ocrx_word' id='word_1_599' title='bbox 2863 3841 2905 3894; x_wconf 76' lang='grc'><strong>⁸.</strong></span> <span class='ocrx_word' id='word_1_600' title='bbox 2939 3839 3150 3895; x_wconf 88' lang='lat' dir='ltr'><strong>Deinde</strong></span> <span class='ocrx_word' id='word_1_601' title='bbox 3176 3839 3454 3910; x_wconf 88' lang='lat' dir='ltr'><strong>quomodo</strong></span> <span class='ocrx_word' id='word_1_602' title='bbox 3487 3838 3612 3893; x_wconf 66' lang='lat' dir='ltr'><strong>haec</strong></span> <span class='ocrx_word' id='word_1_603' title='bbox 3639 3854 3777 3908; x_wconf 69' lang='lat' dir='ltr'><strong>quae</strong></span> <span class='ocrx_word' id='word_1_604' title='bbox 3810 3838 3928 3891; x_wconf 75' lang='lat' dir='ltr'><strong>talia</strong></span> <span class='ocrx_word' id='word_1_605' title='bbox 3953 3845 4052 3889; x_wconf 65' lang='lat' dir='ltr'><strong>sunt.</strong></span> 
     </span>
    </p>
   </div>
   <div class='ocr_carea' id='block_1_85' title="bbox 2487 3929 4051 4003">
    <p class='ocr_par' dir='ltr' id='par_1_85' title="bbox 2487 3929 4051 4003">
     <span class='ocr_line' id='line_1_85' title="bbox 2487 3929 4051 4003; baseline -0.005 -17"><span class='ocrx_word' id='word_1_606' title='bbox 2487 3932 2865 4003; x_wconf 87' lang='lat' dir='ltr'><strong>intelligentur</strong></span> <span class='ocrx_word' id='word_1_607' title='bbox 2916 3946 3202 4002; x_wconf 83' lang='lat' dir='ltr'><strong>exponens</strong></span> <span class='ocrx_word' id='word_1_608' title='bbox 3260 3933 3378 4002; x_wconf 90' lang='lat' dir='ltr'><strong>ipse</strong></span> <span class='ocrx_word' id='word_1_609' title='bbox 3427 3945 3631 3984; x_wconf 91' lang='lat' dir='ltr'><strong>rursus</strong></span> <span class='ocrx_word' id='word_1_610' title='bbox 3677 3929 3944 3990; x_wconf 52' lang='lat' dir='ltr'><strong>Hebraeis,</strong></span> <span class='ocrx_word' id='word_1_611' title='bbox 3976 3946 4051 3978; x_wconf 58' lang='lat' dir='ltr'><strong>arn-</strong></span> 
     </span>
    </p>
   </div>
   <div class='ocr_carea' id='block_1_86' title="bbox 2487 4020 4052 4093">
    <p class='ocr_par' dir='ltr' id='par_1_86' title="bbox 2487 4020 4052 4093">
     <span class='ocr_line' id='line_1_86' title="bbox 2487 4020 4052 4093; baseline -0.006 -15"><span class='ocrx_word' id='word_1_612' title='bbox 2487 4025 2640 4078; x_wconf 88' lang='lat' dir='ltr'><strong>bram</strong></span> <span class='ocrx_word' id='word_1_613' title='bbox 2675 4023 2869 4078; x_wconf 79' lang='lat' dir='ltr'><strong>habere</strong></span> <span class='ocrx_word' id='word_1_614' title='bbox 2902 4023 3066 4093; x_wconf 81' lang='lat' dir='ltr'><strong>legem</strong></span> <span class='ocrx_word' id='word_1_615' title='bbox 3097 4023 3118 4054; x_wconf 83' lang='lat'><strong>&#39;</strong></span> <span class='ocrx_word' id='word_1_616' title='bbox 3155 4022 3313 4077; x_wconf 79' lang='lat' dir='ltr'><strong>dixit.</strong></span> <span class='ocrx_word' id='word_1_617' title='bbox 3351 4020 3494 4092; x_wconf 87' lang='lat' dir='ltr'><strong>Ergo</strong></span> <span class='ocrx_word' id='word_1_618' title='bbox 3526 4035 3633 4091; x_wconf 89' lang='lat' dir='ltr'><strong>per</strong></span> <span class='ocrx_word' id='word_1_619' title='bbox 3668 4021 3943 4082; x_wconf 85' lang='lat' dir='ltr'><strong>umbram,</strong></span> <span class='ocrx_word' id='word_1_620' title='bbox 3975 4032 4052 4070; x_wconf 69' lang='lat' dir='ltr'><strong>cor-</strong></span> 
     </span>
    </p>
   </div>
   <div class='ocr_carea' id='block_1_87' title="bbox 2487 4114 4050 4187">
    <p class='ocr_par' dir='ltr' id='par_1_87' title="bbox 2487 4114 4050 4187">
     <span class='ocr_line' id='line_1_87' title="bbox 2487 4114 4050 4187; baseline -0.006 -18"><span class='ocrx_word' id='word_1_621' title='bbox 2487 4131 2592 4186; x_wconf 87' lang='lat' dir='ltr'><strong>pus</strong></span> <span class='ocrx_word' id='word_1_622' title='bbox 2631 4116 3033 4187; x_wconf 81' lang='lat' dir='ltr'><strong>exquiramus:</strong></span> <span class='ocrx_word' id='word_1_623' title='bbox 3072 4115 3481 4169; x_wconf 86' lang='lat' dir='ltr'><strong>Candelabrum</strong></span> <span class='ocrx_word' id='word_1_624' title='bbox 3528 4129 3670 4183; x_wconf 80' lang='lat' dir='ltr'><strong>ergo</strong></span> <span class='ocrx_word' id='word_1_625' title='bbox 3710 4114 3949 4168; x_wconf 83' lang='lat' dir='ltr'><strong>dicimus</strong></span> <span class='ocrx_word' id='word_1_626' title='bbox 3974 4122 4050 4164; x_wconf 72' lang='lat' dir='ltr'><strong>esst</strong></span> 
     </span>
    </p>
   </div>
   <div class='ocr_carea' id='block_1_88' title="bbox 2487 4203 4051 4278">
    <p class='ocr_par' dir='ltr' id='par_1_88' title="bbox 2487 4203 4051 4278">
     <span class='ocr_line' id='line_1_88' title="bbox 2487 4203 4051 4278; baseline -0.008 -14"><span class='ocrx_word' id='word_1_627' title='bbox 2487 4207 2864 4278; x_wconf 81' lang='lat' dir='ltr'><strong>evangelicam</strong></span> <span class='ocrx_word' id='word_1_628' title='bbox 2911 4207 3414 4271; x_wconf 80' lang='lat' dir='ltr'><strong>conversationem,</strong></span> <span class='ocrx_word' id='word_1_629' title='bbox 3454 4205 3509 4259; x_wconf 91' lang='lat' dir='ltr'><strong>in</strong></span> <span class='ocrx_word' id='word_1_630' title='bbox 3547 4219 3665 4274; x_wconf 88' lang='lat' dir='ltr'><strong>qua</strong></span> <span class='ocrx_word' id='word_1_631' title='bbox 3715 4204 3968 4259; x_wconf 83' lang='lat' dir='ltr'><strong>Christus</strong></span> 
     </span>
    </p>
   </div>
   <div class='ocr_carea' id='block_1_89' title="bbox 2487 4295 4048 4369">
    <p class='ocr_par' dir='ltr' id='par_1_89' title="bbox 2487 4295 4048 4369">
     <span class='ocr_line' id='line_1_89' title="bbox 2487 4295 4048 4369; baseline -0.008 -15"><span class='ocrx_word' id='word_1_632' title='bbox 2487 4315 2671 4354; x_wconf 74' lang='lat' dir='ltr'><strong>cerua:</strong></span> <span class='ocrx_word' id='word_1_633' title='bbox 2707 4299 2872 4354; x_wconf 93' lang='lat' dir='ltr'><strong>modo</strong></span> <span class='ocrx_word' id='word_1_634' title='bbox 2909 4298 3279 4369; x_wconf 79' lang='lat' dir='ltr'><strong>essplendere</strong></span> <span class='ocrx_word' id='word_1_635' title='bbox 3319 4297 3555 4350; x_wconf 79' lang='lat' dir='ltr'><strong>virtutes</strong></span> <span class='ocrx_word' id='word_1_636' title='bbox 3590 4298 3860 4366; x_wconf 66' lang='lat' dir='ltr'><strong>praeipit</strong></span> <span class='ocrx_word' id='word_1_637' title='bbox 3893 4316 3904 4349; x_wconf 93' lang='lat'><strong>:</strong></span> <span class='ocrx_word' id='word_1_638' title='bbox 3934 4295 4048 4348; x_wconf 56' lang='lat' dir='ltr'><strong>ﬁnge:</strong></span> 
     </span>
    </p>
   </div>
   <div class='ocr_carea' id='block_1_90' title="bbox 2489 4391 4048 4463">
    <p class='ocr_par' dir='ltr' id='par_1_90' title="bbox 2489 4391 4048 4463">
     <span class='ocr_line' id='line_1_90' title="bbox 2489 4391 4048 4463; baseline -0.006 -16"><span class='ocrx_word' id='word_1_639' title='bbox 2489 4395 2652 4459; x_wconf 90' lang='lat' dir='ltr'><strong>enim,</strong></span> <span class='ocrx_word' id='word_1_640' title='bbox 2677 4393 2876 4463; x_wconf 90' lang='lat' dir='ltr'><strong>inquit,</strong></span> <span class='ocrx_word' id='word_1_641' title='bbox 2901 4393 3191 4446; x_wconf 83' lang='lat' dir='ltr'><strong>accendens</strong></span> <span class='ocrx_word' id='word_1_642' title='bbox 3217 4391 3508 4452; x_wconf 84' lang='lat' dir='ltr'><strong>lucernam,</strong></span> <span class='ocrx_word' id='word_1_643' title='bbox 3532 4403 3696 4458; x_wconf 77' lang='lat' dir='ltr'><strong>ponet</strong></span> <span class='ocrx_word' id='word_1_644' title='bbox 3726 4408 3853 4444; x_wconf 82' lang='lat' dir='ltr'><strong>eam</strong></span> <span class='ocrx_word' id='word_1_645' title='bbox 3875 4393 3955 4444; x_wconf 76' lang='lat' dir='ltr'><strong>sub</strong></span> <span class='ocrx_word' id='word_1_646' title='bbox 3977 4404 4048 4438; x_wconf 65' lang='lat' dir='ltr'><strong>El:-</strong></span> 
     </span>
    </p>
   </div>
   <div class='ocr_carea' id='block_1_91' title="bbox 2488 4483 4045 4556">
    <p class='ocr_par' dir='ltr' id='par_1_91' title="bbox 2488 4483 4045 4556">
     <span class='ocr_line' id='line_1_91' title="bbox 2488 4483 4045 4556; baseline -0.007 -16"><span class='ocrx_word' id='word_1_647' title='bbox 2488 4488 2598 4546; x_wconf 90' lang='lat' dir='ltr'><strong>dio,</strong></span> <span class='ocrx_word' id='word_1_648' title='bbox 2633 4488 2723 4541; x_wconf 90' lang='lat' dir='ltr'><strong>sed</strong></span> <span class='ocrx_word' id='word_1_649' title='bbox 2767 4503 2924 4556; x_wconf 84' lang='lat' dir='ltr'><strong>super</strong></span> <span class='ocrx_word' id='word_1_650' title='bbox 2971 4484 3371 4548; x_wconf 80' lang='lat' dir='ltr'><strong>candelabrum,</strong></span> <span class='ocrx_word' id='word_1_651' title='bbox 3405 4493 3462 4536; x_wconf 85' lang='lat' dir='ltr'><strong>ut</strong></span> <span class='ocrx_word' id='word_1_652' title='bbox 3508 4483 3691 4536; x_wconf 87' lang='lat' dir='ltr'><strong>luceat</strong></span> <span class='ocrx_word' id='word_1_653' title='bbox 3735 4485 3965 4537; x_wconf 70' lang='lat' dir='ltr'><strong>omnibus</strong></span> <span class='ocrx_word' id='word_1_654' title='bbox 3994 4498 4045 4546; x_wconf 61' lang='grc' dir='ltr'><strong>ςιτ</strong></span> 
     </span>
    </p>
   </div>
   <div class='ocr_carea' id='block_1_92' title="bbox 2485 4575 4044 4644">
    <p class='ocr_par' dir='ltr' id='par_1_92' title="bbox 2485 4575 4044 4644">
     <span class='ocr_line' id='line_1_92' title="bbox 2485 4575 4044 4644; baseline -0.005 -12"><span class='ocrx_word' id='word_1_655' title='bbox 2485 4580 2541 4632; x_wconf 88' lang='lat' dir='ltr'><strong>in</strong></span> <span class='ocrx_word' id='word_1_656' title='bbox 2576 4581 2730 4632; x_wconf 82' lang='lat' dir='ltr'><strong>domo</strong></span> <span class='ocrx_word' id='word_1_657' title='bbox 2758 4588 2880 4631; x_wconf 80' lang='lat' dir='ltr'><strong>sunt</strong></span> <span class='ocrx_word' id='word_1_658' title='bbox 2914 4577 2954 4630; x_wconf 82' lang='lat'><strong>‘.</strong></span> <span class='ocrx_word' id='word_1_659' title='bbox 2989 4577 3087 4630; x_wconf 89' lang='lat' dir='ltr'><strong>llis</strong></span> <span class='ocrx_word' id='word_1_660' title='bbox 3112 4576 3352 4629; x_wconf 87' lang='lat' dir='ltr'><strong>lucernis</strong></span> <span class='ocrx_word' id='word_1_661' title='bbox 3383 4575 3566 4628; x_wconf 91' lang='lat' dir='ltr'><strong>oleum</strong></span> <span class='ocrx_word' id='word_1_662' title='bbox 3602 4575 3958 4644; x_wconf 70' lang='lat' dir='ltr'><strong>eleemosyna</strong></span> 
     </span>
    </p>
   </div>
   <div class='ocr_carea' id='block_1_93' title="bbox 2487 4668 4044 4741">
    <p class='ocr_par' dir='ltr' id='par_1_93' title="bbox 2487 4668 4044 4741">
     <span class='ocr_line' id='line_1_93' title="bbox 2487 4668 4044 4741; baseline -0.007 -17"><span class='ocrx_word' id='word_1_663' title='bbox 2487 4673 2616 4741; x_wconf 90' lang='lat' dir='ltr'><strong>quia</strong></span> <span class='ocrx_word' id='word_1_664' title='bbox 2649 4682 2702 4725; x_wconf 89' lang='lat' dir='ltr'><strong>et</strong></span> <span class='ocrx_word' id='word_1_665' title='bbox 2729 4671 3030 4740; x_wconf 85' lang='lat' dir='ltr'><strong>jejunium,</strong></span> <span class='ocrx_word' id='word_1_666' title='bbox 3066 4680 3122 4724; x_wconf 91' lang='lat' dir='ltr'><strong>et</strong></span> <span class='ocrx_word' id='word_1_667' title='bbox 3158 4668 3463 4738; x_wconf 86' lang='lat' dir='ltr'><strong>virginitas,</strong></span> <span class='ocrx_word' id='word_1_668' title='bbox 3494 4676 3552 4719; x_wconf 91' lang='lat' dir='ltr'><strong>et</strong></span> <span class='ocrx_word' id='word_1_669' title='bbox 3589 4669 3809 4730; x_wconf 84' lang='lat' dir='ltr'><strong>oratio,</strong></span> <span class='ocrx_word' id='word_1_670' title='bbox 3853 4679 3904 4722; x_wconf 91' lang='lat' dir='ltr'><strong>et</strong></span> <span class='ocrx_word' id='word_1_671' title='bbox 3938 4668 4044 4734; x_wconf 58' lang='lat' dir='ltr'><strong>just:-</strong></span> 
     </span>
    </p>
   </div>
   <div class='ocr_carea' id='block_1_94' title="bbox 2487 4758 4042 4829">
    <p class='ocr_par' dir='ltr' id='par_1_94' title="bbox 2487 4758 4042 4829">
     <span class='ocr_line' id='line_1_94' title="bbox 2487 4758 4042 4829; baseline -0.005 -12"><span class='ocrx_word' id='word_1_672' title='bbox 2487 4765 2580 4825; x_wconf 86' lang='lat' dir='ltr'><strong>tia,</strong></span> <span class='ocrx_word' id='word_1_673' title='bbox 2617 4773 2672 4817; x_wconf 90' lang='lat' dir='ltr'><strong>et</strong></span> <span class='ocrx_word' id='word_1_674' title='bbox 2717 4762 2898 4816; x_wconf 87' lang='lat' dir='ltr'><strong>omnis</strong></span> <span class='ocrx_word' id='word_1_675' title='bbox 2945 4762 3093 4817; x_wconf 88' lang='lat' dir='ltr'><strong>actio</strong></span> <span class='ocrx_word' id='word_1_676' title='bbox 3138 4762 3283 4815; x_wconf 89' lang='lat' dir='ltr'><strong>bona</strong></span> <span class='ocrx_word' id='word_1_677' title='bbox 3328 4775 3426 4829; x_wconf 80' lang='lat' dir='ltr'><strong>per</strong></span> <span class='ocrx_word' id='word_1_678' title='bbox 3467 4759 3917 4813; x_wconf 71' lang='lat' dir='ltr'><strong>misericordiam</strong></span> <span class='ocrx_word' id='word_1_679' title='bbox 3955 4758 4042 4810; x_wconf 53' lang='lat' dir='ltr'><strong>dde:-</strong></span> 
     </span>
    </p>
   </div>
   <div class='ocr_carea' id='block_1_95' title="bbox 2487 4851 4040 4923">
    <p class='ocr_par' dir='ltr' id='par_1_95' title="bbox 2487 4851 4040 4923">
     <span class='ocr_line' id='line_1_95' title="bbox 2487 4851 4040 4923; baseline -0.004 -16"><span class='ocrx_word' id='word_1_680' title='bbox 2487 4853 2689 4908; x_wconf 89' lang='lat' dir='ltr'><strong>ctionis</strong></span> <span class='ocrx_word' id='word_1_681' title='bbox 2721 4869 3024 4923; x_wconf 88' lang='lat' dir='ltr'><strong>pauperum</strong></span> <span class='ocrx_word' id='word_1_682' title='bbox 3105 4852 3385 4922; x_wconf 82' lang='lat' dir='ltr'><strong>irrigatur,</strong></span> <span class='ocrx_word' id='word_1_683' title='bbox 3427 4861 3482 4904; x_wconf 91' lang='lat' dir='ltr'><strong>et</strong></span> <span class='ocrx_word' id='word_1_684' title='bbox 3545 4851 3942 4905; x_wconf 87' lang='lat' dir='ltr'><strong>custodiuntur</strong></span> <span class='ocrx_word' id='word_1_685' title='bbox 3993 4851 4040 4901; x_wconf 67' lang='lat' dir='ltr'><strong>ia-</strong></span> 
     </span>
    </p>
   </div>
   <div class='ocr_carea' id='block_1_96' title="bbox 2486 4945 4038 5018">
    <p class='ocr_par' dir='ltr' id='par_1_96' title="bbox 2486 4945 4038 5018">
     <span class='ocr_line' id='line_1_96' title="bbox 2486 4945 4038 5018; baseline -0.006 -16"><span class='ocrx_word' id='word_1_686' title='bbox 2486 4948 2926 5018; x_wconf 80' lang='lat' dir='ltr'><strong>exstinguibiles.</strong></span> <span class='ocrx_word' id='word_1_687' title='bbox 2957 4946 3112 5012; x_wconf 84' lang='lat' dir='ltr'><strong>Quod</strong></span> <span class='ocrx_word' id='word_1_688' title='bbox 3142 4946 3498 5000; x_wconf 81' lang='lat' dir='ltr'><strong>manifestam</strong></span> <span class='ocrx_word' id='word_1_689' title='bbox 3521 4945 3818 5013; x_wconf 78' lang='lat' dir='ltr'><strong>lampades</strong></span> <span class='ocrx_word' id='word_1_690' title='bbox 3857 4947 4038 5014; x_wconf 59' lang='lat' dir='ltr'><strong>quinque</strong></span> 
     </span>
    </p>
   </div>
   <div class='ocr_carea' id='block_1_97' title="bbox 2488 5037 4040 5108">
    <p class='ocr_par' dir='ltr' id='par_1_97' title="bbox 2488 5037 4040 5108">
     <span class='ocr_line' id='line_1_97' title="bbox 2488 5037 4040 5108; baseline -0.005 -14"><span class='ocrx_word' id='word_1_691' title='bbox 2488 5040 2764 5094; x_wconf 85' lang='lat' dir='ltr'><strong>Iatuarum</strong></span> <span class='ocrx_word' id='word_1_692' title='bbox 2820 5039 3096 5108; x_wconf 77' lang='lat' dir='ltr'><strong>virginum</strong></span> <span class='ocrx_word' id='word_1_693' title='bbox 3125 5040 3144 5069; x_wconf 91' lang='lat'><strong><em>&quot;</em></strong></span> <span class='ocrx_word' id='word_1_694' title='bbox 3178 5057 3190 5091; x_wconf 90' lang='lat'><strong>:</strong></span> <span class='ocrx_word' id='word_1_695' title='bbox 3230 5055 3371 5108; x_wconf 65' lang='lat' dir='ltr'><strong>qum,</strong></span> <span class='ocrx_word' id='word_1_696' title='bbox 3409 5040 3538 5106; x_wconf 81' lang='lat' dir='ltr'><strong>quia</strong></span> <span class='ocrx_word' id='word_1_697' title='bbox 3589 5037 3910 5092; x_wconf 88' lang='lat' dir='ltr'><strong>dilectionis</strong></span> <span class='ocrx_word' id='word_1_698' title='bbox 3953 5052 4040 5106; x_wconf 68' lang='lat' dir='ltr'><strong>pas-</strong></span> 
     </span>
    </p>
   </div>
   <div class='ocr_carea' id='block_1_98' title="bbox 2491 5131 4093 5208">
    <p class='ocr_par' dir='ltr' id='par_1_98' title="bbox 2491 5131 4093 5208">
     <span class='ocr_line' id='line_1_98' title="bbox 2491 5131 4093 5208; baseline -0.004 -22"><span class='ocrx_word' id='word_1_699' title='bbox 2491 5148 2684 5203; x_wconf 78' lang='lat' dir='ltr'><strong>pcrum</strong></span> <span class='ocrx_word' id='word_1_700' title='bbox 2722 5133 2904 5187; x_wconf 85' lang='lat' dir='ltr'><strong>minus</strong></span> <span class='ocrx_word' id='word_1_701' title='bbox 2938 5131 3254 5185; x_wconf 86' lang='lat' dir='ltr'><strong>habuerunt</strong></span> <span class='ocrx_word' id='word_1_702' title='bbox 3295 5131 3500 5190; x_wconf 88' lang='lat' dir='ltr'><strong>oleum,</strong></span> <span class='ocrx_word' id='word_1_703' title='bbox 3534 5143 3567 5181; x_wconf 87' lang='lat' dir='ltr'><strong>a</strong></span> <span class='ocrx_word' id='word_1_704' title='bbox 3605 5144 3828 5197; x_wconf 86' lang='lat' dir='ltr'><strong>sponso</strong></span> <span class='ocrx_word' id='word_1_705' title='bbox 3864 5131 4036 5184; x_wconf 72' lang='lat' dir='ltr'><strong>excitis:</strong></span> <span class='ocrx_word' id='word_1_706' title='bbox 4092 5199 4093 5208; x_wconf 10' lang='grc' dir='ltr'>χ</span> 
     </span>
    </p>
   </div>
   <div class='ocr_carea' id='block_1_99' title="bbox 2491 5223 4093 5314">
    <p class='ocr_par' dir='ltr' id='par_1_99' title="bbox 2491 5223 4093 5314">
     <span class='ocr_line' id='line_1_99' title="bbox 2491 5223 4093 5314; baseline -0.006 -34"><span class='ocrx_word' id='word_1_707' title='bbox 2491 5237 2639 5280; x_wconf 89' lang='lat' dir='ltr'><strong>sunt.</strong></span> <span class='ocrx_word' id='word_1_708' title='bbox 2667 5226 2777 5280; x_wconf 86' lang='lat' dir='ltr'><strong>Sed</strong></span> <span class='ocrx_word' id='word_1_709' title='bbox 2802 5235 3021 5296; x_wconf 89' lang='lat' dir='ltr'><strong>oportet</strong></span> <span class='ocrx_word' id='word_1_710' title='bbox 3045 5227 3230 5280; x_wconf 90' lang='lat' dir='ltr'><strong>oleum</strong></span> <span class='ocrx_word' id='word_1_711' title='bbox 3257 5239 3380 5278; x_wconf 90' lang='lat' dir='ltr'><strong>esse</strong></span> <span class='ocrx_word' id='word_1_712' title='bbox 3407 5223 3681 5277; x_wconf 86' lang='lat' dir='ltr'><strong>olivarum</strong></span> <span class='ocrx_word' id='word_1_713' title='bbox 3709 5224 4032 5292; x_wconf 69' lang='lat' dir='ltr'><strong>purissimus.</strong></span> <span class='ocrx_word' id='word_1_714' title='bbox 4092 5263 4093 5314; x_wconf 31' lang='grc' dir='ltr'><strong>ι</strong></span> 
     </span>
    </p>
   </div>
   <div class='ocr_carea' id='block_1_100' title="bbox 2490 5315 4030 5388">
    <p class='ocr_par' dir='ltr' id='par_1_100' title="bbox 2490 5315 4030 5388">
     <span class='ocr_line' id='line_1_100' title="bbox 2490 5315 4030 5388; baseline -0.006 -16"><span class='ocrx_word' id='word_1_715' title='bbox 2490 5329 2551 5373; x_wconf 90' lang='lat' dir='ltr'><strong>ut</strong></span> <span class='ocrx_word' id='word_1_716' title='bbox 2580 5334 2691 5372; x_wconf 91' lang='lat' dir='ltr'><strong>non</strong></span> <span class='ocrx_word' id='word_1_717' title='bbox 2727 5335 2794 5372; x_wconf 78' lang='lat' dir='ltr'><strong>ex</strong></span> <span class='ocrx_word' id='word_1_718' title='bbox 2831 5319 3126 5388; x_wconf 90' lang='lat' dir='ltr'><strong>injustitia,</strong></span> <span class='ocrx_word' id='word_1_719' title='bbox 3161 5332 3340 5386; x_wconf 87' lang='lat' dir='ltr'><strong>neque</strong></span> <span class='ocrx_word' id='word_1_720' title='bbox 3369 5331 3434 5369; x_wconf 76' lang='lat' dir='ltr'><strong>ex</strong></span> <span class='ocrx_word' id='word_1_721' title='bbox 3467 5315 3779 5383; x_wconf 87' lang='lat' dir='ltr'><strong>rapacitate</strong></span> <span class='ocrx_word' id='word_1_722' title='bbox 3814 5315 4030 5369; x_wconf 55' lang='lat' dir='ltr'><strong>dilectas:</strong></span> 
     </span>
    </p>
   </div>
   <div class='ocr_carea' id='block_1_101' title="bbox 2490 5407 4032 5481">
    <p class='ocr_par' dir='ltr' id='par_1_101' title="bbox 2490 5407 4032 5481">
     <span class='ocr_line' id='line_1_101' title="bbox 2490 5407 4032 5481; baseline -0.005 -17"><span class='ocrx_word' id='word_1_723' title='bbox 2490 5427 2794 5481; x_wconf 86' lang='lat' dir='ltr'><strong>pauperum</strong></span> <span class='ocrx_word' id='word_1_724' title='bbox 2837 5411 3164 5477; x_wconf 89' lang='lat' dir='ltr'><strong>serviamus,</strong></span> <span class='ocrx_word' id='word_1_725' title='bbox 3199 5426 3382 5479; x_wconf 85' lang='lat' dir='ltr'><strong>nequc</strong></span> <span class='ocrx_word' id='word_1_726' title='bbox 3412 5410 3477 5464; x_wconf 91' lang='lat' dir='ltr'><strong>ad</strong></span> <span class='ocrx_word' id='word_1_727' title='bbox 3518 5411 3961 5464; x_wconf 87' lang='lat' dir='ltr'><strong>ostentationem.</strong></span> <span class='ocrx_word' id='word_1_728' title='bbox 3989 5407 4032 5459; x_wconf 72' lang='lat' dir='ltr'><strong>ie</strong></span> 
     </span>
    </p>
   </div>
   <div class='ocr_carea' id='block_1_102' title="bbox 2489 5501 4031 5571">
    <p class='ocr_par' dir='ltr' id='par_1_102' title="bbox 2489 5501 4031 5571">
     <span class='ocr_line' id='line_1_102' title="bbox 2489 5501 4031 5571; baseline -0.003 -18"><span class='ocrx_word' id='word_1_729' title='bbox 2489 5504 2648 5558; x_wconf 79' lang='lat' dir='ltr'><strong>olivis</strong></span> <span class='ocrx_word' id='word_1_730' title='bbox 2677 5514 2862 5559; x_wconf 83' lang='lat' dir='ltr'><strong>autem</strong></span> <span class='ocrx_word' id='word_1_731' title='bbox 2892 5515 2997 5570; x_wconf 88' lang='lat' dir='ltr'><strong>est,</strong></span> <span class='ocrx_word' id='word_1_732' title='bbox 3029 5504 3073 5557; x_wconf 87' lang='lat' dir='ltr'><strong>si</strong></span> <span class='ocrx_word' id='word_1_733' title='bbox 3117 5521 3178 5557; x_wconf 77' lang='lat' dir='ltr'><strong>ex</strong></span> <span class='ocrx_word' id='word_1_734' title='bbox 3215 5503 3376 5556; x_wconf 75' lang='lat' dir='ltr'><strong>bonis</strong></span> <span class='ocrx_word' id='word_1_735' title='bbox 3407 5501 3714 5566; x_wconf 80' lang='lat' dir='ltr'><strong>laboribus,</strong></span> <span class='ocrx_word' id='word_1_736' title='bbox 3750 5514 3806 5555; x_wconf 89' lang='lat' dir='ltr'><strong>ct</strong></span> <span class='ocrx_word' id='word_1_737' title='bbox 3837 5518 3898 5557; x_wconf 79' lang='lat' dir='ltr'><strong>ex</strong></span> <span class='ocrx_word' id='word_1_738' title='bbox 3922 5503 4031 5571; x_wconf 69' lang='lat' dir='ltr'><strong>justi-</strong></span> 
     </span>
    </p>
   </div>
   <div class='ocr_carea' id='block_1_103' title="bbox 3217 5707 4025 5765">
    <p class='ocr_par' dir='ltr' id='par_1_103' title="bbox 3217 5707 4025 5765">
     <span class='ocr_line' id='line_1_103' title="bbox 3217 5707 4025 5765; baseline 0 -4"><span class='ocrx_word' id='word_1_739' title='bbox 3217 5707 3386 5761; x_wconf 67' lang='lat' dir='ltr'><strong>lier.</strong></span> <span class='ocrx_word' id='word_1_740' title='bbox 3432 5724 3592 5765; x_wconf 79' lang='lat' dir='ltr'><strong>xnv.</strong></span> <span class='ocrx_word' id='word_1_741' title='bbox 3626 5707 3791 5764; x_wconf 71' lang='lat'><strong>6-10.</strong></span> <span class='ocrx_word' id='word_1_742' title='bbox 3872 5712 3888 5738; x_wconf 73' lang='grc'>⁸</span> <span class='ocrx_word' id='word_1_743' title='bbox 3915 5709 4025 5762; x_wconf 73' lang='lat' dir='ltr'><strong>Ilcl&#39;.</strong></span> 
     </span>
    </p>
   </div>
  </div>
