4158 6450
76 400 201 468 1101

76 517 154 589 [ίῳ
204 516 480 588 pecuniis,
536 519 623 576 vel
674 521 1025 592 possessione
1080 523 1395 594 perﬁciatur
1445 547 1459 582 :

76 609 208 664 enim
237 610 394 664 olivae
421 612 712 676 umbrosa,
739 623 798 669 et
827 613 1123 674 fructuosae
1163 628 1312 674 recte
1349 620 1631 689 appellan-

76 711 172 755 tur.
218 699 637 758 Lucidissimum
687 713 892 772 autem,
922 717 982 761 ut
1023 724 1133 762 non
1179 725 1280 779 pro
1317 711 1486 782 gloria
1528 712 1634 766 hu-

76 807 220 848 :naua
252 793 656 866 eleemosynam
701 797 986 860 faciamus.
1023 800 1262 870 Oportet.
1290 818 1422 872 ergo
1449 803 1632 859 lucer-

76 897 187 938 iam
233 883 372 938 hanc
416 899 635 956 semper
681 889 934 952 accendi.
966 899 1120 944 extra
1166 892 1344 944 velum
1378 893 1634 947 videlicet

76 975 304 1043 Forporis
343 974 549 1038 Christi
582 994 596 1029 :
637 978 741 1032 hoc
777 980 934 1039 enim
984 995 1108 1040 esse
1151 982 1492 1053 intelligibile
1539 999 1633 1039 ve-

79 1078 194 1128 um,
223 1081 321 1135 per
355 1067 520 1129 multa
551 1069 918 1138 praecedentia
946 1072 1379 1128 demonstratum
1418 1085 1524 1131 est.
1568 1077 1632 1130 In

76 1159 396 1225 abernaculo
429 1169 615 1225 autem
643 1163 879 1232 imiteris,
910 1163 1030 1220 sive
1061 1174 1120 1219 ut
1153 1165 1296 1220 LXX
1325 1169 1630 1234 testimonii,

76 1250 106 1303 d
149 1258 234 1303 est
268 1251 322 1302 in
355 1251 513 1317 ραις),
546 1252 602 1319 in
636 1268 747 1322 quo
777 1252 1024 1317 habitare
1060 1254 1232 1311 Deum
1277 1261 1630 1315 manifestum

76 1352 138 1396 :st
169 1353 513 1414 :utrumque
552 1360 696 1417 ergo
740 1362 773 1402 a
815 1347 1124 1418 legislatore
1165 1352 1369 1409 dictum
1404 1346 1534 1409 est:
1573 1355 1630 1410 Si

76 1437 201 1489 'nim
245 1446 591 1507 quaecunque
632 1438 868 1504 {scimus
904 1443 1237 1512 pauperibus
1261 1444 1304 1511 ⁸,
1350 1445 1467 1500 hae-2
1510 1456 1632 1501 tan-

76 1542 214 1596 utam
247 1527 354 1581 sibi
376 1527 546 1594 facta,
581 1529 626 1583 is
651 1531 743 1599 qui
779 1540 1012 1600 propter
1041 1548 1140 1592 nos
1164 1533 1352 1592 iactus
1381 1544 1464 1590 est
1495 1552 1632 1604 pau-

76 1633 166 1682 er,
197 1617 453 1691 imputat,
482 1629 630 1676 recte
657 1630 785 1676 ante
811 1637 1010 1691 corpus
1032 1622 1378 1687 ﬂaminicam
1409 1627 1629 1683 lucerna

78 1709 410 1781 leemosynae
449 1709 779 1782 incenditur,
817 1715 910 1780 sed
953 1723 1133 1779 tamen
1161 1717 1301 1777 etin
1329 1719 1468 1777 celo
1505 1737 1519 1773 :
1555 1721 1629 1774 ibi

79 1799 194 1870 nim
266 1815 398 1854 suos
473 1802 761 1871 thesauros
817 1805 1212 1871 misericordes
1280 1812 1624 1879 permittunt.

76 1892 280 1956 'ropter
322 1888 467 1957 quod
517 1891 814 1958 succendat
863 1907 982 1964 eam
1017 1897 1224 1962 Aaron,
1260 1898 1376 1952 sive
1431 1913 1629 1954 secun-
1660 1921 1701 1976 Β

76 1994 176 2030 ωη
225 1977 395 2043 LXX,
435 1988 483 2033 et
538 1981 640 2050 ﬁlii
689 1986 824 2052 ejus.
855 1983 1117 2043 Christus
1168 1988 1350 2055 enim,
1403 1991 1495 2060 qui
1546 2000 1630 2046 est

79 2087 212 2126 erus
274 2073 555 2139 sacerdos,
615 2091 920 2147 pauperum
965 2083 1401 2152 compassionem
1462 2087 1626 2156 cepit.

76 2163 337 2217 mitantur
388 2174 575 2220 autem
647 2183 809 2234 eum,
867 2171 1182 2242 quicunque
1241 2174 1362 2243 ejus
1430 2176 1628 2246 lucrari

77 2254 396 2322 dupli-onem
433 2256 646 2312 volunt.

117 2345 385 2417 Panetque
417 2365 507 2402 eas
539 2349 740 2418 Aaron,
770 2352 854 2407 vel
885 2353 1026 2409 sicut
1059 2354 1197 2415 LXX
1235 2358 1508 2413 incendent
1540 2373 1629 2414 eas

76 2446 251 2501 laron,
280 2449 328 2492 et
347 2439 450 2508 ﬁlii
479 2441 592 2510 ejus
617 2459 648 2493 η
671 2459 881 2512 vespere
911 2461 1072 2516 usque
1102 2465 1275 2503 mane.
1311 2449 1366 2503 Id
1395 2461 1478 2504 est
1509 2451 1629 2505 sine

77 2531 386 2596 essatione,
430 2533 556 2601 quia
603 2541 658 2586 et
698 2531 957 2589 Salomon
1006 2537 1226 2593 dicebat
1273 2559 1286 2594 :
1336 2540 1515 2596 Oleum
1566 2544 1630 2596 de

76 2619 219 2686 apite
257 2628 345 2674 tuo
385 2639 488 2674 non
524 2622 734 2691 deﬁciat
765 2625 807 2688 ’,
849 2635 910 2680 ut
951 2639 1233 2697 operteret
1271 2631 1630 2703 eleemosynte

76 2726 327 2766 Jcernam
384 2713 679 2770 incendere
738 2718 999 2773 continue
1057 2723 1374 2788 ostendens,
1423 2734 1476 2779 et
1525 2726 1630 2790 hoc

76 2817 226 2870 psum
281 2819 464 2858 coram
501 2804 764 2877 Domino,
799 2809 940 2863 sicut
987 2811 1103 2884 ipse
1143 2812 1407 2868 Dominus
1446 2815 1627 2878 dixit:

76 2891 112 2946 'e
148 2903 323 2950 autem
351 2897 575 2966 faciente
631 2898 1030 2975 eleemosynam,
1072 2905 1269 2959 nesciat
1287 2907 1498 2961 sinistra
1535 2918 1628 2964 tua

78 2986 170 3048 uid
215 2987 382 3055 faciat
427 2989 639 3042 dextera
695 3001 808 3054 tua,
846 3004 902 3045 ut
947 2994 1273 3065 eleemosyna
1314 3008 1406 3053 tua
1454 3001 1524 3054 sit
1573 3003 1629 3056 in

80 3075 367 3145 incondito,
418 3089 465 3133 et
507 3079 673 3139 Pater
715 3093 834 3142 tuus
878 3086 969 3159 qui
1016 3088 1151 3141 videt
1204 3091 1261 3142 in
1306 3091 1626 3162 abscondito,

76 3169 223 3223 eddet
254 3171 348 3225 tibi
378 3172 443 3226 ¹⁰.

1183 407 1275 470 IN.
1298 409 1738 478 LEVITICUM.
1772 372 1855 452 -’
1877 415 2024 476 LIB.
2051 415 2186 477 vn.

3183 421 3316 489 1102

1515 521 1634 584 haec
1667 543 1705 596 Α
1737 529 1858 596 ejus
1884 545 1898 582 :
1923 528 2179 583 Christus
2204 529 2349 584 enim
2375 529 2491 600 ipse
2517 530 2711 601 plenus
2738 542 2816 586 est
2845 533 3061 602 spiritu,
3086 536 3274 593 dicen‘s
3302 556 3313 594 :

1737 620 1971 688 Spiritus
1993 620 2210 675 Domini
2237 639 2394 688 super
2427 640 2527 680 me.
2567 634 2779 693 propter
2803 627 2941 695 quod
2967 630 3116 682 unxit
3146 647 3226 684 me
3251 633 3313 686 ".

1735 712 1918 782 Super
1947 729 2106 782 quem
2138 714 2192 766 in
2224 715 2405 783 specie
2445 715 2713 770 columbtr.
2743 717 2810 770 de
2844 719 2984 772 t-telo
3024 719 3319 777 descende-

1735 806 1846 858 lsat.
1877 804 1980 860 Sed
2015 815 2064 859 et
2093 807 2263 875 ignem
2295 808 2412 859 veni
2447 808 2653 861 mittere
2680 825 2836 876 super
2867 819 3084 876 terram,
3116 823 3165 866 et
3206 815 3318 868 volo

1734 906 1790 949 ut
1821 898 2140 950 accendatur
2168 898 2230 949 ³⁸.
2260 900 2394 952 Cum
2431 899 2594 966 hujus
2628 899 2865 954 lucernae
2899 901 3075 971 ignem
3112 905 3318 975 signiti-

1731 993 1914 1050 caret,
1969 987 2202 1040 dicebat.
2256 988 2392 1040 Nam
2450 996 2504 1041 et
2554 987 2670 1056 ipse
2727 989 2850 1042 ﬁliis
2905 991 3019 1044 suis
3073 995 3312 1056 tradidit,

1734 1077 1952 1144 quando
1991 1076 2272 1131 insulilans
2311 1079 2590 1146 apostolis,
2629 1079 2884 1135 dicebat:
2921 1081 3155 1152 Accipite
3193 1086 3314 1155 Spi-

1732 1169 1894 1222 ritum
1946 1179 2187 1222 sanetum
2221 1170 2283 1222 ".
2323 1168 2430 1223 Sed
2477 1170 2696 1224 lucerna
2734 1170 2836 1225 ista
2879 1172 3037 1226 aliter
3072 1190 3178 1229 non
3231 1178 3315 1230 ina-

1732 1255 2003 1321 cenditur,
2035 1256 2139 1308 nisi
2179 1271 2276 1325 per
2307 1256 2471 1309 vitam
2509 1259 2787 1322 mundam,
2817 1269 2872 1312 et
2902 1269 2996 1328 per
3025 1279 3314 1318 universa-

1733 1345 1938 1400 tionem
1968 1347 2382 1412 lucidissimam,
2412 1347 2526 1400 sive
2565 1349 2789 1403 claram.
2824 1350 2928 1415 Qui
2967 1362 3144 1406 autem
3191 1358 3313 1410 talis

1731 1451 1843 1491 non
1885 1447 1991 1503 est,
2030 1439 2252 1507 spiritus
2284 1439 2338 1492 in
2377 1453 2445 1493 eo
2487 1440 2886 1511 exstinguetur.
2939 1443 3125 1514 Neque
3168 1449 3313 1503 enim

1731 1530 1847 1583 sine
1893 1546 2056 1584 causa
2103 1531 2301 1585 Paulus
2351 1533 2780 1597 contestabatur,
2837 1534 3097 1605 Spiritum
3157 1542 3318 1596 nolite

1731 1623 2057 1694 exstinguere
2080 1621 2124 1654 ⁸⁸
2157 1641 2169 1675 :
2203 1624 2256 1676 in
2289 1623 2446 1678 nobis
2473 1639 2616 1689 esse,
2642 1624 2935 1682 incendere
2968 1630 3086 1697 ejus
3119 1646 3316 1699 Opera-

1730 1715 1934 1769 tionem
1960 1723 2018 1768 et
2047 1715 2414 1784 exstinguere,
2442 1725 2536 1770 aut
2563 1717 2846 1772 studentes
2880 1735 2964 1786 ea,
2997 1723 3196 1790 quibus
3228 1725 3314 1777 in-

1730 1804 2020 1870 cendatur,
2072 1814 2166 1859 aut
2227 1805 2599 1876 negligentes,
2654 1808 2940 1864 evidenter
2996 1815 3313 1870 ostendens.

1731 1893 1906 1950 Nimis
1942 1910 2075 1965 ergo
2111 1897 2380 1962 ordinate,
2413 1899 2852 1968 quandoquidem
2893 1902 3130 1959 lucerna:
3160 1923 3314 1962 meno

1731 1985 1937 2046 tionem
1969 1986 2127 2052 facit,
2157 2004 2264 2043 non
2311 1999 2492 2044 autem
2531 1991 2901 2060 lucernarum,
2937 1997 3064 2066 quia
3094 1999 3162 2054 de
3195 2001 3313 2070 ipso

1730 2087 1919 2140 sancto
1942 2079 2180 2149 loquitur
2204 2079 2432 2151 Spiritu,
2463 2083 2545 2138 sic
2570 2083 2721 2149 dicit,
2750 2095 2806 2140 ut
2837 2086 3060 2144 lucerna
3098 2107 3314 2163 semper

1728 2171 1940 2234 ardeat,
1975 2179 2084 2226 tam
2115 2175 2234 2242 ejus
2258 2176 2618 2231 aeternitatem
2657 2179 2974 2244 ostendens,
2998 2183 3123 2250 quia
3150 2199 3314 2253 spon-

1731 2270 1806 2328 te,
1837 2271 1893 2318 et
1927 2279 1991 2318 ex
2039 2280 2135 2319 sua
2178 2267 2504 2322 auctoritate
2545 2271 2916 2327 succenditur.
2951 2273 3088 2339 Quia
3128 2286 3310 2332 autem

1730 2353 2078 2410 lucernarum
2116 2359 2431 2412 memoriam
2469 2359 2618 2425 fecit,
2653 2361 3151 2432 dicitoperationes
3193 2370 3314 2438 Spi~

1730 2443 1891 2497 ritus.
1941 2444 2113 2500 Aiunt
2157 2455 2338 2501 autem
2375 2448 2510 2503 LXX
2547 2449 2868 2506 :lncendent
2912 2454 3152 2511 lucernas
3190 2470 3314 2514 ante

1731 2533 2018 2590 Dominum
2060 2554 2221 2608 usque
2260 2555 2435 2604 mane,
2471 2541 2587 2600 ,hoc
2635 2545 3010 2612 ostendentes,
3049 2551 3173 2618 quia
3211 2569 3315 2606 nos

1729 2643 1867 2697 opus
1940 2629 2203 2686 habemus
2275 2632 2576 2687 accendere
2649 2637 2994 2703 operationes
3057 2642 3314 2708 Spiritalis

1730 2719 1890 2790 ignis,
1923 2722 2202 2774 materiam
2237 2722 2318 2776 eis
2348 2723 2848 2790 subministrantes,
2879 2743 2942 2781 ex
2983 2731 3183 2797 quibus
3220 2750 3312 2787 ac-

1730 2813 1889 2867 cendi
1931 2815 2064 2869 vult.
2101 2813 2256 2880 Quod
2302 2825 2484 2870 autem
2525 2817 2679 2884 dixit,
2715 2835 2874 2890 usque
2901 2839 3077 2889 mane,
3121 2827 3172 2879 id
3203 2837 3309 2892 est,

1731 2917 1904 2972 usque
1952 2903 2018 2957 ad
2067 2905 2326 2960 saeculum
2371 2915 2688 2984 venturum,
2726 2918 2856 2965 tunc
2903 2927 3012 2966 non
3056 2915 3166 2984 jam
3212 2933 3314 2973 nos

1731 2995 2044 3060 incendere,
2079 3011 2258 3066 neque
2286 2999 2589 3054 accendere
2617 3015 2757 3070 opus
2784 3002 3068 3061 habemus.
3107 3009 3312 3064 Omnes

1729 3087 1877 3141 enim
1922 3087 2127 3143 erimus
2168 3090 2460 3159 spiritales,
2497 3091 2590 3161 qui
2625 3093 2785 3148 nobis
2815 3095 3135 3167 dignitatem
3170 3101 3312 3157 hanc

1730 3178 1785 3232 in
1818 3180 1922 3236 hoc
1948 3181 2146 3236 sarculo
2172 3185 2691 3254 comparaverimus.

121 3258 276 3336 lianc
315 3261 478 3333 legem
523 3233 808 3331 habeamus
835 3269 993 3323 .eultu
1041 3271 1250 3342 rituque
1281 3285 1530 3345 perpetuo
1569 3274 1626 3331 in
1651 3273 1695 3332 C

1798 3233 1968 3326 Vens:
2213 3233 2714 3347 agipies‘quoque
2744 3278 3000 3347 similam,
3031 3291 3086 3337 et
3107 3298 3307 3356 coques

77 3355 465 3426 eneratiouibus
496 3359 688 3425 nostris
721 3376 878 3438 super
906 3363 1222 3419 candelabro
1256 3369 1620 3426 mundissimo.

76 3444 100 3498 d
160 3453 245 3498 est
311 3449 676 3519 evangelicum
745 3455 1251 3521 conversationem,
1322 3463 1623 3516 secundum

78 3535 182 3588 uod
222 3536 333 3603 jam
377 3538 638 3599 diximus.
689 3541 772 3597 Ab
813 3543 962 3604 omni
1003 3546 1147 3599 enim
1189 3546 1306 3602 haec
1341 3548 1534 3618 ironia,
1567 3559 1624 3605 et

79 3627 312 3694 ypocrisi
357 3630 558 3685 munda
605 3640 708 3694 est,
741 3640 930 3702 utpote
969 3635 1221 3692 lucernas
1261 3640 1622 3714 eleemosynaa

76 3723 164 3770 nte
197 3717 510 3786 Dominum,
539 3732 593 3778 et
627 3741 735 3781 non
764 3737 910 3804 ante
952 3727 1205 3785 homines
1240 3731 1617 3796 incendentes.

76 3807 222 3878 isque
261 3827 424 3867 mane
453 3824 633 3876 autem
675 3816 1053 3886 incendamus,
1091 3822 1143 3876 in
1180 3827 1434 3892 praesenti
1466 3826 1620 3882 vide-

76 3910 164 3954 cet
212 3902 431 3959 seculo.
476 3905 707 3972 Quando
740 3911 899 3964 .enim
951 3927 1112 3968 mane
1163 3914 1400 3971 illuxerit
1449 3917 1618 3974 l'uturi

76 3993 241 4058 Iaculi,
266 3993 378 4063 jam
417 4012 528 4050 non
559 4007 642 4054 est
665 4013 831 4070 super
863 4009 1081 4070 tempus
1108 4005 1445 4073 operationis
1471 4008 1618 4063 elee-

76 4098 302 4152 tosynaa,
351 4087 497 4157 quod
545 4098 734 4157 aperte
782 4091 1354 4164 signiﬁcatSalomon
1383 4098 1613 4154 dicens:

76 4171 113 4226 'e
139 4175 289 4238 dicas
322 4176 494 4229 amico
524 4186 614 4230 tuo
635 4192 664 4231 τ
698 4177 855 4244 Vade,
882 4189 944 4234 .et
985 4194 1262 4246 revertere.
1297 4193 1347 4240 et
1387 4189 1617 4243 crastino

76 4258 167 4312 abo
197 4261 462 4328 tibi,lcum
505 4265 686 4318 statim
719 4267 887 4335 possis
926 4270 1074 4335 dare,
1110 4275 1272 4326 nescis
1313 4277 1452 4330 enim
1489 4281 1617 4348 quid

76 4349 211 4403 trial
261 4364 640 4418 superuentura
690 4357 799 4409 dies
837 4358 901 4411 “.
937 4357 992 4412 Id
1026 4369 1126 4424 est,
1160 4361 1378 4429 festina,
1413 4376 1467 4420 et
1504 4383 1614 4422 non

87 4439 272 4506 σει-ιε,
304 4458 374 4497 ne
405 4443 544 4498 forte
578 4446 868 4503 deducaris
898 4448 953 4502 in
984 4449 1139 4517 locis,
1171 4453 1227 4507 in
1256 4455 1457 4523 quibus
1483 4473 1614 4532 Ope-

76 4531 138 4584 tri
174 4543 392 4602 tempus
424 4550 533 4611 non
582 4534 771 4603 habes,
807 4541 903 4594 sed
953 4541 1197 4599 rationes
1237 4545 1347 4600 illic
1384 4531 1611 4611 necesse

76 4632 94 4676 ι
124 4622 280 4676 reddi
306 4623 375 4677 de
405 4625 490 4680 his
512 4641 634 4696 qua:
664 4629 753 4683 hic
780 4632 988 4699 Operati
1019 4632 1305 4690 fuerimus.
1338 4624 1607 4696 Praeterea

82 4730 110 4767 s
131 4715 371 4770 salutare
401 4725 617 4786 tempus
644 4727 727 4773 est
748 4720 1072 4793 legislatoris
1095 4728 1454 4797 intellectum,
1475 4748 1608 4800 cau-

76 4805 304 4881 elabru‘m
325 4810 586 4866 mundum
600 4811 969 4883 quidetn,quia
985 4827 1257 4886 peccatum
1280 4837 1384 4874 non
1401 4822 1609 4889 habuit,

76 4913 112 4949 ὀ
137 4897 291 4951 dolus
317 4900 556 4972 inver‘us
579 4916 651 4955 est
676 4904 730 4956 in
753 4921 842 4958 ore
861 4907 974 4974 ejus
992 4910 1056 4960 ⁸³.
1084 4908 1482 4967 Candelabrum
1510 4931 1608 4968 au-

76 5003 150 5051 m,
167 4990 294 5056 quia
317 4990 430 5057 ipse
448 5001 523 5045 est
544 4993 717 5047 lumen
738 5012 915 5049 verum
938 5000 1097 5068 ,quod
1116 4999 1382 5056 illuminat
1405 5020 1610 5064 omnem

76 5081 282 5133 minem
312 5083 599 5137 venientem
637 5088 693 5138 in
730 5088 868 5140 hunc
906 5091 1163 5145 mundum
1195 5091 1258 5147 “.
1298 5094 1474 5164 Super
1500 5096 1606 5153 hoc

76 5171 332 5226 eenditur
376 5173 621 5238 lucerna,
663 5176 898 5247 Spiritus
947 5190 1191 5246 sanctus,
1223 5184 1414 5255 igneus
1455 5189 1602 5248 enim

76 5269 97 5314 t
127 5261 453 5326 substantia,
481 5273 536 5319 et
566 5267 907 5335 operatione,
940 5271 1085 5323 unde
1118 5271 1170 5324 in
1203 5274 1385 5341 specie
1414 5273 1602 5345 ignea-

83 5368 134 5407 m
171 5353 481 5425 linguarum
524 5372 688 5428 super
717 5360 1012 5430 discipulos
1040 5363 1325 5419 descendit
1356 5364 1416 5419 “.
1463 5367 1602 5422 Hinc

76 5445 373 5500 Irissimum
415 5449 594 5503 oleum
647 5451 880 5515 offerre,
903 5453 953 5507 id
998 5463 1082 5508 est
1125 5455 1287 5509 vitam
1343 5458 1598 5510 mundam

81 5539 328 5594 bemus:
365 5541 621 5607 scientes,
653 5545 777 5613 quia
827 5560 936 5599 non
985 5547 1228 5601 omnium
1278 5557 1360 5602 est
1410 5549 1600 5603 incen-

82 5643 142 5682 re
173 5628 329 5693 illttd,
350 5631 445 5685 sed
476 5633 645 5688 solius
674 5635 1026 5707 intelligibilis
1052 5640 1252 5702 Aaron,
1280 5649 1333 5694 et
1365 5641 1596 5696 ﬁliorum

82 5784 109 5854 '7
140 5783 331 5840 Matth.
364 5803 489 5854 xxv,
515 5789 604 5843 40.

85 5853 213 5919 Act.
249 5873 308 5921 tt,
339 5857 391 5910 3.
476 5853 549 5898 U"
582 5861 680 5916 lsa.
713 5878 822 5927 ut,
857 5865 906 5931 l.
1010 5853 1062 5896 7“
1085 5865 1217 5921 Luc.
1249 5881 1346 5932 xtl,
1369 5868 1458 5922 49.

719 5792 738 5822 ⁸
769 5789 913 5848 Eccl.
945 5812 1018 5854 ιι.
1047 5795 1100 5848 8.
1179 5795 1224 5825 ¹⁰
1260 5794 1451 5850 Matth.
1495 5812 1570 5857 vt,
1593 5797 1646 5850 5.
1683 5797 1737 5850 ι.
1831 5800 1868 5829 ¹¹
1899 5797 2002 5852 Pro

719 5878 822 5923 ιιι,
857 5865 906 5916 l.
1020 5866 1062 5896 ’⁸
1085 5865 1217 5921 Luc.
1249 5881 1346 5923 xu.
1369 5868 1458 5922 49.
1574 5867 1616 5898 ”
1635 5866 1793 5922 Joau.
1817 5886 1903 5923 xx.
1937 5871 2004 5923 Ἡ

1726 3371 1792 3410 ex
1837 3371 1900 3412 ea
1928 3358 2214 3414 duodecim
2249 3377 2437 3431 panes,
2473 3366 2564 3434 qui
2611 3367 2810 3437 singuli
2847 3370 3124 3426 habebunt
3169 3375 3310 3430 duas

1725 3442 1979 3499 decimas.
2024 3445 2265 3513 Quorum
2296 3465 2458 3510 senos
2506 3454 2828 3513 altrinsecus
2867 3475 3032 3530 super
3060 3479 3306 3521 mensam

1721 3536 2072 3604 purissimam
2113 3556 2294 3596 coram
2324 3542 2555 3600 Domino
2585 3555 2808 3613 statues,
2843 3559 2900 3606 et
2928 3569 3100 3622 pones
3143 3572 3310 3627 super

1723 3640 1817 3680 eos
1844 3628 1971 3697 thus
2002 3624 2420 3698 lucidissimum,
2453 3644 2513 3690 ut
2540 3637 2608 3690 sit
2643 3641 2796 3708 panis
2821 3642 2875 3694 in
2905 3647 3306 3704 monimentum
3342 3665 3344 3668 '

1722 3716 2008 3774 oblationis
2041 3721 2271 3782 Domini.
2301 3723 2403 3778 Per
2440 3725 2650 3799 singula
2680 3727 2914 3795 Sabbata
2947 3738 3307 3794 mutabuntur

1721 3819 1907 3864 coram'
1930 3803 2179 3886 Domino,
2205 3818 2440 3886 suscepti
2464 3835 2492 3871 a
2524 3821 2646 3874 liliis
2672 3820 2836 3878 Israel
2869 3824 3074 3882 findere
3101 3833 3307 3901 sempi-

1701 3903 1900 3962 .terno,
1948 3912 2217 3974 eruntque
2263 3908 2442 3961 Aaron
2482 3917 2537 3963 et
2586 3909 2820 3966 ﬁliorum
2851 3915 2992 3984 ejus,
3030 3927 3088 3973 ut
3120 3937 3305 3976 come-

1720 3990 1851 4044 dant
1882 4007 1976 4047 eos
2005 3993 2063 4048 in
2109 4006 2296 4054 sancto
2339 4000 2478 4064 loco,
2532 4003 2659 4072 quia
2699 4015 2947 4060 sanctum
2989 4019 3303 4069 sanctorum

1722 4091 1805 4136 est
1833 4083 1900 4139 de
1939 4087 2204 4159 sacriﬁcio
2233 4090 2444 4146 Domini
2471 4093 2595 4160 jure
2621 4107 2943 4165 perpetuo.»

1793 4174 1958 4230 Vocat
1979 4177 2047 4232 ad
2075 4182 2587 4255 contemplationem
2615 4189 2854 4243 mandati
2904 4205 3006 4246 nos
3053 4192 3170 4263 ipse
3203 4213 3301 4269 pa-

1716 4281 1849 4329 num
1892 4284 2175 4336 numerus,
2208 4274 2300 4327 sed
2341 4281 2395 4328 et
2447 4278 2786 4346 propositio:
2815 4290 2867 4335 et
2912 4284 3038 4352 quia
3084 4302 3194 4342 non
3245 4299 3303 4344 et

1717 4356 1882 4426 ipsos,
1917 4363 2374 4429 quemadmodum
2412 4381 2473 4419 ea
2506 4382 2626 4435 quae
2671 4378 2797 4424 sunt
2826 4371 2895 4426 de
2922 4377 3214 4446 sartagine.
3246 4390 3302 4434 et

1699 4449 1992 4514 craticula,
2040 4459 2094 4504 et
2148 4453 2384 4518 clibano,
2434 4457 2806 4514 holocaustum
2871 4463 2987 4517 ﬁeri
3034 4469 3297 4539 praecipit,

1715 4541 1810 4595 sed
1847 4542 1972 4610 poni
2006 4543 2226 4614 quidem
2267 4546 2321 4600 in
2357 4563 2543 4604 mensa
2581 4551 2927 4619 altrinsecus,
2962 4567 3018 4612 et
3047 4559 3177 4614 solis
3203 4579 3307 4616 eos-

1715 4630 1876 4695 licere
1919 4623 2312 4712 sacerdotibus,
2343 4655 2452 4695 non
2486 4649 2541 4696 et
2575 4640 2775 4702 Levitis
2803 4647 2988 4718 edere,
3021 4658 3081 4703 ut
3115 4657 3297 4706 tamen

1716 4731 1769 4779 et
1798 4725 1865 4780 ab
1897 4727 2028 4802 ipsis
2059 4716 2121 4783 in
2154 4719 2272 4784 loco
2301 4743 2488 4790 sancto
2517 4716 2892 4792 comedantur.
2926 4739 3031 4794 Sed
3074 4751 3129 4797 et
3170 4746 3297 4813 quia

1717 4826 1964 4872 sanctum
2007 4828 2320 4875 sanctorum
2373 4822 2626 4894 appellati
2679 4837 2824 4894 sunt,
2887 4831 3130 4902 intellige
3175 4852 3296 4905 qua:

1716 4909 1991 4964 dicuntur.
2020 4913 2178 4968 Dabit
2209 4915 2352 4969 enim
2381 4917 2477 4970 tibi
2509 4918 2771 4975 Dominus
2794 4922 3147 4988 intellecmm.
3180 4927 3294 4983 Me-

1718 5012 1904 5070 mento
1943 5005 2183 5085 mysticte
2236 5022 2460 5069 Incusat,
2513 5010 2584 5086 de
2624 5027 2728 5080 qua
2775 5015 2909 5070 nulli
2963 5032 3296 5086 praesumere
3343 5064 3347 5070 .

1714 5103 2050 5168 praeceptum
2079 5107 2185 5161 est,
2216 5086 2457 5170 excepto
2503 5102 2824 5174 intelligibili
2873 5106 3078 5169 Aaron.
3121 5111 3170 5164 id
3213 5122 3297 5167 est

1710 5182 1976 5240 Christo:
2010 5187 2128 5256 ipse
2174 5191 2318 5244 enim
2365 5207 2484 5246 eam
2535 5195 2744 5263 primus
2799 5198 3031 5254 initiavit
3076 5203 3209 5256 :sed
3238 5212 3294 5259 ct

1710 5276 1834 5331 [iliis
1877 5279 2016 5348 ejus,
2056 5281 2147 5349 qui
2190 5283 2259 5337 ab
2302 5300 2367 5339 eo
2410 5285 2536 5342 facti
2567 5298 2695 5342 sunt
2739 5288 2965 5353 Christi,
3014 5301 3067 5347 et
3113 5295 3287 5350 induti

1708 5380 1838 5424 sunt
1862 5387 1928 5425 eo
1955 5389 1967 5425 :
1991 5388 2152 5442 quam
2186 5382 2364 5429 tamen
2393 5380 2680 5435 comedere
2709 5381 2762 5435 in
2793 5383 2913 5438 loco
2942 5395 3129 5441 sancto
3150 5388 3286 5455 jussi

1709 5471 1855 5516 sunt.
1904 5462 1998 5519 Est
2045 5483 2173 5519 vero
2200 5477 2255 5521 et
2283 5478 2531 5524 sanctum
2577 5483 2912 5545 sanctorum,
2957 5487 3015 5531 ut
3045 5481 3290 5541 sanctiﬁ-

1707 5553 1978 5607 cationem
2028 5557 2265 5611 habeant
2316 5561 2667 5629 prtecipuam,
2713 5575 2767 5618 ct
2819 5565 3286 5638 ittdespicabilcm.

1707 5642 1788 5696 Illi
1819 5660 1987 5712 panes
2016 5663 2081 5701 ex
2119 5649 2330 5703 duabus
2356 5651 2603 5717 decimis,
2637 5655 2726 5710 Dei
2754 5657 2898 5711 enim
2939 5670 2994 5713 et
3029 5661 3286 5725 hominis,

1831 5800 1868 5829 “
1899 5797 2059 5853 Prov.
2088 5817 2166 5857 ιιι.
2201 5803 2290 5859 Ξὲὸ.
2370 5805 2414 5838 "
2438 5805 2583 5861 Pctr-
2623 5825 2660 5868 ις
2691 5809 2781 5868 22-

2897 5813 2939 5845 "
2959 5812 3114 5870 Joan.
3161 5832 3196 5881 ι,
3232 5817 3284 5873 9.

2144 5872 2226 5926 "l
2256 5874 2453 5930 Thess.
2482 5895 2535 5942 v,
2577 5879 2660 5933 l9.
