4158 6450
75 428 201 494 1109

1194 419 1278 482 ΙΝ
1316 415 1759 482 LEVITICUM.
1795 437 1863 452 -
1894 410 2048 472 LIB.
2085 409 2216 472 VII.

3220 400 3345 468 [110

74 542 321 611 pendetur
369 541 509 595 mola
553 540 791 593 asinaria
822 539 893 592 ad
930 537 1123 590 collum
1158 536 1290 602 ejus,
1325 541 1374 588 et
1402 531 1477 585 sic
1510 546 1651 584 mer-
1683 544 1727 603 Α
1757 540 1931 590 seres,
1975 532 2032 579 et
2075 524 2290 578 vineam
2338 534 2448 574 non
2493 519 2733 589 putabis.
2785 517 2918 583 Quae
2950 526 3144 586 sponte
3164 518 3346 590 gignet

74 644 223 704 galur
248 633 304 685 in
342 632 599 701 profundo
633 631 798 685 maris
836 629 904 683 ".
934 629 1122 697 Neque
1148 627 1295 682 enim
1326 625 1445 679 haec
1484 622 1647 677 verba

74 722 334 786 distinxit,
369 725 463 779 sed
488 724 712 789 dicens:
746 720 1281 791 Quicunque,omnes
1315 731 1489 786 pmnae
1518 714 1651 769 sub-

72 814 219 883 jecit,
273 822 497 884 propter
551 814 697 885 quod
748 824 805 869 et
852 813 1056 867 Paulus
1098 811 1234 865 dixit
1273 828 1285 861 :
1325 807 1425 873 Qui
1473 816 1652 859 autem

76 907 343 962 conturbat
359 925 467 971 vos,
494 908 723 975 portabit
745 907 1033 977 judicium,
1063 904 1358 975 quicunque
1379 910 1455 955 est
1476 898 1567 952 ille
1582 896 1651 961 ",

78 997 129 1050 id
169 1007 269 1060 est,
318 997 433 1052 sive
463 1012 685 1065 parvus,
737 997 855 1052 sive
881 1009 1144 1087 ‘magms,
1210 993 1327 1047 sive
1369 989 1654 1046 scientiam

81 1090 281 1143 habens
314 1089 601 1158 plurimam
632 1090 746 1144 sive
778 1082 1024 1158 parvam,
1056 1087 1171 1140 sive
1201 1099 1352 1139 nunc
1381 1082 1652 1144 didicerit,

80 1181 189 1233 sive
223 1181 390 1249 prius,
422 1181 538 1234 sive
613 1180 748 1235 civis
789 1180 918 1245 ﬁde,
968 1180 1081 1234 sive
1138 1177 1478 1247 peregrinus.
1519 1174 1657 1227 Cum

81 1284 252 1327 autem
284 1275 398 1327 hiec
430 1276 500 1327 ita
531 1288 588 1328 se
621 1273 876 1336 habeant,
904 1272 1210 1326 necessaria
1236 1278 1351 1324 erat
1372 1266 1579 1322 Iudaeis
1606 1273 1660 1319 et

80 1366 267 1419 Ιίιιωιτθ
302 1365 529 1430 sanctio,
566 1380 744 1435 neque
776 1364 1069 1434 cupiebant
1109 1362 1301 1416 audire
1329 1378 1342 1414 :
1369 1360 1426 1413 Si
1462 1359 1578 1429 quis
1611 1367 1660 1411 te

83 1457 384 1524 percusserit
422 1457 476 1508 in
500 1458 745 1508 dextram
779 1451 1306 1521 uitandam/prie”
1328 1449 1411 1503 illi
1449 1457 1498 1502 et
1526 1446 1663 1500 alte-

85 1566 196 1600 rum
224 1551 288 1608 δ’,
323 1550 446 1617 quia
478 1563 605 1601 cum
632 1556 818 1602 essent
843 1544 1114 1609 malevoli,
1144 1542 1523 1612 unusquisque
1557 1539 1663 1593 hoc

84 1642 387 1712 proximum
408 1650 706 1696 exacturus
733 1648 871 1704 erat,
904 1646 960 1693 et
990 1653 1101 1692 non
1133 1639 1249 1706 ipse
1272 1649 1455 1706 agere.
1488 1632 1662 1685 Recte

83 1753 208 1806 ergo
235 1739 313 1789 eis
347 1736 565 1789 oculum
596 1749 693 1804 pro
721 1732 903 1797 oculo,
928 1734 1148 1787 dentem
1195 1744 1295 1798 pro
1321 1728 1487 1783 dente
1517 1726 1665 1779 dice-

84 1828 258 1891 batur,
296 1837 353 1879 ut
390 1837 539 1881 metu
581 1825 805 1878 alterna:
844 1837 1021 1894 paena:
1046 1836 1077 1876 a
1112 1818 1425 1884 vinoléntis,
1462 1827 1516 1872 et
1560 1816 1663 1869 bo-

82 1920 319 1975 tnieidiis
352 1919 715 1973 abstinerent.

155 2029 318 2085 Vens.
345 2030 435 2085 25.
467 2049 486 2081 ‹
516 2029 864 2097 Locutusque
894 2035 979 2082 est
996 2025 1176 2096 Moyes
1204 2024 1274 2078 ad
1306 2022 1448 2076 filios
1478 2018 1663 2085 Israel,

82 2134 141 2179 et
179 2125 484 2179 eduxerunt
515 2137 639 2178 eum
673 2122 766 2190 qui
807 2118 1281 2190 hlasphemaverat
1314 2124 1465 2169 extra
1489 2123 1666 2168 castra

83 2231 151 2271 ac
198 2216 473 2286 lapidibus
517 2222 931 2285 oppresserunt,
976 2210 1331 2279 feceruntque
1362 2207 1457 2263 lilii
1501 2204 1669 2260 Israel

83 2312 229 2363 sicut
251 2314 585 2377 praeceperat
611 2306 870 2361 Dominus
898 2302 1086 2375 Moysi.
1122 2319 1140 2353 ι

157 2400 300 2470 Ergo
329 2413 437 2452 non
471 2398 569 2453 tibi
602 2398 802 2452 frustra
830 2412 982 2460 cum,
1020 2394 1111 2465 qui
1144 2392 1382 2447 animam
1425 2392 1669 2448 hominis

84 2490 381 2561 percussit,
406 2500 501 2545 aut
544 2490 777 2561 pecoris,
801 2498 895 2544 aut
933 2488 1236 2550 hominem,
1267 2502 1428 2555 quem
1452 2496 1509 2540 et
1532 2486 1670 2540 mori

86 2590 314 2651 prepter
363 2582 466 2636 hoc
508 2581 793 2652 praecepit,
830 2580 981 2634 illum
1032 2593 1155 2634 esse
1190 2577 1493 2631 secundum
1542 2575 1675 2644 legis

84 2674 611 2743 contemplationem
663 2673 1022 2737 ostendimus,
1077 2669 1378 2740 qui‘alium
1419 2668 1485 2723 ad
1528 2667 1676 2722 blas-

91 2764 375 2833 phemiam
403 2764 735 2833 percusserit
762 2764 984 2827 docens,
1012 2771 1105 2816 aut
1124 2774 1413 2822 exacuans,
1448 2767 1543 2812 aut
1572 2758 1677 2812 tale

85 2853 295 2922 aliquid
329 2853 475 2949 ajiud
509 2868 697 2922 agens.
732 2853 873 2907 Ecce
903 2852 1048 2907 enim
1067 2852 1203 2905 ordo
1228 2850 1531 2905 sanctionis
1552 2865 1678 2919 pro-

84 2946 188 3001 bat
217 2946 321 3000 hoc
339 2936 394 3001 e't
428 2945 634 3015 absque
657 2944 835 3014 aliqua
858 2943 1137 2998 dubietate
1169 2936 1530 3007 demonstrat,
1550 2942 1677 3011 quia

86 3038 160 3093 de
188 3038 276 3093 his
330 3038 423 3107 qui
476 3037 807 3092 maledicunt
856 3036 1051 3103 Deum,
1116 3046 1210 3091 aut
1273 3035 1677 3105 blasphemant,

90 3128 447 3199 praecipiens,
474 3130 763 3195 conjunxit
782 3129 869 3184 his
887 3142 1014 3183 eum
1036 3127 1129 3198 qui
1159 3127 1399 3182 hominis
1416 3127 1676 3192 animam,

88 3234 190 3276 aut
224 3223 493 3287 animalis,
529 3232 624 3276 aut
653 3222 932 3276 hominem
966 3220 1143 3290 ipsum
1178 3220 1540 3289 percuSsisset
1576 3238 1588 3272 :
1621 3229 1674 3274 et

89 3329 206 3368 non
240 3314 416 3369 solum
440 3315 580 3370 sicut
605 3315 703 3378 illi,
740 3294 794 3368 ἐι
824 3314 951 3369 huic
970 3328 1187 3384 pinnam
1219 3312 1409 3367 mortis
1439 3312 1671 3376 induxit,

91 3406 192 3458 sed
240 3405 538 3474 explanans
573 3404 721 3474 quod
754 3420 918 3458 unam
953 3404 1189 3458 habeant
1235 3419 1320 3464 ea.
1366 3419 1484 3472 quae
1537 3404 1681 3456 dicta

97 3504 246 3559 sunt,
264 3496 645 3559 intentionem,
662 3510 851 3550 rursus
871 3495 1097 3558 addidit,
1113 3498 1201 3565 qui
1219 3494 1680 3563 blasphemaverit,

91 3602 318 3654 pmnam
346 3604 509 3657 quam
534 3590 713 3642 omnis
748 3588 1043 3643 multitudo
1068 3588 1332 3641 obediens
1357 3586 1461 3656 legi
1497 3586 1677 3653 exige-

94 3680 216 3733 bat.
275 3681 599 3735 Audivimus
651 3680 818 3745 enim,
863 3679 1324 3749 quemadmodum
1374 3680 1441 3731 de
1487 3678 1683 3731 castris

92 3771 293 3827 eduxit
326 3787 472 3834 cum,
510 3773 603 3843 qui
658 3772 1076 3842 blasphemavit,
1128 3771 1510 3841 lapidibusque
1558 3784 1685 3823 eum

92 3865 339 3935 opprimi
375 3865 661 3935 praecepit.
715 3863 1009 3935 Propterea
1052 3862 1415 3931 indignationi
1459 3870 1515 3915 et
1548 3876 1687 3930 opus

92 3956 333 4020 addidit,
368 3966 423 4011 et
450 3957 624 4027 legem
653 3957 751 4011 tibi
775 3958 940 4011 etiam
975 3956 1354 4025 experimento
1395 3955 1514 4024 ipso
1553 3969 1688 4007 con-

97 4046 372 4101 ﬁrmatam
390 4049 647 4111 ostendit,
663 4058 724 4102 ut
738 4061 792 4103 et
811 4056 868 4103 tu
885 4048 1265 4117 blasph‘emare
1284 4046 1453 4100 Deum
1471 4047 1689 4100 timeres

90 4146 158 4193 et
183 4139 422 4207 fugeres,
446 4140 592 4195 illam
613 4141 809 4196 timens
827 4142 1034 4210 peccati
1053 4137 1505 4208 magnitudinem,
1525 4154 1689 4208 quam

96 4246 218 4285 non
265 4232 441 4287 solum
496 4233 801 4302 principes,
861 4232 957 4287 sed
1008 4245 1229 4285 onmem
1286 4230 1688 4284 multitudinem

98 4325 388 4380 vindicare
436 4325 724 4395 prmcepit.
779 4323 1103 4379 Communis
1157 4323 1306 4378 enim
1362 4324 1526 4378 debet
1569 4338 1691 4378 esse

98 4417 367 4470 omnibus
391 4425 583 4471 contra
624 4416 975 4485 blasphemus
1019 4416 1368 4485 pugna,quia
1411 4415 1690 4469 communi

19 4577 31 4590 ν
99 4516 300 4561 nostro
336 4507 692 4571 benefactori,
734 4507 1010 4561 communi
1046 4516 1245 4562 nostra:
1288 4508 1410 4561 vita:
1468 4498 1555 4561 ex’
1584 4521 1693 4575 quo

98 4613 302 4654 omnes
323 4607 379 4653 et
402 4613 545 4662 esse,
568 4608 625 4653 et
648 4600 786 4653 bene
802 4614 924 4654 esse
960 4600 1243 4663 habemus,
1262 4599 1550 4654 detrahere
1575 4608 1685 4652 ten-
1726 4629 1770 4685 Ι)

104 4700 249 4755 tant,
282 4692 401 4760 ejus
433 4691 656 4761 quidem
688 4692 871 4762 gloria!
902 4691 1039 4746 nihil
1065 4701 1350 4758 nocentes,
1373 4707 1475 4747 nos
1506 4700 1691 4746 autem

100 4783 176 4838 ab
203 4799 271 4839 eo
298 4798 570 4853 separare,
602 4792 659 4837 et
685 4783 964 4854 expellere
994 4784 1266 4839 volentes.

679 4917 910 4975 CAPUT
949 4917 1119 4974 XXV.

184 5033 346 5087 Vens.
370 5035 486 5087 1-7.
535 5052 552 5085 σ
578 5032 928 5101 Locutusque
958 5042 1043 5087 est
1083 5032 1347 5087 Dominus
1373 5032 1440 5086 ad
1477 5031 1698 5102 Moysen

100 5127 164 5181 in
199 5136 387 5181 monte
408 5124 581 5189 Sinai,
600 5126 788 5181 dicens
813 5125 1097 5194 :Loquere
1119 5123 1248 5178 ﬁliis
1281 5123 1443 5176 Israel
1473 5133 1528 5176 et
1550 5123 1701 5177 dices

98 5218 179 5273 ad
206 5233 304 5274 cos
335 5237 348 5273 :
376 5219 604 5287 Quando
637 5218 866 5287 ingressi
907 5217 1120 5271 fueritis
1160 5226 1386 5282 terram,
1411 5232 1574 5285 quam
1599 5231 1701 5287 ego

100 5313 254 5368 dabo
275 5308 813 5379 vobis,'sabhatizetis
832 5308 1126 5365 Sabbatum
1147 5309 1396 5363 Domino.
1418 5308 1523 5362 Sex
1542 5309 1703 5363 annis

100 5416 264 5455 seres
287 5416 477 5472 agrum
500 5410 675 5464 tuum,
695 5408 750 5454 et
768 5413 862 5454 sex
882 5400 1041 5454 annis
1068 5399 1286 5469 putabis
1308 5400 1521 5453 vineam
1552 5408 1702 5453 tuam

102 5492 443 5565 colligesque
476 5492 690 5548 fructus
726 5493 866 5563 ejus.
892 5491 1140 5562 Septimo
1165 5502 1350 5546 autem
1380 5507 1527 5546 anno
1564 5491 1704 5545 Sab-

102 5586 304 5643 batum
336 5587 444 5641 erit
487 5595 647 5642 terra:
677 5584 1041 5656 requietionis
1068 5583 1306 5639 Domini.
1336 5584 1545 5653 Agrum
1584 5597 1694 5637 non

186 5807 232 5841 "
258 5808 451 5864 Matth.
483 5826 639 5875 xvnt,
681 5808 735 5864 6.

107 5876 170 5934 5.
249 5883 294 5913 "
315 5880 451 5935 Gen.
480 5896 623 5948 χιιι,
673 5882 755 5937 Il.
832 5880 1091 5936 "Matth.
1121 5895 1266 5949 xxvi,
1300 5878 1389 5934 29.

814 5809 859 5843 “
888 5807 1006 5865 Gal.
1028 5809 1192 5873 v.10.
1267 5808 1313 5841 "
1343 5806 1535 5865 Matth.
1571 5825 1622 5875 v,
1655 5808 1745 5863 39.

1758 619 1979 682 humus,
2033 632 2145 670 non
2190 623 2384 675 metes,
2435 623 2490 668 et
2541 628 2675 667 uvas
2706 612 3069 682 primitiarum
3128 620 3347 665 tuarum

1758 728 1870 766 non
1895 712 2122 781 colliges
2149 708 2302 779 quasi
2345 706 2703 761 vindemiam.
2732 704 2924 759 Annus
2960 714 3043 759 est
3068 703 3214 759 enim
3258 720 3349 758 re-

1759 802 2055 872 quietionis
2106 810 2283 854 terrm.
2335 798 2444 853 Sed
2488 806 2650 852 erunt
2699 796 2853 850 vobis
2894 797 2947 849 in
2983 798 3165 850 cibum
3201 813 3214 849 :
3249 794 3347 850 tibi

1761 906 1817 951 et
1842 891 2142 955 servdvtuo,
2169 894 2381 949 ancilla:
2412 901 2467 947 et
2488 890 2847 946 mercenaria
2879 899 2991 948 tuo.
3019 898 3075 943 et
3103 890 3345 953 advenae,

1763 988 1852 1056 qui
1879 988 2297 1058 peregrinantur
2324 986 2467 1055 apud
2487 997 2539 1039 te
2559 1024 2572 1037 .
2607 981 2880 1037 Jumentis
2904 981 3031 1044 tuis,
3060 989 3115 1034 et
3144 981 3354 1049 pecori-

1764 1080 1887 1143 bus,
1922 1079 2105 1132 omnia
2136 1093 2259 1147 qua:
2285 1086 2590 1131 nascuntur
2620 1074 2943 1145 praebebunt
2974 1073 3179 1132 cibum.
3220 1089 3238 1121 ι

1838 1170 2085 1232 Terram,
2111 1184 2275 1238 quam
2297 1177 2353 1221 et
2373 1168 2540 1221 Deum
2566 1165 2725 1219 nobis
2747 1166 2876 1218 dare
2905 1164 3084 1227 decet;
3113 1172 3169 1217 et
3194 1162 3354 1216 nobis

1766 1261 1985 1329 expedit
2028 1260 2300 1327 accipere,
2335 1273 2399 1310 ex
2444 1272 2550 1325 qua
2599 1271 2785 1310 veram
2816 1258 2979 1308 vitam
3030 1254 3355 1323 conquirere

1766 1366 2078 1421 possumus,
2129 1349 2178 1403 id
2206 1350 2287 1402 est
2337 1347 2809 1402 conversationem
2857 1346 3054 1424 bonam
3095 1360 3215 1413 qua:
3271 1354 3355 1398 est

1768 1443 2069 1498 secundum
2120 1441 2241 1512 ejus
2279 1441 2476 1511 regem,
2526 1447 2691 1506 atque
2734 1438 3006 1499 mandata,
3043 1452 3164 1507 quae
3198 1434 3355 1491 nobis

1770 1536 1937 1600 dedit,
1957 1536 2024 1589 de
2046 1550 2151 1603 qua
2184 1535 2260 1588 ait
2289 1532 2456 1586 David
2491 1550 2503 1584 :
2537 1531 2677 1586 Doce
2703 1547 2785 1584 me
2812 1532 3135 1584 voluntatem
3171 1538 3356 1582 tuam:

1770 1628 1895 1696 quia
1928 1636 1984 1679 tu
2017 1642 2069 1678 es
2101 1626 2239 1678 Deus
2285 1640 2452 1687 meus,
2486 1622 2717 1691 Spiritus
2749 1632 2869 1676 tuus
2898 1632 3111 1676 sanctus
3140 1622 3355 1717 deflucet

1770 1735 1853 1772 me
1877 1719 1934 1771 in
1969 1726 2169 1771 terram
2211 1724 2409 1769 rectam
2432 1715 2498 1770 ⁵ο.
2534 1714 2688 1770 Hanc
2731 1715 2775 1769 si
2810 1714 3216 1779 intraverimus,
3264 1730 3359 1767 sex

1772 1811 1934 1865 annis
1963 1825 2146 1865 serere
2192 1820 2441 1864 nostrum
2478 1824 2691 1879 agrum,
2741 1818 2797 1863 et
2830 1807 3076 1876 plantare
3120 1807 3356 1869 vineam,

1698 1925 1743 1984 Β
1773 1912 1827 1956 et
1858 1901 2113 1971 colligere
2136 1900 2346 1954 fructus
2378 1900 2469 1970 qui
2502 1915 2566 1952 ex
2602 1914 2664 1953 ea
2699 1907 3019 1964 nascuntur,
3050 1914 3357 1969 possumus,

1772 1995 1829 2049 id
1871 2005 1973 2055 est.
2017 2008 2188 2063 usque
2222 1994 2353 2048 dum
2385 1993 2439 2046 in
2485 1992 2594 2048 vita
2628 1992 2726 2046 hac
2772 1999 2826 2045 et
2867 1991 2921 2044 in
2968 1998 3220 2045 creatura
3262 1991 3362 2043 hac

1770 2079 1968 2142 iisibili
2015 2102 2253 2141 sumus:
2295 2100 2458 2157 quam
2513 2100 2607 2139 sex
2656 2070 2866 2139 dierum
2910 2098 3174 2138 numerus
3218 2090 3361 2137 recte

1772 2180 2040 2251 signiﬁcat
2091 2179 2219 2249 quia
2264 2178 2318 2231 in
2352 2193 2445 2232 sex
2499 2177 2693 2231 diebus
2719 2178 3017 2231 constituta
3047 2185 3194 2241 sunt,
3241 2190 3361 2244 qua:

1771 2272 2025 2325 videntur
2062 2270 2267 2325 omnia.
2314 2267 2561 2339 Septimo
2588 2274 2774 2322 autem
2817 2282 3005 2343 anno,‘
3041 2264 3361 2331 Sabbatum,

1773 2370 1828 2417 et
1860 2361 2081 2432 requies
2113 2362 2217 2417 erit
2242 2370 2423 2415 terrae.
2461 2359 2693 2426 Quando
2722 2358 2870 2414 enim
2902 2358 3240 2429 intelligibile
3268 2373 3364 2411 no-

1774 2461 1946 2507 strum
1970 2454 2178 2508 venerit
2205 2440 2523 2516 Sabbatum,
2570 2451 2621 2504 id
2644 2459 2729 2505 est
2759 2449 3044 2520 praesentis
3073 2448 3253 2503 saeculi
3278 2463 3366 2502 re-

1775 2548 1950 2617 quies,
1987 2548 2055 2603 de
2082 2564 2186 2618 qua
2216 2547 2294 2602 ait
2320 2545 2523 2601 Paulus
2550 2565 2561 2600 :
2595 2544 2734 2615 Ergo
2751 2543 3067 2611 relinquitur
3092 2540 3365 2596 Sabbatis-

1785 2658 1901 2694 mus
1931 2640 2111 2710 populi
2148 2639 2239 2693 Dei
2272 2640 2316 2671 “
2351 2656 2365 2694 :
2400 2652 2559 2707 quem
2598 2637 2781 2706 signat
2808 2636 2924 2690 dies
2958 2634 3209 2705 septima,
3243 2634 3369 2702 quia

1790 2732 2021 2801 septima
2073 2730 2161 2785 die
2213 2730 2483 2801 requievit
2516 2728 2661 2781 Deus
2700 2727 2769 2781 ab
2809 2726 3067 2780 omnibus
3115 2724 3372 2793 cperibus

1787 2822 1924 2886 suis,
1957 2820 2214 2876 videlicet
2241 2820 2549 2875 visibilibus
2575 2836 2589 2874 ε
2618 2825 2748 2902 ιμηο
2782 2814 3119 2885 operationis
3146 2828 3256 2867 non
3289 2825 3374 2867 est

1781 2922 2015 2982 tempus,
2045 2923 2100 2968 et
2124 2912 2246 2967 ideo
2281 2927 2385 2966 nec
2413 2926 2603 2980 agrum
2641 2909 2774 2978 legis
2820 2916 2951 2962 tunc
3005 2921 3211 2973 serere,
3274 2920 3371 2961 nec

1782 3006 2153 3075 evangelii-am
2188 3005 2403 3059 vineam
2447 3004 2689 3072 plantare
2719 3002 3030 3071 possumus.
3059 3002 3199 3069 Ager
3227 2998 3373 3051 enim

1785 3111 1812 3149 a
1843 3095 1999 3149 nobis
2026 3095 2107 3149 lex
2147 3104 2294 3149 recte
2320 3092 2662 3164 intelligitur,
2696 3091 2821 3161 quia
2874 3090 3058 3143 senior
3084 3089 3246 3151 lilius,
3282 3091 3378 3156 qui

1784 3190 1985 3253 iuniori
2028 3188 2227 3257 populo
2282 3186 2513 3240 a-tnulns
2561 3184 2699 3247 estft'
2724 3185 2814 3253 qui
2862 3183 3150 3250 imaginem
3193 3180 3377 3251 populi

1705 3272 1749 3331 C
1793 3280 2100 3335 .Iuila‘orum
2132 3280 2289 3349 gerit,
2322 3281 2389 3333 de
2419 3295 2569 3348 agro,
2600 3276 2852 3331 videlicet
2877 3276 3197 3345 operatione
3221 3273 3373 3343 legis,

1790 3372 1984 3425 reverti
2019 3371 2235 3424 dicitur.
2269 3367 2433 3420 Vinea
2468 3376 2672 3427 autent,
2720 3363 3030 3434 evangelica
3056 3362 3174 3416 sine
3200 3361 3377 3428 aliqua

1790 3465 2065 3518 dubietate
2100 3460 2412 3531 praedicatio
2443 3470 2523 3512 est
2552 3477 2563 3511 :
2593 3458 2849 3525 Christus
2869 3456 3015 3509 enim
3051 3455 3100 3507 ei
3134 3452 3379 3507 occasio-

1792 3572 1916 3610 nem
1953 3566 2006 3607 et
2050 3555 2330 3608 materiam
2377 3551 2549 3611 dedit,
2585 3550 2675 3619 qui
2722 3549 2898 3602 dixit:
2933 3547 3043 3617 Ego
3081 3562 3194 3598 sum
3244 3546 3379 3607 vitis,

1792 3663 1879 3699 ros
1902 3661 2080 3698 autem
2103 3632 2567 3712 pulmitesW’utcr
2618 3658 2759 3693 meus
2794 3639 3028 3710 agricola
3062 3648 3135 3691 est
3180 3638 3247 3689 ".
3272 3635 3366 3689 Net

1793 3753 1922 3807 ergo
1998 3736 2177 3790 colere
2219 3735 2426 3806 legalia,
2478 3744 2571 3787 aut
2609 3730 3217 3803 evangelicainandata
3263 3737 3384 3798 post

1796 3832 2002 3884 exitum
2030 3829 2096 3882 de
2130 3831 2233 3882 hac
2281 3828 2412 3889 vita,
2457 3837 2550 3879 aut
2584 3826 2874 3879 transitum
2923 3822 3247 3892 poterimus,
3289 3820 3381 3874 sed

1796 3938 1896 3975 nec
1935 3937 1996 3973 ea
2029 3936 2148 3989 quae
2196 3929 2390 3988 sponte
2423 3931 2747 3980 nascuntur,
2800 3925 3025 3978 metere,
3068 3914 3118 3967 id
3151 3923 3236 3966 est
3285 3928 3386 3965 nec

1795 4030 2138 4084 quaecunque
2181 4013 2445 4066 naturalis
2471 4011 2557 4065 lex
2587 4010 2655 4064 ad
2672 4008 3047 4079 operationem
3073 4005 3385 4060 hominibus

1802 4105 2063 4176 suggerit,
2099 4104 2217 4157 haec
2248 4113 2331 4156 est
2376 4103 2523 4156 enim
2568 4115 2689 4170 qua:
2712 4107 2907 4170 sponte
2956 4098 3214 4168 gignitur,
3259 4095 3387 4164 quia

1799 4208 1950 4253 extra
1973 4197 2380 4251 meditationem
2411 4194 2699 4255 librorum,
2722 4198 2778 4244 et
2795 4203 3017 4245 omnem
3054 4184 3388 4241 doctoraleui

1800 4291 2048 4346 auditum
2082 4290 2346 4358 suggerit,
2377 4296 2431 4340 ct
2452 4285 2773 4339 exhortatur
2806 4297 2927 4351 quae
2959 4288 3089 4333 sunt
3132 4277 3307 4340 utilia,
3333 4284 3389 4328 et

1802 4385 2158 4455 cogitationes
2179 4381 2337 4435 nobis
2360 4380 2685 4447 adjuvantes
2705 4376 2942 4428 animam
2970 4378 3250 4441 praestant.
3284 4366 3387 4421 Sed

1801 4492 1904 4531 nec
1937 4491 2069 4529 uvas
2101 4473 2468 4541 primitiarmn
2494 4470 2607 4523 sive
2639 4478 2697 4521 ut
2727 4465 2870 4520 LXX
2904 4480 3060 4517 uram
3085 4459 3390 4529 sancti/ica-

1803 4569 1983 4631 tionis,
2027 4566 2363 4619 vindemiare
2408 4570 2540 4615 tunc
2576 4575 2803 4614 necesse
2856 4542 3141 4619 habemus,
3183 4564 3237 4607 et
3271 4568 3393 4620 qua:

1801 4669 1887 4715 est
1909 4656 2351 4713 sanctiﬁcationis
2370 4668 2474 4707 uva
2499 4672 2511 4705 :
2541 4652 2721 4705 sciunt
2738 4650 2829 4719 qni
2860 4649 3054 4701 imbuti
3080 4656 3203 4701 sunt
3227 4645 3391 4699 Chri-

1805 4753 1876 4805 sti
1905 4749 2242 4819 mysterinm,
2272 4746 2361 4815 qui
2385 4743 2761 4813 experimento
2790 4734 2861 4794 de
2884 4738 3105 4794 Christo
3150 4726 3395 4807 prophe-

1817 4845 1947 4897 tiam
1979 4848 2346 4911 perceperunt
2374 4857 2385 4891 :
2422 4836 2644 4891 Lavabit
2682 4837 2736 4887 in
2757 4836 2877 4887 vino
2905 4831 3097 4885 stolam
3122 4846 3296 4895 suam,
3349 4838 3396 4882 et

1817 4934 1873 4986 in
1898 4932 2158 5002 sanguine
2180 4946 2292 4982 ﬂl‘tl’
2315 4928 2538 4996 pallium
2564 4926 2797 4990 suum”,
2830 4924 2994 4992 hujus
3017 4919 3398 4976 sanctiﬁcatio-

1810 5024 1895 5079 nis
1924 5038 2088 5092 quam
2120 5036 2229 5074 non
2260 5018 2756 5081 vindemiahitnus;
2792 5014 2905 5069 illic
2923 5028 3048 5066 nam
3077 5010 3395 5081 mysterium

1805 5114 1923 5169 fore
1972 5112 2313 5167 Duminicum
2346 5108 2651 5163 videbimus
2691 5115 2840 5167 tunc,
2898 5102 2994 5158 sed
3035 5115 3160 5156 cum
3202 5096 3393 5167 majori

1807 5205 1975 5276 gloria
2001 5204 2205 5258 nullius
2233 5199 2509 5255 sensibilis
2525 5199 2599 5251 rei
2623 5198 2768 5251 sicut
2790 5209 2938 5249 nunc
2964 5201 3210 5262 egentes.
3238 5189 3397 5245 Unde

1807 5298 2085 5369 legislator
2143 5294 2362 5364 quidem
2408 5306 2564 5345 uvam
2612 5286 3085 5348 commemoravit,
3145 5282 3398 5339 Christus

1808 5366 1991 5443 autem
2026 5374 2127 5441 hoc
2158 5402 2215 5439 se
2241 5385 2426 5439 bibere
2451 5383 2507 5436 in
2540 5395 2712 5452 regno
2744 5366 3057 5443 n‘obiscum,
3080 5375 3175 5430 sed
3194 5388 3397 5429 novum

1810 5481 2147 5554 promisit“.
2170 5478 2282 5532 Hoc
2304 5493 2431 5549 ergo
2458 5476 2765 5537 sabbatum,
2786 5472 2839 5526 id
2861 5483 2945 5525 est
2961 5469 3177 5539 requies
3191 5466 3399 5532 saeculi,

1812 5577 1869 5631 in
1918 5591 2029 5645 quo
2075 5572 2332 5643 praedicta
2401 5578 2542 5624 terra
2602 5565 3020 5636 requiescimus,
3075 5576 3202 5616 cum
3253 5558 3402 5613 enim

1824 5808 1869 5839 5“
1903 5792 2043 5858 I’sal.
2079 5816 2236 5865 chn,
2268 5800 2353 5853 IO.
2453 5797 2496 5830 ⁵⁸
2528 5795 2694 5851 Hebr.
2738 5810 2812 5859 ιγ,
2842 5794 2901 5859 ,9.
3001 5793 3043 5823 ⁵³
3112 5788 3271 5841 Joan.
3315 5800 3402 5836 xv.
