4158 6450
109 452 231 522 1117

1226 454 1310 516 IN
1353 452 1800 515 LEVITICUM.
1839 427 1913 489 -'
1950 451 2101 521 LIB.
2140 450 2276 515 vn.

3250 435 3385 504 1118

106 572 207 629 sibi
222 567 563 641 conquirere,
590 569 810 627 domum
842 568 1029 624 domui
1089 568 1449 638 conjungere,
1502 581 1692 637 agrum
1721 572 1769 627 Α
1798 564 2005 618 tionem
2030 573 2190 619 terra:
2238 560 2587 633 praecipiens,
2619 574 2729 615 non
2754 557 2868 612 vult
2892 554 3146 621 deficere,
3201 566 3383 620 neque

106 680 234 735 agro
278 679 572 735 apponere,
629 664 725 719 sed
776 661 1019 717 tribuere
1058 677 1200 732 opus
1230 661 1587 726 habentibus,
1636 669 1691 714 et

105 755 360 826 paulatim
396 770 518 826 quae
566 755 859 815 dederunt,
908 753 976 809 de
1007 753 1280 808 fructibus
1329 753 1568 822 recipere
1597 752 1690 821 qui

103 849 171 903 de
201 846 344 919 agris
363 847 711 918 colliguntur.
747 848 930 916 Ipsum
981 846 1130 900 enim
1174 845 1421 900 debitum
1462 846 1689 909 donare,

108 948 167 992 et
217 953 395 1008 neque
443 938 546 991 hoc
572 937 720 1007 quod
775 945 1028 991 mutuum
1072 936 1260 990 datum
1302 944 1387 989 est
1424 938 1689 1003 recipere.

106 1029 370 1084 Perfecta:
398 1030 503 1084 hoc
556 1030 681 1085 vitae
704 1038 808 1088 est.
832 1045 996 1099 quam
1045 1044 1157 1084 non
1192 1043 1386 1082 omnes
1436 1028 1688 1097 capiunt:

104 1120 196 1189 qui
228 1129 411 1174 autem
450 1121 698 1190 capiunt,
730 1121 876 1177 beati
903 1128 1052 1175 sunt.

179 1208 341 1266 Vens.
380 1212 568 1267 18-20.
610 1231 628 1264 ι
668 1212 851 1267 Facite
905 1221 1177 1282 praecepta
1210 1227 1355 1279 mea,
1397 1220 1452 1266 et
1488 1211 1693 1282 judicia

105 1304 397 1369 custodite,
427 1314 483 1359 et
503 1305 725 1375 implete
748 1321 833 1371 ea,
863 1314 923 1359 ut
942 1305 1189 1360 habitare
1218 1305 1441 1376 possitis
1471 1306 1694 1361 interra

105 1396 313 1464 absque
337 1396 445 1450 ullo
490 1412 714 1466 pavore,
755 1406 810 1452 et
840 1396 1022 1467 gignat
1049 1396 1204 1452 vobis
1234 1396 1436 1449 humus
1487 1394 1698 1449 fructus

108 1500 262 1545 suos.
299 1485 501 1554 quibus
523 1484 823 1541 vescamini
855 1498 1027 1553 usque
1056 1482 1124 1537 ad
1158 1481 1521 1546 saturitatem,
1571 1481 1697 1534 nul-

114 1576 221 1629 lius
254 1576 521 1646 impetum
562 1576 944 1631 formidantes.
980 1592 1001 1627 ι

177 1666 414 1721 Maxime
457 1668 524 1722 ad
582 1682 745 1722 aures
805 1676 1021 1721 nostras
1075 1666 1301 1735 spiritus
1352 1665 1450 1719 Dei
1488 1663 1699 1719 cautela

106 1758 464 1827 perfectaque
498 1758 688 1822 utitur,
724 1773 794 1812 ne
821 1757 961 1812 forte
1003 1756 1297 1822 discentes,
1329 1756 1457 1825 quia
1504 1769 1703 1809 secun-

107 1851 237 1901 dum
268 1864 562 1903 numerum
585 1864 878 1917 annorum,
907 1848 961 1903 id
1009 1857 1094 1902 est
1116 1848 1411 1902 secundum
1444 1847 1698 1901 virtutem

106 1940 326 1995 fructus
351 1940 780 2013 intelligibilium
826 1940 1260 2011 possessionum,
1295 1938 1550 1993 videlicet
1586 1937 1698 1991 vir-

110 2040 295 2083 tutum
358 2032 647 2102 exigimur,
712 2032 1190 2101 resupinaremur,
1246 2041 1301 2086 et
1352 2032 1419 2087 ad
1479 2031 1700 2085 delicias

107 2124 465 2190 reclinemus,
494 2124 721 2195 ipsaque
738 2124 1136 2179 condescensio
1163 2124 1320 2179 nobis
1346 2124 1505 2178 noxia
1524 2124 1697 2178 fieret.

180 2216 366 2269 Facite
399 2226 656 2286 praecepta
694 2234 809 2271 mea
849 2227 898 2272 et
935 2217 1143 2288 judicia
1198 2219 1468 2282 custodite,
1493 2218 1592 2283 ait,
1652 2227 1700 2271 et

106 2308 329 2377 implete
356 2327 440 2365 ea.
467 2295 791 2366 Nullaienus
812 2312 959 2366 enim
1000 2327 1103 2366 nos
1138 2326 1352 2375 vacare,
1385 2311 1512 2365 licet
1546 2310 1700 2365 infir-

110 2403 183 2454 mi
227 2402 406 2456 simus
452 2419 481 2457 a
525 2403 659 2474 legis
699 2403 1043 2473 operatione,
1094 2405 1191 2459 sed
1244 2403 1459 2473 operari
1512 2402 1702 2473 procul

109 2494 305 2560 dubio,
335 2494 551 2549 etiamsi
602 2495 905 2550 secundum
943 2496 1225 2559 virtutem,
1273 2497 1407 2561 vult,
1456 2498 1702 2550 uirtutem

111 2600 293 2639 autem
326 2597 564 2641 nostram
598 2590 917 2643 conscientia
944 2599 1124 2644 nostra
1156 2590 1432 2654 convincit,
1458 2589 1599 2643 sicut
1630 2589 1705 2643 ait

115 2676 372 2733 Paulus:
430 2680 819 2751 cogitationum
872 2681 1109 2737 invicem
1189 2681 1560 2737 accusantium
1621 2681 1706 2735 vel

112 2772 578 2828 excusantium".
644 2774 849 2828 Omnes
888 2789 1018 2845 ergo
1059 2772 1296 2844 justitias
1343 2772 1461 2835 Dei,
1519 2774 1704 2828 omnia

110 2861 459 2930 cjusjudicin
494 2863 648 2933 prius
670 2866 1061 2930 custodiamus,
1099 2874 1155 2920 et
1181 2873 1367 2935 postea
1418 2863 1701 2921 faciamus.

110 2953 506 3008 Custodiamus
536 2970 643 3009 non
664 2966 1080 3026 corrumpentes
1108 2957 1470 3021 intentionem
1492 2972 1703 3023 eorum,

110 3044 206 3097 sed
242 3044 494 3099 districte
518 3047 911 3112 custodientes,
960 3056 1015 3102 et
1049 3047 1494 3102 immutabiliter:
1538 3048 1703 3102 veluti

107 3136 151 3189 si
188 3137 319 3205 quis
382 3137 786 3209 eleemosynam
847 3140 1063 3210 operari
1114 3141 1248 3207 vult,
1305 3156 1407 3195 nec
1458 3142 1705 3211 proximo

1792 654 2116 708 conturbari
2175 667 2300 716 eos,
2368 650 2463 720 qui
2524 649 2697 720 legem
2758 646 3185 718 praecipiebant,
3250 643 3383 713 quid

1792 742 2101 807 comedam,
2136 750 2228 797 aut
2257 739 2403 795 unde
2424 738 2732 800 comedam,
2768 735 2863 791 sed
2884 735 2990 789 ait:

1868 834 2016 888 Dabo
2050 834 2459 889 benedictionem
2484 847 2655 886 meam
2682 830 2843 883 vobis.
2874 827 3073 893 Quam,
3103 826 3237 896 quia
3269 840 3382 880 non

1795 928 1851 981 in
1884 928 2000 981 solo
2026 941 2168 996 pane
2196 925 2331 979 vivit
2366 926 2549 989 homo,
2579 923 2674 978 sed
2713 921 2770 976 in
2807 920 2958 977 omni
3007 921 3180 975 verbo
3235 918 3384 988 quod

1796 1017 2044 1087 procedit
2081 1017 2149 1070 de
2190 1030 2286 1069 ore
2317 1016 2448 1069 Dei:
2491 1015 2765 1087 quomodo
2794 1028 2924 1083 ergo
2958 1011 3162 1067 Christi
3220 1026 3384 1065 man-

1797 1109 1983 1164 datum
2009 1109 2231 1179 quidam
2274 1118 2529 1176 tanquam
2562 1106 2900 1177 impossibile
2949 1113 3003 1159 et
3050 1104 3384 1158 laboriosum

1798 1212 2082 1267 accusant,
2115 1218 2224 1271 quo
2268 1202 2441 1256 dixit:
2506 1198 2627 1254 Non
2674 1199 2912 1267 cogitetis
2957 1199 3013 1250 in
3058 1193 3387 1249 crastino"?

1798 1293 1937 1348 Ecce
1954 1293 2097 1348 enim
2122 1294 2207 1348 lex
2238 1293 2432 1348 similia
2463 1291 2733 1361 praecipit,
2762 1300 2818 1345 et
2858 1291 2924 1344 de
2958 1289 3184 1358 integris
3212 1287 3384 1342 tribus

1798 1385 1961 1439 annis
1991 1386 2272 1455 jubetnon
2296 1385 2537 1455 cogitare
2560 1398 2675 1447 eos,
2706 1382 2800 1451 qui
2832 1380 3086 1435 virtutem
3109 1379 3386 1449 legislato-

1800 1476 1876 1531 ris
1914 1476 2229 1531 intendunt.
2276 1476 2546 1529 Praeterea
2576 1490 2672 1545 per
2720 1484 2830 1528 tres
2878 1488 3072 1536 annos,
3126 1472 3387 1525 uniuscu-

1794 1568 1997 1636 jusque
2047 1578 2300 1622 nostrum
2352 1565 2908 1629 consummationem,
2954 1573 3019 1618 es
3039 1576 3384 1618 communem

1803 1658 2223 1712 retributionem
2248 1674 2369 1728 quae
2406 1668 2492 1712 est
2521 1666 2646 1728 post
2668 1656 3153 1722 resurrectionem,
3197 1669 3389 1709 neces-

1802 1748 1963 1803 sarie.
1983 1749 2359 1819 intelligimus.
2390 1750 2450 1804 In
2474 1763 2805 1819 unoquoque
2824 1749 3019 1801 horum
3053 1746 3391 1802 comedimus

1803 1854 1923 1908 qua:
1948 1838 2038 1893 hic
2073 1841 2281 1909 operati
2319 1840 2605 1905 fuerimus,
2628 1850 2850 1909 propter
2875 1839 3019 1908 quod
3052 1838 3127 1893 ait
3151 1858 3165 1893 :

1877 1923 2028 1989 Quod
2043 1927 2089 1980 si
2103 1928 2343 1980 dixeritis
2366 1943 2383 1981 :
2406 1925 2542 1992 Quid
2563 1930 2892 1981 comedemus
2908 1942 3049 1980 anno
3068 1927 3307 1994 septimo.
3331 1924 3391 1981 1d

1802 2020 1907 2076 est,
1976 2012 2028 2066 in
2090 2013 2526 2084 uniuscujusque
2580 2025 2828 2069 nostrum
2897 2014 3389 2070 consummatione.

1804 2103 2149 2159 Manifestum
2179 2116 2260 2160 est
2294 2107 2461 2172 enim,
2494 2106 2622 2176 quia
2664 2117 2721 2161 et
2749 2107 2804 2160 in
2849 2108 3144 2173 communi,
3198 2109 3254 2161 in
3283 2123 3391 2178 qua

1802 2197 1862 2252 fit
1894 2200 2241 2265 resurrectio,
2267 2210 2323 2255 et
2356 2200 2410 2253 in
2437 2199 2875 2263 retributionem,
2908 2200 3161 2255 eumdem
3197 2201 3380 2255 cibum

1803 2291 2093 2348 habemus.
2126 2291 2267 2346 Audi
2295 2292 2443 2362 quod
2477 2292 2573 2347 tibi
2606 2291 2673 2347 de
2734 2292 2821 2347 bis
2871 2291 3016 2349 Deus
3067 2308 3393 2363 responsum

1802 2399 1901 2454 per
1922 2384 2098 2451 legem
2131 2383 2243 2438 dat.

1876 2499 2025 2553 Dabo
2077 2500 2485 2553 benedictionem
2531 2516 2704 2554 meum
2735 2498 2880 2552 vobis
2929 2514 3069 2553 anno
3124 2507 3290 2562 sexto,
3343 2508 3393 2553 et

1805 2588 2011 2656 facietis
2040 2589 2271 2659 fructum
2312 2590 2475 2643 trium
2519 2606 2802 2644 annorum.
2846 2588 3159 2644 Benedictio
3222 2589 3391 2659 patris

1806 2679 1949 2733 filius
1976 2690 2080 2743 est,
2110 2679 2226 2750 ipse
2258 2680 2407 2735 enim
2454 2682 2809 2735 maledictum
2842 2680 3051 2736 illatum
3085 2681 3235 2744 Adae,
3277 2681 3393 2735 dis-

1806 2772 2061 2841 perdidit,
2088 2780 2313 2842 propter
2341 2774 2488 2841 quod
2513 2782 2568 2828 et
2600 2774 2653 2828 in
2682 2789 2746 2829 eo
2770 2784 3027 2843 oportere
3072 2788 3173 2828 nos
3230 2773 3399 2829 benc-

1805 2863 1940 2918 diei:
1962 2864 2129 2918 David
2149 2862 2434 2919 Psalmista
2458 2864 2644 2920 docuit
2661 2884 2673 2919 :
2692 2865 2993 2920 Benedictio
3013 2864 3222 2917 Domini
3238 2880 3399 2934 super

1806 2972 1913 3019 vos,
1945 2956 2304 3010 benediximus
2327 2958 2470 3011 vobis
2495 2958 2552 3010 in
2599 2973 2809 3010 nomine
2856 2956 3145 3010 Domini".
3183 2955 3396 3009 Nomen

1808 3045 2045 3111 Domini,
2087 3048 2259 3102 tilium
2288 3048 2421 3103 dicit
2448 3048 2757 3114 evidenter,
2782 3049 2909 3117 quia
2935 3047 3395 3116 quemadmodum

1809 3152 2012 3192 nomen
2058 3139 2375 3193 manifestat
2404 3155 2852 3209 unumquemque
2889 3140 2979 3209 qui
3018 3154 3128 3193 non
3158 3138 3394 3203 videtur,

108 3242 322 3281 nocens
355 3240 635 3297 operetur,
665 3246 845 3300 neque
879 3231 922 3285 si
976 3247 1182 3302 pauper
1222 3241 1326 3296 est,
1380 3232 1499 3301 ipse
1536 3232 1709 3298 rapiat
1734 3246 1778 3303 ε
1810 3229 1889 3283 sic
1918 3238 1974 3283 et
2010 3227 2260 3285 Christus
2312 3245 2606 3300 apparens,
2635 3232 2891 3302 cognosci
2924 3231 3054 3286 fecit
3094 3230 3308 3285 Patrem
3342 3231 3398 3285 in

106 3315 347 3369 divitum
393 3319 674 3385 pecunias,
743 3330 798 3375 ut
858 3321 1103 3391 praebeat
1154 3320 1510 3391 pauperibus.
1560 3320 1706 3377 Deus

109 3407 260 3460 enim
314 3408 720 3480 eleemosynam
771 3427 838 3466 ex
884 3412 1096 3481 justitia
1127 3411 1329 3474 .pﬂ‘erri
1388 3413 1525 3468 vult.
1591 3411 1707 3468 Hoc

106 3506 296 3551 autem
321 3507 379 3552 et
405 3499 461 3552 in
502 3516 835 3571 unoquoque
867 3504 1123 3557 mandato
1167 3503 1422 3570 dicimus,
1452 3512 1513 3559 ut
1553 3504 1704 3574 prius

110 3590 233 3657 ejus
269 3590 636 3647 intentionem
665 3603 721 3648 et
761 3593 924 3649 finem
955 3595 1350 3661 custodiamus,
1405 3604 1459 3651 et
1519 3598 1598 3652 sic
1648 3598 1705 3651 in

106 3698 305 3735 eorum
355 3685 732 3752 operationem
797 3687 1166 3756 proficiamus.
1226 3687 1385 3742 Tunc
1442 3689 1591 3743 enim
1649 3690 1706 3744 in

110 3782 258 3827 terra
297 3773 629 3844 intelligibili
678 3778 1073 3843 habitabimus,
1122 3781 1175 3833 in
1219 3779 1399 3834 divina
1452 3781 1708 3835 videlicet

109 3861 228 3933 lege
264 3864 529 3934 spiritalis
548 3864 865 3936 Scripturae,
921 3878 977 3922 et
1022 3869 1183 3923 bona:
1244 3871 1705 3939 conversationis,

107 3971 274 4024 quam
342 3957 504 4011 nobis
559 3957 705 4012 Deus
762 3959 1049 4029 possidere
1092 3969 1148 4015 et
1193 3963 1374 4017 colere
1426 3964 1704 4033 praecepit.

107 4048 337 4117 quando
377 4049 496 4118 ejus
519 4049 879 4105 intentionem
909 4067 1020 4107 non
1060 4052 1331 4108 fuerimus
1354 4055 1703 4125 transgressi,

108 4151 249 4195 tunc
284 4141 464 4211 gignit
490 4141 701 4196 fructus
739 4160 890 4209 suos,
938 4146 1139 4215 quibus
1195 4162 1483 4201 vescamur
1536 4162 1709 4217 usque

106 4234 178 4287 ad
225 4235 599 4299 saturitatem,
656 4245 706 4290 et
755 4237 962 4292 nullius
1009 4238 1273 4307 impetum
1321 4237 1699 4297 fori‘uidemus.

106 4323 212 4390 Qui
251 4327 405 4380 enim
435 4326 671 4382 custodit
709 4328 1076 4385 intentionem
1102 4330 1257 4401 legis,
1278 4340 1335 4385 ει
1378 4348 1473 4401 qui
1505 4346 1709 4400 opera-

106 4427 222 4478 tur,
264 4417 359 4472 hic
398 4418 517 4485 eius
543 4418 762 4489 colliget
826 4419 1058 4485 fructus,
1085 4429 1141 4476 et
1186 4422 1442 4477 comedet
1492 4438 1587 4477 eos
1642 4424 1708 4478 ad

105 4510 483 4572 saturitatem,
519 4519 576 4565 et
610 4512 729 4564 sine
788 4511 1079 4566 formidine
1111 4513 1165 4566 in
1220 4528 1284 4566 ea
1315 4513 1544 4580 habitat,
1584 4514 1709 4584 quia

1807 3322 2128 3392 semetipso,
2165 3325 2420 3394 quamvis
2445 3324 2801 3379 invisibilem.
2834 3324 3010 3378 Hicin
3061 3331 3216 3377 sexto
3254 3339 3399 3378 anno

1805 3415 1980 3479 venit,
2030 3424 2140 3470 tam
2194 3416 2250 3469 in
2326 3416 2688 3486 perfectione,
2751 3417 2894 3470 banc
2949 3416 3096 3468 enim
3150 3415 3401 3469 senarius

1806 3520 2070 3561 numerus
2093 3506 2384 3578 signiﬁcat,
2407 3523 2568 3577 quam
2605 3521 2664 3562 ιιι
2704 3508 2760 3561 in
2808 3507 3110 3561 novissimo
3152 3515 3397 3575 tempore

1807 3613 2000 3653 rursus
2050 3599 2375 3655 reformatio
2430 3600 2781 3668 proveniret,
2850 3600 2904 3652 in
2972 3598 3135 3668 cujus
3188 3598 3399 3653 dierum

1806 3706 2041 3745 numero
2072 3692 2238 3747 homo
2277 3691 2545 3746 formatus
2584 3702 2686 3747 est.
2721 3691 3091 3757 Quamobrem
3141 3690 3403 3760 quemad-

1807 3784 2034 3839 modum
2064 3784 2409 3839 formationis
2461 3793 2613 3840 sexta
2656 3786 2793 3851 dies,
2847 3784 2929 3839 sic
2979 3793 3168 3838 sextus
3223 3798 3402 3837 anuus

1808 3876 2219 3932 reformationis
2270 3888 2419 3932 recte
2472 3877 2799 3946 appellatur.
2854 3875 3013 3943 Quod
3068 3886 3252 3931 autem
3292 3876 3405 3929 illic

1808 3977 2001 4023 sextus
2031 3967 2172 4029 dies,
2210 3978 2401 4022 sextus
2441 3978 2624 4023 autem
2658 3968 2750 4023 bic
2790 3973 2970 4023 annus
3016 3966 3238 4030 dicitur,
3300 3969 3404 4023 hoc

1808 4057 1965 4112 ideo:
1998 4058 2125 4128 quia
2171 4058 2343 4113 multa
2397 4058 2544 4113 inter
2583 4059 2972 4114 formationem
3037 4066 3308 4122 nostram,
3349 4067 3407 4113 et

1809 4151 2259 4206 reformationem
2320 4138 2631 4221 temporum
2692 4151 3137 4206 decucurrerunt
3196 4154 3397 4221 spatia.

1813 4239 1953 4311 Ergo
1983 4255 2094 4294 non
2138 4240 2342 4300 frustra
2391 4240 2532 4294 sexti
2573 4238 2705 4293 anni
2740 4239 3020 4310 legislator
3066 4240 3406 4294 mentionem

1812 4332 1980 4387 fecit:
2035 4331 2093 4386 in
2129 4331 2235 4385 hoc
2274 4331 2423 4384 enim
2468 4330 2722 4386 Christus
2749 4330 3000 4395 veniens,
3056 4329 3209 4385 dedit
3247 4330 3409 4383 nobis

1810 4425 2098 4495 acquirere
2144 4423 2380 4482 fructus.
2443 4422 2643 4493 quibus
2704 4422 2759 4476 in
2814 4424 3032 4493 propria
3092 4432 3407 4476 nostrorum

1813 4514 2249 4583 uniuscujusque
2311 4512 2825 4574 consummatione.
2889 4522 2948 4567 ct
3010 4514 3061 4566 in
3128 4512 3410 4566 communi

106 4598 448 4669 legislatoris
500 4598 862 4654 intentionem
924 4616 1035 4655 non
1098 4603 1539 4673 transgreditur,
1610 4619 1710 4659 nec
1741 4599 1786 4654 D
1815 4603 2218 4659 resurrectione
2246 4614 2411 4674 atque
2447 4603 2808 4659 retributione
2854 4602 3052 4657 nutriri
3111 4604 3407 4672 possimus,

111 4691 382 4744 conscius
405 4690 506 4744 sibi
542 4699 626 4745 est
680 4702 873 4747 contra
904 4693 1079 4763 legem
1102 4693 1159 4747 in
1196 4693 1316 4764 lege
1348 4694 1443 4749 Dei
1481 4711 1714 4750 conver-

112 4781 249 4835 sari.
279 4781 442 4846 Quod
475 4782 520 4835 si
555 4782 827 4846 dixeritis,
859 4784 991 4853 quid
1043 4786 1397 4840 comedemus
1445 4801 1589 4841 anno
1625 4802 1714 4842 se—

113 4876 315 4944 ptimo,
344 4875 392 4927 si
428 4890 537 4929 non
559 4875 882 4939 severimus,
910 4892 1089 4947 neque
1124 4876 1504 4948 collegerimus
1527 4877 1715 4949 fruges

110 4971 378 5025 nostras?

183 5061 359 5116 Vens.
391 5062 593 5124 21,22.
631 5080 650 5112 ι
695 5062 844 5118 Dabo
896 5063 1339 5119 benedictionem
1374 5064 1530 5119 vobis
1563 5079 1709 5119 anno

106 5164 291 5216 sexto,
333 5162 391 5208 et
418 5153 580 5208 faciet
616 5153 827 5209 fructus
858 5155 1021 5209 trium
1063 5172 1360 5221 annorum,
1406 5157 1709 5226 seretisque

107 5262 261 5299 anno
289 5255 513 5308 octavo,
556 5255 612 5300 et
642 5246 945 5301 comedetis
982 5257 1198 5302 veteres
1222 5248 1408 5319 fruges
1437 5264 1608 5318 usque
1640 5247 1711 5303 ad

107 5355 326 5394 novum
391 5353 633 5403 annum,
704 5339 879 5395 donec
928 5355 1069 5395 nova
1132 5351 1469 5407 nascantur,
1536 5342 1711 5395 edetis

108 5438 330 5483 vetera.
375 5446 396 5479 ι

134 5518 137 5519 ⁷
177 5516 347 5577 Unde
378 5519 601 5590 dignum
630 5531 733 5585 est,
764 5531 823 5577 ut
845 5523 996 5593 prius
1020 5526 1301 5594 juvemur,
1333 5524 1384 5578 id
1431 5532 1537 5588 est,
1561 5523 1713 5578 utili-

112 5618 227 5664 tate
258 5609 473 5665 littcrae
495 5611 599 5668 hoc
624 5613 1018 5668 intendendum
1051 5626 1155 5676 est,
1183 5623 1349 5684 atque
1400 5614 1713 5683 liujusmodi

109 5699 331 5756 lucrum
367 5703 711 5759 sectandum.
773 5705 1009 5761 Duorum
1048 5720 1178 5772 ergo
1231 5721 1501 5761 annorum
1552 5721 1713 5760 vaca-

185 5864 426 5934 "uom.
461 5894 519 5946 ιι,
551 5880 636 5935 ιδ.
714 5881 759 5913 τι
795 5881 985 5937 Matth.
1024 5882 1215 5949 mas.
1298 5880 1522 5936 "Psal.
1555 5894 1775 5946 ειιτιιι,
1808 5878 1858 5933 s.

1816 4702 2086 4761 praestans
2125 4691 2313 4762 generi
2381 4692 2624 4745 humano
2675 4691 3023 4746 abundanter
3076 4691 3413 4746 fructificare

1818 4785 2070 4845 virtutes,
2100 4793 2159 4837 ut
2200 4794 2405 4837 tantam
2464 4792 2521 4837 et
2553 4783 2608 4837 lii
2647 4785 2737 4852 qui
2768 4784 2913 4839 circa
2947 4784 3134 4836 horam
3186 4783 3413 4837 undeci-

1819 4889 1965 4927 mam
1999 4873 2255 4928 conducti
2288 4881 2418 4927 sunt
2450 4873 2519 4926 ad
2548 4870 2976 4943 operandum",
3014 4889 3140 4928 cum
3186 4872 3293 4926 illis
3318 4872 3414 4942 qui

1820 4982 1981 5022 mane
2008 4965 2265 5022 conducti
2301 4965 2548 5027 fuerunt,
2572 4966 2785 5019 denarii
2835 4966 3145 5035 acciperent
3205 4979 3418 5020 merce-

1817 5059 1961 5113 dem.
1992 5057 2110 5111 Non
2143 5067 2227 5113 est
2245 5069 2429 5114 autem
2466 5057 2802 5112 contrarium
2839 5058 2906 5112 iis
2952 5058 3098 5127 quod
3140 5057 3413 5128 sequitur,

1816 5153 1896 5206 ait
1924 5153 2102 5207 enim:

1889 5243 2188 5313 Seretisque
2226 5260 2366 5297 anno
2419 5252 2621 5297 octavo.
2687 5242 2843 5308 Quod
2888 5242 3416 5314 quinquagesimum

1817 5334 2114 5405 appellant,
2145 5333 2213 5386 de
2254 5349 2363 5402 quo
2421 5333 2475 5386 in
2516 5333 2851 5403 praecedenti
2905 5334 3213 5388 sanciebat.
3271 5330 3415 5398 Quia

1812 5426 2074 5494 jubileus.
2124 5436 2180 5477 et
2221 5424 2712 5493 quinquagesimus
2769 5439 2981 5479 annus:
3024 5423 3145 5477 Non
3206 5423 3412 5489 seretis,
3451 5462 3463 5471 .

1821 5532 1984 5585 neque
2007 5516 2228 5569 mctctis.
2261 5515 2547 5580 Quomodo
2579 5531 2707 5586 ergo
2729 5531 2853 5569 eum
2879 5516 2967 5570 hic
2994 5531 3178 5569 serere
3218 5515 3415 5586 jubet?

1816 5608 2059 5664 Putasne
2107 5610 2383 5663 contraria
2411 5608 2516 5664 sibi
2567 5609 2844 5681 legislator
2878 5609 3057 5664 dicit?
3087 5608 3195 5661 Sed
3255 5613 3414 5661 aliter

1821 5703 1909 5756 hic
1932 5717 2120 5756 semen
2149 5701 2537 5772 intelligamus,
2556 5711 2616 5755 ut
2646 5716 2823 5775 neque
2842 5699 3026 5756 littera
3052 5696 3413 5757 contrarieta-

1942 5879 1986 5914 ⁷⁸
2015 5876 2204 5932 Matth.
2241 5891 2331 5941 xx,
2356 5878 2407 5931 6.
