4158 6450
743 375 874 439 1119

1929 375 2292 434 HESYCBII
2331 373 2804 433 PRESBYTER]
3925 378 4024 438 212

3961 423 4052 437 ﬁ..-

739 499 845 546 tem
921 489 1157 550 habeat,
1219 499 1275 543 et
1331 489 1855 558 contemplationem
1925 498 2324 543 wnsonantem
2355 498 2401 550 Α
2503 486 2664 542 Varia
2701 491 2870 543 etiam
2919 504 3066 542 nunc
3097 489 3258 542 nobis
3289 491 3566 560 iegislator
3609 494 3890 561 exponit.
3949 509 4056 550 nec

740 580 1085 633 inveniamus
1115 580 1362 648 spiritus.
1410 579 1529 632 Non
1567 581 1750 632 teretis
1779 595 1924 649 ergo,
1958 596 2122 648 neque
2161 591 2326 632 mete-

741 672 1346 742 tisdequiuqugesimo
1389 673 1494 725 die.
1520 672 1632 726 Nec
1679 688 1870 726 semen
1903 675 2152 742 septi-tt
2185 674 2325 728 beb-

737 763 986 820 domadz
1043 776 1251 829 serant,
1285 767 1354 822 de
1398 782 1509 836 quo
1547 767 1750 820 messio
1787 767 1841 819 in
1871 768 2326 837 quinquagesimo

739 876 887 914 anno
926 869 1256 927 proventura
1278 869 1416 913 erat.
1448 857 1574 913 Haec
1596 860 1742 913 enim
1764 861 1926 920 satio,
1955 860 2060 914 etsi
2090 860 2145 912 in
2187 875 2327 929 pre-

739 953 956 1007 cedenti
996 967 1165 1017 anno,
1192 961 1249 1007 et
1268 952 1692 1021 quadragesimo
1708 953 2084 1020 pro-veniebat,
2121 953 2178 1006 in
2217 968 2328 1022 quo

741 1045 1000 1103 maxime,
1051 1045 1193 1099 sicut
1239 1044 1293 1097 in
1323 1045 1554 1112 septima
1605 1044 1966 1107 hebdomada,
2020 1055 2325 1099 sementem

743 1151 940 1190 vacare
965 1136 1287 1204 oportebat:
1317 1146 1696 1190 verumtamen
1721 1137 2160 1206 quinquagesimi
2192 1137 2328 1192 dici-

745 1241 852 1291 tur,
886 1231 1028 1298 quod
1053 1239 1276 1299 propter
1303 1245 1431 1283 eum
1465 1230 1848 1292 seminantur,
1885 1238 1941 1282 et
1971 1237 2192 1299 propter
2223 1231 2326 1284 hoc

744 1324 1086 1393 prohibetur.
1129 1320 1318 1392 Neque
1359 1323 1505 1375 enim
1557 1322 1612 1375 in
1669 1322 1900 1391 septima
1961 1321 2323 1385 bebdomada,

742 1430 905 1484 quam
978 1415 1217 1470 diximus
1274 1430 1398 1468 esse
1458 1413 1768 1469 communis
1833 1414 2328 1467 consummationis

744 1507 1080 1576 exemplum,
1111 1500 1373 1561 leminari
1402 1507 1651 1570 omnino,
1681 1516 1775 1560 aut
1811 1507 2028 1576 operari
2068 1505 2153 1560 lex
2189 1522 2328 1577 pra:-

743 1599 910 1668 cepit.
951 1598 1105 1653 Sicut
1154 1614 1283 1670 ergo
1321 1613 1422 1653 nos
1447 1599 1628 1652 littera
1666 1614 1775 1654 non
1805 1600 1874 1654 ad
1924 1615 1983 1654 se
2019 1601 2323 1667 intendere,

745 1693 840 1747 sed
871 1694 938 1748 ad
971 1693 1331 1749 intentionem
1356 1693 1685 1764 legislatoris
1705 1695 1988 1762 compulit,
2051 1704 2110 1748 ut
2146 1695 2325 1749 solve-

746 1797 921 1851 retur,
954 1803 1016 1842 ea
1043 1803 1167 1857 qua
1199 1788 1486 1843 videbatur
1531 1801 1655 1842 esse
1697 1787 1876 1858 legum
1932 1789 2324 1852 contrarietas,

746 1878 826 1933 sic
854 1878 1005 1932 dabit
1044 1878 1190 1933 etde
1221 1878 1686 1949 contemplatione
1735 1894 1975 1934 consona
2021 1881 2336 1935 existimare

745 1969 1040 2024 intentioni
1073 1969 1543 2040 interpretationis
1563 1970 1842 2039 spiritalis.
1877 1969 2161 2026 Seminant
2187 1973 2336 2026 enim

746 2076 896 2115 anno
920 2071 1132 2125 octavo,
1164 2062 1366 2118 saeclo
1420 2061 1636 2116 futuro:
1689 2076 1802 2115 non
1846 2062 2158 2133 quicunque
2206 2071 2338 2118 tunc

747 2154 1024 2207 seminant
1054 2155 1185 2222 (hoc
1203 2153 1351 2207 enim
1407 2170 1517 2208 non
1538 2162 1621 2208 est
1656 2153 1756 2220 fas,
1783 2155 1878 2210 sed
1907 2165 1964 2210 et
1997 2154 2338 2225 impossibile

748 2246 891 2300 sicut
916 2245 1085 2300 semel
1119 2245 1418 2315 diximus):
1446 2248 1543 2302 sed
1572 2261 1676 2300 nec
1706 2247 1797 2316 qui
1835 2247 1889 2300 in
1925 2247 2181 2318 septimo,
2207 2262 2336 2319 cog-

747 2337 950 2392 novisti
989 2337 1136 2393 enim
1188 2338 1315 2408 quia
1342 2339 1511 2394 etiam
1558 2339 1663 2394 boc
1701 2340 2035 2408 prohibitum
2062 2347 2168 2394 est.
2227 2338 2336 2394 Sed

744 2438 1020 2502 quotquot
1059 2430 1115 2484 in
1161 2439 1339 2495 sexto,
1395 2431 1451 2486 in
1503 2447 1616 2501 quo
1661 2432 1866 2488 bonum
1932 2433 2092 2487 nobis
2148 2447 2338 2486 semen

745 2522 999 2579 Christus
1023 2523 1251 2580 veniem
1275 2524 1448 2588 dedit,
1477 2525 1794 2595 quicunque
1833 2541 2022 2580 semen
2078 2525 2167 2579 hic
2199 2541 2340 2594 pra-

747 2617 996 2678 mittunt,
1029 2632 1094 2671 ex
1134 2631 1245 2686 quo
1297 2619 1723 2686 promissionum
1749 2619 1910 2672 nobis
1945 2617 2160 2673 ﬂorebit
2191 2634 2339 2672 mes-

745 2707 844 2771 sis,
871 2707 923 2761 id
949 2717 1054 2770 est,
1076 2722 1327 2761 messura
1350 2708 1752 2770 retributionis,
1779 2709 1848 2762 de
1880 2724 1984 2777 qua
2007 2711 2084 2762 ait
2131 2707 2300 2761 David
2323 2726 2334 2760 :

759 2798 1035 2854 Venientes
1061 2809 1240 2852 autem
1268 2802 1475 2853 uenient
1503 2816 1621 2853 cum
1667 2801 2013 2863 exultatione,
2065 2812 2338 2869 portantes

754 2892 1048 2960 utauipulos
1096 2908 1218 2946 suos
1236 2893 1303 2945 τ’.
1341 2893 1450 2947 Sed
1503 2902 1562 2947 et
1599 2893 1832 2947 Paulus:
1867 2893 1972 2959 Qui
2015 2895 2241 2947 seminat
2283 2893 2340 2945 in

744 2984 1212 3048 benedictionibus,
1233 2987 1298 3039 de
1313 2985 1756 3040 benedictionibus
1785 2995 1833 3040 et
1863 2996 2036 3039 metet.
2066 2985 2168 3048 Qui
2182 2987 2342 3040 semi-

746 3087 840 3131 οισι
866 3080 923 3132 in
957 3094 1138 3142 carne,
1166 3079 1231 3131 de
1256 3095 1416 3132 carne
1463 3090 1513 3132 et
1547 3087 1701 3132 metet
1756 3080 2191 3145 corruptionem;
2247 3080 2341 3148 qui

744 3181 927 3222 autem
961 3169 1188 3221 seminat
1214 3169 1270 3220 in
1317 3169 1533 3235 spiritu,
1567 3170 1633 3222 de
1665 3169 1858 3237 spiritu
1889 3178 1940 3222 et
1973 3178 2130 3221 metet
2174 3171 2341 3222 vitam

744 3261 1084 3316 uernam".
1119 3261 1255 3316 llinc
1277 3261 1552 3316 seminare
1569 3261 1626 3314 in
1649 3271 1845 3315 octavo
1860 3277 2028 3325 anno,
2055 3263 2110 3315 in
2135 3262 2338 3317 seculo

745 3355 1004 3409 videlicet
1032 3353 1240 3417 futuro,
1274 3369 1502 3408 necesse
1545 3354 1842 3408 habemus:
1892 3355 1971 3408 sic
1999 3355 2148 3409 enim
2200 3369 2340 3408 con-

747 3449 978 3502 veniunt
1008 3447 1166 3500 nobis
1196 3462 1318 3516 quae
1348 3456 1681 3516 sequuntur.

816 3542 884 3595 Et
910 3542 1189 3594 comedetis
1223 3550 1416 3593 reteres
1443 3541 1669 3610 fructus,
1702 3555 1865 3610 usque
1896 3540 1968 3593 ad
2010 3556 2213 3592 annum
2243 3556 2338 3593 no-

748 3649 896 3687 num.
927 3633 1099 3686 Donec
1119 3649 1250 3685 noua
1275 3633 1766 3692 nascantur,edetis
1783 3641 1982 3686 vetera.
2007 3630 2340 3702 Septuagin-

749 3735 802 3779 ta
823 3734 1027 3788 autem,
1045 3725 1327 3777 comedetis
1354 3733 1531 3778 uetera
1559 3733 1797 3777 ueterum
1819 3739 1838 3777 :
1858 3739 1967 3778 non
2007 3724 2346 3794 simpliciter

749 3828 957 3881 vetera,
1005 3817 1099 3871 sed
1145 3826 1329 3874 vetaa
1376 3825 1649 3878 veterum,
1699 3816 1827 3886 quia
1877 3815 2342 3885 quemadmodum

748 3911 1008 3974 diximus,
1046 3924 1152 3962 non
1202 3921 1379 3962 sutum
1409 3924 1533 3963 mox
1566 3917 1628 3964 ut
1649 3909 1779 3966 hinc
1806 3909 2161 3980 egredimur,
2197 3909 2344 3978 quod

750 4014 829 4057 est
862 4018 1039 4057 annus
1072 4003 1360 4072 septimus,
1385 4003 1479 4069 sed
1504 4011 1558 4058 et
1582 4003 1634 4057 iu
1658 4003 2064 4057 resurrectione
2091 4012 2343 4057 mortuo-

751 4109 894 4154 rum.
931 4109 1054 4163 qua:
1108 4103 1195 4148 est
1234 4110 1414 4148 annus
1446 4095 1705 4150 videlicet
1746 4098 1993 4158 oetavus,
2026 4112 2244 4151 necnon
2289 4097 2343 4151 in

754 4187 1137 4252 retributione,
1165 4202 1331 4256 quam
1363 4202 1572 4241 nonum
1596 4203 1803 4241 annum
1849 4188 2171 4258 accipimus,
2221 4204 2345 4243 cum

753 4280 973 4350 quidem
1023 4295 1193 4334 unum
1243 4281 1319 4336 sit
1372 4281 1634 4336 saeculum
1687 4281 1956 4346 futurum,
1989 4282 2264 4336 dividatur
2291 4283 2345 4335 in

756 4375 1043 4443 praedictos
1082 4372 1326 4438 ordines,
1355 4374 1703 4430 comedimus
1753 4388 2090 4444 quaecunque
2136 4375 2346 4445 operati

756 4467 1041 4527 fuerimus,
1077 4477 1134 4522 et
1159 4477 1450 4537 propterea
1475 4467 1733 4522 dicuntur
1763 4475 1947 4521 vetera
1994 4475 2245 4520 veterum
2279 4467 2348 4521 ad

757 4566 904 4613 tanta
931 4556 1138 4622 saeculi,
1169 4571 1288 4626 quae
1319 4559 1546 4612 vincunt
1573 4558 2267 4613 numerum’considerata.

827 4650 992 4706 Vens.
1016 4650 1208 4706 95-28.
1236 4671 1254 4703 ι
1282 4651 1336 4707 Si
1354 4661 1671 4706 attenuatus
1695 4651 1864 4705 frater
1889 4659 2017 4706 tuus
2041 4651 2350 4706 vendiderit

755 4744 1251 4814 possessiunculam
1295 4760 1471 4808 suam,
1493 4753 1549 4799 et
1580 4744 1812 4799 voluerit
1841 4743 2180 4814 propinquus
2205 4745 2345 4813 ejus,

757 4847 936 4908 potest
963 4838 1234 4900 redimere
1252 4843 1396 4908 quod
1428 4838 1517 4892 ille
1537 4837 1890 4902 vendiderat;
1916 4841 1999 4890 stu
2025 4847 2209 4891 autem
2234 4851 2346 4891 non

757 4915 1010 4983 habuerit
1029 4930 1358 5000 proximum,
1379 4939 1434 4984 et
1453 4930 1568 5000 ipse
1595 4928 1832 5000 pretium
1866 4929 1934 4983 ad
1961 4928 2344 4984 redimendum

758 5022 1761 5093 potueritinvenire,computabuntur
1786 5021 1997 5077 fictus
2016 5037 2079 5076 ex
2109 5036 2176 5076 eo
2205 5030 2347 5076 tem—

759 5131 906 5187 pore.
950 5131 1060 5185 quo
1095 5115 1359 5180 vendidit,
1394 5125 1451 5170 et
1501 5116 1647 5185 quod
1690 5115 1962 5184 reliquum
2011 5123 2115 5179 est,
2159 5113 2352 5168 reddat

753 5210 989 5279 emptori
1022 5228 1034 5263 :
1069 5209 1256 5280 sicque
1284 5209 1512 5280 recipiet
1538 5208 1945 5280 possessionem
1980 5221 2156 5262 suam.
2191 5203 2351 5271 Quod

759 5301 803 5354 si
839 5316 948 5355 non
1001 5301 1270 5358 invenerit
1328 5315 1526 5356 manus
1555 5301 1697 5370 ejus,
1734 5309 1794 5354 ut
1846 5298 2039 5353 reddat
2089 5298 2350 5367 pretium,

761 5388 982 5443 habebit
1009 5399 1226 5458 emptor
1258 5391 1402 5460 quod
1452 5397 1683 5455 emerat,
1718 5405 1888 5458 usque
1918 5389 1983 5442 ad
2030 5403 2234 5443 annum
2263 5388 2352 5457 ju-

763 5481 986 5545 hileum,
1011 5482 1064 5535 iu
1098 5482 1217 5553 ipso
1250 5484 1394 5537 enim
1426 5482 1606 5537 omnis
1629 5481 1870 5537 venditio
1901 5482 2043 5536 redit
2066 5482 2131 5536 ad
2169 5481 2352 5535 Domi-

764 5589 921 5640 num,
950 5584 1007 5629 et
1036 5575 1104 5630 ad
1133 5592 1505 5646 possessorem
1533 5574 1845 5647 pristinum.
1879 5593 1898 5625 ι

836 5782 880 5814 ’³
914 5779 1054 5836 Psal.
1095 5795 1253 5842 cuv,
1284 5780 1336 5832 (ἶ.
1416 5780 1460 5810 ⁸³
1491 5778 1506 5831 1
1532 5778 1658 5833 Cor.
1687 5795 1760 5839 Ix,
1786 5778 1849 5843 6;
1887 5775 2062 5832 Galat.
2095 5793 2167 5840 vl,
2207 5777 2256 5830 8.

766 5856 810 5887 ⁸⁸
842 5852 948 5909 'I'it.
987 5868 1068 5917 ιιι,
1103 5853 1185 5906 10.
1269 5851 1312 5881 ⁸⁸
1342 5850 1380 5904 ll
1414 5850 1570 5906 Joan.
1610 5868 1657 5904 x.
1733 5852 1777 5881 "'
1805 5847 1946 5906 Psal.
1974 5864 2212 5917 Lxxxvn,
2262 5848 2341 5905 I6.

2359 5778 2399 5809 '"
2436 5775 2451 5830 Ι
2483 5776 2607 5832 Cor.
2642 5793 2734 5841 κει,
2767 5775 2857 5830 εο.

2428 583 2690 652 qualibet,
2711 582 2806 636 sed
2827 587 3064 636 maxima
3093 585 3377 654 sapientia,
3409 585 3453 637 si
3473 586 3598 654 quis
3627 586 3910 638 intendat
3943 601 3972 648 ι
3995 603 4056 638 αξ-

2429 689 2556 728 nam
2591 692 2604 725 :
2635 689 2762 727 nam
2780 684 2836 728 et
2855 690 2976 743 qua:
3009 675 3080 729 sit
3107 688 3297 730 nostra
3321 676 3630 728 substantia
3659 684 3721 729 et
3755 691 4052 744 posse-ss;

2427 777 2485 821 et
2513 766 2791 836 quomodo
2819 768 2940 835 ejus
2962 777 3171 837 partem
3213 769 3540 830 alienamus,
3565 784 3682 836 quo
3716 770 3904 821 unde
3939 785 4056 822 rur-

2427 875 2524 913 sus
2555 860 2873 929 recipimus,
2911 875 3011 929 per
3051 861 3304 914 ordinem
3347 861 3526 914 docet.
3579 861 4053 929 [ninscrrjnsqae

2429 966 2559 1022 ergo
2582 952 2821 1006 hominis
2839 953 3131 1022 possessio,
3155 954 3300 1007 bona
3331 954 3686 1007 conversatio
3728 963 3846 1010 est.
3891 969 4048 1021 qum

2429 1045 2607 1098 sortiti
2637 1059 2827 1099 sumus
2857 1061 2887 1098 a
2917 1046 3048 1109 Deo,
3087 1045 3155 1098 de
3186 1061 3292 1114 qua
3329 1045 3532 1099 Paulus
3565 1045 3799 1098 dicebat
3831 1063 3850 1096 :
3881 1044 4048 1097 [ἰυ-

2429 1138 2648 1207 quisque
2675 1139 2732 1190 in
2759 1155 2864 1207 qua
2891 1141 3162 1191 rocatione
3199 1150 3414 1191 uocatus
3441 1149 3515 1192 est
3536 1136 3738 1202 [κισ.
3769 1139 3830 1188 in
3867 1141 4048 1188 ue:-

2429 1240 2647 1284 auneat
2677 1233 2822 1299 apud
2857 1231 3027 1286 Deum
3052 1232 3122 1294 ⁶¹,
3152 1232 3242 1287 hic
3287 1241 3474 1285 autem
3517 1231 3938 1301 virginitatem.
3969 1231 3980 1279 ἐ
4025 1253 4046 1279 τ

2429 1333 2615 1378 autem
2638 1333 2850 1379 castum
2881 1325 3220 1396 coniugium,
3263 1324 3400 1378 alter
3441 1325 3608 1376 vitam
3647 1323 3918 1390 justitit.
3971 1321 3998 1372 ξ
4033 1338 4042 1371 :

2430 1417 2708 1472 silentium
2759 1418 3230 1486 mutationemque
3282 1431 3593 1475 causarum,
3648 1415 3747 1467 hic
3789 1415 4046 1466 sacer-‘1‘}

2433 1513 2588 1574 tium,
2609 1511 2697 1566 ille
2715 1527 3014 1582 pauperum
3029 1511 3416 1581 patrocinium:
3438 1509 3576 1561 alter
3595 1509 3730 1568 alia,
3751 1522 3980 1574 unus-qn
4007 1523 4050 1558 s-

2430 1622 2536 1680 que
2577 1606 2842 1662 scundum
2871 1607 3144 1677 propriam
3184 1604 3437 1658 virtutem
3455 1602 3730 1674 possidet.
3753 1600 3874 1654 Sed
3893 1615 4050 1668 qua:-

2431 1702 2502 1757 do
2519 1701 2885 1772 perdesidiam
2913 1702 3271 1771 cogitationes
3283 1696 3806 1753 nostrainiirmatz
3825 1693 4044 1748 fuerim.

2435 1801 2566 1846 tunc
2607 1807 2670 1845 ex
2720 1801 2874 1861 parte
2919 1790 2987 1844 de
3040 1791 3258 1860 prOpria
3298 1805 3362 1844 ea
3407 1791 3601 1844 demus
3663 1789 4044 1859 possessione.

2439 1889 2662 1954 propter
2684 1883 2828 1951 quod
2864 1879 3220 1953 Septuaginta
3247 1901 3260 1936 :
3301 1879 3361 1935 Si
3390 1898 3594 1950 pauper
3627 1882 3824 1951 factus
3850 1881 4005 1949 fuerit
4034 1898 4048 1940 ;

2438 1976 2654 2048 Aquila,
2709 1977 2756 2030 si
2827 1977 3130 2031 exciderit:
3174 1973 3558 2046 Symmachus,
3617 1976 3669 2027 si
3728 1975 4049 2025 humiliatus

2438 2071 2617 2140 fuerit,
2664 2069 2973 2124 ediderunt.
3001 2067 3134 2134 Qui:
3177 2069 3450 2137 quomodo
3495 2067 3660 2121 nobis
3702 2077 3764 2120 et
3797 2079 3934 2136 post
3969 2081 4048 2118 ex-

2437 2175 2654 2217 cessum
2681 2160 2879 2214 salvari
2907 2161 3130 2230 poterit,
3162 2161 3345 2215 disces
3371 2175 3470 2230 per
3501 2170 3695 2230 partes
3729 2159 3915 2213 verba
3949 2160 4050 2228 ipsa

2438 2255 2760 2311 discutiens.

2509 2348 2568 2404 Si
2585 2359 2890 2404 attenuatus
2914 2351 3080 2420 frater
3105 2358 3225 2402 tuus
3241 2350 3534 2402 uendiderit
3554 2349 4051 2415 punctiunculas:

2438 2453 2616 2502 suam,
2655 2447 2705 2491 et
2748 2438 2971 2491 uoluerit
3009 2439 3339 2507 propinquus
3390 2438 3548 2507 ejus,’
3566 2448 3744 2505 potest
3790 2441 4052 2490 redimere

2440 2531 2579 2601 quod
2611 2530 2706 2584 ille
2747 2531 3075 2584 uendiderat.
3119 2531 3365 2584 Fratrem
3411 2541 3662 2584 nostrum
3717 2529 4052 2584 eonﬁdelera

2441 2623 2525 2678 lex
2583 2623 2867 2678 intellexit.
2901 2620 3086 2692 Neque
3146 2623 3290 2676 enim
3351 2623 3676 2691 simpliciter
3739 2623 4051 2676 secundum

2442 2713 2796 2784 Septuaginta
2824 2713 2995 2781 dixit;
3019 2714 3186 2783 frater
3216 2723 3374 2776 tuus;
3418 2713 3516 2767 sed
3565 2712 3787 2767 addidit
3821 2733 3834 2765 :
3876 2712 3948 2765 Et
3978 2730 4052 2781 ςιι

2442 2817 2611 2860 tecum
2642 2815 2715 2859 est
2755 2823 2771 2859 :
2811 2805 2931 2860 illos
2957 2807 3159 2876 quippe
3188 2806 3441 2870 innuens,
3472 2805 3540 2858 de
3574 2805 3790 2874 quibus
3810 2804 4052 2859 Joannes

2442 2898 2772 2969 evangelista
2801 2898 3020 2967 scripsit
3049 2915 3062 2951 :
3089 2895 3146 2950 Si
3175 2898 3314 2949 enim
3336 2898 3551 2967 fuissent
3579 2912 3644 2948 ex
3669 2897 3858 2957 nobis,
3901 2912 4051 2946 utau-

2442 2990 2628 3042 siesent
2664 2988 2845 3056 utique
2885 2986 3156 3040 nobiscum
3186 2985 3253 3036 ⁸⁸.
3289 2984 3428 3037 Sunt
3472 2998 3600 3053 ergo
3644 2982 3890 3051 quidam
3943 2981 4050 3033 falsi

2443 3080 2660 3144 fratres,
2707 3079 2909 3149 iniquis
2958 3078 3260 3132 hmresibus
3310 3079 3672 3136 adherentes,
3731 3085 3792 3129 et
3836 3076 4051 3144 pietatis

2367 3206 2411 3265 Β
2445 3171 2646 3225 frustra
2672 3169 3094 3224 cicumferentes
3128 3184 3349 3232 nomen,
3371 3169 3439 3222 de
3471 3168 3672 3237 quibus
3698 3167 3919 3220 Paulus
3949 3167 4045 3218 ait:

2444 3262 2703 3317 Periculis
2741 3263 2797 3315 in
2833 3261 2982 3332 falsis
3026 3261 3286 3330 fratribus
3315 3259 3384 3311 ⁸⁸.
3419 3260 3522 3324 Qui
3575 3267 3788 3312 autem:
3816 3258 3872 3310 hi
3928 3258 4046 3321 sint,

2441 3357 2556 3426 ipse
2569 3357 2701 3409 alias
2719 3353 3004 3409 admonet:
3027 3353 3342 3408 Hmrcticum
3359 3355 3621 3406 hominem
3650 3361 3774 3419 post
3796 3353 4046 3419 primum,

2440 3458 2490 3501 et
2510 3447 2791 3500 secundam
2809 3445 3224 3498 admonitionem
3244 3446 3418 3497 devita
3445 3443 3509 3496 “.
3541 3440 3651 3496 Sed
3686 3452 3742 3496 et
3773 3443 4043 3496 Joannes:

2441 3537 2500 3593 Si
2527 3541 2644 3609 quis
2678 3541 2815 3592 venit
2849 3539 2918 3591 ad
2957 3555 3064 3603 vos,
3105 3548 3153 3591 et
3181 3540 3478 3592 doctrinam
3527 3546 3664 3590 hanc
3698 3554 3810 3590 non
3852 3539 4044 3606 σθένει,

2443 3647 2547 3685 non
2569 3631 2870 3699 suscipiatis
2887 3647 3006 3683 eum
3037 3631 3092 3682 in
3119 3630 3358 3695 domum,
3381 3647 3472 3682 nec
3497 3630 3602 3682 Are
3622 3634 3669 3682 ei
3697 3631 3961 3682 dixeritis
3986 3629 4044 3679 ".

2444 3724 2555 3779 Hos
2589 3735 2772 3778 autem
2791 3725 3085 3793 corrigere,
3124 3725 3323 3793 quibus
3353 3726 3563 3778 sociare
3595 3738 3709 3776 non
3747 3721 3893 3777 licet
3915 3726 4047 3776 nulla»

2445 3831 2739 3885 possumus
2775 3815 2954 3877 mo.lo,
2975 3816 3043 3868 ad
3077 3815 3271 3868 horum
3296 3813 3711 3884 ἀντιδιὰστολην
3736 3815 3844 3866 ait.
3882 3813 3939 3867 Si
3974 3826 4044 3864 αι-

2446 3917 2693 3961 tenuatus
2733 3908 2900 3977 frater
2941 3917 3086 3971 tuus,
3129 3908 3245 3961 sive
3286 3907 3592 3961 secundum
3641 3904 4046 3977 Septuaginta;

2445 3999 2504 4055 Si
2561 4003 2632 4054 ad
2672 4010 3045 4070 paupertatem
3102 4003 3394 4070 pervenerit
3444 4001 3609 4068 frater
3663 4011 3794 4052 tuus
3846 4000 3939 4068 qui
3988 4011 4046 4050 (si

2447 4105 2638 4148 tecum.
2683 4091 2928 4147 Fratrem
2978 4103 3251 4153 nostrum,
3283 4101 3339 4146 et
3383 4091 3475 4161 qui
3506 4092 3948 4154 nobiscum-est,
3976 4093 4050 4143 in-

2449 4187 2656 4241 tellexit
2705 4186 3052 4249 conlidelem,
3116 4187 3168 4239 in
3219 4188 3380 4255 cujus
3427 4185 3764 4255 cogitatione
3839 4185 4046 4254 quando

2448 4278 2662 4332 venerit
2690 4288 2995 4347 peccatum,
3017 4278 3070 4331 in
3099 4287 3475 4348 paupertatem
3508 4277 3738 4342 labitur,
3761 4287 3818 4331 et
3848 4292 4044 4348 pauper

2449 4386 2578 4424 vere
2599 4381 2700 4435 est,
2736 4371 2991 4440 quoniam
3039 4371 3258 4424 divitias
3285 4370 3521 4440 perdidit
3550 4370 3833 4439 spiritales
3888 4371 4044 4424 factus

2449 4463 2630 4531 qualis
2656 4464 2667 4514 i
2696 4463 2743 4516 Ie
2776 4463 2841 4516 de
2875 4477 2983 4532 quo
3002 4462 3170 4516 David
3207 4463 3365 4526 dixit,
3401 4477 3525 4515 cum
3553 4476 3678 4515 eum
3703 4463 3798 4530 qui
3837 4463 3892 4515 in
3919 4464 4043 4531 togi-

2380 4563 2421 4616 D
2455 4555 2750 4609 tationibus
2803 4566 3152 4624 peccatorum
3204 4555 3536 4609 constitutus
3572 4563 3712 4618 erat,
3753 4567 4041 4623 exponere;

2457 4649 2735 4703 hominem
2759 4665 2773 4700 :
2796 4647 2966 4718 Egens
2987 4664 3104 4701 sum
3131 4640 3242 4717 Ego,
3275 4659 3326 4701 et
3352 4649 3407 4699 in
3427 4647 3693 4700 laboribus
3721 4664 3755 4700 a
3776 4648 4042 4716 jttucntate

2455 4758 2596 4803 mea,
2617 4741 2883 4795 excitatus
2919 4751 3119 4805 autem,
3139 4740 3451 4794 humiliatus
3481 4757 3599 4792 sum
3623 4749 3672 4793 et
3702 4740 3960 4808 confusus
3985 4743 4038 4792 ⁸³.

2454 4831 2685 4898 Quando
2715 4846 2843 4904 ergo
2864 4832 2970 4896 hic,
2996 4831 3088 4901 qui
3113 4828 3234 4884 talis
3251 4838 3331 4885 est
3353 4840 3560 4901 partem
3585 4831 3849 4899 propriae,
3873 4831 4041 4885 bonne-

2454 4941 2561 4996 que
2585 4925 2967 4995 possessionis,
2984 4941 3106 4994 qum
3127 4924 3175 4979 ei
3194 4935 3341 4979 sorte
3361 4925 3680 4986 obvenerat,
3701 4924 4037 4985 vendiderat,

2456 5018 2841 5089 cogitationem
2901 5017 3109 5088 peccati
3160 5016 3488 5087 suscipiens,
3539 5015 3726 5071 vendit
3778 5017 3929 5070 enim
3970 5017 4040 5069 hic

2457 5112 2772 5167 adversario
2805 5126 2960 5166 suam
2995 5119 3259 5173 mentem,
3291 5107 3755 5180 quemadmodum
3792 5110 3937 5164 Deus
3961 5108 4041 5162 Ju-

2460 5204 2592 5260 dznis
2631 5203 2889 5258 dicebat:
2921 5200 3055 5256 Ecce
3092 5202 3319 5271 peccatis
3357 5202 3542 5255 vestris
3576 5201 3869 5254 venundati
3913 5201 4037 5261 estis,

2458 5299 2626 5352 ueniet
2650 5296 2825 5366 affinis
2850 5305 2897 5350 et
2926 5296 3251 5365 propinquus
3279 5295 3420 5364 ejus,
3447 5290 3753 5348 secundum
3780 5292 4034 5362 spiritum,

2460 5396 2723 5458 cognatus
2753 5395 2809 5441 et
2841 5385 3144 5451 conﬁdelis,
3174 5393 3222 5438 et
3255 5383 3422 5453 legem
3451 5382 3784 5448 cognationis
3817 5383 4036 5449 operibat

2463 5482 2759 5542 ostendens,
2791 5489 2838 5533 et
2883 5479 3122 5532 liberabit
3166 5477 3512 5532 venditionem
3550 5475 3734 5546 fratris
3777 5475 3881 5536 sui,
3925 5475 4034 5528 illud

2465 5575 2718 5645 implens,
2764 5575 2909 5643 quod
2942 5572 3140 5626 Paulus
3186 5569 3463 5626 scribebat
3497 5585 3510 5622 :
3544 5566 3786 5630 Fratres,
3828 5568 3873 5620 si
3911 5581 4032 5619 caus-

2960 5773 3003 5803 "
3047 5771 3250 5828 lloan.
3281 5785 3340 5835 ll,
3378 5769 3463 5824 l9.
3542 5768 3587 5800 ⁸³
3619 5766 3662 5822 ll
3693 5765 3822 5826 Cor.
3863 5782 3932 5829 st,
3961 5767 4028 5823 ἥ.
