4158 6450
159 399 284 468 1121

1265 407 1342 466 IN
1382 406 1825 468 LEVITICUM.
1863 431 1930 444 -
1974 408 2121 469 LIB.
2154 409 2288 470 VII.

3289 409 3426 475 112!

150 518 434 585 prehensus
485 517 644 586 fuerit
696 517 848 571 homo
893 518 947 570 in
1007 518 1186 588 aliqua
1246 521 1454 584 delicto,
1509 538 1597 574 vos
1655 522 1746 591 qui
1776 532 1814 587 Α
1848 523 2204 594 cogitationes
2253 524 2747 590 emendaverimus,
2783 536 2837 580 ct
2870 528 3236 598 receperimus
3283 530 3426 598 quod

153 608 419 678 spiritales
446 609 586 667 estis.
613 609 858 661 instruite
877 610 1180 678 hujusmodi
1201 612 1254 662 in
1272 613 1462 680 spiritu
1491 629 1739 666 mansue-

157 703 374 763 tudinis,
407 703 746 755 considerans
775 703 1019 768 teipsum,
1059 719 1122 756 ne
1149 713 1196 756 et
1230 715 1285 755 tu
1321 707 1556 758 tenteris.
1593 705 1741 758 Alter

153 795 374 848 alterius
425 811 588 847 onera
647 804 877 863 portate,
937 804 985 848 et
1039 797 1115 848 sic
1169 797 1522 866 adimplebitis
1577 799 1740 868 legem

152 887 508 943 Cltristi".Si
538 887 683 941 enim
712 888 941 942 invicem
971 904 1137 942 onera
1173 897 1357 943 nostra
1399 891 1740 945 exhortatio-

151 979 350 1044 nibus,
399 979 923 1032 commonitionibus
952 1021 965 1043 ,
1015 981 1446 1050 opportunisque
1499 984 1741 1038 consiliis

154 1071 578 1140 portaverimus,
626 1071 858 1125 liberare
905 1071 1128 1125 fratrem
1173 1088 1202 1126 a
1249 1084 1568 1142 paupertate
1613 1091 1740 1144 pos-

155 1179 368 1226 sumus,
401 1173 456 1217 et
487 1163 756 1218 redimere
801 1179 962 1232 quam
1001 1165 1116 1233 ipse
1151 1180 1216 1218 ex
1249 1167 1575 1237 negligentia
1617 1184 1742 1236 pos-

153 1256 476 1318 sessionem,
525 1272 647 1310 cum
706 1271 814 1309 non
862 1256 1121 1319 deberet,
1174 1257 1436 1322 vendidit,
1487 1260 1742 1314 etmodo

149 1349 385 1418 quodam
409 1348 466 1402 ﬁt
491 1350 800 1404 communis
829 1349 1123 1416 possessio.
1147 1349 1200 1403 Si
1231 1347 1412 1404 autem
1446 1351 1605 1405 alicui
1632 1368 1738 1406 non

150 1439 317 1494 fuerit
348 1440 630 1508 proximus
668 1440 752 1494 vel
783 1441 1144 1510 propinquus,
1184 1441 1414 1494 forsitan
1444 1443 1591 1496 enim
1624 1459 1736 1497 non

149 1533 394 1587 ostendit
424 1543 737 1601 opportuno
769 1541 1013 1603 tempore
1038 1549 1164 1603 erga
1206 1535 1369 1587 alium
1403 1535 1740 1603 compassio-

149 1642 277 1680 nem
308 1633 366 1679 ut
398 1635 452 1679 et
484 1625 599 1694 ipse
625 1625 674 1679 ei
703 1626 962 1695 spiritalis
983 1625 1263 1682 alIinitatis
1285 1628 1376 1697 jus
1404 1637 1621 1682 servet:
1649 1637 1742 1681 aut

150 1715 376 1770 forsitan
411 1715 514 1768 hoc
546 1715 690 1784 quod
721 1716 966 1786 contigit,
990 1732 1279 1786 suggerere
1295 1719 1396 1783 eis,
1426 1718 1520 1786 qui
1544 1733 1742 1772 secun-

149 1807 280 1859 dum
305 1806 555 1873 spiritum
580 1815 707 1858 sunt
726 1809 991 1876 c0gnatis,
1017 1809 1292 1863 erubescit
1320 1829 1334 1863 :
1361 1819 1416 1863 et
1442 1809 1573 1864 illud
1596 1809 1739 1879 quod

149 1899 355 1953 dictum
388 1907 470 1952 est
502 1898 554 1950 in
587 1898 898 1953 Proverbiis
935 1900 1225 1970 ignoravit.
1254 1902 1446 1956 Frater
1469 1911 1648 1957 autem
1686 1905 1741 1957 in

148 1992 409 2061 angustiis
455 1991 832 2058 comprobatur
867 1993 932 2054 ⁸⁸,
980 1994 1106 2062 quia
1141 1995 1233 2063 qui
1265 1995 1551 2051 abscondit
1586 2012 1739 2050 suam

150 2084 480 2154 passionem,
504 2098 604 2137 nec
621 2083 899 2152 accipiens
922 2084 1066 2138 illico
1088 2085 1142 2139 in
1162 2095 1345 2141 mente
1375 2087 1737 2153 medicamen,

150 2177 269 2248 ipse
300 2179 652 2246 semetipsum
677 2178 896 2232 salvare
911 2179 1092 2243 debet,
1121 2189 1176 2233 et
1195 2181 1469 2251 propriam
1494 2181 1741 2236 substan-

153 2269 282 2322 tiam
315 2270 606 2334 redimere,
636 2279 691 2322 et
716 2277 1003 2339 propterea
1031 2271 1141 2325 ait:

223 2360 282 2415 Si
305 2372 482 2415 autem
523 2377 626 2414 non
664 2361 906 2414 habuerit
939 2365 1257 2430 proximum,
1293 2374 1340 2418 et
1372 2367 1483 2435 ipse
1511 2369 1738 2437 pretium

150 2455 224 2508 ad
285 2456 649 2508 redimendum
696 2457 924 2522 potuerit
976 2458 1228 2522 invenire,
1299 2461 1740 2528 computabuntur

151 2549 353 2615 fruetus
379 2564 442 2600 ea:
467 2563 524 2600 eo
549 2557 800 2616 tempore,
829 2564 931 2618 quo
957 2550 1208 2614 vendidit,
1239 2561 1287 2603 et
1318 2553 1457 2622 quod
1479 2553 1738 2620 reliquum

151 2648 246 2700 est,
269 2640 444 2693 reddet
474 2642 714 2708 emptori,
732 2641 907 2706 sicque
929 2642 1141 2708 recipiet
1162 2646 1531 2710 possessionem
1560 2662 1735 2698 suam.

149 2732 288 2796 Quis
314 2748 442 2802 ergo
473 2741 719 2785 nostrum
745 2732 975 2786 idoneus
1005 2743 1106 2796 est,
1140 2743 1233 2788 aut
1265 2744 1463 2804 potest,
1491 2751 1554 2790 ex
1590 2738 1738 2792 desi-

151 2825 265 2887 dia,
289 2835 384 2876 aut
412 2825 676 2892 pravitate
700 2834 939 2880 mentem
972 2827 1248 2880 vcnditam
1273 2828 1520 2893 liberare,
1550 2839 1608 2882 ut
1629 2842 1737 2883 non

152 2930 225 2970 ex
256 2925 370 2970 toto
403 2925 590 2984 pereat
622 2916 691 2969 ab
718 2916 1011 2980 alienante,
1049 2917 1154 2971 nisi
1184 2917 1292 2970 vita
1328 2918 1488 2983 bona,
1517 2929 1572 2974 et
1596 2920 1738 2974 actio

151 3008 448 3077 repellens,
468 3008 782 3078 quicunque
807 3009 1016 3063 inventi
1037 3009 1300 3063 fuerimus
1318 3011 1371 3064 in
1394 3019 1579 3066 mente
1610 3026 1738 3081 pec-

152 3099 401 3153 cantes?
448 3098 679 3168 Oportet
727 3114 856 3171 ergo
906 3102 1147 3169 cogitare
1197 3111 1461 3170 quantum
1522 3111 1738 3172 tempus

149 3185 442 3256 pradictas
496 3197 710 3242 mentes
765 3189 814 3242 ei
858 3188 951 3257 qui
992 3188 1129 3242 solet
1170 3205 1264 3243 eas
1313 3193 1737 3260 cogitationibus

152 3278 312 3331 malis
333 3287 611 3341 emere,et
641 3278 697 3331 in
729 3281 1050 3334 servitutem
1075 3281 1339 3350 redigere,
1368 3284 1734 3349 vendidimus,

150 3367 432 3437 placentes
459 3370 529 3432 ei,
561 3379 616 3423 et
644 3371 1075 3435 consentientes,
1105 3381 1160 3425 et
1185 3372 1337 3426 reddi
1368 3373 1417 3426 ei
1444 3374 1587 3441 quod
1616 3374 1738 3427 reli-

148 3476 320 3530 quum
366 3472 453 3515 est
485 3461 569 3515 vel
613 3462 911 3516 secundum
940 3461 1315 3532 Septuaginta,
1366 3463 1511 3532 qnod
1553 3463 1734 3517 habet.

148 3553 342 3622 Neque
369 3555 515 3609 enim
547 3554 806 3609 dixerunt
836 3555 979 3624 quod
1017 3555 1286 3623 reliquum
1312 3563 1418 3617 est,
1465 3555 1561 3608 sed
1592 3555 1737 3623 quod

148 3661 317 3715 super
366 3647 549 3709 habet,
593 3656 652 3700 ut
677 3655 960 3701 contractu
1007 3647 1308 3702 valentiore
1340 3648 1645 3709 vincamus,
1684 3655 1740 3700 et

151 3739 448 3793 liberemus
502 3747 743 3792 mentem
793 3747 1058 3793 nostram.
1117 3738 1184 3792 Et
1219 3739 1283 3802 si,
1330 3738 1483 3793 verbi
1542 3739 1734 3810 gratia,

148 3829 484 3883 desiderium
514 3837 764 3883 nostrum
803 3830 1047 3884 avaritia:
1069 3830 1338 3900 cogitatus
1371 3830 1572 3884 invasit
1611 3845 1733 3892 nos,

149 3934 543 3990 recuperemus
593 3928 832 3974 mentem
868 3929 1133 3986 nostram,
1166 3928 1227 3974 ιιι
1269 3935 1363 3975 83$
1390 3921 1576 3983 etiam,
1613 3935 1739 3990 qua:

147 4011 222 4064 de
242 4011 392 4081 justo
411 4017 558 4074 sunt,
582 4010 844 4080 pecunias
870 4020 927 4064 et
953 4010 1329 4080 possessiones
1347 4011 1734 4080 despiciamus.

148 4102 209 4156 Si
234 4102 620 4172 gastrimargite
639 4101 1016 4170 captivitatem
1038 4103 1330 4173 suggessit,
1349 4117 1451 4156 nos
1475 4101 1737 4156 intentio-

149 4205 277 4246 nem
311 4192 506 4262 jejunii
527 4191 786 4255 districti,
822 4199 878 4247 et
905 4194 1152 4246 omnium
1177 4194 1423 4252 ciborum
1447 4195 1737 4249 continen-

149 4285 283 4338 tiam
311 4299 718 4354 recuperemus.
757 4283 815 4338 Si
852 4283 1008 4338 enim
1041 4286 1442 4355 possessionem
1488 4295 1736 4340 nostram

145 4378 394 4446 recipere
424 4393 455 4431 a
487 4377 678 4446 majori
729 4376 970 4442 inimico,
1001 4393 1162 4446 quem
1197 4379 1582 4443 deviceritnus,
1608 4395 1737 4448 pos-

145 4483 356 4523 sumus.
380 4468 636 4521 Siautem
660 4465 762 4521 hoc
780 4467 983 4521 factum
1003 4484 1111 4523 non
1136 4470 1319 4533 luerit,
1342 4470 1474 4538 quid
1497 4470 1734 4535 eveniat,

146 4563 299 4615 disce
337 4578 350 4613 :

226 4657 288 4711 Et
311 4657 354 4709 si
384 4671 484 4708 non
509 4655 756 4708 invenerit
792 4671 980 4707 manus
1011 4655 1145 4723 ejus,
1181 4667 1238 4709 ut
1273 4656 1458 4708 reddat
1485 4657 1730 4725 pretium.

147 4749 379 4818 Oportet
398 4747 572 4810 enim,
589 4747 731 4800 sicut
750 4745 1004 4810 diximus,
1022 4748 1241 4816 quando
1257 4763 1365 4801 non
1390 4748 1734 4817 praeveniens

148 4840 274 4909 quis
303 4840 644 4908 propinquus
694 4835 955 4904 spiritalis
994 4837 1414 4900 commonucrit,
1460 4837 1733 4904 quomodo

151 4933 326 4987 malas
354 4931 718 5000 cogitationes
749 4928 869 4984 sine
897 4929 1118 4982 laesione
1160 4929 1509 4998 repellamus,
1541 4929 1734 4982 subse-

149 5025 243 5095 qui
281 5023 665 5092 cogitationem
706 5027 762 5072 et
801 5019 1074 5073 actionem
1116 5036 1181 5075 ex
1207 5037 1313 5089 qua
1341 5020 1574 5075 liberare
1605 5036 1733 5089 pos-

150 5119 323 5171 simus
362 5129 697 5186 qurcunque
739 5113 939 5181 reperti
984 5111 1252 5168 fuerimus
1279 5114 1420 5167 male
1445 5113 1733 5167 alienasse.

151 5212 383 5267 Habebit
415 5218 630 5280 emptor
654 5208 797 5278 quod
831 5217 1040 5261 emerat
1078 5223 1248 5277 usque
1272 5209 1338 5261 ad
1363 5223 1568 5261 annum
1594 5207 1740 5275 jubi-

152 5307 321 5364 leum.

227 5398 290 5452 lu
327 5399 439 5467 ipso
465 5402 602 5453 enim
627 5404 796 5454 omnis
819 5401 1051 5455 venditio
1078 5397 1209 5450 redit
1245 5395 1316 5447 ad
1347 5393 1656 5453 Dominum,
1690 5400 1739 5444 et

153 5490 225 5543 ad
246 5506 590 5559 possessorem
620 5494 925 5561 pristinum.
969 5491 1023 5545 Si
1054 5505 1183 5558 ergo
1223 5502 1402 5555 neque
1426 5501 1524 5554 per
1549 5483 1742 5538 frater-

153 5598 285 5638 nam
321 5583 628 5642 doctrinam
656 5601 835 5655 neque
863 5601 963 5656 per
992 5584 1225 5638 aliouam
1249 5583 1504 5636 virtutem
1527 5587 1743 5633 nostras

227 5814 275 5847 ’τ
296 5815 413 5870 Gal.
440 5832 516 5880 vr,
544 5815 594 5870 l.

159 5901 254 5950 vn,
289 5887 374 5945 li.

709 5822 752 5853 κε’
786 5819 945 5873 Prov.
977 5829 1108 5877 xvii,
1138 5813 1221 5867 17.

1775 1879 1816 1933 Β

1300 5812 1343 5844 ⁸ο
1376 5809 1418 5864 ΙΙ
1443 5810 1640 5864 Thess.
1670 5825 1725 5871 ιι,
1757 5808 1807 5862 3.

1845 616 1912 669 de
1961 625 2147 670 nostra
2196 617 2540 684 possessione
2581 618 2876 672 alienatum
2922 629 3023 684 est,
3058 621 3430 675 dominabitur

1844 708 1982 772 ejus,
2024 707 2116 775 qui
2158 723 2276 761 eam
2322 724 2418 776 per
2463 718 2704 762 nostram
2739 709 3120 780 negligentiam
3161 711 3426 780 possedit.

1845 799 2028 868 Usque
2059 800 2124 853 ad
2157 815 2296 869 opus
2329 800 2474 853 enim
2514 811 2795 869 peccatum
2841 803 3180 871 producitur,
3227 812 3282 856 et
3315 819 3427 859 non

1844 892 2002 946 aliter
2020 892 2410 962 intelligibilem
2432 902 2670 947 nostram
2693 895 3091 963 possessionem
3115 895 3427 964 recipimus,

1844 983 1946 1036 nisi
1981 985 2032 1036 in
2069 993 2312 1054 tempore
2339 985 2550 1054 jubilci,
2590 987 2688 1039 sivi
2739 997 2797 1040 ut
2825 986 3200 1055 Septuaginta,
3234 986 3430 1040 remis-

1847 1075 2036 1130 sionis.
2084 1075 2220 1140 Quia
2257 1077 2530 1145 perfectus
2567 1087 2651 1131 cst
2695 1094 2892 1139 annus,
2941 1079 3032 1147 qui
3060 1094 3250 1131 omnes
3290 1078 3342 1130 in
3373 1093 3429 1131 se

1846 1170 2012 1224 horas
2041 1169 2227 1236 habet,
2257 1181 2312 1224 et
2345 1171 2586 1225 omnium
2613 1171 2898 1225 modorum
2944 1173 3256 1225 circuitum.
3301 1170 3428 1223 Pcr-

1850 1267 2032 1309 actum
2061 1266 2244 1310 autem
2277 1267 2582 1326 peccatum,
2606 1271 2660 1314 et
2685 1275 2784 1329 per
2822 1260 3047 1313 multum
3077 1269 3289 1329 tempus
3311 1276 3427 1312 ma-

1845 1363 2001 1409 nens,
2025 1364 2134 1401 non
2165 1350 2325 1403 aliter
2355 1353 2435 1404 fas
2466 1360 2547 1404 est
2575 1352 2793 1421 corrigi,
2826 1361 2879 1406 et
2911 1352 3138 1405 liberare
3163 1362 3424 1416 mentem,

1845 1439 1900 1492 in
1933 1455 2039 1508 qua
2056 1441 2367 1495 dominatus
2396 1452 2480 1496 est
2510 1443 2572 1506 is,
2594 1443 2684 1512 qui
2709 1444 2847 1496 male
2870 1454 3052 1497 nostra
3077 1444 3426 1512 conquisivit,

1844 1531 1947 1585 nisi
1981 1548 2078 1601 per
2107 1533 2403 1602 perfectam
2429 1536 2832 1604 ptenitentiam,
2864 1535 2914 1586 in
2943 1551 3047 1604 qua
3066 1536 3425 1604 etjejunium,

1846 1631 1902 1676 et
1920 1624 2112 1686 oratio,
2133 1633 2189 1677 et
2209 1624 2468 1689 cilicium,
2486 1626 2916 1694 cteleemosyna,
2938 1635 2992 1677 et
3009 1624 3259 1692 lacrymm
3305 1639 3430 1692 por-

1845 1715 2210 1783 aguntur.Per
2235 1713 2351 1769 hare
2375 1716 2624 1768 remissio
2641 1715 2795 1768 nobis
2809 1715 2964 1783 plena
2982 1714 3341 1782 conquiritur.
3375 1713 3432 1767 Si

1853 1818 2037 1862 autem
2068 1809 2349 1862 hominem
2368 1807 2570 1861 dictum
2595 1807 2764 1860 fuisse
2785 1823 2811 1858 a
2831 1807 3136 1876 legislature
3158 1821 3305 1864 cum,
3335 1803 3432 1873 qui

1845 1901 2143 1969 captivavit
2174 1907 2388 1954 mentes
2424 1909 2658 1961 nostras,
2689 1898 2948 1960 diximus,
2977 1913 3084 1950 non
3118 1897 3429 1958 admireris.

1844 1993 1970 2065 quia
2011 2003 2067 2048 et
2111 1994 2312 2047 Paulus
2361 2008 2505 2056 eum,
2554 1992 2832 2045 hominem
2889 1991 3119 2060 peccati,
3167 2000 3222 2044 et
3263 1990 3431 2043 ﬁlium

1844 2085 2171 2156 perditionis
2220 2084 2509 2154 appellavit
2543 2083 2608 2134 '9.
2665 2082 2830 2136 Isaias
2885 2092 3066 2135 autem
3114 2079 3430 2150 Egyptian:

1845 2177 2148 2240 hominem,
2166 2184 2341 2230 etnon
2360 2175 2550 2240 Deum,
2578 2173 2631 2226 in
2652 2190 2746 2227 sua
2765 2188 2889 2226 eum
2911 2173 3195 2242 prophetia
3211 2173 3342 2226 dixit
3361 2176 3428 2224 9°.

1845 2273 1952 2327 Sed
1984 2281 2039 2324 et
2059 2271 2320 2324 Dominus
2348 2267 2628 2321 hominem
2654 2265 2837 2320 vocari
2859 2265 3147 2318 manifeste
3175 2267 3431 2322 concedit

1842 2363 2140 2426 diabolum,
2183 2377 2282 2432 pro
2321 2377 2387 2414 eo
2417 2359 2560 2430 quod
2603 2361 2745 2412 inter
2773 2357 3022 2411 homines
3052 2368 3428 2419 conversetur,

1841 2467 1899 2512 et
1952 2457 2018 2511 ad
2050 2473 2236 2511 eorum
2271 2463 2429 2508 vacet
2483 2452 2733 2506 insidias.
2763 2452 2898 2505 Cum
2941 2467 3070 2522 ergo
3119 2452 3431 2520 parabolant

1843 2551 2174 2606 zizaniorum
2199 2557 2516 2618 exponeret,
2547 2546 2683 2600 dixit
2710 2563 2723 2598 :
2757 2546 3071 2597 Accedentes
3093 2553 3269 2597 autem
3296 2545 3432 2597 servi

1842 2645 2014 2711 patris
2055 2641 2312 2712 familias,
2349 2640 2594 2691 dixerunt
2618 2638 2706 2689 ei:
2738 2636 2983 2697 Domine,
3032 2650 3199 2686 nonne
3241 2634 3432 2686 bonum

1839 2752 2013 2790 semen
2028 2734 2298 2788 seminasti
2322 2734 2376 2784 in
2398 2748 2523 2801 agro
2558 2739 2666 2792 tuo,
2693 2730 2830 2782 unde
2857 2728 3062 2780 zizania
3086 2727 3108 2779 ?
3133 2726 3230 2780 Ille
3250 2736 3430 2778 autem

1841 2832 1975 2883 dixit
1999 2832 2072 2881 eis
2098 2847 2109 2881 :
2149 2826 2403 2878 Inimicus
2427 2826 2578 2876 homo
2600 2825 2693 2876 hoc
2719 2823 2837 2892 fecit
2863 2823 2927 2873 ⁸⁸.
2965 2819 3168 2874 Deinde
3200 2819 3431 2888 parabo-

1841 2921 1946 2973 lam
1986 2921 2373 2987 interpretans,
2407 2925 2458 2968 et
2502 2915 2759 2968 inimicus
2788 2913 2909 2981 quis
2932 2920 3098 2974 esset,
3123 2926 3423 2979 exponens,

1841 3013 1921 3066 sic
1941 3012 2073 3066 dicit
2102 3029 2113 3062 :
2145 3010 2398 3064 Inimicus
2421 3019 2595 3060 autem
2621 3007 2710 3076 qui
2730 3005 3004 3058 seminavit
3032 3021 3117 3065 ea,
3138 3014 3213 3056 est
3243 3003 3427 3056 diabo-

1843 3106 1942 3157 lus.
1975 3104 2108 3169 Quia
2134 3113 2188 3157 et
2222 3103 2313 3172 qtti
2337 3112 2574 3154 mentem
2599 3115 2753 3152 suam
2781 3114 2878 3167 per
2901 3106 3180 3166 peccatum
3209 3097 3428 3150 diabolo

1763 3223 1804 3278 ο
1843 3198 2044 3266 prodit,
2073 3195 2406 3250 venditionis
2432 3209 2543 3248 suae
2568 3207 2748 3261 pravae
2779 3199 2834 3244 et
2861 3189 3184 3259 perniciosae
3205 3199 3426 3243 contra-

1840 3301 1987 3345 ctum
2014 3288 2330 3342 celebravit.
2347 3286 2544 3340 Paulus
2567 3285 2728 3338 etiam
2750 3283 2852 3336 hoc
2873 3282 3129 3336 Romanis
3156 3281 3422 3341 scribens.

1845 3383 2238 3451 interpretatus
2266 3389 2367 3433 est.
2399 3377 2602 3432 Scimus
2626 3377 2764 3429 enim
2790 3376 2914 3444 quia
2941 3374 3024 3426 lex
3045 3372 3302 3441 spiritalis
3328 3383 3423 3435 est,

1840 3490 1934 3544 ego
1983 3483 2161 3525 autem
2199 3469 2433 3523 carnalis
2473 3485 2611 3530 sum,
2642 3467 2970 3519 venundatus
3007 3462 3101 3516 sub
3143 3465 3424 3531 peccato".

1841 3563 1975 3617 lllud
2001 3573 2183 3617 autem
2230 3572 2356 3616 nota
2410 3559 2667 3622 maxime,
2718 3558 2844 3626 quia
2891 3571 3001 3610 non
3036 3554 3284 3620 fratrem,
3316 3569 3426 3608 non

1845 3655 2210 3724 propinquum
2239 3652 2375 3706 dixit
2423 3667 2544 3705 esse
2574 3649 2743 3712 hunc,
2779 3645 2866 3700 cui
2898 3644 3163 3704 vendidit,
3207 3643 3302 3697 sed
3327 3658 3430 3697 nec

1842 3746 2149 3815 proximum
2172 3759 2319 3806 eum,
2345 3742 2504 3804 dixit,
2531 3735 2989 3807 quemadmodum
3017 3733 3070 3786 in
3098 3732 3430 3802 prmcedenti

1845 3839 2151 3900 sanctione,
2183 3838 2236 3889 in
2263 3851 2369 3905 qua
2405 3835 2541 3889 dixit
2576 3851 2589 3886 :
2621 3831 2851 3897 Quando
2895 3827 3102 3883 vendes
3150 3825 3434 3894 quidpiam

1842 3932 1946 3986 civi
1968 3940 2082 3989 tuo,
2119 3929 2200 3980 vel
2225 3927 2361 3980 emis
2380 3926 2446 3979 ab
2469 3941 2554 3990 eo,
2578 3939 2688 3978 non
2714 3920 3010 3975 contristes
3028 3920 3252 3972 fratrem
3276 3927 3432 3970 tuum

1841 4022 1980 4076 nihil
2023 4021 2128 4074 tale
2174 4019 2259 4072 hic
2288 4018 2516 4078 adalens,
2559 4014 2798 4069 ostendit
2823 4020 3032 4081 aperte,
3065 4011 3193 4081 quia
3227 4010 3296 4065 de
3327 4009 3430 4062 ali-

1842 4128 2004 4182 quoa
2035 4112 2194 4164 nobis
2240 4109 2443 4167 alieno,
2490 4105 2582 4175 qui
2607 4104 2747 4158 male
2776 4113 2961 4158 nostra
3006 4100 3297 4170 conquirit.
3335 4099 3433 4152 lo-

1841 4206 2045 4275 quitur.
2084 4203 2150 4255 Et
2191 4203 2309 4255 haéc
2343 4199 2564 4269 quidem
2593 4205 2679 4250 est
2711 4195 2972 4265 spiritalis
3016 4193 3430 4262 contemplatio.

1842 4295 2124 4348 Manifesta
2147 4303 2326 4346 autem
2346 4298 2428 4345 est
2449 4288 2706 4343 omnibus
2725 4287 2893 4341 solius
2921 4285 3192 4355 expositio
3211 4284 3432 4348 litterae,

1842 4397 1897 4442 et
1925 4386 2097 4440 facilis
2121 4383 2362 4447 traditio,
2402 4381 2528 4450 quia
2549 4378 2755 4433 ludatis
2779 4378 2953 4448 legem
2989 4374 3353 4438 sufﬁcientia,
3378 4382 3434 4428 et

1841 4495 1952 4534 non
1985 4475 2254 4548 gaudendi
2284 4476 2337 4528 in
2361 4473 2590 4528 avaritia
2627 4486 2721 4541 per
2757 4470 2861 4524 tale
2889 4469 3205 4522 mandatum
3228 4482 3432 4536 propo-

1771 4563 1817 4617 1)
1847 4573 1948 4635 ηἰι,
1983 4581 2036 4626 et
2061 4578 2350 4640 propterea
2392 4565 2768 4636 possessiones
2800 4577 2899 4630 per
2920 4561 3185 4615 cireulum
3224 4559 3290 4613 ad
3315 4573 3432 4622 eos,

1847 4664 1938 4733 qui
1963 4678 2056 4716 eas
2073 4661 2242 4715 semel
2263 4661 2596 4721 habuerunt,
2619 4655 2818 4709 reverti
2837 4653 2971 4716 vult,
2996 4661 3050 4706 et
3073 4666 3176 4706 nec
3196 4650 3436 4705 vendere

1843 4758 2040 4819 vetuit,
2063 4765 2125 4809 ut
2154 4769 2261 4808 non
2281 4759 2596 4821 angustaret
2617 4763 2936 4818 pauperem,
2961 4760 3065 4799 nec
3098 4752 3322 4814 angeret
3352 4745 3436 4797 in-

1843 4850 2140 4919 digentem,
2181 4845 2272 4914 qui
2303 4858 2413 4896 non
2456 4842 2612 4896 aliter
2635 4840 2855 4909 degere,
2897 4851 3075 4904 neque
3106 4834 3434 4888 necessitate

1844 4937 2024 5005 aliqua
2043 4933 2277 4988 evadere
2291 4932 2516 4993 valeret,
2535 4930 2638 4984 nisi
2662 4930 2800 4982 forte
2823 4925 3176 4980 vendidisset.
3196 4923 3300 4977 Sed
3333 4937 3436 4976 nec

1846 5042 1941 5082 eos
1965 5025 2057 5094 qui
2105 5022 2576 5091 conquisiverunt,
2609 5034 2828 5087 semper
2853 5016 3134 5086 possidere
3167 5013 3433 5083 praecipit,

1848 5116 1944 5170 sed
1975 5125 2193 5183 tempus
2223 5111 2476 5167 deﬁnivit
2510 5111 2652 5163 intra
2683 5108 2826 5177 quod
2875 5107 2956 5160 lex
2993 5104 3232 5173 antiquis
3257 5103 3437 5157 domi-

1848 5209 1935 5262 nis
1957 5206 2359 5277 possessionem
2388 5204 2661 5258 redderet.
2681 5200 2817 5266 Quia
2838 5211 3018 5253 autem
3041 5196 3276 5267 amplius
3302 5210 3436 5247 cou-

1851 5296 2223 5367 templationis
2277 5297 2382 5357 lex,
2443 5303 2498 5346 et
2549 5293 2849 5362 juvaminis
2906 5290 3187 5361 spiritalis,
3236 5295 3291 5341 et
3324 5303 3432 5340 non

1850 5387 2151 5443 secundum
2180 5386 2418 5438 litteram
2445 5383 2707 5448 mandati,
2745 5393 2941 5450 etquae
2966 5383 3018 5433 in
3047 5379 3332 5448 superficie
3353 5389 3438 5431 est

1851 5479 2229 5548 expositionis,
2258 5491 2444 5531 curam
2468 5477 2686 5538 habeat,
2719 5473 3072 5528 manifestant
3093 5471 3399 5541 sequentia.

1925 5569 2090 5626 Vens.
2130 5569 2322 5627 29-34.
2345 5589 2364 5621 ι
2402 5567 2506 5634 Qui
2534 5568 2839 5623 vendiderit
2865 5567 3085 5620 domum
3119 5566 3261 5619 intra
3290 5565 3442 5619 urbis

1910 5805 1956 5836 ’°
1996 5804 2099 5860 lsa.
2133 5819 2283 5868 xxxi,
2318 5801 2372 5856 i.
2446 5802 2494 5834 ’ί
2525 5801 2715 5856 Matth.
2746 5816 2864 5862 χιιι,
2900 5799 2990 5862 27,
3025 5800 3113 5854 ΞΒ.
3204 5799 3252 5830 θ’
3281 5797 3437 5852 Boni.
