4158 6450
82 397 220 464 1125

1219 400 1302 464 IN
1325 401 1766 465 LEVITICUM-
1801 429 1868 440 -
1890 404 2037 464 LIB.
2073 405 2206 468 VII.

3225 410 3365 478 i126

77 518 124 572 ti
160 527 424 586 tempore.
466 512 580 570 lloc
611 515 758 570 enim
798 516 1107 587 appellatur
1135 531 1232 586 per
1262 517 1382 586 ejus
1413 525 1668 587 posteros
1703 525 1744 579 Α
1775 517 1979 573 Christi
2014 528 2097 574 est
2128 520 2465 591 mysterium,
2491 517 2656 593 hujus
2684 537 2816 594 ergo
2843 523 2957 591 agri
2978 524 3103 594 jure
3123 527 3366 581 venden-

73 608 169 662 vel
223 608 625 675 generationes,
680 608 826 678 quod
889 608 1249 679 Septuaginta
1307 610 1496 674 edunt,
1538 609 1662 676 quia

75 700 370 770 praesentis
441 701 702 771 temporis
752 708 1073 771 potestatem
1125 702 1288 755 habet
1323 711 1512 755 contra
1567 716 1662 754 eos

77 795 176 862 qui
208 795 617 864 conjunguntur
647 794 717 859 ei,
749 804 801 848 et
833 794 1021 848 redimi
1055 810 1162 847 non
1198 794 1393 862 poterit
1418 795 1580 847 etiam
1613 794 1664 846 in

73 884 309 954 jubileo,
342 887 455 941 sive
499 898 559 940 ut
590 887 943 956 Septuaginta
978 887 1032 939 in
1062 887 1406 950 remissione,
1439 901 1544 954 qua
1584 901 1666 938 re-

78 980 369 1041 missione,
396 980 500 1034 nisi
535 981 720 1049 utique
756 981 922 1046 illam,
948 995 1110 1047 quam
1145 980 1226 1033 eis
1260 978 1518 1032 Dominus
1544 995 1668 1032 eru-

78 1074 278 1128 ciﬁxus
309 1075 439 1128 dixit
473 1093 485 1128 :
518 1074 697 1140 Pater,
725 1076 929 1127 dimitte
953 1074 1078 1134 illis.
1109 1074 1233 1141 quia
1267 1074 1500 1126 nesciunt
1543 1072 1670 1141 quid

79 1165 293 1233 faciunt
321 1167 386 1219 θ’.
431 1167 538 1221 Sed
573 1175 851 1234 peccatum
885 1172 1304 1225 renovaverunt,
1330 1176 1453 1233 post
1481 1165 1666 1217 datum

82 1257 466 1313 remissionem
499 1258 749 1312 malitiosi
781 1257 981 1322 ell'ecti,
1016 1266 1072 1311 et
1106 1257 1381 1326 praeterito
1413 1271 1518 1309 non
1551 1254 1668 1310 sul—

81 1349 305 1404 ﬁciente
321 1359 564 1419 peccato,
588 1350 918 1404 addiderunt
942 1351 1045 1403 alia
1074 1350 1364 1412 deteriora,
1386 1364 1507 1418 qua:
1525 1348 1668 1402 circa

80 1442 418 1511 sepulcrum,
449 1452 503 1496 et
529 1452 654 1512 post
680 1441 1162 1505 resurrectionem,
1184 1450 1238 1494 et
1266 1450 1390 1510 post
1421 1441 1473 1494 in
1501 1440 1670 1494 caelos

81 1533 469 1586 ascensionem
489 1541 674 1584 contra
701 1530 877 1599 ipsum
903 1530 1201 1592 Christum,
1233 1537 1288 1582 et
1317 1536 1510 1581 contra
1535 1528 1670 1581 eho-

78 1638 207 1676 rum
258 1634 623 1691 apostolorum
661 1629 1146 1689 praesumpserunt.
1171 1619 1514 1672 Conﬁrmans
1543 1633 1670 1690 ergo

78 1730 148 1768 ea
181 1730 301 1783 quae
328 1730 476 1767 nunc
509 1729 538 1766 a
559 1713 717 1766 nobis
747 1713 890 1765 dicta
918 1721 1046 1766 sunt
1091 1712 1371 1774 Dominus,
1403 1723 1457 1765 et
1485 1721 1672 1765 osten-

79 1809 224 1862 dens
258 1808 382 1876 quia
420 1807 728 1860 Judazorum
749 1805 964 1870 domos,
997 1813 1050 1858 et
1073 1804 1374 1859 Jerusalem
1407 1806 1669 1873 templum

81 1909 260 1954 totum
297 1899 591 1952 adversarii
625 1897 824 1951 factum
856 1906 960 1956 est.
993 1908 1046 1950 et
1069 1907 1276 1965 partem
1305 1897 1449 1964 apud
1484 1896 1667 1949 Domi-
1703 1886 1740 1937 Ιῖ

80 2008 218 2046 num
243 1992 441 2045 habere
465 1990 576 2059 jam
607 2005 713 2042 non
735 1998 934 2058 potest,
967 1988 1091 2057 quia
1120 1989 1538 2058 evangelizatam
1559 2003 1668 2040 non

83 2090 447 2152 susceperunt
503 2081 956 2150 redemptionem.
1003 2081 1191 2135 dicens
1226 2099 1238 2133 :
1276 2080 1488 2146 Quoties
1532 2082 1672 2136 volui

83 2192 403 2246 congregare
421 2191 530 2237 vos,
560 2174 998 2243 quemadmodum
1020 2174 1220 2244 gallma
1246 2184 1523 2246 congregat
1555 2175 1674 2242 pul-

84 2271 165 2322 los
194 2286 312 2322 suos
343 2269 436 2321 sub
462 2267 578 2320 alas
613 2283 735 2320 suas
780 2275 848 2329 ,et
873 2265 1112 2319 noluistis
1143 2268 1168 2320 ?
1197 2268 1347 2321 addit
1380 2286 1392 2320 :
1428 2266 1558 2321 Ecce
1581 2284 1667 2321 re-

85 2361 356 2430 linquetur
390 2359 531 2413 vobis
573 2360 756 2410 domus
787 2367 956 2410 vestra
1002 2362 1203 2410 deserta
1237 2358 1273 2409 '.
1307 2357 1672 2422 Quemadmo-

85 2453 219 2506 dum
260 2467 387 2520 ergo
443 2466 506 2504 ea
556 2467 675 2518 qua:
722 2451 788 2504 de
809 2449 1049 2504 Judaicis
1093 2449 1386 2519 Synagogis
1431 2450 1676 2518 praedixit

87 2543 352 2613 Spiritus,
395 2544 473 2597 sic
495 2542 712 2597 intende
735 2559 852 2612 qua:
873 2542 1126 2597 Ecclesiae
1152 2543 1393 2613 gentium
1429 2542 1580 2597 dicit.

165 2636 262 2691 Sin
302 2647 482 2690 autem
528 2638 582 2688 in
623 2637 749 2690 villa
782 2638 940 2707 fuerit
985 2639 1191 2700 domus,
1226 2654 1342 2708 qua:
1368 2654 1546 2691 muros
1574 2654 1676 2690 non

89 2729 268 2794 habet,
303 2744 552 2798 agrorum
576 2728 703 2795 jure
729 2729 1000 2781 vendetur.
1035 2727 1096 2782 Si
1124 2737 1245 2781 ante
1269 2731 1539 2797 redempta
1574 2743 1678 2781 non

91 2821 253 2890 fuerit
284 2822 338 2872 in
357 2820 583 2889 jubileo,
613 2829 898 2872 revertetur
925 2821 996 2872 ad
1023 2819 1325 2873 Dominum.
1359 2820 1558 2874 Domos
1587 2836 1677 2875 er-

92 2928 162 2982 go
213 2928 336 2982 quae
381 2913 434 2964 in
484 2911 607 2965 villa
662 2921 811 2977 sunt,
845 2911 988 2981 quod
1025 2911 1276 2966 Ecclesia:
1306 2914 1550 2982 gentium
1581 2914 1679 2966 de-

94 3006 264 3058 beant
307 3005 534 3075 intell'gi
558 3046 571 3069 ,
609 3004 778 3058 Isaias
824 3005 984 3058 nobis
1016 3006 1286 3075 propheta
1317 3005 1676 3070 demonstrat,

93 3096 310 3161 Lauda,
339 3097 558 3162 sterilis,
596 3113 712 3167 qua?
759 3114 861 3150 non
895 3098 1061 3166 paris,
1093 3097 1317 3151 decanta
1351 3097 1561 3149 laudem
1584 3139 1598 3162 ,
1633 3104 1681 3150 et

1770 621 1880 672 tur.
1915 614 1998 667 vel
2046 614 2228 668 adhuc
2273 630 2464 684 agrum
2512 616 2954 682 aestimabuntur,
2988 620 3114 688 quia
3146 621 3195 673 ei
3234 632 3366 676 sunt

1769 707 2050 776 proximae,
2079 723 2188 760 non
2222 707 2348 777 legi.
2377 706 2744 772 Quamobrem
2776 725 2994 777 semper
3021 713 3215 766 redimi
3239 728 3366 782 posv

1771 809 1918 859 sunt,
1947 800 2031 852 vel
2062 795 2365 854 secundum
2401 801 2758 871 Septuaginta
2785 803 3029 858 liberatae
3057 821 3155 874 per
3181 810 3364 860 omnia

1771 899 1955 946 erunt.
1994 891 2073 946 Ex
2123 908 2232 961 quo
2265 909 2396 962 ergo
2433 893 2697 948 Dominus
2735 895 2906 959 venit,
2945 913 3116 965 usque
3158 898 3226 952 ad
3275 914 3365 952 se-

1771 984 2010 1039 cundum
2044 985 2339 1039 adventum
2365 986 2506 1054 ejus,
2536 1001 2634 1054 per
2660 996 2844 1056 parter
2870 997 3062 1057 gentes
3084 989 3366 1044 redimun—

1773 1084 1880 1139 tur,
1913 1085 1967 1128 et
2014 1091 2110 1144 per
2141 1077 2520 1131 remissionem
2563 1079 2823 1142 evadunt,
2860 1094 3023 1147 quam
3061 1079 3178 1148 ipse
3211 1081 3365 1134 omni

1772 1168 1956 1237 generi
2003 1168 2243 1222 humano
2278 1184 2375 1236 per
2406 1183 2626 1223 erucem
2662 1171 2974 1239 appellavit.
3007 1171 3150 1225 Crux
3187 1173 3364 1235 enim,

1772 1267 1857 1312 est
1886 1274 2012 1312 vera
2044 1257 2489 1314 remissio.Unde
2517 1269 2573 1314 et
2597 1260 2718 1329 ejus
2744 1261 2969 1330 ﬁguram
3000 1278 3196 1332 gerens
3225 1264 3371 1318 aries

1772 1350 1863 1420 qui
1897 1367 1994 1420 pro
2027 1353 2175 1406 Isaac
2221 1351 2272 1404 in
2318 1351 2640 1407 holocausto
2675 1353 2894 1408 oblatus
2930 1365 3034 1415 est,
3063 1357 3366 1410 secundum

1772 1444 1919 1512 quod
1947 1443 2304 1512 Septuaginta
2340 1444 2531 1506 edunt,
2571 1445 2628 1496 in
2662 1445 2889 1515 virgulto
2929 1444 3129 1500 Sabech
3171 1447 3370 1500 iuven-

1773 1546 1863 1590 tus
1891 1546 1974 1590 est
2003 1537 2281 1605 religatus.
2315 1536 2527 1590 Sabech
2564 1546 2770 1600 autem,
2805 1539 3060 1592 remissio
3095 1539 3371 1608 interpre-

1775 1638 1943 1690 tatur,
1975 1629 2101 1698 quia
2148 1626 2392 1689 crucem,
2413 1645 2535 1698 qua:
2559 1629 2662 1683 fuit
2686 1630 3028 1687 remissionis
3050 1633 3367 1702 virgultum,

1772 1722 2157 1793 praeﬁgurabat
2189 1723 2291 1777 hoc
2330 1723 2475 1791 quod
2517 1733 2644 1777 tunc
2675 1735 2891 1791 gestum
2938 1733 3042 1777 est.
3077 1723 3216 1793 Ergo
3248 1735 3371 1778 tan-

1775 1828 1938 1880 quam
1990 1813 2264 1866 Abraham
2322 1813 2376 1866 in
2433 1812 2602 1882 ﬁgura
2657 1815 2802 1867 diem
2853 1816 3034 1869 crucis
3084 1826 3368 1879 cernente,

1772 1903 2024 1958 Christus
2054 1904 2189 1958 dixit
2214 1920 2227 1958 :
2267 1905 2538 1957 Abraham
2564 1906 2869 1970 exsultavit,
2900 1917 2955 1959 ut
2983 1908 3184 1961 videret
3227 1910 3369 1962 diem

1773 2013 1970 2060 meum,
2000 2005 2048 2048 et
2077 1997 2230 2059 vidit,
2256 2005 2303 2049 et
2325 1997 2534 2066 gavisus
2564 2007 2637 2051 est
2663 1999 2706 2052 ⁸.
2725 1996 2882 2063 Quod
2919 2014 3050 2069 ergo
3078 2010 3198 2054 erat
3226 2017 3368 2070 pra:-

1775 2089 1935 2142 dictis
1980 2089 2048 2142 de
2092 2087 2317 2142 Judaica
2352 2089 2515 2142 domo
2544 2091 2901 2154 contrarium,
2936 2092 3060 2146 vide
3091 2093 3372 2161 quomodo

1776 2177 2084 2247 praevidens
2118 2176 2393 2246 legislator
2423 2177 2610 2236 solvit.
2643 2178 2769 2246 quia
2801 2180 2948 2231 enim
2988 2188 3111 2247 post
3137 2194 3366 2238 annum.

1777 2271 1830 2324 in
1876 2285 1985 2339 quo
2027 2268 2284 2322 Christus
2313 2271 2367 2322 in
2397 2284 2562 2322 carne
2606 2285 2850 2338 praesens
2878 2270 3144 2325 liberabat
3176 2272 3369 2326 huma-

1775 2377 1907 2415 num
1944 2376 2150 2432 genus,
2185 2360 2393 2429 integre
2424 2359 2737 2414 Judaeorum
2775 2360 3070 2433 Synagoga:
3105 2378 3203 2432 per
3231 2379 3362 2432 apo-

1778 2452 2029 2506 Stoliealn
2061 2452 2366 2506 doctrinam
2394 2451 2638 2506 liberata:
2669 2464 2819 2514 sunt.
2841 2468 2993 2508 nunc
3022 2453 3241 2523 quidem
3268 2455 3368 2510 tria

1776 2545 1964 2611 millia,
2002 2560 2149 2599 nunc
2181 2555 2362 2598 autem
2389 2545 2630 2615 quinque
2655 2546 2845 2610 millia,
2869 2561 3171 2615 rursusque
3197 2548 3371 2603 multo

1778 2639 1962 2709 plures
1991 2654 2153 2707 quam
2187 2638 2318 2691 dicti
2365 2647 2526 2701 sunt,
2563 2654 2633 2694 ne
2678 2639 2802 2707 quis
2838 2639 2944 2693 hoc
2976 2641 3256 2710 ignorasse
3288 2642 3369 2697 le-

1778 2735 2093 2806 gislatorem
2125 2735 2506 2800 arbitraretur,
2532 2735 2678 2799 vide,
2709 2736 3168 2804 quemadmodum
3189 2746 3245 2792 et
3269 2739 3373 2794 hoc

1781 2828 2052 2897 sapientia
2086 2828 2348 2896 spiritalis
2379 2828 2799 2882 demonstravit.

1848 2917 2011 2971 zEdes
2039 2915 2366 2983 Levitarum,
2405 2919 2495 2987 qui
2533 2919 2588 2971 in
2617 2919 2830 2972 urbibus
2861 2929 2984 2972 sunt
3012 2937 3218 2989 semper
3250 2939 3374 2992 pos-

1779 3018 1902 3062 sunt
1941 3010 2154 3072 redimi,
2186 3011 2229 3062 si
2256 3010 2526 3078 redempta
2565 3027 2668 3063 non
2700 3012 2929 3079 fuerint,
2966 3013 3021 3065 in
3047 3013 3250 3081 jubileo
3282 3032 3370 3069 re-

1782 3109 2050 3154 vertentur
2088 3101 2159 3153 ad
2216 3101 2474 3163 dominos,
2508 3101 2632 3167 quia
2679 3102 2864 3156 domus
2908 3104 3117 3157 urbium
3159 3106 3374 3160 Levita-

91 3192 264 3258 hinni,
290 3207 406 3254 qua:
434 3208 538 3244 non
568 3192 833 3259 pariebas,
857 3197 1115 3260 quomodo
1145 3191 1325 3243 multa:
1351 3190 1477 3258 ﬁlia:
1504 3192 1684 3242 deser-
1711 3230 1754 3287 Ο
1788 3209 1906 3246 rum
1939 3208 2034 3259 pro
2063 3192 2478 3260 possessionibus
2521 3203 2642 3245 sunt
2686 3194 2826 3248 inter
2864 3195 3002 3263 ﬁlios
3032 3196 3218 3250 Israel.
3251 3198 3372 3255 Non

95 3297 197 3346 tte,
227 3285 397 3353 magis
428 3300 588 3353 quam
620 3285 733 3353 ejus
763 3301 880 3352 qua!
907 3284 1059 3336 habet
1094 3284 1294 3348 virum,
1337 3283 1464 3335 dicit
1497 3281 1684 3335 Domi-

96 3394 196 3431 nus
216 3377 235 3406 ¹
271 3394 285 3429 :
313 3376 446 3440 Qua:
477 3383 562 3429 est
589 3385 775 3429 autem
801 3376 1001 3428 sterilis
1030 3384 1086 3429 et
1118 3375 1336 3428 deserta
1366 3383 1418 3427 et
1442 3389 1551 3427 non
1586 3391 1684 3442 pa—

96 3469 271 3535 riens,
305 3467 410 3521 nisi
449 3467 690 3537 gentium
723 3465 1001 3521 Ecclesia?
1034 3466 1165 3532 Quae
1201 3482 1312 3520 non
1339 3467 1685 3522 Patriarchas

97 3561 311 3624 habuit,
345 3574 456 3612 non
505 3559 700 3628 legem,
750 3574 862 3612 non
910 3560 1244 3629 prophetas,
1276 3559 1422 3613 unde
1465 3568 1518 3613 et
1567 3559 1685 3612 sine

97 3666 260 3705 muro
293 3659 443 3704 recte
476 3650 813 3703 nominatur.
848 3648 1003 3704 Unde
1032 3664 1164 3719 ergo
1188 3649 1320 3718 quid
1353 3659 1409 3703 et
1437 3649 1584 3703 aliud
1619 3649 1687 3703 de

100 3744 220 3814 ipsa
247 3743 535 3814 prophetia
571 3742 854 3797 subdidit:
893 3741 1039 3796 Dixit
1085 3743 1223 3795 enim
1255 3743 1509 3795 Dominus
1542 3757 1560 3794 :
1589 3741 1686 3793 Di;

98 3837 215 3888 lata
251 3835 419 3888 locum
455 3835 667 3888 tentorii
708 3836 818 3899 tui,
865 3845 914 3887 et
945 3835 1197 3888 aularum
1227 3834 1476 3888 tuarum‘
1512 3853 1525 3888 :
1558 3851 1688 3904 ergo

99 3944 223 3997 quae
250 3928 306 3981 in
332 3927 498 3990 villis,
529 3927 647 3981 sive
675 3935 734 3980 ut
763 3926 1141 3998 Septuaginta,
1179 3927 1233 3980 in
1263 3929 1402 3982 aulis
1436 3936 1564 3982 sunt
1592 3928 1690 3982 do-

99 4036 232 4075 mus
269 4022 533 4092 gentium,
570 4018 828 4076 Ecclesiae
862 4021 1266 4090 intelliguntur.
1309 4020 1462 4086 Quod
1508 4021 1691 4076 adimo

100 4115 321 4184 planius
353 4113 406 4167 in
447 4113 852 4182 posterioribus
875 4115 1120 4182 ejusdem
1157 4114 1462 4184 pr0phetite
1498 4124 1689 4169 osten-

101 4207 272 4260 ditur.
310 4203 460 4274 Euge
505 4219 614 4257 non
651 4219 864 4273 parcas.
892 4205 1126 4259 extende
1155 4205 1315 4260 funes
1345 4214 1486 4269 ιυυς,
1516 4214 1566 4261 et
1597 4221 1693 4275 pa-

102 4298 266 4353 xillos
305 4306 431 4352 tuos
460 4295 730 4362 conforta,
763 4297 943 4350 adhuc
986 4298 1054 4352 ad
1107 4298 1413 4364 dexteram,
1445 4309 1502 4353 et
1552 4300 1692 4354 sini-

103 4399 275 4444 stram
305 4390 573 4453 extende,
608 4399 664 4442 et
695 4403 881 4442 semen
915 4397 1070 4443 tuum
1101 4401 1291 4460 gentes
1325 4391 1691 4458 haereditabit,

102 4493 162 4538 et
197 4483 444 4537 civitates
473 4484 720 4536 desertas
755 4481 1277 4536 inlialiitabit.~Ecce
1317 4484 1567 4539 civitates
1597 4486 1694 4539 de-

1787 3284 1988 3339 frustra
2022 3283 2239 3338 Levitas
2266 3283 2534 3353 quispiam
2582 3285 2728 3339 dicat
2761 3288 3038 3355 apostolos
3087 3290 3370 3358 appellari,

1786 3377 1880 3431 sed
1921 3377 2045 3444 quia
2071 3376 2144 3431 de
2178 3375 2384 3430 Levitis
2414 3376 2621 3430 dictum
2649 3385 2734 3432 est
2763 3398 2778 3432 :
2813 3379 2879 3432 In
2914 3391 3056 3434 terra
3080 3398 3259 3436 eorum
3287 3385 3375 3437 ui-

1785 3469 1861 3522 hil
1883 3470 2185 3536 possidebis,
2215 3486 2306 3522 nec
2336 3470 2544 3523 habebis
2577 3483 2782 3535 partem
2816 3475 2955 3526 inter
2980 3491 3083 3529 eos.
3123 3475 3231 3546 Ego
3250 3494 3377 3546 pars

1788 3569 1836 3613 et
1869 3562 2151 3614 hareditas
2181 3570 2296 3624 tua,
2336 3562 2389 3613 in
2416 3563 2587 3614 medio
2615 3563 2846 3630 ﬁliorum
2875 3564 3100 3618 Israel“.
3135 3568 3250 3622 Hoc
3274 3587 3376 3622 au-

1789 3659 1898 3703 tem
1935 3649 1990 3702 in
2037 3650 2304 3718 apostolis
2357 3651 2577 3719 proprie
2629 3651 2912 3720 impletum
2960 3663 3066 3715 est.
3097 3657 3188 3725 qui
3225 3657 3380 3712 dice-

1789 3742 1928 3796 bant
1955 3739 2315 3806 conﬁdenter,
2363 3741 2428 3794 ad
2469 3741 2807 3797 Dominum:
2843 3743 2976 3798 Ecce
3022 3763 3115 3798 nos
3157 3748 3378 3817 reliqui-

1793 3842 1927 3886 mus’
1941 3832 2142 3897 omnia,
2178 3839 2224 3884 et
2261 3832 2430 3885 secuti
2458 3848 2640 3886 sumus
2674 3842 2759 3896 te,
2797 3835 2925 3895 quid
2960 3845 3116 3900 putas
3153 3839 3251 3890 erit
3285 3855 3382 3891 no-

1793 3925 1948 3980 bis"?
1975 3924 2179 3979 Horum
2209 3940 2340 3994 ergo
2378 3925 2542 3990 mdes,
2576 3942 2699 3995 qua:
2730 3927 2787 3980 in
2817 3928 3047 3983 urbibus
3078 3940 3226 3994 sunt,
3265 3932 3382 3986 sive

1792 4017 2093 4073 secundum
2119 4016 2498 4086 Septuaginta,
2515 4019 2695 4070 domos
2722 4019 3015 4080 civitatum.
3036 4035 3227 4075 eorum
3253 4039 3382 4091 pos-

1795 4108 2094 4168 sessiones.
2125 4115 2395 4177 quotquot
2423 4123 2521 4161 eos
2556 4109 2730 4163 secuti
2770 4119 2902 4164 sunt
2933 4111 3038 4166 ﬁde
3070 4124 3124 4166 et
3152 4129 3385 4168 conver-

1795 4199 2032 4262 satione,
2065 4197 2291 4253 Judaica
2346 4197 2573 4268 collegia
2631 4208 2778 4254 recte
2833 4201 3232 4272 intelliguntur,
3261 4205 3387 4274 quia

1793 4293 1950 4362 prius
1975 4301 2201 4361 propter
2229 4305 2325 4345 eos
2358 4290 2456 4355 ire,
2493 4299 2555 4344 ut
2596 4291 2663 4345 ad
2696 4307 2829 4346 oves
2868 4308 2990 4362 qua:
3039 4293 3261 4350 fuerant
3289 4312 3389 4366 per

1794 4385 1954 4440 dictae
1981 4385 2178 4440 domus
2209 4383 2399 4449 Israel,
2428 4398 2459 4436 a
2503 4382 2727 4437 Christo
2773 4384 2915 4453 jussi
2954 4394 3103 4440 sunt.
3141 4387 3286 4457 Ergo
3321 4389 3390 4442 ad

1796 4486 2002 4533 sortem
2036 4492 2227 4531 eorum
2259 4477 2610 4546 pertinebant
2641 4477 2742 4542 illi,
2768 4487 2932 4546 atque
2960 4480 3387 4548 possessionem.

105 4584 302 4634 sertas.
337 4575 456 4628 sine
488 4589 647 4627 muro
679 4572 955 4638 videlicet,
989 4588 1082 4626 eas
1117 4589 1236 4641 qua:
1265 4583 1394 4627 sunt
1424 4575 1688 4645 gentium,
1725 4611 1767 4665 ο
1798 4587 2124 4641 semperque
2157 4577 2412 4639 poterant
2442 4568 2659 4633 redimi,
2684 4577 2740 4623 et
2773 4570 2877 4624 hoc
2898 4571 3126 4624 historia
3155 4573 3408 4626 Actuum

105 4669 426 4738 appellavit.
455 4665 646 4735 Neque
694 4665 842 4720 enim
894 4666 1170 4720 habebant
1203 4667 1336 4738 legis
1367 4684 1606 4733 murum,
1638 4676 1694 4722 et

108 4763 341 4816 desertae
369 4768 547 4823 erant,
586 4774 742 4812 error
773 4758 855 4812 eis
888 4757 1176 4823 dolorum,
1222 4775 1456 4829 quorum
1502 4760 1698 4815 domus

107 4858 164 4911 in
193 4855 356 4917 villis,
391 4868 529 4922 quas
563 4852 925 4922 Septuaginta
969 4851 1041 4906 in'
1071 4853 1212 4906 aulis
1255 4853 1535 4920 dixerunt,
1563 4868 1700 4924 quas

108 4964 234 5002 esse
266 4946 536 5002 Eeclesias
574 4945 813 5000 diximus
837 4965 850 4998 :

183 5034 443 5104 Agrorum
483 5033 609 5102 jure
646 5036 954 5088 vendantur.
985 5033 1084 5089 Vel
1129 5035 1430 5090 secundum
1463 5037 1697 5107 Septua-

109 5127 261 5195 ginta
296 5144 308 5178 ε
339 5126 420 5178 Ad
449 5142 638 5194 agrum
674 5137 830 5180 terra:
857 5129 1286 5183 aestimabuntur.
1322 5131 1493 5199 Cujus
1539 5131 1698 5200 agri?

111 5217 263 5272 Illius
289 5219 497 5286 utique,
517 5235 679 5288 quem
707 5219 966 5274 Dominus
984 5221 1152 5276 dicit:
1176 5220 1362 5277 Simile
1384 5233 1456 5276 est
1480 5240 1698 5292 regnum

113 5309 358 5363 caelorum
387 5312 632 5364 thesauro
657 5311 962 5366 abscondito
993 5314 1047 5366 in
1077 5331 1226 5383 agro,
1246 5326 1394 5382 quem
1431 5317 1519 5385 qui
1555 5317 1701 5369 inve-

115 5402 194 5452 nit
228 5399 380 5452 homo
414 5400 682 5453 abscondit
710 5417 828 5453 eum
871 5417 980 5468 pra:
1011 5403 1205 5470 gaudio
1253 5417 1270 5455 :
1305 5401 1444 5455 alius
1474 5401 1624 5462 abiit,
1654 5410 1703 5454 et

114 5494 346 5547 vendidit
382 5494 583 5559 omnia,
611 5511 728 5563 quia
758 5494 962 5556 habuit,
989 5503 1037 5547 et
1081 5495 1206 5547 emit
1249 5512 1434 5565 agrum
1479 5494 1630 5547 illum
1653 5493 1697 5547 ⁸.

121 5583 264 5640 Dicit
295 5595 477 5640 autem
507 5602 720 5657 agrum,
762 5586 1115 5656 Evangelium
1142 5629 1154 5651 ,
1188 5587 1241 5639 in
1272 5601 1380 5655 quo
1410 5586 1701 5641 thesaurus

197 5816 241 5847 ”
279 5816 410 5870 Luc.
438 5830 591 5878 χχιιι,
623 5815 710 5868 54.
791 5813 805 5844 ¹
837 5811 1025 5864 Matth.
1055 5827 1214 5868 xvtn.
1239 5811 1329 5870 57,
1361 5811 1450 5867 58.

135 5883 221 5939 316.
295 5890 315 5917 δ
342 5887 496 5940 lium.
538 5901 688 5948 xvtn,
722 5885 773 5939 6.
850 5885 867 5912 ⁷
898 5881 1088 5934 Matth.
1126 5899 1233 5947 xix,
1265 5883 1353 5939 ‘27.

1531 5810 1549 5843 ¹
1574 5809 1675 5865 lsa.
1703 5825 1811 5877 uv,
1845 5810 1894 5864 l.

1796 4664 2169 4733 apostolorum
2203 4661 2599 4716 demonstravit
2635 4680 2649 4715 :
2681 4662 2851 4717 multa
2891 4664 3040 4718 enim
3071 4664 3390 4719 Iudaeorum

1796 4771 1895 4825 per
1942 4754 2222 4823 apostolos
2265 4753 2334 4808 ab
2358 4769 2547 4808 errore
2581 4753 2691 4807 dixi
2728 4754 2956 4809 liberata
2993 4757 3240 4826 collegia.
3273 4756 3392 4810 Non

1797 4848 1929 4903 solis
1964 4858 2146 4902 autem
2195 4847 2354 4901 licuit
2405 4848 2668 4916 apostolis
2701 4847 2844 4903 hanc
2874 4865 3140 4920 peragere
3175 4853 3394 4905 redem-

1798 4941 2067 5010 ptionem,
2105 4939 2198 4993 sed
2233 4949 2288 4993 et
2317 4938 2602 5007 discipulis
2642 4954 2855 4994 eorum.
2887 4940 2993 4996 Sed
3032 4950 3211 4996 tamen
3254 4944 3394 4996 hanc

1802 5032 2106 5086 secundum
2153 5032 2370 5085 illorum
2410 5032 2699 5100 Oportebat
2746 5032 2884 5087 elﬁci
2925 5036 3231 5089 doctrinam
3263 5076 3277 5099 ,
3337 5045 3397 5090 ut

1803 5125 1908 5178 illis
1952 5124 2317 5193 imputaretur
2359 5124 2452 5194 qui
2494 5126 2780 5180 exordium
2833 5126 2973 5182 facto
3023 5129 3392 5198 praebuerunt,

1805 5217 1899 5287 qui
1950 5227 2257 5286 posuerunt
2299 5219 2889 5289 dogmata.‘quomodo
2942 5222 3015 5285 hi,
3050 5224 3143 5292 qui
3192 5223 3243 5276 in
3281 5223 3396 5277 cir-

1807 5309 2146 5364 cumcisione
2201 5319 2360 5364 erant
2407 5311 2606 5364 salvari
2660 5319 2715 5365 et
2765 5311 2984 5366 liberari
3042 5314 3270 5382 possint.
3331 5313 3398 5369 Et

1808 5413 2100 5473 propterea
2142 5404 2442 5458 secundum
2474 5403 2832 5474 Septuaginta
2861 5406 2938 5460 ait
2972 5424 2984 5460 :
3017 5406 3085 5459 Et
3107 5407 3401 5477 quit-utque

1810 5497 2066 5550 rediment
2093 5513 2124 5549 a
2154 5496 2366 5560 Levitis,
2403 5496 2454 5550 id
2484 5505 2586 5560 est,
2630 5497 2699 5551 ab
2731 5497 2838 5550 illis
2870 5498 3145 5567 accipiens
3175 5499 3402 5552 modum

1809 5586 2104 5641 liberandi.
2153 5585 2272 5639 Non
2323 5586 2470 5641 enim
2521 5602 2552 5641 a
2609 5587 2812 5642 Levitis
2862 5588 3199 5652 liberantur,
3244 5589 3404 5658 quasi

1974 5810 1996 5842 ⁸
2029 5810 2156 5865 ibid.
2197 5809 2252 5864 2.
2331 5810 2564 5867 ‘Matlh.
2605 5829 2725 5876 xm,
2757 5813 2843 5877 Η,
2875 5812 2965 5866 45.
3045 5813 3065 5845 ³
3096 5810 3250 5868 Joan.
3286 5828 3408 5879 vtlt,
