4158 6450
798 396 930 458 “27

1978 389 2345 449 HESYCHII
2395 388 2872 449 PRESBYTERI

796 513 934 581 ipsis
978 508 1418 580 possidentibus,
1456 516 1511 560 et
1560 516 1844 576 propterea
1882 504 2278 575 Symmachus,
2322 513 2378 557 et
2408 515 2451 566 Α
2478 505 2550 557 ab
2578 519 2666 567 eo,
2696 519 2799 557 nec
2820 505 3057 571 amplius
3078 519 3243 570 quain
3272 502 3493 556 dedisti.
3522 502 3679 555 Tum
3736 501 3919 551 ϋτιυιιι
3948 516 4055 552 [πε

793 604 1009 672 Aquila.
1056 603 1370 671 quicunque
1408 600 1586 653 afﬁnis
1631 607 1715 652 est
1759 600 1830 652 de
1875 598 2111 661 Levitis,
2163 598 2372 652 dicunt.

794 694 1117 762 Quicunque
1150 706 1279 759 ergo
1304 691 1413 744 illis
1440 690 1634 745 similia
1661 690 1842 753 docet,
1875 702 1929 742 et
1958 689 2189 742 redimet
2215 703 2381 757 quas-

795 787 921 837 dam
949 785 1163 843 domos,
1186 784 1274 837 vel
1302 784 1348 838 si
1380 784 1434 836 in
1462 782 1778 836 civitatibus
1808 782 2052 835 .Iudaicis
2080 782 2211 842 sint.
2240 782 2379 835 exiit

795 878 1096 930 secundum
1120 875 1472 944 Septuaginta
1500 874 1763 934 venditio,
1790 874 1839 926 id
1867 884 1967 935 est,
1999 873 2379 926 liberabuntur

794 968 851 1020 in
882 967 1205 1020 remissione
1228 966 1351 1019 ﬁdei
1380 966 1580 1025 crucis,
1615 976 1669 1017 et
1694 980 1969 1019 concessa:
2002 980 2101 1033 per
2131 980 2251 1018 eam
2283 982 2377 1019 ve-

795 1057 923 1110 niae.
954 1056 1107 1120 Quod
1137 1066 1319 1109 nostra
1353 1057 1524 1109 editio
1550 1058 1736 1109 liabet.

868 1145 931 1202 Si
962 1156 1239 1215 redempta
1275 1165 1376 1199 non
1411 1150 1627 1215 fuerim.
1654 1152 1707 1199 in
1731 1148 1934 1215 jubileo
1958 1159 2283 1201 revertatur
2309 1151 2381 1202 ad

795 1244 1024 1293 dominio
1085 1244 1261 1305 Quarti
1312 1252 1491 1293 autem
1545 1252 1748 1294 dictum
1789 1253 1893 1304 cst,
1943 1243 2208 1310 sequitur.
2242 1242 2381 1305 Quia

797 1339 980 1387 domus
1010 1338 1211 1386 urbium
1239 1336 1541 1387 Lemnium
1572 1352 1668 1401 pro
1699 1335 2106 1387 possessionibus
2143 1345 2267 1387 sunt
2306 1336 2386 1387 in-

803 1438 883 1480 ter
911 1428 1047 1495 ﬁlios
1080 1426 1271 1479 Israel.
1304 1426 1359 1478 Id
1391 1436 1494 1485 est,
1526 1436 1747 1494 propter
1773 1426 2145 1494 apostolorum
2179 1442 2382 1497 cogna-

807 1520 1034 1581 tionem,
1067 1518 1487 1588 intelligibilium
1541 1518 2076 1582 enimaLevitarum,
2105 1521 2416 1587 apostolo-,.

799 1626 922 1663 rem
960 1611 1235 1678 possessio
1284 1610 1339 1663 in
1385 1610 1567 1664 medio
1598 1610 1832 1662 ﬁliorum
1874 1609 2038 1662 lsrael
2069 1619 2205 1673 erat,
2243 1611 2386 1665 sicut

798 1702 1321 1771 cognovimus,quia
1354 1692 1546 1754 Petr‘us
1576 1711 1631 1755 et
1656 1700 1897 1755 Joannes
1930 1713 2135 1755 sortem
2164 1713 2386 1771 apostoo

798 1792 940 1845 latus
965 1793 1019 1843 in
1047 1792 1434 1860 praedicatione
1472 1807 1684 1852 eorum.
1718 1792 1809 1859 qui
1842 1807 1909 1844 ex
1937 1793 2379 1858 circumcisione,

797 1891 1183 1949 perceperunt.
1219 1882 1325 1935 Sed
1370 1892 1424 1935 et
1456 1884 1565 1934 alio
1611 1882 1775 1936 modo
1812 1884 2075 1951 apostolis
2104 1884 2380 1952 possessio

799 1974 855 2025 in
877 1974 1055 2028 medio
1085 1974 1319 2028 ﬁliorum
1348 1976 1510 2027 Israel
1543 1984 1683 2031 erat.
1712 1973 2204 2027 Circumcisionem
2231 1976 2378 2029 enim

682 2093 702 2107 ι
800 2067 1077 2120 habebant
1114 2075 1169 2121 et
1199 2067 1323 2135 ipsi,
1345 2078 1400 2120 et
1430 2067 1733 2121 secundum
1758 2067 1931 2137 legem
1967 2068 2130 2122 lsrael
2162 2082 2381 2138 semper

800 2154 1070 2208 vixerant.
1106 2155 1339 2225 Propter
1362 2158 1509 2224 quod
1542 2167 1598 2210 et
1618 2172 1807 2210 eorum
1839 2167 1996 2210 erant
2028 2160 2160 2228 ipsa:
2183 2160 2382 2213 domus

799 2245 1083 2300 civitatum
1114 2266 1127 2299 :
1160 2250 1229 2302 ab
1261 2250 1394 2318 ipsis
1424 2251 1573 2303 enim
1599 2260 1759 2304 erant
1786 2251 2121 2312 liberate,“
2146 2253 2380 2320 quicun-

799 2354 909 2403 que
938 2339 1127 2393 salvati
1160 2351 1309 2405 sunt,
1348 2357 1448 2411 per
1498 2357 1594 2396 eos
1640 2341 1834 2395 salvati
1861 2351 2010 2396 sunt.
2046 2342 2113 2395 Et
2139 2358 2263 2397 cum
2292 2344 2380 2397 in-

799 2432 948 2501 digni
977 2444 1162 2487 essent
1190 2443 1413 2504 prapter
1437 2436 1857 2504 blasphemiam,
1892 2451 2055 2503 quam
2086 2436 2382 2490 commise-

801 2536 930 2580 runt
966 2526 1021 2579 in
1053 2541 1292 2589 crucem,
1328 2537 1385 2580 et
1427 2542 1592 2595 quam
1635 2542 1827 2580 rursus
1858 2536 1982 2595 post
2022 2530 2382 2583 resurrectio-

802 2634 926 2672 nem
974 2632 1461 2687 pra-sumpserunt,
1493 2620 1703 2673 honore
1755 2628 1934 2673 tamen
1983 2620 2380 2689 apostolorum,

800 2710 893 2776 qui
942 2722 997 2764 et
1042 2723 1168 2764 ante
1210 2726 1427 2765 crucem
1472 2711 1827 2765 crediderunt
1851 2754 1866 2773 .
1899 2720 1955 2765 et
1989 2711 2045 2764 in
2077 2728 2261 2777 cruce,
2296 2714 2383 2767 vel

801 2802 964 2853 etiam
1000 2812 1121 2869 post
1152 2816 1368 2855 crucem
1410 2810 1863 2869 permanserunt,
1894 2800 1949 2853 in
1994 2801 2099 2856 ﬁde
2142 2806 2383 2871 suscepti

802 2905 948 2950 sunt.
984 2896 1052 2949 Et
1079 2897 1204 2965 quia
1253 2897 1360 2951 hoc
1389 2912 1576 2949 verum
1624 2906 1728 2956 est.
1758 2897 1911 2952 disce
1947 2898 2082 2953 Isaia
2117 2902 2336 2955 dicente
2366 2920 2379 2955 :

801 2987 921 3041 Nisi
970 2988 1225 3041 Dominus
1270 2989 1594 3041 exercituum
1638 2990 1931 3057 reliquisset
1977 2993 2122 3044 nobis
2161 3010 2338 3047 semen
2365 3033 2383 3053 ,

801 3082 955 3149 quasi
993 3080 1222 3134 Sodoma
1256 3075 1644 3145 fuissemus,'et
1673 3084 1826 3150 quasi
1858 3081 2153 3138 Gomorrlia
2186 3088 2385 3140 similes

801 3174 1078 3227 essemus‘.
1111 3174 1169 3227 Si
1203 3175 1351 3228 enim
1387 3190 1495 3227 non
1546 3175 1793 3228 relictum
1841 3185 1988 3230 esset
2033 3192 2220 3231 semen
2251 3194 2385 3248 apo-

801 3263 1087 3327 stolorum,
1115 3265 1250 3318 nihil
1273 3266 1612 3335 prohiberet,
1649 3265 1702 3317 in
1735 3266 1955 3319 modum
1982 3265 2303 3321 Gomorrba:
2328 3277 2386 3321 et

803 3353 1053 3410 Sodoma:
1085 3371 1305 3410 omnem
1335 3356 1547 3425 plebem
1563 3353 1846 3410 Judaicam
1869 3356 2071 3424 perire.
2102 3356 2209 3411 Sed
2252 3372 2386 3426 apo-

800 3448 1065 3501 stolorum
1098 3462 1264 3501 causa
1302 3463 1411 3501 non
1441 3463 1636 3501 omnes
1667 3448 1975 3516 perierunt.
2005 3448 2250 3512 Quorum
2278 3450 2387 3502 vir-

806 3548 947 3592 tutes
996 3550 1052 3592 et
1093 3538 1492 3607 possessiones,
1520 3538 1711 3607 quales
1739 3547 1919 3602 erant,
1954 3541 2008 3592 in
2059 3539 2253 3609 paucis
2301 3540 2385 3594 liis

809 3632 1089 3684 sonsidera
1124 3631 1330 3684 verbis.

874 3720 1188 3775 Suburbana
1221 3733 1400 3775 autem
1436 3738 1615 3775 eorum
1640 3739 1740 3775 non
1773 3724 2002 3785 veniunt,
2032 3723 2158 3789 quia
2187 3739 2387 3788 νομιε-

809 3831 878 3866 ςιο
905 3816 1221 3881 sempiterna
1252 3825 1346 3866 est.
1374 3814 1667 3883 Quorum?
1699 3814 2067 3883 apostolorum
2097 3815 2349 3867 videlicet
2369 3856 2381 3867 .

805 3912 858 3960 ιη
892 3922 1013 3961 esse
1043 3906 1247 3960 Leuce
1293 3906 1424 3960 dicti
1458 3917 1585 3959 sunt
1627 3925 1638 3957 :
1673 3909 1869 3960 liorum
1902 3908 2239 3969 suburbana,
2270 3908 2383 3960 sive

813 4006 911 4067 igri
950 4016 1062 4054 non
1090 3999 1425 4053 venduntur.
1464 3998 1517 4051 id
1550 4006 1657 4054 est.
1688 3999 2158 4057 conversationes.
2190 4009 2245 4051 et
2277 4000 2387 4052 vir-

718 4156 723 4165 ι
804 4103 965 4145 -.utes.
999 4101 1051 4144 et
1106 4094 1387 4143 dictrine.
1424 4089 1550 4141 Haec
1597 4090 1745 4142 enim
1800 4104 2053 4158 agrorum
2091 4091 2209 4142 vice
2239 4090 2386 4143 cole-

802 4188 954 4245 liant,
987 4183 1058 4235 ita
1109 4190 1163 4233 ul
1201 4180 1401 4233 Paulus
1442 4180 1511 4233 de
1537 4179 1638 4236 ..εἰς
1668 4180 1913 4233 diceret:
1949 4178 2078 4243 Quis
2125 4181 2385 4247 plantavit

799 4279 1008 4329 riueam
1039 4286 1089 4328 et
1121 4278 1185 4327 de
1215 4276 1389 4341 fructu
1419 4272 1533 4340 ejus
1567 4288 1672 4324 uois
1701 4272 1887 4325 edet’?
1936 4272 2003 4326 Et
2036 4288 2262 4326 rursus:
2295 4273 2388 4326 Di-

799 4385 933 4438 guns
959 4380 1034 4421 est
1058 4367 1333 4433 operarius
1365 4367 1600 4416 mercede
1634 4380 1730 4415 sua
1756 4364 1821 4416 ".
1856 4364 1935 4438 Et
1955 4378 2148 4417 rursus
2175 4381 2191 4417 :
2230 4364 2387 4417 Nuit-

799 4436 926 4529 quid
953 4462 1019 4512 de
1051 4458 1211 4511 bobus
1252 4472 1382 4509 cura
1435 4466 1508 4508 est
1548 4454 1657 4507 Deo
1681 4455 1748 4507 η.
1789 4454 1873 4508 An
1902 4436 1971 4509 de
2001 4456 2160 4509 nobis
2201 4458 2387 4524 utique

2480 608 2539 651 ut
2562 598 2747 651 vivere
2775 596 2949 666 possit
2984 596 3155 648 frater
3182 605 3311 649 tuus
3345 596 3491 664 apud
3532 606 3609 646 te.
3632 592 3951 644 Pecuniam
3968 605 4063 643 tua

2481 705 2587 742 non
2617 689 2775 743 dabis
2812 690 2863 742 ei
2890 688 2956 741 ad
3002 704 3246 741 usuram.
3283 698 3338 740 et
3365 689 3588 757 frugum
3641 687 4037 754 superabilem.

2480 785 2611 837 tiam
2656 798 2767 836 non
2814 785 3016 852 exiges.
3054 783 3169 848 L30
3220 783 3491 836 Dominus
3546 782 3713 835 Deus
3766 794 3965 835 vester,
4012 818 4049 829 ,.

2479 874 2644 928 eduxi
2676 890 2773 926 vos
2810 876 2879 927 de
2920 884 3063 926 terra
3092 873 3306 943 igniti
3329 916 3343 931 .
3382 882 3442 926 ut
3471 874 3677 927 darem
3718 874 3886 923 vobis
3922 882 4051 921 terras

2479 966 2739 1021 Chanaan
2772 985 2784 1017 :
2824 980 2879 1021 et
2908 983 3086 1021 esscin
3114 977 3297 1020 vester
3323 968 3487 1021 Deus.
3524 987 3543 1019 ι

2551 1080 2611 1133 In
2644 1082 2902 1150 pnesenti
2935 1082 3051 1151 lege
3082 1086 3193 1135 duo
3222 1096 3353 1135 sunt
3379 1124 3393 1141 ,
3427 1099 3556 1151 qure
3590 1082 3805 1134 mirari
3842 1088 4005 1147 legisti
4042 1112 4055 1119 -

2482 1186 2597 1225 rein
2625 1184 2865 1241 oportet,
2902 1175 2957 1227 id
2991 1186 3114 1233 est.
3152 1176 3422 1244 sapientia
3476 1186 3533 1227 et
3578 1176 3796 1241 pietas.
3842 1175 3999 1240 Sapit.
4022 1188 4053 1221 ς.

2481 1265 2728 1333 quidem,
2754 1272 2880 1334 quia
2910 1283 3031 1337 qua!
3062 1280 3191 1321 sunt
3218 1269 3500 1323 sublimia.
3526 1285 3632 1336 per
3668 1284 3740 1319 ea
3775 1284 3901 1333 qn:
3924 1282 4055 1317 vii-‘-

2485 1367 2575 1410 tur
2607 1358 2859 1421 humilia,
2895 1360 3141 1428 exponit.
3179 1359 3361 1415 Pietas
3387 1370 3607 1421 autem,
3640 1376 3781 1427 qua.-
3816 1371 3901 1410 ρει
3932 1359 3973 1408 iii
4000 1376 4054 1397 ηι-

2484 1449 2659 1501 stodia
2691 1448 2916 1511 litterae.
2956 1460 3013 1503 et
3047 1452 3534 1519 contemplationis
3578 1451 3884 1517 spiritalis.
3915 1449 4051 1500 Line:

2485 1538 2777 1606 siquidem,
2819 1542 3078 1608 pauperis
3115 1540 3279 1609 exigit
3313 1542 3803 1601 sulwentioneni,
3845 1552 3900 1590 ei
3938 1556 4011 1587 iw

2484 1630 2665 1683 claudi
2697 1646 2823 1700 erga
2856 1645 2984 1701 eum
3014 1632 3223 1685 viscera
3261 1642 3470 1699 petenti
3525 1642 3839 1687 mutuum.
3878 1647 3965 1682 nec
4004 1654 4053 1675 ιη

2487 1723 2679 1792 gotiari
2707 1724 2775 1777 de
2803 1735 3127 1793 paupertate
3175 1727 3295 1793 ejus
3318 1768 3330 1783 .
3367 1725 3953 1793 superabundantiam
3988 1739 4055 1772 er

2488 1816 2685 1884 gendo,
2719 1827 2773 1869 et
2800 1832 3024 1869 usuram
3058 1817 3434 1886 percipiendo.
3460 1828 3519 1869 et
3549 1818 3787 1869 lucrum
3816 1819 3885 1869 de
3914 1828 4053 1881 piens

2487 1908 2781 1975 captanda.
2822 1907 3064 1977 Spiritus
3112 1921 3297 1963 autem
3346 1912 3655 1978 anagogice
3727 1910 4051 1962 demotum-

2485 2000 2764 2069 quomodo
2798 2009 3053 2069 oporteat
3101 2000 3178 2053 uti
3227 2001 3328 2059 eis.
3356 2002 3449 2069 qui
3486 2002 3577 2053 illa
3612 2013 3945 2069 paupertate
3972 2018 4055 2065 ιε·-

2486 2093 2649 2161 perds
2693 2093 2821 2146 facti
2853 2104 3005 2155 sunt,
3041 2094 3111 2147 de
3136 2110 3242 2163 qua
3280 2093 3452 2147 David
3485 2095 3786 2147 clamabat
3825 2114 3837 2145 :
3875 2096 3973 2148 Cur.
4004 2112 4056 2143 et

2488 2184 2670 2249 ticipes
2692 2200 2784 2235 nos
2805 2186 3169 2238 misericordia
3195 2195 3307 2241 tua.
3322 2188 3447 2247 quia
3472 2202 3759 2251 pauperes
3780 2190 3907 2253 [acri
3932 2203 4055 2236 sui:

2465 2278 2645 2329 ‘m'mis
2665 2276 2901 2332 ""‘.Sic
2916 2294 3047 2349 ergo
3064 2280 3364 2333 secundum
3390 2279 3653 2333 ordinem
3681 2281 3793 2333 liis.
3823 2296 3937 2347 que
3964 2284 4053 2331 tit}

2486 2380 2637 2433 sunt,
2662 2371 3020 2427 intendimus.

2558 2486 2620 2541 Si
2650 2499 2957 2543 attenuatus
2979 2492 3320 2561 fueritfratei
3367 2511 3486 2544 ιυιιδ
3548 2513 3593 2543 ι⁵ι
3637 2493 3899 2557 inﬁrmus
3926 2508 4055 2542 uari.

2489 2588 2537 2630 et
2571 2582 2863 2645 susceperis
2909 2599 3029 2634 cum
3063 2588 3215 2651 quasi
3257 2584 3516 2634 advenam
3555 2598 3603 2634 ei
3640 2600 4012 2651 peri‘grtllm.
4050 2596 4057 2625 ῑ

2488 2673 2674 2725 vixerit
2702 2684 2891 2726 tecum.
2924 2674 3166 2727 Fratrem
3217 2677 3665 2743 uniuscujUs-liie
3710 2680 3803 2726 lu“
3850 2690 3999 2740 mque:
4030 2692 4055 2717 ῖς

2489 2765 2772 2835 dignitate.
2794 2776 2847 2820 et
2875 2781 3298 2820 conversatione
3324 2768 3474 2821 dicit.
3497 2767 3597 2820 llic
3626 2786 3678 2820 si
3708 2786 3765 2819 in
3791 2780 3997 2832 (il-erat»
4042 2780 4057 2813 θ

2491 2861 2754 2914 virtutum
2790 2863 3097 2915 inlirmatus
3130 2863 3295 2917 fuerit
3330 2906 3341 2915 .
3380 2865 3479 2915 ll0('
3514 2872 3603 2915 est
3651 2866 3815 2916 enim
3850 2866 4047 2915 intra:

2490 2970 2680 3019 manu,
2720 2966 2941 3024 propter
2986 2958 3131 3024 quod
3179 2957 3370 3025 Aquila
3460 2956 3515 3010 Si
3570 2961 3845 3009 exciderit
3918 2970 4059 3022 ine-Vt

2492 3050 2658 3117 frater
2687 3059 2829 3115 tuus,
2856 3062 2901 3103 et
2925 3052 3436 3194 culpaverit‘manus
3461 3051 3576 3118 ejus
3603 3064 3815 3155 tecum,
3856 3056 4057 3103 uwhx.

2492 3140 2561 3194 ei.
2594 3141 2895 3194 secundum
2929 3141 3228 3194 Sentuziaiii
3258 3162 3285 3194 ιι
3318 3141 3694 3194 liiteruretum
3728 3159 3972 3194 sensum.
4000 3158 4057 3191 eis

2492 3140 2561 3200 ei.
2594 3141 2895 3194 secundum
2929 3140 3285 3212 Septuaginta
3318 3141 3694 3211 Interpretum
3728 3140 3972 3199 se'nsum,
4000 3158 4061 3191 nis

2410 3211 2456 3269 ο
2489 3237 2748 3297 tanquam
2805 3231 3099 3299 proselvto.
3150 3211 3211 3283 iet
3265 3230 3535 3298 inquilino
3586 3230 3711 3281 vult
3798 3228 4061 3297 Proseiytas

2485 3324 2671 3370 autem
2714 3327 2927 3377 noster,
2957 3321 3074 3371 sive
3124 3319 3333 3372 advena
3372 3328 3455 3370 est
3495 3319 3589 3386 qui
3640 3333 3803 3369 nunc
3839 3316 3905 3369 ad
3944 3317 4057 3369 ﬁnes

2486 3406 2661 3459 venit.
2705 3406 3021 3476 Inquilinus
3065 3417 3251 3462 autem
3301 3416 3510 3465 noster.
3543 3410 3639 3475 qui
3701 3408 3944 3461 necdum
3976 3424 4061 3461 ῑιίέν-

2488 3499 2661 3567 priam
2694 3499 2917 3554 domum
2968 3501 3165 3565 habet,
3223 3502 3317 3555 sed
3361 3511 3551 3552 nostra
3595 3480 4019 3553 admonitione"
4054 3509 4059 3535 ῖ

2490 3590 2735 3660 diligenti
2780 3592 3144 3644 instnictione
3185 3603 3342 3660 eget.
3375 3602 3429 3641 ut
3496 3598 3861 3657 protegatnr.
3892 3597 3942 3639 et
3992 3600 4061 3635 ei

2490 3682 2948 3750 quemadmodum
2995 3683 3114 3735 sine
3147 3687 3311 3735 domo
3364 3683 3471 3733 huc
3519 3690 3577 3733 et
3630 3681 3773 3732 illue
3814 3692 3961 3732 erret
4006 3678 4039 3727 9%

2490 3788 2619 3842 ergo
2647 3772 2977 3826 auxiliamur
3010 3772 3228 3825 inﬁrmo
3259 3771 3444 3871 fratri‘
3497 3782 3555 3823 ut
3604 3772 3761 3822 vivat
3796 3772 4049 3823 nobiscum

2494 3872 2542 3915 et
2572 3862 2887 3916 nullatenus
2913 3863 3208 3939 moriaturn
3235 3880 3263 3914 a
3295 3861 3735 3913 conversatione
3770 3861 3871 3913 Dei
3900 3862 4061 3912 aliena.

2490 3955 2750 4017 allectus,
2782 3958 2974 4009 vivens
3008 3956 3315 4013 nobiscum,
3371 3955 3423 4007 id
3460 3962 3566 4011 est.
3606 3969 3709 4022 per
3758 3970 3887 4013 nos,
3926 3968 3971 4002 ρι
4002 3970 4047 4017 φτ

2492 4058 2731 4101 nostram
2781 4046 3111 4107 doctrinam,
3150 4047 3620 4114 quemadmodum
3653 4047 4015 4115 quibusdam-

2492 4142 2573 4193 liis
2602 4142 2761 4193 bonis
2788 4141 3133 4193 confortatus
3178 4143 3405 4209 Oportet
3442 4152 3628 4192 autem
3660 4143 3737 4192 ei.
3782 4146 3923 4193 sicut
3954 4142 4039 4191 ias:

2492 4249 2603 4293 nio,
2647 4234 3097 4287 condescendere
3125 4247 3180 4287 et
3212 4234 3417 4287 mederi
3444 4276 3451 4291 ,
3490 4250 3613 4301 qua:
3649 4235 3961 4286 secundum
3992 4251 4025 4282 il
4049 4256 4063 4264 -

2493 4333 2665 4379 tutem
2703 4326 2825 4394 ejus
2854 4336 3001 4389 sunt,
3032 4336 3323 4395 propterea
3365 4327 3608 4379 subdidit
3652 4348 3659 4378 :

2567 4436 2649 4489 Ne
2679 4438 2912 4505 accipias
2937 4454 3127 4490 usuras
3153 4440 3217 4490 ab
3250 4456 3331 4500 eo,
3366 4457 3454 4491 nec
3478 4440 3720 4504 amplius
3744 4458 3913 4508 quasi
3954 4440 4061 4489 deei-

800 4527 972 4607 dicit?
1000 4550 1141 4614 Quia
1173 4550 1318 4603 debet
1347 4551 1402 4602 in
1425 4565 1517 4616 spe
1540 4550 1631 4618 qui
1666 4558 1789 4601 arat
1814 4566 1996 4609 arare.
2026 4561 2074 4602 et
2112 4555 2202 4619 qui
2230 4553 2383 4603 semi-

2492 4531 2581 4582 sti.
2623 4527 2699 4581 Ne
2731 4528 2873 4582 forte
2895 4544 3021 4581 cum
3057 4527 3310 4582 inﬁrmus
3345 4532 3523 4583 factus
3552 4530 3648 4589 sit,
3670 4543 3727 4583 et
3752 4549 3785 4584 a
3820 4536 3978 4600 priori
4004 4548 4057 4583 re

802 4654 916 4707 nat,
955 4645 1012 4695 iu
1035 4658 1127 4709 spe
1153 4642 1354 4709 fructus
1380 4642 1702 4708 percipiendi
1720 4641 1786 4692 ¹².
1806 4638 1871 4694 Et
1903 4656 2095 4695 rursus
2126 4660 2140 4694 :
2172 4640 2264 4694 Sic
2293 4659 2385 4696 nos

802 4737 945 4788 vobis
976 4732 1245 4804 spiritalia
1278 4733 1676 4794 seminavimus,
1716 4748 1967 4801 magnum
2013 4744 2089 4786 est
2124 4734 2171 4787 si
2211 4744 2383 4787 vestra

801 4828 1045 4880 carnalia
1092 4834 1351 4878 metamus
1369 4824 1449 4875 "2
1501 4823 1593 4878 liae
1632 4838 1762 4894 ergo
1810 4826 2074 4879 doctrinm
2120 4836 2386 4895 separati:

803 4927 961 4972 erant
990 4916 1304 4971 civitatibus
1332 4931 1545 4980 eorum,
1577 4916 1669 4985 qui
1717 4932 1814 4986 per
1855 4918 2004 4985 ipsos
2032 4919 2379 4981 constabant,

804 5019 861 5062 et
911 5024 1007 5079 per
1051 5009 1200 5077 ipsos
1250 5008 1600 5061 salvabantur
1635 5025 1649 5060 :
1684 5017 1742 5061 et
1768 5008 1930 5062 veudi
1962 5024 2074 5062 non
2104 5019 2380 5078 poterant,

804 5101 933 5169 quia
969 5101 1034 5155 ad
1072 5102 1222 5170 ipsos
1265 5100 1549 5153 dicebatur
1581 5116 1595 5152 :
1629 5098 1812 5153 Gratis
1854 5103 2125 5168 accepistis
2150 5142 2166 5165 ,
2216 5105 2383 5171 gratis

802 5195 982 5248 date"
1016 5193 1171 5248 Unde
1222 5202 1279 5247 et
1319 5192 1603 5247 Simonem
1652 5208 1835 5247 emere
1878 5197 2148 5248 volentem
2180 5199 2381 5249 donum

804 5288 1049 5357 spiritus,
1079 5287 1199 5354 eius
1226 5286 1498 5354 portione,
1530 5286 1643 5339 sive
1671 5297 1815 5339 sorte
1846 5287 2102 5354 privavit.

873 5376 1036 5432 Vsus.
1073 5378 1253 5433 35-36.
1300 5398 1319 5429 ι
1352 5378 1409 5431 Si
1442 5386 1760 5431 attenuatus
1801 5378 1965 5432 fuerit
2015 5378 2183 5432 frater
2218 5391 2345 5434 tuus
2368 5422 2382 5445 ,

804 5479 863 5522 et
895 5469 1143 5523 inﬁrmus
1165 5485 1329 5523 manu
1354 5480 1412 5523 et
1436 5472 1740 5537 susceperis
1762 5485 1886 5524 eum
1913 5473 2069 5540 quasi
2098 5473 2385 5536 advenam,

805 5571 860 5613 et
890 5561 1261 5630 peregrinum,
1292 5570 1347 5614 et
1374 5561 1567 5613 vixerit
1602 5571 1802 5624 tecum,
1835 5577 1905 5615 ne
1928 5564 2167 5633 accipias
2194 5581 2388 5620 usuras

866 5746 887 5776 ⁸
924 5753 1025 5810 Isa.
1064 5772 1103 5818 ι,
1141 5757 1193 5809 9.
1276 5758 1296 5788 ’
1333 5755 1347 5807 Ι
1378 5756 1502 5809 Cor.
1534 5775 1605 5821 rs,
1632 5758 1686 5811 7.

1800 5759 1840 5789 ¹⁶
1869 5758 1885 5810 l
1914 5758 2053 5813 Tini.
2095 5778 2145 5823 ν,
2182 5765 2267 5817 {3.

811 5826 862 5879 8.
941 5826 1054 5859 ’Μ’
1078 5828 1216 5882 Psal.
1253 5843 1476 5892 vaviii,
1508 5830 1560 5881 8.

1642 5830 1681 5859 ³⁷
1720 5828 1905 5883 Μειῑιι.
1949 5847 2019 5896 iv,
2058 5833 2141 5885 ll-

2352 5766 2388 5795 ¹¹
2417 5764 2436 5816 l
2470 5764 2597 5822 Cor.
2633 5784 2707 5833 ix,
2740 5770 2794 5824 9.

2488 4620 2612 4689 gula
2648 4620 2973 4674 imminutus
2997 4664 3012 4685 ,
3046 4622 3421 4675 abundantius
3454 4628 3520 4675 ab
3551 4640 3619 4677 eo
3654 4628 3930 4681 virtutqu
3970 4643 4057 4695 ope-

2489 4715 2758 4767 rationem
2789 4715 3096 4785 exigamus,
3134 4722 3230 4769 sed
3260 4731 3622 4784 provocemus
3654 4734 3817 4775 eum.
3852 4737 4058 4774 manum-

2489 4820 2596 4873 que
2628 4806 2748 4873 ejus
2775 4815 2835 4858 ut
2861 4804 3061 4858 inﬁrmi
3086 4816 3485 4868 sustentemus.
3513 4820 3803 4877 caputque
3833 4827 3955 4865 eum
3978 4822 4059 4861 us-

2494 4899 2775 4953 tuininodo
2806 4899 2962 4969 legis,
2995 4909 3051 4952 et
3088 4900 3402 4953 divinorum
3441 4901 3867 4961 mandatorum.
3911 4908 3957 4959 id
3990 4916 4057 4955 es

2492 5003 2551 5046 ut
2580 5011 2688 5047 non
2717 5004 2910 5063 peccet
2936 4996 3235 5066 exigentes.
3276 4996 3417 5061 Ergo
3446 4995 3609 5049 nimis
3648 5002 3964 5053 necessarie
3994 5000 4058 5051 ad-

2488 5085 2626 5139 didit
2654 5101 2669 5137 :

2568 5197 2717 5251 Time
2762 5198 2933 5253 Deum
2978 5210 3150 5253 tuum.
3196 5199 3310 5270 Ego
3357 5199 3621 5257 Dominus
3672 5202 3826 5259 Deus
3874 5220 4057 5263 restet:

2495 5291 2652 5358 cuius
2679 5292 2871 5359 iugum
2899 5307 3065 5346 suave
3094 5302 3199 5355 est,
3223 5293 3318 5362 qui
3352 5295 3632 5348 hominem
3686 5298 3876 5353 modis
3926 5302 4060 5354 ansi-

2490 5386 2594 5439 bus
2631 5402 2740 5440 non
2775 5403 3005 5457 peccare
3047 5391 3238 5460 exigit,
3268 5392 3503 5445 virtutes
3551 5405 3744 5448 autem
3788 5398 3975 5469 exigit,
4000 5411 4038 5446 St

2488 5477 2731 5531 cundum
2763 5480 3201 5547 possibilitatem.
3234 5484 3465 5553 Propter
3497 5487 3644 5555 quod
3684 5489 3757 5540 de
3791 5492 4055 5560 virginitati

2489 5568 2764 5622 sanciens.
2796 5568 2916 5623 Non
2967 5588 3145 5625 omnes
3194 5576 3498 5643 capiunt",
3532 5578 3715 5645 inquit
3776 5578 3887 5633 Sed
3934 5592 3979 5633 et
4014 5580 4053 5627 ἐξ

2879 5773 2920 5803 ⁸³
2953 5773 3086 5825 ibid.
3127 5774 3190 5827 ὐ
3316 5778 3323 5784 ’
3388 5777 3513 5829 Ibid.
3562 5780 3643 5829 τ’.
3738 5786 3743 5789 ’
3818 5780 4033 5836 Haut:
