4158 6450
118 420 260 490 1199

1235 425 1318 486 ΙΝ
1359 424 1794 487 LEVITICUM.
1825 450 1893 459 -
1930 423 2079 484 LIB.
2113 425 2244 486 ΥΠ.

3261 427 3390 517 nso

116 528 231 596 non
290 542 618 612 possidendo
653 539 856 598 docens
886 561 897 596 :
933 543 992 597 Si
1038 559 1111 597 vis
1133 584 1147 606 ,
1197 543 1404 613 inquit,
1453 546 1709 614 perfectus
1741 548 1780 603 Α
1815 543 2187 612 Septuaginta,
2213 543 2396 596 cibos:
2435 543 2490 597 in
2537 543 2832 613 Scripturis
2867 546 3069 599 sanctis
3120 545 3392 601 inteliecta

115 635 309 688 esse".
342 634 400 687 ln
435 635 688 688 mandato
712 634 849 688 dixit
883 653 895 686 :

195 724 290 778 Sic
319 742 440 795 ergo
473 727 642 796 frater
669 737 788 778 tuus
813 725 951 778 vivat
976 723 1120 792 apud
1145 734 1212 779 te.
1242 723 1526 779 Pecuniam
1560 737 1705 779 luant

117 834 226 871 non
255 817 402 870 dabis
429 818 475 871 ei
494 819 564 869 ad
591 833 830 879 usuram,
853 829 900 871 et
925 818 1135 887 frugum
1161 819 1706 888 superabundantiam

118 921 228 959 non
264 908 456 977 exiges.
491 905 599 962 Sed
637 905 863 960 Paulum
907 907 1121 962 imitare
1157 909 1470 964 dicentem:
1507 909 1708 964 Factus

119 1015 241 1052 sum
270 998 510 1068 inﬁrmus
539 997 766 1067 inﬁrmis
788 998 850 1052 ¹⁹.
881 998 1026 1053 Nihil
1061 1015 1154 1054 eos
1193 1002 1258 1055 ad
1293 1002 1509 1057 virtutis
1541 1004 1707 1058 ratio-

121 1106 252 1144 nem
283 1091 485 1161 exigas,
519 1088 640 1159 plus
674 1105 703 1144 a
739 1090 954 1160 propria
985 1093 1205 1146 virtute.
1237 1090 1294 1147 Si
1327 1101 1507 1147 autem
1537 1095 1706 1158 dicas,

123 1181 354 1237 forsitan
378 1197 474 1236 eos
497 1197 677 1252 posse,
711 1183 805 1237 sed
829 1180 1077 1238 infirmos
1108 1199 1166 1238 se
1205 1185 1428 1255 lingere,
1474 1187 1575 1241 hoc
1598 1187 1706 1254 jam

123 1289 238 1327 non
275 1282 359 1328 est
398 1283 573 1339 tuum,
609 1275 704 1328 sed
737 1274 879 1328 illius
899 1285 1002 1340 est,
1028 1276 1118 1345 qui
1145 1277 1246 1330 scit
1271 1277 1399 1346 quid
1423 1293 1549 1330 vere
1587 1293 1710 1346 pos-

123 1366 319 1418 simus.
347 1364 448 1430 Qui
484 1365 619 1419 dixit
645 1366 710 1419 ad
738 1367 909 1432 illum,
951 1369 1043 1436 qui
1074 1368 1335 1422 talentum
1373 1370 1659 1424 abscondit
1695 1389 1707 1423 :

127 1455 416 1524 Oportebat
459 1465 507 1510 te
543 1458 672 1510 dare
705 1460 980 1527 pecuniam
1023 1477 1195 1513 meum
1229 1460 1599 1514 nummulariis
1620 1503 1632 1526 ,
1663 1471 1710 1514 et

123 1564 220 1617 ego
259 1550 486 1613 ueniens,
520 1565 637 1602 cum
671 1551 845 1604 usuris
873 1553 1051 1621 utique
1092 1553 1372 1622 exegissem
1407 1554 1602 1607 eam".
1647 1553 1712 1608 Et

126 1655 238 1693 non
265 1648 350 1694 est
377 1643 799 1706 condemnatus,
825 1645 950 1713 quia
983 1661 1203 1699 usuram
1230 1662 1338 1700 non
1363 1647 1594 1717 accepit,
1618 1648 1711 1702 sed

123 1731 254 1798 quia
286 1732 574 1800 pecuniam
610 1748 720 1787 non
751 1735 902 1789 dedit
935 1754 948 1787 :
986 1735 1309 1806 sihimetipsi
1351 1738 1497 1791 enim
1529 1749 1712 1808 pater-

127 1822 362 1877 familias
414 1824 752 1879 exactionem
798 1827 1100 1881 reservavit
1145 1843 1344 1882 usurae.
1375 1830 1711 1884 Alterutrum

1812 645 1938 690 sunt
1962 643 2216 706 pecunia,
2253 646 2439 707 utpote
2469 654 2590 708 qua:
2619 638 2817 692 divites
2844 638 2991 702 facit,
3025 639 3232 692 fructus
3264 657 3393 694 vero

1811 731 1896 784 vel
1943 730 2120 793 cibus,
2156 739 2214 783 ut
2261 730 2526 785 nutriens.
2569 729 2772 784 [lorum
2821 731 3207 788 abundantiam
3251 733 3394 787 Deus

1810 821 1952 891 exigi
1999 838 2107 879 non
2135 822 2310 890 jubet,
2349 823 2442 876 sed
2492 823 2603 877 sola
2651 839 2770 890 quae
2801 823 3101 877 secundum
3137 825 3391 878 virtutem

1811 923 1960 976 sunt,
1998 923 2057 968 ut
2101 915 2171 969 sit
2217 925 2402 969 noster
2445 913 2603 969 Deus.
2636 917 2773 980 Quia
2817 926 2874 969 et
2906 917 3020 986 ipse
3066 918 3395 987 pcenilentes

1811 1015 2126 1075 peccatores
2168 1007 2235 1060 ad
2279 1021 2338 1060 sc
2389 1007 2613 1078 suscipit
2642 1018 2695 1062 et
2729 1009 3066 1062 moderatum
3091 1009 3278 1079 jugum
3316 1011 3393 1062 eis

1813 1098 2066 1166 hnponh.

1884 1187 2047 1242 Vens.
2086 1189 2264 1244 39-43.
2312 1209 2329 1241 ι
2361 1190 2415 1242 Si
2449 1191 2772 1244 necessitate
2799 1191 3112 1260 compulsus
3140 1193 3400 1248 vendide-

1814 1280 1886 1334 rit
1911 1296 1969 1334 se
2002 1281 2096 1336 tibi
2137 1281 2302 1335 frater
2331 1289 2455 1334 tuus
2480 1321 2493 1344 ,
2535 1298 2644 1335 non
2675 1297 2798 1335 eum
2830 1285 3106 1352 opprimes
3134 1284 3398 1338 servitute

1815 1371 2162 1437 famulorum,
2191 1374 2284 1428 sed
2327 1373 2478 1443 quasi
2514 1374 2884 1428 mercenarius
2924 1385 2977 1428 et
3015 1375 3242 1428 colonus
3273 1377 3394 1430 erit.

1817 1461 2000 1530 Usque
2032 1462 2099 1515 ad
2150 1477 2354 1515 annum
2403 1462 2684 1530 jubilmum
2717 1465 3035 1533 operabitur
3064 1466 3203 1535 apud
3240 1474 3311 1526 te,
3345 1478 3398 1520 et

1814 1564 2001 1622 postea
2037 1554 2348 1624 egredietur
2379 1570 2501 1608 cum
2533 1556 2722 1609 liberis
2757 1557 2891 1619 suis,
2920 1567 2975 1611 et
3005 1569 3308 1612 revertetur
3334 1560 3399 1613 ad

1814 1647 2191 1717 cegnationem
2217 1663 2392 1709 suam,
2433 1660 2486 1702 et
2504 1647 2570 1701 ad
2605 1651 3005 1718 possessionem
3035 1661 3248 1720 patrum
3273 1668 3402 1706 suo-

1815 1753 1932 1791 rum
1965 1757 1976 1790 :
2011 1739 2115 1792 mei
2141 1740 2285 1793 enim
2311 1743 2454 1794 servi
2483 1747 2629 1803 sunt,
2658 1750 2711 1794 et
2738 1757 2837 1811 ego
2865 1743 3028 1796 eduxi
3051 1759 3145 1798 eos
3163 1745 3230 1798 de
3259 1755 3399 1798 terra

1817 1829 2054 1900 Egypti,
2087 1846 2194 1885 non
2226 1832 2453 1886 venient
2481 1832 2796 1886 conditione
2830 1849 3135 1888 servorum.
3158 1834 3236 1888 Ne
3265 1835 3399 1890 ami-

126 1921 313 1968 autem
341 1929 442 1969 nos
471 1924 529 1970 ut
548 1931 838 1973 caveamus
861 1929 1165 1988 peccatum,
1188 1920 1398 1975 solvere
1421 1930 1478 1976 et
1497 1922 1714 1992 exigere
1749 1943 1787 1996 Β
1816 1938 1908 1993 gas
1936 1938 2058 1977 eum
2089 1939 2187 1993 per
2212 1925 2532 1994 potentiam,
2557 1925 2648 1980 sed
2683 1927 2909 1980 metuito
2933 1926 3102 1982 Deum
3136 1936 3309 1983 tuum.
3343 1950 3360 1980 ι

128 2006 268 2066 vult.
297 2007 476 2061 locum
509 2009 667 2064 nobis
702 2011 922 2066 alterna:
954 2012 1359 2081 conjunctionis
1392 2029 1501 2069 non
1535 2015 1715 2070 detra-

129 2096 413 2164 hentibus,
447 2115 556 2155 non
609 2101 969 2170 rapientibus,
1005 2121 1116 2159 non
1169 2107 1572 2173 occidentibus,
1604 2126 1715 2164 non

129 2190 238 2244 tale
271 2191 473 2261 aliquid
508 2195 861 2263 peccantibus
885 2239 900 2262 ,
945 2214 1044 2268 per
1076 2198 1298 2255 Paulum
1327 2203 1610 2272 prabens,
1644 2205 1718 2257 ait

129 2297 259 2353 ergo
287 2300 300 2336 :
331 2281 389 2338 Si
418 2286 534 2355 quis
565 2287 734 2356 frater
763 2290 1067 2357 appellatur
1094 2294 1404 2363 fornicator,
1441 2305 1535 2349 aut
1564 2297 1716 2351 idolis

128 2375 376 2440 serviens,
405 2387 495 2430 aut
525 2394 739 2446 avarus,
770 2391 862 2435 aut
900 2383 1186 2449 detractor,
1212 2395 1304 2438 aut
1337 2386 1588 2453 ebriosus,
1626 2399 1718 2442 aut

129 2483 325 2536 rapax,
358 2484 477 2522 cum
508 2471 810 2539 hujusmodi
841 2490 932 2528 nec
960 2476 1129 2530 cibum
1163 2481 1448 2534 sumere“.
1489 2480 1606 2535 Non
1639 2482 1719 2536 di-

132 2560 258 2637 xit:
291 2558 351 2614 Si
391 2561 514 2631 quis
539 2579 650 2617 non
684 2567 994 2622 vendiderit
1021 2571 1381 2625 substantiam
1419 2589 1594 2633 suam.
1624 2591 1720 2628 ne-

130 2667 260 2721 que,
287 2653 341 2706 Si
373 2670 484 2708 non
517 2657 880 2727 virginitatem
914 2661 1188 2730 pollicitus
1211 2663 1396 2729 fuerit,
1425 2681 1603 2736 neque
1627 2684 1720 2722 su-

132 2744 315 2823 blimis
344 2749 782 2806 conversationis
811 2752 995 2807 fuerit.
1031 2753 1156 2810 Haec
1187 2766 1368 2811 autem
1402 2758 1569 2814 nimis
1598 2776 1720 2829 per-

132 2819 399 2890 fectorum
429 2849 749 2895 cunctorum
776 2843 1071 2900 humiliora
1113 2849 1366 2905 mandata
1396 2861 1547 2907 sunt.
1585 2850 1722 2906 Vide

130 2941 264 2997 ergo
293 2943 453 2998 quam
481 2932 888 2989 conclusionem
913 2939 1171 2993 mandato
1202 2929 1410 2998 addidit
1435 2963 1447 2998 :

209 3017 321 3089 Ego
356 3019 608 3075 Dominus
639 3019 780 3077 Deus
806 3035 989 3091 vester,
1023 3029 1112 3098 qui
1142 3031 1298 3084 eduxi
1343 3050 1431 3088 vos
1471 3038 1534 3090 de
1580 3048 1721 3094 terra

134 3107 372 3180 digypti,
408 3121 466 3165 ut
505 3113 689 3167 darem
732 3117 876 3170 vobis
905 3125 1103 3172 terrain
1142 3118 1425 3190 Chanaan,
1456 3136 1511 3181 ut
1562 3147 1723 3185 essem

134 3211 302 3255 vester
327 3202 480 3257 Deus.
510 3203 570 3259 Et
602 3207 731 3275 quid
759 3209 813 3261 in
850 3213 1101 3278 presenti
1130 3214 1248 3269 loco
1266 3217 1369 3272 hoc
1389 3234 1723 3277 commemo—

1889 2014 2053 2069 Multa
2105 2015 2284 2071 littera
2335 2017 2451 2087 ipsa
2499 2019 2702 2088 pietate
2750 2021 2907 2089 plena
2953 2029 3057 2085 est,
3088 2022 3180 2075 sed
3232 2023 3403 2075 multo

1820 2109 1991 2178 magis
2018 2109 2277 2178 spiritalis
2321 2110 2652 2166 intellectus.
2685 2112 2961 2178 Quantum
2996 2114 3143 2168 enim
3183 2115 3404 2169 libertas

1820 2201 2015 2255 animae
2047 2202 2241 2256 melior
2276 2211 2360 2256 est
2393 2218 2422 2256 a
2453 2203 2706 2258 libertate
2737 2206 2981 2274 corporis
3001 2247 3013 2266 ,
3043 2214 3252 2261 tantum
3295 2209 3406 2278 spi-

1819 2291 1991 2347 ritalis
2035 2295 2423 2365 contemplatio
2469 2296 2589 2359 his,
2627 2297 2719 2366 qui
2767 2298 2886 2367 ejus
2921 2310 3152 2369 possunt
3195 2301 3407 2357 fructus

1823 2387 2122 2456 percipere,
2157 2388 2382 2443 clariora
2421 2390 2588 2444 donat
2630 2407 2791 2461 quam
2826 2393 3032 2447 littera.
3061 2393 3196 2460 Quia
3226 2396 3405 2451 littera

1822 2493 1950 2549 ergo
1997 2480 2304 2536 nullatenus
2345 2497 2445 2536 nos
2494 2483 2612 2545 his,
2645 2500 2766 2553 qua:
2813 2484 3072 2542 fratribus
3118 2488 3402 2553 eveniunt,

1821 2570 1972 2624 abuti
2003 2572 2137 2636 vult,
2166 2573 2216 2627 id
2247 2583 2348 2636 est,
2369 2575 2751 2639 confidelibus,
2773 2579 2866 2632 sed
2896 2579 2979 2633 vel
3004 2579 3049 2633 si
3071 2581 3192 2650 quis
3216 2598 3404 2636 eorum

1822 2665 1980 2719 nobis
2019 2667 2270 2721 venditus
2313 2667 2496 2732 fuerit,
2531 2685 2560 2722 a
2592 2671 2831 2740 qualibet
2866 2673 3182 2729 humiliatus
3212 2692 3406 2733 neces-

1825 2755 2000 2821 sitate,
2041 2757 2350 2812 nullatenus
2394 2761 2463 2813 ab
2508 2776 2573 2815 eo
2620 2763 2903 2817 servitium
2936 2768 3078 2820 servi
3107 2769 3406 2839 exigamus.

1824 2846 1995 2912 Quem
2020 2849 2166 2903 enim
2198 2851 2368 2905 semel
2411 2852 2633 2908 fratrem
2676 2870 2773 2925 per
2817 2857 3165 2927 adoptionem
3205 2861 3408 2917 Christi

1826 2940 2432 3012 habuimus,quomodo
2468 2945 2731 3017 deinceps
2779 2964 2998 3006 servum
3045 2953 3411 3010 habebimus?

1824 3034 1980 3090 Unde
1997 3047 2052 3092 et
2074 3036 2293 3103 Paulus,
2316 3040 2560 3095 scribens
2580 3042 2646 3096 de
2672 3041 2930 3100 Onesimo
2951 3047 3016 3101 ad
3035 3047 3408 3104 Philemonem

1826 3129 2071 3185 dicebat:
2101 3132 2386 3201 Propterea
2416 3137 2622 3189 recessit
2653 3139 2720 3191 ad
2739 3139 2948 3205 horam,
2968 3151 3024 3193 ut
3048 3152 3300 3197 wternum
3324 3163 3408 3199 re-

1827 3224 2041 3291 ciperes,
2076 3241 2177 3278 non
2201 3227 2320 3295 jam
2365 3237 2417 3280 ut
2461 3245 2688 3296 servum,
2719 3239 2809 3286 sed
2855 3250 2951 3303 pro
2997 3252 3145 3290 seruo
3189 3239 3410 3308 fratrem

137 3309 257 3351 rare
309 3296 581 3367 legislator
625 3300 814 3377 eguit?
841 3300 948 3357 Sed
979 3306 1154 3360 modis
1180 3310 1434 3366 omnibus
1465 3313 1593 3368 illud
1626 3316 1722 3371 de-
1750 3315 1795 3372 C
1828 3314 2212 3380 charissimam,
2244 3321 2474 3373 maaime
2505 3323 2866 3391 milii,quanto
2897 3328 3066 3394 magis
3095 3339 3270 3383 autent
3295 3333 3407 3393 tibi,

137 3394 442 3441 monstrare
471 3389 678 3452 volens,
697 3393 847 3461 quia,
874 3397 1333 3465 quemadmodum
1369 3406 1625 3474 populum
1655 3407 1722 3462 de

142 3479 283 3526 terra
314 3475 547 3546 Egypti,
578 3487 630 3532 et
663 3480 735 3534 de
765 3483 967 3551 populo
999 3489 1302 3552 peccatoris
1331 3490 1552 3555 eduxit,
1578 3502 1631 3546 et
1667 3494 1721 3547 in

141 3573 284 3619 terra
313 3567 574 3624 Chanaan
603 3571 828 3627 alterius
856 3577 1062 3645 populi,
1097 3595 1289 3634 rursus
1311 3585 1613 3651 peccatoris
1642 3584 1723 3638 in-

143 3656 405 3724 troduxit,
449 3661 543 3715 scd
577 3662 724 3718 illinc
754 3667 974 3735 quidem
1003 3684 1100 3724 eos
1125 3671 1346 3738 eduxit,
1384 3685 1443 3728 ut
1471 3691 1579 3729 non
1622 3679 1723 3731 sub

145 3749 537 3818 Egyptiorum,
567 3753 614 3807 si
662 3754 843 3810 adhuc
890 3766 1090 3813 terram
1142 3761 1470 3832 habitarent,
1503 3767 1724 3824 domino

141 3847 484 3906 tenerentur,
509 3845 563 3897 in
609 3854 810 3901 terram
857 3860 1039 3906 autem
1071 3852 1505 3912 Chanameorum
1549 3860 1722 3915 intro-

139 3928 316 3996 duxit,
348 3933 477 4000 quia
511 3935 756 4005 expulsis
784 3942 1058 4010 gentibus,
1087 3959 1196 3998 non
1225 3957 1380 4002 erant
1403 3949 1514 4018 jam
1548 3951 1600 4005 in
1627 3967 1722 4007 eo-

140 4036 260 4076 rum
290 4026 516 4081 servitio
552 4029 858 4102 redigendi,
889 4034 984 4089 sed
1037 4049 1089 4096 et
1119 4050 1266 4096 terra
1309 4043 1601 4098 emundata
1634 4060 1720 4098 ca-

140 4111 295 4166 rebat
323 4114 481 4170 malis
507 4116 941 4178 habitatoribus:
975 4124 1052 4179 sic
1097 4141 1198 4180 nos
1241 4128 1384 4185 Deus
1414 4135 1515 4187 sub
1549 4134 1723 4189 domi-

139 4205 362 4261 natione
392 4208 616 4276 quidem
649 4211 820 4282 redigi
854 4226 1201 4282 peccatorum
1234 4236 1343 4275 non
1380 4225 1602 4293 patitur,
1631 4229 1725 4282 sed

139 4307 316 4362 neque
360 4311 550 4351 eorum
587 4299 926 4368 societatem,
965 4309 1265 4376 usquedum
1298 4322 1424 4367 sunt
1475 4328 1725 4384 peccato-

141 4400 251 4447 res,
280 4388 569 4457 amplecti;
591 4393 812 4461 quando
841 4403 1025 4452 autem
1051 4414 1239 4455 eorum
1262 4413 1405 4459 terra
1431 4410 1725 4465 emundata

141 4476 323 4539 fuerit.
353 4484 598 4552 praecipit
630 4499 755 4539 cum
787 4487 866 4542 eis
897 4503 1036 4556 esse,
1069 4503 1126 4546 et
1167 4495 1330 4550 simul
1373 4499 1638 4568 habitare,
1672 4512 1728 4556 et

140 4567 270 4623 dare
304 4571 385 4624 eis
412 4584 654 4629 nostram
695 4579 1006 4650 pecuniam,
1036 4593 1093 4638 et
1137 4597 1357 4642 nostros
1405 4590 1640 4656 fructus,
1675 4595 1724 4647 id

139 4671 245 4726 est,
281 4663 496 4721 divinas
553 4669 835 4726 doctrinas
890 4689 1026 4743 quas
1085 4681 1420 4750 accepimus.
1469 4684 1572 4740 Pro
1621 4688 1722 4742 do-
1760 4670 1801 4724 θ

139 4753 312 4809 ctrina
362 4766 544 4812 autem
591 4760 912 4834 intelligitur
947 4770 1200 4838 pecunia,
1232 4786 1454 4845 propter
1497 4782 1641 4848 quod
1672 4796 1726 4838 et

138 4846 340 4901 Paulus
357 4849 572 4905 dicebat
603 4869 615 4904 :
641 4851 744 4917 Qui
773 4859 1112 4925 tedi/icaverit
1146 4880 1302 4934 super
1326 4846 1726 4938 fundamentum

136 4939 232 4990 hoc
253 4979 265 5002 ,
299 4955 492 4994 aurum
517 4982 530 5006 ,
563 4956 842 5014 argentum
870 4990 883 5013 ,
930 4951 1132 5022 lapides
1162 4960 1495 5029 pretiosos“,
1530 4964 1725 5020 bonam

136 5027 440 5085 doctrinam
492 5049 588 5103 per
619 5037 735 5091 hac
767 5039 1024 5097 innuens.
1061 5045 1175 5101 Hoc
1205 5059 1387 5105 autem
1423 5053 1600 5124 ipsum
1642 5067 1729 5113 est

135 5128 193 5172 et
222 5119 452 5188 fructus,
481 5126 691 5189 sive,ut
719 5130 1212 5205 Septuaginta,eibi
1232 5158 1243 5205 ;
1263 5119 1555 5214 utrumque
1581 5152 1725 5203 enim

136 5211 240 5266 hoc
266 5229 455 5271 rursus
479 5218 724 5276 invenies
747 5221 968 5280 Paulum
994 5244 1359 5299 exponentem
1379 5253 1393 5302 ;
1413 5234 1730 5298 Corinthios

135 5305 304 5372 enim,
335 5309 424 5362 alii
472 5312 738 5369 doctrina:
787 5333 846 5372 se
895 5321 1192 5391 sociantes,
1222 5342 1486 5397 suamque
1541 5333 1728 5404 despi-

133 5397 363 5464 cientes,
424 5407 837 5472 reprehendens
886 5411 1105 5481 scripsit
1141 5415 1535 5497 :Jam-satiuti
1582 5427 1730 5510 estis,

125 5487 246 5556 jam
294 5491 478 5545 divites
531 5495 659 5564 facti
712 5500 852 5564 estis,
886 5503 1000 5555 sine
1048 5507 1193 5559 nobis
1244 5495 1558 5578 regnatis".
1592 5487 1732 5587 Ergd

131 5579 438 5637 doetrinam
469 5601 567 5654 per
597 5591 887 5654 pecuniam
915 5603 970 5647 et
1001 5594 1230 5664 fructus,
1267 5603 1404 5668 sive,
1428 5608 1733 5664 secundum

207 5755 615 5851 "bllatthhxvu,
645 5767 734 5821 2|.
857 5770 1018 5851 Hier.
1041 5791 1126 5851 lat,
1153 5775 1243 5831 9.2.
1313 5781 1356 5851 ’ξ’
1391 5779 1582 5836 Matth.
1616 5804 1743 5851 xxv,
1776 5790 1864 5844 27.

131 5821 185 5882 8.
291 5829 333 5859 ιδ
365 5821 720 5897 Ριιίιθωίχν,
765 5821 874 5894 te.’
905 5821 1292 5917 Wlfﬁn—fit,
1327 5850 1380 5905 εξ.

80 5932 85 5936 ’
335 5919 587 5985 Pauor.
647 5929 763 5990 Gn.
815 5932 1016 5995 XCIII.

1825 3414 1874 3458 et
1907 3406 1961 3458 in
1991 3423 2168 3471 carne,
2200 3419 2248 3462 et
2278 3411 2330 3463 in
2375 3411 2700 3467 Domino“?
2737 3416 2802 3469 Et
2831 3433 3020 3472 rursus
3057 3439 3069 3473 :
3104 3420 3206 3485 Qui
3236 3435 3412 3480 autem

1824 3498 1998 3565 fideles
2037 3501 2226 3555 habent
2258 3505 2494 3559 dominos
2515 3547 2528 3569 ,
2561 3523 2662 3560 non
2696 3509 3007 3580 despiciant,
3046 3515 3172 3584 quia
3220 3518 3413 3586 fratres

1824 3592 2026 3644 sunt".
2074 3589 2300 3664 Insuper
2355 3607 2538 3652 autem
2578 3609 2633 3653 et
2673 3602 2897 3671 spiritus
2941 3609 3201 3677 praecepit
3248 3609 3412 3664 etiam

1825 3683 1992 3748 aliud,
2019 3687 2234 3754 quando
2271 3689 2505 3760 aliquem
2549 3692 2801 3760 fratrum,
2845 3705 2900 3751 et
2937 3701 3201 3768 aequalem
3251 3705 3415 3758 nobis

1826 3777 2111 3833 vocatione
2155 3790 2212 3834 et
2254 3786 2671 3840 conversatione
2719 3789 3023 3857 venditum,
3066 3794 3412 3850 humiliatum

1762 3916 1768 3921 .
1828 3877 2010 3924 tamen
2037 3872 2095 3926 in
2119 3873 2431 3943 virtutibus,
2457 3879 2508 3932 id
2543 3889 2646 3942 est,
2675 3880 3006 3938 inﬁrmatum
3034 3886 3402 3956 deprehende-

1827 3961 2019 4028 rimus,
2051 3974 2107 4020 et
2141 3965 2289 4022 hunc
2313 3973 2766 4039 converterimus,
2800 3977 3186 4046 corripientes,
3222 3982 3414 4036 exhor-

1828 4063 2026 4120 tantes,
2050 4057 2363 4115 nuilatenus
2382 4077 2450 4116 eo
2485 4064 2657 4129 abuti,
2689 4067 2782 4121 sed
2808 4077 2864 4123 ut
2888 4071 3130 4126 modeste
3159 4083 3213 4127 et
3239 4074 3413 4130 humi-

1829 4145 1952 4199 liter
1981 4163 2103 4201 eum
2130 4151 2474 4218 accedamus,
2506 4167 2727 4226 prepter
2765 4160 2910 4228 quod
2963 4162 3015 4215 in
3058 4165 3240 4219 verbis
3281 4166 3416 4236 ipsis

1829 4236 2074 4294 intende.

1901 4329 2062 4386 Vens.
2095 4333 2183 4398 59,
2211 4335 2299 4390 40.
2349 4355 2366 4388 i
2399 4336 2453 4391 Si
2480 4352 2798 4410 paupertate
2821 4349 3134 4416 compulsus
3158 4354 3416 4410 vendide-

1827 4421 1898 4476 rit
1923 4438 1983 4476 se
2012 4425 2108 4479 tibi
2152 4426 2320 4480 frater
2345 4438 2492 4492 tuus,
2524 4449 2633 4487 non
2677 4451 2803 4490 eum
2847 4441 3122 4508 opprimes
3154 4447 3417 4502 servitute

1834 4512 2184 4580 famulorum,
2207 4520 2299 4574 sed
2326 4523 2483 4590 quasi
2517 4528 2892 4582 mercenarius
2914 4539 2969 4583 et
2989 4533 3217 4588 colonus
3251 4539 3410 4591 erit.»

1901 4607 2034 4673 Quia
2067 4622 2356 4680 paupertas
2377 4615 2570 4670 animae
2596 4627 2679 4672 est
2702 4619 2987 4676 infirmitas
3007 4628 3418 4696 consequenda-

1831 4714 1949 4750 rum
1987 4701 2271 4765 virtutum,
2303 4705 2649 4761 manifestum
2681 4720 2853 4767 estex
2883 4714 2988 4779 his,
3019 4731 3141 4785 qua:
3165 4719 3233 4772 ad
3256 4718 3413 4774 Sam-

1829 4804 1925 4842 son
1977 4791 2164 4856 Dalila,
2189 4804 2243 4848 et
2272 4796 2385 4864 ipse
2420 4797 2486 4852 ad
2520 4815 2639 4854 eam
2678 4803 2940 4873 loquitur.
2982 4809 3214 4863 Noluisti
3243 4813 3417 4866 dicere

1830 4883 1884 4934 in
1914 4900 2014 4953 quo
2056 4886 2124 4938 sit
2167 4890 2403 4942 maxima
2439 4893 2712 4961 fortitudo.
2749 4896 2983 4967 Cumque
3014 4902 3232 4955 molesta
3263 4905 3310 4958 ei
3337 4923 3416 4958 es-

1829 4982 1925 5036 set,
1954 4985 1999 5027 et
2028 4991 2120 5042 per
2151 4978 2340 5046 multos
2373 4981 2482 5034 dies
2500 4983 2703 5053 jugiter
2740 4988 3049 5053 adlicereret,
3080 4996 3313 5062 spatium
3347 5003 3417 5051 ad

1831 5067 2051 5134 quietem
2082 5085 2182 5121 non
2210 5071 2462 5141 tribuens,
2492 5086 2615 5128 tunc
2641 5080 2879 5145 aperiens
2910 5085 3179 5138 t'erilalem
3209 5089 3302 5150 rei,
3331 5090 3416 5140 di-

1830 5157 1906 5209 xit
1943 5159 2012 5211 ad
2042 5176 2156 5213 eam
2190 5178 2208 5214 .·
2233 5163 2453 5218 Ferrum
2493 5184 2761 5239 nunquam
2806 5177 3037 5227 ascendit
3074 5193 3230 5244 super
3261 5191 3419 5248 caput

1833 5262 2026 5311 meum,
2069 5253 2192 5321 quia
2230 5253 2545 5321 Nazaru'us,
2574 5262 2626 5312 id
2656 5271 2750 5327 est,
2785 5278 3115 5320 consecratus
3145 5269 3250 5322 Deo
3276 5289 3417 5334 sum,

1833 5341 1895 5392 de
1929 5350 2074 5394 utero
2117 5349 2303 5399 matris
2333 5366 2480 5404 mete.
2518 5353 2580 5405 Si
2617 5371 2797 5408 rasum
2836 5357 2993 5424 fuerit
3023 5372 3177 5429 caput
3225 5381 3417 5428 meum,

1835 5433 2034 5484 recedet
2076 5452 2108 5487 a
2158 5453 2239 5489 me
2272 5441 2522 5505 fortitudo
2577 5462 2714 5510 mea,
2746 5458 2792 5500 et
2842 5451 3102 5518 deﬁciam,
3141 5470 3331 5526 eraque
3365 5467 3421 5511 ut

1836 5525 2009 5576 ru’teri
2045 5526 2354 5582 homines".
2384 5531 2509 5585 Post
2545 5533 2679 5596 haec,
2713 5537 2935 5593 historia
2971 5541 3209 5596 subdidit
3246 5525 3258 5596 ξ
3287 5545 3422 5599 Item

1838 5621 1893 5665 at
1928 5613 2019 5666 illa
2056 5616 2285 5671 dormire
2313 5638 2429 5674 cum
2461 5625 2577 5694 fecit
2601 5643 2755 5697 super
2786 5647 2952 5698 genua
2997 5650 3114 5698 sua,
3147 5644 3192 5688 et
3223 5637 3274 5689 in
3302 5638 3420 5691 sinu

1905 5791 1948 5879 ξ]
1977 5792 2152 5879 Ιιςοτ.
2184 5813 2235 5862 v,
2270 5797 2352 5860 10,
2397 5794 2478 5851 Η.
2525 5801 2567 5831 ²¹
2601 5800 2773 5859 lCor.
2812 5822 2892 5868 ιιι,
2929 5809 3011 5862 59.
3066 5811 3110 5842 ”
3140 5813 3302 5871 lCor.
3339 5827 3418 5879 tv,

1453 5855 1496 5885 ²⁶
1523 5855 1703 5913 Judic.
1735 5876 1845 5928 xvr,
1877 5862 1964 5929 16,
1999 5863 2080 5919 l7.

3021 5974 3093 6035 36
