4158 6450
768 378 896 443 1131

1944 368 2303 431 HESYCHII
2342 367 2834 429 PRESBYTEiiI.

3920 356 4019 419 lli

761 506 855 543 suo
883 488 1135 541 reclinare
1165 496 1336 555 caput.
1372 486 1673 554 i'oeavitque
1700 494 1980 548 tonsorem,
2011 493 2061 535 et
2087 483 2218 535 rasit
2247 498 2330 535 se-
2362 486 2409 540 Α
2439 484 2640 535 tionem
2696 492 2914 552 patrum
2962 494 3211 544 suorum,
3266 476 3539 547 recipiens
3594 479 4015 529 conversation

761 591 896 647 ptem
922 580 1089 632 crines
1122 578 1232 647 ejus
1251 620 1265 642 ,
1296 587 1344 630 et
1387 578 1536 645 capit
1570 577 1799 644 abjicere
1832 594 1948 629 eum
1979 593 2011 629 a
2036 593 2110 641 se,
2138 586 2186 628 et
2214 592 2246 627 a
2276 590 2330 627 ss

760 674 1023 741 repellere.
1052 670 1243 725 Statim
1267 673 1403 725 enim
1432 673 1496 724 ab
1535 688 1593 725 eo
1622 672 1874 738 fortitudo
1898 672 2148 735 discessit,
2166 671 2329 723 dixit-

757 782 854 834 que
882 782 900 817 .'
927 763 1095 831 Super
1139 772 1187 817 te
1217 762 1522 817 Philistiint.
1551 760 1651 826 Qui
1686 764 1749 815 de
1780 779 1961 815 somno
1993 778 2326 829 consurgens,

756 856 886 909 dixit
920 856 973 908 in
998 856 1176 907 animo
1208 872 1301 907 suo
1341 872 1359 908 :
1397 854 1657 923 Egredior
1705 856 1836 908 sicut
1866 864 1992 907 ante
2020 856 2139 925 feci,
2172 865 2219 907 et
2251 871 2330 905 me

756 949 1035 1011 excutiam,
1065 948 1292 1001 nesciens
1326 948 1464 1015 quod
1498 945 1749 1000 Dominus
1777 948 2063 1000 recessisset
2090 947 2155 999 ab
2185 964 2243 999 eo
2262 948 2327 1000 ²⁷.

757 1037 857 1091 Sed
884 1038 935 1090 in
954 1033 1301 1105 Septuaginta
1317 1035 1575 1101 editione,
1598 1051 1721 1090 cum
1757 1037 1846 1090 hic
1875 1034 2202 1091 dixisset:Si
2231 1037 2332 1088 ltu-

755 1130 989 1181 miliatus
1015 1129 1171 1198 fuerit
1201 1130 1367 1199 frater
1392 1138 1512 1181 tuus
1534 1144 1552 1181 :
1574 1144 1683 1183 non
1701 1129 1861 1188 dixit.
1884 1146 1917 1181 a
1949 1139 2018 1192 te,
2042 1128 2161 1191 sed,
2187 1130 2330 1197 apud

755 1231 805 1274 te
826 1235 845 1272 :
876 1235 999 1274 nam
1034 1220 1136 1274 etsi
1169 1220 1451 1275 nobiscum
1480 1230 1614 1285 erat,
1648 1222 1743 1276 sed
1778 1236 1877 1274 nos
1907 1236 2015 1274 non
2052 1220 2102 1272 ei
2139 1235 2329 1275 sumus

753 1313 877 1368 facti
925 1312 1313 1367 bumiliationis
1358 1328 1541 1367 causa.
1611 1310 1731 1382 Ipse
1779 1322 1958 1365 autem
2004 1311 2325 1381 negligens,

752 1406 1106 1475 semetipsum
1139 1404 1464 1469 humiliavit,
1496 1412 1551 1457 et
1577 1404 1830 1457 venditus
1860 1415 1961 1467 est,
1991 1419 2100 1456 non
2136 1402 2328 1456 vendi-

754 1498 899 1552 tione
930 1498 1018 1551 illa
1070 1498 1138 1551 de
1168 1512 1271 1565 qua
1325 1494 1468 1550 Elias
1514 1496 1580 1550 ad
1629 1496 1815 1549 Achab
1844 1495 2077 1549 diccbat.
2107 1492 2329 1549 Dicebat

753 1590 897 1643 enim
928 1590 979 1643 ei
1011 1608 1023 1642 :
1058 1588 1199 1643 Num
1232 1589 1475 1643 invenisti
1510 1606 1591 1642 me
1623 1589 1895 1641 inimicum
1927 1588 2055 1642 tibi?
2084 1588 2329 1658 Respon-

751 1682 831 1735 dit
866 1700 877 1734 :
913 1681 1111 1745 Inveni,
1146 1698 1204 1734 eo
1236 1682 1370 1751 quod
1402 1682 1725 1735 venundatus
1756 1698 1807 1735 es
1834 1683 2005 1751 {acere
2048 1683 2248 1736 malunt
2274 1684 2328 1736 in

752 1782 1022 1840 conspectu
1057 1771 1266 1825 Domini
1281 1773 1348 1826 ’⁸.
1381 1772 1475 1826 Ille
1500 1773 1647 1827 enim
1678 1772 1819 1827 sicut
1866 1774 2085 1843 impius,
2148 1774 2240 1843 qui
2273 1774 2327 1827 in

2433 587 2657 636 sortem,
2692 585 2741 626 ct
2779 583 2986 642 partem
3019 572 3228 641 gratiae,
3255 586 3378 639 qu:e
3415 570 3484 622 ab
3517 568 3688 622 initio
3731 577 3891 620 sorte
3928 583 4015 633 pcr-

2433 680 2653 740 eeperat
2678 685 2707 721 a
2741 669 2869 726 Deo.
2897 667 2988 735 qui
3027 666 3246 735 proprie
3274 674 3465 719 naster
3512 674 3682 733 pater
3712 673 3827 723 est,
3860 662 4015 729 dcqm

2433 762 2509 814 ait
2537 760 2737 815 Paulus
2771 776 2783 811 :
2829 758 2964 821 Quia
2997 766 3178 809 autent
3208 757 3333 809 estis
3363 757 3485 823 ﬁlii,
3520 755 3675 806 misit
3706 753 3859 806 Deus
3883 754 4015 817 Spiri-

2434 864 2545 905 tum
2570 852 2696 906 Filii
2720 852 2805 904 sui
2826 852 2880 902 in
2900 850 3143 903 cordibus
3173 850 3361 902 vestris
3383 889 3398 911 ,
3442 848 3791 900 clamantem
3818 860 3838 897 :
3884 846 4012 901 Abba,

2433 943 2597 996 Pater
2635 944 2702 995 ".
2730 942 2839 996 Cur
2869 953 3052 993 autem
3097 940 3212 993 haec
3242 940 3499 993 sanciens
3552 937 3713 991 Deus
3748 947 3900 990 :anta
3928 938 4011 1004 pir-

2434 1046 2542 1089 tate
2566 1045 2769 1096 utatur,
2798 1033 2915 1103 ipse
2946 1032 3080 1101 legis
3104 1030 3503 1085 demonstravit
3532 1030 3763 1083 verbis.

2501 1126 2661 1180 Vens.
2705 1125 2793 1177 42.
2835 1144 2851 1173 ι
2892 1123 2993 1175 Mei
3044 1131 3227 1175 autem
3274 1121 3419 1175 servi
3453 1130 3611 1184 sunt,
3650 1131 3715 1174 et
3753 1134 3859 1190 ego
3887 1119 4009 1171 eduxi

2431 1236 2526 1276 eos
2554 1220 2620 1273 de
2649 1229 2793 1272 terra
2824 1215 3058 1286 Egypti.
3090 1234 3109 1266 ι

2508 1311 2579 1366 L't
2610 1327 2739 1380 ergo
2779 1310 2870 1378 qui
2908 1308 3074 1362 semel
3120 1308 3240 1376 ejus
3271 1306 3398 1360 facti
3429 1314 3565 1360 sunt
3618 1306 3825 1369 servi,
3871 1316 3920 1358 et
3946 1322 4007 1373 per

2431 1421 2557 1460 eum
2591 1401 2913 1472 intelligibili
2950 1400 3211 1453 servitute
3246 1399 3463 1470 x‘Egypti
3512 1410 3872 1458 carui-runt,
3908 1398 4009 1449 bas;

2432 1516 2527 1553 eos
2563 1497 2790 1567 perdere
2841 1495 3159 1565 dignitatem
3195 1509 3305 1547 non
3335 1494 3467 1557 vult,
3502 1509 3611 1546 nec
3645 1494 3787 1562 quia
3834 1493 3897 1545 ad
3928 1512 4009 1538 m-

2432 1593 2612 1647 dicum
2642 1591 2765 1660 quis
2799 1588 2982 1659 lapsus
3007 1599 3111 1650 est,
3138 1598 3426 1657 propterea
3453 1602 3583 1640 eum
3622 1588 3681 1640 in
3720 1596 4007 1656 perpetuus:

2431 1682 2661 1752 perdere
2708 1681 2987 1749 antiquam
3032 1679 3353 1749 dignitatem
3413 1679 3753 1743 desiderat,
3818 1678 4010 1746 ideoque

2432 1784 2543 1827 nil:

752 1865 1081 1935 profundum
1130 1865 1393 1919 malorum
1433 1865 1721 1927 ceciderat,
1758 1865 2113 1935 despiciebat,
2140 1875 2196 1919 et
2224 1866 2329 1919 ini-
2362 1855 2406 1909 Β
2504 1865 2625 1919 Non
2671 1867 2838 1919 veniet
2883 1865 3187 1918 conditione
3230 1880 3526 1917 seri-orum.
3570 1863 3805 1917 Similia
3864 1862 4011 1915 dil‘tbs

753 1958 895 2013 mico
925 1956 1198 2020 venditus,
1233 1972 1341 2010 non
1366 1956 1579 2011 volebat
1615 1957 1984 2011 venditionem
2016 1957 2327 2021 immutare.

752 2064 852 2103 nec
891 2050 1169 2119 propheta:
1202 2048 1379 2113 vendi,
1408 2048 1460 2103 id
1500 2059 1602 2111 est,
1631 2049 1811 2115 subdi,
1843 2049 1935 2119 qui
1978 2050 2027 2104 ei
2072 2051 2329 2120 paulatim

752 2156 971 2194 manum
1009 2140 1354 2210 porrigendo,
1380 2140 1581 2211 agravi
1624 2139 1854 2195 liberare
1901 2156 2027 2194 eum
2070 2141 2331 2195 servitute

754 2242 982 2302 poterat.
1012 2232 1067 2286 Si
1090 2248 1220 2304 ergo
1240 2233 1336 2288 tibi
1362 2232 1528 2297 ﬁdeli,
1560 2242 1615 2287 et
1636 2233 1834 2287 colenti
1863 2233 2054 2297 Deum,
2076 2233 2331 2289 humilia-

753 2335 840 2379 tus
864 2325 1029 2380 frater
1050 2326 1303 2381 venditus
1327 2325 1511 2391 fuerit,
1540 2326 1994 2396 redemptionem,
2018 2334 2074 2379 et
2093 2328 2329 2396 pretium

750 2419 945 2473 anima:
965 2420 1084 2489 ejus
1130 2428 1274 2473 tuam
1306 2418 1633 2481 doctrinam,
1664 2428 1721 2473 et
1745 2419 2181 2475 exhortationem
2210 2436 2330 2475 sus-

752 2510 963 2581 cipiens
1001 2529 1013 2564 :
1046 2522 1100 2565 et
1128 2511 1585 2581 quemadmodum
1614 2526 1773 2565 suum
1829 2512 2110 2566 dominum
2146 2512 2333 2566 existi-

752 2619 931 2667 mans,
954 2620 1062 2657 non
1091 2604 1293 2658 serviat
1325 2604 1419 2658 tibi
1450 2604 1714 2657 servitute
1740 2605 1904 2669 servi,
1941 2606 2033 2660 sed
2068 2604 2333 2659 subdetur

752 2693 992 2765 quidem,
1037 2702 1410 2747 verumtamen
1437 2693 1684 2747 libertate
1724 2693 1833 2756 illa,
1855 2694 1922 2747 de
1956 2710 2062 2764 qua
2090 2694 2167 2747 ait
2195 2693 2333 2746 l‘au-

754 2788 874 2839 lus:
909 2784 1169 2847 libertate,
1195 2801 1297 2855 qua
1337 2784 1576 2838 liberavit
1610 2801 1702 2839 nos
1735 2784 1973 2838 Christus
1990 2786 2057 2839 ¹⁹.
2081 2785 2333 2839 Invenies

753 2884 934 2930 autem
1001 2875 1128 2929 alibi
1179 2874 1431 2930 eumdem
1477 2890 1669 2928 rursus
1713 2875 2041 2929 scribentem
2095 2892 2107 2927 :
2154 2874 2332 2927 Pretio

752 2966 907 3034 empti
931 2968 1072 3027 estis.
1101 2965 1259 3020 nolite
1281 2966 1395 3035 ﬁcri
1421 2966 1555 3020 servi
1579 2967 1848 3019 hominum
1860 2966 1923 3030 ³⁸,
1949 2975 2169 3035 preptcr
2188 2965 2332 3035 quod

754 3059 827 3113 ait
856 3058 1129 3130 legislator
1166 3078 1180 3115 :

824 3153 988 3218 Quasi
1027 3154 1379 3206 mercenarius
1417 3161 1465 3206 et
1497 3152 1709 3205 colonus
1758 3154 1879 3207 erit.
1912 3152 2007 3208 Vel
2043 3154 2183 3209 sicut
2228 3153 2331 3207 Se-

758 3246 1058 3317 ptuaginta,
1088 3246 1377 3316 inquilinus
1398 3245 1554 3314 :quia
1588 3245 1783 3298 horum
1810 3255 2038 3315 uterque
2056 3245 2333 3315 subjectus

755 3347 839 3392 est
884 3338 1102 3407 quidem
1146 3337 1293 3401 huic,
1324 3337 1480 3405 cujus
1508 3337 1726 3390 domum
1776 3336 2004 3401 habitat,
2034 3347 2087 3391 et
2122 3337 2175 3390 in
2205 3351 2334 3406 agro

755 3437 1015 3497 operatur
1063 3436 1286 3497 propter
1340 3437 1740 3496 paupertatem,
1777 3443 1879 3481 nec
1935 3427 2154 3482 domum
2205 3443 2334 3496 pro-

755 3521 953 3591 priam.
980 3534 1083 3574 nec
1116 3535 1306 3589 agrum
1340 3519 1583 3573 habens:
1623 3533 1733 3572 non
1766 3528 1945 3572 tamen
1979 3529 2201 3589 propter
2232 3519 2335 3573 hoc

757 3611 1005 3667 aulertur
1034 3610 1302 3665 libertatis
1331 3609 1566 3681 dignitas
1591 3649 1605 3673 ,
1638 3609 2092 3678 quemadmodum
2122 3617 2178 3662 et
2207 3623 2330 3661 eum

757 3704 848 3772 qui
874 3718 971 3773 per
993 3718 1094 3756 nos
1126 3717 1155 3756 a
1188 3710 1413 3771 peccato
1428 3715 1725 3755 conversus
1755 3709 1857 3761 est.
1881 3707 2114 3769 oportet,
2133 3699 2177 3753 si
2208 3707 2335 3753 ante

759 3804 1043 3865 peccatum
1074 3792 1239 3847 frater
1261 3800 1449 3846 noster
1475 3792 1772 3845 secundum
1816 3792 2181 3860 miualitatem
2215 3807 2336 3861 gra-

762 3891 868 3952 tire,
891 3889 1262 3956 honoremque
1290 3883 1719 3939 conversationis
1748 3882 1865 3937 fuit.
1907 3884 2044 3936 Nam
2075 3883 2177 3937 etsi
2208 3898 2335 3951 pro-

763 3977 933 4047 priam
985 3990 1131 4030 nunc
1171 3975 1395 4029 domum
1431 3972 1680 4043 justitiaz,
1713 3983 1810 4028 aut
1840 3988 2029 4044 agrum
2053 3974 2332 4043 proprium

761 4069 979 4122 virtutis
1008 4082 1119 4121 non
1142 4066 1340 4133 habet,
1370 4080 1493 4120 cum
1523 4065 1815 4135 aliquando
1844 4065 2155 4129 habuisset,
2188 4066 2335 4120 unde

760 4176 871 4214 non
893 4160 1047 4225 dixit,
1080 4157 1472 4224 mercenarius,
1500 4167 1593 4211 aut
1626 4158 1870 4221 colonus,
1903 4156 1986 4210 vel
2033 4156 2334 4225 inquilinus

759 4254 888 4315 erit,
920 4251 1036 4316 sed,
1072 4251 1226 4319 quasi
1256 4250 1647 4311 mercenarius,
1680 4257 1735 4303 et
1765 4249 2012 4312 colonus,
2038 4247 2119 4301 vel
2149 4247 2323 4315 inqui-

760 4345 906 4399 linus
941 4344 1046 4397 crit
1074 4343 1168 4397 tibi
1202 4359 1214 4394 :
1251 4342 1306 4395 in
1334 4339 1535 4394 nostris
1556 4339 1702 4393 enim
1736 4338 1983 4392 habitare
2003 4354 2142 4407 opus
2172 4338 2338 4394 habet

759 4441 815 4488 et
845 4432 1082 4503 operari,
1124 4430 1178 4485 id
1219 4438 1339 4494 est,
1372 4429 1440 4483 ad
1468 4436 1686 4483 nostras
1710 4427 2140 4492 exhortationes,
2174 4444 2334 4498 regu-

2434 1959 2631 2013 Paulo:
2659 1958 2840 2012 Pretio
2862 1959 3025 2027 empti
3056 1959 3201 2020 estis,
3238 1958 3399 2010 nolite
3428 1958 3551 2026 ﬁeri
3574 1960 3727 2011 serti
3754 1958 4007 2010 hostium.

2434 2051 2541 2105 Sed
2575 2058 2629 2104 et
2662 2052 2764 2105 hoc
2792 2048 3029 2103 addidit:

2504 2143 2666 2198 Vens.
2705 2142 2793 2195 45.
2836 2161 2854 2193 ι
2894 2138 2971 2196 Ne
3003 2141 3210 2211 aliligas
3253 2156 3380 2196 eum
3430 2157 3531 2211 per
3560 2141 3900 2211 potentiam,
3942 2138 4008 2191 Sed

2433 2235 2663 2289 metuito
2694 2233 2863 2288 Deum
2900 2244 3052 2288 tuum
3081 2236 3144 2289 ”.
3183 2253 3201 2285 s

2505 2324 2736 2395 Oportet
2785 2326 2934 2379 enim
2980 2326 3253 2379 moderari
3313 2341 3414 2379 nos
3450 2326 3653 2394 iugum
3714 2332 4010 2378 converten-

2437 2419 2570 2472 tium
2594 2460 2606 2480 ,
2637 2428 2691 2473 et
2732 2418 2927 2472 timere
2960 2417 3133 2473 Deum
3169 2428 3420 2472 nostrum
3447 2458 3461 2480 ,
3488 2418 3585 2487 qui
3625 2418 3813 2472 dixit:
3850 2415 3909 2469 In
3937 2433 4011 2485 qua

2424 2511 2631 2577 judicio
2651 2508 3463 2580 judicaveritis,judicabimiui,
3490 2519 3541 2561 et
3570 2511 3629 2561 in
3663 2526 3778 2578 qua
3805 2525 4011 2561 ntcnssu

2436 2604 2598 2657 mensi
2620 2602 2847 2672 fueritis,
2882 2602 3125 2654 ntetietur
3148 2600 3288 2653 vobis
3311 2600 3378 2654 ³³.

2507 2694 2667 2748 Vsus.
2701 2692 2890 2747 ιιι-46.
2932 2713 2947 2744 ι
2988 2694 3192 2746 Servus
3218 2702 3274 2747 et
3300 2691 3497 2746 ancilla
3529 2691 3608 2744 sit
3641 2691 3813 2745 vobis
3849 2691 3911 2744 de
3938 2705 4011 2742 ns-

2438 2787 2682 2842 tionibus
2708 2828 2721 2850 ,
2753 2802 2873 2855 quae
2904 2787 2957 2840 in
2987 2787 3219 2840 circuitu
3248 2796 3432 2839 vestro
3459 2792 3593 2838 sunt
3625 2824 3641 2849 ,
3678 2795 3740 2838 et
3776 2784 3848 2839 de
3880 2784 4011 2836 adve-

2434 2882 2541 2944 nis,
2572 2880 2663 2950 qui
2689 2880 3108 2949 peregrinantur
3137 2879 3281 2947 apud
3318 2892 3436 2940 vos,
3465 2877 3550 2929 vel
3581 2876 3679 2945 qui
3716 2891 3788 2929 ex
3819 2874 3901 2926 his
3929 2876 4011 2925 nati

2437 2973 2640 3027 fuerint
2689 2974 2741 3025 in
2780 2982 2920 3026 terra
2957 2980 3141 3024 vestra
3166 3012 3180 3030 .
3224 2971 3322 3023 bos
3371 2969 3653 3023 habebitis
3695 2968 3945 3026 famulos,
3975 2976 4012 3015 et

2438 3068 2781 3123 Inereditario
2805 3069 2928 3137 jure
2959 3066 3345 3121 transmittetis
3374 3065 3441 3119 ad
3477 3075 3769 3133 posteros,
3805 3080 3869 3118 ac
3912 3080 4010 3132 po:-

2436 3160 2680 3214 sidcbitis
2713 3163 2764 3213 in
2801 3170 3089 3215 aeternum.
3130 3156 3349 3213 Fratres
3402 3170 3591 3211 autem
3627 3170 3856 3212 vestros
3904 3158 4013 3209 ﬁlios

2437 3250 2620 3315 Israel,
2645 3266 2713 3304 ne
2741 3252 3066 3320 opprimatis
3090 3266 3186 3319 per
3218 3250 3539 3319 potentiam.
3569 3268 3589 3299 ι
3780 3238 3787 3243 ’

2507 3342 2623 3398 Non
2662 3352 2840 3414 potest
2864 3344 3025 3414 digne
3057 3343 3265 3396 laudari
3292 3343 3531 3395 varietas
3556 3351 3617 3395 et
3656 3341 4013 3412 multiplicius

2435 3432 2696 3501 spiritalis
2748 3434 3051 3501 sapientiae.
3088 3432 3455 3497 Quamobrem
3512 3428 3824 3502 postquam
3881 3432 4013 3502 digne

2434 3524 2689 3576 admirari
2746 3541 2854 3577 non
2908 3540 3221 3594 possumus,
3265 3526 3392 3594 quia
3450 3541 3555 3580 nec
3608 3527 3890 3596 capimus,
3933 3525 4012 3577 hoc

2434 3614 2771 3677 omittentes,
2797 3615 3102 3670 districtius
3131 3631 3295 3670 aures
3325 3616 3529 3671 mentis
3556 3618 3736 3671 etiam
3768 3618 3887 3679 bis,
3918 3629 4012 3683 qua

2434 3717 2582 3757 nunc
2614 3703 2757 3756 dicta
2789 3714 2937 3765 sunt,
2969 3706 3308 3773 praebeamus
3343 3716 3401 3760 et
3432 3723 3898 3776 unumquemque
3921 3720 4011 3758 ser-

2435 3796 2654 3847 monem
2700 3796 2907 3848 intente
2942 3807 3228 3851 notemus:
3268 3797 3323 3852 in
3353 3800 3676 3854 ditl‘erentia
3728 3802 3881 3855 enim
3915 3814 4012 3851 ver-

2436 3884 2628 3939 borum
2656 3928 2670 3949 ,
2712 3886 3077 3941 differentiam
3113 3905 3333 3958 quoque
3366 3891 3763 3945 intellectuum
3800 3890 4012 3962 reperie-

2436 3991 2577 4030 mus.
2617 3977 2768 4031 Scire
2818 3978 2981 4047 igitur
3012 3995 3113 4032 nos
3148 3981 3259 4033 vult
3304 3982 3661 4049 quid'rcstct
3729 3984 3878 4037 inter
3916 3984 4011 4039 bos.

2435 4083 2573 4137 quos
2604 4085 2665 4123 ex
2710 4070 3017 4126 inﬁdelibus
3050 4073 3161 4127 Deo
3214 4074 3637 4138 salvaverimus,
3678 4087 3742 4131 et
3773 4079 3912 4142 illos,
3942 4076 4013 4145 qui

2435 4177 2559 4215 cum
2593 4161 2778 4216 ﬁdeles
2827 4174 3048 4230 essent,
3082 4165 3398 4236 similesque
3424 4169 3584 4222 nobis
3624 4170 3919 4239 dignitatis
3948 4174 4014 4221 in.

2436 4254 2721 4307 vocatione
2768 4264 2820 4310 et
2850 4258 3289 4323 conversatione,
3344 4269 3531 4328 postea
3561 4278 3669 4330 pro
3706 4272 3949 4333 tempore
3972 4262 4011 4313 in

2437 4347 2754 4415 operatione
2820 4348 3086 4401 virtutum
3150 4349 3410 4406 inﬁrmati
3479 4361 3608 4406 sunt
3671 4356 4008 4408 corn-simus.

2439 4437 2667 4507 PrOpter
2694 4439 2836 4507 quod
2888 4442 3101 4510 operari
3138 4442 3359 4511 quidem
3414 4449 3557 4513 apud
3595 4461 3709 4499 nos
3776 4461 3937 4515 usque
3960 4446 4011 4496 ad

761 4527 945 4595 Iasque
978 4525 1102 4579 vitae
1121 4565 1134 4589 ,
1160 4533 1215 4578 et
1258 4521 1505 4591 exempla
1532 4561 1547 4586 ,
1590 4535 1711 4590 qua:
1741 4535 1771 4574 a
1802 4520 1961 4574 nobis
1990 4520 2293 4589 susceperit
2320 4538 2330 4573 :

2438 4544 2641 4582 annum
2674 4530 3033 4594 remissionis,
3062 4532 3313 4589 videlicet
3351 4536 3728 4604 prenitentiae.
3791 4554 3900 4591 non
3936 4552 4010 4589 au—

759 4629 886 4687 spes
921 4626 1100 4671 tamen
1137 4623 1222 4668 est
1249 4628 1372 4667 eum
1403 4612 1471 4666 ad
1508 4627 1661 4665 suam
1687 4624 1969 4664 recurrere
1991 4609 2325 4679 dignitatem,

760 4706 981 4775 quando
1009 4705 1273 4773 integram
1320 4710 1375 4755 et
1405 4703 1700 4771 perfectam
1731 4699 1903 4769 egerit
1931 4698 2325 4768 paenitentiam.

758 4796 873 4853 Hoc
893 4796 1041 4865 enim
1068 4792 1421 4848 manifestans
1445 4792 1715 4861 legislator
1739 4790 2015 4846 subdidit:

834 4887 1001 4959 Usque
1049 4886 1120 4940 ad
1168 4901 1367 4938 annum
1400 4884 1679 4954 jubilaeum
1709 4875 2013 4952 bperobitur
2068 4880 2211 4948 apud
2260 4892 2328 4934 te.

756 4977 896 5045 Quia
918 4992 1012 5046 per
1046 4974 1343 5047 perfectam
1368 4973 1919 5044 pmnitentiam,sicut
1940 4972 2147 5043 integre
2175 4988 2334 5027 mun-

756 5070 940 5133 datus,
972 5076 1028 5122 ct
1054 5076 1339 5136 propterea
1388 5064 1682 5134 perfectus,
1720 5065 1935 5134 operari
1980 5073 2036 5119 et
2080 5064 2223 5132 apud
2274 5078 2332 5117 se

759 5167 959 5231 potest.
1004 5167 1061 5213 et
1100 5165 1288 5228 postea
1337 5156 1685 5226 egredietur:
1722 5156 1863 5210 sicut
1900 5156 2055 5210 aiunt
2097 5158 2330 5225 Septua-

758 5253 930 5322 ginta,
957 5250 1012 5304 in
1045 5248 1423 5304 remissionem
1452 5262 1575 5302 cum
1606 5247 1792 5302 liberis
1838 5248 1971 5302 suis.
2020 5247 2137 5301 Non
2186 5247 2334 5301 solus

757 5346 907 5399 enim
936 5344 1052 5413 ipse
1082 5340 1220 5396 liber
1248 5338 1499 5404 eﬂicitur,
1526 5340 1620 5393 sed
1650 5348 1706 5393 et
1748 5353 1867 5408 qum
1915 5339 1985 5393 ab
2024 5353 2090 5392 eo
2136 5339 2333 5408 genita:

757 5439 974 5493 fuerant
1008 5434 1258 5496 virtutes,
1304 5441 1594 5501 antequam
1635 5432 1738 5485 sub
1781 5431 2151 5486 venditionem
2203 5447 2333 5500 pec-

755 5530 867 5585 cati
892 5527 1247 5597 redigeretur.
1286 5523 1580 5593 Propterea
1610 5530 1664 5575 et
1702 5530 2006 5576 revertetur
2036 5522 2105 5576 ad
2132 5538 2329 5592 cogna-

827 5729 873 5762 ι’
896 5727 1069 5783 Judic.
1100 5742 1207 5787 M‘t,
1244 5725 1429 5779 18-20.
1507 5723 1553 5754 "'
1586 5722 1653 5778 111
1677 5722 1813 5792 Reg.
1849 5739 1963 5789 XXI,
1987 5722 2076 5779 20.

752 5817 845 5863 vn,
884 5801 976 5855 :27.
1054 5801 1096 5830 ³³
1135 5796 1326 5851 Matth.
1363 5811 1454 5860 vn,
1484 5794 1539 5847 ε.

2156 5725 2202 5757 ²⁹
2229 5724 2404 5779 Galat.
2438 5741 2511 5788 tv,
2552 5726 2639 5782 5t.

2437 4631 2544 4674 tem
2568 4632 2753 4690 postea
2792 4626 3067 4693 praecepit.
3106 4624 3201 4678 llic
3240 4636 3442 4691 autem,
3472 4628 3598 4697 quia
3627 4644 3748 4683 nec
3774 4646 3919 4690 eum.
3939 4628 4008 4694 qui

2435 4729 2497 4764 ex
2531 4724 2755 4782 peccato
2786 4716 3102 4770 humiliatus
3131 4727 3238 4779 est,
3282 4725 3338 4771 ct
3365 4728 3659 4789 propterea
3701 4723 3871 4777 nobis
3910 4736 4007 4773 ven-

2433 4802 2600 4869 ditus,
2635 4806 2726 4857 sed
2784 4820 2886 4859 nec
2932 4806 3152 4861 fratrem
3204 4809 3351 4872 dicit,
3386 4810 3480 4863 sed
3510 4809 3707 4865 dehis
3745 4814 3885 4867 dicit
3912 4824 4009 4875 ours

2435 4909 2536 4947 nos
2574 4909 2638 4947 ex
2669 4895 2997 4962 inﬁdelibus,
3034 4909 3128 4953 aut
3149 4900 3375 4954 alterius
3408 4901 3533 4955 ﬁdei
3561 4902 3619 4955 in
3644 4903 4007 4973 discipulam

2438 4985 2925 5053 acquisiverimus:
2972 5000 3121 5043 recte
3167 5005 3263 5044 eos
3291 5005 3395 5045 nec
3432 5006 3631 5045 servos
3665 5004 3903 5048 nostros
3928 5008 4007 5048 esse

2440 5073 2731 5142 prter-epit:
2766 5072 2972 5127 Christi
3024 5079 3172 5129 enim
3206 5088 3259 5131 et
3308 5077 3407 5147 ipsi
3439 5087 3590 5140 sunt,
3624 5078 3787 5134 sicut
3827 5095 3882 5135 et
3928 5096 4007 5135 ne.

2436 5162 2603 5215 servi.
2652 5163 2757 5216 Sed
2804 5163 2906 5217 sub
2950 5176 3137 5219 nostra
3174 5178 3355 5221 tamen
3394 5168 3766 5237 possessione
3795 5185 4008 5236 manere.

2436 5252 2575 5306 sicut
2605 5269 2700 5322 per
2728 5270 2827 5309 nos
2864 5256 3087 5311 edoctus
3114 5259 3387 5329 praecepit,
3410 5259 3552 5314 sicut
3574 5260 3706 5331 ipsa
3740 5267 4010 5335 ostendet

2437 5342 2757 5411 legislatoris
2792 5346 2976 5400 verba.
3958 5346 3961 5349 ’

2506 5433 2693 5488 Servus
2730 5447 2777 5490 et
2804 5438 3002 5491 ancilla
3042 5440 3145 5492 sint
3177 5440 3317 5494 vobis
3360 5441 3425 5493 de
3452 5441 3797 5507 nationibus,
3845 5458 4011 5516 quem

2438 5525 2658 5578 circuitu
2691 5538 2858 5580 vestro
2896 5539 3036 5592 sunt,
3072 5540 3117 5582 et
3152 5531 3213 5582 de
3249 5531 3462 5583 advenis
3492 5533 3581 5598 qui
3613 5538 4012 5603 pcregrinam?

2720 5727 2762 5758 ³⁸
2790 5727 2807 5779 1
2844 5729 2968 5782 Cor.
3002 5745 3097 5795 vtt,
3130 5731 3216 5784 25.
3294 5732 3334 5761 ⁸³
3361 5728 3480 5783 Gal.
3516 5744 3592 5794 tv,
3627 5730 3691 5785 6.

3781 5734 3835 5766 ³⁸
3865 5734 3889 5790 ὲ
3926 5735 4017 5791 Ca.
