4158 6450
104 422 124 484 l
140 420 230 484 133

98 537 233 593 tv"tl
264 550 369 585 ros.
401 531 603 583 Gentes
632 541 749 595 qum
785 523 837 576 itt

100 630 326 680 lteetltttn
371 617 743 678 crediderunt,
778 629 929 683 spem
975 620 1150 663 tamen
1206 606 1350 667 ﬁdei,
1400 611 1453 654 et
1485 600 1672 654 salutis

101 722 331 778 habent,
373 714 498 782 quia
546 710 680 779 ipsis
728 707 955 761 missum
997 699 1340 769 Evangelinm
1378 703 1478 751 est.
1534 694 1675 743 sicut

100 811 297 865 Paulus
329 809 380 861 iu
412 802 700 859 Antiochia
737 798 803 853 ad
854 796 1071 850 Judtcos
1103 791 1319 844 dicebat
1346 805 1357 839 :
1403 786 1528 838 Ecce
1558 800 1677 835 cou-

98 901 349 954 vertimur
377 895 447 948 ad
475 904 684 963 gentes:
720 890 795 941 sic
834 890 968 940 enim
1014 882 1257 953 pra’rcpit
1302 878 1446 930 nobis
1494 875 1679 929 Dorici-

99 1009 196 1048 nus
226 992 291 1043 ³⁵.
341 987 417 1040 De
468 986 551 1039 his
579 983 740 1036 nobis
772 983 913 1033 servi
946 986 996 1030 et
1026 975 1232 1029 ancilla‘.
1264 971 1677 1043 t-ontptiranttq,

100 1086 151 1137 id
184 1091 299 1143 est,
340 1077 432 1148 qui
462 1091 558 1146 per
592 1073 818 1127 verbum
854 1071 1139 1122 docentur.
1168 1063 1321 1117 Unde
1347 1073 1399 1115 et
1433 1076 1549 1113 eos.
1591 1058 1678 1124 qui

97 1171 421 1231 docuerunt,
464 1163 716 1218 dominos
756 1158 1050 1229 appellant,
1092 1154 1233 1223 quod
1265 1153 1601 1231 demonstrat
1630 1166 1681 1200 ιι·

1226 402 1303 455 ’ἷῖ
1352 391 1798 458 LEVlTlCUM.
1831 411 1896 423 ’-
1942 387 2087 445 Lill.
2126 384 2257 440 VH.

871 519 1103 576 circuitu
1139 527 1325 568 nostro
1350 518 1511 569 sunt,
1550 524 1668 576 quae
1702 512 1743 563 Α
1775 500 2011 553 civitates
2064 497 2413 563 presbyteros,
2458 508 2585 561 quos
2624 508 2716 559 ego
2755 492 2845 543 tibi
2886 491 3132 543 constitui
3156 497 3219 543 “.
3260 492 3366 547 Sed

1778 606 1831 649 et
1883 594 2012 663 quid
2048 602 2215 646 restat
2255 592 2396 643 inter
2428 591 2568 648 illos.
2598 605 2735 659 quos
2779 588 2984 644 deforis
3019 588 3209 642 lucrati
3246 590 3365 642 fue-

1778 689 1969 749 rimus,
2010 695 2065 738 ct
2099 683 2400 751 :uqnalihtts
2454 680 2934 745 nobis.fratr.bus,
2998 680 3091 749 qui
3145 679 3367 734 forsitan

1781 779 2047 834 Iuttuiliati
2083 776 2451 845 corriguntur,
2489 775 2632 827 seire
2665 788 2809 824 nunc
2843 773 3119 842 legislatur
3142 790 3242 827 nos
3276 791 3372 826 vo-

1786 868 1920 930 lens.
1976 870 2091 922 haec
2140 870 2204 922 ad
2263 882 2609 922 communem
2666 867 2935 919 rationem
2991 866 3370 933 praedictorum

1782 960 2019 1029 scripsit.
2074 972 2079 975 '

3239 375 3360 438 i133.

1857 1052 2071 1104 Fratres
2094 1062 2270 1104 autem
2297 1064 2491 1104 vestros
2517 1051 2651 1117 [ilios
2680 1050 2853 1104 Israel
2882 1068 2983 1104 non
3015 1053 3252 1123 afﬂigetis
3287 1071 3381 1123 per

1787 1138 2107 1196 ootentiam.‘
2157 1142 2275 1195 Non
2316 1144 2443 1210 quia
2485 1142 2639 1204 alios,
2690 1159 2827 1210 quos
2873 1143 3065 1199 lucrati
3109 1145 3380 1201 fuerimus

398 1221 584 1312 custos
615 1221 871 1314 carceris,
921 1250 1011 1320 qui
1044 1221 1123 1301 ad
1167 1247 1389 1300 Paulum
1426 1252 1480 1296 et
1506 1224 1684 1311 hij-lam
1790 1234 2055 1298 exterius,
2087 1233 2141 1287 in
2174 1234 2494 1288 servitutem
2528 1234 2793 1305 redigere,
2827 1221 2921 1290 aut
2972 1246 3259 1292 conterere
3298 1239 3378 1291 la-

99 1354 316 1408 (licebat
343 1366 362 1404 r
396 1349 607 1403 Domini
632 1389 644 1409 ,
673 1346 798 1417 quid
831 1360 911 1397 me
941 1350 1136 1409 oportet
1183 1342 1462 1411 [urerenut
1513 1335 1687 1387 salvus

100 1448 228 1517 ﬁam
253 1447 334 1495 ³⁵2
364 1444 469 1497 Sed
512 1450 567 1497 et
588 1441 654 1495 de
679 1435 926 1497 advenis,
963 1432 1097 1495 sive,
1135 1440 1194 1484 ut
1221 1427 1595 1497 Septuaginta,
1624 1424 1690 1476 fi~

102 1540 190 1593 liis
210 1535 628 1606 inquilinorum,
662 1528 753 1600 qui
788 1524 1207 1595 peregrinantur
1232 1519 1372 1590 apud
1419 1533 1533 1577 nos,
1561 1533 1689 1570 con.

101 1632 404 1700 quiramus.
448 1624 590 1678 Dicit
619 1630 808 1676 autem
850 1616 1147 1686 inquilinos
1188 1613 1271 1667 hic
1326 1611 1563 1668 .ludaeos.
1600 1595 1731 1671 qui'L

104 1724 355 1777 habitant
407 1720 459 1772 in
502 1716 707 1772 lumine
754 1722 964 1777 nostro,
1016 1726 1126 1764 non
1170 1719 1369 1763 tamen.
1403 1708 1583 1760 volunt
1643 1704 1690 1756 ei

102 1816 295 1872 oculos
322 1812 522 1868 mentis
551 1806 986 1868 accommodare,
1033 1803 1433 1859 abscondentes
1464 1801 1582 1867 ejus
1613 1800 1693 1851 lu-

104 1924 331 1964 cernam
381 1905 481 1959 sub
517 1902 720 1957 modio.
772 1900 1000 1968 Propter
1033 1896 1175 1965 quod
1209 1910 1317 1949 non
1377 1894 1695 1963 simpliciter

100 1997 395 2069 inquilinos
437 1992 788 2064 Septuaginta
827 1988 1135 2050 ediderunt,
1174 1986 1269 2041 sed
1308 1984 1445 2053 ﬁlios
1476 1984 1696 2050 inquili-

106 2079 321 2151 norum:
351 2086 443 2156 qui
476 2094 604 2140 sunt
644 2084 697 2137 in
737 2081 912 2141 vobis,
945 2078 1089 2149 quod
1117 2094 1147 2131 a
1197 2076 1573 2131 Theodotionc
1628 2084 1699 2138 ,ct

101 2177 440 2247 Symmacho
496 2172 713 2242 planius
740 2171 1003 2240 scriptum
1041 2176 1157 2221 est.
1192 2166 1229 2218 Α
1263 2165 1388 2234 ﬁliis
1416 2163 1700 2235 inquilino-

107 2286 253 2330 rum,
304 2269 390 2337 qui
421 2266 660 2319 habitant
710 2265 765 2317 in
792 2263 953 2316 vobis.
984 2261 1059 2314 De
1088 2260 1287 2331 quibus
1328 2258 1459 2312 dixit
1493 2255 1657 2310 David
1685 2274 1695 2307 :

108 2358 492 2416 Inltabitabimt
542 2369 589 2410 et
641 2356 960 2409 abscondent
1001 2353 1067 2408 “.
1099 2351 1233 2405 Cum
1275 2351 1421 2405 enim
1472 2357 1600 2403 sunt
1649 2348 1699 2401 in

111 2456 298 2520 nobis,
329 2454 422 2524 qui
469 2454 640 2522 legem
687 2450 858 2520 ipsam
927 2454 983 2501 et
1011 2446 1327 2515 prophetas,
1358 2459 1495 2513 quos
1520 2450 1573 2497 ct
1605 2457 1706 2495 nos
1766 2420 1793 2439 ί

111 2550 405 2609 habemus,
435 2545 659 2605 habent,
699 2542 1010 2596 inhabitant
1040 2549 1221 2593 tamen
1262 2552 1370 2590 non
1403 2536 1593 2591 cadem
1616 2551 1704 2589 sa-

112 2642 338 2711 pientes
369 2639 437 2694 de
466 2638 583 2708 lege
637 2645 689 2691 et
715 2633 1020 2706 prophetis,
1054 2647 1173 2701 qua:
1202 2646 1338 2685 nos:
1372 2644 1526 2685 suam
1559 2627 1705 2682 enim

107 2736 385 2806 justitiam
436 2733 775 2789 constituere
810 2736 1139 2798 quaerentes,
1188 2725 1415 2795 justitia:
1461 2721 1556 2777 Dei
1598 2736 1710 2775 non

114 2832 252 2879 sunt
280 2821 529 2891 subjecti,
573 2819 669 2874 sed
710 2818 816 2872 hoc
845 2816 1204 2878 abscondent,
1238 2821 1294 2866 et
1324 2821 1470 2866 recte
1498 2810 1712 2864 inhabi-

113 2921 263 2977 tant,
312 2912 456 2967 sicut
505 2911 599 2980 qui
653 2909 978 2978 semetipsos
1022 2922 1051 2959 a
1099 2905 1291 2974 libera,
1330 2913 1384 2958 et
1413 2920 1443 2957 a
1476 2902 1708 2957 liduciali

114 3002 468 3059 habitatione
500 3000 876 3056 excludentes.
922 2997 1078 3053 Unde
1132 2996 1414 3059 Dominus,
1450 2996 1575 3066 quia
1631 2996 1710 3049 in-

116 3094 377 3150 habitant
444 3100 666 3162 propter
730 3090 1101 3145 inﬁdelitatem
1165 3088 1400 3142 innucns
1460 3088 1709 3141 dicebat:

1791 1324 2015 1377 boribus
2046 1323 2337 1392 praecepit:
2382 1339 2649 1393 nusquam
2694 1328 2839 1379 enim
2868 1327 3056 1381 hocin
3097 1328 3379 1384 sanctione

1795 1418 1893 1469 hac
1932 1415 2131 1468 dixisse
2172 1415 2424 1469 videtur:
2460 1417 2552 1470 sed
2578 1420 2704 1486 quia
2738 1434 2843 1471 non
2883 1420 3075 1488 mquali
3113 1430 3381 1490 potestate

1794 1510 1846 1560 in
1883 1508 2007 1572 illis,
2040 1518 2095 1561 et
2130 1508 2247 1562 istis
2285 1510 2359 1562 uti
2404 1524 2715 1578 possumus.
2748 1512 2908 1565 Al;ud
2944 1522 3027 1566 est
3063 1514 3209 1567 enim
3259 1514 3382 1568 inﬁ-

1796 1602 1946 1655 deles
1995 1578 2063 1656 iid
2106 1603 2266 1656 fidem
2320 1603 2634 1671 perductos,
2690 1603 2835 1658 aliud
2887 1604 3072 1658 ﬁdeles
3118 1606 3319 1674 lapsos,
3355 1623 3382 1659 a

1798 1694 1955 1748 nobis
1983 1694 2313 1747 admonitos.
2500 1736 2520 1792 ῃ

1872 1786 2034 1839 Vens.
2099 1785 2288 1838 4749.
2328 1803 2346 1835 ι
2400 1784 2456 1837 Si
2499 1784 2792 1839 invalucrit
2847 1788 2991 1855 apud
3011 1803 3144 1875 ‘vos
3191 1804 3386 1843 manus

1799 1877 2047 1939 advenae,
2081 1882 2246 1945 atque
2280 1876 2573 1947 peregrini,
2604 1885 2660 1931 et
2705 1887 3022 1975 atter‘i'uatus
3058 1879 3223 1935 frater
3260 1890 3389 1937 tuus

1801 1967 2108 2022 vendiderit
2146 1983 2204 2021 se
2242 1968 2310 2031 ei,
2354 1978 2450 2023 aut
2487 1968 2740 2038 cuiquam
2783 1967 2865 2023 de
2887 1971 3058 2039 stirpe
3088 1972 3232 2040 ejus,
3270 1981 3391 2042 jost

1805 2060 2169 2114 venditionem
2199 2069 2376 2131 potest
2406 2061 2618 2115 redimi.
2648 2060 2750 2127 Qui
2776 2063 3009 2118 voluerit
3039 2080 3107 2121 ex
3135 2064 3391 2121 fratribus

1805 2155 1941 2214 suis.
1976 2166 2121 2209 emet
2157 2172 2302 2217 eum,
2355 2165 2410 2227 et
2459 2164 2710 2224 patruus,
2737 2165 2792 2211 ct
2842 2158 3122 2226 patruelis,
3156 2168 3212 2213 et
3260 2174 3393 2213 con-

1804 2250 2156 2317 sanguineus,
2188 2259 2243 2302 et
2270 2248 2466 2303 afﬁnis.
2497 2267 2517 2301 ι

1876 2342 2012 2407 Quia
2049 2342 2135 2395 lex
2169 2342 2443 2411 pertinere
2490 2344 2595 2398 sibi
2630 2346 2930 2401 secundum
2955 2350 3213 2411 litteram,
3243 2347 3315 2403 de
3342 2348 3401 2401 li-

1798 2413 2021 2490 itertate
2044 2435 2421 2505 indigenarum
2449 2438 2814 2490 lsraelitarum
2833 2440 3093 2503 ostendit,
3113 2448 3398 2509 propterea

1810 2545 1936 2585 cum
1979 2531 2074 2600 qui
2121 2531 2177 2584 in
2208 2532 2293 2584 eis
2320 2530 2565 2585 deterius
2614 2541 2841 2601 propter
2880 2540 3279 2601 paupertatem,
3309 2542 3404 2588 aut

1812 2626 2046 2692 aliquam
2071 2625 2229 2677 aliam
2264 2627 2653 2679 necessitatem
2675 2600 2820 2695 338i,
2853 2625 3160 2696 proselytis.
3193 2626 3278 2679 vel
3321 2625 3404 2679 in-

1812 2718 2054 2788 quilinis,
2089 2717 2179 2787 qui
2211 2718 2278 2770 de
2311 2718 2396 2771 bis
2422 2717 2642 2784 quidem
2670 2716 2805 2771 foris
2836 2727 2965 2771 sunt
2997 2717 3186 2787 geniti,
3220 2718 3406 2773 adhue-

1814 2806 1965 2869 serit,
1997 2806 2202 2860 servire
2233 2822 2340 2859 non
2373 2806 2600 2874 patitur,
2637 2806 2732 2860 sed
2767 2807 2960 2859 redimi
2985 2822 3113 2860 eum
3140 2807 3207 2861 ab
3229 2806 3410 2877 aliquo

1756 2926 1779 2948 ν
1817 2911 2037 2949 suorum
2070 2904 2428 2965 cognatorum
2462 2896 2741 2967 praecepit.
2797 2896 2951 2960 Vide,
2995 2897 3271 2966 quomodo
3306 2897 3410 2951 hoc

1818 2986 2079 3039 custodiri
2114 2996 2171 3040 et
2191 2989 2494 3041 secundum
2520 3003 2798 3058 auagogen
2833 2988 3133 3059 spiritalem
3172 2999 3407 3059 oportet,

1822 3078 1895 3132 ait
1918 3079 2065 3132 enim
2092 3096 2104 3131 :

121 3188 326 3243 Servus
367 3202 467 3238 non
518 3194 692 3237 manet
724 3185 779 3237 in
812 3183 965 3235 domo
1000 3181 1052 3232 in
1076 3191 1330 3233 internum
1367 3178 1428 3241 ³⁷,
1460 3179 1603 3248 quod
1635 3190 1720 3233 est
1745 3191 1789 3247 (ζ
1898 3172 1956 3225 Si
1986 3172 2273 3226 iuvaluerit
2308 3174 2453 3241 apud
2487 3189 2573 3227 vos
2607 3188 2794 3226 manus
2836 3176 3050 3226 advena:
3070 3184 3232 3243 atque
3262 3191 3403 3242 per:-

119 3275 560 3333 inhahitantium
594 3274 893 3343 proprium.
932 3269 1039 3324 Sed
1085 3272 1159 3323 ait
1192 3269 1487 3338 legislator,
1523 3285 1718 3324 secun-

119 3373 260 3424 dum
296 3367 647 3437 Septuaginta
679 3365 779 3419 εει
808 3365 875 3418 de
911 3362 1157 3432 cognatis
1202 3362 1467 3431 ipsorum,
1491 3362 1726 3429 quicun-

120 3471 241 3526 que
284 3455 488 3509 fuerint
514 3453 567 3506 in
611 3463 753 3507 terra
782 3460 980 3516 vestra,
1024 3460 1186 3505 erunt
1226 3450 1381 3505 vobis
1418 3450 1472 3504 in
1504 3465 1725 3521 posses—

123 3547 365 3600 sionem.
398 3544 624 3615 Cognati
670 3543 814 3597 enim
842 3541 1181 3606 Iudaeorum,
1225 3551 1451 3613 propter
1497 3541 1729 3596 inﬁdeli-

126 3649 332 3703 ratem,
371 3637 611 3692 haeretici
659 3645 807 3701 sunt,
833 3635 960 3704 quia
1002 3651 1110 3689 non
1144 3634 1323 3703 plene,
1361 3633 1502 3689 sicut
1553 3644 1608 3687 et
1654 3632 1728 3685 illi

125 3730 401 3791 sentiunt,
436 3736 491 3782 et
519 3728 708 3781 eadem
749 3726 909 3780 nobis
950 3724 1249 3794 praedicant
1302 3722 1581 3792 mysteria.
1612 3736 1727 3774 non

125 3833 321 3876 tamen
353 3822 409 3872 in
440 3818 647 3873 eisdem
680 3815 867 3878 rectis,
897 3825 953 3869 et
1004 3814 1281 3884 perfectis.
1327 3822 1383 3867 et
1413 3814 1643 3882 integris
1676 3813 1729 3866 iu

128 3916 313 3967 Deum
357 3910 704 3981 dogmatibus
725 3925 745 3961 τ
778 3907 925 3962 unde
954 3916 1084 3960 sunt
1108 3905 1328 3975 quidem
1362 3905 1416 3958 in
1448 3915 1593 3958 terra
1628 3921 1731 3957 no-

127 4010 274 4064 stra,
299 4001 392 4055 sed
428 3999 705 4068 inquilini.

217 4090 328 4144 llos
365 4090 640 4151 habebitis,
691 4086 889 4157 inquit,
941 4088 998 4140 in
1044 4087 1364 4158 famulos,ct
1394 4087 1734 4141 hereditario

118 4187 264 4256 jure
295 4182 666 4237 transmittetis
697 4182 769 4235 ad
810 4190 1066 4250 posteros,
1098 4196 1162 4233 ac
1193 4179 1522 4250 possidebitis
1560 4180 1616 4231 in
1672 4194 1737 4231 at-

123 4289 373 4333 tcrnam.
413 4275 779 4343 Quoscunque
828 4288 959 4343 ergo
998 4288 1067 4328 ex
1110 4272 1365 4343 gentibus
1401 4270 1733 4335 inﬁdelibus,

127 4377 242 4423 aut
276 4383 341 4422 ex
369 4366 591 4426 ludatis,
623 4377 806 4419 ante;
830 4364 1103 4418 haereticis
1130 4364 1321 4417 lucrati
1348 4362 1639 4427 fuerimus,
1679 4374 1735 4418 et

132 4463 259 4515 Deo
280 4458 659 4518 obtulerimus,
703 4471 1000 4525 servosque
1038 4466 1093 4511 et
1116 4456 1343 4510 ancillas
1377 4455 1733 4525 acquisiveri-

128 4562 291 4612 mus,
324 4546 702 4615 impendentes
734 4560 833 4616 pro
860 4545 940 4600 eis
958 4545 1220 4599 doctrina:
1246 4545 1554 4615 pecuniam,
1588 4545 1641 4599 hi
1678 4546 1733 4599 in

130 4640 336 4690 nostra
365 4633 718 4702 possessione
753 4643 897 4688 sunt.
928 4634 1034 4688 Sed
1062 4643 1118 4688 et
1144 4634 1268 4688 ﬁliis
1293 4636 1516 4696 nostris,
1553 4636 1602 4690 id
1628 4647 1734 4702 est,

129 4725 463 4793 discipulis,
494 4724 741 4779 dividere
769 4739 885 4787 eos,
923 4726 975 4779 id
1016 4735 1121 4789 est,
1155 4726 1367 4781 tradere
1401 4742 1590 4781 eorum
1622 4728 1737 4783 dis-

128 4814 448 4884 cipulatum
480 4829 788 4883 possumus.
812 4814 966 4879 Quod
997 4814 1311 4869 manifestat
1336 4815 1557 4879 Paulus,
1582 4817 1738 4888 cujus

128 4908 295 4962 sicut
329 4904 421 4958 ﬁlii
461 4914 617 4959 erant
649 4906 901 4975 discipuli
933 4904 1085 4961 Titus
1121 4918 1176 4961 et
1213 4905 1554 4962 Timotheus.
1601 4906 1736 4961 Nam

128 4997 465 5057 Timotheo,
494 4995 852 5052 dilectissimo
882 4998 991 5052 ﬁlio
1038 4999 1090 5052 ia
1128 4998 1253 5065 ﬁde,
1303 5008 1357 5054 et
1408 4998 1533 5055 Tito
1571 5001 1738 5055 dilec-

134 5087 369 5143 tissimo
423 5086 532 5142 ﬁlio
578 5088 885 5143 secundum
939 5104 1285 5145 communem
1318 5091 1501 5157 ﬁdem,
1530 5092 1599 5147 ad
1644 5108 1740 5151 eos

130 5176 399 5234 scribens
439 5179 847 5247 praescribebat.
879 5179 1085 5234 Deinde
1130 5182 1260 5235 huic
1298 5181 1580 5252 Ephesios,
1616 5184 1741 5240 huic

58 5300 59 5303 η
130 5273 447 5326 Cretenses
501 5270 796 5325 distribuit.
844 5269 979 5326 Nam
1036 5272 1111 5326 illi
1155 5273 1377 5343 quidem
1430 5276 1739 5331 scribebat:

58 5380 61 5387 ’
131 5362 303 5418 Sicut
346 5360 529 5432 rogavi
574 5370 642 5426 te,
684 5373 739 5415 ut
778 5379 1077 5419 remanens
1121 5364 1334 5433 Ephesi,
1364 5384 1479 5421 cum
1523 5370 1653 5422 irem
1692 5370 1748 5422 in

133 5452 554 5517 Macedoniam,
600 5464 656 5509 ut
702 5459 1052 5512 annuntians
1095 5458 1431 5528 quibusdam,
1480 5478 1543 5515 ne
1595 5462 1751 5516 aliter

60 5554 72 5583 ³
130 5549 398 5603 docerent
429 5545 495 5599 ³⁸.
537 5545 661 5602 Tito
685 5557 899 5604 autem:
942 5549 1118 5619 Hujus
1160 5551 1236 5604 rei
1268 5553 1444 5622 gratia
1486 5552 1674 5623 reliqui
1705 5566 1752 5606 te

58 5656 71 5671 '-
133 5636 356 5701 Ciam,
402 5645 457 5690 ut
496 5654 558 5691 ea
600 5655 716 5708 qua
744 5640 929 5695 desunt
969 5642 1224 5714 corrigas,
1255 5654 1302 5696 et
1338 5646 1626 5698 constituas
1656 5662 1750 5714 per

237 5807 432 5867 “Act.
466 5830 583 5876 xm,
626 5816 716 5869 46.
793 5817 837 5849 ³³
869 5818 990 5873 Act.
1030 5836 1141 5885 xv',
1174 5821 1262 5878 53.

1343 5822 1384 5852 ³⁸
1412 5820 1555 5875 Psal.
1590 5838 1676 5885 tv,
1705 5822 1757 5875 7.

1828 3266 1967 3335 grini
2015 3266 2152 3331 (sive
2187 3275 2245 3319 ut
2290 3265 2641 3334 Septuaginta
2666 3265 2972 3334 inquilini.)
3014 3276 3059 3319 et
3111 3277 3416 3320 attenuate;

1829 3358 1996 3427 frater
2045 3368 2167 3410 tuus
2213 3355 2497 3409 vendiderit
2535 3373 2591 3410 se
2620 3358 2667 3410 ei
2720 3366 2812 3409 aut
2848 3359 3098 3476 cuiqutyt
3146 3358 3210 3411 de
3254 3360 3417 3425 stirpe

1832 3465 1966 3517 ejus.

1905 3540 1959 3593 Id
2000 3549 2104 3604 est,
2155 3546 2199 3593 si
2252 3542 2297 3594 is
2335 3541 2426 3610 qui
2469 3540 2534 3594 ad
2587 3540 2748 3593 ﬁdem
2783 3555 2849 3593 ex
2898 3541 3177 3609 gentibus,
3205 3551 3299 3594 aut
3352 3558 3415 3595 cx

1831 3634 2053 3699 Judaeis,
2095 3644 2189 3688 aut
2220 3637 2444 3688 omnino
2475 3635 2769 3701 haereticis,
2801 3636 3014 3690 noviter
3045 3646 3248 3691 nostra:
3294 3635 3418 3691 ﬁdei

1834 3726 2165 3793 conjunctus
2201 3727 2380 3779 clarus
2409 3734 2495 3779 est
2529 3726 2845 3788 virtutibus,
2878 3726 2949 3779 ita
2998 3704 3058 3781 ιῗι
3111 3736 3306 3795 potens
3351 3730 3416 3782 sit

1836 3816 1888 3869 in
1924 3816 2223 3885 arguendo,
2244 3826 2298 3869 et
2318 3815 2659 3869 exhortando
2679 3824 2986 3883 peccantes.
3012 3816 3175 3886 hujus
3206 3819 3421 3886 proprie

1836 3928 2031 3966 manus
2063 3911 2367 3975 invalescit,
2396 3913 2608 3971 sive,ut
2629 3912 3005 3983 Septuaginta,
3036 3912 3261 3977 invenit,
3297 3915 3421 3982 quia

1742 4001 1749 4017 '
1838 4020 1937 4073 per
1974 4019 2127 4058 suam
2162 4004 2434 4058 actionem
2469 4003 2716 4057 invenire
2747 4013 2803 4059 et
2845 4005 3078 4059 aliorum
3126 4021 3417 4061 conversa-

1838 4096 2043 4150 tionem
2084 4106 2138 4150 et
2190 4096 2629 4151 exhortationem
2679 4106 2879 4166 potest.
2928 4096 3132 4152 Deinde
3172 4108 3228 4153 et
3257 4099 3425 4153 frater

1840 4196 1986 4251 tuus,
2018 4190 2109 4257 qui
2142 4187 2269 4240 olim
2317 4187 2569 4241 eruditus
2607 4196 2694 4240 est
2740 4187 2794 4240 in
2845 4188 3034 4250 verbo,
3066 4189 3160 4243 scd
3192 4199 3248 4243 et
3298 4190 3421 4260 quia

1837 4278 2063 4348 aequalis
2115 4278 2210 4332 tibi
2256 4290 2341 4333 est
2388 4278 2689 4334 secundum
2729 4287 2933 4334 sortem
2972 4281 3419 4336 conversationis.

1843 4374 1945 4426 hoc
1971 4380 2061 4425 est
2110 4370 2258 4424 enim
2294 4370 2464 4425 frater
2511 4379 2848 4435 attenuatus,
2886 4372 2938 4426 id
2992 4383 3097 4436 est,
3138 4390 3245 4427 non
3287 4374 3429 4428 inve-

1841 4464 2001 4518 niens
2035 4464 2439 4527 exhortantem,
2468 4471 2524 4517 et
2560 4463 2850 4518 consilium
2880 4465 3102 4520 dantem
3132 4486 3143 4519 :
3184 4467 3425 4528 advena»,

1840 4557 1955 4611 sive
1987 4556 2295 4626 peregrino,
2340 4556 2425 4611 vel
2470 4556 2740 4626 inquilino
2768 4573 2827 4611 se
2863 4559 3188 4622 vendiderit,
3234 4561 3284 4614 id
3323 4575 3429 4624 est,

1836 4649 1889 4702 ei
1933 4649 2026 4716 qui
2077 4649 2295 4703 noviter
2325 4651 2393 4704 de
2424 4649 2699 4720 gentibus.
2725 4657 2819 4703 aut
2856 4650 2924 4704 de
2952 4649 3176 4716 Iudaeis,
3212 4661 3307 4705 aut
3344 4668 3434 4706 se-

1841 4740 2083 4794 cundum
2126 4741 2274 4810 quod
2322 4741 2559 4795 diximus
2604 4742 2876 4795 haereticis
2920 4743 3186 4803 credenti,
3221 4758 3433 4799 venun-

1842 4828 2005 4882 datur
2052 4837 2236 4882 autem
2283 4826 2368 4889 ci,
2420 4827 2513 4882 illo
2558 4828 2788 4883 verbum
2838 4827 3116 4884 doctorale
3143 4869 3159 4889 .
3214 4840 3436 4901 propter

1842 4917 2317 4970 conversationem
2348 4917 2469 4985 ejus
2499 4917 2849 4988 impendente
2864 4935 2882 4972 .:
2915 4918 3041 4987 quia
3074 4918 3434 4991 incongruum

1843 5016 1927 5059 est
1982 5022 2130 5070 eum,
2174 5008 2265 5077 qui
2320 5008 2450 5061 olim
2512 5007 2568 5061 in
2608 5009 2754 5062 clara
2790 5008 3022 5063 scientia
3054 5018 3110 5064 et
3153 5025 3439 5066 conversa-
3523 5030 3528 5037 υ

1848 5096 1994 5151 tione
2024 5106 2189 5152 notus
2215 5097 2336 5159 fuit.
2370 5099 2471 5152 sub
2496 5112 2565 5153 eo
2592 5099 2686 5167 qui
2724 5100 2942 5154 noviter
2978 5098 3045 5153 ad
3079 5100 3240 5155 ﬁdem
3269 5103 3435 5163 venit.

1849 5205 2028 5259 agere.
2078 5189 2196 5245 Non
2246 5200 2333 5285 est
2388 5191 2533 5245 enim
2574 5206 2739 5261 parva
2779 5207 2867 5245 res
2918 5191 3299 5262 discipulatus.
3343 5195 3441 5249 sed

1852 5282 2004 5335 inulti
2049 5282 2334 5352 temporis,
2378 5283 2503 5337 vitae
2541 5283 2708 5337 etiam
2748 5299 2857 5337 non
2900 5284 3147 5340 modicos
3179 5285 3443 5341 decursus

1848 5375 1918 5428 ad
1958 5374 2354 5444 perfectionem
2397 5375 2763 5430 necessarius.
2797 5374 2967 5431 Recte
3007 5376 3310 5437 redimitur.
3348 5379 3441 5445 qui

1856 5458 2090 5511 voluerit
2129 5472 2195 5511 ex
2230 5456 2489 5511 fratribus
2527 5457 2664 5523 suis,
2698 5468 2844 5512 emet
2874 5474 3021 5523 eum,
3050 5458 3102 5514 id
3151 5468 3258 5526 est,
3294 5460 3444 5529 quis-

1857 5551 2002 5622 piam
2040 5565 2165 5603 eum
2207 5549 2401 5604 similis
2452 5550 2701 5613 honoris,
2747 5550 3050 5620 similisque
3098 5552 3362 5618 scientiae,
3387 5561 3447 5607 et

1854 5642 2294 5698 conversationis
2356 5658 2454 5712 per
2502 5658 2657 5698 suam
2706 5644 3012 5699 doctrinam
3064 5645 3333 5709 redimat,
3386 5655 3441 5700 et

1837 5822 1879 5853 ³⁷
1914 5819 2071 5875 Joan.
2105 5834 2224 5885 Vitt,
2258 5821 2345 5875 55.
2427 5823 2468 5852 ³⁸
2505 5823 2520 5876 Ι
2558 5823 2700 5879 Tim.
2739 5842 2773 5879 l.
2809 5825 2860 5877 5.

2962 5826 3001 5855 3'
3037 5824 3139 5877 Tit.
3177 5839 3214 5891 ι,
3246 5823 3305 5881 5.

3469 4552 3498 4578 ί
3518 4560 3521 4561 ,
