4158 6450
805 389 824 449 1
846 388 945 452 135

1993 391 2353 452 lIESYCIIlI
2412 391 2506 450 PR
2516 391 2890 452 ESBYTERI

3987 403 4070 428 '.‘,‘

3987 427 4068 464 n9.

806 503 967 557 faciat
1011 518 1119 557 non
1147 517 1285 572 Opus
1321 504 1520 557 [rabere
1561 505 1842 557 admoneri
1871 505 1941 558 ab
1965 505 2067 566 cis,
2098 520 2236 573 quos
2271 505 2385 571 ipse
2417 511 2458 563 Λ
2561 501 2796 559 Tantum
2832 507 2900 560 de
2923 507 3173 564 libertate
3214 522 3421 578 nosta,
3457 529 3512 569 et
3550 517 3901 570 honestate.
3931 532 3972 567 [ιε
3999 537 4070 584 μγ

802 593 991 647 debuit
1025 594 1341 658 admonere,
1397 605 1584 664 utpote
1639 597 1729 662 qui
1787 598 1842 649 in
1881 598 2104 650 scientia
2155 596 2380 664 perfecit

800 698 897 736 eos
935 685 1028 754 qui
1064 686 1243 738 adhuc
1297 688 1458 740 modo
1508 689 1672 757 geniti
1731 699 1877 742 sunt.
1921 688 2037 741 Non
2095 700 2178 742 est
2230 691 2376 742 enim

799 775 1196 846 qualiscunque
1225 776 1279 828 in
1315 777 1627 848 doctoribus
1658 779 1909 848 dignitas,
1944 779 2083 848 longi
2117 782 2379 848 temporis

800 841 1046 927 screntia,
1069 841 1122 917 in
1153 872 1361 918 tantum
1384 841 1461 919 1ut
1499 841 1741 931 Paulus:
1755 869 1972 936 quando
2006 867 2376 924 Philemonem

801 953 1012 1007 volebat
1049 954 1290 1024 alligare,
1328 957 1409 1010 sic
1442 959 1751 1027 scripsisset
1786 975 1799 1010 :
1841 958 2080 1012 Obsecro
2101 976 2227 1013 cum
2259 962 2378 1014 talis

799 1046 895 1108 sis,
921 1055 979 1100 ut
1005 1045 1205 1099 Paulus
1242 1061 1432 1111 senex,
1460 1063 1606 1102 nunc
1631 1058 1814 1102 autem
1838 1058 1893 1101 et
1932 1050 2145 1104 vinctus
2173 1051 2376 1106 Christi

797 1133 946 1188 .lcsu.
993 1135 1058 1187 Et
1087 1145 1414 1190 vetustatem
1453 1139 1730 1207 temporis,
1762 1141 2116 1203 contessioni,
2163 1157 2285 1209 quae
2324 1143 2376 1194 iu

802 1223 1036 1276 vinculis
1072 1233 1211 1287 erat,
1259 1226 1564 1292 conjunxit,
1598 1235 1784 1296 utpote
1825 1228 2076 1282 idoneam
2105 1233 2373 1282 exsistet:-

798 1322 904 1364 tem
946 1313 1012 1365 ad
1052 1313 1276 1382 gloriam
1309 1329 1499 1369 eorum
1538 1315 1629 1384 qui
1653 1317 1705 1368 in
1742 1317 1968 1371 scicntia
2005 1317 2372 1387 profecerunt.

796 1398 1027 1453 Patruus
1057 1416 1205 1471 ergo,
1233 1412 1287 1456 et
1316 1405 1598 1472 patruelis,
1627 1413 1681 1457 ct
1710 1407 2172 1475 consanguineus,
2198 1416 2252 1460 et
2295 1407 2377 1459 af.

797 1487 919 1541 linis
973 1489 1205 1542 redimat
1257 1505 1402 1543 cum.
1446 1491 1634 1545 Patres
1665 1494 1833 1547 nostri
1889 1504 2019 1546 sunt
2074 1495 2372 1547 secundum

795 1577 1072 1644 spiritum,
1104 1579 1194 1646 qui
1231 1595 1330 1632 nos
1359 1591 1667 1647 genuerunt
1686 1599 1783 1651 per
1819 1583 2022 1636 Christi
2044 1584 2371 1646 doctrinam,

795 1675 1015 1733 propter
1052 1667 1196 1734 quod
1231 1675 1286 1719 et
1327 1665 1526 1721 Paulus
1567 1668 1866 1723 Corinthiis
1897 1671 2189 1723 scribebat:
2215 1670 2373 1723 Nam

790 1753 888 1804 etsi
925 1753 1113 1805 multo:
1141 1753 1344 1805 habetis
1373 1757 1682 1826 pa'dagogos
1735 1759 1789 1810 in
1845 1759 2068 1821 Christo,
2127 1763 2218 1811 sed
2273 1776 2375 1812 non

793 1844 982 1896 multos
1005 1854 1182 1912 patres
1212 1846 1277 1898 ⁶⁰.
1312 1846 1364 1898 ln
1406 1848 1627 1901 Christo
1657 1850 1802 1902 enim
1824 1849 1972 1913 .lcsu,
2006 1867 2100 1919 per
2129 1853 2373 1920 Iivauge-
2407 1852 2447 1905 Β

791 1935 923 1989 liuor
971 1952 1068 1989 vos
1116 1937 1297 2007 genui.
1338 1941 1616 2008 Quotquot
1670 1956 1798 2011 ergo
1832 1944 2026 1996 fratres
2066 1943 2282 2008 horum,
2321 1946 2372 1997 id

788 2037 873 2081 est
909 2029 1242 2091 sacerdotes,
1291 2012 1433 2082 sicut
1478 2040 1533 2083 et
1581 2032 1681 2100 ipsi
1721 2043 1848 2085 sunt
1881 2043 1937 2085 et
1971 2033 2244 2099 doctores,
2280 2046 2373 2088 aut

787 2130 842 2174 ct
899 2121 994 2174 lilii
1049 2122 1302 2188 fratrum,
1358 2132 1454 2176 aut
1501 2123 1753 2192 discipuli
1803 2125 2021 2194 quidem
2058 2142 2270 2193 eorum,
2315 2129 2369 2182 in

786 2213 1033 2267 eamdem
1085 2224 1266 2267 autem
1320 2232 1481 2283 quain
1525 2215 1612 2269 ille
1657 2217 1942 2271 Scientiam
1977 2229 2031 2272 ct
2065 2219 2369 2274 doctrinam

790 2307 1036 2375 provecti
1089 2318 1242 2368 sunt,
1280 2309 1477 2361 fratres
1515 2310 1682 2378 patris
1737 2321 1884 2364 recte
1940 2313 2213 2366 dicuntur.
2268 2313 2370 2378 Qui

786 2400 931 2452 enim
968 2400 1361 2469 consanguinei
1412 2408 1467 2452 et
1506 2401 1694 2455 attines
1743 2411 1872 2454 sunt
1922 2402 2042 2471 ejus
2103 2405 2198 2472 qui
2250 2419 2370 2474 eget

787 2494 1013 2545 consitio
1044 2502 1098 2545 et
1131 2493 1534 2556 exhortatione,
1565 2493 1618 2546 id
1653 2502 1757 2556 est,
1793 2505 1850 2548 ut
1881 2496 1970 2563 qui
2002 2495 2244 2561 ejusdem
2285 2498 2368 2550 di-

785 2583 1006 2653 gnitatis
1037 2592 1092 2637 ct
1141 2583 1574 2637 conversationis
1606 2584 1847 2649 fuerunt,
1893 2585 1947 2636 hi
1985 2600 2173 2639 rursus
2221 2587 2368 2639 redi-

789 2685 962 2737 munt.
993 2675 1140 2728 Pauli
1169 2690 1441 2728 memores
1473 2675 1649 2729 vocis:
1699 2676 1756 2729 Si
1783 2679 1896 2746 quis
1926 2688 2102 2731 autem
2130 2696 2366 2747 suorum,

787 2779 834 2821 et
882 2769 1111 2821 maxime
1161 2769 1564 2821 domesticorum
1611 2786 1795 2822 curam
1838 2787 1939 2822 non
1985 2772 2177 2836 habet,
2212 2774 2366 2840 ﬁdem

787 2859 1027 2928 negavit,
1057 2867 1105 2910 et
1137 2869 1209 2911 est
1239 2858 1438 2925 inﬁdeli
1486 2860 1716 2912 deterior
1745 2861 1808 2925 ”,
1843 2873 1898 2915 et
1935 2864 2026 2927 qui
2057 2873 2271 2932 Oportet
2299 2866 2366 2918 ad

785 2963 978 3003 euntes
996 2949 1200 3002 bonum
1232 2949 1546 3012 ostendere,
1564 2950 1794 3006 maxime
1818 2962 1998 3005 autem
2021 2955 2087 3007 ad
2119 2956 2366 3023 proprios

787 3043 932 3098 fidei.
998 3042 1062 3096 Ili
1116 3059 1244 3113 ergo
1305 3042 1464 3096 nobis
1521 3047 1915 3114 consanguinei
1986 3063 2084 3116 per
2144 3066 2362 3103 carnem

785 3137 986 3190 Christi
1015 3148 1160 3200 sunt,
1194 3136 1321 3206 quia
1359 3137 1427 3190 de
1473 3153 1635 3191 carne
1670 3139 1790 3207 ejus
1823 3150 1878 3192 et
1905 3141 1970 3193 de
1997 3141 2212 3195 ossibus
2243 3145 2362 3212 ejus

787 3244 996 3290 sumus,
1029 3227 1488 3295 quemadmodum
1516 3226 1630 3295 ipse
1660 3243 1848 3281 rursus
1885 3227 2082 3281 Paulus
2109 3229 2362 3298 Ephesiis

788 3319 1024 3388 scripsit.
1062 3318 1119 3370 In
1168 3328 1376 3370 tantum
1418 3332 1548 3386 ergo
1588 3318 1780 3371 melius
1810 3327 1891 3371 est
1923 3319 1991 3371 ab
2015 3321 2270 3388 antiquis,
2309 3333 2362 3375 et

787 3414 1031 3481 ejusdem
1083 3410 1207 3464 fidei
1258 3410 1536 3463 admoneri
1593 3425 1716 3464 eum
1750 3410 1843 3479 qui
1909 3410 1963 3464 in
2011 3413 2229 3466 actione
2271 3425 2365 3468 aut

789 3506 1012 3560 scicntia
1047 3505 1227 3557 minor
1263 3513 1365 3568 est,
1397 3504 1520 3572 quia
1553 3503 1769 3572 Apelles
1803 3504 2226 3569 Alexandrinus,
2263 3507 2363 3559 do-

789 3607 908 3650 ctus
953 3597 1210 3665 magister
1241 3606 1357 3648 erat
1394 3603 1448 3647 et
1492 3596 1690 3658 clarus,
1729 3596 1824 3649 sed
1881 3607 2059 3649 tamen
2095 3598 2360 3652 minorem

789 3688 1069 3741 scientiam
1104 3686 1362 3750 habebat,
1397 3695 1453 3738 et
1492 3686 1594 3739 hoc
1629 3687 1772 3754 quod
1812 3697 1928 3739 erat
1957 3701 2250 3752 summum,
2283 3704 2364 3741 re-

790 3780 1162 3850 prehensihile
1212 3780 1465 3842 habebat,
1517 3780 1770 3832 nesciens
1815 3779 2017 3832 Christi
2073 3780 2360 3849 baptisma.

793 3872 943 3927 Unde
991 3869 1232 3924 Priscilla
1289 3879 1345 3923 et
1389 3870 1583 3938 Aquila
1635 3879 1992 3938 susceperunt
2033 3871 2179 3923 hunc
2207 3873 2274 3934 δ’,
2311 3883 2365 3925 ct

790 3957 1048 4012 subtilius
1081 3967 1455 4026 exposuerunt
1507 3957 1555 4010 ei
1587 3957 1747 4021 viam,
1800 3961 1941 4011 sicut
1976 3960 2053 4012 ait
2077 3959 2272 4024 Lucas,
2310 3961 2362 4014 id

790 4060 897 4111 est,
926 4065 1010 4110 ea,
1043 4066 1163 4117 qua-
1195 4050 1539 4118 pertinebant
1570 4050 1634 4102 ad
1659 4051 1960 4105 doctrinam
1985 4053 2360 4108 etscientiam:

789 4139 1148 4208 incongruum
1179 4155 1300 4192 esse
1334 4147 1606 4208 putantes,
1642 4140 1685 4192 si
1717 4141 1786 4194 ab
1811 4140 1930 4194 aliis
1958 4151 2011 4194 et
2055 4158 2164 4195 non
2195 4144 2263 4197 ab
2287 4146 2366 4197 eis

789 4232 880 4300 qui
946 4233 999 4285 in
1063 4231 1291 4285 scientia
1353 4232 1741 4300 profecerunt,
1791 4236 1977 4302 quales
2027 4244 2184 4289 erant
2238 4236 2361 4306 ipsi,

791 4323 1172 4375 emendaretur
1214 4322 1421 4376 doctor.
1467 4321 1572 4377 Sed
1596 4333 1651 4377 et
1679 4339 1803 4378 cum
1848 4325 1962 4379 haec
1992 4325 2101 4380 sint
2133 4325 2366 4381 admira-

790 4415 941 4474 bilia,
967 4414 1145 4466 adhue
1173 4414 1574 4468 admirabiliora
1599 4415 1919 4485 sequuntur.

856 4507 1017 4559 Vens.
1053 4505 1241 4559 50-55.
1274 4525 1292 4556 ε
1332 4505 1387 4560 Si
1418 4515 1598 4560 autem
1629 4515 1683 4560 et
1705 4507 1819 4575 ipse
1850 4507 2105 4576 potuerit,
2136 4507 2363 4562 redimet
2396 4523 2438 4580 ῃ

789 4612 869 4663 se,
901 4598 1209 4667 supputatis
1235 4597 1497 4650 duntaxat
1527 4597 1685 4652 annis
1709 4613 1738 4651 a
1772 4607 2013 4668 tempore
2035 4599 2361 4654 venditionis

788 4705 902 4742 sua:
960 4703 1133 4758 usque
1178 4691 1231 4741 in
1282 4703 1485 4742 annum
1535 4689 1839 4758 jubilaaum.
1891 4699 1942 4744 et
1976 4693 2207 4760 pecunia
2253 4709 2358 4762 qua

791 4780 1045 4833 venditus
1079 4782 1290 4846 fuerat,
1328 4780 1484 4848 juxta
1534 4795 1804 4833 armorqu
1834 4797 2122 4836 numerum
2183 4792 2238 4837 et
2271 4799 2359 4838 ra-

790 4873 1352 4926 tionem‘mercenarii
1382 4883 1694 4942 supputata.
1727 4874 1782 4927 Si
1803 4877 1984 4943 plures
2001 4875 2199 4930 fuerint
2229 4879 2359 4931 anni

786 4966 881 5035 qui
926 4974 1210 5018 remanent
1243 4980 1413 5034 usque
1447 4967 1513 5018 ad
1564 4966 1864 5035 jubilmum,
1913 4970 2211 5022 secundum
2261 4970 2360 5023 hos

789 5059 978 5112 reddet
1005 5068 1060 5112 et
1100 5069 1353 5129 pretium.
1393 5059 1449 5112 Si
1495 5061 1670 5128 pauci,
1709 5071 1873 5128 ponet
1920 5061 2184 5116 rationem
2235 5078 2356 5115 cum

786 5167 855 5204 eo
884 5151 1036 5219 juxta
1070 5152 1328 5219 pretium,
1359 5161 1412 5204 et
1438 5167 1724 5205 numerum
1759 5138 2140 5213 annorumﬁt
2170 5152 2358 5206 reddet

787 5244 1020 5312 emptori
1054 5242 1196 5311 quod
1242 5244 1509 5312 reliquum
1555 5253 1640 5296 cst
1682 5259 1968 5305 annorum,
2003 5243 2201 5312 quibus
2230 5254 2355 5296 ante

789 5333 1015 5387 servivit
1063 5333 1404 5391 intercedibus
1433 5333 1753 5424 3imputatis.
1807 5332 1925 5386 Non
1975 5334 2174 5419 afﬂiget
2229 5349 2353 5387 eum

786 5425 1050 5480 violenter
1077 5425 1130 5478 in
1163 5420 1482 5494 conspectu"
1498 5435 1608 5478 tuo.
1636 5425 1788 5491 Quod
1822 5426 1867 5478 si
1897 5443 1992 5496 per
2024 5428 2137 5478 hate
2167 5427 2355 5480 redimi

791 5533 899 5570 nou
953 5518 1204 5586 potuerit,
1250 5533 1394 5570 anno
1430 5517 1650 5585 jubilzeo
1696 5518 1968 5588 egreditur
2019 5534 2141 5572 cum
2171 5519 2359 5571 liberis

790 5609 924 5663 suis.
953 5606 1054 5661 Mei
1085 5608 1227 5660 enim
1261 5619 1386 5661 sunt
1419 5608 1560 5661 servi
1597 5609 1687 5661 ﬁlii
1723 5610 1904 5673 lsrael,
1937 5625 2073 5678 quos
2104 5609 2262 5664 eduxi
2295 5611 2361 5664 de

791 5707 936 5754 terra
965 5697 1198 5769 Algypti.
1234 5699 1343 5769 Ego
1375 5700 1633 5755 Dominus
1666 5699 1809 5755 Deus
1833 5712 2028 5755 vester.
2070 5719 2089 5754 ι

859 5815 955 5872 ⁸⁸1
994 5813 1111 5872 Cor.
1152 5831 1222 5879 tv,
1249 5816 1330 5869 15.
1411 5817 1448 5846 "'
1485 5815 1598 5870 Cal.
1633 5833 1702 5882 γι,
1733 5818 1815 5872 10.
1897 5821 1936 5849 δ’
1964 5820 2081 5873 Act.
2109 5837 2226 5887 vin,
2257 5820 2344 5877 9i}.

2423 5825 2465 5852 ³³
2502 5823 2632 5876 Luc.
2667 5838 2776 5888 xix,
2813 5822 2865 5875 9.

2483 593 2716 647 riatione
2757 596 2811 648 in
2863 599 3059 660 nobis,
3092 611 3146 654 ct
3187 603 3526 659 confidentia
3587 616 3850 659 sanctus
3895 604 4069 674 Spirlt'.»

2481 684 2579 745 ait,
2621 695 2680 738 ttt
2712 702 3160 760 unumquemque
3200 708 3450 750 nostrum
3499 699 3630 752 sub
3684 699 3959 752 servitute
3987 716 4070 767 pr-

2481 778 2589 832 cati
2638 782 3024 846 constitutum,
3059 785 3356 839 virtutibus
3412 789 3746 857 praecipiat
3805 790 4001 850 redimi,
4036 803 4067 842 α

2479 873 2941 938 correctionibus,
2961 877 3005 928 si
3039 878 3190 930 verbi
3220 880 3414 949 gratia,
3450 882 3737 934 ciliciqu
3773 891 3835 934 et
3862 883 4050 934 (ἑυνα-εει

2479 971 2534 1014 et
2575 963 2858 1033 lacrymas,
2894 976 2951 1020 et
2997 982 3118 1021 eam
3163 985 3286 1038 qute
3319 971 3373 1024 in
3406 971 3493 1026 his
3551 984 3662 1026 est
3708 972 4061 1025 confessiar-a

2481 1052 2681 1107 lucrari
2737 1056 3011 1119 volumus,
3071 1069 3127 1113 et
3164 1076 3506 1130 (jumcunque
3567 1079 3725 1118 cum
3782 1063 3872 1116 his
3918 1079 4060 1115 annus:

2479 1142 2765 1196 continent
2798 1144 3006 1212 jubila:i
3034 1186 3048 1208 ,
3086 1146 3201 1200 sive
3237 1151 3622 1211 remissionis,
3689 1151 3766 1204 ad
3806 1151 4058 1217 bujusmui;

2477 1233 2626 1285 enim
2669 1236 3050 1302 probationem
3099 1242 3392 1308 praesentia
3428 1245 3749 1312 exposuit.
3807 1243 3907 1296 Sin
3932 1255 4060 1295 autem

2479 1331 2533 1374 et
2576 1323 2690 1391 ipse
2737 1327 2996 1394 potuerit,
3051 1330 3285 1383 redimet
3332 1347 3390 1384 sc
3442 1334 3808 1401 supputatis
3854 1334 4060 1386 duntur;

2477 1415 2658 1477 annis,
2697 1430 2727 1467 a
2761 1425 3006 1486 tempore
3031 1421 3363 1475 venditionis
3390 1439 3528 1486 suae,
3563 1439 3778 1493 usque
3809 1425 3879 1478 ad
3909 1442 4056 1478 annm

2473 1503 2699 1572 jubiIa-i.
2743 1507 2799 1558 Si
2847 1510 2996 1562 enim
3042 1526 3248 1580 pauper
3294 1513 3474 1568 factus
3508 1533 3620 1584 per
3663 1521 4055 1586 peccatumqsi

2477 1597 2630 1664 prius
2653 1598 2807 1652 dives
2831 1610 2950 1653 erat
2978 1602 3028 1653 in
3051 1603 3347 1656 virtutibus
3363 1616 3419 1658 et
3437 1600 3937 1673 correctionibus,
3958 1621 4052 1659 res;

2476 1691 2831 1758 semetipsum
2867 1691 3143 1756 liberavit,
3183 1695 3311 1748 dum
3348 1697 3594 1751 suﬂiciat
3649 1699 3731 1754 ad
3763 1701 4052 1753 exhortatio-

2478 1795 2605 1833 nem
2643 1786 2941 1851 propriam.
2979 1784 3369 1840 \'erumtameu
3403 1804 3510 1842 nec
3570 1791 3676 1845 hic
3727 1791 3990 1861 integrum
4013 1793 4051 1842 ἐς

2477 1887 2534 1924 se
2571 1872 2829 1932 conﬁdat.
2866 1878 3043 1944 utqui
3079 1879 3248 1932 semel
3298 1880 3626 1937 inﬁrmatus
3679 1895 3800 1944 est,
3851 1885 4053 1936 eth-ra-

2478 1960 2626 2014 tione
2658 1972 2712 2014 et
2740 1965 2970 2017 consilio
2993 1981 3183 2034 egens,
3203 1979 3486 2036 computet
3519 1972 3683 2038 apud
3714 1973 3972 2040 semetips

2475 2053 2525 2105 id
2567 2063 2672 2118 est,
2715 2069 2900 2108 secum
2944 2067 3139 2112 tractet
3194 2071 3247 2112 et
3307 2061 3614 2128 diSceptet.
3686 2064 3790 2117 Sic
3840 2067 3972 2118 enim
4018 2077 4051 2113 ει

2474 2144 2854 2203 Theodotion:
2906 2149 3182 2205 Tractabit
3217 2171 3336 2206 cum
3370 2173 3450 2218 eo,
3488 2157 3590 2219 qui
3624 2159 3923 2226 acquisirit
3951 2176 4048 2209 eset.

2471 2237 2666 2307 Aquila
2707 2251 2910 2295 autent:
2936 2241 3258 2312 Supputabit
3282 2264 3398 2299 cum
3433 2265 3515 2309 eo,
3557 2252 3656 2318 qui
3682 2255 3922 2318 possedit

2472 2329 2532 2382 Ei
2560 2333 2652 2400 qui
2684 2335 2956 2397 tractavit,
2989 2339 3264 2404 quomodo
3299 2340 3501 2393 debeat
3538 2359 3746 2396 veram
3785 2346 3986 2396 liberti:

2471 2423 2573 2476 sibi
2625 2427 2992 2494 conquirere:
3052 2438 3390 2497 computavit
3426 2442 3627 2486 autem
3669 2436 3745 2489 ab
3799 2452 3942 2487 anno
3975 2453 4046 2504 qia

2470 2517 2824 2586 semetipsum
2855 2519 3120 2582 vendidit,
3152 2537 3322 2589 usque
3344 2523 3410 2575 ad
3445 2539 3674 2577 annum
3706 2527 3941 2595 juhilei,
3966 2545 4047 2576 sm:

2470 2609 2829 2671 remissionis,
2862 2626 2892 2664 a
2925 2627 3034 2678 quo
3073 2613 3321 2667 videlicet
3358 2631 3612 2684 peccans
3646 2621 3810 2688 eguit
3860 2621 4047 2673 CGiiriiH

2467 2709 2523 2752 et
2561 2699 2846 2763 doctrina,
2895 2704 3199 2770 usquedum
3246 2705 3519 2774 integram
3601 2720 3661 2762 et
3710 2712 4045 2763 omnimodis:

2467 2803 2689 2862 peragat
2740 2795 3138 2862 paenitentiam,
3183 2801 3237 2850 in
3298 2814 3405 2866 qua
3464 2802 3880 2857 remissionem
3937 2806 4046 2854 aui-

2467 2884 2644 2953 picns,
2675 2885 2897 2952 aqualis
2945 2887 2993 2938 ei
3043 2888 3168 2950 fiat,
3216 2891 3309 2957 qui
3347 2893 3579 2958 penitus
3631 2909 3753 2946 non
3816 2896 4042 2963 peccaui.

2465 2974 2605 3036 Quid
2640 2983 2822 3026 autem
2857 2975 3144 3028 tractabit?
3184 2979 3384 3046 quibus
3432 2980 3758 3035 virtutibus
3817 2993 3873 3035 cl
3898 3000 4044 3036 corre-

2464 3067 2758 3131 ctiouibus,
2791 3083 2908 3120 eam
2942 3085 3064 3138 quae
3109 3087 3206 3138 per
3243 3072 3551 3126 studiosam
3575 3077 4045 3143 1‘satiitenttatn6-51

2465 3163 2862 3228 remissionem,
2883 3167 3263 3233 appreheutlre
3293 3177 3348 3219 et
3381 3172 3703 3236 procedere
3726 3175 3924 3241 possit.
3953 3172 4043 3227 Sx-

2466 3263 2525 3304 ut
2579 3253 2726 3305 enim
2760 3253 2850 3322 qui
2885 3257 3169 3322 pecuniam
3195 3258 3429 3310 reddidit
3467 3264 4042 3331 redemptori,auum

2465 3343 2803 3395 remissionis
2836 3357 3157 3413 exspectare
3190 3364 3328 3414 opus
3359 3366 3469 3402 non
3504 3351 3793 3419 habebat,
3827 3357 3919 3424 qui
3957 3369 4041 3409 em

2462 3434 2970 3505 quinquagesimus.
3020 3440 3110 3507 qui
3162 3440 3419 3506 jubilanus
3465 3443 3803 3509 dicebatur,
3843 3452 3921 3503 sic
3975 3453 4040 3516 qui

2465 3535 2748 3592 peccatum
2779 3526 2845 3578 ad
2891 3528 3182 3580 delendum
3233 3530 3360 3582 illud
3417 3533 3696 3600 mquales,
3743 3539 3866 3592 sive
3920 3554 4043 3607 pares

2465 3616 2693 3669 virtutes
2723 3618 2983 3686 exquirit,
3020 3621 3274 3687 pra-cedit
3310 3623 3738 3691 pmuiteutiaut,
3766 3631 4044 3682 actionibus

2463 3707 2622 3760 bonis
2642 3723 2700 3762 se
2741 3709 3018 3762 redimens
3041 3728 3054 3763 ε
3076 3712 3220 3778 quod
3257 3711 3605 3768 demonstrat
3640 3715 3953 3783 Zacharus,
3979 3721 4043 3787 qui

2463 3815 2588 3852 cum
2635 3799 2998 3868 plurimorum
3051 3803 3284 3870 plurima
3333 3807 3696 3870 sustulisset,
3766 3828 3886 3864 non
3933 3827 4042 3880 eguit

2465 3905 2647 3956 sacco,
2671 3901 2726 3946 ct
2755 3892 2960 3956 cinere,
2991 3902 3047 3945 ct
3081 3893 3359 3962 lacrvmis,
3390 3906 3442 3949 et
3473 3898 3770 3955 oratione.
3801 3901 3907 3955 llic
3932 3905 4045 3954 enin.

2465 3983 2624 4035 nobis
2661 3998 2839 4035 annus
2863 3985 3225 4048 remissionis,
3257 3985 3398 4039 sicut
3432 3989 3621 4042 omnia
3676 3991 3930 4054 trabeas,
3956 4011 4045 4062 qua

2468 4071 2624 4126 nobis
2653 4071 2983 4125 fructiﬁccut
3008 4073 3406 4128 remissionem.
3441 4073 3562 4128 Non
3589 4078 3846 4147 ittu'iguii
3868 4092 4045 4141 autem,

2465 4160 2593 4227 quia
2627 4169 2852 4226 peccata
2885 4161 3109 4228 quidem
3143 4174 3300 4216 erant
3342 4165 3694 4231 pecuniaria:
3732 4168 3861 4236 ipse
3893 4181 4044 4222 autem

2467 4265 2550 4312 ea,
2591 4263 2714 4317 quae
2743 4249 2972 4318 abrepta
3013 4250 3250 4315 fuerant,
3303 4252 3553 4320 promisit
3581 4254 3830 4307 reddere
3856 4256 3916 4308 in
3943 4274 4046 4323 qla-

2465 4341 2740 4408 dt'uplum,
2769 4341 3055 4394 dimidium
3088 4351 3269 4396 autem
3309 4356 3532 4394 suorum
3566 4342 3924 4398 distribuere
3949 4363 4045 4414 piu-

2469 4432 2712 4500 pcribus.
2755 4431 2984 4499 Propter
3039 4433 3183 4499 quod
3239 4432 3490 4486 Christus
3542 4433 3608 4486 ad
3662 4451 3846 4488 eum:
3903 4440 4042 4489 Hoste

2465 4524 2610 4578 salus
2661 4526 2780 4576 huic
2826 4527 3006 4577 domui
3037 4526 3178 4593 facta
3231 4535 3306 4578 est
3336 4526 3401 4590 ³³,
3445 4526 3766 4593 suscipiens
3808 4545 4042 4596 pecunia.

2465 4611 2858 4681 redemptionis
2879 4613 3018 4680 ejus,
3037 4611 3190 4664 dixit.
3219 4611 3551 4665 Admirabile
3583 4621 3672 4665 est
3698 4624 3900 4667 autem
3929 4615 4040 4684 qusi

2463 4703 2736 4771 sequitur.

2534 4793 2598 4846 Et
2631 4793 2849 4862 pecunia
2885 4809 2987 4862 qua
3022 4794 3260 4846 venditus
3287 4794 3460 4861 fuerat
3476 4795 3642 4858 juxta
3671 4812 3948 4848 annorum
3971 4813 4035 4846 ιιι-

2466 4901 2686 4947 mernm,
2723 4894 2768 4936 et
2805 4885 3061 4936 rationem
3092 4885 3404 4937 mercenarii
3429 4895 3814 4950 supputatam.

2541 4976 2666 5029 Sive
2697 4973 2996 5028 secundum
3030 4974 3422 5044 Septuaginta:
3446 4976 3561 5028 Erit
3597 4983 3851 5042 pecunia
3895 4979 4039 5031 vendi-

2468 5065 2627 5118 tionis
2657 5066 2776 5134 ejus
2809 5080 2954 5118 anno
2996 5049 3137 5118 sicut
3163 5065 3281 5118 dies
3311 5065 3631 5117 mercenarii
3661 5067 3785 5121 erit
3817 5084 3945 5121 cum
3975 5083 4034 5119 ea.

2463 5157 2602 5208 Cum
2643 5171 2752 5224 quo
2786 5155 2873 5208 die
2915 5169 3044 5224 ergo
3086 5155 3360 5224 legislator
3412 5168 3520 5205 non
3576 5153 3789 5208 frustra
3829 5163 4036 5212 mendo-

2463 5263 2585 5301 nem
2610 5248 2755 5308 fecit,
2774 5246 2865 5300 sed
2895 5249 3037 5300 illam
3065 5247 3319 5308 innueus,
3339 5261 3498 5314 quam
3523 5257 3720 5315 aperte
3737 5249 3795 5300 in
3821 5248 4034 5319 Evange-

2461 5336 2546 5393 liis
2563 5339 2819 5392 Dominus
2834 5339 3313 5402 ostendit,quando
3331 5337 3638 5406 parabolam
3651 5343 4032 5408 Operariormn,

2465 5431 2558 5499 qui
2595 5430 2660 5483 ad
2691 5429 2906 5483 vineam
2957 5429 3210 5484 conducti
3262 5438 3390 5484 sunt
3412 5468 3426 5493 ,
3455 5431 3711 5498 exposuit
3733 5429 3780 5461 ⁸⁸
3810 5431 4033 5502 :qtnndo

2469 5524 2568 5576 hos
2587 5523 2807 5590 quidem
2827 5537 3006 5587 mane,
3028 5521 3146 5576 illos
3166 5531 3349 5575 autem
3381 5522 3514 5576 hora
3530 5523 3712 5587 tertia,
3749 5524 3862 5580 hos
3884 5537 4029 5579 antea

2470 5623 2617 5666 sexta
2650 5653 2664 5676 ,
2700 5613 2818 5666 illos
2852 5623 3034 5666 autem
3059 5628 3222 5678 nona,
3252 5612 3385 5666 alios
3407 5628 3538 5666 vero
3568 5613 3868 5668 undecima
3897 5627 4028 5685 quea

2472 5704 2700 5758 conduci
2741 5705 2988 5768 dixisset,
3030 5715 3086 5758 ct
3131 5705 3244 5757 dari
3288 5705 3569 5758 mercedes
3623 5706 3734 5780 his,
3771 5707 3870 5776 qui
3917 5707 4020 5761 vim

2945 5823 2988 5853 ""
3019 5821 3210 5875 Matth.
3249 5837 3338 5884 xx.
3380 5824 3399 5873 1
3434 5835 3546 5889 seq.
