4158 6450
147 432 255 500 1137

1201 441 1275 500 IN
1322 437 1759 500 LEVITICUM.
1799 462 1866 472 —
1906 437 2051 496 LIB.
2093 436 2226 496 VII.

3200 429 3336 494 1138

144 543 427 599 undecimam
463 547 720 601 conductl
750 556 897 608 sunt,
923 546 1066 600 sicut
1091 545 1174 600 his
1196 546 1287 615 qui
1317 556 1483 600 totam
1511 545 1650 599 diem
1687 549 1727 603 Α
1757 542 2189 612 praedicaverunt
2222 539 2516 610 jejunium,
2571 550 2625 595 et
2677 542 2853 596 induti
2906 552 3029 597 sunt
3087 557 3246 596 sacco
3302 560 3332 598 a

140 637 308 702 operati
346 647 478 702 sunt,
514 638 694 704 jussit,
736 638 875 691 sicut
909 638 1070 691 unius
1104 653 1230 708 ergo
1284 638 1520 698 illorum,
1553 636 1656 690 erit

139 728 178 779 ei
227 729 299 790 qni
345 727 615 783 redimitur
657 729 886 797 pecunia
945 729 1270 782 venditionis
1320 743 1480 782 sine:
1525 728 1654 780 licet

137 820 259 872 enim
285 822 324 873 ei
352 830 398 874 et
427 837 521 890 per
554 836 779 890 parvum
811 829 1044 889 tempus,
1077 831 1128 874 et
1157 836 1252 888 per
1270 821 1498 874 multum
1532 835 1657 888 per-

137 927 270 980 agere
306 913 736 980 redemptionem,
778 921 998 981 propter
1058 911 1198 980 quod
1227 919 1280 964 et
1322 909 1657 963 rationabili-

139 1009 208 1053 ter
237 1002 475 1070 legislator
498 1002 702 1055 addidit
733 1021 743 1054 :

201 1091 288 1144 «Si
329 1103 495 1144 autem
559 1093 739 1161 plures
787 1093 989 1146 fuerint
1042 1093 1191 1156 anni,
1238 1093 1329 1161 qui
1379 1101 1662 1145 remanent

138 1198 282 1251 usque
311 1184 365 1236 ad
389 1184 687 1250 jubilazum,
722 1183 1020 1237 secundum
1072 1184 1171 1236 hos
1213 1182 1400 1235 reddet
1453 1191 1507 1235 et
1537 1196 1659 1250 pre-

137 1275 251 1328 tium
286 1275 351 1327 :si
378 1275 549 1343 pauci,
573 1285 740 1343 ponet
765 1275 1025 1327 rationem
1050 1289 1173 1327 cum
1205 1273 1461 1342 eo,-juxta
1488 1288 1661 1326 anno-

133 1385 237 1422 rum
269 1379 626 1433 numerum,ct
655 1369 842 1422 reddet
864 1369 1092 1437 emptori
1120 1369 1262 1436 quod
1295 1368 1561 1436 reliquum
1580 1374 1662 1420 est

128 1478 384 1528 annorum,
423 1462 619 1529 quibus
644 1461 867 1514 servivit
894 1461 1237 1513 mercedibus
1266 1460 1599 1528 imputatis.»

192 1551 401 1604 Primum
431 1568 558 1622 ergo
603 1553 901 1605 secundum
949 1549 1064 1604 haec
1111 1550 1260 1603 reddi
1304 1551 1559 1620 pretium,
1610 1551 1660 1604 id

125 1653 216 1704 est,
244 1645 520 1697 secundum
552 1659 638 1708 ca,
670 1660 789 1712 qme
827 1645 1087 1711 peccavit,
1126 1644 1270 1712 quod
1307 1645 1662 1713 semetipsum

125 1734 364 1786 redimere
386 1735 496 1786 vult
521 1734 792 1803 przccepit,
834 1743 891 1788 ut
920 1735 962 1786 si
991 1733 1220 1787 forsitan
1260 1749 1323 1788 ex
1377 1736 1499 1805 gula
1535 1750 1663 1801 pec-

124 1826 269 1889 cavit,
298 1841 384 1895 per
410 1827 674 1895 jejunium
707 1827 939 1896 corrigat
967 1827 1087 1880 :sin
1112 1835 1292 1879 autem
1325 1842 1392 1880 ex
1420 1827 1664 1880 verbosi-

123 1925 238 1980 tate,
274 1919 474 1970 studeat
504 1919 943 1972 taciturnitatem.
977 1918 1033 1974 Si
1070 1935 1133 1972 ex
1169 1919 1435 1972 incantela
1477 1919 1663 1972 oculo-

121 2019 227 2054 rum
257 2003 306 2056 in
341 2005 578 2057 mulieris
601 2005 1097 2074 concUpiscentzam
1149 2007 1362 2070 cecidit,
1393 2013 1514 2076 agat
1556 2021 1663 2058 non

117 2096 285 2149 videre
326 2097 592 2160 mulieres,
623 2112 799 2165 neque
865 2098 1089 2151 omnino
1133 2098 1212 2150 eis
1236 2099 1457 2151 obvium
1524 2097 1659 2151 ﬁeri.

116 2189 306 2241 Deinde
333 2191 372 2242 si
407 2190 517 2243 vult
545 2190 774 2242 celerem
808 2190 908 2244 sibi
953 2191 1382 2258 redemptionem
1449 2206 1662 2258 parare,

114 2280 345 2333 intendat
378 2280 619 2348 pecuniis
648 2279 1063 2347 conquisitionis
1092 2295 1222 2342 suae,
1279 2280 1442 2333 verbo
1473 2279 1665 2334 videli-

111 2382 193 2424 cet
237 2373 508 2435 doctrinm,
534 2373 676 2441 quod
710 2387 836 2424 eum
887 2371 1185 2440 intelligere
1221 2375 1497 2441 proprium
1539 2389 1666 2442 pce.-

107 2479 278 2522 catum
318 2479 367 2523 et
397 2470 551 2522 subdi
584 2470 894 2523 admonenti
925 2469 1070 2524 fecit.
1113 2469 1176 2523 Et
1203 2469 1245 2523 si
1283 2468 1475 2523 viderit
1528 2469 1668 2520 mul-

109 2573 215 2615 tum
252 2563 422 2616 minus
446 2578 565 2617 esse
595 2562 660 2615 ad
689 2578 892 2615 annum
936 2564 1294 2624 remissionis,
1332 2574 1386 2616 et
1414 2564 1480 2615 ad
1542 2577 1666 2616 cor-

108 2655 414 2718 rectionem,
448 2655 699 2708 videlicet
733 2654 970 2708 delinitie
1007 2655 1055 2707 ei
1093 2656 1446 2724 paenitentiae,
1497 2657 1669 2726 magis

103 2754 351 2811 operetur
375 2745 621 2805 virtutes.
647 2755 699 2799 et
730 2746 1052 2799 laboriosam
1121 2747 1361 2799 lucratur
1399 2747 1666 2815 pmnit‘en—

104 2839 249 2890 tiam.
288 2838 341 2890 Si
367 2848 547 2891 autem
576 2841 677 2892 hoc
712 2850 898 2894 rur‘Sus
931 2856 1118 2909 parum
1150 2850 1405 2910 operatus
1447 2842 1570 2906 fuit,
1624 2842 1669 2898 si

100 2947 207 2983 non
247 2946 342 2998 per
362 2931 613 2994 virtutes,
646 2947 743 2999 per
777 2932 1042 3001 lacrymas
1071 2943 1275 2997 autem,
1307 2944 1359 2987 et
1410 2933 1666 3001 suSpiria,

96 3033 151 3073 et
183 3021 397 3086 similia,
460 3022 565 3075 illis
606 3023 843 3076 remedia
897 3038 1153 3093 peragere
1208 3039 1432 3078 necesse
1486 3024 1670 3077 habet.

96 3115 435 3167 Confirmans
458 3125 639 3170 autem
678 3116 819 3184 quod
851 3116 1054 3169 dictum
1086 3123 1190 3179 est,
1217 3115 1515 3168 secundum
1571 3115 1670 3168 Se-

1759 635 1963 704 majore
2013 647 2184 702 usque
2247 633 2312 685 ad
2353 643 2608 702 patruum
2661 650 2885 694 eorum.
2910 645 2964 690 et
2992 635 3334 690 exclamave-

1760 735 1889 779 runt
1921 726 1988 778 ad
2023 725 2196 778 Deum
2231 724 2459 789 intente,
2491 734 2546 779 ct
2585 741 2709 778 cum
2737 735 2847 778 toto
2872 727 3074 788 animo,
3105 737 3160 779 et
3182 741 3336 779 aver-

1761 823 1940 868 terunt
1975 830 2032 868 se
2064 814 2443 883 unusquisque
2468 830 2498 868 a
2533 816 2615 870 via
2639 831 2734 869 sua
2778 816 2939 879 mala,
2965 817 3112 870 etab
3181 817 3340 883 inju-

1761 905 1904 958 stitia
1948 922 2066 975 quae
2104 907 2157 959 in
2185 906 2438 960 manibus
2470 921 2658 960 eorum
2688 917 2824 962 erat.
2871 906 2962 961 Sic
2982 907 3129 960 enim
3193 907 3338 961 Deus

1761 1012 1950 1051 eorum
2014 999 2389 1067 pcenitentiam
2418 999 2682 1068 suscepit,
2727 1009 2785 1052 ut
2821 1000 3087 1070 propheta
3143 1000 3342 1053 subde-

1762 1101 1882 1144 ret:
1909 1090 2147 1144 Misenus
2175 1102 2249 1144 est
2288 1091 2427 1144 Deus
2452 1107 2606 1159 super
2660 1093 2943 1155 malitiam,
2979 1109 3139 1157 quam
3197 1092 3342 1144 locu-

1764 1194 1845 1237 tus
1866 1186 2060 1253 fuerat,
2095 1194 2148 1236 ut
2181 1189 2374 1254 taceret
2411 1186 2506 1249 eis,
2539 1195 2585 1238 et
2628 1202 2727 1238 non
2753 1185 2872 1255 fecit
2908 1186 2979 1238 “.
3009 1184 3073 1238 Et
3091 1201 3210 1253 qum
3261 1195 3344 1238 est

1763 1267 1948 1338 causa,
1981 1289 2102 1340 qua:
2133 1274 2512 1341 paenitentiam
2544 1275 2725 1328 delere
2767 1284 2991 1344 peccata
3052 1275 3230 1336 faciat,
3288 1285 3343 1329 et

1764 1362 1893 1416 facit
1924 1361 2180 1415 mundani
2219 1363 2502 1431 pmnitenti
2558 1366 2827 1435 proﬂigari
2888 1366 3339 1436 redemptionem.

1763 1454 1835 1508 ita
1855 1463 1912 1508 ut
1941 1470 2042 1507 nec
2066 1469 2203 1522 opus
2235 1455 2429 1507 habeat
2461 1455 2625 1508 alium
2659 1457 2772 1524 jam
2799 1457 3181 1511 admonentem
3203 1497 3216 1521 ,
3246 1472 3342 1513 ne-

1765 1561 1869 1614 que
1899 1546 2000 1599 sub
2027 1546 2154 1614 jugo
2189 1545 2412 1599 alterius
2446 1561 2604 1615 agere
2639 1549 2920 1602 doctrinae.

1831 1637 1930 1691 Mei
1960 1647 2079 1691 sunt
2107 1639 2244 1690 enim
2267 1640 2400 1690 servi
2437 1639 2536 1705 ﬁlii
2556 1639 2744 1706 Israel,
2779 1657 2910 1708 quos
2933 1642 3091 1693 edicti
3119 1643 3180 1693 de
3205 1651 3347 1694 terra

1766 1729 2003 1798 zEgypti.
2037 1726 2319 1794 Quomodo
2371 1737 2553 1784 autem
2586 1745 2680 1784 eos
2737 1732 2970 1786 eduxit?
2999 1733 3349 1800 SuSpirantes

1766 1821 2201 1885 videlicet,sicut
2225 1821 2359 1876 liber
2383 1823 2540 1877 nobis
2577 1825 2746 1878 Exodi
2778 1825 3213 1879 demonstravit:
3245 1825 3351 1879 Per

1770 1913 1991 1965 multum
2020 1914 2265 1981 temporis
2292 1924 2527 1968 mortuus
2590 1927 2663 1968 est
2697 1933 2788 1968 rea:
2809 1915 3065 1985 'J‘Egypti.
3099 1926 3147 1969 et
3199 1917 3348 1985 inge-

1769 2007 2037 2059 miscentes
2074 2005 2172 2073 ﬁlii
2203 2004 2371 2058 Israel
2398 2016 2609 2075 propter
2671 2023 2853 2074 opera,
2909 2009 3176 2077 vociferati
3205 2017 3346 2070 sunt,

1768 2098 2098 2164 ascenditque
2152 2098 2352 2150 clamor
2400 2115 2577 2151 eorum
2640 2101 2710 2152 ad
2760 2099 2924 2153 Deum
2958 2101 3019 2153 ⁸⁷.
3051 2099 3153 2165 Qui
3220 2115 3351 2171 ergo

1771 2197 1898 2242 tunc
1938 2190 2119 2259 pepuli
2152 2190 2444 2259 suspirium
2476 2192 2737 2260 suscepit,
2783 2192 3143 2260 liberavitque
3173 2207 3268 2245 eos
3319 2206 3351 2246 ι

1769 2280 2030 2334 servitute
2057 2279 2326 2351 Egyptia,
2354 2282 2467 2350 ipse
2493 2291 2547 2336 et
2599 2297 2746 2337 nunc
2807 2299 3251 2352 unumquemque
3294 2284 3353 2338 in

1770 2372 2090 2441 paenitentia
2136 2372 2501 2441 suspirantem
2562 2374 2775 2437 liberat,
2805 2383 2858 2428 et
2897 2375 2964 2428 ab
3025 2374 3352 2444 intelligibili

1769 2464 2001 2534 Egypto
2024 2465 2274 2519 redimet.
2308 2465 2448 2520 Dicit
2474 2465 2539 2520 ad
2572 2482 2670 2521 nos
2703 2485 2715 2521 :
2748 2465 2860 2537 Ego
2892 2468 3153 2522 Dominus
3214 2470 3354 2522 lleus

1771 2566 1971 2624 vester,
1989 2557 2079 2629 qui
2115 2558 2202 2613 illa
2230 2558 2333 2631 egi,
2371 2567 2424 2614 et
2452 2559 2568 2613 haec
2592 2560 2848 2630 praecepi.

2338 2715 2564 2772 CAPUT
2590 2715 2780 2771 XXVI.

1842 2829 2004 2883 Vens.
2036 2831 2084 2890 l,
2104 2829 2158 2883 2.
2189 2829 2306 2884 Non
2331 2829 2541 2884 facietis
2572 2831 2727 2884 vobis
2761 2824 2986 2895 idolum,
3013 2841 3067 2885 ct
3084 2829 3356 2900 sculptile,

1773 2935 1873 2974 nec
1909 2921 2092 2974 titulos
2120 2921 2358 2991 erigetis,
2391 2937 2494 2974 nec
2525 2921 2796 2991 insignem
2842 2922 3075 2990 lapidem
3139 2922 3358 2992 ponetis

1775 3016 1828 3067 in
1865 3023 2004 3067 terra
2038 3023 2237 3076 vestra,
2269 3023 2327 3068 ut
2354 3014 2589 3068 adoretis
2617 3030 2766 3075 eum,
2801 3031 2901 3084 ego
2927 3014 3072 3069 enim
3102 3030 3220 3068 sum
3260 3013 3358 3068 Do-

1774 3105 1953 3156 minus
1987 3103 2126 3156 Deus
2153 3113 2350 3157 vester.
2383 3102 2668 3157 Custodite
2716 3103 2948 3158 Sabhata
2980 3119 3120 3166 mea,
3151 3112 3208 3157 ct
3261 3119 3356 3172 pa-

96 3207 376 3274 ptnaginta
407 3206 571 3260 infert
612 3225 624 3258 :
658 3206 793 3271 Quia
842 3206 1213 3260 mercenarius
1263 3223 1407 3260 anno
1428 3223 1493 3261 es
1527 3222 1673 3260 anno
1700 3215 1741 3269 c
1777 3205 1897 3250 Velc
1918 3195 2283 3249 SﬂnCluarium
2323 3211 2525 3250 meum-
2551 3197 2663 3267 E80
2693 3196 2982 3250 Dominus»
3024 3215 3042 3246 ³

92 3315 217 3350 cum
252 3314 317 3351 eo
343 3306 445 3360 est,
476 3314 582 3352 non
607 3298 809 3366 aﬂliges
826 3313 949 3352 eum
981 3299 1035 3351 in
1067 3299 1270 3359 labore.
1299 3300 1352 3352 in
1376 3309 1672 3367 conspectu

93 3400 206 3439 tuo.
243 3387 323 3440 Ad
361 3387 510 3440 illum
544 3387 841 3455 respiciens
870 3378 1290 3451 mercenarium,
1319 3404 1552 3456 quorum
1587 3389 1674 3442 hic

86 3479 311 3545 quidem
363 3494 460 3546 per
500 3493 662 3530 unam
702 3478 909 3539 horam,
945 3479 1032 3531 ille
1072 3489 1251 3532 autem
1281 3496 1376 3548 per
1401 3489 1509 3533 tres
1563 3480 1674 3533 for-

85 3570 230 3619 sitan
257 3567 398 3619 alter
424 3567 698 3633 aliquanto
731 3567 964 3634 amplius
1005 3571 1310 3621 mercedem
1345 3571 1528 3638 aperis
1581 3587 1672 3625 ac-

80 3661 234 3729 cepit
265 3659 334 3713 ".
370 3658 557 3726 Neque
588 3660 733 3712 enim
790 3660 1023 3728 injustus
1083 3673 1219 3724 erat,
1264 3665 1356 3730 qui
1388 3665 1671 3728 conduxit,

82 3752 180 3803 sed
208 3752 354 3804 sicut
378 3752 586 3818 justus,
617 3767 724 3804 non
756 3752 930 3805 solum
953 3754 1016 3806 ad
1052 3765 1265 3823 tempus
1303 3757 1670 3824 operantium,

82 3841 177 3892 sed
213 3848 270 3893 et
310 3841 379 3892 ad
419 3856 584 3908 opera
623 3841 876 3909 reSpexit,
910 3842 987 3895 sic
1039 3845 1278 3897 metieris
1306 3845 1377 3908 ei,
1413 3848 1502 3914 qui
1559 3847 1673 3901 vult

82 3949 180 4000 per
213 3930 471 3987 actiones
495 3936 662 3987 bonas
694 3937 1064 4004 semetipsum,
1104 3947 1157 3990 et
1190 3937 1553 4006 perlectiones
1586 3956 1672 3993 rc-

91 4023 316 4087 limere,
346 4035 409 4079 ut
436 4041 639 4079 annum
664 4041 728 4080 cx
764 4042 908 4079 anno
934 4028 1002 4081 sit
1022 4042 1143 4080 cum
1175 4042 1261 4092 eo,
1288 4030 1677 4099 redemptionis

84 4117 321 4184 )ropriae
351 4117 584 4186 pecunia
618 4117 670 4170 in
703 4127 1110 4178 momento,ant
1136 4135 1234 4189 per
1260 4121 1458 4174 multos
1480 4136 1673 4184 annos.

84 4218 167 4261 tut
199 4225 304 4278 per
329 4226 542 4279 paucos
564 4209 817 4264 virtutem
848 4211 1107 4280 operandi
1141 4212 1497 4282 redemptioni
1531 4213 1677 4266 simi-

86 4316 204 4352 um.
1202 4313 1211 4319 ’

143 4395 218 4446 Et
255 4412 369 4447 non
403 4395 601 4464 aﬂliges
627 4413 745 4449 eum
796 4398 850 4450 in
882 4397 1056 4451 labore
1117 4399 1171 4450 in
1217 4408 1492 4468 conspectu
1563 4410 1668 4452 tuo.

86 4488 216 4552 Quid
254 4497 457 4541 autem
487 4489 588 4541 hoc
609 4489 730 4541 est?
758 4487 826 4542 Ut
849 4504 996 4550 eum,
1021 4489 1112 4558 qui
1149 4505 1244 4557 per
1271 4491 1524 4543 virtutem
1550 4506 1678 4558 pec-

1846 3287 1962 3340 Non
1987 3289 2160 3340 solum
2186 3287 2358 3350 nobis,
2413 3289 2686 3358 quomodo
2711 3298 2998 3356 peccantes
3055 3286 3356 3342 libertatem

1778 3379 2092 3442 habeamus,
2127 3394 2229 3432 nec
2282 3378 2510 3432 aliorum
2567 3379 2814 3434 doctrina
2838 3389 2933 3432 aut
2975 3379 3359 3433 exhortatione

1775 3482 2053 3539 egeamus,
2086 3469 2170 3523 les
2226 3469 2468 3530 mandat,
2505 3481 2564 3523 ut
2609 3471 2986 3539 propheticum
3028 3470 3158 3524 illud
3204 3471 3360 3524 nobis

1777 3562 2129 3631 impleretur:
2166 3563 2230 3616 Et
2287 3580 2388 3616 non
2447 3565 2647 3616 docebit
2713 3565 3076 3632 unusquisque
3136 3567 3359 3634 fratrem

1775 3668 1948 3714 suum,
2019 3653 2239 3706 dicens:
2293 3655 2555 3722 Cognosce
2617 3653 2955 3707 Dominum:
3006 3656 3131 3724 quia
3182 3671 3358 3708 omnes

1775 3745 1937 3797 scient
1967 3761 2068 3807 me,
2101 3761 2132 3797 a
2157 3746 2353 3797 minore
2379 3761 2540 3814 usque
2573 3747 2642 3797 ad
2694 3745 2946 3812 majorem
3005 3762 3203 3808 eorum,
3234 3747 3358 3814 quia

1776 3837 2031 3904 propitius
2056 3852 2143 3888 ero
2167 3838 2530 3906 iniquitatibus
2553 3853 2730 3889 eorum
2756 3847 2802 3888 et
2851 3846 3182 3904 peccatorum
3240 3839 3360 3891 illo-

1777 3944 1893 3980 rum
1916 3927 2034 3996 jam
2070 3944 2171 3980 non
2200 3929 2512 3982 recordabar
2533 3929 2763 3997 amplius
2787 3928 2850 3983 ⁸⁸.
2871 3926 3156 3994 Quomodo
3178 3939 3357 3984 autem

1777 4019 1880 4073 hoc
1906 4028 2040 4081 erat,
2064 4021 2106 4073 si
2135 4037 2242 4073 non
2279 4022 2453 4073 solum
2481 4021 2550 4075 ab
2607 4030 2796 4090 aperto
2849 4021 3119 4075 idolorum
3183 4021 3356 4083 cultu,

1776 4125 1937 4177 quem
1979 4110 2232 4178 prohibet
2262 4111 2392 4178 legis
2416 4111 2617 4172 littera,
2650 4110 2742 4164 sed
2774 4119 2830 4164 et
2859 4111 2927 4164 ab
2951 4111 3166 4164 occulto
3192 4103 3360 4164 absti.

1777 4200 2048 4252 neamus?
2076 4201 2144 4254 de
2174 4216 2282 4268 quo
2317 4198 2516 4254 Paulus
2570 4199 2787 4255 dicebat
2821 4219 2831 4254 :
2893 4199 3073 4254 Radix
3125 4202 3361 4254 omnium

1778 4289 2040 4342 malorum
2093 4290 2320 4343 avaritia
2366 4289 2577 4359 “,qttm
2636 4301 2721 4345 est
2777 4292 3042 4346 idolorum
3084 4293 3356 4346 servitus:

1777 4379 2236 4447 quemadmodum
2292 4380 2448 4434 nobis
2497 4381 2658 4434 etiam
2720 4397 2867 4435 nunc
2933 4381 3067 4451 legis
3135 4381 3360 4450 spiritus

1779 4471 2162 4524 abstinentiam
2183 4472 2419 4525 mandat.
2446 4471 2511 4524 Et
2540 4487 2645 4525 non
2669 4472 2930 4526 faciemus
2946 4473 3103 4528 nobis
3133 4473 3358 4533 idolum,

88 4585 256 4630 atum
305 4577 547 4644 respuit,
582 4593 690 4630 non
723 4577 772 4630 ci
808 4579 1220 4646 superimponas
1258 4579 1516 4633 districta:
1563 4595 1673 4647 pa:-

1780 4569 1836 4614 et
1884 4561 2152 4629 sculptile,
2187 4561 2319 4624 sive,
2348 4571 2408 4615 ut
2435 4561 2809 4633 Septuaginta,
2867 4563 3225 4632 mauufactile,
3248 4563 3360 4638 ,ἀο-

96 4668 331 4720 itentize
356 4668 596 4735 pondus.
631 4668 809 4721 Semel
841 4668 986 4722 enim
1012 4671 1365 4738 semetipsum
1420 4672 1678 4739 operibus

88 4758 226 4811 onis
257 4757 531 4812 redemit.
563 4757 702 4828 Ergo
743 4758 906 4813 nimis
932 4770 1079 4813 recte
1113 4759 1376 4824 subdidit,
1411 4775 1532 4828 quae
1588 4776 1676 4815 se-

90 4855 352 4899 uuntur.

121 4936 302 5000 Quod
330 4937 385 4989 si
413 4953 510 5004 per
535 4940 643 4991 lucc
672 4941 856 4992 redimi
883 4955 983 4992 non
1023 4949 1271 5007 potuerit,
1296 4960 1436 4997 anno
1470 4945 1679 5000 iubila'o

90 5029 386 5093 {redietur
437 5044 555 5080 cum
608 5029 784 5082 liberis
827 5031 955 5086 suis.
1012 5032 1113 5097 Qui
1145 5046 1326 5088 autem
1378 5037 1680 5105 aequalibus

92 5129 301 5172 :ccato
327 5119 639 5173 virtutibus
662 5124 1015 5190 semetipsum
1045 5140 1154 5177 non
1193 5127 1443 5193 redemit,
1477 5129 1528 5181 in
1579 5146 1678 5183 an-

93 5227 113 5262 )
143 5211 420 5279 jubilani,
461 5212 577 5266 sive
607 5214 970 5278 remissionis,
1005 5216 1058 5270 id
1101 5225 1205 5280 est,
1261 5218 1315 5272 in
1346 5220 1584 5288 perfecta
1623 5231 1679 5276 et

92 5301 320 5354 stricta
413 5304 764 5370 poenitentia,
823 5309 1282 5374 quemadmodum
1362 5311 1678 5380 frequenter

94 5390 338 5454 ximus,
369 5401 432 5445 ct
466 5393 641 5460 ipsum
664 5394 854 5448 redimi
888 5400 1165 5467 praecepit,
1187 5401 1279 5453 sed
1303 5411 1357 5455 et
1380 5402 1517 5456 bona
1543 5419 1675 5472 ope-

94 5522 109 5543 ,
149 5498 301 5550 qua:
344 5483 679 5553 priusquam
737 5497 1037 5554 peccasset,
1064 5490 1193 5560 egit,
1218 5508 1338 5560 quae
1367 5494 1459 5547 lilii
1494 5495 1675 5548 unius-

94 5575 342 5642 jusque
392 5585 647 5630 nostrum
681 5574 828 5631 sunt.
866 5578 960 5633 Sin
992 5595 1172 5635 autem
1199 5583 1280 5637 vis
1323 5601 1672 5655 cognoscere,

99 5681 156 5718 se
199 5666 288 5720 sit
344 5667 602 5722 terfecta
635 5671 978 5738 paenitentia,
1010 5673 1276 5729 Ninivitas
1314 5677 1555 5742 intende,
1582 5679 1673 5747 qui

96 5842 146 5872 ⁵⁵
190 5843 428 5899 Matth.
457 5861 546 5907 xx,
584 5847 739 5915 lscq.
837 5849 879 5881 δε
907 5849 1075 5906 .1υη.ιξ.
1112 5868 1186 5908 tu.
1225 5853 1305 5906 lO.

1384 5853 1427 5884 ³⁷
1463 5855 1629 5911 Exod.
1671 5871 1740 5927 ιι,
1768 5855 1857 5910 ‘23.

1775 4667 1894 4706 mos
1923 4652 2268 4717 aedificantes,
2301 4664 2354 4707 et
2401 4670 2559 4723 agros
2586 4655 2795 4722 aliquos
2853 4653 3220 4721 possidentes,
3257 4660 3361 4708 'nec

1776 4741 2024 4812 sculptile
2080 4742 2133 4795 in
2168 4743 2249 4795 eis
2299 4743 2614 4812 ﬁgurantes,
2666 4752 2907 4796 nostram
2954 4742 3360 4812 quodammodo

1776 4843 2073 4889 atterentes
2111 4851 2297 4888 amore
2330 4851 2520 4888 eorum
2578 4845 2838 4891 mentem.
2865 4834 2973 4890 Nec
3014 4837 3202 4890 titulos
3260 4853 3360 4890 no.

1778 4924 1884 4986 bis,
1938 4925 2053 4978 sive
2116 4925 2428 4978 statuamin
2469 4925 2552 4978 his
2616 4925 2906 4994 erigamus,
2967 4925 3217 4980 volentes
3268 4942 3362 4995 per

1784 5031 1903 5072 eam
1929 5016 2249 5070 memoriam
2288 5025 2528 5069 nostram
2561 5017 2855 5070 extendere
2915 5016 2968 5070 in
3023 5016 3234 5071 futuras
3266 5034 3363 5088 ge-

1784 5108 2094 5162 nerationes
2127 5126 2140 5161 ε
2186 5107 2279 5161 sed
2311 5122 2414 5161 nec
2452 5107 2686 5175 lapidem
2737 5107 3005 5180 insignem
3044 5109 3359 5180 ,erigamus.

1782 5202 1923 5262 auri,
1959 5200 2111 5254 verbi
2138 5200 2328 5269 gratia,
2361 5209 2454 5253 aut
2485 5201 2695 5270 argenti
2736 5178 3045 5265 cumulum,
3079 5212 3173 5256 aut
3223 5203 3363 5272 lapi-

1781 5290 1933 5354 dum,
1964 5289 2055 5358 qui
2090 5289 2343 5342 videntur
2375 5303 2496 5342 esse
2522 5288 2744 5357 pretiosi
2772 5289 2995 5358 lapides,
3027 5293 3188 5344 etiam
3219 5293 3267 5344 hi
3296 5293 3363 5346 de

1781 5390 1922 5437 terra
1969 5380 2204 5449 azquales
2250 5379 2386 5434 albis
2437 5379 2708 5448 lapidibus
2750 5390 2898 5443 sunt,
2928 5381 3026 5435 etsi
3076 5396 3362 5435 avarorum

1784 5473 1933 5526 visus
1983 5472 2037 5526 in
2087 5472 2193 5536 his,
2231 5471 2687 5540 quemadmodum
2719 5486 3050 5540 paganorum
3088 5471 3140 5524 in
3183 5471 3360 5536 idolis,

1783 5565 2159 5620 seducuntur:
2194 5571 2414 5632 propter
2459 5566 2602 5632 quod
2655 5572 2706 5617 et
2760 5562 2987 5634 insignis
3024 5564 3158 5632 lapis
3186 5563 3365 5617 dictus

1783 5665 1884 5710 est.
1916 5654 2024 5710 Nos
2054 5665 2235 5711 autem
2266 5656 2403 5710 nihil
2435 5656 2538 5710 tale
2571 5656 2858 5726 patiamur,
2883 5672 2984 5709 nec
3015 5656 3240 5727 insignis
3268 5672 3367 5709 tto-

1937 5858 1978 5889 ""
2006 5857 2204 5914 .‘crcm.
2247 5874 2390 5925 sui,
2422 5857 2506 5912 54.
2590 5859 2629 5888 ³⁵
2663 5857 2681 5911 l
2716 5856 2852 5913 Tim.
2887 5873 2960 5923 vi,
2995 5855 3079 5912 l0.
