4158 6450
668 336 806 403 1139

1903 339 2265 399 HESYCHII
2307 340 2781 399 PHESBYTERI

3815 334 3986 399 11w

662 454 748 510 liis
776 455 915 525 lapis
942 454 1245 509 eﬂiciantur
1270 454 1494 519 divitia,
1529 465 1588 509 ut
1626 454 1929 510 secundum
1977 456 2252 510 intentio—
2283 464 2325 516 Α
2355 470 2471 515 vos,
2495 461 2551 509 et
2579 469 2827 510 crescere
2849 454 3070 518 faciam,
3095 453 3617 525 multiplicabimini,
3642 462 3699 506 et
3719 450 3988 506 innato

661 558 786 599 nem
812 559 1001 599 earum
1029 545 1296 608 vivamus,
1318 546 1622 599 secundum
1653 546 1990 601 intellectum
2018 544 2253 615 Septua-

660 638 806 709 ginta
838 640 1198 707 interpretum
1224 657 1238 705 ;
1266 648 1323 692 et
1348 654 1456 691 non
1492 653 1835 708 quaecunque
1867 639 2249 708 praeceperint,

658 732 945 795 faciamus,
963 740 1020 785 et
1046 730 1338 786 desideriis
1364 744 1554 785 earum
1585 734 1906 796 serviamus,
1932 733 2253 785 adoremus-

659 839 766 892 que
796 839 920 887 eas,
953 833 1010 879 et
1047 826 1292 879 colamus
1324 824 1378 878 in
1411 826 1792 879 conservando
1816 840 1929 879 eas.
1962 824 2253 879 Custodia-

660 929 783 966 mus
809 921 993 967 autem
1020 922 1075 968 et
1099 912 1357 981 Sabbata,
1388 916 1458 968 ab
1482 916 1630 969 omni
1661 915 1767 969 alio
1796 914 1938 969 malo
1969 915 2254 969 abstinen—

661 1012 791 1065 tiam
828 1011 1279 1080 vacationemqne
1338 1012 1644 1077 studentes,
1677 1020 1731 1065 et
1758 1022 1980 1081 agentes
2011 1021 2069 1065 ut
2120 1027 2254 1080 ope-

660 1103 814 1155 ribus
847 1103 1131 1170 praesentis
1158 1103 1342 1157 mundi
1367 1118 1673 1165 careamus,
1695 1114 1862 1171 atque
1887 1103 1957 1156 ab
1983 1104 2067 1157 eis
2094 1105 2254 1172 quie-

660 1206 898 1245 scamus.
930 1191 1044 1245 Hoc
1078 1192 1226 1246 enim
1260 1193 1601 1263 intelligibile
1634 1204 1689 1247 et
1722 1209 1908 1247 verum
1957 1192 2254 1267 Sabbatum

661 1294 764 1345 est,
796 1283 941 1351 quod
994 1298 1104 1336 non
1155 1284 1339 1352 populi
1389 1294 1475 1339 est
1517 1285 1734 1356 ingrati,
1768 1285 1864 1338 sed
1912 1285 2085 1355 ipsius
2136 1287 2251 1349 Dei,

660 1374 1121 1442 quemadmodum
1149 1376 1203 1428 in
1235 1376 1368 1430 Isaia
1396 1376 1612 1431 dicebat
1644 1396 1657 1429 :
1687 1377 1883 1431 Beatus
1912 1379 1992 1431 vir
2018 1380 2108 1447 qui
2133 1380 2255 1448 fecit

661 1466 779 1526 hoc,
811 1475 860 1517 et
893 1466 1037 1533 ﬁlius
1083 1467 1311 1519 hominis
1358 1467 1449 1535 qui
1491 1468 1835 1536 apprehendit
1880 1469 2041 1530 istud,
2077 1480 2254 1521 custo-

659 1557 806 1609 diens
839 1554 1130 1610 Sabbatum
1158 1574 1221 1611 ne
1240 1559 1443 1627 polluat
1471 1559 1604 1611 illud
1624 1560 1690 1614 ⁸⁸.
1730 1559 1884 1614 Unde
1919 1561 2255 1631 distinguere

660 1648 865 1702 abillis
893 1650 1125 1712 volebat,
1152 1651 1219 1705 de
1249 1652 1449 1720 quibus
1481 1653 1639 1707 initio
1668 1636 1972 1721 prophetiae
2002 1655 2250 1709 dicebat:

660 1740 1005 1801 Ncomenias,
1036 1752 1083 1795 et
1117 1742 1428 1807 Sabbatum,
1463 1754 1512 1797 et
1534 1746 1843 1814 festivitates
1868 1747 2008 1799 alias
2038 1763 2138 1800 non
2176 1750 2255 1819 fe-

661 1848 776 1885 tam
793 1834 858 1885 ".
878 1834 1032 1896 Quod
1069 1844 1251 1889 autem
1280 1835 1373 1890 Dei
1401 1846 1484 1891 est
1512 1835 1834 1900 Sabbatum,
1857 1846 1951 1891 aut
1980 1841 2254 1908 quomodo

661 1922 792 1977 illud
824 1924 947 1992 quis
992 1926 1281 1994 profanare
1317 1944 1424 1980 non
1462 1938 1640 1997 potest
1663 1971 1679 1995 ,
1733 1929 2004 1984 subinfert
2036 1949 2048 1983 :
2082 1929 2245 1996 Quie-

658 2018 787 2070 scite
814 2034 972 2085 agerc
1004 2034 1237 2083 perverse
1253 2020 1320 2071 ".
1355 2019 1495 2089 Ergo
1533 2035 1563 2073 a
1593 2020 1750 2074 malis
1774 2021 2050 2077 abstinere
2075 2065 2091 2089 ,
2122 2024 2247 2078 sabo

659 2108 769 2163 bati
805 2117 888 2163 est
922 2110 1147 2179 impleti.
1178 2110 1283 2165 Sed
1309 2118 1365 2165 et
1394 2114 1765 2166 sanctuarium
1795 2113 1914 2182 ejus
1950 2130 2247 2184 paveamus

659 2202 1073 2257 sanctimoniam
1104 2203 1408 2267 studentes,
1446 2204 1500 2258 id
1523 2214 1633 2271 est,
1660 2206 1966 2261 castitatem
1997 2223 2061 2261 ac
2087 2210 2247 2277 pndi-

659 2295 841 2349 citiam
873 2314 887 2349 :
920 2296 1036 2351 haec
1066 2297 1213 2352 enim
1245 2306 1330 2351 est
1355 2299 1477 2351 vitae
1505 2297 1841 2368 imperfectae
1888 2310 1943 2354 et
1989 2316 2245 2355 consum-

662 2397 821 2442 mata:
866 2388 1196 2456 capitulum,
1228 2389 1347 2444 sive
1391 2405 1625 2444 summa.
1664 2390 1894 2460 Pr0pter
1940 2392 2085 2463 quod
2144 2396 2246 2450 hoc

659 2477 822 2532 etiam
855 2481 1211 2535 novissimum
1246 2481 1454 2549 posuit,
1486 2490 1616 2536 tunc
1648 2482 1782 2538 dicit
1819 2476 1887 2538 ad
1918 2500 2019 2538 nos
2053 2485 2194 2540 Deus
2228 2505 2241 2541 :

660 2569 771 2639 l-lgo
793 2570 1057 2625 Dominus
1084 2572 1226 2627 Deus
1250 2581 1448 2634 vester,
1474 2574 1565 2642 qui
1598 2589 1718 2628 sum
1745 2575 1969 2644 quidem
2000 2587 2243 2641 sanctus,

659 2659 754 2713 sed
787 2669 840 2714 et
873 2661 926 2713 in
959 2662 1162 2716 sanctis
1193 2664 1480 2731 requiesco
1501 2703 1517 2728 ,
1569 2665 1894 2720 interimens
1938 2677 1995 2722 et
2032 2669 2245 2738 disper-

658 2750 797 2803 dens
822 2766 1036 2814 omnes,
1068 2753 1161 2821 qui
1193 2754 1605 2809 tabernaculum
1635 2771 1817 2811 meum
1848 2759 2163 2827 polluerint,
2191 2772 2248 2815 et

661 2841 923 2910 templum
970 2858 1155 2897 meum
1196 2845 1595 2914 pollutionibus
1636 2849 1973 2917 voluptatum
2011 2851 2246 2905 violave-

660 2934 801 2987 rint:
825 2935 969 3004 quod
998 2942 1237 2992 testatur
1267 2937 1475 2993 Paulus
1499 2941 1688 2994 dicens
1712 2957 1727 2993 :
1757 2942 1817 2996 Si
1848 2946 1964 3012 quis
1993 2946 2246 3014 templum
2268 3002 2277 3011 η

664 3029 759 3083 Dei
789 3032 1084 3097 violaverit,
1119 3035 1385 3103 disperde!
1414 3036 1567 3089 illum
1597 3035 1737 3090 Deus
1749 3039 1818 3091 ⁵⁸.
1848 3038 2075 3109 Propter
2098 3042 2245 3110 quod

660 3122 1028 3176 sanctuarium
1054 3125 1175 3193 ejus
1207 3139 1523 3194 paveamus,
1558 3133 1619 3177 ut
1646 3140 1747 3179 nec
1774 3140 1973 3195 corpus
1996 3136 2245 3180 nostrum

662 3210 987 3279 polluamus,
1011 3228 1192 3283 neque
1223 3214 1288 3267 ad
1320 3229 1521 3284 corpus
1550 3214 1775 3279 Christi,
1802 3214 1855 3268 in
1884 3230 1993 3284 quo
2018 3225 2102 3269 est
2128 3232 2244 3269 om-
2273 3198 2315 3252 ί)

662 3301 749 3357 nis
798 3304 1159 3359 sanctificatio
1196 3306 1272 3376 (in
1315 3307 1434 3376 ipso
1467 3308 1615 3362 enim
1644 3309 1826 3362 omnis
1850 3309 2132 3379 plenitudo
2162 3310 2247 3363 in-

665 3395 871 3450 habitat
894 3397 1383 3467 divinitatis),sine
1414 3400 1599 3454 subtili
1624 3400 2017 3470 dijudicatione
2048 3404 2244 3467 nostri,

664 3498 871 3545 temere
913 3492 1239 3547 accedamus
1265 3534 1279 3557 ,
1316 3493 1411 3547 sed
1444 3494 1598 3562 prius
1632 3495 1999 3564 nosmetipsos
2044 3496 2247 3564 probe-

665 3597 807 3645 mus,
850 3583 1298 3639 reminiscentes'
1315 3586 1436 3655 ejus
1485 3586 1576 3656 qui
1603 3586 1740 3641 dixit
1774 3604 1788 3640 :
1828 3587 2135 3653 Quicunque
2160 3605 2248 3641 co-

666 3673 883 3725 mederit
927 3688 1120 3741 pauent
1165 3682 1262 3727 aut
1309 3674 1493 3729 biberit
1521 3677 1739 3730 calicem
1772 3677 1983 3731 Domini
2016 3679 2245 3749 indigne,

666 3779 784 3817 reus
812 3766 911 3820 erit
940 3767 1175 3834 corporis
1200 3776 1249 3820 et
1297 3770 1571 3838 sanguinis
1594 3769 1831 3828 Domini.
1854 3771 2040 3825 Probet
2068 3782 2248 3826 autem

664 3857 999 3925 semetipsum
1026 3859 1199 3926 homo,
1232 3870 1282 3913 et
1310 3860 1386 3913 sic
1414 3863 1477 3913 de
1509 3878 1647 3930 pane
1678 3864 1935 3925 comedat,
1969 3873 2018 3917 et
2059 3866 2123 3917 de
2156 3881 2249 3918 ca-

670 3946 765 3999 lice
810 3947 951 4001 bibat
969 3949 1034 4001 ’⁵.
1064 3948 1292 4014 Qualem
1326 3952 1701 4020 probationem
1738 3953 1907 4008 dicit?
1944 3955 2002 4009 ld
2048 3966 2151 4016 est,
2190 3963 2246 4009 ut

673 4041 727 4091 in
758 4040 922 4094 corde
950 4040 1174 4107 mundo,
1201 4050 1365 4111 atque
1395 4043 1754 4109 conscientia,
1785 4054 1841 4100 et
1869 4047 2248 4115 panitentiam

672 4145 884 4197 eorum,
914 4148 1035 4201 qua:
1082 4133 1213 4187 olim
1255 4131 1483 4203 deliquit
1537 4136 1844 4191 intendenti
1895 4138 2253 4207 participetur

675 4224 894 4288 sanctis,
924 4225 992 4279 ad
1020 4226 1353 4281 ablutionem
1382 4238 1727 4296 peccatorum
1758 4246 2003 4287 suorum.

748 4314 909 4370 Vens.
948 4316 1101 4371 5-15.
1152 4337 1171 4370 ς
1203 4318 1259 4372 Si
1307 4319 1362 4372 in
1406 4321 1693 4389 praeceptis
1723 4321 1859 4375 meis
1888 4322 2255 4377 ambulaveri-

679 4407 767 4470 tis,
794 4414 850 4461 et
893 4408 1149 4463 mandata
1192 4424 1311 4463 mea
1356 4410 1724 4465 custodieritis
1776 4420 1833 4466 et
1882 4411 2123 4465 feceritis
2164 4427 2249 4477 ea,

2358 555 2579 617 pactum
2635 562 2818 600 meum
2868 547 3173 601 vobiscum.
3221 545 3534 600 Ceinedctis
3581 544 3983 598 vetustisisna

2357 647 2701 699 veterum,et
2738 647 2918 690 vetera
2957 636 3116 691 novis
3146 634 3665 705 supervenientibus
3692 633 3983 703 projicie-

2356 731 2447 783 tis.
2479 727 2681 806 Ponam
2717 727 3127 781 tabernaculum
3160 742 3342 781 meum
3380 727 3433 779 in
3466 725 3649 779 medio
3678 726 3889 785 vestri,
3916 735 3981 778 et

2356 836 2467 873 non
2497 820 2719 888 abjieiet
2750 835 2845 873 vos
2870 821 3051 873 anima
3087 835 3228 872 mea.
3262 817 3570 871 Ambulabo
3606 818 3757 871 inter
3783 832 3894 870 vos
3916 827 3980 870 et

2356 929 2451 967 ero
2486 922 2666 967 vester
2700 912 2866 977 Deus,
2895 928 3101 981 vosque
3139 912 3295 966 eritis
3338 911 3576 980 populus
3626 924 3809 963 mens.
3846 907 3979 977 Ego

2361 1005 2623 1058 Dominus
2658 1004 2802 1057 Deus
2832 1014 3031 1066 vester,
3062 1003 3154 1072 qui
3188 1002 3352 1056 eduxi
3388 1017 3481 1055 vos
3503 1002 3571 1055 de.
3599 1010 3750 1054 terra
3787 998 3977 1069 ἑξεῖ-

2358 1099 2618 1167 ptiornm,
2654 1113 2725 1151 ne
2751 1096 3035 1150 serviretis
3062 1096 3167 1158 eis,
3200 1105 3258 1149 et
3297 1094 3391 1163 qui
3438 1092 3683 1162 confregi
3727 1102 3979 1145 catenas

2358 1190 2634 1244 cervicum
2664 1200 2991 1249 vestrarum.
3026 1197 3086 1241 ut
3112 1187 3441 1242 incederetis
3478 1177 3672 1239 erecti.
3706 1204 3726 1235 ι

2429 1281 2554 1336 "me
2585 1281 2917 1335 sensibiliter
2946 1281 3191 1349 suscepit
3219 1278 3530 1333 Judzeorum
3557 1277 3824 1347 populus.
3874 1286 3976 1327 ut-

2357 1384 2484 1443 pote
2518 1389 2740 1442 parvam
2782 1373 2995 1426 habens
3032 1387 3187 1441 spem
3220 1370 3412 1434 futuri,
3443 1382 3637 1425 etnon
3687 1370 3832 1422 satis
3876 1368 3975 1420 in-

2359 1464 2737 1534 telligibilibns
2763 1479 3065 1533 suspensus
3100 1462 3283 1517 bonis.
3313 1463 3442 1517 Erat
3484 1463 3632 1516 enim
3684 1470 3841 1514 totus
3894 1460 3972 1514 ad

2360 1568 2605 1611 ventrem
2656 1566 2711 1610 et
2753 1556 3086 1609 aii-carnale
3134 1556 3308 1608 otium
3351 1555 3621 1615 intentus,
3652 1554 3725 1605 ita
3786 1561 3848 1605 ut
3910 1552 3969 1603 in

2358 1649 2614 1719 praesenti
2651 1650 2757 1702 vita
2780 1690 2794 1709 ,
2831 1663 2895 1701 ca
2927 1663 3048 1716 qua:
3092 1647 3160 1701 ad
3195 1646 3529 1716 voluptatem
3571 1643 3965 1715 pertinebant,

2358 1747 2569 1800 etiamsi
2602 1747 2767 1800 nimis
2796 1752 2984 1799 essent
3009 1743 3267 1812 despecta
3314 1747 3369 1795 et
3419 1738 3643 1792 minima
3687 1751 3792 1806 pro
3825 1735 3966 1794 illis,

2354 1855 2477 1908 quae
2526 1854 2717 1908 parum
2753 1838 3025 1891 laboriosa
3070 1844 3250 1899 erant,
3281 1833 3377 1888 sed
3429 1832 3661 1886 multum
3712 1830 3964 1897 majora.

2349 1932 2595 2002 eligeret.
2631 1941 2688 1986 et
2720 1941 3007 2001 propterea
3047 1936 3318 1998 quareret
3353 1924 3635 1995 kgyptios
3678 1937 3960 1994 pepones,

2348 2040 2545 2093 cepas,
2565 2033 2619 2079 et
2647 2024 2793 2087 allia,
2826 2022 3086 2091 quoniam
3120 2021 3176 2073 in
3207 2028 3463 2089 promptu
3495 2025 3655 2070 erant
3680 2015 3749 2067 ad
3781 2028 3960 2068 exsa-

2349 2114 2563 2169 tiandos
2591 2130 2707 2178 eos,
2739 2123 2794 2168 et
2831 2114 2953 2167 sine
2991 2112 3179 2166 labore
3216 2111 3466 2164 aderant.
3510 2107 3623 2161 Nos
3653 2114 3870 2168 autem,
3909 2106 3959 2158 si

2349 2207 2618 2261 mandatis
2667 2205 2760 2259 Dei
2814 2205 3176 2265 intendimus,
3227 2202 3476 2257 dicentes
3527 2201 3675 2253 sicut
3721 2197 3901 2251 David
3939 2214 3957 2249 :

2352 2302 2501 2355 Viam
2524 2302 2974 2371 justiﬁcalionum
3003 2308 3217 2351 tuarum
3243 2297 3455 2349 insinua
3484 2296 3612 2347 mihi
3629 2294 3698 2345 ".
3732 2291 3803 2345 Et
3828 2306 3961 2344 rIr-
4026 2368 4031 2375 _

2346 2410 2482 2449 sus:
2517 2394 2694 2447 Deduc
2741 2411 2821 2447 me
2857 2395 2912 2446 in
2942 2393 3131 2445 semita
3176 2390 3549 2442 mandatorum
3595 2396 3847 2445 tuorum;
3902 2394 3956 2437 et

2347 2487 2748 2539 custodierinius
2775 2486 3033 2538 mandata
3063 2482 3175 2551 ejus
3199 2482 3268 2545 ",
3303 2479 3441 2534 nihil
3470 2494 3663 2533 eorum
3692 2493 3958 2532 corrum-

2347 2588 2542 2649 pentes
2562 2619 2577 2641 ,
2610 2594 2788 2648 neque
2816 2576 3121 2631 secundum
3141 2582 3383 2627 nostram
3421 2572 3812 2629 intentionem,
3848 2566 3957 2622 sed

2347 2670 2649 2725 s-eundum
2707 2669 2830 2739 ejus
2853 2710 2867 2731 ,
2903 2676 2961 2721 et
3010 2682 3134 2736 quae
3180 2666 3303 2735 ejus
3351 2673 3501 2727 sunt,
3536 2672 3761 2733 agentes
3793 2681 3807 2712 :
3842 2661 3957 2714 hoc

2344 2763 2490 2817 enim
2526 2772 2615 2817 est
2651 2760 2873 2831 proprie
2903 2759 3024 2826 ejus
3056 2755 3335 2811 custodire
3363 2754 3653 2817 mandata;
3686 2750 3956 2818 intelligi-

2346 2856 2533 2909 biliter
2560 2862 2943 2923 exspectemus
2975 2848 3404 2918 unumquodque
3427 2859 3780 2913 eorumque
3806 2858 3955 2913 pra:-

2346 2950 2489 3003 dicta
2528 2955 2677 3013 sunt.
2715 2946 2849 3011 Quia
2897 2954 3081 2998 autem
3116 2958 3145 2995 a
3174 2941 3382 2996 ludatis
3413 2938 3767 2993 inveniemus
3790 2936 3950 2990 omni

2346 3040 2510 3093 modo
2545 3040 2661 3093 haec
2690 3036 2992 3092 secundum
3026 3035 3262 3087 litteram
3301 3032 3525 3101 impleta
3558 3049 3572 3085 :
3610 3029 3763 3083 multi
3795 3028 3952 3083 enim

2352 3129 2443 3183 Dei
2471 3130 2773 3198 prophetae,
2801 3125 3175 3181 custodientes
3195 3126 3314 3193 ejus
3344 3122 3619 3187 mandata,
3640 3128 3698 3175 et
3723 3120 3782 3173 iu
3807 3135 3957 3189 pra-

2349 3223 2521 3292 ceptis
2551 3224 2669 3291 ejus
2704 3221 3070 3283 ambulantes,
3109 3220 3165 3272 in
3198 3217 3367 3271 multa
3393 3214 3617 3270 fuerunt
3646 3213 3953 3268 adflictione

2349 3315 2655 3377 constituti,
2688 3298 2792 3367 nec
2819 3328 3018 3381 panem
3051 3326 3211 3365 suum
3241 3325 3366 3364 cum
3400 3308 3677 3367 satietate.
3701 3306 3799 3359 sed
3822 3320 3953 3359 eum

2350 3416 2591 3478 egestate
2631 3405 3012 3468 comederunt,
3052 3399 3516 3472 quemadmodum
3538 3392 3825 3458 Ezechiel,
3856 3396 3953 3450 cui

2349 3501 2419 3554 ab
2446 3501 2567 3568 ipso
2597 3500 2702 3552 hoc
2732 3498 2843 3550 Deo
2872 3505 3208 3566 praceptum
3238 3502 3345 3548 est.
3373 3491 3481 3546 Sed
3514 3502 3572 3546 et
3603 3490 3807 3545 Paulus
3827 3505 3950 3549 eos.

2348 3593 2441 3660 qui
2475 3592 2530 3644 in
2564 3591 2683 3660 lege
2708 3598 2764 3643 et
2795 3587 3082 3658 prophetis
3126 3584 3410 3654 jnstificati
3472 3592 3623 3645 sunt,
3660 3596 3952 3651 exponens

2349 3682 2599 3737 dicebat:
2630 3680 2962 3734 Cirraierunt
2994 3678 3051 3730 iu
3079 3677 3305 3738 melotis,
3336 3674 3392 3727 in
3422 3674 3645 3743 pellibus
3688 3672 3950 3741 caprinis.

2348 3774 2637 3837 humiliati,
2664 3770 2845 3840 amicti
2870 3812 2883 3833 ,
2916 3768 3105 3839 quibus
3134 3768 3325 3835 dignus
3354 3782 3457 3819 non
3482 3774 3597 3818 erat
3632 3768 3861 3817 mundus
3878 3764 3949 3817 ".

2352 3867 2485 3921 Illud
2516 3875 2699 3920 autem
2732 3864 2907 3932 magis
2940 3861 3228 3915 intendere
3261 3860 3316 3913 in
3354 3860 3459 3924 his,
3487 3872 3610 3928 qua:
3630 3857 3776 3912 dicta
3798 3866 3953 3923 sunt,

2350 3965 2588 4027 oportet,
2648 3956 2779 4023 quia
2810 3953 3253 4009 custodientibus
3281 3951 3378 4006 Dei
3410 3950 3690 4013 mandata,
3724 3950 3953 4019 triginta

2352 4046 2765 4102 benedictiones
2807 4046 2861 4097 in
2905 4044 3163 4114 presenti
3192 4044 3276 4097 lex
3312 4042 3517 4113 posuit.
3552 4041 3643 4094 Sic
3674 4039 3823 4094 enim
3855 4053 3952 4092 eas

2354 4152 2587 4192 numero
2622 4136 2896 4199 invenies,
2933 4148 3381 4203 unamquamque
3410 4130 3854 4187 benedictionem
3880 4130 3954 4183 ab

2354 4229 2460 4283 alia
2507 4244 2605 4297 per
2648 4226 3120 4293 conjunctionem,
3152 4225 3207 4277 in
3258 4224 3561 4279 secundum
3593 4222 3951 4291 Septuaginta

2354 4320 2598 4376 editione
2644 4319 2989 4381 discernens,
3045 4317 3175 4386 quia
3222 4326 3302 4371 tot
3353 4329 3627 4370 annorum
3679 4312 3953 4367 exsistens

2356 4412 2641 4475 Dominus,
2672 4411 2741 4465 de
2775 4426 2885 4479 quo
2915 4410 2992 4463 ait
3019 4408 3243 4470 Paulus,
3272 4406 3341 4461 Ut
3387 4423 3729 4461 occurramus
3772 4421 3952 4457 omnes

680 4498 821 4553 dabo
867 4499 1021 4554 vobis
1068 4501 1305 4571 pluviam
1360 4502 1413 4556 in
1452 4503 1791 4573 temporibus
1822 4504 1938 4559 suis
1971 4514 2065 4559 :et
2110 4514 2252 4559 tem
2289 4509 2414 4599 Din
2456 4505 2628 4557 virum
2673 4505 2963 4573 perfectum
2982 4501 3048 4567 ⁸⁸,
3079 4502 3135 4555 in
3163 4514 3481 4555 mensuram
3506 4498 3680 4552 artatis
3713 4496 3953 4567 plenitu~

681 4591 863 4661 gignet
884 4592 1121 4647 fructum
1145 4609 1326 4659 suum,
1351 4604 1407 4649 et
1433 4595 1607 4665 pomis
1632 4595 1859 4650 arbores
1880 4597 2256 4666 replebuntur,

681 4690 735 4736 et
765 4682 1143 4751 apprehendet
1164 4684 1419 4740 messium
1458 4685 1651 4740 tritura
1678 4685 2024 4750 vindemiam,
2054 4696 2109 4741 et
2142 4688 2262 4740 vin-

684 4773 861 4827 demia
915 4774 1196 4845 occupabit
1245 4784 1591 4829 sementem:
1636 4784 1691 4829 et
1716 4778 2017 4832 comedetis
2070 4794 2263 4847 panem

685 4876 927 4920 vestrum
960 4865 1013 4918 in
1042 4866 1403 4931 saturitatem,
1437 4876 1493 4919 et
1525 4866 1729 4935 absque
1760 4882 1961 4936 pavore
1993 4869 2266 4923 habitabi-

688 4958 757 5012 tis
782 4958 836 5012 in
870 4966 1013 5011 terra
1046 4967 1246 5012 vestra.
1294 4956 1444 5012 Dabo
1470 4972 1658 5026 pacem
1699 4957 1753 5010 in
1789 4956 1988 5012 finibus
2014 4960 2216 5013 vestris
2249 4978 2263 5013 :

687 5050 993 5115 dormietis,
1014 5059 1069 5104 et
1094 5065 1204 5104 non
1234 5049 1339 5102 erit
1368 5050 1457 5118 qui
1494 5050 2057 5105 exterreat.Auferam
2095 5032 2264 5105 malas

691 5143 924 5207 bestias,
953 5152 1009 5196 et
1044 5141 1253 5211 gladius
1296 5157 1405 5195 non
1440 5141 1689 5195 transibit
1725 5141 1987 5198 terminos
2030 5152 2261 5197 vestros.

690 5234 1085 5304 Persequimini
1134 5233 1385 5287 inimicos
1413 5241 1641 5293 vestros,
1671 5241 1727 5285 et
1776 5241 2035 5287 eorruent
2085 5248 2266 5288 coram

694 5328 866 5383 vobis.
889 5327 1293 5395 Persequentur
1317 5325 1558 5393 quinque
1583 5323 1651 5377 de
1672 5324 1871 5378 vestris
1894 5334 2113 5378 centum
2138 5326 2269 5379 alie-

694 5436 816 5484 nos,
850 5426 907 5474 et
938 5426 1157 5473 centum
1188 5433 1251 5472 ex
1288 5418 1443 5471 vobis
1471 5416 1660 5471 decem
1710 5416 1896 5469 millia.
1932 5416 2139 5470 Cadent
2164 5418 2270 5470 ini-

697 5514 823 5568 mici
856 5512 1021 5568 vestri
1071 5512 1126 5566 in
1168 5526 1463 5581 conspecm
1511 5522 1691 5565 vestro
1723 5510 1920 5581 gladio.
1959 5508 2269 5579 Despiciam

768 5714 815 5745 ³⁸
843 5711 944 5767 Isn.
979 5728 1083 5777 l.\'|,
1110 5712 1163 5765 2.
1272 5711 1315 5741 ⁸¹
1350 5710 1448 5763 Ιεθ.
1483 5727 1519 5766 ι.
1559 5710 1619 5761 15

690 5784 733 5817 ’⁵
774 5785 890 5841 lbid
948 5784 1033 5839 ΞΣ».
1114 5785 1155 5815 ³⁷
1192 5781 1354 5837 llebr.
1390 5797 1465 5849 xi,
1498 5783 1583 5835 δέ.

1742 5712 1786 5743 ⁵²
1814 5713 1944 5762 ibfd.
1983 5711 2061 5763 f6.

1662 5780 1706 5811 δ’
1736 5782 1932 5850 l'Iphes.
1969 5800 2039 5840 iv.
2068 5785 2155 5837 13.

2176 5713 2262 5766 ⁸³1
2300 5713 2419 5767 Cor.
2463 5727 2539 5775 nt,
2589 5712 2666 5764 l7.

2365 4597 2510 4650 diuis
2534 4594 2737 4651 Christi
2773 4612 2786 4649 :
2828 4594 2981 4649 venit
3033 4593 3101 4646 ad
3145 4592 3481 4662 baptismum
3514 4598 3830 4659 :quatenus
3852 4588 3951 4642 do-

2367 4686 2607 4740 nationis
2636 4684 3057 4755 perfectionem,
3088 4697 3187 4752 per
3204 4691 3445 4746 aetatem,
3475 4696 3639 4750 quam
3664 4694 3835 4749 agens
3858 4679 3952 4732 ha-

2368 4778 2605 4847 ptiaatus
2631 4785 2745 4839 est,
2776 4776 3055 4829 nuntiaret
3085 4782 3141 4828 et
3173 4773 3491 4827 ostenderet
3523 4790 3537 4825 :
3574 4779 3632 4824 et
3661 4770 3741 4824 sic
3772 4768 3952 4840 perfe-

2369 4880 2492 4924 ctus
2535 4869 2838 4924 secundum
2887 4876 3105 4936 tempus
3148 4865 3350 4930 factus,
3385 4862 3681 4933 praedicare
3708 4862 3950 4930 Evange-

2371 4963 2502 5016 lium
2530 4962 2699 5031 coepit
2736 4980 2748 5015 :
2784 4961 2838 5014 in
2865 4974 2975 5027 quo
3004 4957 3265 5012 omnibus
3300 4964 3388 5009 est
3411 4955 3534 5008 vitae
3562 4962 3620 5007 et
3644 4951 3951 5006 donationis

2372 5054 2673 5124 plenitudo,
2708 5062 2762 5107 et
2795 5040 3255 5114 conversationis,
3286 5044 3795 5113 retributionisque.
3824 5044 3950 5109 Qum

2374 5148 2461 5200 hic
2492 5145 2853 5216 signiﬁcavit;
2892 5144 2968 5198 ait
2994 5143 3141 5197 enim
3166 5159 3181 5195 :

2448 5237 2515 5291 Et
2564 5239 2699 5292 dabo
2741 5238 2885 5291 vobis
2931 5237 3168 5306 pluviam
3203 5236 3259 5289 in
3292 5235 3612 5303 temporibus
3643 5231 3774 5284 suis.
3819 5228 3952 5282 Dicit

2375 5338 2557 5383 autem
2589 5329 2815 5382 verbum
2852 5328 2989 5391 Dei,
3025 5335 3215 5396 utpote
3257 5324 3685 5379 descendentem
3721 5321 3789 5373 de
3822 5319 3953 5374 uelo

2375 5421 2578 5491 gratiae,
2612 5421 2679 5474 de
2723 5434 2832 5489 quo
2861 5418 3071 5490 Moyses
3102 5420 3179 5472 sic
3206 5417 3343 5471 dixit
3373 5434 3387 5471 :
3421 5415 3663 5475 Attende,
3678 5411 3879 5472 calum,
3907 5416 3951 5461 et

2378 5513 2584 5580 loquar,
2613 5520 2661 5564 et
2694 5511 2883 5563 audiat
2914 5520 3058 5562 terra
3084 5508 3239 5562 verba
3274 5524 3339 5561 ex
3365 5522 3455 5561 ore
3484 5520 3620 5571 meo,
3642 5512 3949 5572 exspectetur

2774 5712 2821 5741 “
2850 5713 2867 5763 l
2898 5711 3024 5764 Cor.
3070 5724 3144 5775 xl,
3182 5708 3271 5761 28.
3369 5709 3413 5738 "
3441 5704 3585 5757 Psal.
3615 5717 3807 5764 cvvm,
3867 5700 3950 5755 Ἦ.
