4158 6450
742 333 873 401 1113

734 543 982 608 nequitia:
1012 545 1064 596 iu
1096 547 1384 602 cmlestibus
1415 553 1480 615 ⁸⁸,
1511 555 1781 614 subinlert
1814 601 1826 613 .
1853 561 2140 630 Propterea
2171 569 2312 619 arci-

737 634 842 697 pite
907 648 1241 692 armaturam
1296 644 1391 696 De:
1425 645 1503 712 ";
1549 664 1710 716 quam
1777 653 2087 724 singulatim
2151 658 2312 710 dinu-

737 738 975 782 merans.
1022 728 1096 780 ait
1126 748 1139 782 :
1170 730 1237 785 Et
1263 733 1505 802 gladium
1539 740 1778 806 spiritus,
1827 746 1966 812 quod
1997 756 2070 797 est
2102 747 2311 802 verbum

737 813 830 864 Dei
860 816 904 844 ⁷⁰

801 902 1097 972 Respiciam
1122 927 1226 966 vos.
1251 914 1389 980 Quid
1415 931 1499 974 est
1523 923 1669 978 enim
1703 927 1915 993 melius,
1934 946 2093 1000 quam
2116 934 2309 1005 respici

733 1013 762 1046 a
796 993 905 1051 Deo
929 1042 944 1064 ,
976 1002 1134 1070 cujus
1181 1019 1460 1076 respectus
1496 1015 1642 1071 salus
1666 1028 1749 1072 est
1771 1061 1785 1084 ,
1827 1027 2097 1080 aversatio
2129 1039 2309 1082 autem

733 1105 880 1143 mors
910 1095 1034 1146 rst?
1080 1095 1146 1147 Et
1180 1116 1408 1156 crescere
1433 1107 1658 1175 faciam,
1708 1123 1757 1164 et
1809 1115 2307 1184 multiplicabimini.

731 1181 907 1252 Auget
936 1201 1034 1238 nos
1065 1190 1307 1257 quidem,
1345 1211 1468 1248 cum
1505 1214 1668 1267 parva
1723 1204 1884 1269 bona,
1911 1224 2031 1275 qua:
2078 1212 2307 1281 agimus,

733 1274 966 1329 maxima
1013 1278 1142 1335 facit
1193 1299 1477 1353 apparere.
1540 1290 1858 1362 Multiplicat
1905 1274 2089 1354 autem
2113 1274 2310 1372 vpauca

731 1382 980 1422 crescere
1040 1371 1246 1430 faciens
1277 1378 1331 1430 in
1377 1384 1579 1438 multis.
1612 1389 1806 1441 Annon
1850 1406 2054 1462 augens
2099 1406 2313 1452 nostras

733 1454 964 1511 virtutes
1015 1471 1068 1513 et
1103 1466 1458 1533 magniﬁcans
1524 1474 1738 1531 dicebat
1767 1498 1778 1533 :
1812 1480 2059 1543 Quandiu
2121 1487 2312 1554 fecistis

732 1545 825 1596 nui
879 1548 942 1600 de
997 1553 1229 1607 minimis
1255 1557 1365 1622 Itis,
1407 1564 1534 1615 mihi
1564 1567 1757 1635 fecistis
1783 1573 1868 1624 7'?
1919 1571 1983 1626 Et
2052 1579 2308 1647 multipli-

731 1650 860 1690 cans
905 1656 1112 1709 rursus,
1148 1645 1373 1704 Paulum
1426 1657 1663 1712 scribere
1693 1661 1960 1719 faciebat:
1999 1667 2122 1722 Non
2173 1675 2311 1728 enim

730 1730 970 1796 occides;
1003 1751 1103 1788 non
1163 1741 1495 1800 adulterabis
1528 1765 1548 1811 ;
1587 1768 1688 1804 non
1745 1761 2117 1826 concupisces;
2166 1775 2213 1819 et
2265 1769 2310 1820 si

729 1825 869 1885 quod
890 1835 964 1878 est
990 1828 1141 1883 aliud
1168 1839 1479 1893 mandatum
1502 1842 1568 1908 τ’,
1603 1845 1707 1900 hoc
1736 1824 1916 1904 verbo
1942 1865 2306 1913 restauratur:
2347 1824 2389 1881 Β

730 1914 932 1987 Diliges
955 1926 1250 1988 proximum
1278 1940 1426 1987 tuam
1457 1938 1589 1990 sicut
1614 1941 1839 2007 teipsum
1862 1947 1926 2011 ⁷³,
1957 1949 2122 2004 multa
2153 1969 2308 2008 man-

731 2005 854 2059 data
886 2010 1126 2069 elﬁciens
1153 2016 1257 2074 hoc
1283 2037 1450 2077 unum
1470 2029 1804 2097 mandatum,
1825 2045 1882 2089 ut
1901 2053 1998 2092 nos
2012 2055 2310 2112 assequen—

733 2103 814 2148 tes
839 2097 992 2164 illud,
1020 2103 1217 2161 divites
1247 2109 1566 2170 ellieiamur.
1617 2118 1792 2177 Nimis
1833 2140 1963 2196 ergo
2003 2097 2307 2200 oppoi'tuna

729 2199 876 2250 sunt.
902 2208 1022 2261 qua:
1053 2212 1374 2268 sequuntur.

805 2280 1058 2341 Fit-umbo
1081 2302 1293 2357 pactum
1324 2314 1495 2355 meum
1519 2305 1798 2363 vobiscum.
1832 2312 1908 2366 Ea
1937 2315 2152 2384 quidem
2178 2333 2308 2379 sunt

728 2375 1007 2481 praedicta,
1038 2397 1136 2450 per
1157 2388 1544 2450 retributiones
1565 2408 1745 2454 autem
1776 2403 1905 2460 illud
1938 2375 2133 2478 firmat,
2160 2375 2303 2484 quod

727 2471 1100 2540 manifestam,
1137 2493 1257 2547 qua:
1285 2497 1590 2554 sequuntur
1609 2511 1623 2545 :
1645 2492 1936 2552 Comedetis
1959 2471 2305 2564 vetustisiima

727 2571 979 2617 veterum.
1013 2566 1137 2623 Sive
1163 2583 1220 2627 ut
1251 2574 1627 2650 Septuaginta,
1658 2597 1828 2641 vetera
1859 2599 2174 2661 veterum,id
2198 2614 2301 2668 est,

726 2669 849 2721 qua:
879 2658 1031 2713 vobis
1065 2678 1162 2730 per
1195 2667 1367 2736 legem
1419 2682 1475 2725 et
1516 2677 1814 2744 prophetas
1861 2688 2123 2750 promissa
2155 2705 2301 2760 sunt,

725 2757 782 2800 et
809 2765 932 2818 quae
972 2769 1068 2822 per
1094 2759 1433 2825 patriarchas
1492 2766 1545 2819 in
1599 2784 1788 2825 eorum
1831 2757 2304 2840 benedictionibus

725 2841 996 2904 promisit.
1031 2842 1098 2898 Et
1127 2859 1298 2902 vetera
1325 2855 1470 2907 novis
1485 2863 1963 2925 supervenientibus
1989 2872 2299 2938 projicietis.

723 2931 857 2996 Quae
873 2949 999 2989 sunt
1030 2943 1212 2995 nova?
1251 2944 1542 3018 Evangelia
1575 2953 1850 3023 videlicet;
1883 2975 2002 3014 ram
2038 2978 2162 3019 eum
2187 2984 2303 3022 ma-

725 3027 868 3080 xima
910 3039 1038 3084 sunt
1065 3048 1149 3097 ea,
1191 3050 1313 3104 quae
1355 3050 1607 3110 suntper
1637 3048 1995 3115 patriarchas,
2034 3055 2207 3125 legem
2247 3071 2303 3116 et

1935 365 2292 425 UESYCIHI
2335 368 2805 436 PRESB‘t'i'Elil

736 451 917 501 mundi
952 465 1171 507 rectores
1195 462 1525 514 tenebrarum
1544 466 1753 527 ltttt‘ttttl.
1781 471 2025 526 adversus
2046 475 2312 543 spiritalia
2345 480 2389 535 Δ

3891 383 4019 448 ΠΗ

2494 481 2602 551 li'go
2633 483 2886 539 Dominus
2932 486 3070 540 heus
3122 499 3309 552 tester,
3343 493 3433 559 qui
3462 494 3619 546 eduxi
3659 509 3748 546 vos
3775 496 3844 546 de
3875 506 4022 549 terra

2418 575 2658 643 xligypti,
2697 595 2759 631 ne
2794 581 3056 633 seri-iretis
3102 583 3194 635 eis.
3240 581 3396 647 Quod
3444 585 3486 637 si
3521 585 3602 637 vis
3651 601 4018 656 cognoscere,

2420 664 2535 718 lucc
2567 667 2737 721 Exodi
2785 670 2946 724 verba
2991 689 3085 740 per
3136 673 3409 742 Evangelii
3471 677 3719 730 ordinem
3774 677 4017 733 discute.

2423 755 2564 810 Dixit
2611 775 2739 828 ergo
2796 759 3056 815 Dominus
3100 764 3166 816 ad
3211 763 3428 834 Moysen
3465 783 3477 816 :
3513 766 3623 818 l'idi
3670 768 4018 835 afflictione.

2420 850 2600 915 populi
2632 851 2732 902 mei
2781 852 2833 903 in
2861 851 3092 922 .Egypto
3120 897 3134 918 ,
3187 859 3466 908 clamorem
3501 858 3614 925 ejus
3643 861 3853 923 audiri,
3887 879 4015 929 pro-

2421 953 2534 1006 pter
2559 941 2813 994 duritiam
2846 960 3046 1007 eorum,
3073 948 3162 1014 qui
3193 959 3423 1013 pra‘suut
3457 949 3698 1014 operibus
3722 967 3740 1002 :
3764 964 3816 1004 et
3843 953 4016 1005 sciens

2420 1030 2651 1084 dolerent
2679 1035 2812 1101 ejus,
2845 1037 3084 1088 descendi
3110 1037 3334 1090 liberare
3368 1056 3452 1092 eos
3485 1042 3549 1092 de
3571 1043 3819 1094 manibus
3841 1043 4016 1113 digg-

2419 1126 2672 1191 ptiorum,
2714 1136 2761 1178 et
2790 1127 3006 1180 educere
3038 1129 3102 1180 de
3128 1140 3269 1182 terra
3299 1132 3392 1183 illa
3426 1134 3478 1184 in
3501 1143 3698 1185 terram
3724 1137 3928 1188 bonam
3966 1151 4014 1190 ct

2415 1217 2728 1281 speciosam,
2757 1234 2874 1286 quia
2904 1220 3021 1286 ﬂuit
3049 1221 3188 1273 lacte
3221 1233 3267 1274 et
3301 1223 3450 1275 melle
3475 1224 3537 1274 ⁷⁸.
3573 1223 3637 1278 Et
3667 1226 3798 1292 quis
3815 1227 3883 1280 sit
3917 1245 4010 1296 qui

2416 1309 2716 1364 introducit
2745 1311 2798 1363 in
2839 1312 3220 1380 promissionis
3248 1305 3451 1368 terram
3493 1316 3659 1385 ?lpse
3697 1317 3884 1381 Deus,
3921 1322 4009 1390 qui

2415 1401 2532 1455 lucc
2563 1401 2729 1472 Moysi
2760 1405 2998 1458 ostendit
3029 1422 3042 1457 :
3077 1405 3208 1460 Ecce
3232 1424 3324 1476 ego
3355 1409 3504 1461 mitto
3531 1412 3792 1479 Angelum
3836 1429 4010 1465 meum

2413 1499 2504 1563 qui
2536 1495 2800 1563 pra'cedat
2833 1507 2881 1550 te
2916 1507 2962 1549 et
2985 1500 3247 1550 custodiat
3289 1510 3337 1551 te
3367 1501 3420 1552 iu
3449 1503 3556 1561 via,
3595 1513 3642 1555 et
3699 1506 4011 1558 introducat

2413 1592 2484 1642 ad
2513 1591 2684 1644 locum
2713 1607 2866 1660 quem
2893 1593 3078 1659 parari
3101 1593 3164 1643 ⁷⁷.
3195 1592 3460 1660 Angelum
3491 1593 3660 1648 lilium
3695 1599 4008 1664 appellans,

2413 1687 2538 1754 quia
2582 1686 2915 1740 voluntatem
2945 1684 3102 1738 nobis
3140 1685 3312 1740 Patris
3350 1689 3732 1751 annuntiavit,
3792 1692 3863 1744 de
3905 1709 4005 1758 quo

2417 1779 2493 1831 ait
2521 1778 2687 1832 lsaias
2721 1797 2732 1831 :
2769 1777 2910 1831 Puer
2945 1789 3100 1831 natus
3125 1788 3199 1831 est
3236 1780 3410 1843 nobis,
3443 1781 3586 1847 [ilius
3612 1783 3776 1834 datus
3807 1795 3887 1834 est
3921 1802 4008 1834 ηυ-

2418 1871 2514 1932 bis,
2558 1871 2713 1938 cujus
2743 1871 3067 1938 prinripatus
3109 1887 3267 1939 super
3291 1876 3532 1924 humeros
3562 1873 3701 1940 ejus,
3729 1884 3782 1926 et
3828 1879 4008 1941 appet-

2418 1966 2616 2018 labitur
2648 1981 2833 2018 nomen
2865 1964 2978 2032 ejus
3013 1964 3192 2034 magni
3235 1965 3438 2018 consilii
3467 1964 3726 2033 Angelus.
3761 1969 4002 2018 admira-

2415 2059 2552 2122 bilis,
2606 2057 2964 2115 consiliarius,
3029 2054 3165 2108 Deus
3223 2056 3466 2124 fortis,".
3517 2055 3811 2120 Quomodo
3836 2061 4000 2113 enim.

2415 2167 2541 2207 eum
2577 2149 2892 2220 promiserit
2941 2147 3104 2210 Deus,
3144 2162 3241 2215 per
3282 2162 3345 2200 ea
3388 2162 3509 2215 qua:
3555 2148 3822 2214 superius
3866 2149 4006 2202 dicta

2415 2253 2562 2310 sum,
2602 2241 2949 2296 introducere
2977 2242 3234 2309 populum
3264 2239 3316 2292 in
3346 2248 3567 2300 terram,
3610 2240 3860 2309 Angelus
3909 2241 4007 2294 hoc

2417 2337 2616 2400 facere,
2645 2345 2700 2388 et
2721 2349 2831 2387 non
2870 2334 2985 2401 ipse
3012 2331 3104 2401 qui
3133 2331 3404 2400 promisit,
3446 2331 3696 2399 poterat?
3724 2331 3869 2395 Quis
3911 2347 4005 2384 au-

2416 2443 2546 2497 tem,
2570 2440 2625 2484 et
2655 2427 2752 2498 qui
2777 2426 3083 2489 descendit,
3118 2425 3233 2494 ipse
3265 2423 3425 2478 nobis
3448 2423 3635 2477 dicens
3668 2424 3788 2478 haec
3819 2423 3888 2478 ad
3917 2423 4001 2477 Ni-

2413 2526 2700 2579 rodemum
2738 2519 2978 2574 ostendit
3008 2535 3022 2572 :
3057 2517 3225 2571 Nemo
3273 2518 3508 2570 ascendit
3536 2518 3593 2569 in
3627 2518 3821 2570 malum
3851 2560 3866 2580 ,
3909 2519 4006 2570 nisi

2413 2620 2500 2689 qui
2534 2615 2793 2670 descendit
2836 2616 2899 2666 de
2926 2611 3071 2674 cwlo,
3107 2610 3274 2664 Filius
3303 2611 3528 2663 hominis
3560 2611 3652 2679 qui
3693 2612 3747 2662 in
3779 2611 3913 2663 creto
3938 2610 4005 2662 ".

2411 2709 2576 2780 Atqui
2623 2707 2856 2761 necdum
2895 2703 2951 2757 in
3009 2703 3208 2758 caelum
3264 2718 3390 2757 eum
3430 2717 3597 2756 carne
3650 2703 4006 2767 ascenderat,

2412 2801 2646 2856 necdum
2677 2799 2823 2853 enim
2858 2805 3174 2865 assumptus
3204 2803 3342 2859 erat,
3375 2794 3468 2849 sed
3501 2794 3930 2848 descensionem
3957 2806 4007 2848 et

2410 2891 2789 2946 ascensionem
2826 2888 3111 2956 pristinam
3141 2886 3293 2949 dicit,
3329 2886 3394 2939 de
3411 2902 3537 2955 qua,
3564 2886 3712 2938 sicut
3736 2886 4005 2946 diximus,

2413 2984 2577 3046 Moysi
2616 2982 2829 3036 loeutus
2867 2989 2994 3033 est:
3031 2979 3142 3032 l'idi
3167 2977 3500 3046 aﬂlictionem
3541 2977 3725 3046 populi
3768 2979 3873 3030 mei
3902 3021 3917 3043 ,
3960 2989 4007 3030 et

2409 3041 2650 3130 descendi
2698 3074 2922 3127 liberare
2970 3087 3054 3124 eos
3095 3072 3158 3123 de
3190 3041 3429 3124 inanibus
3456 3041 3858 3139 quptiorunt.
3904 3041 4008 3124 llic

727 3123 1022 3190 prophetas
1044 3127 1304 3194 pollicita,
1329 3138 1510 3188 tamen
1534 3149 1630 3203 per
1654 3140 2003 3211 Evangeliuni
2033 3123 2300 3216 promissa
2331 3183 2374 3240 ε
2408 3123 2537 3239 ξτεο
2570 3167 2726 3221 nobis
2754 3175 2808 3219 et
2840 3180 2924 3227 ea,
2965 3178 3085 3232 qua:
3108 3170 3433 3232 sequuntur,
3466 3162 3636 3216 dedit.

727 3217 930 3286 majora
964 3228 1112 3283 sinit,
1147 3233 1372 3291 propter
1419 3229 1600 3296 quod,
1649 3230 1842 3288 horum
1873 3243 2301 3311 comparatione,

725 3307 815 3360 illa
847 3309 1003 3362 nubis
1029 3312 1302 3381 superﬂua
1317 3316 1654 3384 judieantur.
1679 3321 1818 3378 Ecce
1835 3342 1962 3396 ergo
1983 3307 2302 3401 capitulum,

722 3399 867 3467 quod
936 3409 1102 3456 totam
1147 3403 1589 3463 benedictionem
1616 3413 1942 3480 conﬁrmat,
1993 3419 2156 3476 infert
2187 3465 2201 3488 ,
2253 3399 2305 3481 id

724 3502 828 3557 est,
885 3510 1006 3564 qua:
1045 3512 1144 3566 per
1201 3501 1567 3571 evangelicam
1615 3513 1733 3560 acta
1780 3518 1910 3562 sunt
1982 3522 2036 3567 et
2086 3515 2305 3586 impleta

725 3585 974 3653 gratiam.

796 3677 997 3732 Ponant
1033 3670 1430 3740 tabernaculum
1469 3706 1639 3744 meum
1672 3694 1724 3746 in
1781 3698 1949 3750 medio
1996 3703 2172 3755 vestri.
2211 3703 2304 3758 Vel

722 3767 863 3821 sicut
905 3772 1259 3841 Septuaginta
1307 3793 1320 3827 :
1361 3777 1694 3833 Constituam
1729 3791 2096 3843 testamentum
2133 3809 2305 3846 meum

724 3860 1004 3913 vobiscum.
1044 3862 1200 3928 Quod
1233 3876 1313 3919 est
1338 3867 1474 3929 hoc.
1517 3871 1571 3923 in
1611 3888 1721 3941 quo
1742 3890 1878 3928 nova
1905 3881 2176 3947 promisit,
2213 3900 2307 3938 cu-

719 3953 809 4021 jus
837 3953 914 4007 sic
947 3959 1211 4024 propheta
1239 3956 1506 4016 Jcrcmias
1534 3967 1850 4021 Inemm'iam
1888 3970 2056 4024 facit:
2085 3973 2152 4026 Et
2181 3991 2306 4028 con-

720 4047 938 4100 s.’ituam
988 4050 1126 4103 vobis
1193 4061 1563 4108 testamentum
1609 4073 1828 4123 novum,
1880 4079 1981 4115 non
2021 4068 2307 4122 secundum

722 4147 1122 4203 testamentum,
1175 4147 1315 4213 quod
1357 4147 1592 4215 disposui
1628 4153 1866 4218 patribus
1890 4159 2072 4211 vestris
2102 4160 2164 4212 ⁷⁸.
2213 4159 2306 4216 llis

720 4231 868 4285 enim
935 4235 1226 4304 conjuncta
1281 4248 1444 4303 sunt,
1501 4251 1556 4296 et
1611 4260 1733 4312 quae
1803 4261 2111 4317 sequuntur
2190 4270 2304 4308 tua-

723 4325 882 4382 sime.

792 4417 858 4471 Et
890 4437 990 4473 non
1023 4423 1413 4479 abominabitur
1458 4429 1640 4482 animo
1699 4447 1815 4483 mea
1863 4449 1968 4486 vos.
2015 4435 2306 4492 Ambulabo

720 4511 857 4565 inter
887 4530 993 4578 vos,
1038 4526 1086 4568 et
1128 4533 1216 4570 ero
1251 4529 1419 4571 vester
1453 4518 1617 4583 Deus,
1646 4539 1836 4592 vosque
1881 4528 2028 4580 eritis
2079 4531 2303 4598 papulas

722 4622 888 4659 meus.
929 4608 1129 4677 Aperte
1153 4611 1319 4666 etiam
1353 4612 1470 4668 hac
1497 4631 1527 4668 a
1547 4616 1810 4684 praedicto
1841 4621 2127 4689 propheta,
2160 4625 2304 4679 sicut

721 4702 1078 4772 Septuaginta
1101 4703 1270 4758 editio
1308 4705 1574 4768 continet,
1623 4709 1822 4778 scripta
1855 4722 2001 4766 sunt.
2035 4713 2133 4767 llic
2160 4713 2302 4770 Deus

719 4807 921 4862 vester,
945 4812 1066 4859 non
1095 4798 1442 4866 reputabitur
1480 4799 1622 4854 alius
1667 4803 1736 4856 ad
1777 4819 1925 4857 eum.
1975 4805 2212 4862 Post/uri:
2247 4811 2303 4862 in

2474 3262 2576 3327 Qui
2620 3258 2872 3328 confregit
2931 3265 3146 3308 catenas
3195 3254 3453 3307 cervicum
3497 3263 3820 3306 vestrarum.
3867 3251 4006 3307 Tam

2409 3352 2616 3424 peccati
2645 3365 2809 3420 quam
2841 3346 2975 3416 legis
3013 3345 3209 3400 littera:
3241 3363 3254 3397 ε
3293 3345 3354 3398 L’t
3378 3345 3690 3397 incedentis
3721 3345 3913 3397 erecti.
3953 3343 4004 3396 ld

2407 3458 2511 3504 est.
2542 3461 2665 3499 cum
2691 3440 3042 3505 conﬁdentia,
3071 3440 3196 3509 quia
3223 3439 3455 3493 virtutes
3478 3438 3636 3492 nobis
3667 3438 3791 3492 sine
3818 3437 4005 3506 aliqua

2408 3537 2751 3591 haasitatione
2789 3530 3002 3601 operari
3033 3529 3205 3583 dedit.

2485 3630 2642 3681 Vens.
2671 3626 2856 3679 lvi-t7.
2889 3643 2906 3675 ι
2938 3623 3094 3689 Quod
3117 3622 3162 3676 si
3197 3636 3308 3674 non
3333 3620 3617 3675 audieritis
3649 3634 3760 3682 me,
3789 3633 3900 3672 nec
3921 3617 4006 3674 le-

2407 3721 2594 3775 eeritis
2628 3718 2878 3772 mandata
2901 3732 3043 3780 mea,
3099 3714 3146 3768 si
3187 3713 3505 3782 Spreveritis
3541 3712 3688 3780 leges
3732 3727 3914 3772 meas,
3952 3723 4008 3765 et

2404 3814 2609 3881 judicia
2641 3827 2758 3864 mea
2785 3808 3246 3878 contempseritis,
3299 3816 3359 3859 ut
3383 3821 3493 3859 non
3521 3804 3732 3858 faciatis
3761 3819 3851 3868 ea,
3878 3820 4008 3872 qua

2409 3924 2437 3958 a
2475 3919 2558 3957 me
2592 3902 2885 3956 constituta
2917 3909 3064 3960 sunt.
3097 3909 3152 3953 et
3180 3900 3246 3952 ad
3296 3899 3510 3952 irritum
3555 3897 3873 3966 perducatis
3907 3913 4006 3965 pa-

2409 4007 2556 4049 ctum
2591 4009 2794 4057 meum,
2816 4007 2916 4062 ego
2940 4006 3156 4061 quoque
3185 3992 3302 4045 hac
3332 3990 3526 4044 faciant
3549 3989 3722 4043 vobis.
3749 3989 4009 4042 Visitaho

2409 4102 2504 4140 vos
2538 4086 2799 4140 velociter
2830 4085 2885 4138 in
2915 4093 3155 4154 egestate
3208 4092 3265 4137 et
3315 4082 3512 4136 ardore
3541 4124 3556 4146 ,
3612 4081 3706 4150 qui
3738 4080 4010 4137 conﬁciat

2407 4181 2596 4234 oculos
2621 4189 2851 4244 vestros,
2885 4187 2941 4232 et
2973 4186 3262 4231 consumat
3281 4176 3512 4228 animas.
3542 4174 3765 4228 Frustra
3803 4178 4008 4230 seretis

2409 4291 2596 4329 semen
2621 4315 2634 4336 ,
2673 4273 2817 4343 quod
2865 4272 2934 4327 ab
2979 4271 3226 4327 hostibus
3257 4271 3630 4325 devorabitur.
3668 4269 3880 4324 Ponant
3924 4270 4008 4322 ia-

2408 4369 2546 4421 ciem
2580 4381 2754 4420 meam
2782 4375 2971 4420 contra
2999 4379 3114 4428 vos,
3141 4372 3196 4418 et
3225 4363 3496 4417 eorruetis
3520 4376 3705 4417 coram
3744 4361 4009 4417 hostibus

2412 4462 2631 4528 vestris,
2661 4469 2715 4512 et
2737 4456 3105 4528 subiicientini
3130 4457 3195 4511 iis
3215 4456 3306 4525 qui
3337 4456 3574 4510 oderunt
3603 4469 3716 4508 vos.
3751 4455 4008 4525 Fugictis

2411 4553 2633 4606 nemine
2657 4559 3040 4621 persequente.
3075 4565 3092 4596 ι

2481 4645 2612 4709 Quae
2641 4644 2781 4697 bona
2810 4657 2925 4705 eos,
2946 4641 3040 4710 qui
3065 4639 3330 4694 obcdiunt
3358 4638 3449 4693 Dei
3483 4637 3779 4698 mandatis,
3801 4653 4008 4707 exspe-

2411 4748 2581 4802 ctant,
2623 4735 2960 4789 suliicienter
3001 4733 3086 4785 lex
3136 4731 3390 4800 superius
3435 4731 3588 4784 dixit.
3632 4729 3767 4794 Qua:
3813 4741 4003 4782 autem

2411 4827 2632 4882 evenire
2687 4823 3212 4894 transgredientibus
3264 4821 3597 4876 comminata
3631 4832 3738 4885 est,
3777 4835 3842 4874 ea
3876 4837 4006 4890 qua:

718 4891 874 4943 terris
904 4891 1044 4944 visus
1072 4900 1166 4954 est,
1200 4901 1248 4944 et
1279 4909 1396 4946 cum
1427 4893 1720 4948 hominibus
1757 4909 2090 4953 conversatus
2125 4905 2299 4956 est":
2338 4943 2380 4995 ο
2409 4936 2558 4974 nunc
2591 4891 2912 4996 εθμαίμηιίπ
2937 4957 2952 4981 ,
3011 4915 3328 4969 ostendunt.
3378 4912 3623 4978 Quorum
3669 4912 3898 4981 quando
3935 4915 4002 4966 ad

717 4984 860 5052 quod
892 5000 1001 5037 non
1035 4985 1254 5054 egisset,
1285 4985 1329 5038 si
1365 5001 1464 5039 nos
1490 4997 1854 5042 aversaretur.
1895 4991 2014 5044 Non
2041 5008 2169 5061 ergo
2196 5009 2296 5050 nos

717 5074 1058 5129 abominatus
1085 5084 1187 5140 est,
1222 5077 1316 5130 sed
1341 5087 1395 5131 et
1425 5077 1760 5133 inambulare
1788 5082 1840 5135 in
1869 5083 2026 5138 nobis
2053 5101 2149 5154 per
2177 5104 2297 5142 car-

715 5183 841 5223 nem
870 5168 1059 5231 voluit,
1093 5178 1149 5222 et
1189 5169 1306 5222 ﬁeri
1348 5180 1535 5225 noster
1562 5171 1724 5236 Deus,
1769 5190 1892 5229 cum
1933 5190 2076 5234 esset
2118 5184 2291 5250 prius,

713 5261 810 5318 sed
847 5260 1066 5329 ignotus
1093 5278 1105 5314 :
1135 5261 1261 5329 quia
1297 5277 1398 5314 nos
1425 5264 1597 5316 errori
1639 5265 1921 5336 coriuncti
1947 5285 2186 5327 eramus.
2216 5275 2292 5330 Ex

713 5371 823 5424 quo
853 5369 1034 5409 autem
1070 5372 1172 5410 nos
1197 5358 1418 5426 proprio
1442 5361 1576 5412 emit
1601 5363 1867 5431 sanguine
1888 5408 1901 5429 ,
1935 5366 2075 5422 Deus
2108 5381 2296 5426 noster

712 5449 890 5503 iactus
919 5462 1020 5504 est.
1053 5461 1109 5504 et
1133 5467 1232 5506 nos
1257 5453 1468 5520 plebem
1499 5471 1651 5510 suam
1685 5455 1834 5512 fecit.
1865 5460 1925 5514 Et
1949 5464 2072 5530 quis
2093 5475 2175 5518 est
2203 5468 2293 5536 qui

715 5543 828 5597 hec
861 5542 987 5600 fecit
1021 5548 1044 5600 ?

781 5753 826 5784 ⁵⁸
866 5753 1068 5819 Eplies.
1101 5772 1174 5816 τι,
1212 5757 1299 5811 12.
1375 5757 1418 5788 ⁸⁸
1455 5758 1584 5811 ibid.
1627 5761 1706 5815 ll.
1799 5765 1845 5792 ""
1885 5765 2012 5818 ibid.
2063 5767 2146 5818 li.

707 5840 856 5891 snt,
889 5826 978 5881 52.
1057 5827 1101 5860 ⁷⁵
1131 5827 1366 5885 Baruch.
1401 5845 1482 5897 tu,
1511 5830 1597 5887 58.
1672 5832 1715 5864 ⁷⁸
1745 5831 1914 5891 ond.
1962 5852 2041 5903 ιιι,
2071 5837 2123 5903 7,
2161 5838 2210 5895 8.

2220 5769 2259 5800 ⁷⁸
2297 5767 2489 5821 Matth.
2537 5786 2657 5831 xxv,
2697 5771 2786 5822 .itt.

2331 5770 2489 5821 latlh.
2537 5786 2657 5831 xxv,
2697 5771 2786 5822 ιιυ.
2859 5773 2904 5802 ’ίέ
2939 5770 3097 5824 liora.
3133 5785 3254 5832 λιιι,
3295 5770 3326 5821 9
3427 5770 3473 5802 ⁷³
3505 5770 3633 5819 il-itl.
3716 5770 3760 5795 ⁷⁵
3787 5770 3900 5818 tere

2331 5841 2375 5870 ⁷⁷
2406 5840 2577 5897 Exod.
2624 5857 2777 5909 nm,
2821 5842 2910 5898 :20.
2989 5842 3030 5874 τε
3062 5841 3145 5898 lsa
3207 5855 3282 5907 ix,
3314 5839 3364 5894 ti.
3426 5840 3464 5871 τε
3501 5838 3656 5892 Joan.
3696 5852 3781 5903 tu,
3816 5836 3900 5891 l3.

2406 5012 2641 5064 litteram
2681 5007 2889 5078 singula
2940 5007 3307 5070 discutimus,
3363 5004 3679 5058 invenimus
3733 5003 4002 5071 populum

2404 5102 2740 5165 Judaeorum,
2773 5100 2966 5171 horum
2996 5113 3215 5169 passum
3246 5095 3494 5167 quaedam
3523 5095 3828 5149 secundum
3854 5093 4002 5149 litte-

2405 5211 2542 5258 ram,
2575 5192 2758 5247 omnia
2790 5201 2972 5244 autem
3005 5189 3306 5244 secundum
3353 5187 3628 5257 spiritum.

2475 5284 2625 5350 Quod
2668 5285 2712 5337 si
2747 5299 2848 5336 non
2893 5281 3169 5334 audieritis
3200 5297 3301 5344 me,
3345 5295 3436 5332 nec
3466 5277 3692 5347 feceritis
3734 5278 3996 5330 mandata

2407 5396 2552 5439 mea.
2605 5379 2650 5430 si
2697 5375 2994 5444 spreveritis
3037 5375 3171 5443 leges
3201 5389 3363 5436 meas,
3399 5381 3446 5426 et
3473 5369 3681 5440 judicia
3717 5386 3834 5422 utea
3866 5386 3994 5422 cou-

2408 5471 2740 5539 tempseritis,
2779 5477 2832 5520 ut
2867 5484 2970 5521 non
3014 5467 3226 5538 faciatis
3275 5481 3358 5526 ea,
3393 5479 3509 5533 quw
3534 5479 3566 5515 a
3592 5478 3673 5515 me
3701 5464 3992 5515 constituta

2408 5573 2547 5622 sunt,
2583 5571 2629 5614 et
2660 5565 2729 5615 ad
2764 5563 2972 5615 irritum
3004 5559 3302 5630 perducatis
3332 5567 3542 5628 pectunt
3579 5572 3771 5608 meum.

2859 5773 2904 5802 τί
2939 5770 3097 5824 liora.
3133 5785 3254 5832 λιιι,
3295 5768 3326 5821 9
3427 5769 3473 5802 7³
3505 5765 3633 5819 il-id.
3716 5766 3760 5795 ⁷⁸
3787 5763 3985 5818 Jerem.
