4158 6450
195 389 327 465 his

1312 398 1394 461 IN
1438 399 1874 463 LEVITICUM.
1902 425 1963 439 -’
2002 400 2149 462 LIB.
2178 402 2311 463 VII.

3314 396 3450 464 1146

261 520 364 585 Qui
396 535 504 574 non
544 519 771 574 audiunt
804 515 1116 572 mandatum
1150 516 1262 581 Dei,
1320 528 1375 571 et
1434 518 1525 587 qui
1560 517 1765 587 judicia
1799 524 1841 577 Α
1871 519 2209 573 abscondere
2242 521 2531 588 poterant,
2586 515 2680 571 sed
2721 515 3030 571 clamabant
3084 516 3260 587 palam
3288 526 3451 588 atque

192 612 590 667 contemnunt?
623 611 724 665 nisi
762 612 853 680 qui
906 609 1225 663 traditiones
1256 610 1534 663 seniorum
1586 610 1765 662 inten-

193 704 388 757 dentcs
410 742 421 763 ,
446 711 499 756 et
533 702 858 771 legislatoris
891 701 1248 754 intentionem
1283 701 1763 771 transgredientes,

195 796 264 849 ad
298 796 402 849 hoc
451 794 595 863 quod
641 795 720 847 eis
764 793 1048 847 videbatur
1075 792 1241 861 legem
1272 792 1638 861 exponebant,
1675 792 1767 860 qui

192 885 466 949 dicebant,
506 886 646 937 sicut
672 883 1053 936 aitDominus:
1076 881 1381 950 Quicunque
1411 881 1603 933 dixerit
1628 880 1768 948 patri

194 986 285 1029 aut
315 976 477 1028 matri
501 990 518 1027 :
555 973 762 1025 Donum
812 974 1154 1042 quodcunque
1180 988 1243 1025 ea:
1275 988 1356 1024 me
1387 972 1481 1023 tibi
1515 971 1767 1038 proderit,

193 1081 242 1121 et
271 1084 372 1121 non
396 1066 758 1133 honoriﬁcabit
780 1075 982 1132 patrem
1025 1080 1177 1117 suum
1204 1072 1250 1116 et
1274 1072 1493 1116 matrem
1520 1079 1669 1114 suam
1689 1062 1767 1112 "°:

194 1160 247 1213 id
296 1168 419 1224 est,
474 1160 786 1228 quicunque
826 1157 1024 1211 dixerit
1076 1156 1397 1224 parentibus
1435 1173 1449 1208 :
1481 1154 1614 1207 Vota
1646 1163 1773 1207 sunt

197 1252 307 1304 Deo
347 1265 410 1303 ea
432 1265 553 1319 qnte
582 1249 775 1313 habeo,
806 1248 908 1317 ipsi
942 1247 1088 1300 enim
1122 1261 1185 1299 ea
1230 1260 1426 1298 munus
1458 1253 1513 1298 et
1542 1243 1773 1297 oblatio-

196 1357 322 1394 nem
352 1341 558 1405 obtuli,
606 1355 721 1403 eos,
767 1340 859 1409 qui
904 1337 1629 1409 generavcrunt,“honorare
1661 1349 1771 1387 non

198 1433 428 1503 cogitur.
454 1432 554 1498 Qui
598 1441 728 1486 sunt
774 1432 865 1500 qui
895 1446 1002 1484 non
1030 1431 1149 1499 ejus
1177 1428 1357 1482 omnia
1386 1426 1595 1481 faciunt
1621 1440 1774 1478 man—

197 1526 361 1580 data?
388 1525 492 1579 nisi
519 1526 607 1594 qui
646 1538 858 1576 anetum
887 1533 933 1577 et
960 1524 1224 1591 cyminum
1248 1522 1529 1581 decimam,
1560 1529 1608 1571 et
1628 1534 1775 1569 men-

198 1616 365 1681 titam,
400 1616 699 1685 relinquunt
730 1624 907 1666 autem
931 1614 1193 1682 judicium
1217 1654 1229 1677 ,
1264 1622 1310 1665 et
1339 1610 1772 1671 misericordiam,

197 1718 247 1758 et
280 1706 539 1772 ﬁdem“;
595 1720 718 1758 eum
768 1704 907 1758 Deus
949 1704 1029 1758 eis
1085 1718 1184 1772 per
1217 1702 1535 1772 prophetam
1581 1702 1724 1753 dicat
1761 1718 1771 1750 :

196 1797 452 1851 Indicabo
482 1796 606 1861 tibi,
654 1813 684 1849 ο
712 1798 883 1860 homo,
937 1795 1061 1865 quid
1092 1794 1345 1847 Dominus
1375 1802 1579 1861 quierat
1629 1807 1660 1843 a
1706 1800 1770 1853 te,

197 1889 379 1957 utique
405 1890 579 1959 facere
603 1888 865 1956 judicium
890 1930 903 1951 ,
939 1897 986 1939 et
1016 1886 1233 1956 diligere
1261 1885 1698 1944 misericordiam,
1728 1890 1777 1935 et

195 1980 483 2033 sollicitum
523 1979 800 2032 ambulare
836 1995 954 2031 cum
988 1977 1094 2031 Deo
1136 1986 1224 2029 tuo
1253 1976 1320 2031 ⁸¹.
1376 1976 1605 2045 Propter
1634 1974 1777 2043 quod

198 2072 460 2125 Dominus
489 2072 555 2124 ad
581 2086 695 2134 eos,
730 2080 919 2139 utpote
963 2084 1072 2122 non
1100 2068 1282 2122 omnia
1320 2067 1609 2136 implentes
1648 2066 1780 2135 legis

198 2172 493 2233 praecepta,
536 2164 632 2217 sed
680 2179 802 2232 qua!
854 2164 975 2232 ejus
1004 2173 1133 2217 sunt
1170 2160 1353 2233 gravia
1384 2162 1775 2229 relinquentes.

198 2263 255 2307 et
287 2270 408 2323 qua:
435 2254 659 2307 minima
686 2261 926 2323 agentes,
954 2252 1200 2306 dicebat:
1235 2249 1358 2305 lltec
1389 2250 1672 2319 oportebat
1699 2250 1781 2303 fa-

198 2360 347 2407 cere,
380 2354 433 2397 et
464 2344 552 2397 illa
580 2358 691 2396 non
722 2343 994 2397 ontittcrc.
1043 2339 1150 2395 Sed
1180 2349 1237 2395 et
1284 2340 1537 2393 mandata
1570 2339 1663 2393 Dei
1706 2339 1781 2392 illi

201 2437 423 2507 proprie
464 2435 957 2506 transgrediuntur,
1002 2442 1053 2487 et
1085 2433 1164 2487 eis
1202 2432 1435 2486 maxime
1466 2432 1784 2485 inobedicn-

204 2540 289 2583 tes
316 2529 603 2597 sunt,quia
624 2528 948 2581 exteriorem
985 2527 1176 2581 faciem
1210 2540 1422 2589 eorum,
1457 2540 1565 2579 non
1598 2533 1781 2578 autem

203 2622 563 2677 intentionem
586 2618 680 2673 Dei
710 2626 1058 2672 conservant.
1084 2615 1302 2669 Planius
1335 2628 1465 2684 ergo
1491 2613 1705 2681 Aquila,
1731 2621 1786 2666 et

204 2712 544 2767 Thcodotion
568 2751 583 2773 ,
641 2723 696 2764 et
736 2708 1093 2780 Symmachus
1123 2707 1359 2761 edidisse
1409 2705 1783 2762 inveniuntur.

204 2806 337 2860 Nam
369 2806 457 2859 ille
491 2804 707 2873 quidem
740 2804 851 2856 ait:
889 2801 946 2854 Si
974 2802 1255 2854 constituta
1284 2816 1397 2853 mea
1428 2797 1786 2864 reprobaveri-

207 2898 306 2959 tis;
355 2898 429 2950 tlli
463 2907 644 2949 autem
680 2912 691 2947 :
728 2892 785 2947 Si
824 2892 1140 2946 subtilitates
1171 2907 1314 2944 meas
1342 2931 1357 2955 ,
1410 2891 1462 2943 id
1507 2898 1625 2953 est,
1674 2887 1786 2957 agri

206 2990 372 3055 viam,
414 2988 712 3042 renueritis.
748 2986 1005 3057 Dogmata
1038 2992 1222 3038 autem
1251 2983 1376 3048 Dei,
1432 2991 1484 3035 et
1514 2980 1786 3035 subtilita-

210 3092 318 3135 tem
344 3122 357 3144 ,
389 3095 510 3149 qua:
546 3080 600 3132 in
633 3077 859 3147 spiritali
910 3076 1291 3129 mandatorum
1343 3072 1617 3126 intellectu
1648 3079 1785 3136 erat,

215 3171 709 3241 transgrediuntur,
745 3166 869 3237 quia
910 3165 1062 3221 Novo
1091 3163 1444 3218 Testamento
1472 3162 1785 3227 concordat,

211 3261 488 3317 infirmare
520 3258 887 3330 evangelicum
939 3255 1167 3327 gratiam
1217 3268 1315 3324 per
1368 3253 1472 3308 hoc
1518 3252 1787 3315 volentes,

210 3355 353 3425 quod
395 3369 490 3407 eos
516 3366 751 3423 arguens
790 3350 865 3404 ait
894 3369 907 3403 :

280 3446 347 3499 Et
373 3446 443 3497 ad
469 3446 679 3497 irritum
705 3442 1007 3510 perducatis
1039 3448 1253 3508 pactum
1283 3454 1474 3491 meum.
1500 3437 1638 3502 Quid
1664 3452 1790 3506 ergo

212 3552 312 3606 pro
352 3538 455 3590 hoc
490 3536 727 3588 minatus
755 3534 880 3587 est?
920 3530 1091 3585 Nimis
1116 3529 1261 3583 enim
1295 3528 1488 3582 similis
1519 3541 1676 3596 paena
1710 3535 1791 3580 est

212 3627 644 3699 prievaricationi
672 3642 887 3681 eorum.
918 3622 1028 3694 Ego
1053 3638 1257 3692 quoque
1277 3623 1385 3675 ha'c
1402 3622 1597 3691 faciam
1627 3618 1787 3672 vobis.

212 3719 538 3785 Quomodo?
572 3719 798 3773 Visitabo
836 3734 922 3770 vos
952 3717 1193 3770 velociter
1220 3717 1275 3768 in
1334 3723 1583 3784 egestate.
1621 3712 1792 3765 Nimis

211 3815 357 3868 enim
392 3824 615 3883 egentes
638 3826 732 3864 eos
764 3810 1023 3863 Dominus
1054 3824 1151 3876 per
1182 3808 1406 3860 verbum
1440 3822 1597 3859 suum
1642 3804 1787 3868 fecit,

214 3906 267 3957 in
300 3911 508 3956 tantum
538 3913 589 3954 ut
615 3900 679 3954 ad
707 3900 938 3953 invicem
972 3899 1266 3977 dicerent_:
1306 3895 1484 3947 Durus
1515 3904 1588 3948 est
1624 3910 1793 3947 sermo

213 3997 317 4060 hic,
358 3996 474 4064 quis
506 4003 670 4063 potest
696 4010 812 4046 eum
842 3991 1030 4043 audire
1050 3990 1139 4042 8a?
1175 3990 1329 4041 Sicut
1352 4002 1482 4057 ergo
1503 3994 1698 4056 sponte
1720 3986 1794 4039 lc-

214 4090 294 4159 gis
319 4088 655 4141 intellectum
693 4084 1235 4154 transgrediebantur
1258 4124 1270 4146 ,
1328 4092 1386 4135 ut
1417 4078 1792 4150 evangelicum

215 4188 604 4235 testamentum
665 4179 716 4231 in
776 4177 991 4231 irritum
1022 4175 1391 4238 deducerent,
1452 4174 1597 4237 oqiod
1646 4172 1797 4225 illinc

216 4270 452 4325 habebat
479 4268 788 4332 exordium,
819 4268 898 4321 sic
927 4268 1010 4321 eis
1037 4275 1091 4320 et
1114 4267 1229 4335 ipse
1250 4265 1481 4319 obscura
1515 4264 1681 4318 verba
1711 4263 1792 4317 di-

216 4362 393 4425 cebat,
422 4371 476 4414 et
503 4360 775 4415 diliicilem
803 4374 1027 4414 suorum
1053 4359 1367 4429 dogmatum
1396 4356 1626 4411 faciebat
1647 4370 1795 4409 com—

216 4454 665 4524 prehensionem.
709 4452 815 4506 Sed
852 4454 963 4521 jam
995 4467 1117 4520 qua:
1142 4459 1446 4519 sequuntur
1468 4464 1724 4519 agnosce.

1872 611 2242 680 prtedicabant
2280 630 2291 663 :
2327 610 2469 673 Quid
2499 610 2772 677 faciemus,
2826 610 2949 678 quia
2980 612 3063 662 hic
3102 610 3252 661 homo
3282 608 3451 661 multa

1872 703 2020 771 signa
2066 701 2240 767 facit?
2268 698 2323 752 Si
2356 699 2646 751 omittimus
2687 714 2804 751 eum
2834 699 2934 761 sic,
2970 699 3172 751 venient
3205 696 3450 758 Romani,

1872 804 1919 847 et
1966 793 2145 846 tollent
2181 801 2414 844 nostrum
2445 799 2493 843 et
2521 789 2691 843 locum
2731 799 2777 843 ct
2813 799 3016 859 gentem
3055 791 3121 842 “.
3158 790 3299 860 Ergo
3342 805 3453 845 non

1874 886 1999 955 quia
2036 885 2135 955 legi
2172 891 2264 936 aut
2291 882 2577 952 prophetis
2608 881 2881 935 contraria
2914 881 3168 945 docebat,
3202 897 3326 935 nam
3366 882 3452 935 ni-

1874 977 1976 1030 mis
2005 976 2087 1028 eis
2104 989 2342 1028 consona
2370 972 2575 1035 docuit,
2599 972 2692 1026 sed
2723 972 2805 1025 sui
2826 972 3029 1028 amoris
3046 987 3232 1035 causa,
3262 974 3455 1041 suique

1873 1083 2033 1121 causa
2082 1066 2330 1134 negotii,
2383 1065 2733 1118 sermonibus
2782 1064 2902 1133 ejus
2944 1080 3055 1117 non
3105 1065 3452 1119 obediebant.

1875 1158 1987 1213 Hoc
2012 1174 2142 1229 ergo
2172 1157 2407 1227 perculsi
2432 1157 2642 1221 morbo,
2676 1157 2864 1210 oculos
2906 1172 3036 1211 suos
3068 1158 3451 1218 conficiebant,

1874 1260 1925 1306 et
1955 1251 2166 1303 animas
2195 1249 2626 1313 consumebant,
2672 1264 2779 1301 non
2832 1249 3007 1303 solum
3039 1250 3455 1304 exardescentes

1876 1345 2081 1407 furore,
2109 1351 2163 1396 et
2202 1341 2401 1395 invidia
2438 1341 2713 1409 corrupti,
2749 1341 2845 1395 sed
2893 1352 2953 1394 ut
2982 1341 3153 1395 semel
3194 1341 3453 1396 inﬁrmati

1877 1445 2080 1497 mente,
2129 1442 2182 1488 et
2210 1433 2565 1503 cogitationes
2600 1447 2711 1484 non
2742 1432 2905 1487 nimis
2942 1447 3103 1486 sanas
3132 1433 3197 1485 ad
3254 1433 3455 1487 disne-

1879 1528 2082 1582 tionem
2115 1526 2383 1579 factorum
2442 1525 2780 1578 dictorumve
2822 1524 3087 1577 habentes
3117 1563 3133 1588 ,
3163 1522 3348 1577 verbis
3401 1531 3457 1576 et

1878 1621 2155 1676 miraculis
2183 1660 2197 1685 ,
2254 1619 2543 1674 interiores
2577 1634 2704 1673 suos
2736 1619 2925 1673 oculos
2960 1618 3346 1681 conficiebant,
3404 1627 3458 1671 et

1878 1714 2115 1767 animam
2158 1709 2591 1775 consumebant,
2632 1709 2705 1764 ita
2754 1717 2814 1763 ut
2842 1710 2907 1763 ad
2946 1725 3071 1762 eum
3102 1708 3405 1763 clamarent
3441 1724 3454 1760 :

1885 1807 2155 1875 L'squequo
2186 1805 2425 1856 animam
2455 1812 2687 1855 nostram
2723 1802 2901 1855 tollis?
2940 1800 2997 1855 Si
3033 1810 3088 1853 tu
3120 1816 3171 1854 es
3201 1799 3456 1864 Christus,

1879 1900 1964 1952 dic
1994 1897 2139 1950 nobis
2177 1895 2360 1965 palam
2386 1894 2455 1947 ".
2501 1892 2654 1959 Quod
2690 1893 2877 1961 utique
2902 1891 3095 1946 animae
3125 1888 3461 1945 infidelitatis

1880 1987 2283 2057 consumptioni
2334 1986 2684 2055 subiacentes
2730 1992 2907 2037 erant.
2961 1980 3069 2036 Sed
3119 1989 3174 2035 et
3219 1979 3462 2034 Joannes

1884 2082 1996 2135 haec
2025 2078 2093 2133 de
2133 2078 2215 2132 eis
2257 2076 2386 2131 dicit
2419 2093 2431 2128 :
2466 2074 2761 2143 Pr0pterea
2795 2087 2905 2124 non
2934 2078 3186 2139 poterant
3213 2067 3459 2123 credere.

1882 2174 1984 2240 Qui
2016 2186 2205 2248 rursus
2253 2168 2387 2223 dicit
2426 2166 2591 2221 Isaias
2617 2183 2630 2218 :
2657 2164 2809 2219 Caeca
2859 2179 2947 2217 cor
2990 2161 3171 2231 papuli
3200 2162 3380 2230 hujus,
3415 2169 3464 2214 et

1885 2281 2039 2317 aures
2069 2248 2182 2331 ejus
2219 2275 2450 2331 aggrava
2476 2298 2489 2323 ,
2534 2273 2596 2310 ne
2626 2254 2837 2326 quando
2885 2253 3049 2307 oculis
3082 2253 3191 2305 suis
3228 2252 3462 2317 videant,

1884 2366 1932 2409 et
1973 2353 2187 2407 auribus
2238 2350 2495 2425 audiant,
2538 2358 2586 2402 et
2620 2348 2774 2401 corde
2812 2344 3111 2415 intelligant
3140 2343 3207 2396 ⁸⁸.
3247 2342 3462 2406 Cernis,

1884 2447 2009 2519 quia
2038 2442 2495 2518 quemadmodum
2543 2438 2791 2494 fecerunt
2836 2438 2963 2508 ipsi.
3011 2436 3089 2491 sic
3121 2443 3176 2490 et
3214 2433 3467 2490 Christus

1887 2542 1965 2595 eis
2002 2540 2151 2595 fecit.
2193 2535 2333 2602 Quia
2377 2535 2522 2589 enim
2571 2532 2690 2602 ejus
2726 2531 2941 2585 irritum
2992 2529 3171 2585 facere
3219 2535 3464 2598 pactum,

1888 2632 2003 2686 sive
2040 2636 2427 2685 testamentum
2459 2624 2812 2687 studuerunt,
2864 2630 3011 2675 recte.
3045 2636 3236 2674 eorum
3279 2617 3467 2672 oculos

1888 2732 1944 2778 et
1972 2736 2065 2777 cor
2096 2718 2409 2782 excaecavit,
2428 2726 2483 2771 et
2498 2715 2747 2770 ardorem
2774 2713 2888 2769 sive
2919 2713 3133 2782 ἴκτερον
3166 2708 3467 2765 conﬁcien-

1892 2825 2001 2869 tem
2034 2811 2225 2867 oculos
2252 2823 2464 2872 eorum,
2498 2816 2549 2861 et
2578 2806 2789 2861 animas
2813 2810 3228 2858 consumentem
3258 2800 3339 2854 eis
3371 2799 3470 2853 tle-

1890 2900 1989 2955 dit.
2039 2897 2144 2951 Sed
2172 2896 2307 2967 quid
2342 2896 2407 2949 iis
2437 2893 2680 2949 addidit?
3137 2901 3145 2908 '

1964 2991 2185 3046 Frustra
2217 2997 2497 3042 sementem
2526 2988 2730 3050 seretis,
2763 3001 2879 3056 qua:
2902 2986 2967 3039 ab
2991 2985 3222 3038 hostibus
3248 2984 3472 3036 devora-

1893 3082 2054 3134 bitur.
2100 3076 2323 3132 Frustra
2356 3078 2501 3131 enim
2543 3076 2650 3131 illis
2682 3078 3070 3145 prephetarum
3102 3086 3157 3129 et
3187 3073 3321 3145 legis
3345 3087 3472 3145 pro-

1815 3206 1859 3264 ο
1894 3170 2079 3225 ferunt
2118 3167 2325 3224 semina
2354 3208 2369 3231 ,
2416 3176 2469 3221 et
2503 3167 2811 3222 doctorales
2855 3166 3004 3221 illinc
3041 3166 3316 3220 scminant
3352 3178 3473 3219 ser-

1893 3275 2109 3326 mones,
2158 3275 2266 3313 non
2301 3259 2569 3313 habentes
2604 3266 2800 3311 terram
2832 3255 3068 3310 fertilem
3120 3254 3186 3309 ad
3213 3252 3475 3324 intelligi-

1892 3350 2083 3406 bilium
2114 3348 2430 3417 dogmatum
2465 3345 2701 3400 fructum
2734 3361 2747 3397 :
2779 3343 2924 3397 unde
2973 3357 3075 3397 nec
3108 3340 3231 3396 cibo
3280 3352 3472 3394 eorum

1894 3444 2173 3505 fruuntur,
2207 3440 2301 3494 sed
2330 3440 2595 3493 devorant
2631 3451 2693 3491 ea
2724 3432 3017 3491 adversarii
3052 3446 3243 3486 eorum
3289 3429 3381 3499 qui
3418 3428 3474 3481 in

1893 3535 2112 3590 Christo
2159 3532 2414 3595 credunt,
2442 3544 2579 3598 quos
2614 3528 2715 3597 ipsi
2757 3526 2859 3580 sibi
2890 3540 2987 3595 per
3015 3521 3392 3577 infidelitatem
3420 3530 3477 3574 et

1895 3628 2158 3682 invidiam
2194 3624 2501 3679 contrarios
2535 3620 2802 3675 fecerunt.

1968 3717 2035 3771 Et
2069 3733 2267 3787 ponam
2294 3715 2483 3785 faciem
2522 3728 2692 3765 meam
2745 3719 2928 3763 contra
2985 3724 3094 3762 vos.
3160 3704 3475 3759 Secundum

1896 3811 2272 3882 propheticam
2326 3808 2481 3861 illam,
2526 3819 2758 3860 vocem:
2806 3799 2992 3853 Vultus
3048 3808 3228 3851 autem
3264 3794 3475 3848 Domini

1896 3920 2053 3973 super
2079 3903 2328 3973 facientes
2354 3898 2499 3952 mala
2522 3938 2536 3963 ,
2568 3905 2623 3949 ut
2656 3894 2842 3963 perdat
2885 3892 2948 3944 de
2981 3900 3128 3943 terra
3168 3887 3476 3940 memoriam

1897 4011 2077 4049 eorum
2100 3993 2169 4046 ⁸⁷.

1967 4087 2036 4141 Et
2064 4084 2317 4139 cori-netis
2345 4096 2521 4135 coram
2547 4078 2777 4131 hostibus
2817 4074 3020 4127 vestris.
3050 4070 3292 4125 Gentiles
3308 4066 3477 4123 enim.

1899 4194 2040 4250 quos
2063 4176 2314 4231 inimicos
2348 4172 2447 4228 sibi
2485 4170 2757 4241 judicant,
2808 4180 2991 4221 coram
3025 4164 3104 4217 eis
3154 4161 3391 4220 cadunt,
3424 4157 3481 4210 in

1901 4270 2075 4326 salute
2108 4280 2297 4321 eorum
2330 4263 2697 4317 oll'endentes.
2739 4258 2896 4312 Unde
2930 4252 3287 4326 Symmachus
3313 4292 3326 4315 ,
3382 4263 3481 4318 pro

1902 4361 2116 4425 cadetis,
2160 4357 2429 4427 offcndetis
2456 4394 2471 4418 ,
2521 4353 2615 4415 ait,
2649 4361 2771 4404 ante
2807 4349 3048 4404 inimicos
3084 4353 3298 4399 vestros.
3341 4330 3481 4404 Quid

1902 4466 2083 4509 autem
2114 4450 2261 4505 aliud
2299 4445 2549 4502 addidit?
2583 4445 2965 4513 Persequentur
2998 4454 3104 4500 vos,
3132 4434 3250 4488 odio
3282 4432 3480 4484 haben-

288 4545 356 4598 Et
391 4545 582 4597 ardore
614 4543 703 4612 qui
730 4542 968 4610 conficiat
1000 4541 1174 4594 oculos
1197 4549 1408 4593 vestros.
1434 4539 1558 4591 Sive
1595 4553 1793 4591 secun-
1829 4538 1870 4592 D
1902 4562 1973 4604 ιεε
2003 4565 2112 4611 vos,
2140 4555 2187 4600 ει
2222 4543 2430 4616 fugietis
2459 4539 2602 4592 nullo
2627 4544 2984 4607 persequente.

217 4638 347 4692 dum
382 4636 734 4706 Septuaginta
762 4654 772 4688 :
804 4632 1067 4695 Scabiem,
1105 4643 1152 4687 et
1179 4633 1412 4685 morbum
1444 4632 1641 4701 regium
1675 4647 1797 4683 ron-

215 4738 479 4784 sumentes
507 4727 679 4781 oculos
698 4737 911 4790 vestros,
942 4724 1231 4793 obfirmabo
1264 4739 1420 4791 super
1441 4738 1547 4775 vos.
1573 4720 1797 4775 Scabies

217 4833 403 4877 autem
434 4820 658 4874 morbus
687 4828 769 4873 est
798 4817 1069 4886 corporis,
1104 4817 1196 4870 sed
1222 4814 1563 4879 manifestus,
1609 4813 1661 4866 in
1704 4828 1798 4867 su-

218 4914 444 4985 perficie
472 4912 655 4967 carnis
689 4919 743 4963 et
768 4910 919 4964 corio
945 4910 1063 4979 ejus
1097 4908 1415 4961 decurrens.
1454 4904 1673 4959 Morbus
1702 4920 1801 4958 au-

218 5017 329 5059 tem
356 5004 555 5075 regius,
579 5004 629 5075 id
652 5010 756 5065 est,
779 5001 1012 5071 ἴκτερος,
1038 4999 1097 5053 lit
1123 4999 1343 5068 quidem
1367 5013 1433 5051 ex
1454 4997 1799 5052 accensione.

220 5096 543 5151 Manifestus
577 5104 758 5149 autem
803 5094 893 5148 hic
924 5102 1030 5157 est,
1065 5092 1120 5146 in
1180 5090 1469 5160 superficie
1517 5089 1696 5144 carnis
1749 5098 1803 5142 et

220 5190 378 5259 pellis
413 5188 731 5251 decurrens,
790 5196 845 5241 et
900 5184 1072 5238 multo
1120 5184 1291 5252 magis
1321 5183 1494 5236 oculis
1536 5181 1799 5235 insidens.

221 5282 418 5336 Latere
448 5290 629 5334 autem
667 5278 979 5332 morborum
1010 5285 1204 5330 neuter
1234 5284 1434 5345 potest.
1462 5274 1619 5328 Tales
1650 5284 1806 5328 erant

219 5373 526 5427 animarum
577 5370 929 5425 Iudaicarum
971 5369 1188 5433 morbi,
1240 5367 1513 5422 manifesti
1546 5377 1601 5421 et
1650 5366 1800 5430 mali,

220 5478 276 5523 et
305 5478 649 5533 nequaquam
692 5462 830 5515 ultra
862 5462 1113 5515 latentes.
1154 5460 1498 5513 Aimulantes
1519 5459 1663 5511 enim
1697 5458 1801 5512 Do-

222 5560 355 5616 mini
399 5560 562 5614 vcrba
600 5568 654 5614 et
714 5558 1017 5624 miracula,
1072 5572 1183 5610 non
1228 5556 1335 5625 jam
1400 5556 1618 5608 morbos
1672 5570 1801 5608 suos

297 5760 342 5792 "
376 5762 535 5815 .\larc.
566 5778 657 5823 \‘II,
696 5761 778 5815 ll.
857 5760 900 5791 ⁸¹
930 5757 1119 5813 Mulli.
1154 5775 1305 5816 “In.
1343 5758 1431 5809 9.5.

1512 5756 1556 5786 "
1592 5754 1751 5807 Μίι·11.
1792 5771 1865 5811 \‘l.
1904 5756 1953 5809 8.
2026 5752 2072 5784 ⁵³
2102 5750 2349 5817 Joanvt,
2386 5746 2474 5803 (il.

222 5822 266 5849 ⁵⁸⁵
306 5835 407 5888 lsa.
439 5849 508 5901 \t,
551 5835 631 5887 tu.
708 5834 750 5865 ³⁵⁷
784 5832 921 5887 l’sal.
959 5831 1231 5893 suum”.
1300 5830 1355 5904 f“
1396 5826 1628 5895 l‘hilipp.
1673 5843 1749 5890 itl,
1784 5824 1861 5881 l2.

1974 4640 2072 4694 llic
2100 4612 2506 4708 quodammodo
2536 4628 2872 4685 contrarium
2901 4636 3022 4677 esse
3068 4618 3288 4671 videtur
3335 4612 3479 4683 quod

1903 4706 2130 4789 dicitur.—
2165 4729 2220 4784 Si
2254 4728 2398 4783 enim
2428 4724 2496 4779 ab
2528 4721 2779 4777 hostibus
2801 4711 3237 4785 persecutionem
3264 4706 3480 4775 patiun-

1906 4838 2015 4890 tur,
2042 4816 2484 4893 quomodonullo
2509 4817 2873 4885 persequente
2904 4802 3120 4893 fugiunt
3141 4795 3324 4893 ?‘S-ed,
3354 4809 3480 4863 per-

1905 4888 2206 4985 sequentur
2238 4924 2337 4965 vos
2362 4950 2375 4973 ,
2419 4922 2529 4961 non
2564 4903 2628 4956 ad
2664 4895 3050 4967 expellendum
3080 4888 3361 4985 legislator
3391 4898 3481 4938 ac-

1904 4976 2050 5075 cepit
2081 5020 2093 5057 :
2131 5000 2227 5055 sed
2266 4998 2393 5068 quia
2422 4990 2694 5049 currendo
2743 4985 3112 5044 imminerent,
3146 4978 3211 5032 ad
3253 4976 3478 5075 salutem

1906 5065 2095 5149 eorum
2129 5065 2472 5145 festinantes.
2506 5080 2680 5142 Untie,
2714 5079 3113 5147 persequentur
3136 5083 3251 5135 vos,
3283 5065 3345 5118 In
3374 5080 3473 5117 ser-

1905 5189 2121 5241 vitutem
2155 5182 2383 5251 redigent
2414 5191 2520 5235 vos,
2540 5168 2927 5241 Symmachus;
2958 5162 3224 5215 Erudiunt
3259 5175 3291 5211 a
3322 5156 3481 5217 vobis,

1906 5274 2247 5332 Theodotion
2281 5269 2471 5325 edidit.
2514 5264 2698 5317 Talem
2725 5258 2883 5313 nobis
2917 5264 2972 5310 et
3004 5253 3203 5307 Paulus
3224 5264 3483 5321 persecu-

1911 5367 2113 5421 tionem
2150 5362 2485 5416 demonstrat
2517 5372 2528 5406 :
2563 5351 2768 5420 Sequar
2810 5356 2990 5400 autem
3017 5385 3031 5406 ,
3073 5344 3117 5396 si
3152 5340 3488 5409 comprehen-

1910 5459 2053 5520 dam,
2089 5454 2143 5507 in
2173 5468 2273 5521 quo
2306 5459 2352 5502 et
2376 5444 2771 5513 comprehensus
2794 5436 2993 5497 sum”.
3027 5433 3230 5491 Gentes
3252 5447 3401 5501 ergo,
3432 5441 3487 5483 et

1910 5549 2050 5603 sicut
2068 5543 2235 5599 David
2252 5542 2317 5597 de
2348 5535 2776 5603 Judzeis,dicunt
2796 5547 2809 5585 :
2832 5528 3021 5583 Nonne
3048 5526 3139 5595 qui
3166 5535 3214 5577 te
3240 5523 3486 5586 oderunt,

2556 5742 2598 5775 ’“
2628 5739 2761 5797 Luc.
2798 5733 2969 5807 11,237.
3038 5733 3081 5765 ⁸³⁵
3112 5730 3267 5787 Joan.
3307 5726 3486 5792 1,2l.
