4158 6450
657 361 799 427 lll'l

1848 368 2210 427 HESYCHII
2252 367 2724 427 PliESBYTEllI

3798 365 3936 425 ciliis

655 480 816 542 Deus,
858 480 1067 532 oderam
1116 476 1231 528 illos
1261 473 1344 530 "?
1381 476 1764 531 Verumtamen
1816 492 2007 533 eorum
2067 482 2231 532 instat
2264 491 2303 537 Α
2337 482 2498 532 totius
2531 478 2819 547 praise-niis
2850 490 2971 530 vita:
3002 490 3173 543 ngura
3202 492 3304 536 est,
3338 496 3391 529 et
3422 478 3633 546 signum
3665 498 3767 535 est.
3798 495 3931 544 ιμιμΔ

653 572 843 633 saluti,
869 571 1198 636 festinatque
1235 578 1290 622 et
1319 577 1458 632 orat,
1491 568 1595 622 scit
1617 570 1760 620 enim
1790 566 1924 631 Quia
1947 571 2233 631 assumptio

653 679 857 725 earitm,
878 662 1015 716 sicut
1040 661 1112 713 ait
1138 659 1355 723 Paulus,
1392 664 1497 713 vita
1526 669 1601 713 est
1632 675 1695 711 ea:
1730 661 1968 723 mortuis,
1992 669 2040 711 et
2071 661 2236 727 pleni-

656 754 779 804 tudo
807 767 1011 817 earum,
1044 751 1194 805 salus
1227 752 1408 803 mundi
1434 753 1499 803 ὀ.
1535 749 1596 801 Ili
1622 759 1804 803 autem
1841 749 2058 818 fugiunt
2085 750 2236 803 nullo

654 852 1040 913 persequente.
1082 843 1197 895 Non
1224 841 1369 894 enim
1436 840 1896 909 quemadmodum
1930 839 2003 892 illi
2036 851 2238 893 nostra:

654 934 815 988 saluti
848 934 1113 997 invident,
1133 935 1213 988 sic
1238 942 1292 986 et
1320 948 1419 986 nos
1444 931 1683 990 illorum.
1704 932 1846 985 unde
1875 947 1967 983 eos
1994 948 2094 985 nec
2119 948 2239 1000 per-

654 1023 969 1093 sequimur,
1005 1038 1107 1077 nec
1155 1038 1281 1076 cum
1333 1037 1432 1074 nos
1485 1030 1843 1084 aversantur,
1896 1037 2283 1107 aversatum“

654 1114 751 1170 sed
802 1114 1095 1184 implemus
1155 1113 1297 1182 quod
1360 1111 1527 1166 Isaias
1559 1113 1825 1182 propheta
1855 1112 1989 1165 dixit
2021 1129 2033 1165 :
2066 1113 2238 1165 Dicite

655 1206 953 1259 odientibus
990 1221 1077 1258 vos
1107 1204 1359 1273 fratribus
1388 1205 1591 1267 vestris,
1615 1214 1671 1280 ξι
1701 1204 2144 1264 abominantibus,
2180 1212 2235 1257 ut

656 1310 840 1346 nomen
862 1294 1075 1347 Domini
1102 1293 1445 1363 gloriﬁcetur,
1464 1301 1512 1344 et
1536 1280 1776 1345 videatur
1806 1293 1861 1345 in
1884 1295 2238 1348 exsultatione

656 1400 856 1448 eorum,
887 1395 935 1437 et
966 1384 1047 1436 illi
1075 1384 1379 1437 erubescant
1403 1384 1471 1436 ⁹¹.

733 1474 893 1528 Vens.
925 1476 1107 1529 l8-“26.
1138 1494 1155 1526 ι
1175 1476 1268 1527 Sin
1288 1483 1470 1527 autem
1497 1488 1599 1528 nec
1633 1474 1711 1528 sic
1739 1474 2051 1529 obedieritis
2080 1476 2236 1542 mihi,

654 1565 850 1619 addam
875 1564 1253 1633 correptiones
1282 1574 1493 1618 vestras
1519 1564 1826 1633 septuplum
1858 1576 2080 1634 propter
2108 1582 2239 1636 pec-

655 1665 776 1711 cata
818 1667 1020 1719 vestra,
1046 1664 1102 1708 et
1131 1654 1412 1709 cdntcram
1446 1655 1699 1707 duritiam
1732 1654 2002 1723 superbiae
2024 1668 2236 1722 vestrae,

654 1748 905 1816 daboque
931 1748 1130 1802 caelum
1161 1746 1315 1800 vobis
1339 1745 1597 1814 desuper,
1629 1746 1770 1799 sicut
1799 1745 2028 1810 ferrum,
2059 1755 2114 1801 et
2140 1758 2241 1801 ter-

2339 584 2433 636 per
2464 567 2835 636 septenarium
2872 579 3161 618 numerum
3198 564 3450 616 volvitur.
3484 564 3685 632 thuia
3707 577 3930 633 septem

2336 660 2415 713 eis
2449 657 2826 725 correptiones
2858 657 2974 709 sive
3022 656 3289 708 vindictas
3330 656 3412 707 vel
3461 656 3642 725 plagas
3689 658 3929 719 inferre,

2337 748 2705 803 omnimodam
2733 762 2969 816 prunam,
3007 757 3059 799 et
3082 747 3349 815 integram
3386 746 3697 807 vindictam,
3729 758 3935 814 utpote

2338 858 2445 895 non
2480 840 2707 894 venialia
2739 854 2842 892 nec
2876 838 3198 907 pmnitentia
3231 838 3395 905 iligna
3425 839 3780 904 poet-antibus
3819 838 3931 890 mi-

2338 946 2498 985 natus
2535 940 2636 991 est,
2670 932 2741 984 ita
2780 939 2830 982 ut
2869 932 3030 983 linem
3066 930 3120 982 in
3153 931 3231 982 eis
3284 929 3410 980 illud
3466 930 3739 996 acciperet
3791 946 3930 996 pro-

2340 1022 2615 1091 plteticum
2643 1021 2922 1088 eloquiutn
2959 1038 2972 1072 :
3003 1019 3139 1082 Quid
3199 1021 3442 1085 cogimus
3491 1031 3670 1071 contra
3738 1019 3934 1071 Domi-

2340 1129 2463 1165 num
2485 1112 2565 1166 ’3?
2585 1111 3123 1165 Consummationem
3151 1110 3265 1178 ipse
3284 1112 3463 1164 faciet.
3490 1126 3596 1163 non
3626 1121 3932 1175 consurget

2339 1204 2537 1272 duplex
2571 1204 2868 1266 tribulatio,
2892 1205 3018 1269 quia
3049 1202 3188 1255 sicut
3218 1202 3391 1268 spina:
3421 1217 3478 1253 se
3508 1201 3737 1253 iﬂVlt'Clll
3764 1216 3932 1253 com-

2338 1299 2671 1366 plectuntur,
2696 1295 2776 1347 sic
2796 1295 3105 1348 convivium
3128 1296 3342 1347 illorum
3368 1303 3571 1360 μευ-ειμι·
3590 1280 3773 1359 νόῖἶίιίι
3790 1310 3925 1351 ειιιιι,

2339 1396 2734 1441 consumuntur
2764 1386 2919 1453 quasi
2973 1384 3473 1452 stipulagiriditate
3516 1384 3695 1451 plena.
3744 1382 3823 1435 Ex
3872 1394 3932 1435 te

2340 1473 2529 1536 exibit,
2561 1473 2807 1541 cogitans
2837 1483 3024 1527 contra
3074 1472 3362 1523 Dominum
3400 1472 3657 1543 malitiam
3689 1511 3702 1533 ,
3735 1482 3935 1522 mente

2340 1573 2680 1633 pertractans
2713 1565 3216 1630 praevaricationem
3286 1567 3319 1613 Λ
3351 1579 3459 1629 quo
3491 1550 3671 1615 a'utt-m
3710 1562 3934 1629 cogita-

2343 1656 2417 1709 tio
2442 1667 2629 1709 contra
2668 1657 2955 1709 Dominum
2994 1671 3213 1723 egressa
3247 1668 3349 1709 est.
3382 1656 3522 1707 mala
3556 1656 3838 1723 cogitans,
3871 1664 3931 1704 et

2341 1747 2613 1800 contraria
2652 1748 2943 1816 praeceptis
2983 1750 3102 1815 ejus
3178 1752 3277 1798 nisi
3327 1749 3529 1815 popqu
3557 1746 3877 1799 Judaeorum
3907 1746 3932 1798 ἓ

655 1853 770 1891 ram
805 1846 1035 1893 amcam.
1076 1837 1445 1891 Consumetur
1493 1836 1767 1891 incassum
1826 1838 1979 1891 labor
2034 1847 2234 1892 vester.
2269 1829 2312 1883 Β
2340 1837 2407 1891 de
2438 1854 2548 1906 quo
2578 1839 2744 1892 Isaias
2783 1840 3029 1894 dicebat.
3080 1841 3157 1891 Va:
3189 1840 3294 1891 illis
3360 1856 3481 1905 quia
3524 1840 3805 1889 consitioni
3839 1855 3935 1888 co-

653 1929 773 1983 Nou
804 1930 1044 1999 proferet
1080 1938 1223 1982 terra
1258 1943 1501 1998 germen,
1526 1942 1629 1982 nec
1655 1929 1881 1982 arbores
1903 1945 2061 1998 poma
2094 1945 2234 2000 pra:-

656 2022 881 2076 bebuut.
921 2020 975 2073 Si
1008 2020 1417 2075 ambulaveritis
1453 2035 1521 2073 ex
1560 2020 1790 2075 adverso
1826 2021 1980 2086 mihi,
2009 2039 2112 2077 nec
2139 2039 2237 2077 vo-

655 2112 865 2165 lueritis
917 2098 1107 2165 audire
1159 2126 1281 2177 me,
1338 2109 1536 2163 addam
1586 2111 1772 2179 plagas
1815 2120 2027 2165 vestras
2063 2127 2235 2180 usque

654 2202 962 2272 septuplum
1010 2213 1232 2272 propter
1277 2212 1497 2272 peccata
1532 2210 1709 2255 vestra
1745 2220 1759 2256 :
1792 2205 2145 2273 emittamque
2178 2206 2231 2259 in

653 2308 752 2347 vos
782 2293 953 2346 malas
978 2292 1184 2347 bestias
1232 2290 1367 2361 agri,
1400 2306 1521 2359 qua:
1569 2299 1892 2345 consumant
1929 2300 1985 2345 et
2033 2307 2129 2346 vos
2178 2300 2235 2346 et

654 2398 852 2453 pecora
889 2394 1064 2437 vestra
1092 2423 1106 2447 ,
1165 2390 1218 2436 et
1256 2381 1323 2435 ad
1358 2382 1685 2451 paucitatem
1727 2391 1920 2437 cuncta
1967 2384 2231 2453 redigant,

655 2476 993 2544 desertaque
1021 2475 1153 2529 [iant
1187 2474 1288 2528 viae
1312 2484 1527 2528 vestrae.
1559 2472 1714 2539 Quod
1739 2474 1782 2527 si
1816 2490 1918 2529 nec
1947 2475 2024 2529 sic
2054 2476 2235 2530 volue-

656 2566 781 2623 ritis
819 2567 1063 2635 recipere
1088 2565 1453 2634 disciplinam,
1487 2566 1582 2619 sed
1606 2565 2017 2619 ambulaveritis
2046 2581 2111 2619 ex
2140 2567 2236 2621 ad-

659 2675 820 2714 verso
851 2658 981 2712 milii
1003 2697 1018 2722 ,
1068 2673 1168 2727 ego
1205 2673 1423 2727 quoque
1454 2668 1640 2710 contra
1666 2671 1764 2711 vos
1796 2656 2059 2710 adversus
2090 2656 2236 2711 ince-

656 2748 803 2811 dam,
829 2757 882 2802 rt
903 2748 1315 2816 percutiansvos
1335 2747 1537 2816 septies
1554 2755 1777 2815 propter
1794 2756 2013 2815 peccata
2032 2757 2233 2809 vestra,

654 2838 1023 2923 inducamqne
1046 2854 1105 2891 su
1115 2853 1211 2908 per
1234 2853 1330 2891 vos
1350 2838 1586 2907 gladium
1613 2837 1852 2891 ultorem
1870 2832 2090 2891 fmderis
2104 2837 2232 2892 mei.

656 2930 905 2998 Cumque
942 2928 1296 2998 conlugeritis
1324 2928 1391 2982 ad
1430 2928 1613 2993 urbes,
1638 2927 1848 2981 mittam
1873 2928 2234 2997 pestilentiam

659 3018 715 3072 in
750 3018 929 3097 medio
965 3017 1126 3072 vestri
1156 3059 1170 3084 ,
1230 3028 1286 3073 et
1320 3017 1609 3071 trademini
1649 3017 1890 3071 hostium
1947 3019 2236 3073 manibus:

659 3100 949 3179 postquam
977 3099 1299 3179 conlreger‘o
1336 3108 1589 3162 baculum
1621 3109 1779 3178 panis
1813 3109 2017 3175 vestri,
2070 3110 2141 3163 ita
2180 3122 2237 3164 ut

657 3201 848 3256 decem
885 3201 1148 3254 mulieres
1175 3200 1228 3255 in
1253 3200 1470 3253 clibano
1501 3210 1739 3268 coquont
1769 3215 1939 3270 panes
1962 3241 1977 3266 ,
2013 3209 2070 3255 et
2107 3202 2233 3253 red-

658 3292 792 3345 dent
839 3305 933 3344 eos
984 3291 1051 3344 ad
1085 3290 1319 3358 pondus,
1352 3297 1408 3342 et
1455 3290 1756 3344 comedetis
1784 3330 1798 3354 ,
1857 3300 1912 3345 et
1944 3307 2054 3345 non
2084 3301 2234 3345 satu-

659 3382 936 3436 rabimini.
977 3400 996 3432 ι

728 3469 953 3524 Talibus
1022 3443 1485 3525 distinctionibus,
1525 3487 1636 3524 non
1691 3469 1891 3524 frustra
1959 3471 2235 3542 legislntor

666 3578 793 3617 usus
832 3572 935 3623 est,
963 3576 1087 3615 nam
1114 3578 1264 3617 nunc
1295 3563 1515 3631 quidem
1552 3564 1631 3616 ait
1664 3581 1679 3618 :
1718 3562 1813 3617 Sin
1842 3573 2019 3617 autem
2044 3582 2133 3618 nec
2161 3566 2237 3619 sic

658 3654 958 3708 obedieritis
983 3653 1134 3706 milii.
1190 3653 1393 3724 Deinde
1443 3654 1706 3722 quasdam
1736 3656 2111 3724 correptiones
2140 3657 2236 3708 de-

658 3758 957 3797 numerans
988 3742 1263 3797 subinlert
1297 3762 1310 3797 :
1340 3742 1401 3797 Si
1456 3744 1857 3797 ambulaveritis
1903 3762 1967 3798 ea:
2020 3750 2234 3799 adverso

660 3833 809 3887 mihi.
853 3833 920 3887 Et
950 3848 1139 3886 rursus
1167 3832 1300 3887 alias
1319 3833 1503 3905 plagas
1532 3850 1833 3903 exponens,
1866 3834 2055 3887 addit:
2087 3834 2237 3899 Quod

656 3924 702 3976 si
731 3938 822 3975 nec
841 3923 1107 3976 volueritis
1135 3924 1360 3992 recipere
1401 3926 1737 3992 disciplinam
1758 3965 1772 3991 ,
1800 3927 1890 3979 sed
1922 3926 2233 3981 ambulave-

660 4011 777 4064 ritis
804 4028 868 4065 ea:
891 4013 1110 4064 adverso
1147 4012 1294 4067 milii.

732 4102 838 4157 Sed
892 4104 1048 4170 ideo,
1100 4113 1159 4158 ut
1189 4083 1598 4172 diximus,‘liis
1624 4105 2070 4167 distinctionibus
2101 4130 2232 4170 usus

658 4203 781 4260 est,
832 4196 960 4265 quia
990 4196 1306 4266 flequentcr
1333 4197 1588 4253 Christus
1633 4200 1916 4270 suscipere
1969 4204 2232 4273 populum

657 4284 971 4345 Iudaeorum
997 4286 1184 4353 voluit,
1216 4287 1294 4341 illi
1332 4297 1513 4341 autem
1552 4304 1657 4342 non
1688 4291 2037 4357 obediebant,
2076 4295 2147 4347 ita
2176 4299 2240 4347 ut

661 4375 729 4429 ad
760 4390 854 4429 eos
879 4375 1137 4429 clamaret
1169 4394 1181 4428 :
1214 4376 1532 4441 Jerusalem,
1561 4376 1877 4442 Jerusalem,
1905 4394 2021 4447 qua:
2046 4377 2239 4434 occidis

2330 1926 2496 1995 gitant
2527 1926 2722 1979 malum
2746 1967 2761 1988 ,
2813 1937 2997 1980 contra
3032 1930 3329 1992 semetipsos
3372 1931 3599 1981 dicentes
3633 1968 3641 1977 .
3679 1928 3936 1978 Circum-

2335 2017 2607 2070 veniamus
2628 2018 2835 2087 justum
2869 2037 2882 2072 :
2921 2020 3047 2087 quia
3078 2020 3282 2071 inutilis
3314 2030 3386 2071 est
3419 2020 3560 2072 nobis
3594 2028 3657 2069 “.
3692 2018 3936 2071 Fructus

2337 2123 2467 2177 ergo
2493 2109 2740 2163 laborum
2773 2124 2997 2163 suortzm
3051 2113 3461 2164 manducabunt
3520 2109 3746 2163 Intende
3777 2110 3938 2163 enim

2335 2196 2583 2250 Ordinem
2655 2213 2764 2266 quo
2839 2198 2997 2251 utitut
3072 2200 3332 2263 'egislnto-
3429 2212 3471 2237 ιο·
3539 2199 3933 2251 eotntninati0~

2338 2303 2487 2340 nem.

2407 2378 2506 2431 Sin
2536 2388 2710 2432 autem
2747 2396 2835 2431 nec
2865 2380 2924 2430 si.
2982 2381 3272 2432 obedterms
3339 2382 3445 2431 nini
3511 2381 3706 2433 addam
3746 2396 3933 2432 cerre-

2336 2475 2535 2541 pliones
2592 2485 2788 2528 vestras
2833 2475 3125 2542 septuplum
3190 2486 3399 2541 propter
3459 2486 3670 2542 pii-ccum
3728 2488 3931 2527 vestra.

2336 2562 2688 2633 Septuaginta
2757 2574 2937 2617 autem
3018 2564 3302 2616 ediderunt
3393 2565 3448 2615 Si
3495 2580 3654 2631 usque
3729 2566 3801 2615 ad
3836 2565 3938 2615 hec

2340 2672 2442 2708 non
2482 2655 2759 2707 audieritis
2800 2672 2881 2706 me
2910 2672 2921 2704 :
2953 2671 3122 2723 usque
3154 2655 3220 2707 ad
3270 2663 3369 2707 hoc.
3390 2656 3532 2721 quod
3568 2655 3935 2721 pra-cedentia

2337 2746 2715 2807 ostenderunt,
2752 2745 2840 2798 ubi
2868 2756 3165 2809 egestatem
3198 2748 3558 2810 ardoremque
3580 2746 3741 2798 dixit.
3799 2747 3937 2807 (tua:

2336 2837 2608 2905 quomodo
2653 2846 2901 2906 oporteat
2932 2837 3123 2905 accipi,
3171 2854 3222 2889 ιιι
3277 2839 3715 2904 praecedentibus
3762 2852 3937 2905 expo-

2339 2930 2569 2982 suimus.
2600 2928 2655 2981 Si
2698 2945 2825 2998 ergo
2854 2944 3026 2998 usque
3056 2931 3122 2983 ad
3164 2931 3268 2983 hoc
3299 2930 3675 2983 inotiedieutes
3704 2928 3935 2995 fuerint,

2342 3031 2403 3074 ut
2434 3037 2533 3074 nec
2564 3038 2627 3074 ex
2662 3020 2767 3084 his,
2799 3037 2919 3088 qua:
2947 3021 3089 3074 dicta
3114 3033 3272 3097 sunt,
3308 3022 3689 3079 emendentur,
3728 3022 3935 3087 septies

2345 3112 2463 3165 illos
2496 3113 2630 3166 dixit
2655 3112 2876 3182 corripi,
2899 3113 2952 3166 id
2975 3124 3077 3174 est,
3114 3104 3406 3180 perfectam
3443 3114 3843 3181 correptionem
3875 3129 3935 3163 ιν

2338 3200 2572 3267 peccatis
2615 3216 2804 3254 eorum
2833 3202 3077 3255 evenire.
3107 3202 3314 3266 Quibus
3354 3212 3558 3264 autem,
3602 3218 3711 3254 non
3766 3203 3925 3263 dicit,

2338 3299 2393 3341 ut
2445 3305 2634 3342 eorum
2690 3301 2911 3359 peccata
2948 3290 3049 3343 hoc
3113 3290 3250 3358 ipso,
3296 3291 3442 3358 quod
3479 3307 3588 3343 non
3649 3292 3926 3343 emendati

2336 3389 2481 3439 sunt,
2505 3396 2569 3433 ex
2594 3382 2868 3467 praedictis
2894 3380 3275 3449 intelligamus.
3306 3382 3369 3433 l'lt
3399 3382 3527 3449 quid
3554 3382 3763 3434 adlidit
3804 3383 3824 3433 ’ἓ

2414 3470 2475 3522 Et
2511 3481 2774 3524 conteram
2800 3472 3053 3524 duritiam
3069 3475 3323 3540 superbiw
3354 3481 3553 3525 vestrm.
3584 3472 3697 3525 Non
3737 3473 3895 3525 volue

2338 3572 2468 3616 runt
2518 3578 2634 3615 eam
2678 3563 2882 3615 Christi
2936 3562 3242 3617 libertatem
3290 3563 3587 3631 suscipere,
3644 3564 3931 3617 dicentes-

2336 3655 2520 3709 Semen
2558 3656 2774 3708 Abraltw
2804 3671 3006 3715 sumus,
3030 3666 3076 3707 et
3101 3655 3231 3707 nulli
3261 3656 3567 3707 seruiuimus
3602 3673 3841 3724 unquam
3864 3658 3911 3685 ”

2340 3746 2490 3800 llanc
2522 3762 2708 3800 eorum
2760 3746 3015 3800 duritiam
3062 3746 3332 3815 superbia:
3391 3748 3668 3812 contrivit,
3724 3748 3936 3799 servire

2332 3825 2433 3892 bos
2460 3837 2711 3907 gentibus
2728 3837 2955 3890 iaciens.
2986 3837 3133 3888 Dabo
3160 3835 3345 3888 caelum
3367 3838 3503 3888 vobis
3528 3844 3750 3903 desuper
3782 3839 3932 3889 sicut

2344 3932 2568 4000 ferrum.
2598 3929 2810 3982 Nullam
2836 3945 2964 3999 ergo
2984 3944 3045 3980 ex
3079 3945 3145 3980 eo
3166 3928 3536 3981 visitationem
3563 3930 3779 3996 penitus
3806 3939 3937 3983 sunt

2340 4021 2547 4089 adepti.
2588 4019 2655 4072 Et
2684 4029 2875 4073 terram
2908 4036 3132 4072 auream.
3169 4019 3334 4071 Terra
3367 4017 3515 4071 enim
3555 4019 3753 4073 divinae
3784 4019 3938 4074 Scri—

2339 4122 2533 4183 pturae,
2577 4127 2740 4180 quam
2778 4111 3085 4179 possident,
3115 4095 3483 4163 .inlructuosa
3527 4110 3607 4163 eis
3642 4120 3758 4176 est;
3806 4127 3933 4165 cum

2338 4218 2450 4256 non
2493 4205 2561 4256 ab
2610 4203 2690 4256 eis
2735 4202 3050 4271 intelligitur
3104 4219 3210 4269 qun
3249 4211 3502 4268 oporteat
3555 4204 3741 4259 modo.
3783 4203 3935 4256 illam

2338 4307 2545 4345 aeneam
2596 4306 2717 4345 esse
2761 4290 2908 4345 dicit.
2956 4291 3033 4343 Ad
3075 4292 3234 4359 cujus
3290 4292 3363 4343 rei
3404 4292 3781 4345 ostensionem
3836 4292 3937 4346 ad-

2342 4382 2478 4437 diiiit
2511 4398 2525 4434 :

2982 2381 3272 2432 obedterttts
3339 2382 3445 2431 mm

664 4468 961 4533 brophetas,
986 4477 1033 4519 et
1061 4467 1268 4535 lapides
1293 4483 1377 4520 eos
1403 4465 1493 4536 qui
1516 4467 1586 4519 ad
1616 4476 1664 4519 te
1688 4468 1830 4520 missi
1850 4479 1969 4521 sunt
1994 4472 2235 4539 :quoties
2271 4500 2312 4553 ο
2411 4474 2756 4529 Consumetur
2801 4472 3063 4524 incassum
3114 4471 3261 4523 labor
3306 4483 3488 4526 vester.
3533 4472 3710 4526 Labor
3749 4470 3923 4533 enim,

664 4554 807 4611 volui
844 4572 1158 4625 congregare
1194 4556 1331 4624 ﬁlios
1362 4568 1507 4623 tuos,
1551 4557 1685 4610 sicut
1722 4559 1921 4627 gallina
1954 4574 2235 4632 congregat

662 4648 833 4718 pullos
858 4663 977 4699 suos
1010 4647 1102 4699 sub
1150 4647 1267 4699 alas
1299 4664 1444 4709 suas,
1481 4657 1528 4699 et
1560 4647 1779 4701 noluisti
1808 4650 1901 4702 "?
1938 4652 2067 4705 Illud
2111 4669 2238 4721 ergo

665 4739 899 4793 maxime
926 4738 979 4791 in
1016 4737 1119 4803 his,
1174 4753 1296 4805 quas
1326 4737 1470 4792 dicta
1502 4748 1650 4801 sunt,
1694 4742 2060 4802 attendamus.
2113 4743 2238 4813 quia

664 4844 790 4882 cum
824 4836 1035 4896 septem
1067 4827 1440 4896 correptiones
1492 4831 1857 4886 comminatus
1909 4832 2109 4900 fuerit,
2162 4837 2241 4889 sic

665 4934 759 4973 eas
785 4918 1029 4971 subdidit
1064 4934 1077 4969 :
1106 4916 1504 4973 Contritionem
1538 4935 1667 4990 ergo
1696 4922 1911 4978 duritia:
1951 4927 2239 4994 superbia),

665 5019 723 5065 et
743 5009 1019 5063 dationem
1042 5009 1163 5062 caeli
1195 5008 1382 5073 ferrei,
1409 5020 1463 5064 et
1493 5024 1652 5066 terra:
1674 5029 1859 5076 aeneae.
1881 5025 1938 5069 et
1971 5018 2243 5073 incassum

665 5115 857 5154 eorum
889 5099 1140 5153 consumi
1178 5098 1418 5154 laborem
1444 5141 1460 5163 ,
1506 5112 1555 5154 et
1614 5111 1811 5158 terram
1855 5123 1962 5161 non
2000 5108 2245 5178 proferre

669 5206 916 5263 germen,
956 5206 1058 5245 nec
1086 5191 1309 5245 arbores
1352 5208 1511 5261 poma
1555 5196 1801 5263 praebere
1856 5200 2094 5254 minatus
2138 5211 2244 5255 est.

670 5283 799 5339 Haec
832 5291 1017 5337 autem
1045 5298 1140 5337 ses
1162 5294 1310 5348 sunt,
1340 5299 1449 5337 non
1484 5295 1693 5355 septem
1721 5307 1733 5342 :
1760 5289 1863 5342 hoc
1895 5290 2033 5345 idem
2062 5304 2244 5347 autem

672 5376 943 5439 invenies,
976 5384 1031 5429 et
1051 5375 1291 5444 reliquas
1316 5378 1693 5446 correptiones
1726 5395 2067 5449 percurrens.
2106 5385 2248 5454 Ergo

673 5485 769 5538 per
796 5468 900 5524 b0c
923 5467 1270 5523 manifestum
1294 5478 1377 5524 est
1404 5487 1415 5520 :
1442 5470 1568 5539 quia
1599 5474 1941 5541 septenarius
1964 5490 2247 5542 numerus,

748 5692 791 5721 “
828 5691 966 5746 Psal.
1010 5711 1274 5757 cxxxvut,
1302 5697 1391 5751 2|.

1494 5699 1539 5730 '°
1574 5697 1729 5753 Rom.
1776 5701 1944 5764 11,15
1976 5712 2031 5757 et
2064 5704 2143 5757 l2.

695 5766 714 5796 ⁸
760 5761 885 5835 Sap.
924 5780 986 5832 ιι,
1027 5766 1108 5819 l2.

1188 5768 1231 5799 ³³
1262 5766 1421 5822 Joau.
1461 5786 1575 5837 \‘lll,
1601 5770 1688 5825 55.
1766 5774 1812 5804 ⁹⁴¹
1841 5770 2039 5844 Philip.
2076 5791 2156 5843 tn,
2197 5776 2277 5828 lil.

2257 5707 2298 5737 "
2329 5704 2432 5758 Isa.
2461 5722 2601 5764 t.xvt,
2635 5705 2683 5757 ζ).

2340 4583 2501 4635 quem
2534 4566 2587 4618 in
2622 4565 2821 4618 divinis
2849 4564 3143 4631 Scriptnris
3172 4567 3491 4626 ostendunt,
3553 4565 3940 4619 incumbentes

2344 4657 2619 4713 traditioni
2671 4658 2883 4719 littcrm,
2912 4657 3183 4710 incassum
3217 4658 3577 4718 consumitur,
3636 4657 3724 4724 qui
3776 4656 3939 4724 plene

2345 4767 2454 4805 non
2475 4760 2701 4820 possunt
2727 4749 2841 4818 lege
2864 4749 3163 4802 secundum
3191 4749 3423 4801 litteram
3455 4750 3554 4807 uti.
3589 4748 3767 4801 ablato
3793 4748 3937 4812 loco,

2348 4844 2401 4896 in
2427 4858 2535 4911 quo
2558 4841 2740 4895 littera
2762 4856 2979 4895 omnem
2999 4840 3242 4893 divinum
3268 4840 3472 4893 cultum
3494 4841 3627 4908 legis
3647 4838 3937 4891 conclusit.

2350 4932 2522 4988 Nimis
2550 4932 2695 4985 enim
2718 4932 2974 4986 convenit
3000 4931 3145 4998 quod
3178 4932 3424 4999 sequitur
3452 4948 3463 4982 :
3504 4930 3617 4982 Non
3652 4929 3798 4982 dabit
3830 4941 3940 4981 ter-

2352 5042 2414 5078 ra
2475 5038 2685 5092 germen
2744 5037 2919 5082 suum,
2976 5036 3068 5072 nec
3119 5020 3332 5071 arbores
3393 5037 3550 5085 poma
3602 5018 3929 5084 prtebebunt.

2351 5114 2538 5184 Neque
2577 5115 2723 5167 enim
2766 5113 3006 5166 exterior
3037 5127 3224 5165 eorum
3268 5113 3451 5175 homo,
3492 5115 3583 5180 qui
3633 5110 3941 5179 appellatur

2356 5213 2522 5265 terra,
2558 5202 2867 5265 fructiﬁcat,
2901 5204 3029 5270 quia
3075 5203 3127 5255 in
3157 5204 3526 5273 gastrimargia
3559 5203 3768 5261 vivunt,
3793 5210 3850 5255 et
3872 5202 3941 5255 de

2353 5294 2433 5346 eis
2486 5292 2689 5346 dictum
2731 5303 2852 5344 est:
2906 5290 3140 5354 Quorum
3202 5290 3341 5345 Deus
3371 5304 3564 5351 venter,
3603 5302 3650 5344 et
3675 5293 3847 5360 gloria
3883 5292 3938 5343 in

2355 5386 2655 5454 confusione
2680 5386 2943 5438 comm".
2967 5384 3071 5437 Sed
3106 5399 3205 5437 nec
3248 5395 3478 5443 mentes.
3518 5401 3639 5453 qua:
3660 5394 3783 5437 sunt
3824 5383 3937 5452 agri

2359 5479 2524 5549 ligna,
2559 5478 2701 5531 sicut
2737 5477 2955 5531 insertae
2982 5476 3203 5545 quidem
3233 5478 3443 5545 corpori
3483 5498 3491 5504 -
3532 5478 3624 5529 sed
3663 5485 3842 5529 tamen
3871 5487 3941 5528 eo

2801 5706 2844 5734 9‘
2882 5702 3073 5755 Matth.
3106 5720 3253 5764 wn,
3304 5706 3383 5775 ἴθι..
3542 5702 3769 5751 Νειιιιιει).
3802 5716 3842 5765 i,
3872 5695 3928 5754 9.
