4158 6450
225 389 359 454 1149

1369 407 1455 470 IN
1494 409 1930 472 LEVITICUM.
1953 438 2018 448 —
2040 408 2187 474 LIB.
2208 412 2337 475 VII.

3337 417 3472 484 1150

220 500 549 602 excelsiores
563 501 772 602 fructus
799 506 907 564 Deo
937 511 1184 581 praebent
1205 514 1349 584 quod
1372 517 1676 588 germinare
1697 535 1798 602 nos
1827 521 1869 579 Α
1901 521 1974 574 ris
2032 521 2350 591 sapientiam
2413 522 2735 592 obstupesce
2760 563 2776 588 ,
2831 526 3103 594 quomodo
3169 529 3474 598 opportune

221 591 275 645 in
309 592 508 661 pietate
537 596 671 650 vult.

271 683 330 736 Si
351 685 746 742 ambulaveritis
762 706 826 744 ea:
847 692 1063 746 adverso
1089 695 1233 750 milii.
1257 695 1444 766 Neque
1473 699 1620 752 enim
1652 706 1801 752 recto

219 775 385 830 corde
431 777 496 830 ad
531 777 697 832 Deum
752 781 1031 836 incedunt.
1092 785 1416 844 Pervertunt
1475 790 1620 844 enim
1681 791 1800 860 ejus

218 866 386 950 viam,
442 867 575 938 legis
600 879 658 923 et
701 873 1092 941 prophetarum
1141 892 1336 933 sensus
1398 881 1797 947 subvertentcs,

218 966 278 1010 ut
301 972 457 1011 suam
489 958 912 1017 inobedientiam
961 981 1056 1034 per
1083 967 1185 1023 hoc
1213 979 1374 1040 atque
1400 972 1797 1042 praevaricatio-

217 1062 342 1099 nem
402 1051 664 1109 colerent.
700 1053 929 1124 Propter
985 1060 1129 1126 quod
1178 1060 1344 1114 infert
1372 1081 1385 1115 :
1418 1062 1528 1116 Nec
1550 1065 1595 1116 si
1621 1064 1798 1118 volue-

217 1136 336 1189 ritis
364 1139 552 1191 audire
585 1156 685 1200 me,
714 1144 910 1197 addam
941 1147 1082 1201 vobis
1114 1148 1301 1219 plagas
1326 1163 1522 1206 vestras
1545 1170 1703 1223 usque
1728 1156 1798 1208 ad

216 1231 515 1298 septuplum
541 1245 751 1303 propter
771 1248 986 1305 peccata
1015 1249 1206 1293 vestra.
1231 1242 1350 1294 Non
1368 1242 1480 1310 jam
1501 1244 1797 1313 correptio-

217 1333 342 1384 nes,
385 1321 481 1376 sed
533 1325 735 1394 plagas,
790 1328 1104 1384 validiorem
1152 1347 1297 1385 nunc
1328 1333 1543 1400 p'mnam
1593 1350 1795 1402 praece-

225 1412 400 1479 denti,
439 1423 492 1468 et
532 1418 794 1485 mqualem
834 1436 1020 1474 eorum
1065 1421 1445 1490 iniquitatibus
1494 1439 1793 1493 exponens,

214 1517 381 1571 quam
419 1504 582 1559 hanc.

284 1593 645 1667 Emittamque
667 1599 720 1651 in
742 1617 829 1652 vos
873 1601 1046 1655 malas
1084 1603 1274 1657 bestius
1302 1606 1441 1675 agri,
1469 1621 1586 1674 qum
1607 1621 1795 1658 consu—

214 1695 364 1737 mant
404 1702 493 1740 uos
521 1697 569 1740 et
609 1704 796 1758 pecora
820 1701 1013 1756 vestra,
1045 1703 1095 1746 et
1135 1695 1205 1746 ad
1247 1695 1564 1762 paucitatem
1605 1705 1794 1748 cuncta

214 1777 481 1847 redigant,
542 1780 860 1852 deserta’que
904 1784 1036 1852 fiant
1066 1785 1163 1838 via:
1207 1795 1407 1840 vestrm.
1456 1783 1592 1850 Quia
1642 1787 1785 1840 enirn

211 1871 536 1939 semetipsos
569 1887 599 1925 a
641 1872 736 1926 Dei
784 1874 869 1929 via
919 1877 1252 1944 repulerunt,
1302 1887 1448 1932 recte
1489 1891 1652 1944 super
1699 1890 1791 1933 eos
1825 1874 1863 1927 Β

209 1959 399 2014 bestia:
439 1963 573 2033 agri,
625 1963 900 2020 daemones
937 1965 1326 2031 immittuntur,
1381 1968 1651 2023 dominari
1706 1968 1787 2021 els

210 2051 485 2120 permissi,
541 2053 632 2123 qui
692 2069 786 2110 eos
813 2064 868 2110 et
915 2066 1261 2112 consumunt.
1317 2057 1586 2128 Quidquid
1637 2058 1785 2112 enim

209 2143 466 2197 ridentur
481 2145 707 2213 justitiae
725 2162 908 2217 agere,
936 2148 1078 2202 Deus
1109 2149 1209 2202 sibi
1239 2164 1345 2203 non
1373 2150 1617 2218 imputat,
1641 2149 1785 2218 quod

206 2230 552 2286 demonstrat
577 2233 775 2287 Paulus
800 2233 989 2289 dicens
1027 2253 1040 2288 ε
1079 2235 1348 2290 Justitiam
1366 2255 1518 2291 suam
1547 2253 1785 2309 queren-

206 2335 283 2378 tes
323 2326 657 2390 constituere,
695 2327 925 2396 justitiae
967 2329 1064 2382 Dei
1098 2347 1198 2382 non
1227 2340 1346 2383 sunt
1377 2331 1597 2399 subjecti
1619 2330 1684 2382 ’⁷.
1719 2330 1788 2383 Ει

205 2432 394 2472 rursus
443 2435 455 2472 :
494 2417 670 2472 Israel
727 2430 905 2475 autem
954 2423 1200 2476 sectanda
1251 2423 1417 2491 legem
1458 2423 1701 2491 justitie,
1731 2423 1786 2474 in

203 2505 367 2575 legem
398 2506 625 2576 justitiae
662 2524 768 2562 non
806 2511 1038 2579 pervenit
1069 2511 1136 2565 ”.
1174 2511 1406 2565 Necesse
1437 2521 1519 2565 est
1547 2528 1694 2580 ergo,
1728 2521 1786 2567 ut

209 2609 328 2651 eum
349 2600 641 2654 comedant
665 2601 962 2663 dmmones,
991 2603 1083 2672 qui
1122 2618 1312 2656 eorum
1347 2619 1563 2672 pecora,
1595 2604 1647 2658 id
1677 2613 1783 2669 est,

205 2690 494 2755 pecoribus
525 2691 732 2746 similes
773 2693 1044 2754 homines,
1075 2709 1301 2763 pravum
1333 2696 1588 2749 videlicet
1617 2711 1788 2764 popu-

208 2780 321 2834 lum
366 2791 530 2850 atque
559 2782 870 2852 imperitum
905 2794 1258 2847 consumunt.
1295 2785 1567 2854 siquidem
1598 2787 1786 2840 nullus

201 2881 290 2927 est
332 2873 388 2927 in
435 2874 544 2929 illis
583 2875 914 2940 intellectus,
959 2878 1094 2930 nihil
1147 2878 1238 2931 Dei
1288 2879 1508 2932 servitio
1562 2879 1784 2949 dignum

201 2964 442 3035 cogitare
472 2977 902 3030 consueverunt,
920 2969 1016 3022 sed
1041 2970 1184 3023 sicut
1209 2970 1452 3038 iumenta
1483 2971 1537 3023 in
1565 2973 1784 3027 modum

204 3055 349 3110 freni
402 3057 585 3112 stultis
646 3060 1061 3127 praepositorum
1109 3075 1330 3114 suorum
1397 3061 1785 3117 traditionibus

204 3148 506 3212 ducuntur,
539 3158 763 3218 propter
797 3151 941 3219 quod
975 3159 1103 3204 sunt
1131 3150 1441 3205 daemonum
1468 3153 1596 3218 cibi,
1627 3162 1684 3207 et
1717 3155 1784 3208 ad

203 3239 529 3308 paucitatem
580 3239 924 3308 rediguntur,
960 3250 1071 3295 tam
1116 3242 1468 3296 multitudine
1499 3259 1662 3313 quam
1697 3245 1781 3298 di-

204 3329 431 3399 gnitate.
454 3329 798 3399 Desertmque
817 3347 1003 3386 eorum
1027 3333 1162 3386 ﬁunt
1182 3332 1300 3398 vim,
1323 3349 1445 3402 quze
1465 3347 1570 3388 nec
1590 3351 1784 3405 aquam

205 3422 413 3476 habent
445 3422 589 3485 vita,
621 3438 724 3477 nec
748 3424 1176 3494 susceptionem,
1209 3426 1324 3480 sive
1361 3427 1783 3496 hospitalitatem

201 3512 615 3583 intelligibilem,
683 3530 784 3570 nec
861 3516 1229 3585 producentes
1282 3533 1340 3572 se
1373 3519 1458 3573 vel
1509 3519 1662 3588 quasi
1707 3520 1776 3575 ad

202 3615 427 3658 manum
459 3605 815 3672 deducentes,
847 3614 941 3658 aut
971 3609 1362 3663 custodientes.

279 3696 433 3760 Quod
461 3697 508 3750 si
538 3713 631 3750 nec
657 3699 732 3751 sic
760 3698 1029 3752 volueritis
1059 3701 1285 3769 recipere
1309 3699 1664 3770 disciplinam,
1698 3703 1787 3757 sed

200 3787 598 3842 ambulaveritis
629 3805 692 3842 ea:
721 3789 939 3844 adverso
973 3792 1120 3856 mihi,
1140 3808 1231 3860 ego
1257 3809 1460 3863 quoque
1487 3805 1668 3847 contra
1697 3812 1784 3849 vos

200 3878 455 3932 adversus
487 3879 749 3933 incedam.
792 3879 1035 3936 Advetsa
1065 3897 1224 3951 plena
1255 3893 1397 3945 utar,
1428 3883 1785 3953 quemadmo-

202 3967 334 4019 dum
360 3967 588 4021 adversa
623 3977 709 4022 est
730 3969 832 4038 legi
856 3978 1038 4022 vestra
1061 3969 1612 4039 praevaricationum
1636 3971 1783 4025 enim

201 4058 452 4112 meditari
516 4074 635 4112 eam
685 4059 1005 4126 videamini,
1071 4060 1438 4115 intentionem
1494 4061 1612 4130 ejus
1672 4077 1783 4116 non

200 4150 452 4213 servatis,
489 4151 568 4204 sic
596 4161 649 4204 et
683 4166 783 4220 ego
830 4153 1116 4206 adversam
1164 4153 1318 4206 vobis
1360 4153 1783 4221 superinducam

200 4256 444 4310 pmnam,
473 4257 581 4294 non
605 4257 704 4295 vos
729 4242 1030 4311 corripiens
1067 4243 1194 4306 illis,
1223 4243 1420 4311 quibus
1453 4241 1785 4312 ﬁagcllabam

200 4333 374 4402 prius,
399 4334 622 4404 quando
649 4333 958 4388 mortiferas
982 4343 1265 4403 serpentes
1292 4342 1346 4387 et
1365 4333 1697 4396 incendium,
1731 4345 1788 4388 et

200 4434 361 4478 terra:
392 4424 594 4489 hiatus,
631 4433 686 4478 et
734 4423 932 4478 similia
972 4440 1136 4494 super
1161 4440 1257 4478 vos
1293 4425 1636 4486 inducebam,
1690 4425 1785 4478 sed

199 4510 357 4565 alias.
412 4512 544 4576 Quae
599 4521 729 4566 sunt
779 4522 962 4567 autem
1025 4513 1132 4576 hae,
1201 4515 1483 4583 sequentia
1540 4514 1781 4584 legentes

200 4603 459 4656 sciemus.

295 4693 362 4746 Et
393 4696 685 4762 percutiam
714 4711 802 4748 vos
845 4697 1034 4764 septies
1070 4705 1279 4765 propter
1314 4707 1530 4764 peccata
1577 4708 1777 4752 vestra.

201 4783 362 4838 Prius
389 4785 705 4854 eorripiam,
727 4785 925 4841 deinde
952 4786 1275 4855 percutiam.
1307 4786 1610 4840 Procedens
1634 4788 1783 4841 enim

202 4892 388 4946 paena,
427 4885 616 4947 utpote
644 4887 834 4933 contra
868 4878 1267 4940 inobedientes,
1305 4877 1498 4931 fortior
1525 4877 1776 4933 ellicitur.

203 4968 566 5039 lnducamque
596 4986 754 5038 super
787 4986 876 5023 vos
902 4971 1140 5040 gladium
1181 4971 1398 5022 ultorem
1419 4971 1625 5040 {aderis
1659 4970 1782 5026 mei.

199 5059 425 5114 Gladius
464 5061 693 5129 spiritus
741 5060 868 5130 quia
918 5061 1146 5114 verbum
1193 5061 1286 5115 Dei
1336 5061 1426 5124 sit,
1477 5059 1791 5129 frequenter

205 5152 466 5207 diximus.
505 5152 619 5207 Hoc
646 5154 872 5207 verbum
904 5151 957 5206 in
981 5151 1179 5221 linguis
1214 5151 1469 5205 Ecclesim
1508 5151 1792 5219 magistro-

205 5262 352 5310 rum,
409 5246 653 5301 vindicat
692 5246 959 5315 judicium
1013 5243 1256 5307 hederis,
1307 5244 1421 5297 sive
1477 5245 1789 5299 testamenti

202 5341 522 5411 evangelici.
568 5339 858 5394 Convincit
903 5340 1048 5392 enim
1088 5352 1183 5391 eos
1229 5335 1320 5405 qui
1367 5351 1569 5412 novum
1599 5344 1787 5390 trans-

203 5433 548 5504 grediuntur,
576 5447 680 5485 nec
709 5439 867 5484 vetus
891 5429 1164 5484 custodire
1191 5441 1371 5497 posse,
1408 5437 1463 5479 et
1485 5427 1789 5480 vindicatur

208 5526 584 5595 Evangelium,
626 5540 750 5579 cum
803 5522 1006 5577 inimici
1058 5522 1193 5592 legis
1249 5519 1637 5580 ostenduntur,
1692 5519 1785 5587 qui

208 5616 484 5688 Evangelii
519 5617 746 5686 gratiam
772 5611 1262 5683 transgrediuntur.
1299 5606 1404 5662 Sed
1439 5616 1494 5662 et
1517 5605 1786 5676 legislato-

289 5807 328 5840 "
352 5809 506 5864 Rom.
545 5827 596 5874 λ,
627 5811 677 5864 3.
756 5807 802 5840 "
833 5806 1028 5878 Philip.
1055 5809 1198 5874 m,6.
1277 5808 1320 5838 "
1347 5806 1549 5860 Jercm.
1583 5820 1622 5873 ι,
1653 5803 1732 5858 l8.

1903 614 2090 670 subdit
2115 631 2129 667 :

1946 723 2206 796 .Cumque
2258 727 2498 797 fugeritis
2554 727 2624 780 ad
2657 729 2827 794 urbes,
2875 729 3084 783 mittam
3119 731 3474 800 pestilentiam

1895 805 1958 868 in.
2008 817 2178 870 medio
2227 820 2406 870 vestri.
2456 817 2823 887 lntelligibiles
2868 819 3135 883 civitates,
3191 822 3475 892 propheta

1899 917 2047 960 sunt.
2089 905 2436 961 Manifestum
2472 916 2562 961 est
2592 916 2772 961 autem
2806 923 2874 963 ex
2907 909 3106 979 quibus
3141 910 3284 968 Deus
3319 910 3475 968 lere-

1899 997 2024 1050 mire
2062 996 2278 1052 dicebat
2324 1017 2337 1052 :
2377 998 2488 1070 Ego
2534 999 2734 1069 quippe
2776 999 2896 1053 dedi
2931 1010 2980 1053 te
3020 1002 3172 1055 hodie
3208 1003 3475 1057 civitatem

1898 1087 2159 1139 munitam
2175 1089 2240 1141 ”.
2259 1089 2722 1153 Quemadmodum
2741 1105 2871 1159 ergo
2885 1090 2938 1142 in
2962 1090 3213 1146 civitates
3231 1102 3474 1148 muratas

1895 1176 1986 1244 qui
2019 1174 2175 1247 fugit,
2195 1178 2237 1230 si
2271 1176 2476 1230 amicus
2502 1188 2586 1231 est
2613 1178 2873 1241 solvatur,
2898 1177 2947 1232 si
2983 1186 3166 1233 autem
3195 1181 3470 1248 inimicus,

1896 1263 2107 1317 facilius
2160 1263 2443 1332 perimitur
2480 1263 2534 1319 in
2556 1280 2745 1320 earum
2802 1267 3013 1321 ambitu
3052 1268 3420 1325 circumdatus
3454 1287 3469 1324 :

1895 1353 1975 1408 sic
2011 1355 2066 1408 in
2102 1354 2443 1423 propheticis
2480 1355 2654 1421 libris,
2692 1365 2748 1410 et
2791 1357 2847 1410 in
2896 1373 3086 1412 eorum
3127 1359 3472 1426 testimoniis,

1894 1445 2053 1499 amici
2108 1444 2233 1499 ﬁdei
2267 1444 2649 1516 confugientes
2703 1448 3067 1502 munitionem
3136 1451 3474 1521 salutemque

1896 1537 2200 1601 inveniunt,
2249 1537 2454 1591 inimici
2503 1547 2687 1592 autem
2733 1549 2789 1592 et
2829 1538 3076 1593 infideles
3120 1540 3229 1594 cito
3273 1542 3472 1610 captivi

1896 1636 2146 1697 pereunt.
2179 1628 2410 1697 Propter
2434 1628 2599 1697 quod,
2622 1630 2842 1698 quando
2873 1631 2939 1684 ad
2971 1632 3275 1700 prophetas
3299 1630 3470 1687 Judmi

1897 1720 2131 1788 fugiunt,
2176 1720 2515 1775 declinantes
2560 1736 2684 1774 eum
2736 1721 2827 1791 qui
2879 1733 2963 1777 est
2988 1723 3042 1776 in
3091 1723 3266 1776 doctis
3315 1722 3470 1788 viris,

1896 1811 2198 1879 Spiritalem
2235 1811 2493 1882 gladium,
2534 1812 2903 1881 pestilentiam
2941 1814 3020 1867 ait
3065 1829 3124 1869 se
3169 1815 3384 1868 mittere
3416 1813 3468 1867 in

1891 1902 2074 1958 medio
2123 1919 2336 1958 eorum.
2388 1903 2507 1958 Illic
2563 1905 2708 1959 enim
2739 1906 3068 1970 moriuntur,
3125 1905 3290 1959 etiam
3323 1905 3472 1958 nullo

1886 2003 2170 2065 arguente,
2198 2009 2309 2049 non
2330 1996 2571 2050 valentes
2594 1997 2809 2051 cunctis
2835 1995 2903 2051 de
2925 1996 3146 2052 Christo
3169 1995 3472 2066 prophetiis

1887 2084 1967 2139 sic
1986 2085 2189 2155 apertis
2219 2101 2542 2156 repugnare.

1958 2196 2026 2251 Et
2094 2197 2381 2250 trademini
2430 2199 2654 2251 hostium
2707 2200 2951 2254 manibus
2998 2201 3135 2270 ejus.
3205 2198 3471 2256 Videlicet

1887 2285 2328 2356 intelligibilium.
2361 2286 2652 2356 Postquam
2687 2290 2999 2358 confregero
3027 2289 3272 2343 baculum
3315 2291 3471 2359 panis

1885 2379 2062 2432 vestri.
2115 2376 2364 2432 Rarescit
2435 2379 2584 2433 enim
2637 2378 2781 2448 apud
2817 2393 2912 2434 eos
2957 2380 3248 2436 doctoralis
3293 2381 3468 2451 panis,

1886 2471 2125 2525 maxime
2176 2470 2432 2524 salutaris
2502 2489 2515 2525 :
2563 2470 2839 2539 quomodo
2896 2470 3296 2527 autem‘lAudi
3343 2488 3467 2542 qua

1886 2570 2191 2632 sequuntur
2233 2561 2361 2616 :Ita
2401 2571 2458 2614 ut
2505 2562 2683 2615 decem
2735 2562 2980 2616 mulieres
3008 2564 3074 2616 in
3115 2580 3221 2616 uno
3262 2564 3470 2618 clibano

1885 2662 2113 2724 coquant
2130 2669 2311 2721 panes,
2337 2661 2386 2705 et
2414 2653 2634 2705 reddant
2651 2668 2736 2706 eos
2760 2654 2829 2706 ad
2851 2655 3074 2721 pondus,
3099 2663 3148 2708 et
3166 2655 3468 2719 comedetis,

1885 2756 1936 2798 et
1976 2762 2080 2798 non
2104 2745 2501 2799 saturabimini.
2543 2743 2687 2797 Nihil
2724 2743 2928 2798 habent
2969 2743 3167 2812 Judaei,
3197 2747 3341 2815 quod
3374 2747 3473 2802 do-

1886 2837 2120 2892 ctrinam
2177 2837 2322 2891 vires
2369 2835 2581 2890 habere
2647 2835 2927 2890 nutriendi
2980 2837 3164 2900 faciat,
3226 2839 3472 2907 exceptis

1885 2929 2075 2983 decem
2115 2926 2424 2997 prazceptis,
2472 2926 2599 2996 quia
2629 2941 2815 2982 veram
2863 2928 3256 2998 prophetarum
3298 2944 3473 2999 expo-

1887 3021 2166 3085 sitionem,
2210 3028 2399 3087 utpote
2437 3020 2865 3074 concordantem
2928 3019 3227 3075 Salvator-is
3294 3020 3506 3098 nostri

1888 3112 2282 3180 dispensationi
2328 3110 2569 3180 fugiunt.
2621 3110 2850 3180 Reliqua
2890 3121 3072 3166 autem
3101 3112 3238 3183 legis
3279 3113 3468 3170 nolunt

1812 3229 1855 3286 ο
1890 3203 2303 3273 intelligibiliter
2330 3203 2604 3271 accipere,
2631 3217 2736 3256 nec
2769 3201 3126 3271 spiritualiter
3156 3205 3472 3274 suscipere:

1890 3295 1982 3350 sed
2007 3295 2306 3348 secundum
2332 3294 2563 3347 litteram
2584 3294 2776 3361 solam,
2802 3295 2945 3363 quod
2968 3305 3110 3350 stare
3134 3312 3242 3349 non
3272 3303 3468 3364 potest.

1889 3388 2148 3449 Primum,
2206 3386 2332 3456 quia
2376 3387 2530 3440 locus
2581 3386 2895 3440 destructus
2948 3397 3053 3453 est,
3095 3389 3150 3440 in
3181 3402 3289 3456 quo
3314 3395 3475 3442 erant

1885 3476 2167 3542 sacriﬁcia,
2200 3489 2254 3530 ct
2282 3477 2682 3543 mundationes,
2713 3487 2769 3532 et
2797 3478 3127 3544 oblationes,
3152 3489 3210 3533 et
3237 3479 3469 3547 reliqua,

1885 3583 2005 3636 quae
2025 3567 2299 3636 pertinent
2323 3567 2389 3620 ad
2414 3568 2732 3622 servitutem
2757 3568 2977 3633 litteras,
3004 3568 3208 3622 deinde
3233 3569 3400 3623 multa
3419 3569 3474 3623 in

1885 3658 1966 3712 eis
1999 3666 2175 3720 erant,
2211 3671 2324 3710 non
2377 3666 2485 3710 tam
2529 3657 2734 3722 studio,
2775 3673 2940 3726 quam
2970 3657 3082 3711 risu
3115 3657 3299 3728 digna,
3330 3659 3474 3712 sicut

1887 3763 1972 3810 ea,
2005 3763 2126 3816 quae
2155 3757 2287 3802 sunt
2319 3747 2386 3801 de
2412 3748 2565 3816 lepra
2597 3748 2891 3817 parietum,
2929 3749 3185 3814 trabium,
3215 3748 3471 3812 vestium,

1893 3851 2006 3891 non
2032 3851 2188 3890 arare
2216 3852 2341 3889 cum
2377 3836 2518 3890 bove
2555 3845 2611 3890 et
2638 3836 2889 3901 asino,et
2923 3837 3143 3901 similia,
3176 3852 3300 3906 quae
3329 3837 3475 3906 lega-

1887 3929 2029 3984 libus
2061 3928 2444 3982 traditionibus
2477 3929 2852 3983 continentur.
2889 3929 3086 3984 Decem
3110 3936 3293 3984 autem
3316 3943 3474 3984 man-

1887 4018 2136 4072 datorum
2179 4017 2358 4071 littera
2395 4017 2540 4071 clara
2585 4025 2689 4079 est.
2737 4017 2898 4088 digna
2943 4017 3012 4074 ad
3051 4019 3473 4074 custodiendum

1888 4119 2049 4178 atque
2079 4109 2439 4178 operandum.
2469 4107 2580 4163 Nec
2606 4109 2940 4164 contrarium
2965 4119 3054 4164 est
3068 4108 3292 4164 Sabhati
3317 4124 3478 4164 man-

1888 4203 2101 4266 datum,
2144 4201 2273 4270 quia
2334 4202 2439 4255 etsi
2490 4201 2682 4255 decem
2727 4201 2998 4256 mandatis
3056 4201 3322 4257 insertum
3363 4207 3474 4266 est,

1887 4309 1998 4346 nun
2047 4302 2228 4346 tamen
2268 4307 2336 4346 ex
2365 4291 2447 4346 eis
2485 4299 2589 4347 est.
2630 4288 2688 4345 Si
2721 4305 2852 4361 ergo
2888 4290 3203 4345 mandatum
3232 4289 3475 4360 speciale

1893 4399 2158 4452 ponamus
2189 4402 2201 4437 :

1965 4495 2074 4564 Ego
2103 4510 2220 4548 sum
2256 4493 2506 4547 Dominus
2541 4493 2681 4546 heus
2702 4502 2845 4559 tuus,
2867 4493 2957 4564 qui
2977 4491 3137 4546 eduxi
3164 4500 3213 4544 te
3239 4491 3304 4544 de
3327 4499 3471 4544 terra

1814 4579 1855 4632 ι)
1884 4583 2122 4654 £gypti,
2151 4587 2215 4637 de
2238 4586 2393 4636 domo
2425 4584 2694 4637 servitutis
2718 4623 2734 4648 ,
2769 4582 3070 4651 perfectmn
3093 4581 3281 4634 decem
3311 4595 3470 4633 man-

1898 4679 2148 4731 datorum
2206 4691 2497 4730 nmnerum
2579 4676 2938 4729 inveniemus.
3017 4672 3226 4726 Dehinc
3282 4680 3471 4739 aperte

1889 4769 2133 4837 requiem
2158 4767 2547 4837 intelligibilem
2566 4766 2860 4836 signiﬁcat,
2887 4766 3066 4833 inqua
3089 4763 3301 4816 nullum
3331 4777 3473 4831 opus

1891 4861 2056 4928 hujus
2078 4858 2262 4913 mundi
2288 4859 2415 4912 licet
2447 4873 2546 4911 nos
2597 4873 2779 4928 agere.
2810 4856 2936 4911 Haec
2962 4871 3092 4925 ergo
3121 4855 3234 4908 sola
3267 4869 3465 4922 panem

1891 4958 2189 5022 operantur
2225 4949 2428 5018 populo
2455 4948 2789 5014 Judaeorum,
2827 4947 2881 5000 in
2918 4947 3135 5000 clibano
3168 4961 3280 5000 uno
3311 4945 3467 5012 legali

1893 5041 2170 5101 videlicet,
2222 5047 2277 5093 et
2325 5039 2565 5093 reddunt
2614 5055 2710 5094 eos
2752 5039 2822 5092 ad
2863 5038 3079 5107 pondus
3129 5035 3470 5105 supradicto:

1895 5149 2087 5206 panes,
2129 5131 2182 5186 id
2214 5140 2320 5198 est,
2369 5133 2435 5186 ad
2470 5131 2782 5185 sensibilem
2818 5128 3236 5183 districtioncm.
3277 5126 3469 5194 Neque

1895 5241 2025 5298 ergo
2066 5225 2296 5280 dilatant
2333 5224 2636 5279 doctrinam
2680 5221 2822 5276 sicut
2866 5218 3240 5289 Evangelium,
3285 5232 3466 5286 neque

1894 5318 2151 5374 adulterii
2201 5317 2506 5370 doctrinam
2557 5312 2855 5368 ostendunt
2887 5311 2952 5365 ad
3003 5310 3332 5370 custodiam,
3367 5323 3469 5362 nec

1893 5410 2215 5482 respiciendi
2260 5409 2564 5471 mulierem,
2599 5421 2703 5460 nec
2738 5403 3036 5463 homicidii,
3081 5417 3188 5456 nec
3230 5401 3297 5454 ad
3332 5401 3467 5452 iras-

1893 5505 2150 5561 cendum.
2184 5502 2338 5556 Unde
2394 5514 2497 5554 nec
2525 5500 2795 5553 satiantur
2835 5495 3154 5550 Juda'orum
3214 5491 3464 5561 panibus,

1884 5595 1975 5667 qui
1998 5610 2066 5650 ex
2091 5594 2171 5648 eis
2191 5600 2318 5647 sunt
2337 5591 2553 5655 nutriti,
2575 5599 2778 5644 arctam
2818 5585 3108 5657 quamdam
3133 5582 3464 5644 doctrinam,
