4158 6450
649 316 654 321 ’
715 317 844 394 1151

1891 322 2250 385 HESYCHII
2287 321 2756 382 PRESBYTERI

3823 318 3968 384 1152

711 448 747 486 n
776 434 958 502 liilque
985 433 1280 488 habentem
1308 433 1590 499 ubertatis,
1628 433 1993 504 spiritalisque
2014 435 2283 505 largitatis
2315 439 2359 494 Α
2387 440 2545 486 erant
2576 431 2923 501 captivitates
2958 433 3191 502 experti,
3224 433 3504 504 multaque
3536 434 3739 502 flagella
3765 446 3965 503 pertu—

708 532 1005 579 sumentes.

781 612 942 667 Vens.
976 617 1167 670 27-45.
1210 636 1228 668 ‹
1267 617 1360 671 Sin
1393 628 1572 670 autem
1599 633 1700 672 nec
1731 635 1825 688 per
1851 620 1964 673 haec
1997 618 2279 673 audieritis

710 719 820 768 me,
866 706 959 760 sed
1009 709 1416 763 ambulaveritis
1445 719 1634 764 contra
1672 726 1780 774 me,
1810 721 1988 781 etego
2030 711 2278 765 incedam

711 796 1000 851 adversum
1024 815 1118 853 vos
1137 801 1187 852 in
1217 800 1398 854 furore
1434 817 1555 855 meo
1579 803 1868 866 contrario,
1909 811 1964 857 et
1990 804 2278 872 corripiam

709 903 807 942 vos
836 900 1041 959 septem
1105 892 1276 960 plagis
1327 902 1549 964 propter
1589 903 1806 962 peccata
1863 905 2063 957 vestra,
2128 897 2281 949 itaut

710 982 1005 1036 comedatis
1044 1000 1260 1038 carnem
1315 985 1545 1040 filiorum
1584 995 1906 1049 vestrorum,
1951 997 2004 1040 et
2049 988 2278 1040 filiarum

712 1081 1033 1128 vestrarum.
1079 1077 1361 1131 Destruam
1418 1077 1630 1132 excelsa
1671 1087 1845 1131 vestra
1889 1087 1944 1131 et
1991 1080 2279 1132 simulacra

712 1165 1065 1235 ronfringam.
1106 1169 1322 1224 Cadetis
1357 1170 1498 1224 inter
1539 1170 1719 1223 ruinas
1763 1171 2028 1224 idolorum
2075 1183 2280 1225 vestro-

713 1270 852 1320 rum,
899 1265 954 1310 et
992 1259 1392 1314 abominabitur
1423 1277 1520 1314 vos
1561 1261 1740 1313 anima
1774 1276 1913 1322 mea,
1960 1262 2013 1314 in
2047 1270 2277 1324 tantum,

714 1354 772 1398 ut
805 1348 965 1401 urbes
997 1359 1202 1403 vestras
1231 1352 1465 1418 redigam
1498 1352 1549 1404 in
1580 1351 1948 1414 solitudinem,
1985 1362 2038 1406 et
2064 1352 2278 1406 deserta

713 1435 904 1490 faciam
959 1442 1266 1494 sanctuaria
1326 1451 1527 1503 vestra,
1586 1458 1687 1495 nec
1736 1443 1992 1510 recipiam
2059 1443 2279 1497 odorem

714 1525 851 1578 ultra
891 1527 1292 1590 suavissimum,
1332 1530 1744 1597 dlspcrdamquc
1777 1540 1970 1584 terram
2021 1543 2278 1596 vestram,

713 1627 767 1669 ct
797 1619 1090 1685 stupebunt
1118 1635 1280 1687 super
1304 1635 1424 1673 eam
1456 1621 1657 1674 inimici
1691 1622 1878 1686 vestri,
1911 1637 2032 1676 cum
2073 1625 2281 1679 habita-

715 1719 857 1762 tores
883 1709 1024 1762 illius
1055 1710 1273 1764 fuerint.
1298 1711 1402 1766 Vos
1431 1723 1612 1766 autem
1641 1713 1941 1782 dispergam
1974 1715 2026 1767 in
2062 1726 2277 1785 gentes,

711 1807 767 1850 ct
794 1799 1088 1868 evaginaba
1110 1808 1233 1868 post
1267 1816 1360 1854 vos
1383 1801 1642 1870 gladium,
1681 1805 1892 1870 eritque
1921 1811 2061 1858 terra
2099 1816 2278 1861 vestra

713 1888 946 1944 deserta.
992 1900 1046 1941 ct
1091 1888 1335 1942 civitates
1371 1891 1582 1944 dirutae.
1619 1892 1770 1945 Tunc
1803 1894 2090 1962 placebunt
2126 1905 2281 1952 terra}

715 1978 936 2030 sabbata
970 1994 1064 2031 sua
1093 1981 1304 2034 cunctis
1328 1981 1520 2035 diebus
1541 1983 1850 2036 solitudinis
1901 2000 2030 2050 sum,
2063 1987 2280 2055 quando

714 2069 923 2121 fueritis
964 2069 1016 2121 in
1055 2079 1196 2123 terra
1244 2071 1448 2125 hostili.
1498 2071 1863 2128 Sabbatizabit
1891 2085 1944 2128 ct
1978 2078 2282 2145 requiescet

714 2161 768 2211 in
802 2161 1036 2214 sabbatis
1063 2161 1374 2216 solitudinis
1404 2179 1534 2226 suze,
1568 2180 1634 2217 eo
1655 2168 1796 2233 quod
1823 2183 1928 2220 non
1957 2169 2283 2236 requieverit

718 2248 974 2304 Sabhatis
1024 2254 1236 2319 vestris,
1274 2254 1492 2323 quando
1533 2255 1844 2310 habitabilis
1897 2259 1950 2310 in
1981 2275 2063 2312 ea.
2098 2259 2159 2312 Et
2190 2261 2279 2327 qni

711 2341 779 2394 de
834 2342 985 2395 vobis
1019 2343 1400 2407 remanserint,
1451 2345 1591 2398 dabo
1633 2361 1888 2413 pavorem
1940 2347 1992 2400 in
2029 2349 2283 2402 cordibus

712 2448 900 2485 eorum
936 2451 948 2484 :
983 2433 1035 2486 in
1086 2434 1397 2502 regionibus
1430 2434 1668 2488 hostium
1695 2436 1922 2489 terrebit
1955 2453 2048 2490 vos
2075 2439 2284 2490 sonitus

714 2521 825 2573 folii
859 2521 1110 2585 volantis,
1140 2533 1194 2574 et
1223 2523 1293 2574 ita
1323 2523 1533 2592 fugient
1584 2527 1738 2592 quasi
1784 2525 2038 2593 gladium.
2079 2526 2284 2580 Cadent

714 2611 864 2664 nullo
906 2624 1191 2680 sequente,
1238 2622 1292 2666 et
1325 2624 1582 2667 cor-ruent
1626 2615 1820 2682 singuli
1865 2631 2028 2685 super
2068 2617 2280 2681 fratres,

712 2702 864 2769 quasi
886 2703 1018 2755 bella
1047 2703 1519 2771 fugientes.Ncmo
1549 2715 1787 2758 vestrum
1810 2706 2043 2761 inimicis
2066 2708 2286 2761 audebit

714 2795 985 2848 resistere.
1026 2796 1276 2851 Peribitis
1307 2798 1447 2849 inter
1463 2807 1670 2867 gentes,
1706 2809 1757 2852 et
1785 2801 1997 2853 hostilis
2015 2816 2108 2854 vos
2137 2810 2280 2854 terra

715 2897 1018 2941 consumet.
1074 2887 1227 2952 Quod
1282 2890 1323 2942 si
1354 2899 1406 2942 et
1448 2889 1629 2944 dehis
1677 2892 1842 2959 aliqui
1899 2893 2279 2958 remanserint,

717 2978 994 3032 tabescent
1031 2979 1083 3030 in
1115 2979 1489 3047 iniquitatibus
1520 2982 1652 3046 suis,
1683 2981 1734 3034 in
1768 2991 1905 3035 terra
1935 2982 2277 3036 inimicorum

2383 523 2579 588 lerant,
2623 523 2717 577 sed
2757 539 2818 577 ea
2847 538 2966 592 quae
3003 540 3149 578 nunc
3189 541 3286 595 per
3321 536 3505 595 partes
3533 526 3683 588 dicit,
3710 526 3776 579 ad
3802 526 3959 579 illam

2381 615 2744 683 captivitatem
2791 617 3085 684 pertinent,
3130 633 3250 687 qua:
3289 629 3512 688 propter
3533 619 3875 686 iniquitatem
3903 620 3964 671 in

2379 704 2596 759 Christo
2627 707 2995 771 commissam,
3028 723 3056 760 a
3090 707 3348 762 Romanis
3383 709 3840 780 depopulantibus
3876 710 3966 763 eis

2380 799 2628 868 contigit.
2653 799 2950 869 Cognoscis
2975 809 3177 864 autem,
3211 803 3253 855 si
3279 802 3532 856 subtilius
3557 817 3717 856 nosse
3757 803 3844 855 vis
3869 818 3959 860 ea.

2379 903 2500 956 quae
2537 888 2616 942 eis
2645 898 2966 952 evenerunt,
3010 905 3074 943 ex
3102 889 3322 959 Josephi
3370 891 3612 952 historia,
3645 891 3698 942 in
3727 906 3834 960 qua
3861 905 3965 943 eos

2380 989 2434 1032 et
2463 980 2602 1034 filios
2644 981 2968 1045 comedisse,
3011 990 3064 1034 et
3092 981 3296 1049 reliqua
3330 983 3680 1050 praesentium
3723 982 3964 1035 commi-

2383 1070 2668 1122 nationum
2719 1070 3045 1124 sustinuisse
3096 1071 3408 1140 descripsit,
3437 1086 3679 1141 quorum
3723 1073 3961 1140 plurima

2380 1162 2542 1212 etiam
2577 1176 2724 1214 nunc
2765 1161 2966 1215 nostris
2995 1162 3060 1216 ad
3086 1163 3419 1216 cernendum
3449 1164 3695 1230 adjacent
3727 1163 3958 1216 visibus.

2383 1251 2602 1304 Deserta
2625 1266 2811 1304 eorum
2839 1260 3001 1315 terra,
3053 1251 3303 1305 civitates
3350 1252 3671 1320 deprmdau:
3693 1252 3761 1304 ab
3790 1253 3965 1305 hosti-

2382 1341 2502 1406 bus,
2543 1341 2781 1396 desolata
2813 1341 3088 1410 provincia
3118 1343 3331 1410 ipsique
3373 1342 3786 1413 peregrinantes
3814 1343 3961 1411 apud

2384 1431 2630 1485 inimicos
2652 1445 2779 1484 suos
2803 1432 3050 1500 gentiles,
3081 1447 3205 1484 cum
3237 1441 3382 1484 metu
3417 1431 3699 1485 continuo.
3732 1431 3964 1484 Verum-

2385 1532 2564 1576 tamen
2609 1523 3063 1591 quemadmodum
3119 1537 3229 1575 non
3283 1523 3457 1576 solum
3501 1522 3602 1576 hoc
3650 1525 3961 1576 secundum

2383 1617 2614 1671 litteram
2639 1617 2878 1686 perpessi
2897 1624 3046 1676 sunt,
3067 1615 3158 1668 sed
3181 1615 3247 1668 ad
3277 1616 3446 1682 ipsam
3466 1615 3962 1669 considerationem

2383 1708 2624 1776 spiritus,
2666 1708 2953 1776 dupliciter
2993 1707 3138 1760 enim
3189 1715 3496 1774 peccantes,
3531 1707 3583 1759 in
3611 1705 3742 1775 legis
3783 1715 3962 1760 trans-

2383 1798 2678 1866 gressione,
2730 1807 2784 1852 et
2827 1797 3147 1867 legislatoris
3209 1797 3566 1864 blasphemia,
3620 1796 3872 1864 duplices
3912 1808 3963 1850 et

2381 1905 2571 1958 pinnas
2606 1897 2754 1944 recte
2787 1889 3085 1957 patiuntur,
3117 1887 3259 1956 quod
3290 1889 3393 1941 hoc
3424 1888 3584 1942 modo
3614 1889 3787 1941 disce.
3834 1893 3962 1940 Am-

2382 1981 2706 2035 bulaveruut
2755 1995 2876 2033 cum
2923 1980 3162 2043 Christo,
3198 1994 3263 2031 ex
3312 1979 3539 2032 adverso
3579 1979 3964 2032 subvertentes

2382 2071 2638 2124 miracula
2696 2071 2835 2139 ejus,
2869 2079 2923 2122 et
2979 2069 3046 2123 de
3095 2069 3340 2122 doctrina
3397 2069 3521 2134 ejus
3565 2068 3959 2122 detrahentes:

2382 2179 2506 2216 cum
2548 2179 2644 2231 per
2686 2162 2947 2215 invidiam
3009 2161 3420 2222 insidiarentur,
3488 2171 3741 2228 tanquam
3773 2168 3961 2213 contra

2387 2252 2550 2302 lieum
2597 2257 2846 2318 agentern
2891 2248 3060 2302 divini
3109 2248 3311 2301 amoris
3357 2246 3641 2301 Doctorem
3698 2247 3964 2301 fallaciter

2382 2341 2716 2394 asserebant.
2763 2340 2868 2393 Sed
2909 2349 2962 2394 et
2997 2340 3112 2408 ipse
3157 2341 3209 2392 in
3251 2340 3330 2392 ira
3375 2340 3455 2393 eis
3485 2354 3550 2393 ex
3595 2341 3830 2394 adverso
3862 2341 3963 2393 hoc

2385 2429 2544 2481 modo
2575 2445 2707 2484 usus
2758 2439 2842 2484 est
2883 2450 2894 2483 :
2931 2432 3054 2499 quia
3085 2431 3234 2483 enim
3262 2431 3528 2498 judicium
3562 2430 3686 2493 fuit,
3713 2442 3769 2484 et
3805 2446 3962 2500 poma

2385 2521 2687 2574 commissae
2724 2521 2777 2573 in
2805 2536 2872 2574 eo
2903 2522 3202 2590 iniquitatis
3241 2522 3551 2590 captivitas,
3582 2538 3747 2590 quam
3800 2524 3962 2575 susti-

2385 2620 2624 2664 nuerunt
2663 2627 2675 2661 :
2715 2627 2874 2679 quam
2919 2627 3028 2664 non
3058 2619 3235 2665 tamen
3287 2622 3505 2680 propter
3551 2611 3654 2664 hoc
3689 2610 3966 2664 Romanos

2387 2700 2586 2754 inferre
2609 2700 2754 2765 fecit,
2778 2702 3010 2755 necdum
3030 2704 3176 2756 enim
3196 2703 3316 2770 ejus
3334 2703 3682 2756 vindicabant
3697 2704 3926 2773 gloriam
3950 2723 3963 2758 :

2386 2793 2479 2846 scd
2510 2791 2783 2860 quomodo
2811 2792 2900 2860 qui
2928 2808 3117 2846 eorum
3163 2793 3392 2862 imperio
3443 2793 3794 2858 resistebant,
3837 2810 3962 2848 cum

2386 2885 2595 2953 pridem
2616 2885 2902 2937 collatores
2918 2900 3104 2938 eorum
3127 2884 3380 2949 fuissent,
3402 2885 3725 2954 tributisque
3749 2901 3963 2949 eorum,

2387 2985 2442 3029 et
2499 2974 2728 3044 legibus,
2791 2985 2952 3043 atque
3006 2975 3410 3045 magistratibus
3453 2976 3820 3030 obedientes:
3873 2979 3967 3030 sed

715 3083 956 3127 suorum.
990 3078 1046 3123 et
1087 3079 1305 3138 propter
1335 3080 1551 3138 peccata
1584 3081 1796 3141 patrum
1845 3088 2066 3126 suorum
2113 3085 2283 3127 etsua
2313 3080 2355 3137 ο
2387 3068 2625 3122 furorem
2663 3081 2729 3121 ex
2767 3067 2996 3121 adverso
3040 3082 3301 3122 exercens
3343 3068 3606 3122 adversus
3651 3084 3749 3122 eos
3799 3069 3964 3128 Deus.

716 3158 1037 3229 allligeutur,
1082 3159 1256 3215 donec
1298 3162 1659 3216 confiteantur
1697 3163 2010 3232 iniquitates
2054 3179 2200 3229 suas,
2228 3175 2284 3219 et

717 3251 981 3318 majorum
1026 3265 1270 3315 suorum,
1320 3254 1520 3321 quibus
1561 3255 1895 3322 praevaricati
1946 3263 2073 3310 sunt
2117 3256 2282 3309 inme

717 3350 774 3392 et
803 3341 1215 3396 ambulaverunt
1243 3358 1310 3395 ex
1349 3341 1576 3396 adverso
1601 3343 1756 3396 mihi.
1790 3343 2092 3398 Ambulabo
2123 3345 2287 3414 igitur

718 3438 773 3482 et
791 3445 890 3500 ego
903 3439 1085 3484 contra
1101 3446 1217 3496 eos,
1234 3442 1285 3484 et
1302 3431 1552 3486 inducam
1578 3431 1695 3486 illos
1712 3433 1764 3485 in
1790 3442 1988 3487 terram
2013 3435 2282 3499 hostilem,

719 3520 893 3574 donec
939 3522 1221 3577 erubescat
1266 3523 1644 3577 incircumcisa
1690 3539 1844 3578 mens
1888 3540 2096 3579 eorum.
2135 3527 2288 3580 Tunc

720 3611 950 3664 ovabunt
994 3627 1092 3681 pro
1133 3613 1502 3682 impietatibus
1547 3614 1678 3675 suis,
1727 3623 1782 3668 et
1818 3617 2145 3669 recordabar
2192 3618 2287 3671 fu:-

723 3701 866 3754 deris
923 3703 1051 3762 mei.
1105 3703 1248 3771 quod
1300 3703 1474 3773 pepigi
1505 3719 1626 3757 cum
1675 3703 1860 3768 Jacob,
1916 3714 1970 3760 et
2022 3707 2187 3770 Isaac,
2235 3718 2288 3762 et

725 3791 994 3844 Abraham
1035 3808 1048 3843 :
1100 3801 1254 3845 terra:
1303 3808 1518 3862 quoque
1575 3811 1785 3848 memor
1825 3813 1942 3860 ero,
1998 3813 2118 3866 qua:
2164 3814 2285 3852 cum

724 3881 907 3934 relicta
957 3882 1119 3937 fuerit
1163 3884 1230 3938 ab
1262 3886 1362 3948 eis,
1395 3887 1752 3954 complacebit
1802 3889 1903 3942 sibi
1955 3889 2006 3940 in
2049 3890 2289 3943 sabbatis

724 3971 856 4032 suis,
908 3974 1122 4040 patiens
1163 3975 1510 4029 solitudinem
1551 3985 1773 4046 propter
1808 3978 1946 4033 illos.
1994 3978 2097 4047 Ipsi
2157 3996 2288 4033 vero

724 4064 988 4134 rogabunt
1033 4080 1131 4132 pro
1177 4067 1412 4134 peccatis
1461 4068 1593 4131 suis,
1643 4083 1709 4121 eo
1760 4069 1904 4137 quod
1965 4070 2280 4139 ahjecerant

722 4153 921 4220 judicia
971 4169 1110 4217 mea,
1152 4164 1205 4207 et
1241 4155 1386 4223 leges
1415 4172 1563 4210 meas
1597 4157 1983 4226 despexerunt.
2032 4163 2283 4214 Attamen

727 4259 849 4297 cum
896 4253 1079 4298 essent
1121 4245 1173 4298 in
1203 4255 1345 4300 terra
1393 4247 1596 4311 hostili,
1616 4265 1720 4303 non
1750 4250 1966 4319 penitus
1995 4251 2166 4319 ahjeci
2197 4268 2290 4307 eos

727 4347 907 4401 neque
942 4333 1019 4386 sic
1056 4334 1294 4403 despexi,
1339 4347 1399 4390 ut
1440 4350 1914 4404 consumerentur,
1971 4351 2025 4394 et
2073 4342 2287 4396 irritum

2387 3156 2766 3228 superinduxit
2807 3167 2997 3212 contra
3038 3173 3134 3212 eos
3179 3159 3335 3224 iram,
3361 3168 3421 3212 ut
3457 3159 3830 3220 vindicaretur
3874 3176 3971 3228 per

2387 3248 2753 3303 Romanorum
2775 3248 3082 3317 imperium,
3105 3259 3360 3319 tanquam
3385 3250 3558 3319 ipsius
3577 3249 3973 3318 praedicatores

2387 3339 2742 3403 exstitissent,
2761 3348 2815 3393 et
2832 3339 3096 3408 corripuit
3113 3355 3208 3396 eos
3227 3348 3436 3410 septem
3458 3340 3647 3410 plagis,
3666 3339 3970 3393 secundum

2387 3440 2608 3499 peccata
2645 3447 2854 3494 eorum,
2888 3432 3257 3502 multiplicans
3285 3447 3475 3486 eorum
3508 3448 3720 3501 pcenas.
3755 3432 3822 3484 Et
3859 3446 3970 3484 non

2389 3537 2498 3576 uno
2525 3522 2685 3576 modo
2703 3523 3016 3587 vindicavit,
3051 3524 3175 3593 quia
3199 3539 3300 3579 nec
3326 3524 3428 3593 ipsi
3471 3538 3581 3576 uno
3606 3530 3974 3591 peccaverunt

2390 3613 2550 3668 modo
2585 3632 2596 3666 :
2632 3613 2726 3667 sed
2760 3621 2815 3667 et
2848 3629 3042 3668 carnes
3089 3614 3320 3668 filiorum
3364 3629 3586 3667 suorum
3639 3621 3695 3666 et
3732 3612 3970 3665 ﬁliarum

2389 3684 2609 3758 suarum
2665 3704 2971 3782 comedent,
3023 3705 3075 3758 id
3120 3713 3226 3769 est,
3283 3705 3579 3774 discipulos
3635 3720 3784 3779 suos.
3835 3721 3973 3772 quos

2389 3796 2543 3864 quasi
2581 3797 2633 3849 in
2670 3796 2809 3850 filios
2839 3798 2937 3851 sibi
2969 3803 3276 3861 assumunt,
3302 3797 3367 3851 ad
3394 3798 3640 3851 eamdem
3665 3796 3974 3850 doctrinam

2393 3889 2568 3942 verbis
2613 3889 2842 3953 callidis,
2888 3889 3236 3957 animamque
3283 3890 3733 3943 subvertentibus
3789 3905 3976 3943 come-

2391 3981 2602 4033 dentes.
2641 3979 2746 4033 Sed
2797 3989 2849 4034 et
2881 3981 3096 4034 excelsa
3131 3995 3322 4034 eorum
3357 3981 3426 4034 ad
3455 3981 3734 4034 desertum
3765 3981 3974 4049 perdu-

2392 4069 2488 4132 xit,
2532 4077 2588 4122 et
2622 4069 2912 4123 simulacra
2949 4069 3243 4138 confregit.
3289 4069 3508 4124 Excelsa
3547 4068 3751 4139 quippe
3783 4085 3976 4123 eorum

2393 4159 2668 4229 principes
2709 4168 2764 4214 et
2806 4160 3077 4226 doctores,
3120 4175 3258 4228 quos
3306 4160 3676 4223 intendentes.
3725 4161 3876 4215 sicut
3925 4162 3976 4213 in

2394 4250 2612 4304 sublimi
2645 4251 2992 4315 constitutos,
3025 4251 3107 4304 vel
3139 4251 3280 4305 sicut
3324 4249 3491 4314 LXX,
3521 4261 3757 4316 statuas,
3805 4253 3977 4306 vitam

2394 4357 2546 4396 suam
2583 4357 2912 4411 componere
2959 4342 3285 4396 debuerunt.
3331 4341 3438 4396 Sed
3465 4343 3590 4411 quia
3634 4343 3769 4395 nihil
3806 4343 3978 4396 babe-

729 4420 962 4474 facerem
1009 4430 1222 4490 pactum
1281 4440 1461 4479 meum
1507 4441 1631 4481 eum
1685 4428 1783 4482 eis.
1820 4428 1930 4498 Ego
1959 4431 2104 4484 enim
2164 4447 2283 4485 sum
2329 4405 2368 4458 θ
2397 4431 2529 4484 bant
2567 4445 2782 4494 sanum,
2836 4445 3013 4499 neque
3053 4429 3212 4493 forte,
3268 4429 3361 4485 sed
3416 4430 3628 4484 infirma
3682 4432 3900 4495 omnia,
3927 4442 3980 4485 et

732 4513 990 4566 Dominus
1028 4513 1170 4568 Deus
1212 4530 1422 4581 eorum,
1462 4527 1518 4572 et
1553 4518 1877 4572 recordabar
1911 4518 2131 4574 foederis
2178 4522 2287 4574 mei

730 4603 962 4672 pristini,
1006 4606 1261 4672 quoniam
1307 4607 1468 4663 eduxi
1507 4624 1602 4662 eos
1651 4608 1718 4662 de
1778 4618 1920 4663 terra
1964 4610 2204 4680 Aigypti.
2237 4613 2289 4664 in

730 4705 1026 4763 conspectu
1074 4696 1334 4764 gentium,
1386 4707 1445 4752 ut
1494 4713 1670 4752 essem
1722 4695 1865 4754 Deus
1907 4714 2114 4755 eorum.
2184 4702 2293 4773 Ego

733 4785 993 4839 Dominus
1020 4784 1183 4840 Deus.
1230 4804 1249 4838 ι

801 4877 938 4940 Quia
981 4892 1088 4931 non
1127 4878 1300 4932 solum
1341 4879 1611 4949 legislator
1651 4880 1878 4952 Moyses,
1910 4885 2003 4938 sed
2041 4885 2204 4939 etiam
2243 4895 2297 4940 et

733 4967 995 5036 propheta
1031 4976 1166 5032 erat,
1212 4970 1326 5037 ipse
1363 4971 1772 5035 demonstravit,
1805 4974 1872 5028 de
1919 4974 2138 5030 Christo
2169 4992 2297 5046 spe-

733 5058 943 5112 cialiter
995 5059 1326 5127 prophetans
1387 5061 1471 5116 his
1525 5064 1707 5117 verbis
1739 5081 1760 5120 :
1796 5065 2112 5133 Prophetam
2159 5069 2298 5121 vobis

733 5149 1000 5202 suscitabis
1047 5149 1301 5202 Dominus
1343 5152 1404 5204 de
1442 5154 1692 5222 fratribus
1735 5158 1938 5217 uestris,
1983 5159 2118 5211 sicut
2144 5175 2223 5212 me
2255 5161 2292 5213 '.

733 5237 879 5291 Bene
920 5248 1096 5292 autem
1140 5240 1241 5294 sibi
1286 5239 1484 5296 Christi
1530 5243 1937 5300 similitudinem
1982 5249 2299 5311 custodivit,

733 5329 825 5398 qui
849 5339 1045 5398 praeter
1073 5331 1197 5393 alia,
1232 5331 1284 5384 in
1310 5333 1508 5400 quibus
1536 5335 1950 5391 similitudinem
1997 5339 2118 5406 ejus
2145 5355 2301 5409 gere-

735 5420 848 5484 bat,
881 5421 1333 5487 quemadmodum
1375 5422 1635 5479 Dominus
1663 5426 1730 5479 de
1779 5427 1883 5480 fine
1924 5428 2110 5481 mundi
2143 5429 2300 5491 dixit,

736 5511 808 5565 ita
844 5519 898 5565 et
946 5511 1033 5565 hic
1056 5527 1142 5573 ea,
1165 5528 1284 5580 qua:
1322 5513 1504 5569 futura
1545 5528 1699 5572 erant
1728 5519 1926 5589 populo
1969 5520 2300 5585 Judaeorum,

735 5598 792 5655 in
827 5601 1076 5669 praesenti
1125 5602 1239 5672 lege
1275 5607 1610 5679 conscripsit.
1669 5609 1860 5667 Multas
1904 5612 2167 5681 siquidem
2219 5613 2303 5666 fu-

809 5736 826 5816 ξ
863 5733 1023 5793 Deut.
1049 5753 1204 5808 xvm,
1237 5739 1320 5794 15.

2399 4521 2767 4588 corruptibilia
2800 4520 3012 4573 virtutis
3061 4521 3359 4585 schemata,
3390 4530 3444 4575 et
3477 4519 3818 4587 imitationis,
3857 4540 3980 4592 qua:

2404 4618 2645 4677 tempore
2683 4620 3109 4677 corrumpuntur
3135 4615 3299 4676 atque
3329 4618 3675 4677 putrescunt,
3726 4612 3878 4665 unde
3931 4623 3981 4664 et

2399 4696 2540 4766 apud
2571 4694 2732 4761 LXX,
2759 4696 2930 4767 lignea
2961 4698 3265 4766 manufacta
3312 4698 3633 4752 dicebantur
3668 4719 3679 4752 :
3713 4700 3982 4754 desolavit

2398 4803 2484 4853 ea,
2523 4803 2757 4858 arguens
2805 4804 2986 4842 coram
3041 4805 3205 4843 unam
3266 4789 3599 4859 hypocrisin,
3649 4806 3773 4844 cum
3849 4792 3981 4861 ipsis

2397 4889 2578 4933 autem
2609 4887 2665 4934 et
2692 4880 3001 4949 populares,
3024 4880 3114 4950 qui
3149 4880 3230 4934 eis
3264 4879 3641 4934 intendebant.
3681 4879 3980 4952 Posuitque

2397 4971 2658 5025 cadavera
2687 4985 2874 5023 eorum
2901 4971 3043 5024 inter
3077 4972 3264 5026 ruinas
3300 4971 3567 5024 idolorum
3613 4970 3892 5039 ipsorum,
3928 4973 3976 5025 id

2397 5070 2502 5127 est,
2553 5064 2794 5116 membra
2825 5064 3033 5132 pepuli,
3070 5073 3124 5116 et
3153 5064 3396 5117 actiones
3446 5077 3790 5115 coacervans
3818 5079 3984 5132 super

2400 5152 2641 5205 actiones
2702 5151 2967 5206 idolorum
3044 5153 3308 5222 ipsorum,
3368 5150 3766 5204 Pharisaeorum
3819 5164 3982 5222 atque

2405 5241 2756 5306 Scribarum,
2797 5245 2995 5312 quibus
3039 5244 3181 5297 sicut
3233 5243 3390 5296 idolis
3446 5241 3764 5305 utebantur,
3817 5245 3980 5297 relin-

2401 5341 2632 5404 quentes
2659 5334 2848 5398 Deum,
2877 5345 2930 5387 et
2965 5335 3228 5388 idolorum
3255 5334 3662 5388 seductionibus
3687 5334 3982 5388 intenden-

2406 5434 2509 5487 tes,
2541 5435 2827 5494 propterea
2859 5425 2934 5478 ait
2963 5443 2975 5476 :

2476 5518 2874 5570 Abominabitur
2921 5533 3007 5569 vos
3039 5516 3220 5568 anima
3275 5532 3412 5569 mea.
3465 5514 3840 5583 Qttte?quam
3893 5529 3980 5583 pro

2409 5611 2566 5667 nobis
2638 5609 2838 5680 posuit,
2907 5618 2964 5662 ut
3017 5624 3114 5662 nos
3175 5608 3241 5662 de
3319 5607 3579 5661 servitute
3639 5615 3980 5675 peccatorum
