4158 6450
200 415 334 484 1153

194 630 354 689 atque
382 619 434 672 in
471 627 796 689 perpetuum
842 631 935 669 eos
974 625 1279 682 aversatur,
1323 618 1445 687 quia
1476 617 1595 686 ejus
1618 632 1775 685 opus,

194 720 457 780 quantum
485 709 549 762 ad
572 724 665 763 eos
707 707 993 779 pertinuit,
1027 708 1094 761 ad
1120 707 1334 762 irritum
1384 708 1775 777 perduxerunt,

194 817 517 856 concessum
571 818 670 871 per
741 816 859 855 eam
910 800 1115 854 donum
1174 806 1490 852 renuentes.
1551 796 1779 866 Propter

194 896 338 961 quod
376 895 540 948 urbes
585 909 773 948 eorum
799 892 1008 962 redegit
1056 890 1112 945 in
1142 890 1513 957 solitudinem,
1544 889 1781 960 fecitque

194 986 407 1039 deserta
439 985 755 1040 sanctuaria
782 1003 797 1049 ;
823 985 1033 1038 nullum
1062 985 1208 1037 enim
1248 983 1533 1038 inveniunt
1562 983 1630 1038 de
1655 999 1780 1053 pro-

196 1077 432 1145 pheticis
461 1075 615 1130 libris
650 1075 912 1135 fructum.
943 1090 1122 1145 neque
1144 1075 1381 1144 aliquam
1406 1074 1627 1129 studere
1651 1091 1778 1129 san-

195 1167 515 1221 ctimoniam
548 1168 750 1221 valent.
782 1165 893 1221 Nec
914 1167 1109 1236 recipit
1131 1166 1350 1221 odorem
1373 1166 1779 1233 suavissimum,

198 1275 299 1314 nee
340 1261 570 1330 suscipit
599 1277 788 1314 eorum
820 1260 1149 1325 orationem,
1175 1260 1551 1337 disperditque
1576 1261 1778 1314 terram

195 1364 410 1415 eorum,
445 1365 610 1405 omne
650 1358 808 1405 vetus
853 1359 1263 1413 testamentum,
1298 1366 1407 1403 non
1440 1349 1564 1419 quia
1602 1349 1779 1420 ipsum

194 1457 261 1494 ex
293 1451 406 1496 toto
451 1443 793 1512 despoliavit,
824 1444 921 1497 sed
972 1444 1077 1499 illis
1104 1444 1404 1497 desolatam
1462 1452 1518 1496 ct
1573 1443 1778 1496 invium

190 1532 346 1586 fecit.
398 1533 655 1588 Habitare
712 1544 897 1589 autem
938 1534 991 1587 in
1042 1550 1104 1589 ea
1146 1534 1273 1588 fecit
1309 1544 1517 1605 gentes,
1558 1543 1782 1604 propter

194 1625 339 1695 quod
366 1625 440 1679 ait
468 1646 480 1679 :

265 1714 556 1784 Stupebunt
582 1733 738 1785 super
775 1734 891 1770 eam
947 1718 1148 1771 inimici
1197 1718 1375 1781 vestri,
1420 1734 1537 1771 cum
1572 1718 1783 1771 habita-

195 1817 333 1862 tores
385 1809 530 1862 illius
562 1811 780 1879 fuerint.
834 1809 1035 1864 Gentes
1082 1810 1345 1879 siquidem
1386 1810 1618 1865 inimicae
1655 1820 1783 1865 sunt

195 1898 533 1965 Judzeorum,
580 1900 706 1968 quia
751 1899 823 1952 illi
898 1901 1182 1970 elegerunt
1222 1900 1535 1956 inimicitias
1580 1900 1781 1954 habere

197 2004 323 2044 cum
360 1990 491 2055 Deo,
531 1999 585 2044 et
634 2006 758 2045 cum
788 1991 894 2045 illis
936 2006 1073 2060 quos
1106 1989 1301 2046 Paulus
1324 1992 1572 2047 inimicos
1602 1992 1781 2047 crucis

193 2080 398 2136 Christi
432 2091 607 2137 vocat.
658 2082 916 2138 Habitant
985 2093 1166 2137 autem
1197 2084 1249 2137 in
1275 2083 1587 2139 Judaeorum
1616 2094 1778 2150 terra,

198 2175 254 2227 in
288 2175 459 2228 veteri
485 2185 834 2239 testamento,
867 2186 920 2230 et
957 2176 1262 2231 habitantes
1282 2185 1605 2246 stupescunt
1631 2194 1776 2244 eum,

194 2268 291 2336 qui
318 2268 371 2321 in
418 2268 535 2339 lege
564 2280 620 2323 et
651 2269 936 2339 prophetis
974 2270 1098 2325 talia
1125 2271 1337 2325 locutus
1364 2280 1467 2325 est.
1504 2270 1607 2337 Qui
1657 2273 1781 2327 vitae

194 2356 317 2413 illic'
339 2358 589 2413 fundavit
612 2361 857 2421 exordia,
895 2362 1120 2432 insuper
1146 2364 1219 2417 ait
1248 2381 1260 2415 :

275 2451 367 2506 Vos
395 2463 572 2506 autem
608 2452 907 2525 dispergam
944 2456 995 2507 in
1028 2465 1223 2524 gentes.
1253 2455 1369 2511 Non
1403 2458 1578 2510 solum
1606 2457 1781 2513 sensi-

192 2541 289 2597 bili
336 2543 436 2597 hac
482 2543 850 2613 dispersione,
906 2547 1001 2600 sed
1036 2556 1089 2601 et
1149 2548 1495 2620 intelligibili.
1530 2549 1659 2615 Qua:
1711 2552 1783 2605 sit

193 2642 377 2688 autem
411 2635 549 2702 inec,
575 2636 742 2690 disce.
773 2636 842 2690 Et
896 2640 1186 2709 evaginabo
1236 2653 1347 2708 post
1386 2658 1474 2695 vos
1520 2642 1779 2712 gladium,

195 2727 399 2796 eritque
442 2741 586 2781 terra
631 2738 804 2782 vestra
838 2733 1045 2783 deserta
1084 2741 1133 2784 et
1168 2734 1401 2787 civitates
1432 2734 1639 2788 diran.
1688 2733 1779 2788 Dei

194 2818 341 2871 enim
373 2820 619 2883 verbum,
660 2823 803 2891 quod
834 2832 916 2877 est
967 2823 1192 2892 spiritus
1240 2825 1466 2896 gladius,
1505 2827 1703 2896 ubique
1726 2828 1777 2881 iu

196 2911 450 2980 gentibus
488 2912 803 2978 decurrens,
833 2924 889 2967 et
915 2930 1133 2968 onmem
1183 2926 1385 2970 terram
1414 2918 1777 2981 circumdans,

197 3003 472 3057 consumit
531 3004 842 3060 Judteorum
902 3005 1084 3073 filios,
1137 3016 1191 3062 et
1245 3009 1509 3077 disperdit
1563 3026 1657 3064 eos
1713 3011 1780 3064 de

198 3094 407 3147 sanctis
450 3095 542 3150 Dei
580 3114 592 3149 :
629 3097 928 3151 ostendens
953 3098 1096 3165 quod
1123 3098 1322 3152 nullam
1351 3114 1476 3153 cum
1518 3100 1597 3154 eis
1629 3115 1777 3153 com-

197 3185 516 3239 munionem
552 3186 810 3248 habeant,
850 3188 993 3241 unde
1024 3188 1235 3243 deserta
1267 3198 1410 3244 terra
1434 3201 1489 3244 et
1509 3192 1775 3253 civitates,

196 3277 439 3344 expulsis
465 3278 545 3332 eis
575 3279 906 3333 habitatione
939 3296 1057 3344 sua,
1084 3281 1461 3336 inveniuntur.

269 3366 410 3420 Tunc
442 3368 719 3436 placebunt
756 3358 913 3423 terra:
940 3370 1163 3423 sabbata
1225 3389 1321 3425 sua
1363 3374 1562 3425 cunctis
1602 3372 1779 3426 diebus

194 3458 497 3513 solitudinis
518 3477 647 3525 sure,
679 3463 889 3531 quando
912 3464 1119 3532 fueritis
1151 3464 1203 3516 in
1229 3477 1370 3518 terra
1398 3467 1574 3519 hostili
1606 3484 1622 3519 :
1656 3466 1779 3519 sab-

203 3550 459 3605 batizabit
496 3564 544 3607 et
572 3555 858 3624 requiescet
891 3557 945 3608 in
968 3557 1200 3610 sabbatis
1233 3558 1529 3611 solitudinis
1554 3576 1682 3622 sum,
1721 3577 1779 3612 eo

196 3645 336 3712 quod
402 3661 503 3697 non
555 3647 864 3715 requieverit
921 3648 974 3699 in
1010 3646 1255 3701 Sabbatis
1309 3652 1509 3715 vestris,
1570 3660 1779 3721 quando

194 3732 501 3788 habitabilis
549 3737 603 3787 in
656 3753 739 3791 ea.
786 3735 1010 3791 Terram
1051 3753 1173 3792 esse
1202 3740 1594 3812 intelligibilem
1630 3743 1777 3798 Scri-

199 3836 413 3894 pturam
460 3828 576 3891 Dei,
623 3836 678 3881 et
725 3830 1223 3894 conversationem,
1278 3848 1399 3901 qua:
1441 3834 1494 3886 in
1540 3835 1619 3887 eis
1673 3846 1775 3902 est,

194 3932 345 3986 smpe
395 3919 740 3974 ostendimus
789 3940 799 3973 :
850 3922 942 3975 sed
990 3920 1302 3976 Judaaorum
1361 3925 1580 3991 quidem
1621 3936 1777 3982 vetus

195 4014 589 4063 testamentum
627 4029 639 4063 :
676 4010 919 4080 gentium
959 4021 1167 4074 autem,
1216 4029 1335 4081 quae
1379 4014 1610 4070 inimicae
1653 4027 1779 4070 sunt

190 4095 417 4165 Judaeis,
467 4117 667 4155 novum
712 4119 724 4155 :
761 4103 886 4172 quia
933 4118 1061 4172 ergo
1100 4101 1397 4159 Sabbatum
1440 4106 1774 4160 vacationem

192 4194 464 4264 signiﬁcat
519 4194 744 4261 Iudaeis,
781 4196 1015 4249 maxime
1052 4196 1157 4251 hoc
1190 4214 1335 4252 nunc
1377 4214 1459 4253 ev.
1488 4208 1511 4226 ἰ
1537 4209 1659 4254 nter
1697 4201 1777 4254 le-

192 4287 421 4357 gislator
460 4288 658 4341 innuit.
697 4287 836 4352 Quia
863 4288 999 4340 nihil
1048 4306 1197 4344 nunc
1229 4292 1513 4346 invenient
1544 4308 1607 4346 ex
1662 4295 1777 4364 lege

191 4390 252 4433 et
280 4381 580 4449 prophetis,
615 4381 760 4449 quod
802 4381 902 4451 ipsi
932 4381 1109 4436 facere
1134 4382 1344 4445 volunt,
1379 4386 1473 4437 sed
1501 4385 1774 4441 dcslructa

196 4486 384 4526 eorum
420 4488 559 4542 pene
590 4474 769 4527 omnis
798 4474 1117 4543 superﬁcies
1144 4475 1354 4530 litterre.
1385 4476 1609 4546 Propter
1633 4482 1773 4547 quod

1292 417 1373 476 IN
1413 413 1853 478 LEVITICUM.
1896 437 1960 450 -
2001 415 2149 475 LIB.
2188 416 2322 477 VII.

195 530 387 585 mortis
429 527 745 583 redimeret.
777 525 903 581 lla‘c
949 540 1079 596 ergo
1108 525 1327 581 Judzros
1362 526 1788 590 abominabitur,
1822 532 1865 583 A
1897 527 2102 578 sonitus
2172 526 2287 596 folii

3330 416 3465 479 1154

2367 524 2616 577 t'olunlis.
2690 524 2966 594 Quotquot
3045 524 3192 577 enim
3248 542 3311 579 ex
3382 529 3467 585 eis

1883 617 2056 670 relicti
2142 625 2289 679 sunt,
2334 615 2516 668 adhuc
2604 616 2890 670 studentes
2974 614 3315 683 Scripturam
3374 631 3466 670 sa-

1882 724 2054 773 cram,
2079 716 2281 778 pavent
2312 707 2364 759 in
2392 715 2534 761 terra
2562 706 2907 761 inimicorum
2958 723 3207 772 suorum,
3244 707 3298 761 in
3322 722 3468 763 novo

1886 809 2232 863 testamento,
2272 799 2415 853 sicut
2459 798 2734 853 diximus:
2789 798 2984 851 timent
3012 799 3160 853 enim
3189 815 3253 853 ex
3300 799 3466 854 fatui-

1883 900 2013 955 tate,
2042 902 2095 945 et
2125 893 2291 947 corde
2327 903 2530 945 caecato
2559 890 2945 945 commixtione
2970 891 3090 960 ejus
3111 901 3195 953 ,οι
3225 893 3466 962 comple-

1885 994 1972 1037 tur
1997 1000 2009 1035 :
2031 984 2149 1037 Illic
2178 983 2572 1053 trepidaverunt
2605 984 2809 1043 timore,
2840 982 2931 1035 ubi
2962 998 3065 1035 mn
3094 994 3207 1035 erat
3233 986 3390 1038 timor
3420 987 3463 1042 ⁸.

1944 1072 2174 1126 Terrebit
2204 1090 2290 1127 eos
2312 1075 2511 1127 sonitus
2533 1073 2648 1144 folii
2674 1073 2921 1127 volantis.
2943 1071 3151 1127 Folium
3170 1075 3465 1145 legislitte-

1883 1179 1995 1217 ram
2037 1164 2355 1233 appellans:
2380 1164 2543 1233 hujus
2560 1164 2705 1217 enim
2734 1179 2829 1217 eos
2860 1164 3074 1218 sonitus
3094 1167 3464 1235 persequitur,

1883 1267 1937 1311 et
1973 1259 2225 1311 timorem
2280 1267 2528 1312 nostrum
2558 1257 2639 1311 eis
2672 1256 2880 1319 indicit,
2909 1257 3057 1326 quia,
3089 1258 3241 1313 verbi
3272 1259 3461 1330 gratia,

1884 1348 2115 1401 audiunt
2141 1349 2564 1403 custodiendum
2585 1347 2728 1401 diem
2754 1346 2997 1410 Sabbati,
3033 1349 3220 1402 vident
3280 1361 3463 1405 autem

1880 1457 1979 1495 nos
2003 1442 2140 1496 nihil
2167 1444 2232 1497 dc
2257 1443 2450 1496 eodem
2476 1444 2737 1495 mandato
2768 1442 3104 1511 despicabile
3130 1458 3463 1511 sapere,ne~

1882 1551 1989 1604 quc
2021 1544 2321 1597 terrenum,
2344 1551 2520 1604 neque
2558 1553 2588 1589 a
2618 1536 2828 1589 cultura
2873 1545 3050 1601 terrae,
3087 1536 3181 1590 sed
3243 1552 3272 1591 a
3326 1540 3462 1591 mala

1882 1629 2099 1682 actione
2125 1628 2465 1681 vacationem
2488 1628 2763 1683 discentes
2799 1646 2810 1681 :
2867 1628 3156 1682 offendunt
3187 1630 3240 1683 in
3281 1630 3461 1690 nobis.

1883 1728 1937 1772 et
1967 1719 2312 1773 commisceri
2349 1720 2509 1773 nobis
2540 1719 2778 1788 fugiunt.
2824 1718 3035 1773 Folium
3081 1729 3264 1773 autem
3317 1730 3465 1775 recte

1884 1809 2019 1880 legis
2050 1810 2229 1863 littera
2254 1810 2546 1878 accipitur,
2567 1811 2691 1878 quia
2712 1812 3171 1879 quemadmodum
3208 1813 3464 1866 arborum

1884 1901 2093 1954 fructus
2129 1901 2272 1955 foliis
2292 1903 2512 1971 tegitur,
2538 1900 2617 1954 sic
2666 1903 2767 1956 sub
2808 1902 2940 1973 legis
2971 1902 3148 1956 litera
3175 1903 3465 1957 abscondi-

1885 2000 1972 2045 tur
1990 1992 2233 2062 spiritus.
2268 1992 2501 2062 Propter
2524 1995 2665 2062 quod
2722 2009 2843 2059 nos,
2875 1994 2943 2048 de
2995 1994 3197 2062 quibus
3255 1994 3462 2048 dictum

1882 2092 1966 2136 est
1996 2099 2007 2134 :
2038 2080 2095 2135 Si
2120 2084 2519 2139 rindemiutores
2556 2085 2778 2156 ingressi
2827 2084 3043 2155 fuissent
3079 2086 3135 2136 in
3167 2094 3235 2147 te,
3277 2084 3467 2137 saltem

1882 2176 2209 2246 reliquissent
2238 2194 2507 2235 racemum
2548 2178 2641 2231 tibi
2679 2178 2700 2207 ⁸
2728 2196 2741 2231 :
2773 2179 3045 2232 nudantus
3074 2178 3263 2232 folium
3314 2179 3464 2232 litte-

1884 2280 1977 2327 rae,
2006 2277 2063 2317 ut
2095 2264 2332 2319 fructum
2357 2266 2585 2335 spiritus
2618 2267 2983 2321 inveniamus.
3038 2266 3100 2320 Ili
3131 2277 3313 2322 autem
3370 2269 3462 2338 qui

1885 2354 1999 2409 hare
2025 2356 2295 2425 ignorant,
2328 2354 2468 2409 sicut
2495 2355 2748 2410 inimicos
2781 2372 2880 2411 nos
2908 2357 3128 2421 habent,
3158 2368 3212 2412 et
3249 2357 3483 2431 fugiunt

1882 2461 1983 2499 nos
2015 2446 2156 2500 sicut
2184 2448 2275 2517 qui
2329 2446 2466 2516 fugit
2492 2447 2748 2518 gladium.

1954 2538 2020 2591 Et
2071 2542 2255 2593 cadent
2326 2541 2470 2593 nullo
2515 2552 2779 2611 sequente.
2822 2540 3010 2612 Neque
3063 2543 3210 2596 enim
3242 2558 3341 2598 uos
3372 2560 3466 2599 eos

1885 2633 2281 2703 persequimur,
2312 2634 2406 2687 sed
2442 2648 2505 2687 ex
2567 2634 2648 2688 sui
2681 2634 2860 2689 cordis
2902 2635 3095 2689 duritia
3127 2637 3464 2705 persecutio-

1884 2743 2008 2779 nem
2036 2726 2336 2795 patiuntur.
2370 2726 2503 2780 Nam
2530 2726 2648 2781 vide
2674 2728 2803 2796 quid
2846 2728 3109 2783 subdidit.
3136 2729 3199 2782 Et
3223 2741 3465 2784 corruant

1883 2816 2077 2885 singuli
2152 2833 2309 2879 super
2348 2818 2542 2886 fratres
2611 2833 2754 2882 suos,
2799 2819 2951 2883 quasi
3009 2818 3143 2871 bella
3186 2821 3463 2890 fugientes.

1885 2908 2115 2972 Quando
2140 2909 2284 2962 enim
2314 2924 2440 2962 cum
2466 2909 2546 2963 eis
2580 2909 2883 2979 loquimur,
2919 2919 2975 2963 et
3000 2911 3137 2980 legis
3165 2912 3466 2981 propheta-

1887 3012 2115 3066 rumque
2153 2998 2461 3051 testimonia
2490 3010 2679 3051 contra
2705 3014 2799 3053 eos
2836 3000 2905 3053 de
2929 3000 3148 3063 Christo
3178 3000 3466 3072 Evangeli-

1887 3088 2072 3157 cisque
2092 3090 2363 3158 mysteriis
2380 3089 2729 3158 proferimus,
2746 3092 3004 3147 coarctati
3025 3092 3077 3146 hi
3099 3093 3317 3163 quidem
3340 3095 3465 3157 hoc,

1889 3179 1960 3232 illi
1999 3189 2179 3232 autem
2224 3180 2351 3233 illud
2377 3181 2586 3243 dicunt,
2629 3190 2685 3235 et
2740 3183 3119 3252 unusquisque
3153 3173 3317 3253 super
3356 3184 3465 3238 fra-
3502 3205 3516 3223 ε

1887 3282 2025 3328 trem
2061 3275 2187 3328 ruit.
2218 3273 2435 3328 lnﬁrma
2466 3274 2612 3327 enim
2645 3290 2839 3329 omnes
2889 3275 3101 3353 dicupt,
3166 3276 3469 3332 consistere

1886 3373 2108 3434 propter
2132 3366 2235 3420 hoc
2261 3366 2312 3418 in
2347 3366 2570 3420 alternis
2606 3382 2719 3420 non
2767 3368 2947 3421 valent
2976 3368 3176 3435 verbis,
3235 3378 3290 3423 et
3333 3386 3468 3424 con-

1890 3457 2178 3510 turbantur
2204 3456 2358 3525 quasi
2395 3457 2533 3511 bella
2558 3457 2854 3528 fugientes,
2878 3458 3031 3512 nullo
3059 3461 3469 3541 sequentp.l\'os

1886 3558 2066 3602 autem
2105 3562 2215 3601 non
2242 3548 2622 3618 persequimur
2650 3564 2763 3611 eos.
2800 3566 2901 3603 nec
2931 3559 2990 3603 ut
3017 3566 3341 3618 noceamus,
3372 3554 3467 3635 sed

1886 3648 1946 3691 ut
1970 3640 2224 3708 juventus
2252 3649 2414 3709 atque
2447 3640 2721 3695 lucremur
2751 3657 2866 3707 eos,
2909 3643 3284 3713 disceptamus
3338 3661 3465 3701 cum

1886 3731 1988 3784 eis.
2022 3732 2162 3796 Quid
2182 3746 2310 3802 ergo
2343 3732 2470 3786 hine
2504 3733 2828 3801 patiuntur?

1956 3823 2124 3877 Nemo
2161 3834 2390 3878 uestrum
2426 3826 2654 3878 inimicis
2680 3826 2893 3878 audebit
2934 3827 3200 3891 resistere,
3231 3829 3469 3896 peribitis

1886 3917 2023 3969 inter
2071 3926 2270 3986 gentes,
2294 3926 2341 3969 et
2377 3917 2580 3970 hostilis
2614 3933 2701 3970 vos
2750 3927 2893 3971 terra
2935 3930 3223 3974 consumet.
3256 3922 3469 3976 Consu-

1886 4008 1985 4060 mit
2014 4008 2163 4063 enim
2196 4020 2289 4062 eos
2308 4010 2683 4078 evangelicum
2712 4016 3127 4073 testamentum,
3161 4012 3330 4066 totius
3365 4028 3464 4068 eo-

1885 4119 2005 4157 rum
2031 4114 2325 4157 eonterens
2364 4105 2567 4171 erroris
2605 4104 2986 4158 substantiam.
3045 4104 3205 4159 Unde
3240 4120 3342 4159 nec
3376 4122 3466 4159 re-

1885 4195 2338 4250 sistereinimicis
2357 4196 2490 4260 suis,
2524 4197 2616 4266 qui
2650 4196 2847 4251 salvari
2886 4212 2986 4266 per
3010 4197 3173 4251 fidem
3207 4209 3460 4266 possunt,

1884 4290 1980 4344 sed
2012 4298 2067 4343 et
2106 4299 2340 4358 pereunt
2400 4289 2543 4343 inter
2598 4299 2808 4359 gentes,
2872 4289 2923 4341 in
2977 4290 3153 4358 lapide
3218 4291 3464 4361 angulari

1883 4380 2245 4446 oll‘endeutes,
2319 4390 2502 4434 etnec
2574 4381 2711 4451 legis
2762 4380 2983 4449 quidem
3057 4381 3290 4435 litteram
3376 4399 3463 4436 rc-

1883 4474 2094 4542 spicere
2158 4472 2426 4536 volentes,
2485 4481 2673 4540 utpote
2715 4474 2807 4541 qui
2850 4474 2905 4526 in
2937 4488 3056 4527 eam
3112 4489 3221 4528 non
3255 4473 3463 4529 habent

193 4566 322 4620 facti
355 4575 481 4620 sunt
511 4567 565 4620 in
616 4576 761 4621 terra
815 4567 1158 4621 inimicorum
1206 4583 1455 4635 sum-um,
1492 4570 1545 4623 id
1586 4581 1689 4636 est,
1719 4573 1772 4625 in
1807 4581 1849 4635 ι)
1880 4569 2154 4623 ﬁduciam.

191 4658 507 4728 evangelieo
556 4667 919 4713 testamento:
953 4658 1078 4712 facti
1123 4669 1246 4713 sunt
1291 4669 1492 4723 autem,
1525 4662 1629 4715 etsi
1662 4678 1771 4717 non

192 4758 409 4818 spoate,
443 4760 622 4804 tamen
668 4766 734 4805 ex
780 4752 1126 4806 necessitate.
1175 4750 1311 4820 Ipsis
1357 4752 1506 4807 enim
1538 4756 1774 4810 nolenti-

191 4842 319 4907 bus,
373 4844 658 4906 sacrificia,
704 4854 760 4898 et
801 4843 1213 4913 purilicationes
1244 4859 1578 4915 azymorum.
1612 4856 1665 4902 et
1693 4857 1775 4901 ta-

192 4932 613 4987 bernaculorum
667 4934 1009 5001 festivitates,
1036 4946 1090 4990 et
1124 4937 1331 5005 reliqua
1378 4954 1590 4994 cessare
1622 4940 1775 5007 fecit,

190 5024 568 5078 difﬁcultatem
606 5028 899 5095 patientes,
930 5028 986 5080 in
1017 5028 1425 5083 meditationem
1453 5031 1573 5099 ejus
1601 5032 1777 5087 disce-

190 5116 352 5171 dunt.
387 5118 454 5171 Et
500 5117 641 5171 hanc
671 5120 1008 5173 vacationem
1037 5135 1134 5189 pro
1163 5119 1401 5175 Sabbato
1429 5123 1688 5193 suscepit,
1719 5135 1772 5179 et

190 5206 264 5261 ab
308 5209 386 5261 eis
424 5224 576 5263 sacra
619 5209 922 5279 Scriptura,
958 5212 1231 5282 nimisque
1277 5214 1357 5269 eis
1400 5215 1562 5269 etiam
1610 5232 1770 5285 supra

191 5295 436 5365 priorum
490 5296 853 5351 Sabbatorum
916 5303 1256 5356 vacationem
1326 5304 1575 5373 placebit.
1617 5304 1772 5358 Cur?

191 5388 330 5452 Quia
368 5405 468 5441 non
512 5399 583 5442 cst
618 5393 849 5458 speciosa
892 5391 1011 5445 laus
1046 5394 1099 5445 in
1130 5411 1217 5447 ore
1259 5398 1547 5463 peccatoris
1579 5398 1620 5448 ’.
1665 5395 1770 5451 Sed

188 5477 303 5533 ait:

268 5570 335 5624 Et
391 5573 479 5641 qui
526 5574 591 5625 de
617 5573 759 5627 vobis
815 5578 1187 5640 remanserint,
1239 5577 1373 5630 dabo
1424 5595 1672 5647 pavorem
1720 5581 1772 5633 in

192 5664 436 5717 cordibus
469 5680 671 5728 eorum,
708 5666 762 5717 in
816 5668 1110 5736 regionibus
1155 5668 1382 5722 hostium
1443 5670 1651 5722 terrebit
1689 5687 1773 5723 eos

266 5845 285 5870 ²
316 5840 476 5894 Ereli.
507 5859 591 5907 xv,
620 5843 669 5894 9.
750 5842 768 5872 ³
801 5841 942 5896 Psal.
981 5858 1095 5908 sm,
1140 5845 1191 5897 Si.

1274 5846 1287 5873 "
1314 5842 1517 5899 Jcrem.
1566 5861 1709 5911 xxxx,
1748 5845 1798 5898 9.

1953 4658 2102 4724 Quod
2131 4659 2228 4711 etsi
2259 4661 2321 4710 de
2341 4657 2421 4709 bis
2454 4658 2624 4726 aliqui
2685 4659 3058 4722 remanserint,
3103 4663 3365 4713 tabescent
3407 4663 3463 4713 in

1880 4749 2250 4819 iniquitatibus
2278 4748 2409 4811 suis,
2431 4750 2486 4799 in
2517 4756 2658 4800 terra
2685 4747 3022 4801 inimicorum
3055 4765 3292 4803 suorum.
3329 4750 3462 4816 Qui-

1882 4855 2097 4909 cunque
2130 4840 2276 4894 enim
2325 4854 2388 4893 ex
2420 4840 2520 4903 eis,
2543 4839 2634 4909 qui
2691 4840 2941 4894 conversi
2972 4851 3121 4907 sunt,
3151 4856 3458 4914 remanent,

1881 4942 2266 5001 permanentes
2295 4932 2346 4984 in
2375 4932 2505 5001 legis
2532 4932 2734 4996 studio,
2769 4931 2821 4985 hi
2855 4940 3079 5001 propter
3107 4930 3324 5002 peccata
3340 4950 3457 5002 sua,

1875 5040 1996 5091 qure
2033 5025 2085 5077 in
2122 5032 2265 5077 terra
2294 5025 2643 5079 inimicorum
2676 5039 2919 5089 suorum,
2944 5025 3118 5088 idest,
3178 5020 3232 5081 in
3282 5027 3462 5081 Evan-

1882 5116 2055 5185 gelico
2092 5122 2442 5179 testamento,
2478 5116 2779 5170 secundum
2832 5116 2976 5184 quod
3031 5117 3290 5183 diximus,
3336 5134 3462 5187 pro-

1881 5214 2003 5276 pter
2030 5207 2515 5278 transgressionem
2543 5209 2662 5277 ejus
2706 5217 2941 5278 pereunt
2973 5225 2989 5263 :
3023 5209 3136 5263 btee
3157 5219 3285 5264 sunt
3313 5210 3460 5265 enim

1881 5301 2056 5352 modis
2084 5301 2339 5354 omnibus
2367 5312 2611 5370 peccata,
2646 5317 2768 5370 quae
2811 5302 2863 5354 in
2911 5316 2978 5354 eo
3021 5305 3457 5358 committuntur.

1953 5391 2020 5444 Et
2049 5402 2263 5461 propter
2285 5404 2501 5461 peccata
2526 5411 2647 5455 sua,
2675 5404 2723 5446 et
2760 5404 2973 5463 propter
2998 5404 3212 5462 peccata
3248 5406 3460 5464 patrum

1879 5499 2115 5538 suorum.
2140 5484 2275 5550 Quia
2309 5486 2648 5555 prmvaricati
2680 5496 2829 5551 sunt,
2863 5487 3306 5555 etdespexerunt
3333 5502 3416 5541 me
3449 5505 3463 5541 :

1873 5574 1943 5630 ea
1965 5577 2110 5629 enim
2140 5594 2260 5646 qurc
2285 5594 2435 5633 nunc
2470 5579 2551 5633 eis
2580 5588 2909 5645 evenerunt,
2971 5590 3187 5649 patrum
3224 5583 3466 5653 peccatis

1882 5672 2181 5728 ascribunt.
2215 5670 2447 5744 Propter
2469 5674 2612 5742 quod
2639 5683 2692 5729 ct
2723 5673 3003 5729 tabcscent
3040 5672 3093 5728 in
3119 5672 3221 5739 eis,
3253 5689 3351 5745 pro
3381 5674 3464 5728 eis
