4158 6450
165 427 294 494 1157

1269 434 1350 494 IN
1396 435 1838 495 LEVITICUM.
1882 461 1952 470 —
1991 435 2139 496 LIB.
2181 436 2310 496 VII.

3286 450 3422 516 H58

239 542 357 600 Non
391 546 566 603 otiose
588 547 859 615 intendas,
884 565 1006 620 quae
1053 549 1198 605 dicta
1222 560 1370 603 sunt.
1419 549 1740 603 Conclusio-
1769 556 1813 610 Α
1844 549 2086 615 cerdote,
2111 558 2166 603 et
2187 557 2454 618 quantum
2473 549 2561 604 ille
2589 550 2961 618 aestimat-erit,
2985 564 3040 610 et
3071 557 3266 616 viderit
3293 579 3418 620 eum

157 652 282 692 nem
340 639 485 692 enim
548 640 729 694 verbis
785 642 898 695 suis
954 640 1233 712 legislator
1282 640 1506 710 adjecit,
1539 655 1602 694 ex
1626 655 1730 708 qua

159 745 331 798 usque
364 729 429 784 ad
453 739 662 785 certum
686 740 900 802 tempus
926 731 1136 786 ﬁrmam
1169 731 1299 786 velit
1325 747 1446 786 esse
1469 731 1605 802 legis
1645 731 1728 784 lit-

159 829 348 884 teram,
384 821 502 878 sine
531 822 708 892 aliqua
754 823 1096 878 dubitatione
1141 823 1529 882 manifestavit.
1557 832 1613 876 et
1638 822 1734 876 Ju-

159 913 401 967 daeorum
435 914 708 969 obstruxit
729 931 810 980 os,
842 913 1186 969 tentantibus
1212 914 1315 968 hac
1340 915 1458 986 lege
1479 915 1731 969 utietiam

159 1021 330 1069 nunc,
353 1007 573 1076 quando
604 1016 824 1076 tempus
851 1022 963 1060 non
999 1008 1352 1076 habent,jam
1385 1009 1638 1062 veniente
1669 1023 1735 1061 eo

155 1096 249 1164 qui
275 1094 501 1158 Judmis,
527 1097 671 1151 sicut
698 1097 954 1157 inﬁrmis.
992 1097 1148 1152 lactis
1182 1097 1301 1151 vice
1331 1097 1463 1168 legis
1499 1098 1734 1151 litteram

157 1187 471 1257 exquisivit,
503 1187 705 1243 ethuic
757 1188 974 1259 Moysen
1023 1189 1346 1259 praecipiens
1401 1189 1733 1251 ministrare,

159 1277 276 1348 ipse
308 1279 532 1334 veniens
563 1281 629 1334 ad
663 1281 808 1334 illam
863 1281 1160 1350 perfectius
1186 1281 1487 1336 introduxit
1510 1279 1732 1350 judicia.

155 1370 300 1441 Ergo
317 1373 616 1425 secundum
674 1373 816 1443 quod
844 1373 1011 1427 semel
1051 1373 1315 1433 diximus;
1349 1372 1731 1441 prepriedixit,

153 1477 276 1530 quin
323 1461 433 1516 Deo
461 1463 744 1528 judicante
805 1464 872 1517 de
921 1463 1242 1530 quibusdam
1297 1463 1568 1532 capitulis,
1616 1481 1736 1533 quae

154 1554 473 1624 ignorantes
532 1555 1026 1626 interrogaverunt,
1074 1557 1216 1611 dicta
1277 1567 1424 1611 sunt.
1459 1557 1734 1628 Prmcepta

156 1655 360 1710 autem,
386 1663 506 1716 quae
531 1663 637 1702 non
665 1649 766 1702 hoc
791 1648 968 1714 modo,
1005 1649 1100 1702 sed
1131 1649 1426 1719 semetipso
1459 1648 1736 1720 legislator

155 1737 308 1789 nullo
358 1737 726 1808 interrogante
771 1737 1024 1792 sancivit.
1069 1737 1274 1793 Deinde
1309 1740 1590 1794 succincte
1650 1749 1734 1794 to-

156 1827 266 1880 tius
298 1828 595 1884 sanctionls
649 1829 1114 1898 dispensationem
1203 1830 1492 1900 complecti
1541 1829 1728 1885 volens

150 1920 392 1974 subdidit
428 1938 441 1974 :

227 2011 291 2065 Et
321 2012 457 2083 leges
491 2029 623 2082 quas
649 2012 789 2066 dedit
821 2012 1072 2067 Dominus
1092 2014 1228 2068 inter
1254 2031 1310 2068 se
1341 2024 1388 2068 et
1435 2015 1571 2068 inter
1589 2015 1728 2084 filios

150 2101 348 2157 Israel.
373 2104 597 2174 Propter
625 2105 767 2174 quod
799 2113 855 2160 et
887 2105 1081 2174 reliqui
1106 2105 1453 2175 interpretes,
1485 2107 1729 2176 exceptis

152 2193 238 2248 LX
255 2194 319 2260 Χ,
337 2195 481 2267 leges
503 2196 811 2264 ediderunt,
846 2196 1154 2250 diﬂ‘ercutia
1180 2197 1313 2267 legis
1335 2201 1547 2268 negotia
1560 2199 1728 2253 verbo

152 2281 258 2335 hoc
286 2282 662 2336 demonstrare
681 2282 984 2353 cupientes.
1045 2282 1185 2349 Quid
1233 2293 1526 2338 autemest
1582 2285 1727 2355 quod

149 2372 288 2425 dixit
305 2371 480 2426 inter?
517 2372 623 2426 nisi
649 2372 774 2442 quia
805 2372 1172 2442 proculdubio
1197 2387 1368 2439 usque
1393 2373 1521 2426 dum
1544 2372 1729 2426 veniat

149 2464 220 2516 de
255 2480 364 2533 quo
391 2463 469 2518 ait
503 2463 708 2518 Isaias:
751 2462 871 2534 Ipse
890 2464 1061 2518 veniet
1116 2472 1163 2516 et
1180 2461 1407 2516 salvabit
1435 2479 1525 2516 nos
1553 2478 1572 2516 :
1605 2472 1728 2515 tunc

149 2557 458 2627 aperientur
472 2555 609 2609 oculi
623 2572 822 2610 cwcoru
831 2565 954 2619 m,et
973 2571 1127 2608 aures
1139 2551 1417 2607 surdorum
1433 2555 1648 2607 audient
1663 2557 1672 2584 ’
1687 2555 1726 2618 ³,

153 2657 210 2702 et
237 2663 576 2718 quaecunque
604 2647 656 2700 in
695 2647 783 2700 illa
830 2646 1116 2717 prophetia
1158 2646 1543 2700 continentur:
1600 2653 1731 2700 tunc

147 2755 496 2811 nequaquam
533 2740 672 2793 ultra
703 2739 1000 2792 secundum
1030 2737 1373 2807 superﬁciem
1405 2737 1614 2801 litterae,
1635 2737 1730 2790 sed

145 2831 607 2901 quemadmodum
656 2831 772 2901 ipse
790 2834 1127 2902 exposuerit,
1165 2837 1384 2899 oportet
1406 2829 1580 2900 legem
1631 2844 1730 2883 cu-

147 2922 342 2977 stodiri
361 2922 426 2975 ad
446 2921 825 2991 Evangelicam
849 2922 1076 2992 gratiam
1105 2920 1416 2974 translatam
1446 2930 1498 2973 et
1522 2921 1586 2972 ad
1605 2934 1730 2988 per--

146 3012 438 3066 fectiorem
484 3013 981 3077 conversationem,
1014 3027 1122 3066 non
1147 3012 1289 3066 utad
1313 3012 1523 3065 irritum
1556 3011 1730 3065 dedu-

146 3111 328 3168 catur,
362 3103 457 3158 sed
481 3110 541 3156 ut
571 3104 636 3157 ad
659 3104 981 3172 prudentem
1017 3103 1549 3173 interpretationem,
1608 3102 1723 3171 spi-

148 3195 474 3265 ritalemque
494 3211 715 3250 sensum
751 3196 1016 3250 trahatur.
1061 3196 1172 3250 Cur
1217 3195 1382 3251 etiam
1419 3195 1597 3248 locum
1654 3194 1729 3246 si-

147 3286 468 3356 gniﬁcavit?
497 3287 573 3340 ait
595 3287 740 3340 enim
769 3302 783 3339 :

225 3375 292 3430 In
322 3386 496 3431 monte
524 3376 707 3444 Sinai,
740 3378 845 3431 nisi
879 3387 940 3432 ut
961 3392 1095 3442 non,
1128 3378 1295 3431 David
1330 3378 1550 3433 dicente
1584 3394 1597 3427 :
1635 3377 1727 3430 l'i—

148 3469 358 3522 debitur
381 3469 518 3522 Deus
547 3471 763 3522 deorum
790 3469 846 3521 in
876 3466 1003 3522 Sion
1033 3468 1077 3499 “
1103 3485 1117 3534 ;
1149 3477 1204 3522 et
1232 3469 1524 3538 Malacliiag
1545 3469 1730 3527 Subito

149 3561 319 3614 veniet
348 3560 405 3612 in
431 3560 682 3628 templum
708 3575 864 3612 suum
907 3559 1182 3620 Dominus,
1213 3576 1365 3628 quem
1421 3577 1508 3614 cos
1537 3565 1732 3633 quieri-

151 3652 316 3717 tis“;
353 3659 408 3705 et
439 3665 628 3705 rursus
649 3649 951 3704 David:Ex
987 3647 1115 3703 Sion
1148 3651 1339 3719 species
1375 3654 1572 3705 decoris
1591 3654 1728 3722 ejus,

149 3745 292 3800 Deus
327 3745 635 3813 manifestus
656 3743 843 3807 veniet,
865 3741 1004 3796 Deus
1019 3752 1212 3807 noster,
1239 3757 1286 3796 et
1315 3760 1416 3796 non
1445 3744 1612 3798 silebit
1636 3745 1678 3777 “
1711 3763 1726 3799 :

146 3837 297 3890 illam
355 3836 474 3902 ejus
510 3834 616 3888 dici
664 3833 1126 3902 dispensationem
1176 3844 1431 3904 putemus
1485 3845 1729 3905 tempore

150 3927 290 3997 legis
316 3936 515 3987 actam,
551 3923 694 3977 unde
734 3924 824 3978 hic
885 3932 992 3978 tam
1035 3924 1139 3978 loci
1207 3924 1540 3978 mentionem
1604 3925 1732 3980 fecit

147 4032 314 4085 quam
339 4014 698 4070 ministrantis
725 4015 914 4086 Moysi,
934 4023 992 4068 ut
1020 4031 1083 4068 ex
1108 4014 1211 4069 hoc
1234 4014 1730 4085 disceremus,quia

147 4109 318 4162 alium
346 4107 504 4160 nobis
536 4106 830 4160 adventum
865 4106 983 4176 ejus
1012 4105 1294 4175 propheta
1339 4105 1727 4175 promiserunt,

149 4199 245 4268 qui
276 4198 461 4252 neein
501 4197 651 4264 Sina,
686 4213 788 4252 nec
826 4212 928 4267 per
981 4197 1362 4259 mediatorem,
1413 4198 1498 4252 md
1545 4207 1731 4267 aperte

150 4293 329 4347 factus
344 4301 466 4348 -est.

711 4378 942 4436 CAPUT
984 4378 1198 4434 XXVII.

226 4474 390 4529 Vens.
421 4473 524 4528 1-8.
568 4492 585 4522 ι
611 4472 961 4542 Locutusque
985 4481 1068 4526 est
1121 4472 1383 4526 Dominus
1412 4472 1480 4526 ad
1508 4471 1729 4542 Moysen

1837 654 1999 708 posse
2027 641 2275 701 reddere,
2297 649 2506 694 tantum
2537 641 2706 696 dabit.
2758 664 2775 695 ο

1903 730 2065 785 Plena
2089 732 2352 786 sunthaec
2377 731 2541 786 etiam
2565 732 2892 804 legislatoris
2914 739 3077 795 verba
3099 741 3416 812 prudentia,

1835 822 2069 877 maxime
2107 833 2413 893 opportuno
2443 835 2766 882 conservata
2801 831 3072 900 tempori;
3109 850 3230 904 qua:
3267 837 3417 890 enim

1835 919 2082 979 oporteat
2108 913 2211 983 agi,
2240 927 2359 982 qua:
2412 914 2662 980 minime,
2720 917 2775 970 in
2807 921 3186 988 superioribus
3225 927 3419 995 praeci-

1836 1003 2014 1071 piens,
2043 1004 2377 1058 nuncetiam
2425 1005 2747 1077 dignitatem
2810 1026 2872 1064 ea
2922 1015 3298 1084 peragentium
3349 1035 3416 1074 ex

1837 1100 1970 1156 toto,
1996 1095 2083 1148 vel
2112 1109 2178 1148 ex
2207 1106 2381 1164 parte,
2405 1113 2505 1166 per
2539 1099 2671 1164 lure,
2697 1117 2818 1169 qua:
2856 1103 3118 1161 dicun:ur
3169 1109 3415 1178 exponit.

1835 1184 1902 1237 Et
1927 1184 2052 1253 quid
2080 1185 2150 1239 sit
2187 1187 2428 1255 perfecta
2466 1189 2601 1254 vita,
2624 1207 2746 1260 quae
2763 1204 2943 1248 autem
2983 1199 3238 1254 adhucin
3290 1217 3412 1270 pro-

1834 1275 1978 1328 fectu
2003 1278 2466 1349 constituta,quid
2483 1280 2696 1336 initium
2727 1287 3054 1354 cognitionis
3079 1291 3417 1359 Deihabens,

1833 1366 1963 1435 quid
1989 1368 2123 1434 veri,
2157 1385 2277 1439 quae
2315 1372 2577 1426 virtutum
2642 1389 2830 1444 Opera,
2882 1377 3026 1432 clare
3070 1381 3418 1452 perfectisque

1834 1458 2126 1526 percurrit.
2155 1460 2258 1514 Sed
2286 1471 2340 1515 et
2372 1461 2697 1530 inﬁrmatus,
2745 1482 2856 1520 non
2915 1478 3096 1522 tamen
3149 1474 3417 1530 recedens

1834 1550 1902 1603 ab
1931 1565 2028 1615 ea,
2061 1551 2379 1608 diﬁerentes
2434 1565 2625 1610 aetates
2666 1559 2969 1625 ascribens,
3005 1565 3278 1632 exposuit.
3321 1563 3414 1619 Di-

1835 1643 1908 1697 cit
1927 1654 2108 1698 autem
2134 1646 2213 1699 sic
2237 1663 2246 1696 :

1905 1732 2098 1800 Homo,
2125 1737 2216 1798 qui
2242 1747 2416 1790 votum
2453 1739 2654 1809 fecerit,
2681 1751 2730 1794 et
2757 1747 3092 1812 spoponderit
3154 1746 3266 1800 Deo
3296 1751 3417 1801 ani-

1837 1839 2171 1878 mamsuam.
2199 1824 2254 1878 ld
2290 1835 2405 1891 est,
2469 1828 2779 1899 quicunque
2825 1834 3135 1901 promiserit
3179 1837 3413 1892 animam

1761 1899 1800 1956 Β
1830 1924 1982 1962 suam
2020 1908 2152 1973 Deo,
2191 1927 2518 1983 oumemque
2549 1914 2597 1968 ei
2631 1931 2781 1970 suam
2805 1899 2970 1973 vitam
2993 1921 3190 1975 offerre
3228 1924 3414 1977 vulne-

1831 1998 1920 2054 rit.
1968 1997 2199 2070 Propter
2245 2004 2392 2072 quod
2440 2006 2633 2074 Aquila
2684 2015 2740 2062 et
2791 2006 3161 2076 Theodotion,
3218 2027 3317 2081 pro
3347 2029 3414 2068 eo

1830 2092 1974 2160 quod
2003 2093 2207 2148 dictum
2235 2103 2338 2160 est,
2368 2107 2544 2150 votum
2593 2100 2795 2169 fecerit,
2830 2100 3188 2169 Symmachus
3205 2117 3411 2162 autem.

1829 2182 1874 2233 si
1889 2186 2236 2251 superaverit,
2271 2185 2583 2242 ediderunt.
2617 2189 2950 2245 Admirabile
3003 2196 3150 2247 enim
3177 2209 3305 2250 vere
3329 2202 3416 2250 est

1829 2282 1884 2328 et
1909 2275 2064 2330 valde
2087 2277 2410 2330 beatitudini
2445 2279 2778 2347 proximum,
2826 2290 3000 2338 totum
3053 2286 3410 2357 semetipsum

1830 2367 2140 2436 quempiam
2171 2367 2279 2422 Deo
2304 2369 2524 2435 oﬁ‘erre,
2577 2381 2636 2424 ut
2662 2372 2900 2427 animam
2951 2391 3105 2430 suam
3159 2377 3422 2445 Domino,

1833 2458 1912 2512 vel
1947 2459 2086 2512 sicut
2109 2459 2269 2525 LXX,
2297 2462 2540 2516 honorem
2568 2464 2764 2517 anima:
2787 2480 2896 2518 sure
2915 2465 3160 2532 Domino,
3195 2469 3248 2523 id
3304 2477 3410 2536 est,

1835 2560 1892 2603 ut
1921 2553 2114 2604 ull'crat
2147 2551 2257 2605 Deo
2278 2568 2439 2622 quem
2484 2556 2695 2624 accepit
2716 2556 2784 2608 ab
2813 2571 2880 2610 eo
2906 2559 3106 2613 anima:
3135 2560 3403 2614 honorem

1833 2643 2006 2706 iiluin,
2061 2644 2130 2698 de
2185 2661 2294 2714 quo
2338 2646 2500 2700 David
2531 2648 2843 2702 daemonum
2900 2650 3126 2705 insidias
3151 2652 3409 2716 innitens,

1831 2738 2049 2792 dicebat
2085 2756 2098 2790 :
2142 2738 2508 2793 Verumtamen
2540 2744 2789 2796 honorem
2837 2759 3009 2796 meum
3053 2745 3414 2815 cogitaverunt

1831 2830 2080 2900 repellere
2111 2831 2173 2886 ¹⁸ο

1891 2949 2008 3002 Erit
2040 2950 2266 3017 pretium
2322 2951 2549 3003 nmsculi
2604 2968 2636 3004 a
2669 2953 2913 3006 vicesimo
2943 2970 3103 3015 anno,
3136 2971 3298 3026 usque
3343 2970 3412 3011 aa

1830 3041 2211 3108 sexagesimum
2241 3055 2463 3102 annum,
2497 3042 2884 3112 quinquaginta
2927 3042 3042 3096 sicli
3067 3047 3293 3113 argenti,
3342 3054 3411 3100 ad

1833 3145 2130 3181 mensuram
2160 3130 2474 3182 sanctuarii.
2515 3131 2643 3184 Sive
2673 3142 2727 3185 ut
2753 3131 2895 3186 LXX
2926 3177 2939 3199 ,
2972 3135 3295 3190 didrachma:
3318 3155 3409 3192 ar-

1757 3241 1799 3296 c
1834 3222 1992 3290 genti.
2015 3221 2420 3290 Quinquaginta
2444 3222 2771 3294 (intrat-limat
2797 3225 2911 3279 sive.
2940 3226 3080 3290 sicli,
3109 3228 3251 3280 obcli
3282 3237 3412 3283 sunt

1836 3314 2025 3366 mille:
2068 3315 2258 3382 viginti
2287 3315 2432 3367 enim
2466 3315 2659 3368 obolos
2709 3331 2828 3370 esse
2864 3317 3077 3381 siclum,
3135 3319 3252 3374 sive
3324 3321 3411 3375 di-

1832 3404 2167 3463 dracltmani.
2199 3405 2285 3458 hic
2311 3404 2426 3473 ipse
2458 3406 2509 3457 in
2544 3403 2619 3458 Ex
2646 3407 2729 3460 σὼ)
2762 3407 2917 3460 dixit.
2937 3409 3026 3462 Ait
3051 3409 3196 3462 enim
3230 3410 3308 3463 sic
3339 3410 3409 3464 de

1835 3497 1957 3550 ﬁliis
1993 3495 2150 3549 Israel
2183 3493 2386 3549 :Juxta
2409 3513 2679 3548 numerum
2714 3497 2913 3550 dabunt
2947 3499 3143 3566 singuli
3181 3501 3408 3569 pretium

1833 3602 1927 3654 pro
1947 3585 2224 3637 animabus
2248 3585 2356 3637 suis
2387 3584 2609 3637 Domino
2645 3586 2706 3646 ³⁸,
2743 3585 2835 3654 qui
2866 3595 3047 3640 aulem
3080 3586 3287 3641 dabunt
3334 3588 3413 3642 di-

1834 3673 2063 3726 tnidium
2097 3672 2236 3738 sicli,
2269 3673 2425 3741 juxta
2456 3687 2769 3726 mensuram
2803 3673 3014 3742 templi,
3044 3674 3129 3728 vel
3160 3682 3219 3728 ut
3245 3675 3408 3741 LXX,

1832 3765 2354 3832 didrachnne,quod
2385 3765 2687 3819 secundum
2737 3765 3112 3820 didrachmam
3165 3778 3409 3824 sanctam

1833 3857 2022 3927 viginti
2055 3857 2216 3911 i-boli.
2257 3857 2384 3910 Sicli
2407 3871 2537 3927 ergo
2597 3858 2710 3911 sive
2767 3857 3118 3924 αἰάιιιυΙιιηω,
3141 3859 3262 3914 ideo
3311 3876 3413 3918 nos

1827 3949 1984 4018 juxta
2013 3963 2324 4002 mensuram
2358 3947 2565 4017 templi,
2595 3949 2680 4002 vel
2731 3949 3033 4002 secundum
3098 3965 3414 4006 mensuram

1832 4039 2130 4094 sanctuarii
2165 4039 2441 4094 reminisci
2487 4039 2678 4102 voluit,
2709 4040 2776 4093 ad
2813 4039 2966 4094 illum
3020 4040 3154 4112 legis
3204 4051 3413 4097 textum

1832 4131 2205 4184 transmittere
2236 4145 2338 4183 nos
2361 4130 2613 4198 cupiens,
2649 4129 2703 4183 in
2737 4147 2846 4198 quo
2871 4131 3061 4200 viginti
3113 4131 3303 4186 obolos
3325 4133 3413 4187 di-

1831 4217 2143 4272 draclnnam
2178 4227 2420 4271 sanctam
2451 4232 2592 4280 esse,
2625 4216 2738 4270 sive
2763 4218 2956 4272 siclum
2981 4218 3077 4273 ait.
3104 4217 3240 4273 Cum
3259 4221 3412 4291 adja-

1831 4313 1978 4361 ceret
2001 4313 2180 4358 autem
2207 4305 2496 4374 prmeipere
2521 4319 2687 4358 unum
2727 4305 2942 4361 siclum.
2974 4307 3060 4359 vel
3096 4307 3412 4362 drachmam

1832 4392 2039 4456 oll'erri,
2068 4408 2177 4445 non
2210 4392 2289 4445 sic
2324 4392 2609 4460 praecepit,
2659 4392 2754 4446 sed
2790 4393 2905 4446 sicli
2937 4392 3052 4447 sive
3082 4394 3414 4449 didrachtmn

1834 4479 2143 4533 dimidium.
2165 4477 2266 4531 Per
2293 4480 2393 4532 hoc
2416 4479 2815 4539 demonstrans.
2869 4480 3000 4548 quia
3032 4481 3252 4550 prolirie
3284 4497 3416 4537 san-

150 4568 374 4622 dicens:
405 4567 650 4635 Loquere
672 4563 796 4618 ﬁliis
828 4565 990 4618 Israel
1026 4565 1250 4618 etdices
1275 4565 1341 4618 ad
1387 4579 1481 4619 eos
1515 4582 1528 4618 :
1558 4563 1729 4619 iloxno
1762 4580 1805 4635 υ
1836 4579 1982 4626 ctum
2009 4569 2065 4622 in
2099 4567 2215 4639 lege
2238 4577 2342 4633 est,
2377 4584 2484 4621 non
2518 4570 2661 4638 quod
2708 4571 3008 4624 secundum
3039 4571 3207 4626 solam
3264 4573 3415 4628 litte-

149 4658 244 4729 qui
266 4668 450 4712 votum
473 4657 683 4720 fecerit,
713 4665 770 4710 et
797 4656 1150 4725 speponderit
1171 4657 1280 4710 Deo
1297 4655 1533 4710 animam
1553 4671 1728 4716 suam,

151 4750 257 4805 sub
283 4748 642 4803 aestimatione
665 4747 816 4802 dabit
841 4749 1096 4818 pretium.
1146 4748 1202 4801 Si
1240 4748 1407 4802 fuerit
1432 4748 1726 4824 masculus,

149 4858 182 4896 a
211 4841 469 4897 vicesimo
509 4854 680 4908 usque
744 4839 812 4893 ad
866 4839 1257 4909 sexagesimum
1304 4854 1529 4903 annum,
1580 4838 1728 4893 dabit

150 4934 548 5005 quinquaginta
572 4933 734 4986 siclos
762 4933 970 5002 argenti
1001 4932 1067 4984 ad
1106 4946 1416 4985 mensuram
1475 4940 1728 4985 sanctua-

149 5025 220 5079 rii
248 5041 262 5078 :
289 5026 334 5079 si
364 5023 578 5086 mulier,
621 5023 862 5092 triginta.
887 5022 933 5076 Α
961 5022 1152 5092 quinto
1167 5031 1350 5075 autem
1380 5036 1527 5075 anno
1552 5036 1724 5090 usque

149 5117 221 5170 ad
262 5115 892 5179 vicesimum,masculus
922 5113 1075 5167 dabit
1109 5113 1292 5183 viginti
1313 5113 1498 5176 siclos,
1524 5112 1724 5168 femina

150 5209 363 5263 decem.
387 5208 470 5261 Ab
509 5222 622 5261 uno
659 5221 848 5261 mense
889 5221 1066 5275 usque
1103 5207 1169 5260 ad
1220 5221 1423 5259 annum
1473 5205 1725 5274 quintum

147 5313 254 5371 pro
295 5298 538 5353 masculo
587 5297 866 5352 dabuntur
905 5298 1145 5366 quinque
1192 5297 1332 5360 sicli,
1395 5311 1496 5366 pro
1525 5295 1725 5349 femina

149 5400 286 5445 tres.
319 5387 735 5460 Sexagenarius,
759 5395 813 5442 et
846 5388 986 5441 ultra
1011 5388 1284 5442 masculus
1321 5388 1472 5442 dabit
1496 5387 1729 5457 quinde-

147 5481 258 5536 cim
277 5479 459 5544 siclos,
479 5480 680 5535 femina
698 5479 908 5534 decem.
946 5479 1000 5532 Si
1049 5493 1258 5549 pauper
1289 5477 1475 5544 fuerit,
1499 5491 1554 5534 et
1581 5481 1729 5535 aesti-

147 5573 448 5627 mationem
480 5573 709 5627 reddere
735 5585 846 5624 non
889 5570 1140 5636 valuerit,
1188 5571 1354 5625 stabit
1402 5587 1586 5625 coram
1643 5587 1729 5626 sa-

225 5757 267 5787 “
295 5755 375 5810 lsa
430 5767 592 5816 xxxv,
629 5754 682 5816 4,
720 5753 772 5806 5.
853 5752 897 5784 ¹¹
928 5751 1070 5807 I’sal.
1107 5769 1331 5810 cxxxni.
1374 5754 1424 5808 8.

147 5827 400 5888 1x3,12.

1509 5753 1550 5784 ¹³
1583 5753 1810 5807 Malach.
1847 5769 1930 5816 ιιι,
1966 5752 2013 5806 I.

1838 4676 1974 4726 ram,
2009 4661 2102 4714 sed
2133 4661 2296 4714 etiam
2329 4661 2630 4714 secundum
2667 4661 2920 4730 spiritum
2956 4662 3298 4732 intelligitur,
3357 4675 3415 4720 et

1837 4752 2000 4822 hujus
2040 4752 2266 4806 debetur
2325 4752 2548 4804 oblatio.
2609 4752 2763 4806 Unde
2811 4762 2866 4807 et
2891 4753 3195 4808 secundum
3240 4755 3410 4821 LXX,

1837 4845 1986 4913 ipsas
2012 4844 2359 4897 didrachmas
2380 4842 2481 4897 sibi
2502 4843 2807 4912 conjunxit,
2833 4844 3116 4900 dimidium
3131 4855 3311 4901 autem
3329 4847 3415 4902 of-

1833 4934 1963 4989 ferri
1995 4933 2252 5001 pra-cepit
2274 4948 2285 4983 :
2311 4941 2368 4986 ut
2392 4933 2560 4995 dicas,
2592 4933 2718 5002 quia
2755 4933 3208 4988 condescenitens
3267 4934 3413 4990 sicut

1834 5023 2083 5087 inﬁrmis,
2119 5024 2201 5077 his
2223 5024 2314 5094 qui
2340 5024 2510 5090 legem
2535 5023 2896 5092 accipiebant,
2945 5039 3054 5078 non
3114 5023 3411 5093 perfectam

1832 5116 2180 5182 oblationem,
2219 5115 2597 5185 imperfectum
2627 5124 2712 5169 est
2764 5116 2965 5185 quippe
2999 5115 3304 5177 dimidium,
3330 5114 3413 5168 of-

1835 5210 1964 5265 ferri
1984 5209 2263 5279 praacepit,
2300 5207 2444 5277 quod
2466 5216 2707 5261 sanctam
2731 5206 3105 5261 didrachmam
3127 5207 3178 5260 in
3211 5207 3297 5260 bis
3315 5207 3412 5260 de-

1834 5320 1950 5360 cem
1973 5315 2057 5358 est
2076 5303 2289 5367 obolos,
2327 5303 2378 5357 id
2409 5311 2512 5365 est,
2539 5301 2592 5354 in
2617 5301 2826 5372 viginti.
2855 5301 2968 5356 Lex
3015 5301 3160 5355 enim
3208 5300 3292 5354 bis
3313 5301 3410 5354 de-

1835 5413 1950 5450 cem
2000 5395 2252 5448 mandata
2301 5393 2482 5457 habet,
2543 5393 2769 5462 exigens
2796 5407 2859 5447 ea
2902 5390 3190 5460 duplicari,
3225 5389 3277 5444 id
3305 5399 3412 5454 est,

1836 5487 2136 5541 secundum
2167 5485 2423 5546 litteram,
2443 5491 2498 5536 et
2519 5485 2820 5538 secundum
2849 5482 3098 5552 spiritum
3122 5481 3411 5536 custodiri.

1835 5577 1942 5631 Illis
1965 5585 2170 5642 autem,
2202 5586 2261 5630 ut
2287 5583 2469 5629 mente
2502 5575 2858 5645 pauperibus,
2894 5572 3220 5636 sufﬁciebat,
3241 5582 3295 5625 et
3321 5587 3414 5625 So—

3177 5751 3214 5783 .5
3237 5748 3411 5807 Exod.

2094 5753 2137 5782 “
2161 5751 2300 5807 Psai.
2330 5769 2469 5816 χιιι,
2502 5753 2551 5804 5.
2642 5754 2683 5784 ’⁵
2715 5753 2855 5804 Psal.
2889 5767 2970 5805 ut
2995 5791 3008 5814 ,
3041 5752 3087 5806 ξι.
