4158 6450
744 373 878 439 1159

1927 369 2284 433 ΗΕδἩΣΗΙῙ
2345 367 2814 430 PRESBYTER!

3882 347 4016 413 ῙΙω

743 497 851 549 la-
868 494 1118 547 iitteram
1147 489 1451 552 custodire.
1477 499 1702 561 propter
1725 487 2095 542 inﬁrmitatem
2119 501 2310 542 suam:
2347 490 2388 543 Α
2421 484 2696 536 allectum
2751 482 3075 550 perfectum,
3123 489 3176 532 et
3227 479 3624 538 fortitudinem,
3665 487 3724 530 et
3769 475 4014 529 ﬁliorum
4085 471 4114 481 '

742 596 798 638 et
827 586 1017 638 decem
1080 584 1459 636 mandatorum
1504 583 1703 637 oderre
1750 584 1943 636 saltem
1988 580 2319 634 sensibiliter

744 675 1119 744 impletionem
1173 684 1337 743 atque
1367 674 1658 734 actionem,
1678 687 1773 742 per
1803 688 1964 741 quam
1988 673 2320 725 suametiam

743 767 975 820 liberare
994 767 1233 819 animam
1265 765 1334 818 de
1361 774 1709 834 peccatorum
1745 764 2008 818 servitute
2045 763 2323 815 sensibilis

745 856 985 911 Israelita
1004 866 1236 924 poterat.
1258 855 1317 909 Si
1343 857 1466 925 quis
1489 870 1617 925 ergo
1637 871 1668 908 a
1710 855 1974 908 vicesimo
2018 866 2166 906 anno
2213 860 2318 912 est,

746 949 801 1003 id
836 957 940 1011 est,
965 949 1158 1017 pubes,
1191 947 1367 1010 fortis,
1423 947 1653 1009 validus,
1693 945 1970 999 suﬁciens
1995 959 2188 998 omnes
2207 943 2322 997 vir-

749 1049 892 1094 tutes
919 1040 1155 1108 operari.
1178 1050 1232 1093 et
1253 1040 1526 1108 subjicere
1549 1037 1914 1108 intelligibiles
1937 1037 2191 1090 inimicas
2208 1049 2324 1088 om-

749 1132 912 1184 nibus
939 1131 1266 1191 acu'onibus,
1289 1139 1344 1182 et
1373 1130 1631 1197 operibus
1655 1148 1666 1180 :
1693 1145 1724 1182 a
1752 1128 1937 1198 viginti
1964 1127 2108 1181 anim
2139 1125 2321 1189 annis,

747 1233 803 1277 ct
826 1238 1010 1292 supra,
1043 1223 1204 1276 Israel
1235 1222 1358 1275 vide
1381 1221 1511 1290 quid
1541 1221 1609 1274 de
1631 1220 1734 1275 hac
1751 1231 1913 1274 ttate
1941 1218 2180 1272 dicebat.

820 1313 1004 1367 Omnis
1029 1313 1293 1365 musculus
1318 1329 1351 1364 ι
1381 1314 1568 1382 uiginti
1595 1314 1750 1365 aulis
1811 1322 1860 1364 et
1907 1328 2092 1378 supra.
2119 1309 2326 1363 Omnes

746 1406 838 1475 qui
866 1405 1143 1458 ambulant
1168 1407 1221 1456 in
1251 1405 1451 1457 virtute
1478 1421 1490 1454 :
1527 1419 1624 1456 sua
1650 1403 1954 1456 fortitudini
1981 1403 2218 1455 maxime
2243 1401 2327 1455 his

747 1499 842 1566 qui
869 1496 998 1550 illud
1030 1506 1196 1565 agunt
1223 1505 1459 1562 tempus,
1495 1496 1549 1548 in
1607 1495 1885 1564 pradictis
1948 1493 2324 1546 testimonium

750 1589 981 1657 prabuit
1015 1587 1217 1648 verbis,
1251 1586 1325 1638 ita
1357 1595 1546 1655 utpote
1577 1586 1680 1639 hac
1703 1595 1883 1649 etate,
1916 1599 2209 1638 excurrere
2229 1600 2325 1637 vae

746 1680 969 1741 lentem,
995 1688 1051 1732 et
1085 1693 1235 1731 arma
1280 1687 1520 1747 portare,
1552 1679 1894 1747 multumque
1925 1677 2214 1733 habentem
2267 1678 2323 1730 in

746 1770 956 1841 agendo
1015 1770 1285 1822 fervorem
1323 1770 1696 1838 caloremque,
1743 1769 1908 1838 hujus
1976 1770 2236 1838 pretium,
2273 1769 2326 1822 id

2425 573 2860 638 procreationem
2892 569 3075 628 habet,
3111 581 3170 622 ut
3209 585 3277 623 ex
3321 569 3672 622 sensibilibus
3713 580 3820 618 nos
3853 564 4016 616 inteio

2424 663 2647 732 ligibilia
2678 665 3000 734 cogitemus.
3044 661 3181 733 Ergo
3217 664 3309 731 qui
3352 661 3688 714 intellectum
3733 667 4014 711 maturum

2423 765 2479 807 et
2519 753 2821 822 perfectum
2873 753 3056 815 habet,
3091 763 3148 807 et
3194 751 3594 814 fortitudinem,
3629 758 3691 803 ut
3731 747 3890 815 quod
3938 747 4014 797 in-

2425 843 2633 896 tellexit
2680 853 2822 912 agat,
2869 843 2959 896 hic
3007 843 3146 896 ﬁlios
3197 857 3515 910 comparare
3562 842 3700 893 alios
3747 836 3890 897 Deo,
3925 852 4016 904 per

2425 949 2578 988 suam
2631 935 3144 999 conversationem,
3191 934 3277 987 vel
3331 933 3632 986 doctrinam
3687 932 4015 998 impendens

2425 1036 2624 1092 potest.
2688 1024 2863 1094 Hujus
2918 1028 3153 1093 pretium
3221 1025 3419 1078 anima:
3477 1023 3885 1092 quinquaginta
3940 1022 4013 1071 di-

2425 1118 2698 1171 drachmas
2730 1116 3004 1185 perfectus
3043 1116 3253 1170 fruetus
3289 1124 3395 1178 est,
3435 1125 3492 1168 et
3529 1113 3892 1184 pet-factionis
3927 1128 4012 1164 co-

2427 1222 2584 1271 rona,
2613 1223 2736 1276 qua
2779 1217 2836 1262 ct
2877 1207 3196 1276 martyrium
3228 1206 3448 1260 habebit
3488 1215 3543 1258 et
3585 1219 3772 1258 rerum
3817 1204 4008 1269 dque-

2425 1308 2595 1355 ctum.
2629 1308 2688 1351 et
2727 1313 2947 1352 omnem
2991 1298 3136 1350 illam
3178 1295 3589 1366 perfectionem.
3618 1309 3790 1364 quam
3832 1293 4010 1346 Domi-

2426 1407 2532 1444 nus
2556 1391 2776 1444 dicebat
2795 1410 2808 1443 :
2829 1390 2995 1443 Erilis
3022 1390 3260 1457 perfecti,
3287 1390 3423 1440 sicut
3454 1398 3502 1440 et
3533 1386 3698 1440 Pater
3720 1397 3898 1438 uester
3925 1402 4012 1437 ιιι-

2427 1481 2569 1534 Iestis
2607 1483 2866 1549 perfectus
2896 1491 2970 1533 est
2999 1481 3068 1532 ”.
3105 1478 3219 1533 Hoc
3263 1490 3445 1532 autem
3477 1478 3700 1546 quando
3743 1477 4014 1530 masallus

2427 1571 2627 1632 fuerit,
2675 1572 2726 1624 id
2776 1582 2882 1634 est,
2915 1571 3135 1640 quando
3188 1579 3406 1638 semper
3460 1568 3619 1622 fortis
3661 1587 3674 1618 :
3715 1568 3826 1620 hoc
3876 1569 4008 1619 enim

2427 1668 2516 1720 hic
2552 1667 2852 1719 masculum
2901 1665 3054 1719 dicit.
3101 1664 3338 1718 Femina
3383 1673 3564 1716 autem
3616 1664 3729 1715 erit
3777 1662 4009 1714 δύαι-

2428 1759 2527 1822 tio,
2563 1759 2782 1827 triginta
2826 1758 2966 1820 sicli,
2994 1757 3110 1809 sive
3156 1756 3511 1817 didrachmm,
3557 1763 3618 1806 ut
3665 1755 3784 1805 sint
3829 1751 4012 1804 drach-

745 1872 851 1927 εει,
879 1862 1224 1916 conversatio
1289 1870 1345 1915 ει
1387 1861 1852 1926 ﬂigi-eumut“),
1889 1876 2050 1927 quam
2105 1877 2207 1930 pro
2239 1875 2326 1914 se.
2359 1845 2398 1896 Β
2429 1865 2531 1902 mae
2585 1851 2902 1918 sexaginta,
2967 1848 3205 1901 fructum
3266 1846 3520 1898 videlicet
3573 1844 4009 1912 sexagenarium.

745 1953 980 2022 metipso
1013 1951 1122 2006 Deo
1151 1951 1334 2014 olert,
1362 1963 1417 2006 et
1449 1952 1742 2020 promittit,
1765 1952 2160 2021 quinquaginta
2181 1951 2322 2013 sidi,

745 2045 861 2098 sive
897 2042 1174 2098 drachma
1201 2053 1352 2095 sunt.
1379 2042 1897 2111 Quinquagenarius
1925 2042 2074 2094 enim
2126 2056 2324 2095 nume-

748 2151 842 2190 rus
863 2136 1168 2205 spiritalem
1201 2134 1399 2204 ﬁgurat
1429 2135 1615 2197 vitam,
1687 2134 1817 2202 quia
1870 2134 1927 2186 in
1989 2133 2326 2201 quinquage-

747 2229 890 2283 simo
948 2228 1036 2282 die
1117 2230 1287 2280 sancti
1353 2226 1592 2295 Spiritus
1654 2227 1921 2280 adventus
1989 2224 2168 2278 factus
2221 2233 2324 2278 est.

751 2319 860 2374 Sed
893 2320 948 2372 in
987 2335 1132 2372 anno
1169 2318 1621 2388 quinquagesimo
1655 2317 1905 2370 libentia
1933 2316 1993 2370 fit
2018 2316 2200 2369 omnis
2227 2315 2326 2369 de-

749 2414 872 2479 biti,
903 2424 960 2467 et
995 2421 1154 2467 terra
1181 2410 1475 2473 restitutio,
1511 2407 2329 2478 multaqueineoaliabonalu—

747 2507 881 2560 dcis
905 2520 1007 2574 per
1035 2504 1208 2574 legem
1243 2502 1503 2572 disposita
1531 2510 1677 2554 sunt.
1713 2499 2115 2570 Quinquaginta
2146 2510 2330 2552 autem

749 2599 827 2651 ait
872 2597 1057 2658 siclos,
1097 2596 1182 2649 vel
1227 2594 1611 2657 didrachmas,
1669 2603 1732 2646 ut
1781 2594 1976 2646 iterum
2028 2584 2338 2661 duplicaret

749 2685 1165 2756 quinquaginta,
1190 2693 1247 2737 et
1273 2693 1496 2737 centum
1525 2683 1734 2737 diceret
1747 2684 2058 2747 hcbma,
2094 2681 2334 2736 fructum

752 2779 904 2832 illum
938 2776 1240 2847 perfectum
1279 2776 1522 2845 signans,
1557 2776 1714 2828 istam
1759 2775 1948 2829 dicens
1983 2776 2178 2828 bonam
2220 2783 2335 2826 ter-

755 2887 868 2925 ram
905 2867 1254 2932 fructiﬁcare,
1283 2883 1564 2937 exponens
1597 2869 1865 2922 seminum
1911 2867 2246 2938 parabolam,
2281 2867 2334 2919 in

756 2962 996 3032 triginta,
1025 2972 1081 3017 et
1111 2964 1413 3034 sexaginta,
1433 2971 1491 3015 et
1515 2971 1735 3015 centum
1757 2960 1950 3016 dividit
1979 2978 1991 3012 :
2017 2959 2164 3014 hunc
2188 2959 2336 3013 enim

755 3070 1048 3108 numerum
1105 3054 1288 3107 nullus
1345 3053 1627 3107 hominum
1686 3061 1868 3122 potest
1923 3051 2334 3106 transcendere.

2428 1955 2683 2010 magnum
2748 1940 2970 2007 quidem
3019 1948 3076 1992 et
3122 1939 3339 2007 ipsum,
3397 1936 3506 1989 sed
3536 1935 3866 1989 centenario
3919 1934 4010 1985 mi-

2428 2050 2530 2086 nor
2573 2044 2677 2095 cst,
2720 2043 2944 2101 propter
2994 2030 3140 2100 quod
3186 2040 3240 2084 et
3285 2029 3502 2083 femina
3546 2027 3858 2081 introduxit
3903 2040 4012 2093 per-

2428 2140 2639 2184 scnam,
2676 2140 2800 2193 qua:
2845 2126 3022 2177 minor
3061 2133 3144 2177 est
3184 2138 3214 2175 a
3245 2123 3409 2176 virili.
3450 2121 3593 2191 Ergo
3635 2130 3696 2173 et
3739 2119 4009 2176 mulieres.

2428 2217 2648 2285 quando
2687 2216 2753 2269 ad
2799 2230 3111 2269 mensuram
3157 2229 3425 2267 summam
3475 2213 3860 2282 pervenerint,
3898 2226 4012 2279 pro.

2429 2311 2695 2377 fecueque
2739 2308 2940 2362 fuerint
2992 2311 3060 2360 ad
3109 2307 3520 2378 perfectionem,
3567 2303 3743 2358 fortes
3791 2313 4015 2374 possunt

2430 2403 2715 2470 appellari,
2754 2411 2939 2471 utpote
2970 2417 3090 2470 qua
3123 2416 3277 2454 suam
3321 2411 3645 2470 trangresst
3685 2407 3820 2452 sunt
3870 2395 4014 2450 inﬁr-

2432 2495 2703 2556 mitatem,
2749 2494 3222 2562 intentionemque
3266 2493 3604 2546 fortitudinis
3650 2501 4016 2548 resumentes.

2433 2593 2658 2653 propter
2685 2586 2832 2654 quod
2853 2593 2913 2638 et
2942 2585 3170 2653 spiritus
3197 2583 3292 2637 Dei
3332 2583 3385 2636 in
3420 2583 3736 2637 Proverbiis
3763 2581 3979 2636 dicebat
4003 2602 4014 2632 :

2433 2677 2707 2731 lulierelu
2759 2679 2944 2747 fortem
2990 2678 3108 2745 quis
3147 2679 3375 2730 iureniet
3400 2676 3486 2728 “3
3519 2674 3620 2734 Cui
3662 2691 3798 2745 ergo
3841 2689 4018 2728 rerum

2433 2770 2727 2840 despectus
2772 2768 2965 2823 deest?
2997 2770 3114 2822 Alia
3167 2777 3352 2822 autem
3387 2768 3463 2821 ait
3495 2767 3764 2838 perfecte,
3799 2782 3927 2835 qu:
3958 2766 4020 2819 de

2435 2863 2680 2917 omnium
2731 2877 2914 2914 rerum
2965 2861 3307 2915 continentia
3344 2860 3430 2914 lex
3461 2860 3739 2930 corrigere
3767 2860 3950 2927 jubet.
3972 2859 4017 2911 ei

2437 2956 2527 3024 qui
2560 2954 2863 3010 secundum
2897 2969 3018 3006 eam
3060 2953 3214 3006 vivit.
3255 2951 3428 3021 Hujus
3464 2952 3758 3007 astimatio
3803 2963 3891 3006 est
3939 2952 4023 3002 tri-

2439 3047 2586 3118 ginta
2637 3046 2775 3109 sicli,
2823 3047 2939 3100 sive
2991 3047 3347 3110 didrachmas,
3389 3046 3441 3100 id
3498 3056 3586 3099 est
3635 3044 4022 3114 sexagenarius

756 3149 990 3202 Centum
1023 3157 1215 3201 autem
1243 3147 1524 3200 drachma:
1563 3161 1756 3199 rursus
1787 3145 2109 3215 decuplatz,
2145 3145 2409 3238 obolusc
2442 3137 2674 3238 fructus.
2711 3153 2873 3207 quem
2923 3149 2979 3192 et
3027 3136 3228 3192 Paulus
3271 3137 3511 3207 ﬁgurans
3555 3136 3771 3190 dicebat
3802 3155 3814 3187 :
3860 3134 4021 3188 Vidn

757 3243 904 3293 enim
960 3241 1151 3294 decem
1204 3240 1528 3302 drachmas,
1574 3238 2033 3308 quemadmodum
2079 3236 2337 3298 diximus,

760 3332 943 3388 habet.
985 3331 1350 3384 millenarium
1380 3345 1671 3384 numerum
1694 3329 2009 3400 perﬁciunt,
2045 3328 2100 3381 in
2121 3344 2230 3399 quo
2257 3337 2340 3382 est

760 3435 870 3474 non
913 3421 1169 3488 qualibet
1213 3419 1493 3489 perfectio,
1539 3419 1636 3473 sed
1677 3419 2005 3482 celestium,
2039 3419 2092 3474 id
2132 3428 2216 3473 cst
2255 3418 2340 3472 in-

759 3522 1177 3576 corporearum,
1195 3523 1315 3575 quae
1340 3517 1424 3560 est
1446 3506 1684 3571 illorum,
1707 3508 1798 3577 qui
1824 3508 2214 3562 habitationem
2247 3523 2342 3561 su-

760 3613 859 3667 per
881 3612 982 3650 nos
1004 3598 1182 3651 sortiti
1208 3605 1357 3661 sunt,
1381 3613 1501 3666 qua
1523 3606 1608 3652 est
1632 3597 2012 3653 excedentium
2039 3601 2343 3669 corruptio-

761 3701 910 3751 nem,
961 3696 1016 3740 et
1071 3688 1524 3755 consequentium
1581 3688 2070 3758 incorruptionem,
2119 3701 2344 3760 propter

760 3779 905 3846 quod
963 3777 1056 3832 Dei
1109 3778 1333 3847 spiritus
1383 3779 1436 3831 in
1474 3778 1716 3833 Canticis
1755 3781 2196 3836 dicebat:Vinen
2242 3785 2342 3852 fuit

761 3868 1017 3935 paciﬁca,
1065 3868 1121 3918 in
1172 3883 1235 3919 ea
1286 3885 1404 3937 qua
1451 3868 1604 3921 habet
1652 3873 1887 3938 populos.
1941 3871 2175 3924 Tradidit
2224 3889 2342 3924 eam

762 3961 1085 4024 custodibus,
1121 3960 1202 4012 rir
1225 3960 1375 4028 dfert
1406 3961 1636 4030 fructum
1666 3963 1779 4030 ejus
1804 3962 1948 4016 mille
1975 3973 2249 4032 argenteos
2276 3965 2340 4018 "’.

763 4050 896 4116 Quis
939 4051 1020 4103 vir
1076 4049 1277 4119 (neque
1309 4050 1456 4104 enim
1484 4065 1676 4105 omnes
1714 4052 1859 4105 hunc
1885 4051 2085 4106 oderre
2115 4061 2345 4121 possunt

763 4142 1141 4211 frugium),ex
1190 4143 1546 4210 sequentibus
1587 4143 1755 4197 disce.
1797 4141 1939 4197 lille
1987 4144 2062 4198 tui
2110 4143 2341 4212 paciﬁci,

763 4246 820 4288 et
847 4234 1069 4288 ducenti
1106 4235 1192 4288 his
1220 4236 1312 4303 qui
1344 4235 1665 4290 custodiunt
1691 4235 1901 4290 fructus
1929 4237 2068 4307 ejus.
2095 4235 2239 4290 lille
2267 4237 2342 4289 tui

763 4324 996 4394 paciﬁci,
1016 4326 1068 4379 id
1088 4334 1172 4378 est
1191 4323 1484 4378 Salomon:
1508 4326 1767 4381 Salomon
1789 4338 1971 4382 autem
1990 4328 2345 4398 iutelligibilis

761 4412 1018 4467 Christus
1049 4423 1153 4476 est,
1185 4416 1311 4484 quia
1356 4414 1614 4468 Salomon
1643 4416 1896 4484 paciﬁcus
1929 4417 2340 4487 interpretatur.

2443 3228 2674 3299 eligatur
2707 3244 2811 3278 non
2841 3229 3016 3279 mittor
3046 3229 3320 3297 sexaginta
3353 3243 3616 3280 annorum
3639 3227 3684 3257 "
3719 3247 3733 3280 :
3767 3242 3866 3296 per
3893 3235 4022 3282 aa-

2442 3327 2550 3372 tcm
2608 3333 3009 3387 numerumque
3071 3333 3339 3372 annorum
3391 3317 3742 3372 manifestam
3799 3317 4024 3376 volens.

2442 3426 2580 3480 quas
2622 3411 2853 3465 virtutes
2907 3420 2963 3465 et
3014 3410 3260 3464 actiones
3298 3409 3561 3464 exhibere
3611 3408 3808 3464 debeat
3842 3408 4026 3470 vidua.

2441 3520 2564 3575 quae
2611 3519 2641 3557 a
2686 3501 2797 3557 Deo
2823 3503 3040 3573 legitur,
3084 3517 3205 3572 qua
3235 3503 3290 3556 in
3321 3503 3522 3557 divinis
3549 3503 3804 3557 scribitur
3825 3501 4028 3566 Libris,

2443 3604 2501 3649 et
2523 3609 2646 3662 qua:
2676 3603 2856 3662 potest
2888 3594 2941 3645 in
2971 3609 3203 3648 numero
3224 3592 3529 3648 Jerusale
3550 3595 3785 3649 celestis
3802 3594 4028 3664 degere.

2444 3686 2674 3754 Propter
2696 3685 2841 3754 quod
2879 3695 2936 3738 ct
2968 3686 3229 3749 subdidit,
3266 3687 3556 3740 insinuans
3583 3688 3726 3755 quod
3753 3702 3871 3740 non
3907 3697 4030 3740 tan-

2445 3788 2559 3833 tum
2587 3779 2636 3832 ei
2663 3778 2731 3832 de
2755 3787 2936 3840 state,
2966 3788 3061 3831 aut
3102 3779 3285 3844 annis,
3327 3787 3591 3847 quantum
3630 3778 3697 3832 de
3733 3778 4033 3832 virtutibus

2442 3882 2565 3937 quse
2607 3883 2707 3936 per
2753 3869 2870 3921 hac
2918 3868 3318 3937 signiﬁcantur,
3352 3883 3483 3922 cura
3522 3875 3641 3921 erat
3674 3885 3685 3919 :
3723 3865 3898 3920 Euius
3928 3870 4032 3920 uiri

2443 3977 2578 4014 aur
2606 3976 2624 4013 :
2656 3961 2703 4014 si
2733 3961 2870 4029 ﬁlios
2895 3961 3159 4024 educauit,
3196 3962 3243 4013 si
3275 3961 3500 4028 hospitio
3529 3974 3782 4028 pauperes
3809 3962 4032 4026 recepit,

2441 4055 2489 4106 si
2515 4062 2820 4107 sanctorum
2848 4055 3001 4122 pedes
3026 4052 3181 4114 lat-it,
3213 4054 3260 4106 si
3291 4054 3682 4106 tribulationem
3706 4053 4035 4120 patientibus

2442 4143 2882 4209 sabusinistrneit,
2908 4146 2954 4197 si
2984 4161 3134 4197 omne
3166 4161 3297 4214 opus
3325 4145 3514 4197 bonum
3539 4145 3824 4197 subsecuta
3855 4154 3934 4197 est
3965 4146 4034 4199 ”.

2446 4235 2574 4288 llaec
2617 4236 2835 4304 quidem
2868 4235 3147 4304 perfectus
3182 4245 3238 4290 et
3280 4251 3379 4305 per
3407 4237 3589 4290 omnia
3617 4246 4038 4291 consummatus

2447 4325 2630 4377 homo.
2667 4324 2798 4378 Vide
2847 4335 3031 4378 autem
3070 4335 3125 4379 et
3173 4341 3297 4380 eum
3337 4326 3424 4380 cui
3470 4327 3573 4380 hoc
3608 4327 3782 4391 deest,
3812 4328 3920 4381 sed
3959 4338 4036 4381 ta-

2447 4430 2571 4469 men
2603 4419 2671 4470 ad
2699 4416 2850 4469 illum
2879 4417 3106 4484 provehi
3137 4418 3429 4472 desiderat.

762 4506 1015 4560 Christus
1054 4523 1186 4578 ergo
1227 4523 1418 4578 pacem
1455 4509 1639 4578 generi
1683 4511 1922 4564 humano
1952 4510 2117 4564 dedit.
2162 4510 2341 4579 Ipsum
2377 4512 2419 4566 D
2517 4511 2562 4563 Α
2591 4513 2776 4580 quinto
2809 4520 2986 4563 autent
3017 4527 3160 4564 uno
3189 4528 3302 4581 usq:
3324 4529 3352 4565 e
3381 4514 3452 4564 ad
3481 4513 3782 4564 ricaim
3811 4519 4037 4567 meacu-

760 4597 921 4651 decet
945 4599 1220 4667 prmeipue
1244 4609 1300 4652 et
1325 4599 1609 4668 perfectio,
1641 4608 1695 4653 et
1729 4616 1823 4654 eos
1849 4601 1941 4669 qui
1975 4602 2344 4656 conversatio-

763 4703 889 4741 nem
927 4689 1047 4756 ejus
1077 4698 1376 4747 sectantur.
1409 4700 1465 4744 et
1484 4691 1788 4760 angelicum
1810 4702 2075 4763 peragunt
2100 4708 2340 4756 cursum,

760 4780 962 4848 quibus
1009 4780 1348 4834 millenarius
1394 4797 1659 4835 numerus
1699 4793 1887 4853 utpote
1926 4785 2199 4853 perfectus
2244 4785 2344 4840 de-

763 4879 987 4939 putatur
1021 4890 1034 4924 :
1067 4871 1240 4923 'Hilliu
1296 4872 1443 4926 enim
1508 4873 1733 4926 millium
1785 4876 2155 4927 ministrabant
2198 4876 2246 4928 τί
2281 4875 2346 4941 ιι,

760 4962 838 5015 ait
897 4961 1116 5024 Daniel,
1179 4963 1308 5017 dum
1372 4965 1623 5020 ccelestes
1670 4967 1898 5019 virtutes
1946 4965 2057 5020 Deo
2103 4977 2344 5021 astantes

761 5063 1078 5121 exponeret.
1114 5054 1297 5107 Sedet
1333 5053 1498 5108 David
1523 5057 1599 5109 ait
1624 5076 1635 5107 :
1659 5055 1863 5109 Memor
1883 5059 1983 5126 fuit
2014 5059 2067 5109 in
2092 5059 2344 5112 saeuiunt

761 5148 1060 5199 testamenti
1106 5148 1186 5198 sui
1225 5149 1316 5200 "z
1368 5149 1514 5201 verbi
1562 5150 1705 5216 quod
1761 5150 2040 5204 mandavi:
2093 5152 2144 5204 in
2197 5151 2345 5204 mille

760 5238 1165 5306 generationes,
1204 5237 1596 5307 perfectionem
1639 5240 1835 5294 divina:
1879 5241 2031 5312 legis,
2063 5253 2117 5295 et
2149 5257 2342 5297 eorum

757 5327 853 5400 qui
915 5330 1086 5397 legem
1142 5331 1551 5399 percipiebant,
1611 5347 1705 5398 per
1760 5333 1909 5387 mille
1960 5335 2343 5404 generationes

757 5419 1079 5474 ostendens.
1115 5419 1154 5473 Α
1198 5421 1386 5491 viginti
1433 5432 1618 5474 autem
1660 5425 1817 5477 annis
1858 5441 2031 5493 usque
2071 5426 2138 5479 ad
2183 5441 2342 5497 sexa;

756 5507 907 5579 ginta
942 5525 1137 5574 annos,
1173 5512 1309 5564 intra
1353 5511 1468 5566 haec
1506 5512 1652 5567 enim
1701 5524 1964 5586 tempora,
1997 5527 2128 5570 .t-tas
2159 5528 2211 5570 et
2256 5519 2342 5570 in-

841 5692 880 5722 "
904 5695 1062 5746 (-ant.
1087 5711 1202 5758 \‘m,
1233 5695 1317 5751 ll.

761 5763 811 5797 "
839 5764 968 5818 ibid.
1011 5770 1092 5819 l0.

1396 5697 1439 5727 "
1467 5693 1599 5749 Dan.
1627 5707 1724 5759 m,
1759 5695 1843 5747 10.

1913 5697 1952 5726 ¹⁹
1981 5694 2121 5749 Psal.
2166 5712 2269 5759 ctv,
2303 5696 2356 5750 8.

2447 4602 2530 4655 lus
2575 4603 2724 4654 dabit
2763 4603 2948 4672 uiginti
2987 4603 3161 4656 sitias.
3210 4601 3357 4667 Sive,
3394 4615 3452 4656 ut
3481 4602 3644 4666 LXX,
3673 4605 4035 4660 diduci-lt.

2451 4691 2548 4746 llic
2583 4708 2710 4746 eum
2740 4693 2831 4762 qui
2864 4694 3100 4747 necdum
3135 4694 3356 4762 quidem
3396 4704 3480 4748 est
3515 4693 3811 4763 perfectus.
3839 4709 4038 4749 sensa-

2449 4793 2565 4837 tum
2646 4794 2829 4838 tamen
2907 4785 3184 4839 hominem
3247 4786 3418 4848 dicit,
3485 4796 3540 4840 et
3602 4786 3696 4854 qui
3765 4787 4038 4855 proiicere

2448 4878 2616 4946 cmpit
2649 4895 2662 4929 :
2699 4892 2898 4930 sensus
2931 4878 3077 4930 enim
3121 4892 3217 4947 per
3253 4893 3541 4930 numerum
3579 4879 3821 4946 quinque
3856 4893 4034 4932 anno-

2451 4983 2572 5020 rum
2605 4967 2805 5030 innuit,
2833 4968 2925 5036 qui
2957 4977 3032 5020 tot
3061 4979 3192 5021 sunt
3220 4984 3472 5023 numero.
3503 4968 3784 5023 Perfectus
3807 4983 3996 5024 autem
4020 4991 4031 5022 :

2448 5061 2542 5128 qui
2593 5062 2661 5114 ad
2709 5061 3056 5130 juventntem
3111 5061 3306 5123 tendit,
3342 5071 3396 5114 et
3443 5060 3512 5115 ad
3561 5061 3973 5128 perfectiorcm,
4007 5077 4034 5114 s

2447 5154 2690 5222 quinque
2725 5154 2907 5217 annis,
2939 5163 2994 5205 et
3022 5169 3192 5224 usque
3223 5155 3291 5207 ad
3323 5155 3641 5208 vicesimum
3680 5169 3892 5207 annum
3931 5165 4031 5208 est.

2452 5245 2652 5315 Viginti
2699 5245 2845 5298 enim
2885 5261 3180 5305 annorum,
3216 5247 3362 5299 inter
3393 5245 3562 5299 fortes
3590 5247 3756 5299 etiam
3790 5259 4033 5315 pugnare

2450 5337 2638 5390 valens
2663 5346 2985 5390 numentus
3008 5346 3092 5390 est
3116 5353 3144 5390 a
3179 5337 3317 5406 lege,
3341 5338 3483 5391 sicut
3505 5335 3872 5389 Numerorum
3904 5336 4032 5389 liber

2451 5429 2714 5483 ostendit.
2763 5427 2936 5497 Hujus
2987 5445 3121 5498 ergo
3159 5431 3394 5498 pretium
3440 5428 3627 5497 viginti
3675 5428 4029 5487 didmbmz,

2453 5520 2505 5573 id
2566 5530 2649 5574 cst
2700 5521 2975 5575 drachma:
3023 5521 3382 5592 quadraginta
3433 5521 3577 5574 oboli
3616 5520 4027 5590 quadringenti.

2439 5698 2482 5728 ”
2505 5696 2695 5751 Matth.
2744 5714 2793 5762 v,
2828 5699 2912 5754 48.
2979 5703 3018 5731 "
3065 5700 3222 5755 Prov.
3262 5717 3406 5763 xm,
3450 5698 3530 5752 l0.
3605 5693 3860 5751 "lTim.
3892 5712 3951 5765 ν,
3979 5694 4027 5750 9.
