4158 6450
114 425 247 493 1161

1239 421 1320 480 ΙΝ
1361 416 1800 478 LEVITICUM.
1825 439 1896 451 ·-
1926 415 2071 474 LIB.
2104 415 2228 469 VII.

3233 411 3370 476 1162

105 543 447 614 Jejuuiurum
483 552 663 596 autem
685 551 849 610 atque
887 539 1148 593 orationis
1188 536 1515 605 profectum,
1551 550 1686 602 qua-
1720 549 1761 600 Α
1793 531 2065 585 drachuma
2103 540 2250 592 sunt,
2282 539 2340 582 ut
2371 531 2423 584 in
2461 528 2738 601 mysteriis
2766 527 3013 598 duplices
3042 544 3239 584 sensus
3270 534 3370 586 ha-

108 637 355 706 draginta
406 634 792 688 drachmarum
843 648 1105 686 numerus
1144 630 1430 700 significat,
1472 629 1596 696 quia
1635 636 1690 681 et

111 739 193 781 tot
221 727 414 781 diebus
438 726 717 794 jejunasse
743 733 797 778 et
822 724 1080 794 Moysem,
1112 732 1167 776 et
1198 722 1392 782 Eliam,
1425 731 1481 775 et
1512 720 1688 787 ipsum

114 818 405 871 Dominum
451 817 778 877 didicimus,
827 815 1047 882 quando
1100 830 1128 866 a
1179 813 1393 866 diabolo
1445 811 1693 866 tentaba-

112 921 204 965 tur
228 910 294 963 “.
327 908 862 978 Quadringentorum
885 891 1066 961 autem
1088 921 1350 960 numerus
1373 904 1500 974 quid
1523 905 1691 974 signi-

114 1003 261 1064 ficet,
295 1008 392 1055 aut
422 1016 582 1069 quam
619 1000 956 1054 demonstret
987 999 1477 1062 conversationem,
1508 1009 1693 1054 osten-

112 1093 198 1146 dit
219 1092 366 1160 quod
392 1091 598 1145 dictum
623 1099 707 1144 est
731 1091 784 1144 in
809 1092 950 1145 libro
975 1090 1205 1160 Regum,
1229 1091 1448 1158 quando
1475 1106 1694 1145 reversa

115 1184 273 1238 navis
311 1199 435 1251 quae
493 1183 814 1236 mittebatur
852 1198 880 1235 a
925 1182 1234 1247 Salomone,
1274 1182 1340 1235 ad
1383 1180 1693 1250 Sophiram,

116 1275 376 1337 dicebat;
405 1274 480 1328 ait
508 1275 652 1328 enim
685 1275 984 1328 secundum
1020 1271 1158 1326 LXX
1183 1290 1197 1325 :
1222 1272 1288 1325 Et
1323 1273 1460 1326 venit
1491 1273 1562 1328 ad
1599 1271 1696 1326 So-

115 1365 330 1428 pln'ram
359 1365 448 1418 “2
488 1363 687 1433 SOphir
726 1373 908 1416 autem
956 1363 1145 1415 bonum
1198 1360 1608 1429 interpretatur,
1643 1369 1698 1414 et

116 1451 333 1520 accepit
375 1452 502 1505 inde
538 1451 656 1504 auri
692 1450 1048 1520 quadraginta
1080 1461 1136 1503 et
1163 1449 1351 1518 viginti
1398 1448 1614 1512 talenta,
1643 1458 1698 1503 et

120 1543 346 1595 adduxit
377 1543 488 1612 regi
531 1541 827 1596 Salomoni.
867 1541 1023 1606 Quod
1067 1557 1196 1611 ergo
1237 1541 1316 1595 sic
1349 1541 1550 1594 bonum
1591 1551 1694 1604 est,

120 1637 264 1688 sicut
303 1650 402 1703 per
432 1635 724 1704 jejunium,
755 1644 810 1688 et
850 1634 1150 1688 orationem
1181 1633 1445 1696 exerceri,
1473 1643 1528 1686 et
1572 1649 1698 1701 pro-

122 1727 250 1780 vehi
291 1727 356 1779 ad
395 1729 538 1781 illam
568 1728 756 1791 vitam,
784 1727 851 1780 ad
892 1743 1052 1796 quam
1094 1727 1304 1796 Moyses
1334 1737 1390 1780 et
1426 1726 1568 1780 Elias
1605 1741 1700 1779 su-

124 1817 554 1885 permdificantes
576 1818 789 1886 jejunio
819 1827 983 1884 atque
1017 1817 1249 1870 orationi
1290 1817 1540 1878 virtutes,
1572 1831 1700 1884 pro-

121 1909 265 1962 vecti
294 1919 422 1962 sunt
453 1927 466 1961 :
500 1909 579 1962 sic
608 1909 868 1962 Dominus
897 1908 1181 1961 insinuare
1209 1907 1562 1976 semetipsum
1604 1921 1701 1974 per
1733 1892 1772 1946 Β

120 1999 590 2068 przedicationem,
619 2009 673 2054 et
721 2000 870 2069 signa
906 1999 1090 2068 generi
1131 1999 1372 2052 humano
1410 1997 1696 2066 incipiens,

117 2091 388 2159 jejunium
433 2101 488 2144 et
525 2092 828 2145 orationem
869 2107 980 2146 sum
1022 2090 1454 2145 conversationis
1499 2089 1701 2159 princi-

123 2183 272 2250 pium
323 2183 470 2236 fecit.
520 2182 842 2252 Quicunque
881 2199 1011 2254 ergo
1048 2192 1300 2238 scnsatus
1337 2182 1556 2251 quidem
1593 2189 1698 2245 est,

119 2285 178 2328 et
225 2277 490 2344 prolicere
538 2275 749 2344 incipit,
783 2291 892 2329 non
932 2285 1113 2329 tamen
1146 2274 1333 2339 nimis,
1367 2274 1460 2328 sed
1499 2273 1700 2338 medie,

118 2375 184 2418 ut
217 2367 643 2434 praesumptione
676 2366 1109 2421 conversationis
1147 2367 1338 2438 jejunii
1382 2382 1492 2420 non
1531 2367 1703 2436 possit

117 2459 360 2518 on‘erari,
399 2459 484 2512 hic
517 2460 752 2528 pretium
791 2461 980 2513 decem
1024 2456 1484 2521 didrachmarum,
1526 2457 1578 2511 id
1617 2466 1702 2511 est

123 2553 312 2623 viginti
343 2555 749 2616 drachmarum,
789 2563 846 2608 et
873 2554 1155 2608 obolorum
1196 2552 1556 2608 ducentorum
1597 2560 1699 2604 est.

123 2644 186 2696 In
221 2645 465 2697 custodia
502 2645 647 2698 enim
687 2645 874 2698 decem
911 2645 1313 2708 mandatorum,
1358 2659 1480 2712 qua:
1520 2643 1703 2711 dupli-

120 2742 282 2788 catur
319 2736 620 2788 secundum
659 2735 914 2800 litteram,
953 2743 1008 2788 et
1044 2735 1320 2803 spiritum,
1361 2733 1703 2789 conversatio

122 2827 290 2892 hujus
322 2835 424 2892 est,
456 2827 600 2880 inter
637 2843 759 2894 qua:
791 2827 1063 2895 jejunium
1093 2842 1202 2880 non
1234 2837 1318 2882 est
1346 2835 1700 2896 praeceptum.

124 2916 422 2971 Sublimior
452 2920 598 2971 enim
632 2927 718 2972 est
752 2920 830 2972 ad-
864 2935 984 2973 eam
1015 2920 1299 2988 pertinens
1336 2923 1700 2988 conversatio,

121 3023 246 3076 qua!
271 3009 627 3078 legislatores,
658 3019 713 3063 et
745 3011 1060 3078 pr0phetas,
1088 3021 1144 3064 et
1179 3025 1374 3064 omnes
1401 3011 1493 3080 qui
1527 3012 1703 3080 profe-

122 3108 340 3159 cerunt.
354 3100 530 3164 decet,
547 3111 603 3153 et
626 3100 858 3154 necdum
873 3101 1088 3168 quidem
1110 3103 1454 3156 conversatio
1469 3105 1589 3172 ejus
1611 3104 1705 3157 ha-

124 3189 220 3242 hct
242 3189 632 3257 perfectionem
654 3207 667 3243 :
686 3205 824 3258 opus
842 3192 988 3245 enim
1015 3193 1179 3246 habet
1201 3194 1702 3254 mansuetudinem.

123 3279 537 3349 perfectamque
576 3281 920 3347 charitatem,
954 3297 1076 3351 quae
1109 3292 1194 3337 est
1225 3283 1281 3336 in
1319 3284 1437 3338 zelo
1477 3284 1700 3349 Christi,

123 3373 378 3440 producit
409 3382 588 3426 tamen
621 3374 686 3426 ad
720 3374 1132 3442 perfectionem.
1161 3374 1298 3439 Quia
1330 3385 1512 3429 autem
1548 3391 1702 3429 nian-

122 3462 374 3516 datorum
410 3464 708 3517 secundum
744 3465 1003 3524 litteram.
1032 3475 1087 3518 et
1133 3467 1389 3534 Spiritum
1432 3466 1700 3530 custodia,

122 3550 316 3604 decem
349 3551 701 3613 didrachmaa.
737 3555 883 3622 quod
926 3562 1055 3607 sunt
1091 3555 1234 3607 oboli
1279 3555 1522 3620 ducenti,
1557 3565 1706 3610 recte

123 3649 370 3711 putatur,
403 3644 469 3696 ad
517 3645 834 3698 memoriam
863 3640 1024 3698 tuam
1058 3654 1276 3699 revocat
1308 3660 1510 3709 sermo,
1539 3661 1702 3715 quem

123 3749 190 3785 ex
228 3732 470 3787 Canticis
499 3735 839 3788 canticorum
871 3750 1047 3804 nuper
1075 3736 1420 3804 protulimus.
1451 3737 1595 3792 Mille
1623 3737 1702 3793 tui

125 3824 358 3893 pacifici,
389 3835 446 3878 et
475 3826 695 3879 ducenti
725 3826 812 3880 his
836 3827 928 3895 qui
959 3828 1278 3882 custodiunt
1299 3829 1535 3884 fructum
1560 3831 1700 3899 ejus.

124 3916 298 3980 Quam
331 3917 587 3971 vineam?
630 3919 698 3972 de
723 3935 828 3987 qua
868 3921 923 3972 in
962 3921 1397 3989 praecedentibus
1439 3923 1653 3977 dicebat
1686 3942 1699 3976 :

137 4006 300 4059 Vinea
327 4009 422 4077 fuit
453 4010 672 4076 paciﬁca
698 4011 752 4062 in
780 4028 841 4063 ea
873 4027 989 4081 qua:
1016 4010 1169 4064 habet
1196 4012 1413 4081 populos
1440 4014 1506 4077 ",
1537 4029 1700 4082 quam

123 4111 238 4148 non
287 4098 666 4153 custodierunt
711 4100 919 4165 Judaei,
969 4109 1195 4171 propter
1238 4103 1382 4170 quod
1437 4120 1535 4173 pro
1583 4106 1703 4159 uvis

124 4189 313 4256 spinas
359 4191 728 4258 protulerunt,
779 4193 872 4246 sed
921 4203 978 4247 et
1029 4193 1362 4248 vindemiant
1402 4212 1468 4249 ea
1512 4211 1703 4250 omnes

123 4281 220 4348 qui
273 4290 560 4336 transeunt
612 4283 775 4337 viam.
825 4285 930 4350 Qui
991 4287 1307 4340 custodiunt
1353 4299 1534 4342 autem
1585 4287 1701 4342 fru-

122 4381 298 4437 ctum,
332 4373 385 4426 in
427 4375 702 4439 ducentis,
749 4377 802 4430 id
850 4385 934 4432 est
974 4378 1167 4446 viginti
1209 4378 1486 4433 drachmis
1523 4380 1701 4448 dupli-

121 4472 246 4517 cata
285 4466 530 4519 custodia
576 4467 974 4532 mandatorum,
1021 4469 1162 4522 sicut
1208 4470 1468 4533 diximus,
1505 4485 1701 4524 secun-

119 4554 253 4606 dum
286 4555 542 4618 litteram,
573 4568 629 4612 et
655 4558 928 4625 Spiritum,
967 4559 1342 4615 inveniuntur.

196 4649 270 4700 Ab
301 4665 403 4702 uno
429 4659 608 4703 autent
636 4667 806 4704 mense
826 4668 988 4721 usque
1015 4655 1086 4706 ad
1106 4669 1306 4706 annum
1335 4654 1575 4723 quintum
1605 4671 1699 4723 pm

120 4743 355 4796 masculo
401 4745 674 4797 dabuntur
714 4747 944 4814 quinque
999 4747 1150 4809 sicli,
1196 4749 1306 4800 sive
1341 4749 1570 4817 quinque
1617 4749 1700 4800 di-

117 4834 405 4898 drachmte,
449 4851 543 4902 pro
583 4835 778 4904 femina
815 4845 954 4889 tres.-
980 4835 1153 4890 Unius
1193 4837 1399 4890 mensis
1432 4836 1700 4906 intelligas

116 4939 244 4976 eum
285 4924 374 4991 qui
408 4939 556 4978 nunc
580 4935 664 4980 est
692 4927 909 4994 genitus
953 4927 1007 4981 in
1047 4927 1174 4989 fide,
1205 4928 1273 4981 ad
1310 4944 1472 4997 quem
1503 4928 1699 4982 Petrus

115 5014 332 5067 dicebat
367 5032 379 5066 :
421 5013 568 5068 Sicut
618 5018 770 5085 modo
821 5019 984 5086 geniti
1029 5019 1300 5087 infantes,
1334 5018 1694 5082 rationabiles,

112 5106 229 5157 sine
253 5104 392 5169 dolo,
431 5107 515 5158 lac
549 5109 917 5176 concupiscite,
941 5119 996 5161 ut
1026 5111 1270 5163 crescetis
1298 5112 1352 5162 in
1381 5127 1440 5164 eo
1469 5113 1525 5162 in
1553 5110 1700 5166 salu.-

115 5207 241 5260 tem,
273 5199 318 5250 si
357 5208 534 5252 tamen
573 5202 814 5268 gustatis,
855 5203 981 5266 quia
1028 5202 1196 5255 dulcis
1238 5213 1310 5256 est
1344 5203 1600 5256 Dominus
1631 5204 1697 5255 ".

117 5290 294 5358 Hujus
347 5291 583 5360 pretium
639 5307 810 5361 usque
863 5292 928 5345 ad
981 5293 1392 5362 quinquennem
1445 5301 1697 5356 aetatem,

113 5382 170 5436 id
196 5391 280 5434 est
310 5384 678 5445 conversatio,
724 5392 779 5436 et
813 5383 942 5445 vita,
972 5384 1214 5453 quinque
1253 5384 1695 5438 didrachmarum

111 5474 348 5542 argenti,
380 5475 434 5528 id
475 5484 560 5528 est
598 5475 787 5529 decem
835 5476 1128 5538 drachmaa,
1170 5475 1315 5529 oboli
1349 5486 1532 5529 autem
1563 5491 1696 5529 cen-

115 5576 252 5619 tum.
301 5565 660 5620 Conversatio
715 5582 846 5636 ergo
892 5567 1053 5619 modo
1101 5566 1292 5636 geniti,
1332 5567 1572 5634 quinque
1617 5566 1700 5620 di-

111 5818 152 5848 ”
183 5747 446 5867 .‘r‘ll'latth.
481 5760 550 5800 Iv.
629 5746 693 5777 ’δ’
731 5747 792 5799 Ill
823 5744 955 5817 Reg.
980 5765 1054 5811 Ix,
1087 5747 1175 5799 28.

184 5836 274 5867 htlt
301 5858 313 5867 .

184 5836 289 5872 liud
301 5858 313 5870 .

431 5912 700 5973 PATROL.
736 5911 854 5971 Gn.
891 5907 1110 5968 XCIII.

1274 5748 1319 5779 "
1351 5747 1508 5800 Cant.
1538 5762 1635 5812 vn,
1670 5746 1755 5799 ll.

1794 626 1938 685 beat,
1977 625 2031 677 id
2071 636 2170 687 est,
2214 634 2274 677 ut
2305 641 2424 692 quze
2471 624 2804 678 sensibiliter
2835 622 3008 681 audit.
3048 625 3164 678 hmc
3209 625 3372 680 intel-

1794 713 2071 783 ligibiliter
2100 712 2382 782 suscipiat.
2424 713 2481 766 Si
2515 714 2678 767 etiam
2711 714 2922 773 videns.
2955 723 3011 768 et
3043 725 3286 784 gustaris.
3319 723 3377 770 et

1793 806 2049 867 odorans,
2080 813 2135 858 et
2184 815 2435 874 tangens,
2468 805 2719 874 perducit
2759 806 2862 859 hoc
2913 821 3038 860 eum
3084 806 3151 860 ad
3195 807 3376 876 perfe-

1795 897 2055 958 ctioiicm,
2094 903 2320 964 propter
2362 897 2506 964 quod
2553 905 2607 950 et
2651 906 2872 953 centum
2916 899 3200 954 obolorum
3250 917 3377 970 pre-

1798 988 1930 1040 tium
1965 987 2146 1042 habet.
2186 988 2454 1042 Numerus
2483 998 2688 1053 autem,
2720 990 2863 1044 sicut
2884 990 3088 1044 dictum
3116 1002 3218 1055 est,
3254 1008 3378 1061 per-

1796 1079 1972 1133 fectus
1995 1089 2100 1133 est.
2132 1079 2272 1150 Ergo
2294 1080 2482 1149 procul
2512 1080 2679 1134 dubio
2708 1096 2857 1146 eum,
2879 1083 2971 1150 qui
2999 1097 3149 1136 nunc.
3169 1093 3378 1152 myste-

1799 1169 2003 1224 riorum
2036 1172 2310 1241 particeps
2339 1172 2569 1227 effectus
2597 1183 2699 1234 est.
2733 1175 3076 1244 necdumque
3107 1175 3174 1228 ad
3208 1190 3378 1245 agen-

1798 1262 1928 1316 dum
1965 1264 2255 1333 processit,
2286 1266 2380 1320 sed
2420 1264 2474 1318 in
2517 1265 2626 1319 fide
2658 1267 2875 1320 interim
2911 1252 3196 1335 probatur.
3238 1269 3379 1322 sicut

1798 1353 1978 1408 adhuc
2001 1355 2292 1419 infantem,
2320 1365 2376 1410 et
2403 1356 2638 1410 necdum
2669 1367 2883 1426 tempus
2912 1358 2988 1413 ud'
3007 1360 3378 1416 ostensionem

1799 1445 2057 1501 virtutem
2103 1447 2418 1511 habentem,
2470 1450 2836 1504 demonstrat.
2876 1432 2947 1504 Si.
2971 1461 3152 1510 autem
3201 1453 3381 1506 minor

1802 1537 1909 1603 his,
1941 1538 2032 1606 qui
2063 1539 2170 1593 tale
2197 1549 2302 1603 est,
2334 1539 2516 1601 fuerit,
2551 1541 2622 1593 ita
2664 1549 2724 1594 ut
2759 1542 3054 1600 conveniat
3092 1543 3145 1597 in
3187 1558 3255 1597 eo
3297 1543 3382 1598 fe-

1802 1628 1962 1682 mina:
2007 1644 2276 1699 personae,
2319 1631 2498 1684 minor
2539 1643 2720 1684 autem
2763 1640 2846 1685 est
2885 1640 2943 1686 ut
2978 1634 3294 1702 simplicior,
3327 1645 3383 1688 et

1801 1735 1910 1773 non
1955 1721 2114 1774 valde
2151 1722 2418 1776 discretus
2456 1740 2468 1774 :
2506 1722 2670 1790 hujus
2723 1725 2954 1791 pretium
3007 1737 3091 1780 est
3141 1736 3249 1780 tres
3295 1728 3383 1781 di-

1803 1811 2100 1877 drachmas,
2136 1814 2268 1869 fides
2309 1813 2506 1891 Patris,
2539 1825 2594 1868 et
2624 1815 2768 1875 Filii.
2806 1827 2862 1870 et
2904 1817 3141 1885 Spiritus
3184 1819 3380 1882 sancti,

1804 1913 1864 1958 ut
1892 1921 2002 1959 non
2034 1907 2178 1963 hanc
2207 1907 2658 1978 transgrediatur.
2690 1909 2784 1963 sed
2814 1910 2980 1964 corde
3003 1911 3210 1974 credat,
3241 1911 3384 1968 sicut

1802 1996 1878 2048 ait
1921 1997 2140 2061 Paulus,
2174 1997 2276 2052 Ore
2324 2010 2500 2052 autem
2545 2001 2859 2067 conﬁteatur
2888 2002 2950 2056 ’⁷.
2998 2002 3090 2057 Sic
3138 2003 3282 2057 enim
3329 2004 3384 2058 ei

1806 2089 1940 2151 haec,
1979 2089 2082 2142 tria
2124 2105 2236 2142 non
2285 2091 2458 2144 solum
2494 2091 2776 2146 confitenti
2823 2075 3022 2163 lingua,
3058 2095 3150 2150 sed
3185 2102 3244 2150 et
3279 2095 3384 2151 fide

1803 2181 2070 2243 credenti,
2119 2181 2257 2236 ﬁunt
2302 2183 2422 2237 dua:
2473 2184 2764 2238 draehnne.
2806 2185 2890 2239 Fit
2937 2200 3118 2240 autem
3158 2198 3214 2242 et
3259 2188 3384 2243 huic

1807 2272 1930 2326 talis
1960 2272 2093 2327 fides
2133 2275 2202 2328 ad
2243 2274 2635 2343 perfectionem
2686 2276 3016 2331 mediocrem
3053 2296 3064 2331 :
3101 2291 3208 2334 tres
3234 2279 3382 2332 enim

1804 2362 2156 2428 didrachmas,
2189 2381 2284 2419 sex
2319 2376 2448 2420 sunt
2475 2367 2750 2420 drachma:
2781 2386 2794 2419 :
2836 2383 2928 2420 sex
2961 2377 3143 2422 autem
3183 2369 3385 2424 drach-

1805 2473 1929 2520 nue,
1961 2459 2240 2529 sexaginta
2271 2467 2400 2514 sunt
2433 2459 2604 2523 oboll,
2633 2460 2721 2515 hic
2748 2470 2930 2515 autem
2966 2461 3087 2516 talis
3121 2477 3386 2518 numerus

1805 2549 2133 2603 mediocrem
2166 2549 2560 2620 perfectionem
2602 2553 2758 2620 gerit.
2801 2551 3093 2622 Propterea
3122 2561 3178 2607 et
3209 2569 3385 2623 pepu-

1809 2642 1893 2695 lus
1922 2642 2104 2704 Israel,
2147 2653 2531 2698 sescentorum
2580 2644 2830 2706 millium,
2872 2646 3018 2713 quod
3059 2655 3188 2700 sunt
3227 2662 3387 2701 sexa-

1807 2734 1956 2802 ginta
2001 2735 2289 2804 myriades,
2338 2750 2631 2791 numerum
2666 2735 2874 2791 habuit.
2918 2736 3206 2792 Sensihilis
3237 2739 3386 2794 enim

1806 2826 1973 2880 Israel
2003 2826 2238 2882 habebat
2261 2828 2482 2895 quidem
2511 2837 2567 2883 et
2592 2829 2942 2883 mediocriter
2966 2829 3262 2898 perfectos,
3292 2830 3387 2899 qui

1809 2911 1860 2963 in
1920 2911 2036 2981 lege
2093 2915 2410 2976 constituti,
2473 2915 2853 2985 Evangelicam
2912 2919 3387 2974 conversationem

1807 3003 2153 3072 aliquatenus
2181 3007 2434 3076 agebant.
2479 3006 2619 3062 Sunt
2645 3017 2851 3073 autem,
2879 3009 3076 3078 quibus
3110 3013 3387 3068 mediocre

1808 3094 1942 3164 legis
1971 3104 2026 3148 et
2054 3097 2447 3166 prophetarum
2477 3107 2596 3153 erat
2625 3099 2865 3153 studium
2900 3112 3122 3170 propter
3158 3105 3303 3172 quod
3331 3116 3389 3160 et

1809 3186 2028 3251 similia,
2065 3189 2334 3256 myriades
2364 3199 2540 3252 erant,
2577 3191 2672 3245 sed
2719 3207 2822 3246 nec
2866 3193 3015 3247 mille
3060 3193 3250 3258 millia,
3283 3212 3388 3252 nec

1809 3278 1993 3346 myrin:
2025 3280 2316 3348 myriades,
2349 3289 2409 3334 ut
2453 3297 2671 3351 semper
2709 3293 2857 3338 esset
2893 3284 2949 3338 in
2983 3285 3062 3339 eis
3089 3286 3385 3356 perfectio;

1809 3373 1912 3424 hoc
1962 3371 2107 3424 enim
2157 3373 2510 3442 angelorum,
2565 3383 2622 3428 et
2669 3376 2969 3430 secundum
3017 3378 3388 3449 evangelicam

1807 3461 1975 3514 vitam
2033 3461 2480 3515 conversantium
2537 3471 2640 3516 est.
2699 3464 2888 3533 Augeli
2945 3465 3093 3518 enim
3149 3473 3205 3518 et
3256 3464 3383 3535 ipsi,

1806 3552 2025 3620 quando
2059 3552 2412 3621 profcceriut,
2443 3554 2778 3608 efﬁciuntur.

1877 3639 2266 3710 Sexagenarius
2291 3651 2469 3694 autem
2501 3652 2548 3695 et
2578 3641 2720 3695 ultra
2748 3643 3034 3706 masculus,
3058 3643 3201 3697 dabit
3232 3646 3387 3714 quin-

1805 3731 1968 3783 decim
2003 3732 2176 3794 siclos,
2210 3733 2317 3784 sive
2351 3732 2709 3792 didrachmas,
2742 3734 2939 3803 femina
2971 3744 3148 3788 autem
3187 3735 3383 3788 decem.

1807 3822 1874 3877 Et
1905 3824 2028 3892 quis
2060 3833 2142 3878 est
2169 3825 2277 3888 hic,
2310 3825 2402 3893 qui
2431 3825 2724 3877 maximam
2753 3827 3252 3886 conversationem,
3290 3843 3388 3896 per

1806 3915 2174 3986 virginitatem
2198 3930 2248 3969 ν.
2273 3932 2380 3986 gr.,
2419 3915 2506 3969 vel
2544 3931 2652 3969 non
2684 3916 3038 3985 possidendo,
3065 3917 3389 3972 virtutibus-

1805 4024 1913 4076 que
1958 4010 2080 4063 aliis
2129 4009 2420 4078 promittit,
2462 4017 2519 4063 et
2573 4018 2695 4078 post
2742 4010 2858 4065 hare
2908 4009 3216 4065 infirmatus
3263 4009 3388 4064 est?

1804 4099 2119 4167 Cugnovisti
2174 4101 2343 4164 enim,
2383 4101 2509 4170 quia
2565 4117 2715 4165 eum,
2754 4101 2848 4170 qui
2899 4119 2930 4155 τι
2981 4102 3173 4172 viginti
3225 4103 3388 4158 annis

1807 4207 1978 4259 usque
2007 4192 2073 4245 ad
2105 4193 2386 4262 sexaginta
2425 4207 2698 4246 annorum
2729 4203 2834 4254 est.
2871 4193 3129 4248 omnibus
3165 4193 3385 4262 legisla-

1805 4293 1890 4338 tor
1927 4285 2246 4354 praeposuit.
2294 4285 2500 4340 Deinde
2549 4301 2696 4339 nunc
2732 4294 2856 4356 post
2899 4300 3090 4339 omnes
3126 4301 3249 4338 cum
3289 4286 3384 4354 qui

1805 4393 1835 4430 a
1875 4377 2154 4448 sexaginta
2188 4378 2349 4432 annis
2383 4387 2437 4431 et
2481 4393 2640 4444 supra
2670 4387 2775 4442 est,
2812 4377 2908 4430 ait.
2954 4377 3058 4431 Per
3095 4377 3200 4432 hoc
3238 4379 3385 4457 quod

1804 4470 1963 4536 dixit,
2015 4486 2199 4537 supra,
2249 4471 2447 4523 anima:
2505 4479 2847 4524 senectutem
2900 4479 2955 4524 ct
3010 4469 3383 4524 infirmitatem

1733 4564 1945 4633 Dejus,
1993 4564 2082 4632 qui
2126 4563 2412 4616 maximam
2467 4563 2943 4616 conversationem
2999 4574 3385 4633 proposuerat,

1805 4655 1996 4725 procul
2046 4655 2215 4709 dubio
2257 4653 2528 4724 designat.
2577 4653 2680 4718 Qui
2730 4669 2860 4723 ergo
2900 4670 2998 4722 pro
3048 4654 3384 4725 virginitate,

1804 4746 1890 4799 vel
1923 4747 2186 4815 despectu
2221 4743 2538 4813 possidendi
2580 4743 3055 4796 conversationem
3093 4744 3385 4812 promittit,

1803 4845 1859 4890 et
1907 4835 2183 4906 proponit,
2215 4833 2416 4886 deinde
2467 4832 2775 4886 infirmatur
2818 4831 3094 4901 complere
3140 4835 3388 4902 proposi-

1803 4941 1940 4994 tum,
1973 4929 2158 4983 audiat
2181 4944 2210 4982 a
2232 4926 2404 4980 Paulo
2438 4946 2451 4980 :
2482 4925 2538 4981 Si
2564 4928 2681 4995 quis
2710 4938 2913 4996 turpem
2938 4945 2992 4981 se
3013 4929 3180 4982 videri
3206 4931 3388 4982 existi-

1803 5032 1913 5076 mat
1959 5038 2116 5089 super
2167 5021 2422 5089 virginem
2481 5036 2659 5080 suam,
2702 5035 2762 5072 eo
2810 5021 2948 5088 quod
2994 5021 3150 5090 fuerit
3197 5037 3386 5089 super-

1803 5115 1986 5168 adulta
2024 5115 2092 5177 ‘3,
2124 5112 2366 5165 ostendit
2403 5112 2806 5180 quodammodo
2840 5110 3194 5177 infirmatam,
3233 5121 3289 5166 et
3315 5113 3386 5167 ad

1802 5208 2143 5254 senectutem
2199 5199 2493 5253 deductum
2540 5198 2914 5267 propositum,
2967 5210 3014 5253 et
3063 5203 3137 5254 sic
3184 5212 3384 5270 oportet

1801 5293 1938 5359 ﬁeri,
1985 5293 2122 5360 quod
2171 5293 2279 5344 vult
2331 5292 2512 5356 faciat.
2560 5307 2662 5343 non
2709 5301 2886 5359 peccat
2928 5294 2973 5344 si
3016 5293 3176 5345 nubat
3209 5295 3273 5343 ".
3321 5293 3387 5348 Et

1801 5399 2039 5438 rursus:
2075 5381 2132 5436 Si
2190 5383 2448 5451 nupseris,
2492 5399 2594 5434 non
2648 5383 2896 5449 peccasti.
2936 5382 3008 5434 Et
3057 5385 3102 5435 si
3151 5386 3385 5450 nupserit

1800 5475 1979 5542 virgo,
2034 5489 2137 5525 non
2189 5473 2442 5540 peccavit.
2499 5471 2911 5524 Tribnlationem
2973 5483 3150 5525 autem
3209 5476 3384 5526 carnis

1803 5564 2061 5616 habebunt
2113 5561 2437 5629 hujusmodi.
2487 5560 2599 5631 Ego
2645 5569 2823 5613 autent
2870 5561 3012 5613 vobis
3052 5578 3242 5630 parco,
3290 5563 3386 5615 hoc

1845 5744 1940 5797 "l
1977 5743 2120 5798 Pctr.
2153 5760 2192 5808 ι,
2219 5743 2276 5797 2.
2357 5743 2400 5780 ⁸⁷
2427 5741 2590 5795 Rom.
2635 5757 2689 5806 κ,
2716 5743 2766 5793 9.
2868 5744 2910 5773 "
2941 5741 2954 5791 l
2982 5740 3105 5796 Cor.
3131 5754 3232 5807 vn,
3276 5740 3371 5798 56.

2972 5906 3045 5962 3Ἰ
