4158 6450
760 336 895 401 1m
1938 338 2299 399 uesvcnn
2338 336 2809 399 PRESBYTERI
3944 340 4051 399 liti
4116 322 4121 419 ι

758 464 930 507 autem
957 454 1095 512 diro.
1125 455 1337 520 fratres,
1372 466 1573 521 tempus
1612 456 1760 507 brae
1802 465 1897 517 est,
1943 456 2203 522 reliquum
2258 463 2332 505 est
2360 456 2406 509 Δ
2436 469 2538 505 ιιοιι
2571 455 2820 517 valuerit,
2840 456 3003 508 stabit
3025 471 3205 508 eorum
3233 458 3537 513 sacerdote.
3576 464 3635 507 et
3680 465 3961 523 quantum
3986 456 4052 503 itu

755 557 811 599 ut
838 557 887 598 et
919 547 1008 614 qui
1040 546 1234 599 habent
1263 562 1449 599 mres
1475 557 1731 615 tanquam
1771 564 1873 599 sum
1908 548 2154 599 habentes
2180 548 2282 599 siut
2315 564 2332 598 .'
2436 546 2800 607 ruinas-erit,
2848 556 2897 597 et
2948 546 3135 597 viderit
3180 563 3297 599 eunt
3346 563 3503 611 posse
3552 548 3821 605 reddere,
3870 556 4051 595 ωιτη

754 648 802 689 el
831 638 921 705 qui
952 637 1150 707 lugent,
1183 647 1440 706 tanquam
1473 654 1575 689 non
1606 639 1937 706 lugentesnt
1966 639 2056 704 qui
2083 640 2333 707 gaudent,
2436 641 2604 692 dabit.
2652 638 2807 693 Nunc
2848 640 2979 692 dicit
3015 640 3085 693 de
3126 655 3195 693 eo
3250 640 3342 707 qui
3391 640 3646 691 inultum
3700 638 3981 706 perarit.
4010 652 4047 690 et

754 741 1010 798 tanquam
1062 746 1164 781 non
1198 732 1483 798 gaudentes
1524 748 1542 783 :
1586 742 1634 783 et
1672 733 1993 801 quieturum,
2036 732 2188 800 quasi
2233 746 2336 782 non
2437 742 2725 801 propterea
2770 732 2963 801 Aquila
3008 747 3107 801 pro
3144 747 3407 801 paupere,
3446 733 3492 784 si
3539 742 3837 789 ειοιιεκιι,
4122 732 4125 797 i

752 823 1074 888 possidentes
1098 840 1112 873 :
1139 832 1187 874 et
1214 824 1304 891 qui
1330 832 1552 875 utuntur
1576 824 1675 876 hoc
1700 824 1913 884 mundo,
1950 832 2206 890 tauquam
2232 837 2335 873 nou
2438 822 2535 877 llic
2561 838 2691 892 ergo
2716 822 2757 873 si
2781 823 2966 875 ollerri
3000 822 3110 875 Deo
3136 824 3268 883 vult,
3302 837 3491 875 coram
3522 822 3853 874 sacerdote
3880 822 4043 873 stabit.
4124 806 4125 809 ¹

755 921 993 964 utuntur.
1022 911 1267 965 Praeterit
1297 914 1436 965 enim
1465 914 1637 984 ﬁgura
1668 914 1825 981 hujus
1854 915 2054 966 mundi.
2086 912 2209 965 Volo
2233 929 2335 964 au-
2438 924 2499 968 ut
2528 925 2794 983 quantum
2831 915 3029 968 viderit
3066 929 3193 968 eum
3226 930 3408 983 posse,
3450 916 3718 967 mstimet
3756 929 3898 965 eum
3944 916 4039 964 rei-

755 1014 858 1054 tem
888 1020 977 1056 ros
1009 1005 1121 1056 siue
1147 1003 1502 1058 sollicitudine
1527 1022 1635 1058 esse
1652 1006 1718 1057 ⁸⁸.
1751 1004 2047 1073 Propterea
2077 1013 2134 1057 et
2169 1004 2333 1073 quin-
2436 1006 2570 1059 dere
2604 1025 2618 1059 :
2655 1008 2895 1075 regulam
2942 1007 2993 1059 ei
3036 1006 3162 1060 vita:
3206 1007 3521 1075 imponens.
3554 1020 3695 1073 qua
3738 1014 3835 1058 est
3868 1018 4041 1057 secul-

754 1096 933 1149 decim
992 1096 1326 1152 didrachmae
1380 1098 1486 1152 erit
1541 1099 1778 1168 pretium
1833 1098 1990 1167 ejus,
2038 1113 2161 1167 qua
2208 1108 2337 1152 sunt
2436 1098 2567 1151 dum
2596 1097 2877 1159 virtutem,
2909 1112 3332 1162 mensuramque
3358 1096 3759 1165 philosophiae
3792 1095 4041 1148 indicens.

756 1188 1032 1241 drachma:
1084 1188 1328 1257 triginta.
1378 1190 1516 1245 Tres
1567 1191 1715 1245 enim
1767 1190 2219 1245 fructiﬁcationes
2266 1190 2335 1244 de
2435 1204 2597 1258 quam
2629 1204 2757 1242 eum
2793 1188 3109 1259 probaverit
3151 1202 3313 1255 posse
3354 1196 3610 1253 portare.
3654 1185 3839 1239 Verbi
3872 1186 4037 1255 gratia.

758 1284 900 1336 bona
952 1294 1097 1338 terra
1138 1284 1394 1338 Christus
1441 1285 1728 1353 preposuit
1764 1301 1778 1335 :
1813 1300 1911 1353 per
1955 1284 2332 1338 centenarium
2437 1282 2481 1334 si
2512 1279 2757 1348 locuples
2785 1288 2893 1341 est,
2918 1289 2978 1331 ut
3007 1278 3299 1331 distribuat
3324 1277 3636 1345 pecunias;
3668 1279 3719 1329 si
3756 1292 3934 1329 sanus
3954 1290 4037 1335 est.

755 1375 1106 1444 virginitatis,
1137 1383 1193 1428 et
1238 1390 1346 1427 non
1397 1374 1736 1442 possidendi,
1774 1390 1872 1444 per
1910 1375 2332 1444 sexagenarium
2439 1381 2496 1425 ut
2522 1370 2768 1439 jejuniis.
2800 1379 2855 1423 et
2887 1367 3251 1428 orationibus.
3282 1367 3516 1435 aliisque
3556 1368 3875 1419 laboribus
3904 1366 4040 1418 bouis

755 1468 1134 1528 «'uiitincntiaa,
1171 1482 1268 1535 per
1308 1467 1666 1521 tricenarium
1706 1467 1842 1521 casti
1882 1469 2120 1536 conjugii
2168 1472 2333 1519 vitam
2436 1474 2635 1528 vacet;
2680 1463 2726 1516 si
2770 1470 2954 1516 autem
2978 1472 3036 1515 et
3060 1460 3303 1530 locuples
3335 1470 3423 1513 est
3454 1470 3513 1513 et
3550 1476 3766 1515 unus.
3795 1474 4037 1527 qum-

753 1560 1065 1629 designans.
1099 1558 1153 1611 Si
1197 1568 1381 1612 autem
1427 1559 1697 1613 infirmior
1738 1559 2051 1629 hujusmodi
2080 1569 2187 1622 est,
2218 1558 2334 1613 for-
2436 1571 2545 1624 que
2578 1554 2785 1607 divitia:
2831 1562 2888 1606 et
2924 1552 3075 1606 salus
3106 1552 3155 1605 ei
3197 1558 3519 1620 suggerunt,
3552 1566 3741 1619 agere
3778 1550 4034 1617 jubetlr:

755 1650 895 1701 titan
921 1648 1067 1703 enim
1100 1650 1153 1701 in
1183 1647 1567 1713 fornicatione,
1598 1650 1683 1703 hic
1708 1652 1799 1719 qui
1830 1651 1953 1705 talis
1978 1661 2081 1715 est,
2109 1650 2331 1714 decidit,
2437 1649 2481 1701 si
2522 1659 2705 1701 autem
2753 1656 3039 1709 neutrum,
3097 1644 3151 1696 in
3193 1644 3442 1696 oratione
3480 1641 3625 1695 flere
3658 1660 3674 1693 :
3714 1653 3783 1694 ut
3820 1642 4035 1694 breviter

758 1740 901 1793 unde
969 1748 1027 1793 et
1087 1738 1288 1794 femina
1342 1741 1564 1795 dicitur.
1597 1739 1709 1797 Nec
1741 1744 1821 1795 sic
1851 1742 2199 1811 respuendus
2226 1750 2331 1805 est,
2366 1792 2408 1846 η
2437 1741 2705 1800 dicamus,
2743 1739 3111 1807 quodcunque
3146 1751 3273 1789 eum
3308 1735 3506 1787 viderit
3542 1749 3653 1802 per
3696 1748 3933 1802 corpus,
3960 1746 4035 1783 aut

756 1832 850 1887 sed
884 1832 1050 1886 habet
1090 1832 1329 1901 pretium
1375 1834 1567 1887 decem
1613 1835 1983 1889 didrachmas.
2012 1833 2331 1889 Custodiam
2368 1827 2408 1846 "
2439 1849 2534 1901 per
2580 1832 2966 1893 substantiam,
3009 1838 3103 1882 aut
3136 1844 3233 1897 per
3275 1827 3437 1880 aliam
3491 1827 3920 1887 valetudinem,
3959 1837 4031 1877 aut

754 1928 901 1980 enim
953 1925 1336 1979 mandatorum
1388 1926 1501 1990 Dei,
1533 1943 1696 1995 quam
1743 1926 1938 1997 viginti
1976 1941 2097 1980 esse
2134 1926 2333 1980 dracb-
2438 1926 2751 1979 facultatem
2784 1938 2944 1993 posse
2974 1935 3258 1991 peragere.

757 2031 874 2070 mas
929 2026 986 2070 et
1034 2016 1226 2070 obolos
1275 2016 1543 2071 ducentos
1594 2015 1961 2081 ostendimus,
1994 2016 2157 2071 oll'ert
2199 2016 2329 2079 Deo,

753 2117 811 2161 et
855 2108 909 2162 in
955 2108 1057 2162 hoc
1107 2110 1582 2163 conversationem
1650 2110 1836 2173 habet,
1878 2124 1976 2179 per
2029 2110 2333 2164 custodiam

756 2200 1141 2255 mandatorum
1194 2200 1547 2271 justiﬁcatus.
1600 2201 1656 2255 Si
1707 2212 1887 2255 autem
1933 2204 2082 2256 dicas
2128 2220 2143 2256 :
2184 2202 2333 2267 Quc-

758 2294 964 2347 tnodo‘.’
994 2308 1264 2349 annorum
1298 2293 1559 2348 Dominus
1596 2305 1715 2347 erat
1754 2294 1997 2364 triginta,
2028 2294 2157 2346 dum
2186 2292 2336 2345 solus

754 2392 906 2436 esset
932 2384 1210 2452 perfectus
1245 2399 1369 2438 cum
1411 2398 1513 2437 nos
1555 2383 1607 2436 in
1651 2384 1969 2437 centenario
1996 2398 2227 2437 numero
2250 2383 2335 2435 di-

755 2491 943 2529 cantus
991 2476 1382 2545 perfectionem
1437 2492 1601 2539 esse,
1655 2486 1777 2545 post
1837 2476 1985 2530 hunc
2035 2486 2219 2529 autem
2280 2478 2335 2528 in

757 2567 1062 2637 sexaginta,
1089 2570 1254 2622 tertio
1282 2578 1467 2622 autem
1508 2568 1563 2621 in
1605 2568 1857 2639 triginta;
1886 2569 2058 2631 disce,
2088 2568 2217 2637 quia
2244 2582 2337 2621 so-

758 2660 842 2713 lus
878 2660 1103 2728 quidem
1140 2660 1243 2713 fuit
1277 2677 1406 2715 vere
1443 2660 1743 2729 perfectus,
1776 2669 2156 2713 verumtamen
2196 2660 2339 2713 sicut
2506 2653 2645 2718 Quia
2678 2654 2826 2721 ipsas
2854 2666 2976 2719 qua:
3006 2666 3069 2703 ex
3102 2646 3515 2716 nobismetipsis
3544 2644 3871 2700 offeruntur
3896 2643 4026 2695 obla-

758 2752 1006 2805 omnium
1036 2752 1249 2817 doctor,
1289 2764 1345 2807 et
1379 2753 1633 2821 primitue
1662 2767 1857 2806 massae
1890 2753 2058 2806 totius
2086 2751 2335 2815 etl‘ectus,
2442 2745 2619 2797 tiones
2663 2741 2926 2811 quosdam
2978 2742 3181 2793 habere
3222 2739 3423 2809 gradus
3475 2748 3533 2791 et
3574 2735 3934 2789 differentias
3964 2733 4022 2786 le

757 2862 823 2899 ex
854 2845 1109 2899 omnibus
1141 2854 1497 2914 temperatam
1527 2846 2003 2899 conversationem
2036 2844 2253 2913 ﬁgurat,
2284 2852 2339 2895 et
2440 2838 2662 2905 gislator
2697 2835 2955 2903 exposuit
2988 2853 3000 2885 ;
3042 2848 3170 2886 ecce
3203 2831 3351 2885 enim
3390 2844 3607 2890 eorum.
3645 2829 3745 2897 qui
3798 2826 4023 2895 quolibet

758 2938 1015 3006 proponit
1054 2954 1068 2991 :
1116 2938 1231 2990 sive
1272 2937 1422 2991 enim
1476 2937 1847 3007 virginitatem
1898 2937 2054 2999 velis,
2106 2936 2223 3005 ipse
2269 2949 2336 2987 ex
2439 2930 2602 2983 modo
2642 2929 2721 2980 sic
2764 2927 2923 2981 nobis
2959 2926 3352 2993 subjiciuntur,
3380 2933 3443 2976 ut
3483 2922 3657 2975 etiam
3694 2934 3901 2989 pecora
3935 2934 4015 2969 no-

759 3026 965 3096 virgine
998 3026 1149 3095 virgo
1181 3036 1284 3089 est,
1328 3035 1383 3078 et
1423 3006 1786 3096 virginitatem
1819 3024 2005 3077 docuit
2035 3041 2046 3075 :
2082 3022 2197 3075 sive
2234 3036 2338 3073 nu-
2440 3030 2551 3075 stra
2586 3020 2962 3078 nominentur,
3004 3024 3225 3084 propter
3263 3014 3368 3066 hoc
3398 3010 3547 3081 quod
3587 3010 3770 3063 nimis
3804 3006 4017 3074 subjecti

758 3120 918 3189 ptias,
954 3129 1011 3173 et
1048 3119 1255 3173 nubere
1303 3118 1581 3188 prmcepit.
1612 3126 1669 3171 et
1707 3117 1983 3171 nubentes
2019 3103 2334 3168 benedixit:
2363 3138 2411 3197 α
2442 3122 2591 3173 sunt,
2633 3120 2727 3164 aut
2770 3110 2896 3179 quia
2949 3123 3057 3160 non
3103 3108 3185 3159 eis
3224 3105 3292 3159 ad
3332 3113 3582 3158 nostrum
3632 3102 4014 3155 ministerium.

758 3214 874 3266 sive
924 3212 1337 3277 abstinentiam,
1385 3212 1551 3265 etiam
1588 3210 1730 3265 hanc
1755 3209 1977 3263 docuit:
2005 3206 2259 3261 similiter
2284 3214 2340 3259 et
2380 3196 2387 3197 ί
2442 3203 2900 3274 quemadmodum
2944 3199 3238 3269 pecouibus
3292 3196 3519 3261 utimur,
3566 3196 3806 3263 quando
3852 3202 4015 3247 saneta

760 3305 887 3359 tidei
922 3319 1143 3368 cursus,
1176 3305 1294 3357 sive
1328 3302 1701 3373 perfecturum
1731 3300 2065 3371 simplicium
2098 3306 2205 3352 est.
2439 3298 2513 3351 sit
2539 3296 2762 3360 oblatio,
2785 3311 2880 3363 per
2905 3294 3180 3360 hangquze
3205 3290 3352 3343 dicta
3377 3297 3529 3348 sunt,
3553 3287 3813 3355 exponit.
3840 3282 4015 3336 Praei.

2440 3391 2521 3460 pit
2558 3396 2763 3447 autem,
2793 3395 2851 3439 ut
2888 3398 2998 3438 non
3039 3398 3140 3437 nos
3176 3380 3434 3451 paeniteat
3458 3378 3527 3431 de
3566 3377 3659 3430 bis
3695 3393 3826 3445 qua:
3862 3374 4016 3427 oleri-

2442 3499 2565 3538 mus
2592 3482 2725 3535 Deo.
2759 3479 2898 3549 Ergo
2932 3479 2975 3531 si
3006 3478 3225 3547 quidem
3261 3475 3329 3528 de
3365 3473 3452 3527 bis
3482 3470 3858 3526 obtulerimus
3881 3478 4016 3536 peco-

2442 3576 2615 3637 ribus,
2646 3588 2768 3641 quze
2814 3586 2933 3625 mos
2974 3579 3058 3623 est
3094 3567 3204 3621 Deo
3224 3565 3436 3622 oﬂ’erri.
3478 3578 3598 3617 mos
3632 3571 3828 3615 autem
3862 3566 3941 3611 est
3968 3564 4015 3606 ut

2441 3669 2493 3722 ei
2541 3664 2885 3721 immaculata
2931 3671 2987 3716 et
3030 3658 3232 3713 munda
3272 3655 3623 3711 oderantur:
3670 3662 3881 3703 munus
3928 3658 4014 3697 n0-

2443 3770 2617 3814 strum
2652 3757 2798 3810 illico
2829 3751 3224 3813 sanctificatur,
3257 3747 3420 3802 etiam
3452 3760 3561 3799 non
3592 3751 3681 3795 est
3713 3740 3803 3793 fas
3850 3747 3905 3789 ut
3930 3747 4013 3787 nos

2442 3853 2511 3906 de
2537 3867 2606 3905 eo
2627 3835 2912 3919 ρωήίιετιι,
2946 3843 3111 3898 veluti
3149 3842 3196 3895 si
3227 3839 3418 3902 filium,
3451 3835 3533 3888 vel
3551 3822 4013 3919 discipulum,_vel

2443 3916 2684 4003 servum,
2716 3946 2811 3990 aut
2851 3935 3015 3989 aliqu
3053 3930 3148 4001 qui
3190 3928 3293 3983 sub
3331 3940 3495 3981 manu
3543 3931 3737 3976 nostra
3784 3928 3887 3974 est.
3919 3916 4011 3966 lien

2444 4030 2824 4084 obtulerimus.
2862 4026 3049 4093 Neque
3078 4031 3291 4075 mutare
3322 4017 3523 4072 malum
3563 4014 3629 4066 ad
3672 4013 3894 4072 melius,
3936 4017 4013 4058 aut

2444 4118 2650 4173 bonum
2697 4116 2765 4168 ad
2808 4113 3031 4167 malum.
3084 4108 3284 4163 Malum
3335 4112 3517 4158 autem
3572 4101 3661 4153 hic
3710 4100 3871 4157 dicit,
3917 4107 4009 4146 non

2444 4212 2587 4280 quod
2620 4223 2847 4279 pravum
2878 4204 3055 4258 modis
3082 4200 3340 4256 omnibus
3369 4204 3425 4248 et
3453 4191 3837 4252 immundum;
3864 4188 3904 4239 si
3928 4200 4011 4236 au-

2508 2060 2673 2114 νεεδ.
2722 2061 2777 2122 9,
2826 2060 2910 2111 l0.
2965 2078 2982 2107 ι
3022 2054 3237 2108 Animal
3297 2062 3484 2106 autem
3546 2054 3707 2123 quod
3780 2050 4027 2104 immolari

2437 2162 2617 2223 potest
2664 2150 2917 2211 Domino,
2955 2148 2999 2201 si
3041 2147 3166 2217 quis
3220 2147 3452 2207 voverit,
3499 2154 3770 2197 sanctum
3825 2142 3947 2199 erit.
3986 2151 4029 2191 et

2438 2245 2635 2299 mutari
2682 2259 2791 2296 nou
2840 2252 3041 2311 potest,
3084 2241 3137 2294 id
3187 2249 3269 2292 est
3318 2253 3418 2291 nec
3470 2237 3679 2289 melius
3721 2234 3897 2292 malo,
3944 2244 4026 2282 nec

2436 2336 2592 2405 pejus
2620 2334 2783 2388 bono.
2812 2331 2966 2397 Quod
2998 2331 3042 2384 si
3082 2330 3394 2388 mutaverit,
3426 2337 3479 2381 et
3510 2328 3701 2395 ipsum
3739 2324 3893 2392 quod
3925 2336 4023 2373 mu-

2436 2434 2609 2478 tatum
2644 2432 2747 2481 est,
2772 2432 2828 2475 et
2855 2422 2984 2474 illud
3016 2436 3115 2490 pro
3144 2435 3253 2489 quo
3291 2426 3561 2470 mutatum
3604 2424 3721 2476 est,
3750 2427 4023 2467 consecra-

2442 2530 2554 2569 tum
2585 2516 2691 2569 erit
2721 2515 2974 2568 Domino.
3012 2534 3029 2562 ι

832 3442 970 3507 Quia
1018 3457 1149 3511 ergo
1202 3440 1259 3495 in
1306 3440 1564 3510 praesenti
1618 3438 1961 3493 diderentias
2007 3435 2229 3498 innuit,
2284 3446 2341 3489 et

760 3534 1164 3603 quodammodo
1194 3532 1361 3586 vitam
1402 3531 1774 3602 distinguebat
1812 3530 2120 3592 hominum,
2150 3538 2207 3581 et
2235 3527 2339 3580 hu-

758 3628 851 3694 jus
882 3624 1102 3695 quidem
1147 3640 1271 3679 esse
1309 3624 1544 3694 pretium
1573 3622 1966 3693 quinquaginta
1998 3618 2341 3675 didrachmas

759 3717 855 3778 ait,
907 3715 1068 3784 hujus
1124 3714 1376 3785 triginta,
1428 3714 1591 3783 hujus
1641 3712 1861 3781 viginti,
1914 3712 2079 3781 hujus
2127 3711 2338 3773 decem,

765 3806 931 3873 hujus
962 3804 1225 3873 quinque,
1246 3804 1417 3873 hujus
1455 3812 1588 3867 tres,
1617 3804 1782 3874 hujus
1811 3801 2149 3872 quindecim,
2186 3799 2340 3854 colli-

763 3905 961 3964 ,,ontur
1001 3894 1116 3948 haec
1158 3910 1373 3963 parum,
1404 3894 1548 3963 quod
1588 3892 1656 3945 de
1693 3901 1917 3948 centum
1954 3890 2340 3961 quinquaginta

765 3987 945 4038 minus
992 3985 1266 4049 habentia,
1292 3986 1407 4039 haec
1454 3994 1634 4038 autem
1674 3984 1729 4037 in
1776 3982 2017 4053 quinque
2054 3982 2224 4036 divisa
2259 3979 2342 4034 fa-

765 4078 922 4130 ciunt
961 4092 1131 4146 prope
1170 4076 1522 4131 tricenarium
1566 4091 1875 4130 numerum.
1914 4074 2045 4128 Vide
2084 4072 2343 4143 quemad-

767 4170 986 4221 modum
1042 4183 1145 4222 uec
1196 4168 1471 4238 legislator
1517 4167 1786 4237 ignoravit
1831 4173 2340 4236 temperamentum,

766 4260 908 4328 quod
938 4259 1191 4315 Christus
1226 4260 1279 4313 in
1310 4271 1494 4315 nostra
1527 4260 1635 4313 vita
1665 4267 1720 4313 et
1747 4259 2163 4314 conversatione
2193 4257 2341 4321 fecit,
2446 4257 3068 4357 ῖῶᾟῶὧῶὼεει,
3108 4307 3217 4345 non
3256 4298 3341 4344 εει
3367 4287 3435 4341 de
3472 4284 3578 4337 illis
3616 4296 3742 4350 qua:
3791 4293 3908 4331 mos
3940 4284 4009 4327 εει

762 4366 872 4405 nec
902 4351 1242 4418 Evangelista
1275 4366 1567 4405 numerum
1611 4360 2100 4421 temperamentum
2141 4348 2347 4403 haben-
2447 4348 2929 4449 ὲὲξτξιῼᾷϊὲεεο
2949 4348 3131 4440 and“.
3152 4384 3219 4437 de
3246 4381 3331 4433 his
3368 4392 3489 4445 qua:
3511 4348 3781 4427 ίηιηιδιπί
3805 4372 4011 4437 possunt

771 4456 892 4544 uel",
928 4444 1215 4514 ignomvn‘
1267 4444 1497 4547 PH)me.
1538 4444 1687 4547 η¹¹⁰Έ¹
1738 4460 1882 4547 eu_m_
1908 4460 2014 4545 "mf
2059 4444 2341 4543 plenorm."
2377 4485 2423 4540 Ι)
2447 4432 3554 4547 Blimina:h’aiieobla'uoitentlegislator
3584 4463 3744 4516 dixit.
3909 4468 4003 4506 ma-

771 4533 1309 4640 mginmfnporm."
1363 4536 1576 4590 venisse
1613 4536 1709 4640 .a“.
1749 4535 1816 4637 ald
1870 4535 2225 4637 bapliﬁmum’
2268 4533 2344 4585 ait
2379 4533 2415 4540 ⁷
2452 4533 2860 4637 ᾗιιιι-ιιιέὐίοἰι,
2884 4569 3026 4640 quod
3052 4576 3137 4622 est
3166 4533 3427 4622 deterius.
3458 4559 3539 4613 sic
3558 4557 3707 4611 enim
3742 4550 4008 4608 manifeste

771 4628 916 4681 enim
953 4644 968 4681 :
1006 4626 1070 4681 Et
1105 4629 1214 4697 ipse
1249 4628 1397 4682 Jews
1441 4638 1552 4682 erat
1606 4628 1857 4696 incipiens
1898 4626 2050 4695 quasi
2084 4641 2343 4677 annorum
2451 4626 3165 4720 ;;';‘:;l'm;éb";s'tradidit.
3198 4655 3317 4709 Non
3360 4652 3535 4707 reddi,
3564 4647 3766 4702 melius
3796 4658 3890 4713 pro
3924 4639 4003 4693 de.

954 4671 967 4681 -
1106 4671 1212 4697 τιν-ν
1249 4671 1397 4682 --υ-ν
1441 4671 1578 4729 νυν.
1608 4671 1855 4727 πων-*ς’*
1877 4671 2048 4729 _"‘:“"
2451 4684 2507 4725 (ει
2537 4671 2896 4741 Symmachus
2929 4671 3165 4716 "30'0""

777 4728 991 4788 tl'lglulﬂ
1073 4758 1085 4771 .
1112 4718 1177 4772 Et
1198 4736 1295 4773 cur
1322 4719 1462 4773 hoc?
1490 4734 1615 4785 qum
1639 4728 1694 4770 et
1719 4734 1812 4787 qut
1839 4732 2002 4771 nimis
2024 4715 2342 4787 perfectam,
2452 4762 2640 4788 HJ“:
2706 4769 2792 4788 nm
2835 4756 3079 4788 δώωςηα
3124 4766 3165 4788 m

775 4822 824 4861 et
863 4809 954 4878 qui
997 4810 1345 4864 mediocriter
1377 4808 1671 4878 perfectam
1705 4829 1716 4863 :
1747 4820 1799 4863 et
1834 4810 1924 4878 qui
1960 4810 2227 4862 minorem
2264 4808 2345 4860 vi-

778 4915 883 4954 tam
918 4902 1120 4967 studet,
1145 4917 1253 4955 non
1279 4900 1517 4970 perfecte
1542 4900 1691 4954 venit
1716 4901 1779 4953 ad
1809 4916 2139 4961 mensuram,
2168 4901 2347 4953 minus

774 4996 922 5048 enim
954 4995 1115 5048 habet
1138 4994 1620 5064 omnimodo,quia
1646 4993 1738 5047 Dei
1764 4994 1934 5047 solius
1956 5004 2038 5047 est
2064 4993 2347 5061 perfectio,

779 5085 877 5139 sed
910 5085 1091 5138 minus
1118 5085 1282 5139 habet
1310 5094 1519 5138 tantum
1548 5084 1602 5138 in
1630 5094 1891 5153 quantum
1920 5085 2131 5137 veniam
2164 5084 2217 5136 in
2248 5083 2349 5136 hoc

776 5177 922 5246 quod
947 5176 1127 5230 minus
1154 5184 1236 5230 est
1263 5176 1355 5229 dat
1380 5193 1394 5228 :
1424 5176 1566 5229 unde
1596 5176 1661 5229 ad
1692 5185 1908 5229 centum
1937 5176 2349 5245 quinquaginta.

777 5279 986 5337 septem
1036 5267 1218 5322 minus
1255 5276 1380 5321 sunt
1410 5287 1421 5321 :
1457 5269 1510 5321 iu
1552 5277 1769 5321 centum
1808 5249 1961 5321 enim.
1995 5268 2349 5336 quadraginta

781 5372 890 5413 tres
915 5360 1199 5429 praedictus
1226 5374 1489 5412 numerus
1517 5359 1789 5428 colligitur
1818 5377 1827 5409 :
1859 5375 1952 5427 per
1980 5358 2347 5426 septenarium

775 5466 962 5511 autem
992 5470 1301 5522 numerum,
1328 5453 1615 5508 manifeste
1646 5455 1801 5507 venia
1833 5454 2189 5523 Slglllllt'allll‘.

2452 4729 2666 4825 teriori,
2705 4769 2800 4813 aut
2835 4756 3081 4811 deterius
3124 4765 3222 4820 pro
3266 4742 3501 4805 meliori,
3533 4750 3593 4794 ut
3626 4753 3740 4792 non
3785 4737 3925 4825 hunc
3953 4729 4001 4782 ﬁ-

2454 4856 2610 4917 lium,
2655 4823 2751 4904 aut
2826 4858 3045 4901 servum
3095 4840 3392 4896 oﬂ‘erentes
3436 4828 3649 4885 Domini
3698 4823 3920 4917 servitio
3959 4829 4003 4870 et

2456 4943 2784 5003 ministeria,
2822 4940 3063 5007 recipere
3104 4948 3229 4988 eum
3284 4932 3337 4983 in
3378 4932 3622 4981 nostrqu
3661 4915 4004 5007 ministerium

2455 5050 2511 5093 et
2559 5037 2823 5091 utilitates
2867 5005 3115 5092 velimus,
3159 5024 3541 5095 promittentes
3590 5012 3798 5069 offerre
3845 5005 4001 5061 melio-

2455 5146 2569 5185 rem
2616 5128 2878 5185 forsitan,
2920 5122 3003 5175 vel
3050 5117 3398 5174 deteriorem.
3450 5110 3633 5178 Neque
3679 5104 3827 5158 enim
3877 5099 3998 5157 licet,

2454 5233 2679 5296 propter
2712 5218 2858 5289 quod
2894 5225 2951 5269 et
2979 5217 3132 5268 Anna
3168 5211 3235 5264 de
3265 5203 3517 5259 Samuele
3561 5198 3778 5296 dicebat
3810 5210 3822 5246 :
3855 5190 3907 5245 Si

2455 5283 2676 5385 ipiciens
2727 5283 3012 5380 respexeris
3056 5307 3126 5358 ad
3170 5300 3523 5356 humilitatem
3564 5290 3773 5345 ancillis
3815 5283 4000 5385 tum}!

2458 5407 2757 5462 memineris
2791 5404 2911 5466 mei,
2948 5410 2996 5453 et
3029 5397 3233 5451 dederis
3269 5390 3477 5445 ancillw
3506 5396 3609 5439 tua:
3644 5395 3816 5434 semen
3850 5372 3993 5466 virile.

2463 5507 2506 5548 et
2539 5495 2673 5547 dabo
2705 5508 2822 5545 cum
2853 5461 2907 5542 in
2938 5494 3207 5554 conspectu
3247 5493 3333 5535 tuo
3367 5480 3553 5531 datum
3590 5484 3752 5539 usque
3782 5466 3849 5519 ad
3881 5461 3995 5514 diem

849 5590 908 5645 Si
954 5602 1130 5643 autem
1172 5605 1369 5657 pauper
1411 5592 1588 5660 fuerit,
1620 5602 1665 5643 ct
1698 5589 2095 5641 a'stiumtiouem
2143 5589 2351 5639 reddere
2460 5587 2641 5639 mortis
2671 5582 2781 5652 cf”
2815 5582 2881 5611 ³³⁸

858 5767 900 5799 ⁸³
931 5767 1092 5824 lCor.
1120 5785 1215 5833 \‘tl,
1240 5767 1426 5822 9.8-7.2.
1510 5769 1546 5797 ³¹
1582 5770 1710 5819 Luc.
1742 5783 1826 5830 ιιι,
1863 5768 1950 5820 9.3.
2024 5768 2062 5793 ³³
2099 5764 2113 5814 1
2149 5761 2279 5831 Reg.
2316 5779 2351 5825 ι,
2385 5763 2466 5817 ll.
