4158 6450
116 414 247 477 1165

1248 398 1327 455 1N
1371 389 1811 453 LEVITICUM.
1836 412 1903 421 —
1940 386 2090 445 LIB.
2127 385 2261 443 \‘ll.

3234 374 3364 441 1166

181 521 328 586 Quod
373 522 417 573 si
465 518 766 581 mutaverit,
822 526 867 569 et
919 516 1089 582 ipsum
1134 513 1269 572 quod
1322 517 1603 565 mutatum,
1640 512 1685 554 et
1718 507 1761 560 Α
1792 514 1920 554 vere
1952 500 2098 551 hunc
2126 510 2264 565 opus
2308 494 2489 553 habet,
2523 504 2573 547 et
2611 493 2786 546 laet-re
2819 490 3232 586 intelligenteut.
3276 489 3366 543 Sic

112 613 241 664 illud
272 626 366 678 pro
395 625 496 678 quo
525 616 785 659 mutatum
815 615 910 667 est,
935 610 1294 655 consecratum
1318 598 1415 650 erit
1446 594 1684 647 Domino.

116 700 188 753 Ilt
222 700 441 760 ethunc
481 714 641 767 quem
665 704 826 751 antea
877 693 1192 754 obtulimus,
1236 699 1291 743 et
1347 704 1469 742 eum
1527 700 1687 753 quem

115 800 323 859 postea,
338 806 462 844 eum
481 790 652 859 prima
678 787 954 843 oblatione
975 784 1400 845 sanctificemus,
1431 786 1487 833 et
1510 788 1689 832 utros-

113 898 219 952 que
256 884 364 936 Deo
392 882 775 936 concedamus.
805 879 917 933 lloc
947 877 1093 931 enim
1127 891 1237 929 non
1270 888 1371 929 nos
1400 872 1687 943 permittit,

116 972 172 1024 in
227 970 312 1024 his
358 985 478 1039 quas
535 968 860 1029 offerimus,
914 965 1292 1035 paenitentiam
1345 975 1507 1031 agere
1545 977 1556 1012 :
1594 959 1690 1013 sed

113 1063 358 1134 percutit
396 1062 718 1117 inimicum:
749 1059 840 1128 qui
890 1058 1050 1111 nobis
1091 1056 1360 1125 ptenitere
1404 1052 1688 1122 suggessit,

116 1155 247 1209 dum
303 1154 558 1209 videlicet
614 1152 954 1221 duplicamus
1000 1158 1241 1202 nostram
1302 1145 1629 1199 oblationem
1676 1161 1690 1197 :

116 1262 278 1316 quam
314 1247 402 1300 ille
431 1261 529 1315 per
558 1243 934 1314 ptenitentiam
971 1240 1301 1309 intercipere
1333 1238 1522 1291 voluit.

189 1337 354 1392 Vens.
384 1338 562 1391 11-15.
599 1356 617 1387 ‹
649 1334 860 1389 Animal
893 1332 1234 1394 immundum
1254 1331 1398 1400 quod
1425 1328 1694 1383 immolari

118 1429 353 1483 Domino
383 1443 491 1482 non
519 1435 697 1497 potest
737 1427 779 1481 si
821 1425 945 1494 quis
984 1424 1215 1483 voverit,
1243 1423 1541 1477 adducatur
1566 1418 1696 1475 ante

118 1520 479 1574 sacerdotem.
526 1518 629 1584 Qui
673 1517 979 1587 dijudicans
1027 1531 1094 1569 an
1130 1515 1366 1577 bonum,
1396 1529 1463 1567 au
1494 1514 1695 1566 malum

118 1611 214 1672 sit,
236 1619 442 1664 statuet
485 1610 721 1678 pretium
758 1628 768 1662 :
804 1608 949 1678 quod
998 1608 1041 1661 si
1083 1606 1213 1660 dare
1254 1605 1486 1660 voluerit
1528 1605 1574 1658 is
1603 1603 1695 1674 qui

117 1701 317 1762 offert.
372 1701 534 1756 addet
581 1716 743 1770 supra
796 1698 1216 1754 a’stimationem
1268 1697 1512 1767 quintani
1571 1712 1697 1766 par-

120 1801 253 1845 tem.
301 1811 319 1844 ι

1792 592 1936 644 enim
1967 590 2319 659 semetipsum
2344 586 2664 658 gubernare,
2699 594 2879 638 etnon
2906 596 3129 636 necesse
3164 582 3364 635 habere

1792 682 2016 737 alterius
2048 680 2337 751 p:edagoga
2370 678 2589 747 poterit.

1867 774 2029 827 Vens.
2072 772 2252 825 lli-i9.
2294 790 2311 820 ι
2340 771 2514 823 Homo
2542 769 2586 822 si
2612 769 2821 822 voverit
2845 769 3066 821 domum
3112 782 3287 831 suam,
3314 776 3370 819 et

1795 845 2217 920 sanctiticaverit
2250 861 2503 926 Domino,
2539 861 2912 916 considerabit
2945 876 3065 915 eam
3092 862 3371 923 sacerdos,

1797 966 1977 1011 utrum
2019 956 2163 1010 bona
2200 970 2268 1008 an
2296 953 2438 1008 mala
2462 952 2550 1017 sit,
2584 962 2639 1007 et
2659 953 2812 1022 juxta
2837 954 3093 1021 pretium,
3128 953 3275 1023 quod
3304 949 3374 1006 ab

1795 1062 1863 1102 eo
1904 1046 2074 1100 fuerit
2111 1046 2488 1109 constitutum,
2550 1045 2918 1119 venundetur.
2947 1046 3006 1101 Si
3055 1059 3237 1100 autem
3286 1047 3375 1100 ille

1795 1138 1885 1208 qui
1920 1136 2147 1199 voverit,
2187 1136 2421 1191 voluerit
2482 1137 2746 1191 redimere
2776 1152 2920 1201 eam,
2950 1138 3101 1192 dabit
3128 1138 3375 1207 quintam

1797 1237 2007 1299 partem
2029 1229 2407 1284 aestimationis
2427 1243 2612 1297 supra,
2636 1237 2691 1282 et
2709 1228 2930 1283 habebit
2951 1230 3195 1283 domum.
3220 1229 3378 1295 Quod

1799 1321 1844 1375 si
1875 1338 2066 1392 agrum
2094 1321 2462 1392 possessionis
2486 1335 2598 1375 sua:
2630 1322 2860 1381 voverit,
2890 1330 2946 1375 et
2978 1322 3379 1377 consecraverit

1800 1414 2054 1478 Domino,
2124 1416 2279 1484 juxta
2321 1429 2631 1468 mensuram
2712 1415 2975 1468 sementis
3022 1415 3379 1469 testimabitur

1800 1506 2058 1575 pretium.
2092 1505 2148 1559 Si
2197 1506 2413 1577 triginta
2468 1506 2665 1560 modiis
2716 1507 2906 1561 hordei
2959 1508 3161 1562 seritur
3214 1519 3378 1569 terra,

1799 1597 2191 1669 quinquaginta
2229 1599 2378 1653 sielis
2407 1597 2662 1652 venietur
2703 1598 2931 1666 argenti.
2982 1599 3038 1652 Si
3087 1599 3270 1652 statim
3312 1600 3380 1651 ab

1800 1704 1947 1742 anno
1968 1688 2279 1757 incipientis
2293 1687 2505 1743 Jubilzei
2528 1688 2957 1757 voveritagrum,
2973 1700 3176 1758 quanto
3198 1691 3380 1744 valere

1802 1786 2003 1846 potest.
2027 1786 2179 1831 tanto
2201 1777 2595 1841 :estimabitur;
2627 1778 2673 1830 st
2698 1788 2881 1831 autem
2906 1789 3027 1847 post
3043 1780 3381 1848 aliquantmn

195 1884 557 1953 lnquirendus
596 1894 679 1937 est
722 1883 965 1945 Iudaeus,
1006 1881 1278 1950 quomodo
1327 1882 1431 1935 hoc
1476 1879 1700 1935 manda-

1809 1869 2086 1939 temporis,
2123 1868 2444 1938 supputabit
2483 1868 2739 1923 sacerdos
2769 1872 3059 1938 pecuniam
3087 1871 3246 1940 juxta
3279 1888 3379 1925 an-

122 1985 237 2031 tum
283 1986 429 2031 stare
466 1977 621 2046 juxta
671 1977 906 2030 litteram
959 1974 1176 2044 potest?
1215 1974 1270 2028 Si
1318 1974 1464 2028 enim
1510 1972 1698 2027 olferri

119 2084 233 2123 non
268 2069 415 2135 licet,
457 2084 559 2123 nec
594 2069 835 2121 nondum
883 2066 988 2120 erit
1026 2066 1383 2135 aceeptabile,
1427 2066 1701 2133 quomodo

125 2171 415 2230 utrumque
456 2160 752 2230 legislator,
794 2169 1050 2228 tanquam
1096 2159 1197 2211 sibi
1247 2173 1577 2229 repugnans,
1619 2168 1702 2211 at-

122 2267 231 2321 que
295 2252 555 2307 resistens
620 2252 875 2321 scripsit?
931 2250 1036 2305 Sed
1106 2251 1309 2320 aliquid
1376 2252 1701 2321 evangelicae

122 2345 430 2416 proximum
465 2345 699 2416 largitati
737 2345 912 2397 modis
948 2344 1206 2397 omnibus
1243 2342 1441 2408 innuit,
1482 2352 1537 2396 et
1574 2358 1702 2397 con-

124 2438 491 2501 descensioni,
532 2454 692 2506 quam
740 2439 910 2505 gratia
957 2436 1131 2491 novit.
1173 2436 1261 2489 Sic
1309 2450 1438 2505 ergo
1479 2451 1541 2487 ea
1583 2451 1702 2505 qum

124 2528 268 2582 dicta
298 2538 447 2594 sunt,
482 2528 868 2597 intelligamus,
903 2541 1013 2580 non
1053 2526 1250 2580 licebat
1278 2525 1391 2579 Deo
1421 2524 1606 2579 offerri
1636 2526 1703 2580 de

126 2619 438 2690 pecoribus,
468 2635 587 2687 qua:
617 2633 724 2671 non
756 2617 917 2671 simul
947 2625 1003 2670 et
1034 2616 1292 2685 ungulam
1326 2615 1620 2679 limlebant,
1651 2622 1704 2669 et

127 2712 497 2766 ruminabant.
530 2709 655 2764 llmc
679 2710 824 2764 enim
850 2709 932 2763 lex
958 2709 1195 2763 habebat
1223 2708 1520 2771 immunda,
1549 2710 1705 2779 cujus

126 2811 308 2857 autem
349 2811 465 2856 erat
503 2802 752 2870 arnigma,
800 2800 851 2854 id
900 2809 985 2855 est
1025 2801 1280 2870 ungulam
1324 2815 1433 2853 non
1475 2800 1701 2867 findere,

127 2910 239 2948 non
265 2894 601 2963 distinguere
631 2893 761 2962 legis
793 2893 1049 2957 litteram,
1080 2902 1135 2946 et
1163 2892 1416 2961 spiritum
1444 2893 1701 2947 scientis:

127 3000 238 3038 non
278 2994 458 3038 autem
489 2983 768 3038 ruminare
801 2983 939 3051 ejus,
967 2983 1058 3053 qui
1090 2998 1201 3037 non
1241 2982 1500 3037 continue
1529 2984 1703 3039 medi-

127 3074 354 3128 tationis
379 3074 512 3144 legis
532 3073 767 3127 habebat
788 3073 1049 3136 studium,
1076 3082 1133 3127 et
1171 3073 1262 3143 qui
1294 3074 1475 3145 lingua
1506 3075 1701 3139 solum,

127 3181 241 3220 non
294 3166 457 3220 etiam
505 3165 670 3219 corde
721 3181 839 3219 eam
888 3165 955 3219 ad
1004 3166 1411 3220 meditationem
1461 3175 1701 3221 revocat.

129 3258 186 3311 Si
214 3272 345 3328 ergo
372 3257 567 3326 aliquis
602 3256 769 3310 tilium
816 3256 999 3321 talem,
1036 3257 1120 3310 vel
1159 3272 1400 3322 servum,
1430 3256 1517 3311 vel
1547 3258 1708 3311 disci--

129 3350 319 3420 pulum
350 3350 459 3403 Deo
489 3348 706 3411 otl'erat,
740 3348 831 3417 qui
870 3349 937 3403 ad
968 3349 1307 3403 meditandas
1337 3364 1521 3403 sacras
1561 3349 1708 3405 Scri-

130 3452 342 3511 pturas,
376 3451 472 3495 aut
503 3441 571 3495 ad
604 3440 927 3494 divisionem
959 3440 1456 3510 contemplationis,
1492 3457 1603 3495 non
1644 3458 1707 3495 ex

131 3531 359 3594 malitia,
402 3532 497 3586 sed
535 3546 600 3585 ex
638 3530 952 3585 infirmitate
993 3531 1174 3586 minor
1205 3532 1297 3596 sit,
1331 3532 1559 3586 necdum
1591 3535 1711 3603 qui-

127 3621 258 3675 dem
296 3630 380 3675 est
420 3630 581 3675 vetus
625 3621 758 3683 Deo,
785 3635 963 3690 neque
1003 3623 1150 3676 enim
1191 3623 1345 3691 quasi
1380 3622 1593 3679 oblatus
1618 3625 1707 3692 sit,

129 3712 253 3781 ejus
277 3712 554 3783 legislator
587 3713 903 3766 memoriam
932 3713 1082 3769 facit.
1112 3713 1347 3784 Adducit
1375 3722 1557 3770 autem
1582 3725 1708 3771 ante

130 3802 496 3865 sacerdotem,
539 3810 596 3856 et
640 3803 831 3856 statuit
871 3803 1107 3872 pretium
1147 3804 1267 3873 ejus
1310 3807 1581 3869 sacerdos,
1625 3807 1708 3861 di-

124 3892 384 3961 judicans
410 3902 593 3945 utrum
625 3892 831 3946 bonum
863 3907 930 3945 an
962 3891 1163 3945 malum
1193 3891 1282 3957 sit,
1305 3902 1364 3946 ut
1392 3892 1712 3963 imperfecto

129 3981 618 4045 condescendens,
683 3980 1023 4034 moderatum
1082 3982 1129 4033 ei
1183 3981 1373 4052 jugum
1444 3982 1709 4051 imponat,

132 4075 191 4129 id
225 4084 330 4137 est,
362 4089 480 4129 eam
511 4090 633 4143 quae
662 4083 745 4128 est
775 4074 949 4129 media
1000 4074 1142 4129 inter
1175 4075 1373 4129 bonam
1408 4075 1712 4144 malamque

133 4164 629 4219 conversationem.
666 4163 762 4218 Est
808 4175 990 4219 autem
1039 4181 1069 4218 a
1117 4165 1260 4218 malo
1306 4165 1617 4230 declinatio,
1658 4175 1713 4220 et

133 4260 416 4328 profectus
453 4258 519 4311 ad
552 4258 798 4312 meliora.
829 4257 944 4311 Hoc
982 4259 1126 4312 enim
1168 4256 1395 4312 forsitan
1430 4259 1710 4328 proprium

133 4350 371 4404 dicimus
396 4364 518 4403 esse
552 4350 697 4403 inter
731 4350 971 4403 deterius
1001 4357 1055 4403 et
1090 4350 1317 4403 melius:
1347 4354 1490 4419 quod
1522 4367 1618 4419 pro
1646 4367 1712 4405 eo

132 4439 281 4507 quod
314 4440 520 4493 dictum
562 4448 666 4501 est,
699 4450 882 4492 utrum
915 4439 1119 4492 bonum
1167 4454 1235 4491 an
1283 4440 1506 4502 malum,
1543 4441 1716 4495 edidit

1805 1976 1999 2014 norum
2049 1961 2142 2030 qui
2198 1960 2391 2029 reliqui
2433 1969 2581 2023 sunt,
2614 1976 2904 2015 numerum
2938 1978 3109 2031 usque
3140 1964 3205 2017 ad
3227 1964 3381 2019 Jubi-

1805 2054 1984 2117 laeum,
2004 2063 2061 2107 et
2077 2053 2394 2107 detrahetur
2413 2068 2475 2107 ex
2504 2054 2700 2123 pretio.
2719 2052 2874 2119 Quod
2899 2054 2943 2108 si
2972 2055 3204 2111 voluerit
3237 2058 3382 2111 redi-

1804 2161 1954 2200 mere
1980 2162 2165 2216 agrum
2200 2145 2288 2200 ille
2318 2146 2411 2215 qui
2435 2156 2678 2214 voverat,
2704 2147 2868 2201 addet
2895 2148 3140 2217 quintam
3171 2160 3381 2219 partem
3444 2201 3451 2207 .

1804 2239 2088 2293 :estimata:
2116 2238 2382 2307 pecuniae,
2415 2247 2469 2292 et
2496 2239 2799 2307 possidebit
2826 2255 2971 2294 eum.
3009 2261 3025 2291 ι

1874 2332 1993 2386 Non
2024 2331 2419 2401 qualiscunque
2447 2331 2536 2385 hic
2563 2331 2773 2401 paritur
2796 2332 3041 2402 quaestio.
3068 2332 3237 2388 Paulo
3261 2345 3385 2404 post

1803 2424 1949 2477 enim
1982 2424 2049 2477 ad
2085 2422 2249 2477 finem
2278 2421 2403 2477 libri
2442 2422 2720 2494 legislator
2749 2423 2827 2478 sic
2847 2424 2979 2478 dicit
3018 2443 3029 2477 :
3061 2423 3222 2479 Omne
3243 2428 3383 2497 quod

1809 2514 2031 2568 Domino
2061 2524 2417 2576 consecratur,
2437 2515 2543 2568 sive
2563 2515 2712 2567 homo
2741 2516 2860 2581 erit,
2893 2517 2999 2569 sive
3028 2517 3252 2581 animal,
3277 2519 3385 2572 sive

1806 2623 1950 2675 ager,
1983 2622 2085 2660 non
2116 2609 2372 2670 uenietur,
2406 2623 2497 2659 nec
2526 2607 2713 2659 redimi
2754 2609 2964 2675 poterit.
2994 2606 3279 2674 Quomodo
3312 2611 3385 2665 ibi

1810 2698 2031 2766 quidem
2069 2699 2261 2752 redimi
2292 2698 2473 2752 oblata
2506 2698 2808 2767 prohibuit,
2834 2700 2923 2754 hic
2949 2709 3127 2765 autem
3160 2701 3385 2755 domum

1808 2790 1863 2844 et
1879 2806 2064 2860 agrum
2084 2799 2366 2859 postquam
2381 2790 2711 2845 sanctificata
2734 2800 2862 2845 sunt
2883 2792 3129 2861 praecipit
3150 2793 3382 2848 redimi?

1808 2884 1917 2935 Ant
1974 2881 2199 2935 forsitan
2238 2881 2553 2935 omnimodo
2607 2882 2766 2935 aliam
2837 2882 2925 2937 hic
3000 2885 3381 2950 intentionem,

1808 2973 1966 3027 aliam
2003 2973 2092 3027 hic
2130 2973 2411 3027 offerentis
2463 2974 2633 3027 novit.
2676 2974 2754 3028 lbi
2795 2974 3036 3044 quidem,
3085 2988 3144 3030 ut
3179 2994 3385 3047 nequa-

1808 3081 1970 3134 quam
1998 3066 2137 3119 ultra
2162 3074 2414 3121 attrectet
2434 3067 2579 3136 quod
2625 3067 2825 3122 obtulit
2871 3085 2885 3121 :
2926 3069 3019 3122 sed
3067 3079 3123 3122 ut
3170 3071 3389 3139 penitus

1811 3158 1940 3212 illud
1972 3167 2320 3213 consecraret
2348 3159 2481 3222 Deo,
2511 3166 2736 3230 propter
2756 3160 2901 3229 quod
2928 3175 3037 3213 non
3068 3161 3163 3227 ait,
3194 3177 3387 3231 quem—

1810 3252 2099 3305 admodum
2159 3252 2286 3305 hic:
2324 3250 2381 3305 Si
2431 3253 2767 3307 consecrarit
2818 3253 3042 3307 domum
3085 3265 3388 3319 suam,aut

1812 3358 2000 3414 agrum
2043 3344 2405 3413 possessionis
2442 3359 2554 3399 suae
2590 3362 2602 3397 :
2639 3345 2754 3408 sed,
2792 3361 2944 3399 omne
2988 3348 3125 3416 quod
3163 3346 3391 3401 Domino

1811 3444 2167 3489 consecratur.
2218 3435 2421 3490 Eorum
2464 3436 2610 3490 enim
2654 3452 2774 3505 qua:
2823 3437 3196 3492 offerebantur
3256 3437 3388 3503 Deo,

1812 3524 1949 3579 nihil
1978 3525 2176 3579 licebat
2201 3525 2255 3579 in
2295 3542 2456 3581 usum
2498 3527 2799 3581 humanum
2831 3528 2972 3581 ultra
3016 3530 3237 3594 reverti,
3291 3532 3389 3585 sed

1812 3631 1914 3671 nec
1969 3616 2222 3671 sacerdos
2264 3616 2368 3670 illis
2400 3616 2477 3671 uti
2525 3626 2759 3686 poterat.
2814 3618 3166 3674 Demonstrat
3205 3631 3387 3676 autem

1812 3708 1917 3764 hoc
1952 3724 2037 3773 ea,
2078 3725 2200 3779 quae
2235 3717 2319 3763 est
2364 3708 2828 3764 Amalechitarum
2872 3711 3120 3767 historia.
3174 3713 3389 3769 Praece-

1812 3808 1966 3867 ptum
2009 3810 2093 3853 est
2139 3799 2285 3852 enim
2343 3798 2472 3852 Saul
2522 3808 2580 3853 ut
2620 3800 2910 3853 anathema
2958 3811 3144 3855 essent
3205 3804 3393 3859 omnia

1813 3890 2073 3945 Amalech
2122 3891 2295 3961 spolia
2328 3908 2340 3944 :
2367 3899 2423 3945 et
2461 3892 2589 3961 quia
2615 3892 2887 3947 concessit
2916 3894 3116 3963 popqu
3143 3896 3391 3962 quaedam

1812 3982 1881 4035 de
1945 3981 2202 4052 gregibus
2277 3992 2333 4036 et
2382 3982 2647 4036 armentis
2708 3983 2981 4054 accipere,
3041 3985 3390 4041 maledictum

1814 4075 2038 4143 grande,
2101 4075 2346 4143 iramque
2387 4074 2699 4129 sustinuit:
2741 4082 2798 4129 et
2858 4076 3171 4130 nullatenus
3221 4078 3269 4131 ei
3326 4081 3396 4134 ad

1813 4165 2241 4221 satisfactionem
2274 4164 2509 4229 suffecit,
2535 4182 2659 4221 cum
2692 4166 3023 4221 irasceretur
3066 4168 3306 4233 Samuel,
3340 4181 3397 4225 et

1815 4255 2115 4323 inquireret
2164 4272 2177 4306 :
2226 4254 2355 4320 Quae
2392 4266 2465 4309 est
2506 4274 2606 4310 vos:
2647 4258 2818 4327 gregis
2859 4258 3016 4328 Itujus
3065 4260 3120 4311 in
3175 4261 3394 4314 auribus

1814 4349 1959 4406 meis.
1978 4360 2025 4399 et
2052 4364 2150 4401 vox
2170 4348 2322 4400 boum
2342 4364 2500 4417 quam
2527 4365 2619 4415 ego
2633 4349 2793 4402 audio
2812 4351 2879 4415 ³³,
2903 4366 3024 4404 cum
3043 4353 3399 4421 responderet

1813 4442 1917 4495 alia
1971 4442 2037 4495 ad
2072 4442 2392 4511 prophetam
2429 4444 2615 4505 verba,
2648 4458 2712 4496 ea
2746 4460 2865 4513 qua:
2890 4456 3047 4499 erant
3079 4466 3089 4499 :
3129 4447 3203 4500 De
3234 4450 3397 4502 Ama-

136 4533 500 4604 Symmachus
533 4551 546 4585 :
583 4531 787 4586 Statuit
814 4533 1039 4599 pretium
1072 4533 1335 4595 sacerdos,
1360 4532 1404 4586 si
1438 4534 1712 4602 quomodo
1743 4546 1788 4601 ι)
1820 4533 1925 4585 (ecl:
1951 4535 2171 4587 adduxit
2203 4550 2262 4586 ea
2292 4548 2407 4601 qua:
2437 4535 2713 4603 acquisivit
2732 4536 2956 4603 populus
2980 4538 3202 4591 meliora
3226 4543 3397 4610 gregis

136 4626 436 4695 proﬁciens
463 4626 666 4680 donum
693 4639 814 4679 esse
840 4640 1051 4688 eorum,
1094 4640 1215 4693 quae
1245 4623 1357 4679 Deo
1386 4625 1709 4689 etleruntur,

138 4719 333 4787 possit.

209 4804 359 4869 Quod
387 4805 432 4858 si
465 4806 592 4858 dare
640 4804 928 4866 volueritis,
975 4819 1131 4873 quant
1170 4803 1337 4872 oﬂ‘ert,
1367 4805 1522 4857 addet
1560 4822 1716 4874 super

135 4898 539 4952 astimatiouem
590 4896 829 4965 quintam
885 4905 1110 4962 partem.
1146 4894 1211 4948 Et
1236 4896 1366 4964 quid
1430 4897 1533 4951 hoc
1587 4900 1717 4952 est?

136 4988 393 5057 Quinque
425 5002 651 5040 numero
688 5001 883 5040 sensus
907 4996 1053 5039 sunt.
1098 4986 1300 5040 llorum
1346 4989 1502 5040 nobis
1522 4989 1714 5058 quinta

136 5094 269 5148 pars
312 5094 468 5133 mens
507 5089 610 5140 est,
664 5079 733 5132 ab
774 5078 887 5146 ipsa
950 5078 1097 5131 enim
1140 5080 1533 5148 gubernantur.
1585 5080 1716 5135 Sine

137 5175 243 5225 hac
270 5187 398 5241 ergo
423 5187 531 5223 non
571 5170 726 5223 valde
756 5169 1118 5231 habentesse,
1144 5186 1245 5223 nec
1268 5171 1481 5238 juvant.
1513 5172 1715 5227 llorum

135 5280 271 5332 ergo
291 5264 530 5332 quinque
554 5263 812 5331 virgines,
834 5277 954 5330 qua:
979 5262 1043 5315 ad
1076 5262 1295 5331 nuptias
1316 5280 1421 5316 non
1447 5274 1718 5334 susceptae

136 5365 289 5417 sunt,
322 5359 547 5425 figuram
580 5362 797 5423 gerunt.
823 5351 1074 5422 Quinque
1105 5369 1231 5423 ergo
1265 5370 1371 5407 non
1407 5356 1715 5411 habuerunt

136 5446 487 5516 sapientiam,
520 5444 664 5498 unde
684 5444 929 5498 absolute
959 5452 1014 5497 et
1046 5443 1207 5497 fatum
1247 5445 1536 5497 nominatae
1567 5456 1713 5499 sunt.

134 5541 286 5609 Ergo
313 5539 359 5592 si
387 5539 508 5607 quis
542 5536 657 5591 vult
694 5536 963 5590 redimere
1007 5550 1154 5597 eum,
1186 5536 1276 5604 qui
1316 5547 1537 5606 propter
1576 5554 1716 5608 prae-

136 5633 317 5687 dictas
341 5644 529 5685 causas
565 5628 860 5682 immundis
886 5636 1231 5696 comparatur
1272 5629 1578 5697 pecoribus,
1619 5630 1717 5684 hac

213 5811 260 5843 ³³
292 5809 314 5865 1
349 5812 479 5885 Reg.
510 5828 597 5875 xv,
633 5814 716 5867 M.
832 5810 873 5843 ³³
914 5810 1049 5866 ibid.
1084 5814 1168 5867 l5.

1816 4635 1864 4677 et
1899 4625 2073 4685 boum,
2106 4634 2162 4676 ut
2192 4623 2597 4677 immolarentur
2623 4624 2847 4679 Domino
2891 4624 2998 4679 Deo
3042 4637 3151 4689 tuo,
3192 4628 3397 4697 reliqua

1817 4731 1995 4769 autem
2030 4716 2316 4785 disperdidi
2344 4716 2410 4771 “.
2451 4715 2588 4786 Ergo
2618 4715 2762 4770 aliitd
2794 4726 2874 4771 est
2902 4720 3242 4775 sanctificare
3264 4722 3395 4785 Deo,

1819 4808 1945 4861 licet
1979 4807 2123 4860 enim
2168 4807 2216 4859 ei
2248 4808 2339 4876 qui
2382 4807 2763 4870 sanctificavit,
2802 4809 2905 4863 hoc
2936 4811 3099 4865 modo
3132 4812 3212 4864 uti
3236 4829 3399 4881 quem

1822 4915 1968 4953 nunc
1996 4899 2153 4953 nobis
2194 4899 2468 4970 legislator
2502 4900 2743 4954 ostendit
2769 4920 2781 4955 :
2811 4901 2957 4956 aliud
2988 4914 3073 4957 est
3108 4906 3400 4958 anathema

1821 4994 1948 5063 quid
1986 4992 2185 5056 facere,
2234 4992 2397 5060 hujus
2447 4992 2592 5045 enim
2642 5009 2776 5047 usus
2823 4996 3152 5063 prohibitus.
3194 4996 3400 5050 Similis

1821 5093 1999 5135 autem
2024 5080 2149 5134 huic
2179 5090 2235 5134 et
2274 5081 2581 5135 intellectus
2614 5083 2815 5151 suscipi
2865 5084 3026 5138 debet
3065 5091 3402 5154 contempla—

1823 5174 2005 5238 tionis,
2038 5174 2133 5227 sed
2165 5174 2232 5227 de
2265 5173 2613 5229 anathemate
2633 5175 2853 5243 quidem
2886 5177 3152 5243 dicemus,
3182 5176 3403 5246 quando

1822 5266 1889 5320 ad
1924 5266 2069 5319 illam
2131 5273 2339 5334 partem
2393 5266 2566 5319 sancti
2618 5268 2951 5321 venerimus.
3008 5268 3165 5323 Nunc
3218 5278 3403 5322 autem

1826 5357 1952 5427 quid
1973 5356 2043 5410 sit
2060 5355 2282 5409 domum
2301 5356 2662 5419 sanetificare,
2696 5358 2825 5426 quid
2850 5374 3059 5428 agrum,
3086 5359 3402 5417 doceamus,

1826 5448 1959 5502 mihi
2009 5454 2330 5517 suggerente
2367 5447 2581 5515 spiritu,
2622 5448 2722 5501 hoc
2756 5450 2931 5517 primo
2964 5450 3083 5502 loco
3104 5449 3349 5502 dicentes
3386 5464 3402 5501 :

1827 5539 1951 5607 quia
1981 5536 2125 5591 aliud
2161 5546 2243 5590 est
2271 5536 2596 5591 sanctificari
2630 5537 2761 5601 Deo,
2796 5538 2939 5592 aliud
2963 5548 3210 5592 sanctum
3240 5552 3359 5589 esse
3389 5552 3402 5586 :

1828 5629 1973 5684 aliud
2007 5628 2189 5685 ollcrri
2222 5628 2270 5683 ei
2294 5627 2517 5698 aliquid,
2544 5629 2690 5685 aliud
2712 5644 2821 5684 non
2854 5644 2990 5699 opus
3022 5630 3220 5683 habere
3250 5628 3408 5683 obla-
