4158 6450
105 430 239 497 11³73

1234 439 1315 498 ΙΝ
1356 436 1779 499 LEVITICUM
1829 462 1896 472 -
1935 436 2081 495 LIB.
2132 437 2260 497 VII.

3242 430 3371 492 ΗΠ

96 560 225 599 eum
255 543 343 615 pia
394 545 740 615 subiectione
790 545 1002 618 incipit,
1034 548 1231 617 qualis,
1278 549 1432 603 verbi
1485 547 1681 619 gratia.
1715 548 1757 602 Α
1787 555 1998 615 partem
2029 547 2223 616 pretii:
2270 545 2436 599 addet
2500 544 2769 613 quintam,
2811 558 2937 598 cum
2994 543 3271 597 mtclleetn
3324 548 3371 598 ei

96 646 220 693 erat
247 637 416 693 Paulo
437 638 783 699 Timotheus.
813 650 870 695 et
914 649 1205 712 propterea
1255 642 1323 697 de
1379 655 1447 696 eo
1473 641 1538 694 ad
1578 641 1687 696 Co-

113 730 354 785 rinthios
385 731 606 801 scripsit
645 730 901 811 :Qui‘est
947 734 1089 803 ﬁlius
1142 751 1285 788 meus
1310 784 1313 787 .
1343 736 1399 787 in
1443 733 1685 796 Domino,

99 825 213 892 ipse
268 840 356 878 vos
402 826 846 896 commonefaciat
888 827 1004 880 vias
1061 843 1228 893 meas,
1287 844 1403 898 qua:
1465 836 1587 881 sunt
1635 829 1690 879 in

107 912 320 965 Christo
352 911 503 967 Iesu.
536 911 696 969 Hunc
727 912 821 983 qui
848 914 971 969 talis
999 923 1103 980 est,
1144 931 1308 971 nemo
1353 917 1685 973 sanctiticet:

110 1019 225 1058 non
258 1004 385 1074 quia
415 1002 670 1076 indignus
713 1014 799 1059 est
851 1005 1303 1071 sanctiﬁcatione,
1495 1016 1555 1061 ut
1597 1008 1689 1077 qui

101 1111 219 1151 non
260 1103 384 1168 eget
412 1096 763 1162 sanctiﬁcari,
794 1106 880 1152 est
906 1113 1037 1169 ergo
1058 1099 1185 1153 olim
1217 1102 1460 1155 sanctus.
1489 1101 1690 1155 Didici-

105 1187 176 1240 sti
208 1188 381 1254 enim,
435 1189 714 1259 quomodo
772 1198 830 1244 et
878 1191 1133 1261 superius
1178 1191 1519 1257 dicebamus,
1567 1190 1691 1263 quia

106 1277 259 1331 aliud
283 1287 368 1332 cst
407 1288 659 1333 sanctum
705 1294 831 1335 esse
876 1281 1083 1352 aliquid
1118 1281 1247 1345 Deo,
1311 1282 1458 1337 aliud
1510 1292 1691 1337 autem

109 1369 328 1422 initium
359 1370 812 1427 sanctiﬁcationis
838 1388 1077 1429 sumere.
1116 1374 1253 1429 Illud
1299 1374 1445 1429 enim
1500 1375 1695 1430 melius

110 1476 177 1515 ac
231 1461 485 1530 superius
531 1472 633 1525 est,
675 1472 867 1534 utpote
905 1466 1048 1535 quod
1070 1467 1199 1521 olim
1259 1466 1561 1536 perfectum
1612 1476 1696 1521 est

114 1554 344 1607 meliore
373 1554 571 1610 rationi
610 1571 720 1610 non
747 1566 890 1628 eget.
919 1557 1059 1624 Quia
1090 1573 1222 1629 ergo
1245 1558 1406 1625 ﬁlius,
1433 1560 1527 1629 qui
1579 1568 1696 1614 tan-

113 1660 229 1703 tum
267 1649 504 1706 honorat
535 1660 747 1721 patrem
790 1662 848 1708 et
876 1662 1132 1717 matrem,
1164 1663 1223 1707 ut
1276 1654 1398 1708 aliis
1431 1653 1525 1708 ﬁat
1573 1654 1697 1711 talis

112 1740 339 1795 honoris
367 1742 720 1811 exemplum;
776 1743 1056 1798 honorans
1097 1754 1283 1798 autem
1320 1754 1544 1815 propter
1580 1746 1689 1815 pie-

115 1842 303 1899 tatem,
330 1833 384 1888 id
410 1842 494 1889 est
524 1845 753 1905 propter
786 1837 1157 1893 obedientiam
1202 1840 1356 1911 legis,
1386 1848 1443 1895 et
1490 1840 1689 1902 sciens.

111 1925 240 1993 quia
266 1924 375 1980 Deo
400 1925 565 1981 oﬂert
595 1927 744 1983 hunc
778 1926 1069 1996 honorem,
1104 1931 1197 2001 qui
1225 1932 1479 1988 honorari
1510 1941 1694 2003 patres

112 2016 394 2087 ιιι-κείρει,
432 2018 670 2089 primum
702 2021 1022 2097 mandatum
1053 2023 1200 2093 quod
1245 2034 1331 2079 est
1383 2025 1436 2079 in
1465 2025 1695 2096 promis-

114 2108 294 2172 sione,
315 2110 616 2164 secundum
640 2111 786 2181 quod
815 2111 1012 2167 Paulus
1038 2112 1195 2181 dixit,
1225 2115 1477 2185 implevit.
1496 2116 1697 2171 Servus

113 2208 321 2264 autem,
355 2202 451 2271 qui
482 2202 711 2258 domino
738 2218 879 2274 pure
900 2204 1176 2271 subditur,
1200 2216 1422 2276 propter
1468 2208 1693 2263 manda-

115 2302 233 2343 tum
261 2291 407 2360 quod
466 2292 827 2361 dixit:Servi,
886 2297 1087 2377 obedite
1118 2300 1346 2353 dominis
1396 2301 1698 2355 carnalibus

114 2400 238 2435 cum
262 2383 450 2438 timore
483 2393 532 2438 et
562 2394 809 2451 tremore,
862 2388 919 2441 in
945 2389 1290 2457 simplicitate
1316 2391 1505 2456 cordis,
1563 2394 1700 2446 sicut

119 2474 367 2539 Domino,
400 2492 502 2529 non
524 2478 598 2530 ad
624 2476 835 2531 oculum
876 2480 1176 2545 seruientes,
1230 2482 1363 2536 sicut
1408 2483 1699 2538 hominibus

120 2566 405 2634 placentes,
448 2568 540 2622 sed
558 2569 696 2622 sicut
721 2571 859 2624 servi
893 2569 991 2625 Dei
1024 2570 1373 2626 obedientiam
1405 2573 1512 2628 Deo
1528 2584 1702 2629 osten-

119 2659 332 2713 dunt".
368 2657 481 2715 Hoc
508 2670 688 2715 autem
726 2662 870 2717 idem
888 2664 1301 2735 etdiscipulus.
1338 2663 1393 2719 Si
1443 2668 1701 2738 magistro

119 2750 191 2803 ad
219 2750 483 2806 honorem
516 2751 631 2819 Dei,
666 2754 760 2823 qui
782 2770 881 2823 per
905 2754 1131 2810 Paulum
1172 2768 1457 2813 sanctum:
1489 2758 1702 2815 Obedite

119 2846 419 2912 pra'positis
454 2847 657 2909 vestris,
688 2857 739 2900 et
759 2848 1027 2916 subjacete
1070 2850 1160 2914 eis,
1186 2851 1288 2918 ipsi
1340 2852 1479 2905 enim
1528 2848 1717 2922 parvi?

118 2933 294 3003 giluut
346 2950 444 3001 pro
506 2935 786 2989 animabus
849 2939 1058 3003 vestris,
1102 2939 1341 3015 obedite,
1382 2950 1432 2995 et
1482 2942 1703 3011 subjecti

117 3035 282 3080 estote
296 3026 365 3091 ",
390 3027 457 3081 ad
485 3025 657 3082 Deum
685 3029 892 3085 referre
931 3044 1019 3095 ea,
1055 3046 1178 3100 qua:
1205 3041 1337 3087 sunt
1374 3032 1539 3103 huius
1568 3034 1704 3088 obe-

118 3118 349 3173 dientia:
408 3127 463 3173 et
523 3120 911 3190 subjectionis,
981 3124 1267 3179 evidenter
1330 3127 1702 3197 unusquisque

1792 640 2101 694 doctrinam
2128 638 2386 699 oﬂerens.
2413 636 2465 690 in
2503 637 2771 707 sapientia
2799 651 2925 690 eum
2951 636 3287 707 gubernans,
3323 647 3371 690 et

1795 744 1903 784 non
1938 718 2264 797 insipienter
2316 742 2531 797 regens.
2586 726 2857 781 lnsensati
2892 729 3036 780 etiim
3094 726 3291 796 patris,
3321 738 3370 779 et

1798 820 2031 885 domini,
2079 829 2135 875 et
2182 819 2426 889 magistri
2486 826 2591 883 est,
2649 816 2985 881 obedientia,
3035 834 3156 888 qua:
3211 818 3276 872 ad
3319 834 3376 870 St:

1796 914 2054 985 pertinet,
2080 913 2278 968 docere
2302 912 2494 976 ﬁlium,
2525 912 2610 989 vel
2630 911 2987 981 discipulum,
3018 911 3103 965 vel
3132 927 3375 969 servum.

1794 1016 1982 1061 etnon
2024 1006 2319 1076 disponere
2346 1004 2469 1075 ejus
2525 1004 2714 1068 vitam,
2763 1014 2822 1059 ut
2882 998 3185 1058 secundum
3248 1003 3377 1072 legis

1796 1098 2080 1153 scientiam
2129 1106 2406 1168 operetur,
2456 1097 2883 1168 pcrmittereque
2931 1111 3056 1150 eum
3099 1096 3374 1149 indoctum

1795 1206 1917 1246 esse.
1947 1191 1999 1243 in
2055 1189 2173 1261 lege
2202 1198 2258 1245 et
2284 1189 2616 1259 imperitum.
2681 1188 2855 1244 Addat
2895 1188 3059 1258 igitur
3108 1196 3161 1242 et
3190 1187 3361 1257 subje-

1798 1283 1962 1337 ctioni
1998 1291 2053 1336 et
2078 1281 2344 1336 doctrinm
2391 1281 2748 1345 intellectum,
2793 1281 2910 1349 ipse
2948 1280 3094 1334 enim
3125 1280 3295 1333 solus.
3321 1279 3375 1332 in

1800 1374 2055 1445 praesenti
2114 1373 2293 1426 minus
2341 1381 2448 1432 est,
2506 1382 2729 1442 propter
2789 1371 2932 1440 quod
2984 1371 3163 1425 dixit:
3214 1372 3377 1425 Addet

1798 1470 2039 1538 quintam
2060 1476 2263 1536 partem
2280 1467 2453 1535 pretii.

1868 1560 2007 1627 Quia
2041 1560 2274 1628 pretium
2321 1558 2486 1613 habet
2531 1556 2866 1618 obedientia,
2918 1557 3065 1611 unde
3110 1572 3219 1610 non
3270 1557 3374 1610 ait:

1745 1716 1754 1730 κ
1801 1654 2107 1708 .Estimabit
2160 1668 2299 1729 eum
2335 1653 2598 1715 sacerdos,
2655 1652 2798 1707 sicut
2847 1668 3011 1721 supra
3062 1653 3220 1716 dixit,
3283 1655 3379 1705 sed

1802 1747 1947 1799 sicut
1974 1745 2105 1799 olim
2128 1745 2368 1815 pretium
2406 1743 2724 1808 habentem,
2758 1754 2814 1798 et
2848 1745 2941 1813 qui
3003 1744 3374 1798 deﬁnitionem

1729 1869 1770 1929 Β
1801 1838 2087 1903 doctrinm,
2114 1838 2613 1908 subiectionemque
2644 1837 2870 1891 sortitus
2900 1846 3002 1891 cst.
3033 1837 3200 1903 jussit
3214 1852 3378 1905 super

1800 1947 1926 1986 eum
1979 1931 2103 1986 addi
2156 1931 2401 2000 quintam
2446 1940 2678 1999 partem,
2711 1940 2773 1984 ut
2820 1931 2945 1999 quia
2988 1930 3376 1991 obedientiam,

1797 2037 1960 2091 quam
1994 2020 2150 2076 valde
2176 2021 2259 2075 lex
2284 2019 2550 2091 przecipit,
2581 2018 2842 2089 possidet,
2881 2022 3181 2073 secundum
3216 2017 3373 2071 LXX.

1802 2115 1972 2170 Filius
2006 2114 2221 2184 sapiens
2251 2114 2504 2169 subditus
2533 2121 2619 2168 est
2657 2113 2820 2183 patri,
2846 2113 3096 2182 quintam
3124 2110 3379 2180 adjicitet

1802 2207 2261 2278 quemadmodum
2290 2206 2547 2272 diximus,
2585 2206 2911 2263 obedientia:
2966 2205 3116 2260 addit
3156 2220 3377 2259 sensum

1800 2317 1862 2354 es
1885 2316 1994 2371 quo
2020 2300 2339 2360 obediturus
2368 2310 2473 2365 est,
2509 2306 2565 2355 et
2594 2308 2739 2355 recte
2764 2299 3098 2368 redemptus,
3133 2298 3377 2351 invenie-

1803 2402 1891 2448 tur
1916 2394 2178 2447 mundus.
2212 2391 2388 2455 Tunc,
2432 2392 2734 2446 secundum
2774 2390 2934 2454 LXX,
2965 2391 3069 2445 erit
3105 2390 3243 2460 ejus,
3287 2391 3378 2458 qui

1803 2485 2051 2556 possidet
2075 2500 2318 2550 servum,
2355 2492 2448 2539 aut
2470 2484 2664 2547 ﬁlium,
2694 2493 2791 2539 aut
2817 2484 3164 2553 discipulum,
3212 2484 3381 2537 hahe-

1803 2578 1884 2633 bit
1910 2577 2055 2632 enim
2081 2577 2135 2632 in
2161 2592 2228 2632 eo
2254 2577 2483 2648 gloriam
2506 2577 2647 2631 sicut
2677 2576 2877 2633 Paulus
2906 2577 3072 2631 dixit:
3100 2574 3240 2641 Quia
3264 2575 3380 2646 glo-

1805 2673 1886 2724 ria
1923 2679 2101 2724 nostra
2152 2686 2240 2723 vos
2267 2671 2389 2723 estis
2437 2670 2492 2722 in
2532 2668 2743 2724 Christo
2791 2669 2915 2723 Jesu
2937 2668 3003 2721 ".
3035 2669 3102 2722 Et
3161 2682 3382 2721 rursus:

1805 2759 2022 2815 Gaudeo
2041 2759 2205 2828 igitur
2226 2759 2281 2811 in
2298 2758 2459 2811 vobis.
2500 2758 2573 2811 Et
2616 2773 2833 2812 rursus:
2872 2756 3029 2811 Nunc
3085 2756 3223 2810 enim
3254 2756 3383 2809 vivi—

1808 2869 1943 2917 mus,
1978 2854 2024 2906 si
2047 2869 2133 2905 vos
2160 2852 2314 2905 statis
2336 2850 2392 2903 in
2428 2851 2731 2906 Domino".
2763 2849 2821 2904 Si
2865 2858 3047 2904 autem
3084 2856 3196 2902 non
3225 2849 3383 2901 rede-

1808 2944 1992 3008 merit,
2061 2944 2155 3014 qui
2217 2943 2409 3007 ﬁlium,
2443 2953 2538 2998 aut
2602 2959 2845 3004 servum,
2896 2952 2990 2996 aut
3054 2940 3381 3009 discipulum

1806 3033 2090 3104 possidet:
2149 3033 2319 3103 ipsius
2350 3033 2499 3089 enim
2530 3047 2655 3087 eum
2718 3032 2989 3087 redimere
3042 3041 3127 3087 est
3181 3039 3237 3085 et
3286 3045 3385 3099 per

1807 3130 2133 3199 prudentem
2155 3128 2585 3183 admonitionem
2613 3137 2893 3183 scnsatum
2923 3126 3160 3188 eﬁicere,
3186 3141 3384 3180 secun-

118 3211 323 3265 horum
354 3211 572 3279 dicitur,
598 3212 716 3268 sive
744 3229 855 3283 per,
895 3215 1095 3269 bonam
1133 3216 1535 3289 simplicitatem
1584 3220 1701 3289 pla-
1730 3213 1774 3269 C
1808 3223 1937 3277 dum
1981 3222 2227 3282 modum.
2269 3220 2362 3291 qui
2411 3222 2590 3277 dictus
2629 3231 2733 3287 est,
2787 3220 3059 3276 alienatur
3098 3221 3167 3274 ab
3220 3219 3385 3290 hujus

118 3320 258 3358 cens
286 3315 370 3359 est
393 3302 525 3369 Deo,
558 3306 675 3361 sive
711 3322 810 3376 per
829 3306 1130 3362 studiosam
1154 3309 1533 3365 mandatorum
1570 3326 1701 3379 Ope-

118 3398 415 3463 rationem,
446 3406 504 3453 et
527 3398 619 3468 qui
651 3398 849 3454 debeat
881 3398 980 3454 bos
1006 3408 1231 3470 propter
1258 3402 1384 3467 hoc,
1414 3412 1510 3458 aut
1563 3404 1701 3469 ovis,

123 3489 424 3555 nominari,
455 3489 662 3544 domini
687 3499 919 3559 uterque
947 3498 1050 3544 est.
1088 3490 1300 3547 Audisti
1324 3492 1470 3547 enim
1508 3508 1724 3571 quem-_

120 3583 420 3637 admodum
476 3582 543 3636 ad
613 3582 896 3635 dominum
964 3582 1204 3652 pertinet
1267 3582 1749 3655 uniuscujusque'

120 3675 462 3736 obedientia,
515 3683 571 3727 et
597 3673 889 3744 subiectio,
916 3677 1137 3745 quando
1178 3676 1409 3747 subjecti
1458 3678 1707 3747 patribus

125 3770 216 3824 vel
246 3768 481 3823 dominis
540 3767 945 3838 velmagistris,
1002 3768 1166 3823 etiam
1228 3769 1704 3828 conversationem

125 3857 335 3912 habent
354 3858 575 3920 bonam,
619 3872 846 3925 qumeos
872 3857 1015 3911 inter
1044 3859 1248 3913 munda
1278 3858 1533 3912 animalia
1583 3858 1722 3914 facit.

123 3958 248 3997 esse
278 3982 292 4003 .
344 3953 398 3996 et
437 3959 544 3997 non
598 3944 667 3997 de
712 3943 1036 4009 immundis,
1081 3946 1149 4001 de
1202 3946 1404 4016 quibus
1456 3947 1703 4003 subdidit

124 4034 433 4104 sequentia.

201 4125 362 4183 Vens.
385 4128 476 4182 27.
524 4148 542 4180 ι
579 4127 735 4195 Quod
766 4129 810 4185 si
836 4129 1178 4185 immundum
1201 4140 1286 4185 est
1309 4132 1531 4193 animal.
1566 4132 1710 4186 redi-

126 4230 242 4275 met
261 4221 352 4289 qui
378 4222 637 4276 ohtulerit
656 4223 813 4292 juxta
838 4223 1255 4278 aestimationem
1280 4240 1457 4288 suam,
1483 4225 1713 4280 etaddet

124 4311 379 4381 quintam
412 4322 621 4381 partem
654 4314 837 4384 pretii.
864 4312 922 4369 Si
953 4315 1224 4370 redimere
1279 4316 1542 4380 noluerit,
1573 4331 1710 4372 ven-

126 4405 296 4457 detur
323 4404 498 4457 alteri.
546 4424 562 4454 |
608 4444 613 4447 .

202 4495 339 4559 Quia
376 4496 691 4551 immundus
717 4499 899 4552 omnis
926 4508 1181 4568 peccator
1211 4511 1314 4565 est,
1356 4500 1707 4557 manifestum

128 4597 249 4641 est:
274 4589 590 4645 immundus
607 4591 752 4644 enim
770 4600 875 4656 est,
902 4591 1077 4662 inquit
1099 4592 1379 4659 Salomon,
1403 4604 1533 4649 ante
1570 4612 1707 4651 con-

133 4688 387 4749 spectum
416 4682 652 4745 Domini,
684 4682 865 4738 omnis
898 4684 1144 4754 iniquus.
1177 4684 1403 4754 Iniquus
1428 4687 1573 4741 enim
1603 4697 1709 4748 est,

130 4774 266 4841 quia
288 4785 395 4829 tam
420 4775 697 4838 meditari,
720 4791 882 4844 quam
908 4777 1227 4832 discernere
1251 4779 1422 4849 legem
1443 4795 1591 4841 cum,
1619 4782 1710 4849 qui

131 4863 396 4929 ruminat,
415 4872 471 4919 et
498 4866 754 4937 ungulam
784 4866 962 4933 ﬁndit,
980 4867 1447 4939 legislatorjussit,
1474 4871 1709 4939 quicun-

131 4972 243 5025 que
297 4973 463 5011 unum
489 4973 558 5013 ex
597 4958 682 5013 his
729 4959 913 5014 minus
970 4960 1154 5015 habet.
1215 4961 1539 5032 Quicunque
1579 4978 1710 5032 ergo

133 5047 400 5101 obediens
428 5058 531 5113 est,
587 5060 643 5104 et
670 5051 1027 5105 vehementer
1080 5052 1332 5106 subditus
1388 5053 1549 5123 patri.
1616 5062 1713 5107 aut

139 5136 391 5199 domino,
446 5148 540 5192 aut
598 5139 879 5209 magistro,
926 5150 1250 5195 nontamen
1299 5142 1506 5211 legem,
1570 5143 1714 5197 sicut

130 5236 375 5293 oportet,
395 5228 644 5281 meditari
669 5238 761 5282 aut
776 5229 1111 5300 distinguere
1131 5232 1299 5296 novit,
1320 5233 1714 5302 primogenitus

133 5317 360 5385 quidem
394 5318 445 5371 in
480 5320 771 5387 pecoribus
798 5330 903 5385 est,
937 5324 1079 5376 sicut
1108 5324 1431 5378 obedientia:
1458 5326 1588 5378 dus.
1621 5324 1717 5379 Est

134 5419 322 5463 autem
361 5412 695 5473 imninndus,
738 5413 864 5483 quia
896 5430 1002 5467 non
1032 5416 1195 5470 habet
1219 5416 1320 5470 hoc
1345 5419 1489 5487 quod
1511 5419 1713 5472 habere

137 5503 404 5556 mundum
446 5504 719 5575 legislator
762 5507 945 5576 jussit.
982 5508 1036 5560 Si
1068 5525 1198 5577 ergo
1242 5525 1366 5563 eum
1404 5521 1582 5579 pater,
1621 5522 1714 5564 aut

136 5594 416 5657 dominus,
473 5608 566 5650 ant
610 5600 867 5668 magister
904 5602 1017 5655 vnit
1068 5603 1357 5664 redimere.
1412 5606 1715 5659 secundum

136 5686 559 5740 aestimationem
612 5690 730 5755 ejus
785 5692 1101 5753 redimetur,
1147 5703 1200 5745 et
1252 5693 1415 5745 addet
1472 5694 1713 5761 quintmu

251 5870 343 5925 "l
378 5874 502 5927 (Ter.
536 5891 606 5933 tv,
651 5874 729 5926 i7.
845 5877 888 5905 ⁵³
921 5873 1050 5929 Ileb.
1090 5893 1205 5941 λιιι,
1244 5878 1322 5929 Ιῖ.

1437 5879 1478 5906 ⁸³
1513 5879 1550 5931 li
1582 5881 1704 5932 (Lor.
1744 5894 1778 5942 ι,
1818 5880 1897 5932 li.

1807 3314 2176 3385 possessione,
2229 3315 2431 3369 vendet
2477 3313 2645 3377 enim,
2712 3313 2810 3376 ait,
2872 3312 3051 3373 alteri,
3109 3312 3193 3365 vel
3244 3311 3387 3365 sicut

1807 3404 1950 3460 LXX
1977 3406 2021 3461 si
2052 3421 2163 3460 non
2201 3405 2533 3469 liberaverit,
2585 3404 2767 3458 veniet
2803 3403 3101 3457 secundum
3144 3402 3384 3471 pretium

1806 3494 1947 3564 eius,
1983 3494 2056 3549 ita
2085 3502 2145 3547 ut
2172 3494 2319 3549 iliius
2357 3494 2578 3563 quidem
2624 3494 2698 3548 sit
2728 3494 2963 3563 pretium
2993 3493 3137 3563 apud
3192 3492 3381 3546 Deum.

1806 3585 2032 3641 obedire
2059 3584 2313 3647 domino,
2342 3595 2397 3637 et
2424 3584 2587 3654 patri,
2622 3592 2682 3637 et
2724 3583 3004 3653 magistro.
3044 3580 3146 3647 Qui
3205 3591 3385 3636 autem
3433 3597 3441 3608 ·

1807 3692 1957 3742 eum,
1989 3691 2115 3730 cum
2142 3675 2371 3731 deberet
2430 3685 2487 3728 et
2521 3675 2787 3744 potuisset
2813 3673 3112 3735 exhortari,
3161 3686 3270 3727 non
3304 3681 3390 3725 est

1809 3771 2155 3829 exhortatus.
2193 3768 2455 3822 damnum
2484 3767 2689 3836 patitur
2719 3768 2839 3839 ejus
2888 3765 3275 3837 possessionis,
3337 3774 3389 3818 et

1784 3862 1920 3915 ’non
1959 3866 2142 3929 potest
2188 3857 2405 3913 dicere:
2436 3854 2575 3911 Ecce
2616 3870 2717 3925 ego
2745 3866 2801 3909 et
2839 3854 3017 3924 pueri.
3059 3869 3198 3920 quos
3256 3850 3385 3905 mihi

1809 3952 1961 4023 dedit
1986 3950 2152 4006 Deus.

1888 4044 2047 4101 Vsus.
2075 4044 2167 4110 28,
2198 4045 2288 4098 29.
2324 4062 2343 4095 ι
2371 4043 2546 4098 Omne
2576 4041 2720 4110 quod
2756 4040 2986 4095 Domino
3013 4047 3387 4097 consecratur.

1813 4139 1929 4194 sive
1958 4139 2124 4193 homo
2162 4136 2288 4196 erit,
2318 4136 2447 4189 sive
2474 4132 2701 4193 animal.
2738 4133 2853 4185 sive
2885 4146 3036 4200 ager,
3066 4147 3172 4183 non
3211 4129 3390 4182 venie-

1816 4243 1921 4291 tur.
1987 4244 2091 4285 nec
2130 4227 2326 4283 redimi
2395 4226 2618 4296 poterit.
2675 4223 2953 4292 Quidquid
3004 4222 3173 4276 semel
3229 4220 3388 4274 fuerit

1812 4328 2220 4380 consecratum,
2253 4327 2504 4372 sanctum
2532 4325 2847 4371 sanctorum
2885 4314 2989 4367 erit
3039 4312 3299 4367 Domino:
3340 4322 3391 4365 et

1813 4409 1993 4463 onmis
2022 4406 2368 4462 consecratio
2418 4420 2541 4474 qua:
2571 4404 2803 4458 oﬂ'crtur
2852 4402 2923 4457 ab
2975 4402 3219 4462 homine,
3284 4416 3388 4452 inin

1817 4502 2137 4562 redimetur,
2178 4498 2271 4553 sed
2310 4507 2487 4551 morte
2525 4496 2862 4549 morietur-»

1887 4593 2018 4659 Qua:
2048 4589 2357 4647 diﬁ‘erentia
2404 4588 2475 4643 sit
2506 4587 2994 4648 anathematizare,
3047 4596 3102 4640 et
3153 4584 3361 4638 s'anetiti

1817 4702 1945 4742 care
1974 4683 2278 4741 secundum
2304 4682 2564 4744 litteram,
2599 4695 2697 4748 per
2727 4694 2788 4731 ea
2815 4693 2934 4748 qua:
2980 4677 3237 4746 superius
3281 4676 3366 4729 dis

1817 4793 1978 4833 cussa
2043 4784 2195 4837 sunt.
2226 4773 2599 4828 ostendimus:
2632 4770 2721 4823 ubi
2782 4773 2883 4822 hoc
2905 4774 3049 4839 quod
3076 4769 3389 4823 anathema.

1819 4871 2043 4925 tizatutn
2070 4878 2175 4929 est,
2214 4866 2365 4920 nullo
2387 4862 2619 4919 modoin
2644 4878 2804 4915 usum
2824 4862 3148 4921 humanum,
3166 4860 3394 4921 nullius,

1819 4977 1921 5015 nec
1953 4954 2256 5013 sacerdotis
2292 4953 2373 5006 fas
2398 4968 2522 5006 esse
2554 4952 2755 5007 reverti
2803 4950 3061 5011 diximus,
3095 4949 3395 5003 secundum

1820 5051 2285 5108 Amalechitarnm
2342 5046 2647 5106 historiam,
2675 5060 2836 5113 quam
2902 5044 2955 5096 in
3023 5043 3395 5097 testimonium

1822 5144 1898 5198 rei
1930 5139 2287 5211 protulimus:
2323 5137 2378 5190 in
2403 5145 2615 5190 tantum
2642 5135 2792 5191 enim
2814 5149 2924 5188 non
2954 5134 3151 5187 licebat
3180 5142 3399 5199 tangere

1819 5232 1964 5302 quod
1993 5225 2579 5286 anathematizabatnr,
2620 5234 2679 5277 ut
2722 5223 2941 5292 quando
2987 5221 3211 5278 Jericho
3265 5238 3400 5275 ana-

1827 5324 2345 5382 thematizaverunt.
2402 5318 2527 5386 quia
2584 5316 2803 5385 quidam
2843 5330 2908 5369 ex
2956 5316 3180 5384 populo,
3232 5316 3283 5369 id
3317 5324 3402 5367 est

1827 5418 2011 5471 Aehan
2056 5414 2197 5466 ﬁlius
2245 5409 2491 5471 Charini,
2540 5407 2606 5461 de
2641 5407 2993 5461 anathemate
3029 5406 3243 5459 furatus
3293 5413 3399 5463 cst.

1827 5507 1981 5563 multi
2008 5506 2077 5559 de
2114 5505 2198 5558 eis
2229 5503 2281 5555 in
2314 5499 2485 5561 bello
2515 5498 2837 5559 ceciderint,
2899 5497 3178 5565 iratusque
3235 5497 3401 5559 Deus,

1827 5601 1940 5653 lirec
1966 5596 2132 5651 dixit:
2179 5592 2301 5647 Non
2332 5607 2419 5644 ero
2455 5590 2595 5642 ultra
2634 5590 2893 5641 volnscum
2934 5591 3096 5641 donec
3124 5589 3404 5641 conterritis

1828 5708 1963 5753 cum,
1994 5689 2082 5753 qui
2118 5685 2274 5752 hujus
2316 5682 2521 5735 sceleris
2545 5697 2661 5731 rcus
2699 5681 2849 5732 est".
2893 5680 2963 5733 Et
2996 5690 3225 5750 utraque
3278 5696 3402 5745 ergo

2012 5880 2057 5909 ”
2090 5879 2105 5931 l
2146 5879 2335 5932 'l‘lless.
2374 5895 2453 5933 ιιι.
2494 5880 2544 5928 8.
2635 5877 2681 5909 δ”
2706 5874 2871 5928 Josuc
2905 5888 2995 5925 vn.
3047 5870 3127 5919 1'1.
