4158 6450
206 376 348 444 1177

1324 382 1407 443 IN
1442 380 1882 442 LEVITICUM.
1924 406 1991 419 -
2018 383 2164 444 LIB.
2201 384 2333 445 VII.

3328 378 3461 444 1178

202 491 477 543 ltotninus
509 488 762 544 dicebat:
801 489 895 543 Vos
926 489 991 543 de
1007 488 1255 542 deorsum
1283 490 1430 555 estis,
1465 506 1557 559 ego
1584 506 1789 543 sursum
1820 492 1867 546 Δ
1897 488 2043 543 naris
2069 490 2216 544 hunc
2245 503 2503 559 respuere
2528 530 2543 553 ,
2574 488 2740 541 alium
2787 498 2968 544 autem
2998 504 3096 559 pro
3121 504 3188 543 eo
3212 490 3461 544 introdu-

200 594 327 630 sum
350 580 418 630 ".
469 576 573 631 Sed
616 593 671 632 c1
728 577 932 631 Paulus
977 577 1045 631 de
1098 577 1181 632 eis
1209 578 1368 643 dixit,
1420 578 1516 647 qui
1568 586 1784 631 terrena

201 667 462 738 sapiunt:
485 668 679 721 Nostra
702 678 885 720 autem
902 669 1229 721 conversatio
1260 669 1313 721 in
1331 669 1470 722 cwlis
1494 678 1567 722 est
1584 668 1651 720 “.
1672 667 1787 721 Hoc

198 770 392 814 autem
426 775 574 814 nunc
600 758 797 820 innuit,
834 774 1016 828 neque
1062 760 1208 813 enim
1247 760 1569 826 simpliciter
1620 758 1778 822 dixit,

200 867 385 904 omnes
410 853 622 905 decima:
651 860 838 905 terrm:
872 850 990 914 sed,
1026 867 1203 905 omnes
1219 851 1437 904 decima:
1461 859 1617 902 terra:
1645 864 1784 918 prae-

199 943 365 1006 dixit,
395 953 453 997 et
482 954 611 996 tunc
645 944 911 1009 subdidit,
934 945 1042 997 sive
1063 943 1127 996 de
1154 943 1413 1013 frugibus,
1436 948 1495 995 ut
1520 941 1784 1011 praedica-

201 1040 296 1085 ret
343 1040 532 1101 aperte
583 1048 710 1087 eum
740 1074 754 1095 ,
804 1035 895 1103 qui
950 1034 1321 1087 intentionem
1373 1032 1783 1100 exspectatione

202 1135 560 1178 terrenorum
600 1126 870 1179 bonorum
904 1126 1039 1195 legis
1089 1125 1341 1179 mandata
1372 1131 1649 1193 operatur,
1681 1124 1781 1177 etsi

200 1226 398 1271 saneta
451 1217 570 1285 ejus
622 1216 860 1278 decima,
895 1216 947 1270 id
995 1224 1081 1270 est
1108 1215 1350 1269 mandati
1398 1213 1644 1284 operatio
1679 1222 1780 1278 est,

202 1319 588 1363 verumtamen
643 1324 754 1361 non
807 1308 1011 1379 grande
1063 1307 1320 1375 juvamen
1350 1298 1685 1385 _eorum'est
1717 1320 1783 1358 ex

201 1400 300 1454 tali
359 1399 679 1469 Operatione
733 1398 877 1452 circa
930 1397 1389 1460 retributionem,
1449 1411 1612 1464 quam
1670 1410 1780 1447 non

198 1501 423 1561 oportet
452 1508 480 1545 a
505 1493 615 1546 Deo
633 1491 941 1562 exspectari
967 1491 1036 1544 ab
1055 1490 1138 1544 eis
1165 1490 1259 1559 qui
1286 1488 1519 1543 terrenis
1546 1486 1777 1540 inhiant.

200 1586 366 1640 Unde
396 1586 438 1640 si
467 1586 579 1640 vult
605 1585 728 1653 quis
756 1583 1082 1653 sibimetipsi
1124 1582 1391 1636 decimam
1422 1579 1564 1633 hanc
1598 1577 1781 1646 aequi-

200 1690 350 1737 rere,
380 1675 545 1729 addat
563 1675 830 1743 quintam,
860 1674 913 1728 id
961 1682 1044 1727 est
1112 1672 1553 1743 intelligentiam,
1586 1677 1645 1723 ut
1666 1684 1781 1739 qua:

197 1784 412 1820 sursum
462 1776 582 1819 sunt
631 1766 830 1834 sapiat,
872 1765 942 1817 ad
977 1781 1039 1817 ea
1071 1781 1187 1833 qua:
1216 1779 1423 1816 sursum
1455 1772 1575 1815 sunt
1613 1763 1781 1814 inten-

1887 594 2034 646 cere,
2087 590 2143 634 et
2173 596 2496 635 consecrare
2525 580 2636 633 Deo
2668 581 2823 649 quasi
2872 581 3153 635 meliorem
3188 598 3201 633 :
3238 595 3345 634 non
3377 588 3461 635 est

1888 680 2041 725 tuum
2074 672 2178 725 hoc
2205 672 2540 737 discernere,
2567 689 2745 743 neque
2780 674 2926 727 hunc
2957 674 3049 727 illo
3079 674 3225 727 inter
3245 682 3461 726 sanctos

1884 765 2157 833 appellare
2195 765 2569 819 deteriorem:
2606 767 2751 835 quod
2782 766 2945 820 etiam
2976 782 3045 819 ex
3102 765 3326 819 historia
3380 763 3461 818 fa-

1884 866 2033 909 ctum
2060 870 2351 925 cegnosee.
2387 854 2590 910 Paulus
2624 856 2918 925 aliquando
2934 865 2988 911 et
3008 856 3284 909 Barnabas
3319 855 3462 909 inter

1884 946 2208 1016 semetipsos
2251 947 2676 1001 contenderunt.
2717 945 2995 1002 Barnabas
3050 944 3196 1000 enim
3248 946 3461 1000 dicebat

1883 1037 2084 1091 debere
2151 1037 2355 1089 assumi
2416 1036 2700 1091 Marcum:
2735 1037 2937 1093 Paulus
2986 1048 3169 1092 autem
3221 1036 3458 1099 dicebat,

1820 1130 1853 1169 ε’
1882 1143 2006 1181 eum
2040 1128 2133 1197 qui
2183 1127 2352 1181 semel
2404 1129 2628 1182 recessit
2656 1145 2684 1182 a
2729 1127 3057 1198 Pamphilia,
3098 1137 3155 1182 et
3202 1128 3292 1196 qui
3347 1142 3459 1180 non

1881 1218 2159 1270 Concurrit
2188 1215 2268 1268 eis
2320 1216 2372 1268 in
2413 1231 2613 1285 opere,
2659 1233 2766 1270 non
2810 1217 3011 1271 debere
3040 1216 3264 1269 assumi.
3299 1214 3459 1269 Facta

1882 1318 1962 1362 est
1988 1320 2170 1362 autem
2200 1309 2342 1361 inter
2381 1322 2478 1361 eos
2515 1308 2636 1361 talis
2692 1309 2992 1369 contentio,
3052 1308 3125 1361 ita
3174 1317 3235 1361 ιιι
3287 1307 3459 1360 disce—

1880 1399 2072 1452 derent
2099 1400 2167 1451 ah
2198 1398 2452 1461 invicem,
2479 1407 2535 1451 et
2562 1397 2861 1462 Barnabas,
2915 1408 3199 1466 assumpto
3251 1397 3455 1460 Marco,

1880 1489 2158 1558 navigaret
2188 1488 2447 1559 Cyprum,
2494 1489 2698 1543 Paulus
2728 1484 2958 1553 autem,
3007 1489 3210 1557 eligens
3268 1486 3459 1550 Silam,

1882 1581 2111 1635 traditus
2130 1582 2413 1650 estgratisc
2434 1581 2547 1634 Dei.
2582 1579 2746 1634 Vides
2776 1580 3051 1650 quomodo
3078 1579 3309 1632 mutavit
3342 1593 3459 1631 me-

1878 1672 2002 1737 lius,
2045 1673 2186 1727 sicut
2212 1673 2524 1737 atstimavit,
2562 1673 2855 1727 deteriore.
2891 1672 3072 1741 Ipsum
3104 1679 3285 1723 autent
3309 1667 3453 1736 quod

1881 1774 2145 1819 mutatum
2174 1775 2337 1820 estet
2373 1781 2470 1834 pro
2499 1780 2608 1834 quo
2657 1773 2923 1818 mutatuut
2984 1772 3087 1825 est,
3135 1762 3339 1816 factum
3380 1769 3463 1813 est

198 1856 382 1919 dat",
429 1855 572 1909 sicut
618 1853 821 1908 Paulus
851 1852 1144 1907 scribebat.
1179 1851 1282 1917 Qui
1334 1850 1479 1905 enim
1532 1851 1611 1905 sic
1649 1848 1776 1918 legis

1881 1867 2151 1911 Sanctum.
2188 1855 2352 1909 Silam
2383 1856 2551 1919 enim,
2573 1855 2717 1909 sicut
2749 1855 3011 1923 aptiorem
3041 1853 3241 1915 Marco,
3268 1852 3333 1905 ad
3366 1851 3464 1904 mi—

200 1947 459 2000 mandata
504 1954 789 2015 operatur,
833 1961 943 1999 non
994 1945 1185 2015 perdet
1216 1944 1425 1997 lucrum
1460 1942 1599 2011 ejus,
1650 1941 1775 2011 quia

199 2037 414 2091 decima
445 2036 564 2105 ejus
593 2034 846 2089 eilicitur.
874 2036 1014 2106 Ergo
1056 2036 1177 2104 ejus
1221 2034 1312 2103 qui
1352 2043 1566 2087 terrena
1614 2033 1776 2102 sapit,

198 2129 413 2181 decima
444 2136 629 2182 sancta
684 2128 900 2196 quidem
950 2136 1054 2186 est.
1086 2127 1181 2181 sed
1238 2142 1347 2179 non
1402 2125 1475 2190 ei,
1504 2125 1628 2194 quia
1668 2139 1777 2178 non

201 2221 628 2290 intelligibiliter
676 2220 995 2273 mandatum
1025 2229 1305 2289 operatur,
1345 2234 1445 2271 nec
1500 2218 1604 2271 scit
1633 2216 1777 2286 quod

201 2312 415 2367 lucrum
449 2313 505 2365 in
529 2330 592 2367 ea
619 2322 920 2383 exspectet,
958 2322 1055 2365 aut
1078 2327 1236 2380 quam
1259 2310 1672 2365 retributionem
1723 2310 1776 2363 in

200 2418 265 2455 ea
290 2413 491 2472 speret.

273 2494 437 2549 Boves
471 2507 646 2549 autem
674 2506 721 2550 et
750 2513 865 2549 oves
887 2537 899 2557 ,
962 2506 1009 2549 et
1066 2512 1387 2567 quacunque
1426 2496 1519 2548 sub
1562 2511 1779 2548 numero

200 2600 322 2643 sunt
338 2590 431 2643 sub
447 2591 593 2659 virga
624 2598 918 2643 transeunt.
942 2588 1084 2644 Dicit
1104 2590 1249 2643 enim
1277 2604 1372 2644 eos
1394 2589 1487 2658 qui
1510 2589 1611 2643 sub
1630 2590 1777 2658 virga

205 2686 565 2732 numerantur
608 2680 808 2741 crucis,
863 2679 1062 2748 quibus
1108 2688 1167 2732 ut
1207 2687 1563 2733 numerentur
1591 2720 1606 2743 ,
1644 2678 1778 2732 ﬁdes

207 2772 296 2824 Dei
328 2772 567 2825 amicitia
602 2772 789 2825 donat.
825 2772 1083 2840 Quisquis
1121 2772 1267 2825 enim
1304 2770 1479 2824 ﬁdelis
1521 2781 1603 2823 est
1644 2770 1776 2832 Deo,

206 2864 296 2919 hic
314 2874 369 2917 et
386 2865 506 2933 ejus
530 2864 737 2918 amicus
766 2864 1061 2927 invenitur,
1081 2862 1224 2932 quod
1253 2863 1591 2917 demonstrat
1610 2861 1779 2915 Abra-

206 2954 331 3005 ham
362 2991 377 3014 ,
423 2952 493 3007 de
521 2968 630 3021 quo
673 2954 877 3007 dictum
917 2962 1001 3006 est
1032 2971 1045 3004 ς
1078 2952 1313 3004 Credidit
1344 2952 1612 3005 Abraham
1645 2951 1774 3015 Deo,

202 3054 251 3097 et
282 3038 583 3111 repu'tatunt
627 3052 701 3096 est
747 3044 795 3097 ei
825 3044 895 3097 ad
919 3043 1209 3112 justitiam,
1242 3052 1289 3095 et
1319 3044 1521 3095 amicus
1558 3043 1653 3095 Dei
1680 3059 1777 3111 ap-

1882 1946 2161 2000 nisterium
2195 1946 2597 2014 praedicationis
2636 1944 2821 2014 elegit,
2841 1959 2951 1996 non
2985 1953 3165 1995 tamen
3194 1942 3455 2010 expulsus

1877 2045 1963 2090 est
1995 2035 2223 2089 Marcus.
2252 2035 2527 2089 Barnabas
2558 2043 2769 2097 autem,
2803 2049 2931 2087 cum
2965 2048 3254 2087 assumens
3278 2071 3293 2095 ,
3320 2032 3455 2086 abiit

1878 2130 2138 2198 Cyprum,
2168 2138 2220 2181 et
2252 2143 2377 2181 eum
2405 2143 2471 2181 eo
2499 2126 2862 2195 prwdicabat,
2909 2135 2965 2179 et
3010 2124 3063 2177 in
3093 2133 3305 2177 tantum
3342 2135 3458 2177 erat

1878 2237 2104 2291 magnus
2123 2263 2137 2284 ,
2167 2230 2225 2273 ut
2254 2220 2586 2290 evangelista
2612 2234 2755 2272 unus
2781 2219 2849 2273 de
2864 2227 3099 2287 quatuor
3118 2215 3288 2269 ﬁeret.
3318 2215 3456 2285 Ergo

1877 2315 2079 2370 Paulus
2107 2324 2407 2367 retractans
2426 2351 2440 2376 ,
2467 2322 2522 2366 et
2554 2326 2916 2381 cognoscens,
2960 2310 3087 2379 quia
3115 2308 3297 2361 nullus
3331 2322 3457 2360 san-

1878 2415 2088 2461 ctorum
2126 2404 2467 2475 respuendas
2508 2412 2630 2466 est,
2664 2417 2766 2456 nec
2801 2410 2985 2469 potest
3021 2401 3215 2469 aliquis
3245 2414 3456 2464 eorum,

1877 2499 1967 2567 qui
1998 2498 2240 2566 perfecte
2276 2496 2633 2566 profecerunt
2654 2537 2669 2560 ,
2715 2495 2861 2550 hunc
2892 2496 3073 2549 dicere
3104 2494 3459 2557 deteriorem,

1876 2604 1980 2643 nec
2012 2588 2161 2641 illum
2184 2586 2494 2650 meliorem,
2517 2586 2640 2657 ipse
2668 2601 2860 2640 rursus
2877 2584 3119 2639 Marcum
3140 2583 3459 2652 assumpsit,

1876 2691 1931 2735 et
1946 2680 2010 2734 ad
2031 2679 2375 2732 Timotheum
2389 2678 2662 2731 scribebat
2683 2697 2694 2731 :
2716 2677 2934 2730 Assume
2953 2676 3211 2739 Marcum,
3230 2686 3278 2727 et
3295 2675 3462 2727 deduc

1877 2782 2090 2833 tecum;
2147 2780 2220 2823 est
2273 2771 2411 2822 enim
2470 2769 2600 2822 mihi
2653 2769 2798 2821 utilis
2830 2768 2884 2819 in
2924 2766 3220 2820 ministerio
3244 2766 3311 2817 ⁷⁸.
3342 2763 3460 2817 Non

1876 2877 2004 2931 ergo
2051 2860 2352 2914 intendatis
2424 2860 2547 2928 quis
2609 2859 2757 2912 inter
2786 2862 2884 2911 hos
2916 2857 3096 2911 bonus
3123 2864 3217 2909 aut
3262 2854 3459 2917 malus,

1874 2955 1967 3008 sed
2003 2970 2106 3008 nec
2133 2962 2439 3006 commutes
2461 2951 2695 3004 alterum
2730 2951 2923 3003 altero.

1945 3046 2011 3099 Et
2039 3061 2143 3097 non
2166 3044 2477 3096 redimetur.
2524 3042 2623 3096 Cui
2657 3043 2802 3096 enim
2833 3041 2971 3095 nihil
3002 3040 3188 3093 minus
3216 3049 3322 3105 est,
3353 3056 3457 3109 qua

203 3135 430 3203 pellatus
476 3143 549 3187 est
576 3134 644 3186 ‘3.
678 3132 781 3198 Qui
823 3134 970 3187 enim
1022 3133 1179 3187 amici
1215 3132 1339 3195 Dei,
1369 3147 1600 3186 numero
1627 3131 1772 3203 digni
1800 3171 1843 3228 ο
1875 3137 2255 3205 redemptione
2288 3136 2455 3205 eget?
2488 3134 2542 3188 Si
2575 3144 2759 3188 autem
2811 3142 2867 3187 et
2897 3132 3214 3186 atlinitatem
3243 3141 3462 3201 oportet

205 3222 495 3284 habentur,
530 3221 659 3275 licet
686 3222 796 3275 sint
821 3221 1101 3275 immensa:
1126 3222 1525 3285 multitudinis,
1569 3231 1622 3275 et
1663 3237 1773 3274 non

202 3314 376 3367 solum
403 3314 449 3368 si
484 3329 798 3377 numerum,
832 3314 924 3367 sed
955 3314 1121 3366 etiam
1151 3314 1195 3368 si
1243 3329 1552 3367 mensuram
1585 3328 1775 3367 exces-

203 3406 414 3473 serint,
470 3406 595 3460 audi
654 3406 819 3459 David
871 3406 1141 3461 dicentem
1171 3422 1183 3458 :
1218 3404 1355 3457 Mihi
1398 3414 1577 3458 autem
1621 3405 1776 3457 nimis

200 3497 535 3566 honoriﬁcati
570 3506 690 3549 sunt
736 3497 896 3549 amici
931 3497 1027 3561 tui,
1057 3496 1217 3557 Deus,
1259 3496 1414 3548 nimis
1450 3498 1775 3567 confortatus

201 3594 279 3640 est
311 3587 637 3653 principatus
658 3601 858 3637 eorum.
891 3583 1247 3638 Dinumerabo
1270 3600 1375 3648 eos,
1403 3594 1451 3637 et
1475 3600 1632 3651 super
1653 3601 1773 3637 are-

203 3694 326 3729 nam
357 3674 850 3745 multiplicabuntur
881 3676 946 3730 “9.
1003 3674 1065 3728 lli
1110 3683 1381 3728 terrenam
1431 3690 1541 3728 non
1574 3675 1775 3728 habent

202 3761 545 3831 sapientiam,
603 3777 706 3817 nec
740 3763 795 3815 in
836 3763 921 3816 his
953 3779 1075 3831 (pta:
1128 3772 1316 3834 agunt,
1365 3765 1772 3833 corruptibilem

203 3854 619 3908 retributionem
650 3864 922 3923 quarunt.
963 3855 1193 3925 Propter
1228 3856 1369 3925 quod
1404 3873 1511 3911 non
1544 3858 1774 3926 speciale

201 3941 476 4011 quidpiam
517 3942 754 4004 illorum,
778 3944 874 3999 sed
912 3945 1279 4015 quodcunque
1310 3948 1521 4017 egerint
1548 3951 1773 4001 mauda~

203 4040 338 4095 tum,
372 4042 617 4086 sanctum
651 4032 759 4087 Deo
782 4043 885 4087 est.

272 4120 375 4176 Sed
406 4139 497 4175 nec
528 4123 748 4193 eligetur
792 4125 931 4177 inter
979 4123 1171 4178 bonum
1219 4136 1268 4179 et
1321 4127 1541 4181 malum.
1580 4127 1633 4181 Id
1664 4137 1768 4191 est,

205 4212 349 4267 inter
370 4214 613 4268 deterius
645 4224 700 4268 et
728 4215 940 4268 melius.
979 4214 1096 4269 Non
1128 4225 1209 4270 est
1243 4217 1389 4271 enim
1420 4236 1610 4273 mrum
1638 4220 1772 4274 faci-

204 4303 269 4357 lis
302 4303 581 4367 diseretio,
612 4304 737 4373 quia
778 4305 878 4359 etsi
908 4306 1232 4359 alterutrum
1272 4317 1556 4377 superant,
1579 4326 1771 4379 quem-

203 4395 492 4449 admodum
550 4397 706 4451 stella
759 4398 970 4451 stellam
1022 4398 1076 4452 in
1103 4398 1273 4470 gloria
1308 4399 1645 4466 ditl'erentes,
1675 4404 1770 4459 sed

1878 3227 2179 3296 intelligere
2232 3225 2709 3293 redemptionem,
2760 3224 3220 3292 quemadmodum
3265 3223 3458 3291 Aquila

1875 3317 2066 3376 edidit.
2108 3326 2255 3369 recte
2281 3314 2457 3368 amnis
2495 3329 2603 3368 non
2632 3313 2919 3378 etlicietur,
2972 3314 3094 3368 talis
3121 3314 3269 3368 enim
3298 3327 3462 3367 nemo

1876 3406 1979 3460 sibi
2012 3404 2304 3459 vindicabit
2332 3404 2788 3474 gubernationem
2816 3445 2829 3469 ,
2866 3404 2961 3458 sed
2997 3404 3096 3457 etsi
3121 3404 3347 3459 alterius
3380 3413 3459 3458 ta-

1875 3511 2000 3551 men
2046 3493 2288 3557 fructus,
2332 3492 2412 3546 vel
2439 3492 2740 3562 discipulus
2773 3492 2940 3546 fuerit
2967 3509 3033 3547 ex
3076 3508 3187 3561 quo
3218 3494 3284 3547 ad
3313 3494 3456 3548 hanc

1875 3586 2193 3657 pervenerit
2221 3584 2637 3654 perfectionem,
2664 3584 2779 3653 ipse
2812 3600 2945 3638 suus
2974 3585 3078 3638 erit
3106 3585 3456 3655 gubernator,

1872 3679 1991 3747 ipse
2041 3677 2252 3731 doctor.
2292 3676 2494 3729 Prmter
2515 3674 2618 3727 alia
2646 3674 2817 3735 enim,
2848 3689 2969 3743 quae
2996 3674 3051 3728 in
3096 3676 3349 3744 praesenti
3377 3676 3461 3729 di-

1874 3780 1959 3823 cta
1992 3778 2152 3829 sunt,
2180 3768 2476 3821 ostendere
2502 3767 2779 3836 legislator
2808 3766 2963 3831 vult,
3018 3767 3145 3834 quia
3192 3766 3244 3819 hi
3280 3766 3375 3835 qui
3424 3782 3457 3821 a

1876 3861 2033 3915 nobis
2082 3860 2382 3924 docentur,
2434 3858 2657 3928 quando
2707 3857 2845 3911 ﬁunt
2874 3856 3136 3926 perfecti,
3170 3857 3307 3910 nihil
3344 3858 3459 3926 jam

1877 3952 2049 4007 nostri
2080 3950 2375 4021 magisterii
2405 3957 2565 4019 egent
2593 3966 2606 4001 :
2644 3956 2701 4001 et
2735 3958 3021 4016 propterea
3053 3947 3457 4002 immundorum

1872 4041 2231 4112 primogenita
2260 4038 2458 4093 redimi
2492 4037 2587 4102 ait,
2642 4038 2970 4090 mundorum
3005 4045 3210 4101 autem,
3247 4053 3457 4106 nequa-

1871 4148 2051 4202 quam.
2097 4130 2200 4186 See
2242 4146 2345 4185 nec
2380 4146 2465 4189 ea.
2505 4144 2626 4198 qua:
2678 4128 2787 4183 Deo
2816 4137 3136 4182 consecrata
3162 4140 3312 4191 sunt,
3355 4145 3458 4183 nec

1872 4225 2011 4288 haec,
2066 4224 2133 4277 de
2176 4223 2376 4293 quibus
2421 4236 2569 4275 nunc
2600 4235 2780 4274 sermo
2814 4232 2918 4282 est,
2954 4218 3193 4288 perlecta
3224 4220 3456 4272 demon-

1872 4323 2042 4368 strata
2072 4322 2222 4375 sunt,
2254 4320 2442 4380 utpote
2500 4326 2625 4379 qua:
2651 4310 3008 4363 intentionem
3044 4309 3283 4363 divinam
3342 4324 3456 4363 eaa-

1870 4407 2171 4474 lestemque
2218 4411 2434 4473 gerunt.
2486 4400 2666 4466 Quem
2718 4400 2867 4453 enim
2921 4399 3085 4453 tinem
3126 4400 3250 4453 libri
3292 4400 3457 4468 hujus

204 4502 394 4541 omnes
436 4488 487 4541 in
521 4490 659 4543 caelo
684 4498 831 4554 sunt,
864 4499 923 4543 ut
954 4505 1142 4545 revera
1181 4502 1474 4561 sequentes
1502 4495 1766 4561 eteiestia,
1804 4508 1849 4563 ι)
1878 4500 2195 4569 praeceperit
2262 4512 2386 4552 esse
2440 4497 2667 4567 spiritus
2690 4535 2706 4560 ,
2764 4496 2912 4549 hunc
2981 4494 3036 4547 in
3100 4495 3457 4563 sequentibus

204 4587 257 4632 et
288 4594 317 4631 a
350 4579 465 4633 solo
516 4596 617 4645 co,
665 4580 756 4650 qui
808 4581 1039 4636 idoneus
1086 4591 1171 4636 est
1204 4582 1515 4639 discernere
1552 4597 1770 4642 sanctos

205 4679 608 4739 cognoscuntur
642 4689 657 4724 :
695 4671 997 4725 secundum
1047 4672 1189 4727 hanc
1234 4674 1502 4728 rationem
1556 4686 1773 4745 oportet

203 4760 423 4830 intelligi
462 4777 474 4812 :

270 4851 387 4905 Non
404 4851 623 4922 eligetur
638 4852 849 4916 bonum,
873 4870 965 4907 nec
979 4853 1200 4920 malum,
1221 4870 1315 4907 nec
1334 4855 1503 4909 altera
1532 4873 1769 4910 commu-

205 4943 419 4994 tabitur.
451 4940 585 4995 Cum
613 4942 760 4995 enim
790 4942 970 4995 nullus
995 4943 1064 4997 de
1093 4942 1176 4996 eis
1198 4943 1289 5006 sit,
1320 4945 1412 5013 qui
1432 4947 1618 5016 respui
1641 4964 1770 5017 pos-

203 5034 292 5097 sit,
325 5048 489 5103 quem
519 5049 629 5102 quo
656 5035 1021 5088 commutabis
1040 5076 1055 5098 ,
1096 5043 1191 5089 aut
1221 5036 1351 5105 quid
1380 5038 1552 5105 magis
1579 5038 1769 5109 eliges,

204 5134 400 5178 nostrae
427 5140 536 5177 non
567 5134 650 5178 est
692 5124 992 5193 dijudicare
1022 5125 1256 5180 virtutis.
1293 5125 1387 5180 llis
1424 5143 1556 5198 ergo
1577 5144 1769 5199 super-

204 5215 495 5282 :edilieans,
518 5216 720 5271 addidit
743 5233 874 5285 quas.
895 5227 1201 5286 sequuntur
1226 5236 1239 5271 :

273 5305 331 5360 Si
354 5308 469 5376 quis
496 5310 797 5368 mutaverit.
826 5319 874 5361 et
905 5311 1042 5379 quod
1071 5320 1332 5364 mutatum
1353 5322 1447 5378 est,
1477 5322 1530 5364 et
1552 5330 1645 5379 pro
1670 5332 1771 5379 quo

212 5407 471 5451 mutatum
500 5409 595 5463 est,
626 5399 1043 5467 sanctiﬁcabitur
1066 5399 1305 5464 Domino,
1338 5411 1386 5453 et
1414 5418 1515 5453 non
1547 5405 1771 5457 redime-

207 5499 310 5542 tur.
346 5488 483 5554 Quia
510 5504 640 5559 ergo
663 5492 905 5543 omnium
938 5505 1130 5544 cursus
1165 5490 1381 5544 divinus
1414 5502 1469 5545 et
1500 5493 1765 5559 sublimis,

208 5591 258 5632 et
299 5596 548 5650 supernae
571 5582 969 5637 conversationi
1002 5584 1284 5653 proximus
1309 5592 1387 5637 est
1411 5626 1423 5647 ,
1457 5584 1655 5639 frustra
1681 5605 1771 5641 eo-

309 5719 354 5749 "
373 5717 530 5771 Joau.
565 5735 678 5777 \‘lll,
712 5718 798 5770 9.3.
879 5721 923 5749 εδ
963 5718 1156 5784 Philip.
1182 5734 1261 5782 ιιι,
1297 5717 1385 5770 ‘20.

224 5788 301 5842 13.
379 5789 421 5817 ’θ
457 5788 658 5842 llTitn.
697 5806 767 5851 tv,
810 5789 890 5844 Η.
1005 5790 1041 5819 τ’
1071 5788 1213 5842 l‘sal.
1253 5792 1529 5854 tumulti.

1465 5720 1505 5747 ⁶’
1536 5721 1735 5790 Cum”,
1775 5727 1820 5792 Ι,
1852 5727 1905 5779 ‘2.

1880 4592 2115 4646 intuere.

1949 4681 2111 4734 Vsus.
2164 4677 2253 4730 5i.
2302 4693 2321 4725 ι
2361 4675 2486 4728 Haec
2526 4681 2657 4726 sunt
2692 4682 2967 4742 pracepta
3010 4686 3132 4741 quas
3179 4670 3457 4725 mandavit

1880 4771 2142 4826 Dominus
2162 4766 2354 4837 Moysi,
2393 4764 2459 4818 ad
2489 4763 2631 4817 ﬁlios
2654 4761 2819 4816 Israel
2856 4764 2912 4815 in
2941 4772 3130 4815 monte
3162 4762 3335 4814 Sinai.
3369 4779 3387 4811 ι

1948 4863 2015 4916 Et
2034 4861 2194 4929 cujus
2214 4859 2290 4911 rei
2316 4857 2486 4927 gratia
2514 4869 2624 4908 non
2657 4852 2789 4923 ipsis
2815 4852 2942 4907 ﬁliis
2965 4852 3150 4914 Israel,
3174 4852 3269 4905 sed
3289 4849 3454 4920 Moysi

1877 4956 1942 5010 ad
1964 4955 2103 5008 ﬁlios
2127 4951 2336 5006 Israel?
2363 4949 2500 5015 Quia
2523 4946 2759 5018 populus
2788 4956 2907 4999 erat
2928 4945 3219 5003 inﬁrmior,
3248 4951 3453 4996 tantam

1878 5044 2013 5116 legis
2044 5041 2382 5097 sanctionem
2415 5054 2611 5109 capere
2638 5052 2746 5090 non
2788 5036 2976 5090 valens
3002 5077 3017 5100 ,
3067 5036 3121 5088 in
3166 5050 3271 5103 qua
3311 5032 3455 5087 sicut

1879 5137 1933 5191 in
1961 5134 2199 5206 speculis
2223 5134 2394 5188 claras
2425 5131 2630 5186 formas
2644 5144 2869 5187 suorum
2899 5125 3281 5197 mysteriorum
3309 5123 3455 5177 Deus

1877 5226 2133 5280 ostendit.
2171 5224 2254 5277 Tu
2283 5238 2432 5293 ergo,
2487 5222 2529 5276 si
2563 5236 2673 5273 non
2729 5219 2811 5272 vis
2850 5217 2920 5271 de
2969 5215 3131 5285 vulgo
3176 5227 3315 5274 esse,
3356 5211 3451 5265 sed

1876 5318 2052 5389 qualis
2074 5317 2282 5387 Moyses
2312 5315 2434 5375 fuit,
2460 5314 2641 5383 prrebe
2678 5309 3027 5379 temetipsum
3081 5304 3449 5366 obedientem,

1878 5408 2219 5474 mundosque
2257 5404 2545 5457 habentem
2578 5416 2770 5455 omnes
2803 5400 2997 5453 animae
3028 5410 3244 5456 sensus,
3275 5400 3331 5445 et
3361 5392 3450 5445 dic

1878 5500 1988 5554 Deo
2021 5518 2033 5554 :
2068 5498 2258 5552 Revela
2287 5498 2461 5550 oculos
2488 5514 2655 5561 nicas,
2706 5504 2752 5548 et
2794 5490 3133 5547 considerabo
3181 5487 3450 5541 mirabilia

1877 5596 1939 5647 (le
1970 5592 2077 5664 lege
2108 5602 2197 5644 tua
2223 5592 2292 5645 "‘.
2324 5590 2587 5658 Relinque
2608 5589 2887 5641 materiam
2907 5584 3107 5644 carnis,
3138 5591 3200 5633 et‘
3223 5579 3449 5649 spiritus

1985 5730 2027 5755 ’δέ
2067 5728 2200 5780 (ἱρη-
2238 5745 2323 5787 xv,
2356 5728 2415 5790 l‘»;
2454 5725 2606 5780 llum.
2641 5742 2712 5787 tv,
2742 5726 2793 5779 3.
2874 5728 2915 5754 θ’*
2944 5724 3029 5776 l‘s.
3070 5733 3321 5781 CV\.\‘~'lll,
3358 5716 3453 5782 l7,
