4158 6450
763 385 901 450 1183

1325 500 1644 557 PSALMUS
1681 503 1767 558 IX.

834 591 994 647 νεεδ.
1025 593 1076 646 5.
1114 609 1132 642 ι
1161 592 1470 646 Confitebor
1496 594 1588 646 tibi
1620 596 1672 646 in
1706 605 1815 649 t0to
1847 596 2031 649 corde.
2068 615 2084 647 ι

836 685 942 737 Sed
967 684 1236 750 quomodo
1300 692 1412 738 toto
1480 685 1642 739 corde
1689 684 2053 740 conﬁtemur?
2107 685 2337 753 Quando

762 791 869 827 non
902 777 1133 844 amplius
1161 776 1215 828 in
1262 791 1324 829 ea
1359 785 1575 845 peccata
1632 778 2003 846 prolabemur,
2029 795 2260 849 quorum
2303 797 2333 835 a

765 864 873 915 Deo
896 868 1109 919 veniam
1130 869 1502 922 obsecramus.

835 955 994 1011 Vens.
1030 959 1112 1014 16.
1151 959 1370 1014 «Inﬁxae
1391 971 1518 1015 sunt
1538 970 1728 1030 gentes
1770 961 1824 1015 in
1871 961 2116 1029 interitu,
2171 978 2334 1032 quem

762 1050 1032 1102 fecerunt.
1062 1069 1080 1101 ι

829 1139 1096 1196 Cmterum
1138 1150 1326 1209 gentes
1359 1141 1448 1196 hic
1476 1141 1707 1211 appellat
1733 1142 2042 1196 daemonum
2074 1158 2330 1199 cuneum.

763 1230 862 1286 llic
891 1231 1036 1286 enim
1068 1247 1189 1286 cum
1227 1232 1516 1286 salutarem
1553 1247 1771 1286 crucem
1827 1231 2204 1299 fabricassent,
2240 1250 2335 1302 per

760 1324 1004 1377 eamdem
1035 1323 1316 1394 tyrannide
1341 1339 1436 1378 sua
1466 1324 1806 1388 exciderunt,
1833 1334 1887 1378 et
1931 1325 2123 1393 laqueo
2170 1341 2333 1394 quem

760 1416 1153 1469 absconderant
1198 1417 1628 1485 comprehensus
1682 1423 1767 1468 est
1794 1429 1892 1483 pes
1929 1430 2140 1480 eorum,
2167 1424 2224 1469 et
2279 1418 2333 1468 in

761 1506 1015 1573 operibus
1042 1522 1300 1560 manuum
1344 1523 1563 1561 suarum
1595 1505 2023 1575 comprehensus
2081 1515 2164 1560 est
2208 1521 2334 1576 pec-

759 1607 926 1650 calor.

834 1689 995 1743 Vsus.
1034 1689 1116 1744 18.
1161 1708 1179 1740 ι
1206 1688 1606 1744 Convertantur
1635 1696 1972 1758 peccatores.
2003 1708 2021 1740 ι

831 1781 1198 1846 Pcecatorum,
1256 1780 1711 1850 quemadmodum
1759 1789 1812 1833 et
1836 1780 2130 1848 justorum,
2181 1781 2332 1850 plura

760 1891 877 1927 esse
926 1890 1122 1944 genera
1169 1874 1528 1928 convincitur.
1571 1873 1676 1927 Sed
1701 1873 1802 1927 hoc
1846 1873 1965 1926 loco
2011 1881 2330 1941 peccatores

760 1967 993 2034 appellat
1023 1965 1287 2027 inﬁdeles,
1319 1981 1455 2034 quos
1476 1966 1636 2018 etiam
1669 1965 1760 2018 Dei
1793 1966 2120 2020 oblivionem
2148 1966 2330 2019 subire

758 2055 913 2108 dixit.
952 2053 1104 2108 Sicut
1123 2054 1283 2122 igitur
1302 2054 1391 2122 qui
1423 2055 1655 2108 credunt
1676 2054 1729 2106 in
1762 2052 1951 2118 Deum,
1977 2054 2105 2108 licet
2131 2055 2329 2109 mortui

759 2146 1199 2209 fuerint,vivunt;
1228 2161 1352 2198 nam
1371 2146 1459 2212 qui
1483 2146 1644 2198 credit
1669 2148 1722 2197 in
1742 2161 1842 2207 me,
1863 2145 2039 2214 inquit
2058 2144 2328 2210 Christus,

758 2235 963 2288 etiamsi
1003 2242 1238 2288 mortuus
1263 2236 1442 2305 fuerit,
1476 2237 1605 2288 vivet
1624 2237 1682 2288 δε
1713 2236 1792 2290 sic
1817 2235 1909 2305 qui
1939 2251 2048 2289 non
2078 2235 2328 2299 credunt,

758 2329 920 2380 etiam
957 2335 1246 2393 antequam
1295 2327 1614 2390 moriantur,
1651 2335 1872 2396 propter
1899 2327 2225 2382 sententiam
2272 2326 2331 2380 in

757 2421 902 2488 ipsos
943 2419 1100 2471 latam
1136 2417 1494 2472 mortuisuut.

829 2510 991 2562 Vrns.
1014 2509 1103 2562 53.
1145 2528 1163 2560 ι
1197 2509 1461 2577 Exsurge,
1502 2509 1747 2561 Domine.
1776 2527 1794 2558 ›

829 2601 1146 2670 lnterrogat,
1179 2600 1451 2667 quodnam
1494 2599 1668 2667 impii.
1720 2599 1929 2654 scilicet
1975 2600 2195 2664 diaboli,
2246 2605 2332 2656 vel

757 2693 911 2747 valde
958 2691 1106 2758 impii
1146 2691 1413 2754 hominis,
1458 2699 1741 2760 peccatum
1803 2689 1944 2744 Deus
1989 2693 2332 2761 potissimum

756 2794 1054 2840 aversetur.
1088 2785 1290 2839 Deinde
1344 2786 1618 2839 inductam
1674 2785 1790 2853 ipse
1848 2786 2334 2856 interrogationem

756 2880 934 2935 solvit.
967 2878 1113 2931 Dixit
1139 2879 1272 2931 enim
1297 2879 1352 2930 in
1375 2879 1528 2930 corde
1561 2893 1654 2931 suo
1680 2893 1698 2931 :
1725 2876 1841 2930 Non
1877 2878 2101 2948 requiret
2127 2882 2168 2931 '.
2196 2879 2338 2935 Con-

758 2971 1003 3033 viciatur,
1038 2970 1233 3035 inquit,
1262 2968 1452 3029 Deum.
1477 2977 1535 3022 ut
1573 2969 1666 3037 qui
1701 2983 1788 3022 res
1822 2981 2038 3023 nostras
2061 2971 2180 3024 sine
2206 2987 2334 3040 pro-

756 3061 992 3115 videntia
1031 3069 1085 3114 et
1118 3062 1234 3115 sine
1263 3061 1513 3114 esamine
1551 3075 1668 3113 esse
1699 3060 1995 3129 permittat.
2023 3059 2155 3126 Quae
2208 3078 2334 3130 per-

1955 393 2318 454 B-ESYCHII
2359 397 2830 461 PRESBYTER!

3910 401 4041 463 1134

3027 515 3322 569 ΨᾹΛΜΟΣ
3360 516 3439 568 8'.

2522 625 2540 654 ι
2565 607 3069 677 Ἐξομολογήσομαί
3097 625 3190 660 σου
3219 609 3278 659 ὲν
3309 608 3406 679 ὅλῃ
3435 607 3652 678 καρδίᾳ.
3685 625 3704 656 ι

2513 697 2636 760 Πῶς
2670 692 2742 750 ’δὲ
2799 702 2857 751 ὲν
2908 697 3006 769 ὅλῃ
3058 697 3257 769 καρδίᾳ.
3303 696 3816 767 ἑξομολογούμεθας
3865 697 4038 750 Ὅταν

2439 790 2642 859 μηκέτι
2688 792 2825 862 πρὸς
2868 781 2968 862 τῆν
3016 791 3296 860 ἁμαρτίαν
3327 789 3547 859 ἐκείνην
3581 789 4032 858 ὑποστρέψομεν,

2438 879 2582 950 ὑπὲρ
2611 877 2680 953 ἦς
2706 882 3040 951 συγγνώμην
3072 884 3225 952 παρά
3255 881 3348 933 τοῦ
3379 880 3517 934 Θεοῦ
3549 881 3998 951 πρεσϐευόμεθα.

2516 986 2534 1018 ι
2559 969 2937 1037 Ἐνεπάγησαν
2966 971 3095 1041 ἔθνη
3123 972 3182 1023 ὲν
3213 971 3505 1041 διαφθορᾷ,
3531 965 3564 1044 ᾖ
3597 972 3897 1040 ἐποίησαν.
3929 989 3946 1020 ι

2513 1144 2682 1214 Ἕθνη
2711 1145 2767 1198 δὲ
2805 1147 3038 1199 ἐνταῦθα
3076 1147 3479 1217 προσαγορεύει
3513 1149 3624 1198 τῶν
3660 1148 3948 1216 δαιμόνων
3978 1149 4032 1199 τὸ

2439 1236 2644 1301 στῖφος.
2678 1229 2839 1289 Οῦτοι
2871 1237 2981 1306 γὰρ
3013 1238 3103 1288 τὸν
3136 1239 3408 1307 σωτήριον
3461 1238 3700 1306 σταυρὸν
3751 1241 4031 1304 unm-3'—

2439 1344 2611 1395 μενοι,
2638 1327 2726 1380 διὰ
2755 1327 2948 1381 τούτου
2994 1327 3096 1395 τῆς
3140 1329 3462 1398 τυραννίδος
3513 1328 3805 1391 ἐξέπεσαν,
3844 1331 3940 1379 καὶ
3977 1332 4030 1380 ἐν

2435 1419 2627 1485 παγίδι
2714 1419 2982 1489 ἔκρυψαν,
3015 1419 3332 1490 συνελήφθη
3363 1421 3391 1472 ὁ
3418 1420 3554 1480 ποῦς
3581 1418 3762 1471 αὐτῶν
3784 1461 3798 1481 ,
3841 1422 3942 1470 καὶ
3978 1422 4033 1469 ἐν

2435 1511 2549 1571 τοῖς
2585 1508 2766 1579 ἔργοις
2796 1510 2905 1562 τῶν
2939 1510 3140 1581 χειρῶν
3175 1511 3342 1563 αὑτοῦ
3371 1508 3683 1578 συνελήφθη
3707 1510 3736 1560 ὁ
3767 1510 4031 1578 ἀμαρτω-

2435 1599 2544 1662 λός.

2512 1711 2529 1742 ι
2554 1690 3094 1762 Ἀποστραφήτωσαν
3126 1694 3176 1743 οἱ
3203 1692 3538 1762 ἁμαρτωλοί.
3572 1711 3590 1742 ι

2517 1783 2884 1853 ’Λμαρτωλῶν
2914 1783 3086 1835 πολλὰ
3113 1784 3270 1850 γένη,
3303 1783 3492 1852 ὥσπερ
3526 1782 3590 1850 δὴ
3631 1781 3729 1834 καὶ
3773 1780 4028 1841 δικαίων,

2433 1873 3065 1942 γνωρίζεται.Ἐνταῦθα
3099 1874 3157 1924 δὲ
3196 1872 3556 1942 ἁμαρτωλοὺς
3594 1874 3725 1932 τοὺς
3759 1870 4031 1928 ἀπίστους

2431 1965 2606 2027 καλεῖ,
2632 1963 2727 2028 οὓς
2755 1966 2848 2017 καὶ
2871 1965 3042 2034 λήθην
3066 1964 3162 2015 τοῦ
3185 1963 3322 2015 Θεοῦ
3350 1963 3546 2016 παθεῖν
3572 1961 4030 2030 ἐφησεν.Ὠσπερ

2429 2058 2609 2110 τοίνυν
2638 2058 2689 2109 oi.
2723 2055 3073 2116 πιστεύοντες
3108 2057 3189 2118 είς
3220 2055 3312 2107 τὸν
3346 2054 3479 2106 Θεὸν
3541 2053 3710 2117 ζῶσι,
3744 2053 3858 2104 κᾶν
3891 2053 4028 2102 ἀπο-

2431 2147 2685 2202 θάνωσινο
2725 2148 2787 2200 Ὀ
2807 2148 2915 2219 γὰρ
2933 2148 3235 2200 πιστεύων
3262 2149 3349 2210 είς
3372 2147 3497 2215 ἐμὲ,
3529 2147 3695 2213 φησὶν
3711 2147 3740 2196 ὁ
3765 2144 4030 2213 Χριστᾱν

2431 2240 2545 2294 κᾶν
2571 2239 2866 2308 ἀποθάνῃ,
2899 2241 3159 2309 ζήσεται,
3189 2239 3360 2302 οὕτως
3412 2240 3463 2291 oi
3511 2237 3906 2298 ἀπιστοῦντες,
3939 2236 4034 2286 καὶ

2431 2334 2562 2402 πρὶν
2608 2332 2925 2397 ἀποθανεῖν,
2958 2332 3048 2385 διὰ
3093 2333 3193 2402 τὴν
3225 2333 3503 2400 ἀπόφασιν
3549 2331 3650 2399 τὴν
3692 2329 3787 2381 ὑπ’
3813 2330 4030 2388 αὑτοὶς,

2431 2426 2780 2496 τεθνήκασιν.

2510 2538 2528 2568 ι
2551 2517 2863 2588 Ἀνάστηθι,
2899 2518 3094 2588 Κύριε.
3131 2537 3148 2565 ι

2516 2610 2726 2680 Ἐρωτᾷ
2760 2611 2920 2663 ποίαν
2946 2613 2973 2662 ὁ
2995 2612 3126 2672 Θεὸς
3151 2607 3248 2660 τοῦ
3277 2606 3527 2669 ἀσεϐοῦς,
3563 2603 3768 2673 δηλαδὴ
3789 2602 3891 2655 τοῦ
3912 2602 4034 2653 δια-

2434 2701 2617 2766 ϐόλου,
2646 2703 2679 2771 ἦ
2708 2703 2801 2754 καὶ
2829 2701 2924 2752 τοῦ
2955 2701 3079 2752 λίαν
3110 2698 3438 2760 ἀσεϐοῦντος
3478 2696 3800 2765 ἀνθρώπου,
3852 2695 4035 2762 ἀμαρ-

2433 2794 2556 2847 τίαν
2600 2792 3010 2860 ἀποστρέφεται
3059 2791 3323 2860 μάλιστα·
3361 2785 3480 2840 εἶτα
3525 2787 3687 2847 αὐτὸς
3729 2784 4036 2850 ἐπαγαγὼν

2434 2884 2533 2952 τὴν
2561 2882 2850 2952 ἐρώτησιν,
2885 2881 3095 2934 ἔλυσεν.
3136 2876 3325 2932 Εἶπεν
3356 2880 3464 2946 γὰρ
3483 2877 3552 2928 ἐν
3577 2873 3795 2940 καρδίᾳ
3820 2869 4034 2930 αὑτοῦ,

2440 2978 2560 3028 Οὐκ
2604 2973 2936 3040 ἐκζητήσει.
2971 2972 3309 3038 Συκοφαντεῖ
3357 2970 3451 3019 τὸν
3502 2965 3635 3018 Θεὸν
3661 3005 3675 3028 ,
3715 2965 3913 3032 φησὶν,
3962 2960 4036 3020 ὡς

2435 3067 2747 3136 ἀπρονόητα
2778 3064 2874 3116 καὶ
2905 3064 3288 3131 ἀνεξιχνίαστα
3337 3056 3478 3112 εἶναι
3529 3055 3931 3126 συγχωροῦντα
3971 3053 4038 3103 τὰ

757 3154 940 3209 suasio
967 3153 1210 3223 deceptis
1238 3153 1403 3207 exitio
1430 3167 1552 3207 esse
1578 3152 1850 3220 reperitur
1883 3171 1896 3205 :
1933 3169 2102 3222 quare
2140 3169 2332 3208 conse-

2438 3159 2712 3229 ἡμέτερα·
2749 3158 2885 3225 ὅπερ
2915 3156 3195 3215 ἀπωλείας
3226 3151 3511 3223 προτροπὴ
3561 3151 3672 3209 τοῖς
3729 3146 4036 3241 ἀπατωμέ-

757 3253 987 3313 quenter
1018 3243 1298 3314 subjuuxit
1324 3262 1338 3298 :
1367 3263 1385 3295 ι
1417 3243 1525 3297 Tibi
1557 3243 1834 3297 derelictus
1873 3253 1947 3298 est
1973 3262 2190 3314 pauper.
2237 3265 2253 3297 ο

1321 3447 1639 3502 PSALMUS
1662 3445 1777 3503 XII.

828 3560 994 3614 Vens.
1021 3561 1072 3613 1.
1109 3577 1128 3610 ι
1163 3558 1478 3627 Usquequo,
1519 3557 1764 3621 Domine,
1806 3558 2282 3612 obliviscerisme?
2313 3578 2330 3608 ι

829 3651 1020 3708 Gravis
1048 3665 1180 3704 sane
1239 3657 1324 3703 est
1352 3649 1554 3704 oblivio
1610 3649 1723 3713 Dei,
1754 3650 1916 3704 etiam
1969 3650 2332 3718 temporaria:

758 3747 888 3816 quin
916 3745 1026 3798 imo
1050 3753 1280 3796 mortem
1328 3741 1490 3795 adert
1534 3743 1900 3796 omnimodam
1939 3750 1998 3796 et
2048 3742 2332 3796 immorta—

763 3839 887 3890 lem.

829 3926 992 3980 Vens.
1028 3925 1080 3978 5.
1117 3942 1135 3974 ι
1167 3922 1460 3992 Usquequo
1493 3924 1819 3977 exaltabitur
1853 3923 2140 3976 inimicus?
2174 3943 2191 3973 ι

834 4011 1103 4067 Exaltatio
1127 4011 1272 4064 enim
1313 4011 1549 4073 Satanae,
1577 4012 1859 4080 depressio
1908 4020 1993 4066 est
2034 4011 2336 4066 hominum.

765 4105 898 4158 Nam
928 4103 1068 4158 sicut
1118 4105 1258 4158 Deus
1280 4103 1334 4155 in
1363 4103 1534 4156 salute
1561 4111 1746 4156 nostra
1781 4102 2029 4166 exaltari,
2056 4103 2134 4157 sic
2155 4103 2344 4156 diabo-

766 4196 850 4249 lus
875 4196 930 4249 iu
967 4197 1269 4266 perditione
1291 4195 1477 4249 extolli
1502 4193 1720 4247 dicitur.

1313 4370 1630 4425 PSALMUS
1658 4369 1799 4423 XIV.

841 4460 1001 4514 Vens.
1033 4461 1087 4514 ὅ.
1134 4478 1152 4510 ι
1176 4459 1277 4524 Qui
1302 4459 1539 4527 loquitur
1573 4459 1855 4512 veritatem
1909 4459 1962 4510 in
1999 4461 2161 4514 corde
2181 4475 2300 4515 suo.
2324 4480 2342 4512 ι

2433 3266 2543 3310 νοις
2571 3248 2888 3317 εὑρίσκεται
2909 3263 2921 3274 '
2961 3245 3248 3312 τοιγαροῦν
3279 3239 3593 3298 ἀκολούθως
3661 3232 3990 3304 προσέθηκε
4021 3247 4033 3260 ·

2443 3359 2460 3389 ι
2494 3339 2596 3392 Σοί
2621 3338 3149 3406 ἐγκαταλέλειπται
3176 3337 3208 3386 ό
3234 3332 3488 3398 πτωχός.
3517 3349 3534 3375 δ

2999 3443 3299 3496 ΨΔΛΜΟΣ
3349 3441 3453 3494 IB'.

2514 3557 2692 3618 ιἘως
2723 3555 2876 3615 πότε.
2913 3554 3108 3623 Κύριε,
3144 3552 3383 3621 ἐπιλήσῃ
3419 3563 3528 3618 με;
3577 3565 3594 3597 ι

2513 3646 2652 3700 Θεοῦ
2682 3646 2792 3716 γάρ
2819 3645 2958 3716 λήθη
2985 3643 3197 3720 χαλεπὴ
3235 3645 3355 3711 μὲν,
3377 3642 3470 3694 καὶ
3500 3638 3842 3708 πρόσκαιρος
3864 3653 3875 3665 ·
3902 3636 4037 3689 ἀλλὰ

2443 3737 2552 3807 μὴν
2584 3736 2814 3790 θάνατον
2845 3735 3097 3803 ἐπιφέρει
3127 3733 3366 3801 παντελῆ
3408 3731 3504 3783 καὶ
3532 3729 3828 3783 ἀθάνατον.

2519 3908 2697 3969 «Ἕως
2724 3907 2856 3960 πότε
2883 3904 3234 3974 ὑψωθήσεται
3263 3904 3293 3955 ὁ
3319 3901 3547 3973 ὲχθρός;
3576 3919 3594 3951 ι

2512 3998 2686 4065 ’Υψος
2714 3998 2824 4067 γὰρ
2855 3996 2950 4049 τοῦ
2975 3995 3210 4056 Σατανᾶ,
3233 3995 3268 4061 ἡ
3297 3993 3405 4044 τῶν
3433 3990 3742 4060 ἀνθρώπων
3761 3988 4037 4040 ταπείνωο

2445 4105 2550 4150 σις.
2584 4088 2856 4156 Καθάπερ
2878 4088 2986 4156 γὰρ
3013 4088 3042 4138 ὁ
3061 4083 3194 4146 Θεὸς
3215 4086 3272 4135 ὲν
3300 4086 3368 4152 τῇ
3399 4080 3644 4150 σωτηρίᾳ
3672 4077 3952 4147 ὑψοῦσθαι
3975 4081 4036 4146 τῇ

2445 4181 2714 4250 ἡμετέρᾳ,
2731 4179 2907 4242 οὕτως
2930 4181 2958 4231 ὁ
2981 4176 3230 4236 διάϐολος
3260 4178 3317 4227 ὲν
3337 4176 3404 4244 τῇ
3435 4171 3681 4239 ἀπωλείᾳ
3705 4171 4038 4239 ἐπαίρεσθαι

2445 4275 2686 4342 λέγεται.

3015 4359 3112 4411 ΨΑ
3121 4355 3311 4412 ΛΜΟΣ
3359 4358 3460 4409 IA'.

2524 4473 2545 4506 ι
2573 4453 2764 4507 Λαλῶν
2797 4450 3057 4520 ἀλήθειαν
3081 4451 3141 4502 ὲν
3172 4446 3373 4517 καρδίᾳ
3406 4443 3593 4498 αὐτοῦ.
3626 4462 3644 4493 ι

839 4553 1014 4608 Corde
1051 4552 1223 4623 prius,
1255 4558 1310 4605 et
1346 4550 1544 4604 deinde
1568 4550 1769 4618 lingua,
1797 4564 1893 4602 nos
1918 4550 2033 4603 vult
2055 4566 2175 4604 esse
2196 4568 2335 4605 vera-

2519 4547 2797 4617 Ιιρότερον
2825 4542 3116 4611 ἀληθεύειν
3148 4541 3297 4611 ἡμᾶς
3324 4539 3468 4591 κατά
3497 4536 3747 4606 καρδίαν,
3771 4535 3868 4586 καὶ
3897 4535 4042 4602 μετὰ

769 4662 882 4702 ces.
912 4645 988 4699 Ex
1027 4644 1358 4698 abundantia
1394 4643 1532 4695 enim
1555 4644 1743 4704 cordis,
1784 4659 1845 4694 os
1877 4641 2111 4710 loquitur
2141 4643 2182 4694 ⁸.
2207 4641 2342 4696 Cum

772 4745 954 4789 autem
1001 4735 1178 4789 dicit:
1220 4731 1328 4786 Nec
1382 4732 1501 4802 fecit
1525 4731 1764 4800 proximo
1818 4746 1912 4782 suo
1945 4730 2180 4794 malum;
2238 4746 2344 4784 non

2443 4639 2618 4692 ταῦτα
2649 4636 2791 4690 κατά
2819 4635 2922 4705 τὴν
2948 4633 3202 4701 γλῶσσαν
3227 4631 3498 4702 βούλεται.
3516 4630 3617 4682 Ἐκ
3651 4627 3762 4695 γὰρ
3789 4626 3902 4678 τοῦ
3936 4643 4042 4678 πε-

2438 4732 2848 4800 ρισσεύματος
2894 4724 3002 4792 τῆς
3045 4723 3296 4792 καρδίας
3332 4721 3399 4776 τὸ
3424 4721 3620 4789 στόμα
3648 4719 3846 4772 λαλεῖ.
3866 4719 3961 4770 Ἐν
3991 4719 4045 4770 δὲ

775 4829 864 4881 hic
884 4827 1095 4892 caedem.
1124 4834 1356 4890 tantum,
1387 4823 1481 4878 sed
1507 4831 1562 4876 et
1603 4823 1885 4892 quodlibet
1939 4822 2084 4875 aliud
2136 4821 2335 4877 crimen

2446 4823 2526 4894 τῷ
2544 4823 2742 4884 εἰπεῖν,
2763 4821 2888 4872 οὐκ
2904 4817 3158 4882 ἐποίησε
3173 4815 3255 4878 τῷ
3274 4813 3544 4878 πλησίον
3567 4812 3774 4872 κακὸν,
3801 4809 4044 4861 ἐνταῦθα

772 4917 966 4974 vetuit.

848 5120 868 5152 ι
899 5099 965 5155 Et
990 5100 1340 5170 opprobrium
1370 5113 1477 5153 non
1509 5100 1738 5168 accepit.
1774 5119 1791 5150 ι

845 5194 1217 5263 Cogitabimus
1243 5203 1426 5246 autem
1455 5194 2071 5262 proximos,peccatores
2095 5203 2154 5246 ct
2179 5194 2352 5248 imbe—

774 5285 925 5337 cilles
944 5299 1085 5346 esse,
1118 5283 1195 5336 uti
1227 5298 1359 5345 nos;
1396 5299 1464 5337 ne
1498 5299 1623 5337 cum
1657 5284 1755 5353 ipsi
1796 5295 2109 5352 peceatores
2159 5287 2352 5348 simus,

775 5374 895 5427 aliis
917 5385 1194 5440 peccatum
1225 5375 1566 5444 objiciamus,
1615 5375 1743 5443 quin
1772 5376 2002 5429 invicem
2035 5378 2215 5445 potius
2253 5379 2354 5430 ad-

779 5467 1060 5521 bortemur
1088 5476 1248 5536 atque
1283 5467 1634 5521 instruamus.

851 5557 1010 5612 Vens.
1060 5558 1115 5612 4.
1185 5576 1202 5608 ι
1249 5557 1528 5612 Timentes
1582 5566 1762 5613 autem
1816 5559 2104 5614 Dominmn
2158 5559 2356 5628 gloriﬁ-

779 5657 888 5700 (ιιι.
934 5667 949 5696 ι

854 5799 874 5830 ⁸
903 5800 1060 5854 logia.
1093 5819 1150 5861 ll,
1179 5804 1264 5854 illi.
1349 5804 1366 5830 "
1400 5801 1536 5855 Psal.
1569 5819 1622 5865 Χ,
1663 5803 1739 5856 15.
1821 5806 1838 5829 ⁸⁸
1867 5803 2053 5856 Matth.
2091 5819 2184 5861 λιι.
2215 5804 2301 5856 Si.

2447 4913 2510 4964 οὐ
2563 4909 2728 4978 φόνου
2775 4907 2969 4978 μόνου,
3003 4905 3141 4960 ἀλλὰ
3188 4903 3285 4957 καὶ
3331 4904 3515 4972 πάσης
3557 4901 3726 4969 ἀλλης
3757 4900 4047 4968 ἁμαρτίας

2449 5000 2746 5054 ἐκώλυσεν.

2527 5112 2546 5145 ι
2574 5093 2686 5145 Καὶ
2715 5091 3031 5160 ὀνειδισμὸν
3049 5089 3150 5140 οὐκ
3175 5087 3398 5139 ἐλαϐεν.
3430 5104 3448 5135 ι

2524 5187 2663 5248 Τοὺς
2707 5186 2766 5238 δὲ
2808 5182 3282 5252 ἐγγιστα,ὦσπερ
3314 5179 3477 5248 ἡμεῖς
3499 5219 3513 5241 ,
3551 5173 3920 5244 ἁμαρτωλοὺς
3955 5175 4050 5225 καὶ

2454 5281 2700 5341 ἀσθενεῖς
2723 5279 3014 5348 νοήσομεν,
3047 5277 3137 5328 ἴνα
3169 5275 3246 5345 μὴ
3271 5271 3590 5341 ἁμαρτωλοὶ
3619 5267 3902 5337 ἁμαρτίαν
3940 5267 4049 5319 ἑτέ-

2459 5389 2574 5443 ροις
2617 5370 3001 5440 ὸνειδίζωμεν,
3035 5366 3381 5434 νουθετῶμεν
3413 5362 3470 5414 δὲ
3507 5359 3708 5430 μᾶλλον
3751 5357 4047 5426 ἀλλήλους,

2463 5465 2558 5518 καὶ
2585 5464 2952 5532 διδάσκωμεν.

2543 5577 2560 5606 ι
2591 5557 2730 5618 Τοὺς
2758 5555 2813 5607 δὲ
2841 5552 3216 5623 φοϐουμένους
3243 5547 3336 5602 τὸν
3369 5545 3575 5616 Κύριον
3607 5540 3845 5606 δοξάζει.
3878 5558 3898 5592 ι
