4158 6450
205 364 349 432 1135

1353 365 1823 426 FRAGMENTA
1845 363 1947 425 ἸΝ
1989 363 2355 426 PSALMOS.

3355 369 3491 432 1186

275 477 394 532 Κᾶν
422 477 673 540 ἀσθενεῖς
705 470 834 539 ὦσι,
864 479 970 532 xiv
992 477 1222 546 πτωχοὶ,
1249 476 1354 529 κᾶν
1389 475 1780 547 βάρὸαροιμᾶι

1900 479 1927 542 3
1961 470 2198 528 Tametsi
2224 473 2524 529 imbecilles
2557 475 2687 541 sint,
2710 474 2924 529 tametsi
2951 489 3241 544 pauperes,
3275 479 3488 530 tametsi

203 568 498 636 ἀλλότριοι.
533 566 592 618 '0
639 566 747 638 γὰρ
796 569 923 630 τοὺς
966 566 1439 636 πονηρευομένους
1477 564 1792 632 ὲξουδενῶν,

199 658 326 719 τοὺς
354 657 410 709 δὲ
433 656 805 727 φοϐουμένους
834 658 925 711 τὸν
953 656 1160 725 Κύριον
1189 655 1451 720 δοξάζων,
1477 655 1706 719 πολλοῦς
1730 658 1794 710 ὲκ

202 747 468 818 πονηρίας
499 748 829 818 ἀποτρέπει.
863 751 1165 818 προτρέπει
1196 748 1253 799 δὲ
1281 747 1417 818 πρὸς
1452 747 1754 800 εὐσέϐειαν.

774 837 1073 890 ΨΑΛΜΟΣ
1121 837 1223 892 1Ε’.

278 946 296 976 ι
330 924 537 996 Κύριός
573 944 677 996 μου
709 923 762 980 εἶ
787 927 875 982 σύ.
904 947 923 979 s

287 1017 451 1087 Ὁρᾷς
496 1021 596 1089 τῆς
633 1020 963 1089 Ἐκκλησίας
1013 1022 1114 1092 τὴν
1159 1023 1603 1094 εὐγνωμοσύνην.
1624 1023 1790 1094 Ὁμοῦ

198 1107 311 1178 γάρ
352 1109 447 1159 καὶ
487 1109 587 1180 τὴν
625 1110 824 1180 ἑαυτῆς
854 1114 1150 1180 πτωχείαν,
1183 1115 1279 1166 καὶ
1311 1113 1406 1166 τοῦ
1433 1113 1670 1183 νυμφίου
1698 1115 1791 1168 τὸν

199 1200 433 1252 πλοῦτον
480 1201 851 1272 ὡμολόγησεν.
885 1199 1058 1266 Εἶπα,
1094 1209 1251 1274 φησὶ,
1285 1205 1366 1270 τῷ
1392 1208 1608 1274 Κιιρίφ,
1631 1224 1789 1261 τουτ-

197 1294 317 1344 έστι
346 1292 425 1361 τῷ
470 1293 709 1364 Χριστῷ,
765 1297 981 1363 Κύριός
1022 1315 1141 1365 μου
1171 1295 1228 1350 εἷ
1252 1299 1502 1353 σύ.-Ούκ
1532 1296 1601 1365 εἴ,
1635 1301 1788 1371 φησὶ,

195 1387 350 1454 ψιλὸς
387 1388 695 1456 ἄνθρωπος,
731 1387 866 1440 ἀλλὰ
896 1387 1118 1457 Κύριος,
1145 1390 1332 1458 ἐπειδὴ
1360 1390 1552 1460 δούλην
1586 1393 1665 1453 είς
1691 1393 1792 1460 γά-

201 1495 305 1546 μου
348 1478 659 1543 κοινωνίαν,
693 1478 788 1530 καὶ
815 1480 912 1546 τὴν
939 1479 1246 1548 ἀπόϐλητον
1280 1481 1492 1542 ἔλαϐες.

277 1589 295 1619 ι
329 1570 532 1638 Κύριος
564 1571 723 1639 μερὶς
763 1570 861 1640 τῆς
890 1570 1260 1641 κληρονομίας
1295 1589 1398 1641 μου
1436 1574 1530 1626 καὶ
1562 1572 1654 1626 τοῦ
1695 1590 1788 1626 πο-

195 1662 393 1729 τηρίου
427 1678 551 1728 μου.
590 1682 607 1713 ι

271 1753 657 1821 Κληρονομίας
695 1753 846 1822 φησὶ,
883 1753 1130 1806 τουτέστι
1181 1753 1276 1806 τοῦ
1314 1757 1618 1825 μυστηρίου
1646 1749 1785 1809 τού-

1894 567 2150 632 barbari,
2199 568 2415 622 tametsi
2471 569 2812 638 alienigenae.
2876 567 2981 633 Qui
3024 569 3172 622 enim
3219 568 3489 639 malignos

1892 658 2224 722 contemnit,
2279 659 2534 713 timentes
2616 674 2747 713 vero
2820 657 3110 713 Dominum
3180 658 3485 732 gloriﬁcat,

1891 749 2095 805 multos
2121 765 2153 803 a
2193 750 2434 819 nequitia
2465 750 2685 813 avertit,
2717 759 2773 804 et
2805 749 2872 802 ad
2903 749 3159 819 pietatem
3190 752 3482 806 convertit.

2425 838 2748 894 PSALMUS
2784 837 2902 894 XV.

1964 930 2128 988 Vens.
2152 932 2207 987 2.
2242 951 2260 984 ι
2288 932 2552 988 Dominus
2585 949 2740 988 meus
2763 948 2823 988 es
2856 942 2936 989 tu.
2965 949 2986 982 ι

1922 1038 1942 1046 -
1963 1019 2128 1076 Vides
2158 1022 2413 1078 Ecclesiae
2443 1023 3047 1094 gratitudinemzsimul
3071 1021 3219 1076 enim
3242 1031 3297 1075 et
3327 1037 3480 1076 suam

1890 1121 2284 1182 paupertatem,
2335 1121 2390 1168 et
2424 1115 2606 1183 sponsi
2648 1113 2866 1166 divitias
2899 1113 3142 1184 professa
3185 1121 3290 1168 est.
3331 1111 3483 1179 Dia-1'.

1891 1205 2088 1275 inquit,
2109 1196 2331 1261 30mm:
2380 1205 2456 1270 (id
2483 1213 2568 1259 est
2624 1202 2866 1276 Christo)
2896 1223 2909 1260 ς
2937 1205 3192 1259 Dominus
3247 1222 3394 1259 meus
3431 1222 3484 1261 es

1893 1305 1968 1348 tu.
2011 1296 2224 1356 Nom—*5,
2248 1296 2416 1356 inquit
2440 1337 2455 1360 ,
2482 1308 2654 1364 purus
2678 1295 2862 1358 homo,
2897 1296 2993 1349 sed
3050 1296 3354 1350 Dominus:
3404 1298 3477 1351 sl-

1889 1383 2108 1450 quidem
2137 1397 2358 1438 servam
2387 1385 2441 1437 in
2474 1399 2698 1438 uxorem
2725 1394 2781 1439 et
2810 1387 3014 1440 sociam
3038 1385 3263 1446 duxisti,
3296 1396 3351 1439 et
3402 1403 3480 1439 re-

1885 1474 2084 1542 jectam
2118 1474 2212 1528 tibi
2240 1476 2591 1544 conjunxisti.

1959 1565 2120 1621 VERS.
2147 1567 2202 1622 5.
2240 1587 2257 1619 ι
2290 1567 2553 1622 Dominus
2583 1582 2711 1637 pars
2740 1564 3074 1620 haereditatis
3106 1580 3296 1618 meae.»

1956 1763 2300 1817 Haereditatis
2324 1764 2565 1832 (inquit),
2600 1764 2705 1818 hoc
2738 1772 2822 1818 est
2843 1763 3086 1835 mysterii
3112 1763 3298 1832 hujus.
3339 1761 3472 1818 Nam

195 1859 312 1895 του.
355 1843 736 1912 Κληρονομίαν
766 1844 876 1912 γὰρ
908 1847 966 1896 ἐν
994 1844 1070 1914 τῷ
1099 1844 1255 1898 αίῶνι
1287 1845 1461 1916 τούτῳ
1492 1849 1524 1917 ή
1559 1848 1780 1917 Ἐκκλη-

1891 1853 1944 1907 in
1977 1855 2227 1923 praesenti
2254 1857 2474 1920 sacculo,
2509 1866 2706 1925 praeter
2731 1857 2908 1909 solum
2945 1854 3138 1919 Deum,
3163 1870 3272 1907 non
3312 1854 3475 1908 habet

197 1937 289 1987 σία
338 1937 398 1987 οὐ
439 1936 732 2005 κέκτηται,
772 1938 911 2006 πλὴν
950 1937 1110 2005 μόνον
1143 1937 1232 1988 τὸν
1267 1937 1617 2001 Θεὸν.“οστις
1649 1939 1784 2010 αὐτῇ

193 2029 288 2080 τὸν
319 2029 520 2098 κλῆρον
555 2027 881 2097 εύπρεπίζει
910 2028 1002 2081 τὸν
1032 2028 1316 2098 μέλλοντα,
1348 2030 1436 2082 διὰ
1463 2031 1622 2083 τοῦτο
1645 2033 1786 2084 εἰκό-

193 2137 303 2180 τως
343 2123 370 2174 ὁ
399 2123 578 2191 στίχος
611 2125 638 2174 ὁ
668 2122 934 2189 ἑπόμενος
986 2123 1313 2192 πρόσκειται
1335 2139 1349 2153 ·
1388 2141 1404 2175 ι
1437 2122 1521 2176 Σὺ
1558 2120 1615 2178 εἷ
1634 2125 1786 2178 ἀπο-

195 2213 499 2265 καθιστῶν
532 2213 655 2289 τὴνὴ
673 2217 746 2266 ac.)
757 2213 1106 2281 ηρονομίαν.
1142 2232 1161 2267 ι

273 2322 293 2352 ι
329 2306 620 2374 Εὐλογήσω
644 2305 735 2357 τὸν
764 2305 990 2374 Κύριον.
1022 2322 1039 2354 ι

269 2395 494 2464 Εὑλογεῖ
522 2399 613 2450 τὸν
645 2397 778 2450 Θεὸν
799 2400 832 2468 ἡ
870 2396 1188 2468 Ἐκκλησία,
1226 2397 1303 2460 ὼς
1333 2398 1467 2469 παρ’
1491 2397 1665 2452 αὐτοῦ
1701 2399 1785 2452 δε-

200 2488 410 2556 ξαμένη
439 2489 546 2541 τῶν
577 2489 896 2558 μυστηρίων
920 2487 1020 2557 τὴν
1057 2488 1293 2552 σύνεσιν,
1324 2487 1420 2541 καὶ
1449 2487 1548 2558 τὴν
1573 2488 1784 2558 πλάνην

196 2581 306 2633 τῶν
338 2582 611 2634 Ἰουδαίων
643 2582 966 2634 ὲκκλίνασα.

275 2690 292 2722 s
323 2670 678 2743 [Ιροωρώμην
725 2673 816 2726 τὸν
869 2672 1073 2743 Κύριον
1115 2670 1346 2726 ἐνώπιόν
1399 2688 1505 2742 μου
1551 2671 1782 2725 διαπαν-

199 2761 309 2820 τός.
344 2780 362 2812 s

269 2851 509 2921 Θεωρεῖς
531 2852 659 2903 Υἱοῦ
687 2854 782 2906 καὶ
804 2853 1018 2924 Πατρδς
1038 2853 1364 2923 ὁμοτιμίανς
1391 2853 1529 2906 ῐΙοτὲ
1555 2853 1655 2924 μὲν
1673 2855 1782 2924 γὰρ

200 2943 227 2992 ὁ
255 2940 382 2999 Υἱὸς
419 2941 640 2993 ἑστάναι
670 2942 733 2993 ἐκ
765 2941 976 3008 δεξιῶν,
1011 2942 1044 3013 ἢ
1085 2943 1362 3011 καθῆσθαι
1396 2943 1652 3010 λέγεται·
1686 2943 1782 2996 νῦν

200 3031 255 3082 δὲ
289 3031 364 3100 τῷ
394 3032 566 3101 Πατρὶ
595 3032 686 3083 τὸν
717 3031 892 3096 δεξιὸν
920 3033 1084 3086 τόπον
1117 3033 1382 3102 ἀπονέμει
1403 3049 1418 3063 ο
1465 3033 1554 3085 ἵνα
1602 3034 1780 3106 μάθῃς

1889 1946 2130 2003 Ecclesia
2156 1949 2550 2002 haereditatem.
2588 1948 2685 2002 llic
2709 1949 2783 2001 illi
2809 1948 3047 2002 futuram
3102 1949 3474 2003 haereditaten‘.

1889 2051 2080 2110 parat:
2112 2050 2398 2111 propterea
2426 2043 2551 2095 huic
2595 2041 2865 2096 versiculo
2913 2056 3150 2110 sequens
3174 2041 3296 2110 jure
3320 2040 3474 2094 addi-

1890 2141 1979 2186 tur
2013 2151 2027 2187 :
2061 2151 2080 2185 ι
2104 2133 2175 2187 Tu
2197 2151 2248 2187 es
2269 2134 2360 2203 qui
2385 2135 2624 2187 restitues
2643 2135 3031 2188 Itwreditatem.
3062 2152 3081 2185 ι

1957 2315 2119 2369 Vens.
2147 2314 2199 2368 7.
2243 2333 2262 2366 ι
2288 2313 2613 2370 Benedicam
2651 2314 2964 2368 Dominum.
2997 2333 3016 2365 ι

1957 2407 2069 2461 Deo
2107 2409 2380 2463 benedicit
2409 2407 2673 2473 Ecclesia,
2705 2415 2765 2460 ut
2795 2422 2917 2475 quae
2945 2408 3014 2461 ab
3037 2407 3156 2477 ipso
3183 2408 3469 2479 mysterio-

1886 2514 2006 2553 rum
2033 2500 2443 2572 intelligentiam
2471 2499 2764 2568 acceperit,
2802 2514 2867 2554 ac
2895 2499 3204 2554 Judatorum
3224 2514 3467 2555 errorem

1885 2590 2261 2649 declinaverit.

1959 2685 2116 2740 Vsus.
2137 2687 2187 2740 8.
2214 2704 2232 2738 ι
2257 2685 2613 2741 Providebam
2635 2686 2923 2741 Dominum
2946 2685 3001 2740 in
3025 2693 3318 2755 conspectu
3345 2700 3468 2738 meo

1886 2791 2117 2846 semper.
2157 2797 2175 2830 ι

1957 2865 2120 2922 Vides
2145 2869 2406 2937 aqualem
2436 2866 2555 2920 Filii
2587 2883 2710 2921 cum
2736 2866 2895 2922 Patre
2930 2866 3288 2937 dignitatem?
3318 2865 3466 2920 Non-

1882 2974 2158 3028 nunquam
2189 2959 2337 3012 enim
2377 2958 2547 3014 Filius
2571 2969 2714 3015 stare
2745 2977 2775 3014 a
2804 2960 3007 3014 dextris
3033 2967 3126 3012 aut
3164 2959 3356 3012 sedere
3383 2959 3466 3013 di-

1882 3051 2059 3116 citur;
2112 3066 2261 3105 nunc
2295 3066 2426 3106 vero
2461 3050 2605 3104 Patri
2665 3053 2918 3106 dextrum
2959 3051 3137 3104 locum
3179 3050 3464 3105 attribuit:

203 3122 332 3191 μίαν
356 3119 497 3174 εἶναι
521 3121 616 3173 τοῦ
650 3122 1012 3190 Γεννηθέντος
1037 3123 1133 3175 καὶ
1164 3125 1258 3174 τοῦ
1289 3123 1657 3191 Γεννήσαντος
1685 3124 1778 3175 δύο

203 3231 362 3236 .._.---.
422 3213 574 3236 -l-._\
600 3213 695 3236 -..ῗη
727 3213 957 3236 __.___..l_
1003 3214 1086 3236 §-L
1117 3214 1209 3236 -1...
1249 3215 1417 3236 _!.__-_-
1462 3214 1753 3236 A_n1-i_____,-

1884 3150 1944 3194 ut
1967 3140 2146 3195 discas
2173 3155 2335 3194 unam
2361 3155 2482 3195 esse
2510 3138 2689 3194 Geniti
2720 3149 2776 3194 et
2800 3139 3076 3194 Genitoris
3119 3148 3464 3209 potestatem,

198 3231 385 3282 ναμιν,
418 3213 579 3266 είκαὶ
600 3213 695 3266 νῦν
725 3213 960 3267 ταπεινὰ
998 3214 1088 3267 διά
1114 3214 1210 3284 τὴν
1242 3215 1422 3285 σάρκα
1457 3214 1779 3285 φθέγγεται.

763 3328 1057 3381 ΨΑΔΜΟΣ
1095 3327 1210 3394 tq'.

274 3437 294 3470 ι
326 3418 732 3487 Θαυμάστωσον
761 3419 827 3470 τά
860 3417 988 3487 ὲλέη
1015 3434 1108 3470 σου
1130 3457 1146 3480 ,
1175 3402 1421 3482 δ’σώζων
1455 3417 1581 3481 τοὺς
1623 3418 1780 3472 ἑλπί-

199 3507 394 3571 ζοντας
429 3509 520 3560 ἐπὶ
552 3509 631 3560 σέ.
666 3529 685 3559 υ

272 3600 405 3652 Ποῖα
435 3598 750 3668 διαδήματα
778 3599 1208 3668 καταρτισθῆναι
1232 3601 1291 3651 ὲν
1313 3601 1436 3662 ταῖς
1462 3600 1669 3670 τρίϐοις
1686 3600 1780 3654 106

197 3691 334 3743 Θεοῦ
357 3732 370 3752 ,
409 3694 536 3743 ποῖα
570 3691 626 3744 δὲ
660 3690 735 3761 μὴ
774 3691 1102 3760 σαλευθῆναι
1137 3695 1164 3744 ὁ
1203 3694 1498 3763 Προφήτης
1525 3692 1776 3762 εῦχεται;

197 3783 536 3851 Διαϐήματα
581 3783 772 3854 πρῶτα
801 3784 868 3836 τὰ
915 3785 1015 3853 τῆς
1059 3784 1240 3854 ψυχῆς
1274 3787 1551 3854 κινήματα
1579 3787 1779 3855 κεκτή-

203 3875 343 3944 μεθα
362 3914 376 3935 ,
413 3877 506 3926 καὶ
535 3874 711 3928 ταῦτα
741 3874 1211 3942 καταρτισθῆναι
1231 3917 1246 3940 ,
1277 3876 1522 3928 τουτέστι
1553 3875 1780 3945 βεϐαιω-

198 3965 462 4031 οἦναι,ὲν
484 3967 611 4032 ταῖς
632 3968 851 4033 τρίϐοις
877 3966 969 4020 τοῦ
992 3966 1150 4031 Θεοῦ,
1177 3969 1235 4019 ἐν
1259 3970 1370 4030 τοῖς
1396 3968 1779 4038 προστάγμασι

195 4059 310 4117 τοῖς
340 4057 503 4120 θείοις
532 4057 773 4127 δηλονότι
796 4059 1179 4129 προσεύχεται.
1203 4058 1422 4112 Τούτων
1445 4059 1554 4130 γάρ
1574 4076 1780 4130 καταρ-

193 4146 509 4211 τιςθέντων,
540 4148 659 4200 οὐδὲ
688 4149 754 4200 τά
785 4148 920 4201 ἄλλα
955 4150 1114 4218 ήμῶν
1141 4149 1472 4220 διαδήματα.
1503 4154 1779 4204 τουτέστιν

199 4238 259 4289 αι
298 4238 545 4305 πράξεις,
576 4238 894 4308 σαλεύονται
915 4257 929 4271 ο
959 4239 1204 4310 ἁμαρτία
1234 4241 1344 4311 γὰρ
1375 4242 1516 4295 αὐτα
1546 4242 1777 4312 μοχλεῦ-

199 4342 290 4378 σαι
323 4327 384 4378 ού
415 4327 656 4381 δύναται.

275 4434 292 4466 ι
326 4419 387 4468 0i
416 4417 600 4487 ἐχθροί
634 4436 736 4489 μου
765 4418 862 4489 τὴν
889 4419 1067 4490 ψυχήν
1098 4437 1223 4490 μου.
1258 4439 1277 4472 s

269 4602 546 4656 Κυκλοῦσι
593 4607 701 4674 γάρ
730 4606 828 4676 τὴν
861 4607 1037 4676 ψυχὴν
1069 4606 1226 4676 ήμῶν
1251 4608 1302 4658 οἱ
1329 4606 1582 4675 δαίμονες
1601 4645 1616 4670 ,
1652 4607 1767 4671 καὶ,

195 4691 590 4764 θηρίωνδίκην,
611 4696 841 4757 ἕκαστος
865 4698 1274 4766 προσλαμϐάνει
1303 4696 1627 4762 παγιδεῦσαι
1649 4696 1774 4766 βου-

197 4782 444 4852 λόμενος.
473 4786 646 4855 Στέαρ
684 4786 740 4838 δὲ
767 4787 874 4838 τῶν
903 4788 1194 4857 δαιμόνων,
1217 4788 1309 4840 καὶ
1341 4787 1513 4857 τροφὴ
1541 4789 1770 4857 λιπαρά,

195 4875 248 4926 0i.
269 4875 698 4944 ἁμαρτάνοντες,
721 4876 813 4941 οὓς
843 4881 956 4940 ταῖς
983 4878 1192 4948 ήδοναῖς
1217 4878 1609 4943 ἀπολαύοντας,
1631 4878 1772 4932 ὥστε

197 4967 396 5033 μηκέτι
431 4967 736 5036 διαφυγεῖν,
773 4969 1140 5038 συγκλείουσι.
1173 4971 1340 5024 Ποίαν
1385 4970 1442 5023 δὲ
1487 4971 1773 5042 ὑπερηφα-

193 5057 352 5124 νίαν;
403 5059 514 5128 Τὴν
549 5061 888 5115 ἀποστασίαν
919 5063 1018 5134 τὴν
1050 5063 1160 5117 ἀπὸ
1204 5062 1298 5115 τοῦ
1329 5062 1486 5130 Θεοῦ,
1523 5064 1621 5133 τὴν
1646 5066 1776 5116 ἀπιο

197 5149 352 5202 στίαν
398 5150 494 5202 τοῦ
543 5153 830 5221 μέλλοντος
859 5194 873 5218 ,
923 5155 1020 5224 τῆς
1068 5155 1300 5226 κρίσεως
1348 5158 1447 5223 τὴν
1492 5154 1769 5224 ἀθέτησιν.

195 5240 381 5293 Ταῦτα
412 5243 519 5312 γάρ
557 5245 606 5296 οί
640 5243 858 5312 θέμενοι
889 5247 1190 5316 ἁμαρτεῖν,
1222 5247 1348 5308 τοὺς
1377 5246 1774 5316 ἀπατωμένους

195 5331 621 5400 προτρέπονται.

268 5438 287 5471 s
312 5423 621 5492 Ἀνάστηθι,
657 5426 850 5494 Κύριε.
885 5446 902 5478 s

274 5511 577 5583 Ῥομφαίαν
617 5518 774 5571 καλεῖ
821 5520 916 5572 τοῦ
963 5519 1099 5573 Θεοῦ
1138 5520 1200 5573 τὸ
1230 5518 1457 5583 δίκαιον,
1497 5517 1772 5588 μαχαίρας

191 5602 346 5674 δίκην
401 5606 529 5670 ὅλας
576 5611 686 5678 ,τὰς
735 5611 844 5664 τῶν
896 5613 1169 5683 δαιμόνων
1231 5609 1566 5683 παρατάξεις
1613 5611 1769 5664 ἑκτέα

198 5713 422 5763 μνοντα.

279 5805 299 5841 s
322 5789 755 5863 Ἑχορτάσοησαν
784 5795 935 5849 υίῶν.
970 5813 987 5845 ι

1885 3233 2099 3286 tametsi
2126 3234 2236 3303 jam
2267 3241 2491 3304 propter
2532 3248 2753 3288 carnem
2784 3232 3005 3286 humilia
3032 3234 3303 3301 loquatur.

2421 3321 2742 3377 PSALMUS
2775 3322 2912 3377 XVI.

1956 3411 2118 3466 Vsus.
2157 3413 2209 3466 7.
2253 3431 2272 3464 ι
2301 3411 2524 3467 Mirilica
2555 3413 2954 3469 misericordias
2984 3420 3126 3480 tuas,
3168 3412 3260 3482 qui
3287 3412 3469 3470 salvos

1881 3501 2015 3556 facis
2040 3511 2320 3572 sperantes
2349 3503 2404 3555 in
2436 3511 2504 3557 te.
2545 3522 2564 3554 ι

1956 3589 2232 3656 Quosnam
2269 3606 2490 3660 gressus
2536 3592 2593 3645 in
2651 3591 2743 3645 Dei
2790 3591 3002 3646 semitis
3042 3589 3271 3660 perﬁci,
3326 3605 3465 3659 quos

1881 3677 2012 3730 item
2045 3693 2154 3730 non
2196 3683 2528 3733 commoveri
2561 3681 2833 3748 Propheta
2875 3690 3026 3751 rogat
3053 3680 3073 3732 ?
3107 3680 3323 3734 Crassus
3352 3680 3465 3748 pri-

1882 3783 2001 3822 mos
2031 3771 2200 3824 animi
2229 3781 2412 3825 motus
2444 3779 2715 3836 tenemus,
2753 3786 2896 3841 quos
2946 3770 3126 3839 perﬁci
3151 3810 3164 3833 ,
3215 3770 3319 3822 hoc
3380 3777 3465 3822 est

1881 3864 2192 3918 conﬁrmari
2225 3867 2280 3918 in
2309 3868 2510 3920 semitis
2545 3867 2662 3930 Dei,
2719 3867 2820 3920 hoc
2869 3876 2954 3920 est
2984 3866 3037 3918 in
3066 3865 3269 3921 divinis
3303 3880 3463 3917 man-

1880 3955 2025 4010 datis
2049 3997 2063 4022 ,
2096 3967 2238 4011 orat.
2270 3958 2428 4024 Nam,
2469 3958 2535 4012 iis
2565 3958 2825 4012 stabilitis
2864 3973 2927 4012 ac
2957 3957 3237 4027 perfectis,
3269 3957 3460 4024 reliqui

1881 4063 2103 4117 gressus
2134 4049 2330 4113 nostri,
2380 4049 2486 4102 hoc
2508 4059 2590 4101 est
2624 4049 2891 4111 actimics,
2926 4064 3035 4102 non
3065 4056 3300 4102 nutant:
3332 4063 3462 4102 nam

1881 4149 2170 4209 peccatum
2206 4155 2308 4195 eos
2340 4140 2768 4194 dimoverenon
2799 4148 2999 4209 potest.

1952 4401 2110 4458 Vsus.
2140 4405 2192 4460 9.
2250 4423 2268 4456 ι
2297 4403 2508 4458 Inimici
2556 4403 2664 4459 mei
2713 4403 2950 4459 animam
2996 4420 3173 4460 meam
3221 4407 3457 4462 circum-

1804 4510 1853 4568 ι)
1878 4496 2169 4552 dederunt.
2204 4515 2222 4546 ι

1951 4587 2304 4643 Circumdant
2333 4589 2481 4643 enim
2513 4589 2750 4642 animam
2788 4597 3033 4643 nostram
3077 4589 3372 4656 dscmones,
3402 4601 3458 4647 et

1877 4679 2117 4734 ferarum
2151 4696 2327 4746 more,
2365 4681 2594 4749 quilibet
2618 4696 2736 4735 eam
2765 4681 2982 4734 irretire
3023 4688 3218 4734 tentat.
3276 4683 3460 4752 Adeps

1877 4787 2007 4826 vero
2039 4773 2348 4826 daemonum
2376 4812 2390 4835 ,
2425 4781 2480 4826 et
2511 4787 2634 4826 esca
2667 4772 2884 4842 pinguis
2904 4812 2919 4836 ,
2957 4781 3085 4825 sunt
3115 4783 3454 4839 peccatores,

1878 4879 2016 4932 quos
2043 4863 2413 4933 voluptatibus
2437 4864 2732 4928 inescatos,
2778 4878 2848 4917 ne
2886 4863 3120 4932 amplius
3167 4862 3452 4934 eﬁ‘ugiant,

1878 4956 2337 5010 circumcludunt.
2381 4955 2489 5010 Sed
2515 4956 2691 5025 qualis
2729 4956 3028 5025 superbia?
3068 4956 3353 5025 Apostasia
3401 4967 3458 5010 et

1877 5043 2110 5099 defectio
2140 5060 2169 5098 a
2201 5045 2335 5111 Deo,
2371 5045 2681 5099 futurorum
2710 5045 3091 5109 incredulitas,
3117 5046 3312 5116 judicii
3353 5063 3455 5102 ne-

1875 5138 2040 5206 gatio.
2074 5137 2154 5190 Ad
2193 5139 2308 5191 hzec
2338 5140 2482 5192 enim
2524 5138 2560 5192 ii
2592 5139 2685 5207 qui
2720 5153 2950 5208 peccare
2977 5139 3193 5208 jubent,
3236 5154 3332 5194 eos
3363 5141 3455 5209 qui

1875 5239 2003 5283 sunt
2042 5229 2280 5298 decepti,
2305 5230 2689 5284 adhortantur.

1946 5422 2111 5479 Vens.
2148 5426 2232 5479 l5.
2253 5443 2270 5475 ι
2300 5423 2562 5496 Exsurge,
2589 5425 2838 5480 Domine.
2861 5445 2880 5477 ι

1949 5515 2234 5571 Frameam
2267 5518 2505 5588 appellat
2528 5519 2798 5588 justitiam
2829 5520 2947 5585 Dei,
2979 5519 3152 5573 inStar
3177 5517 3336 5590 gladii
3368 5518 3454 5574 in-

1881 5617 2057 5678 tegras
2080 5609 2392 5663 daemonum
2428 5611 2574 5664 acies
2603 5610 3039 5665 exscindentem.

1955 5789 2111 5846 Vsus.
2147 5792 2234 5847 N.
2280 5811 2299 5845 ι
2338 5794 2576 5850 Saturati
2610 5802 2740 5851 sunt
2766 5795 2908 5850 ﬁliis.
2951 5815 2968 5847 ι
