4158 6450
760 404 897 469 1187
1947 397 2310 460 IIESYCIIII
2351 398 2821 463 PRESBYTERI
3884 406 4023 471 1133

828 523 966 583 Non,
997 531 1058 576 ut
1082 522 1300 591 quidam
1330 531 1542 591 putant,
1565 518 1917 590 reprehendit
1941 518 2028 571 hic
2043 516 2324 570 Psalinista

2500 520 2634 588 θ’)χν
2651 521 2726 584 ὦς
2739 538 2885 585 τινες
2902 525 3207 593 νομίζουσι,
3227 528 3286 579 τὸ
3303 527 3498 597 βρῶμα
3519 527 3752 581 ἐνταῦθα
3772 530 3802 580 ὀ
3822 529 4021 596 Ψαλμ-

761 626 944 666 escam
979 611 1212 665 filiorum
1247 613 1267 679 (
1284 626 1407 663 nam
1456 627 1517 664 ea
1548 625 1669 679 quae
1700 611 1979 663 introeunt
2009 608 2063 660 in
2101 621 2184 667 os,
2216 622 2326 660 non

2434 612 2567 681 ῳδὸς
2608 615 2882 669 διαϐάλλει
2919 618 3031 672 τῶν
3096 620 3227 671 υίῶν
3263 621 3405 687 (οὐδὲ
3459 620 3568 690 γὰρ
3593 620 3662 673 τὰ
3696 622 4021 687 εἰσπορευό-

762 703 1120 772 coinquinant
1142 704 1417 758 hominem
1440 702 1506 772 ⁷,)
1539 703 1637 757 sed
1664 703 1808 771 ipsos
1837 709 1897 754 ut
1922 700 2078 753 valde
2108 699 2331 752 insanos

2436 720 2571 774 μενα
2599 709 2677 768 εἰς
2695 710 2756 761 τὸ
2775 710 2951 780 στόμα
2998 715 3169 765 κοινοῖ
3194 713 3284 764 τὸν
3313 713 3642 781 ἄνθρωπον),
3676 711 3793 764 ἀλλ’
3823 713 4022 771 αὐτοὺς

762 794 957 864 arguit,
983 795 1146 863 quod,
1172 811 1297 849 eum
1323 795 1598 864 copiosam
1640 810 1670 847 a
1700 792 1809 847 Deo
1859 792 2066 862 prolem
2095 805 2329 859 accepe-

2434 797 2501 860 ὡς
2531 796 2649 849 λίαν
2673 800 3013 870 ἀγνώμονας,
3044 804 3125 856 ὅτι
3154 804 3324 856 τέκνα
3357 803 3464 856 ἀπὸ
3482 802 3619 855 Θεοῦ
3646 801 4024 871 λαμϐάνοντες

763 888 896 951 rint,
926 900 1035 940 non
1066 887 1323 941 virtutem
1355 887 1506 956 ipsis,
1552 888 1645 941 sed
1687 887 1903 940 malitia:
1931 901 2043 940 sua:
2072 884 2331 954 reliquias

2434 891 2512 953 είς
2546 890 2775 961 πλῆθος,
2802 894 2900 946 οὐκ
2932 894 3135 965 ἀρετὴν
3161 895 3366 958 αὐτοῖς,
3397 894 3534 948 ἀλλὰ
3574 895 3887 948 κατάλοιπα
3924 898 4024 958 τῆς

764 991 862 1045 pro
892 976 1210 1031 liatreditate
1241 977 1649 1046 dereliquerint.

2434 982 2643 1035 ἑαυτῶν
2672 983 2866 1048 κακίας
2897 986 3018 1038 ἀντὶ
3050 985 3257 1055 κλήρου
3288 986 3636 1056 παρέδωκαν.

1291 1086 1611 1143 PSALMUS
1643 1086 1810 1141 XVII.

2992 1098 3287 1151 ΨΑΛΜΟΣ
3339 1100 3439 1153 ιζ’.

837 1176 992 1232 Vens.
1026 1178 1121 1233 10.
1159 1195 1177 1228 ι
1211 1176 1276 1230 Ει
1305 1178 1588 1234 inclinavit
1609 1181 1797 1243 cmlos,
1825 1189 1882 1233 et
1908 1178 2212 1235 descendit.
2242 1197 2261 1229 ι

2508 1206 2524 1236 ι
2557 1187 2666 1239 Καὶ
2691 1186 2900 1240 ἔκλινεν
2927 1188 3210 1257 οὐρανοὺς,
3245 1190 3339 1243 καὶ
3367 1190 3597 1260 κατέϐη.
3631 1211 3649 1241 ι

834 1268 1114 1321 Inclinavit
1153 1270 1324 1332 caelos,
1368 1280 1429 1323 ut
1461 1281 1659 1324 terram
1705 1271 1842 1324 cmlo
1870 1271 2244 1343 conjungeret,
2278 1277 2332 1322 et

2506 1281 2780 1334 Ἕκλινεν
2804 1282 3101 1348 οὐρανοὺς
3119 1324 3134 1347 ,
3161 1283 3247 1336 ἵνα
3272 1285 3371 1350 τὴν
3398 1285 3502 1353 γῆν
3532 1282 3609 1352 τῷ
3643 1284 3867 1353 οὐρανῷ
3897 1300 4027 1334 συν·

764 1355 1119 1411 inferioribus
1148 1372 1273 1411 cum
1317 1358 1569 1427 supernis
1602 1360 2146 1413 communicationem
2191 1372 2331 1426 prm-

2434 1369 2573 1442 άψῃ,
2603 1374 2700 1425 καὶ
2742 1375 2856 1435 τοῖς
2882 1375 3036 1426 κάτω
3064 1374 3199 1443 πρὸς
3230 1374 3298 1426 τὰ
3328 1373 3440 1427 ἅνω
3473 1376 3758 1427 κοινωνίαν
3783 1376 4025 1445 χαρίσηο

762 1448 940 1500 heret.
984 1446 1095 1500 lloc
1124 1459 1306 1500 autem
1338 1448 1559 1502 minime
1594 1449 1794 1502 factum
1843 1446 2059 1517 luisset,
2105 1447 2208 1501 nisi
2235 1448 2332 1501 de-

2434 1480 2539 1516 ται.
2571 1464 2687 1516 Οὐκ
2720 1464 2786 1517 ἂν
2810 1464 2866 1517 δὲ
2897 1465 3057 1518 τοῦτο
3085 1466 3336 1533 ἐγένετο,
3368 1468 3415 1518 εί
3444 1466 3519 1537 μὴ
3550 1467 3796 1528 καταϐὰς
3826 1466 4023 1517 τοῦτον

764 1537 1034 1589 scendens
1061 1552 1127 1589 eo
1160 1552 1268 1605 quo
1298 1538 1500 1606 suscipi
1535 1546 1749 1607 poterat
1785 1538 1944 1592 modo
1973 1578 1987 1601 ,
2043 1539 2096 1591 in
2132 1546 2330 1590 terram

2434 1554 2521 1605 τὸν
2566 1555 2789 1624 τρόπον,
2819 1557 3080 1628 ἐπεδήμει
3126 1561 3191 1628 τῇ
3234 1562 3327 1627 γῇ,
3359 1558 3483 1611 καθ’
3508 1558 3567 1609 ὃν
3600 1558 3835 1626 ἠδύνατο
3863 1557 4023 1625 δέχε-

762 1627 1104 1689 advenisset;
1156 1628 1365 1683 scilicet
1395 1630 1448 1682 in
1482 1645 1666 1696 carne,
1721 1646 1883 1699 quam
1925 1629 2203 1699 caliginem
2237 1628 2331 1681 sub

2435 1646 2580 1710 σθαι,
2606 1648 2886 1700 τουτέστιν
2916 1627 2979 1701 ὲν
3002 1627 3188 1720 σαρκὶ,
3220 1652 3414 1721 ἥντινα
3460 1654 3691 1720 γνόρον
3720 1650 3847 1705 ὑπὸ
3882 1651 4025 1713 τοὺς

764 1718 982 1787 pedibus
1020 1719 1333 1788 appellavit.

2436 1738 2625 1804 πόδας
2649 1739 2928 1795 ἐκάλεσε.

1251 1829 1571 1885 PSALMUS
1608 1830 1825 1886 XXXII.

2993 1854 3287 1907 ΨΔΛΜΟΣ
3326 1853 3448 1908 ΛΒ’.

839 1916 1002 1973 Vens.
1028 1918 1081 1972 5.
1127 1937 1145 1969 ι
1187 1918 1368 1990 Diligit
1390 1921 1818 1975 misericordiam
1847 1932 1902 1975 et
1924 1920 2205 1990 judicium.
2240 1938 2259 1970 ι

2510 1962 2528 1993 ι
2552 1943 2767 2014 Ἀγαπᾷ
2794 1944 3167 2014 ἐλεημοσύνην
3196 1946 3292 1998 καὶ
3327 1946 3529 2014 κρίσιν.
3564 1963 3583 1996 ι

830 2009 1253 2064 Misericordia»:
1281 2020 1439 2065 vocat
1475 2012 1861 2082 benignitatem
1887 2052 1900 2074 ,
1936 2027 2097 2080 quam
2128 2010 2332 2079 judicio

2517 2009 2963 2101 Ἠλὼμοσύνην·
2989 2035 3087 2106 τὴν
3115 2009 3524 2102 ιριλανθρωπίαν
3573 2034 3759 2103 λέγει,
3806 2037 3878 2105 ἣν
3928 2036 4025 2101 τῆς

764 2111 1048 2170 propterea
1067 2117 1168 2170 pra
1180 2103 1380 2169 posuit,
1403 2102 1547 2168 quod
1570 2100 1709 2155 Deus
1730 2103 1961 2172 primum
1981 2102 2330 2172 benignitate,

2435 2123 2667 2193 κρίσεως
2686 2100 2786 2176 ista
2814 2123 2974 2177 τοῦτο
3004 2100 3326 2194 προέταξεν,
3370 2127 3493 2177 ἐπεὶ
3528 2100 3771 2195 προτέρᾳ
3802 2100 3875 2194 τῇ
3908 2100 4027 2191 φιλ-

763 2208 827 2244 ac
860 2194 1061 2246 deinde
1087 2193 1295 2262 judicio
1325 2204 1507 2247 utatur
1536 2194 1588 2246 in
1616 2208 1711 2248 eos
1741 2193 1832 2262 qui
1864 2193 1920 2247 in
1952 2204 2177 2263 peccato
2212 2210 2332 2263 per-

2435 2212 2718 2282 ανθρωπίᾳ
2749 2214 2778 2265 ὁ
2806 2213 2959 2279 Θεὸς,
2989 2193 3124 2283 μετὰ
3148 2214 3203 2266 δὲ
3236 2213 3411 2266 ταῦτα
3438 2216 3504 2283 τῇ
3536 2193 3717 2285 κρίσει
3748 2193 4024 2285 κέχρηται

762 2293 1037 2337 severam.

2436 2304 2578 2356 κατὰ
2607 2304 2714 2355 τῶν
2746 2305 3149 2374 ἐπιμεινάντων
3182 2308 3248 2375 τῇ
3278 2307 3545 2376 ἁμαρτίᾳ.

837 2374 1000 2429 Vens.
1039 2378 1091 2429 7.
1138 2394 1156 2427 ι
1181 2376 1528 2447 Congregans
1557 2377 1697 2432 sicut
1733 2386 1907 2431 utrem
1934 2394 2123 2448 aquas.
2148 2397 2169 2432 ι

2509 2411 2528 2443 ι
2561 2394 2816 2463 Συνάγων
2840 2395 2971 2448 ὡσεὶ
3002 2396 3172 2450 ἀσκὸν
3205 2374 3409 2451 ὕδατα.
3430 2416 3446 2447 ι

831 2464 1069 2535 Abyssos
1096 2480 1223 2518 vero
1254 2465 1391 2519 dicit
1418 2482 1679 2534 aquarum
1712 2469 2137 2532 multitudinem,
2172 2483 2333 2537 quam

764 2556 819 2609 in
850 2556 1050 2611 abditis
1079 2558 1182 2610 sub
1210 2567 1409 2611 terram
1454 2558 1587 2612 locis
1620 2559 1943 2624 collocavit,
1995 2569 2054 2615 ut
2086 2560 2246 2614 etiam
2278 2560 2332 2613 in

765 2649 872 2701 hoc
898 2648 1169 2718 sapientia
1198 2649 1318 2716 ejus
1345 2649 1660 2703 admiranda
1686 2651 1757 2703 sit
1791 2669 1804 2703 :
1834 2651 2100 2720 siquidem
2128 2652 2332 2704 aridam

764 2754 928 2807 super
969 2740 1253 2795 humidum
1285 2742 1572 2807 fundavit,
1620 2742 1907 2812 effecitque
1960 2753 2018 2797 ut
2066 2760 2096 2797 a
2135 2744 2334 2797 leviore

765 2831 980 2900 gravior
1013 2842 1339 2901 portaretur.

2515 2490 2812 2553 Ἀϐύσσους
2853 2491 2910 2544 δὲ
2952 2490 3020 2544 τὰ
3062 2491 3242 2562 πλήθη
3277 2490 3385 2544 τῶν
3417 2490 3627 2544 ὑδάτων
3663 2490 3839 2558 λέγει,
3880 2489 4028 2559 ἅπερ

2434 2584 2492 2634 ἐν
2527 2582 2867 2654 ἁποκρύφοις
2913 2582 3020 2634 ὑπὸ
3066 2582 3165 2653 τὴν
3206 2583 3311 2649 γῆν
3350 2585 3378 2635 ὁ
3406 2582 3753 2652 Δημιουργδς
3802 2581 4028 2645 ἔταξεν,

2433 2669 2573 2724 ὥστε
2602 2671 2857 2725 καὶκατὰ
2878 2670 3034 2724 τοῦτο
3061 2671 3160 2740 τὴν
3190 2671 3356 2724 αὑτοῦ
3389 2674 3583 2738 σοφίαν
3618 2672 4027 2740 θαυμάζεσθαι.

2435 2762 2600 2815 Ὥστε
2634 2762 2730 2833 τὴν
2760 2762 2930 2835 ξηρὰν
2970 2765 3154 2817 ἐπάνω
3180 2764 3279 2832 τῆς
3309 2765 3482 2833 ὑγρᾶς
3514 2763 3852 2833 ὲθεμελίωσε
3876 2806 3893 2828 ,
3931 2766 4031 2815 καὶ

2435 2854 2495 2907 τὸ
2542 2855 2681 2925 βαρὺ
2732 2856 2838 2909 ὑπὸ
2878 2854 2974 2909 τοῦ
3023 2856 3393 2928 ὲλαφροτέρου
3447 2855 3817 2926 βαστάζεσθαι
3863 2857 4034 2909 δέδω-

2436 2963 2548 3000 κεν.

834 3007 996 3061 Vens.
1028 3009 1114 3063 l6.
1161 3028 1179 3060 ι
1216 3011 1334 3065 Νοη
1364 3013 1602 3066 salvatur
1632 3029 1723 3067 rex
1764 3030 1861 3084 per
1898 3014 2121 3069 multam
2160 3015 2332 3070 virtu-

2512 3059 2531 3091 ι
2561 3041 2635 3092 Οὐ
2679 3039 2910 3103 σώζεται
2942 3038 3201 3109 βασιλεὺς
3228 3038 3315 3092 διὰ
3343 3038 3543 3111 πολλὴν
3570 3038 3823 3108 δύναμιν.
3850 3058 3872 3091 ι

767 3108 895 3152 ιθΙΙΙ.
932 3117 950 3149 l

836 3191 896 3243 ln
941 3206 1141 3244 vanum
1172 3191 1338 3262 igitur
1374 3193 1621 3261 corporis
1670 3194 1837 3248 robur
1878 3195 2015 3250 adeo
2053 3211 2329 3263 curamus,

2508 3219 2672 3271 Ὥστε
2707 3218 2885 3287 μάτην
2919 3216 3036 3286 τῆςι
3065 3214 3161 3268 τοῦ
3210 3214 3462 3284 σώματος
3498 3214 3681 3284 ἰσχύος
3725 3212 4036 3282 ὲπιμελούο

767 3293 973 3337 temere
1006 3298 1137 3338 vero
1173 3285 1473 3354 potentiam
1511 3286 1580 3339 ab
1619 3284 1905 3352 aﬂinibus,
1938 3289 2128 3344 amicis
2156 3302 2213 3344 et
2237 3306 2332 3360 pe-

2439 3309 2600 3381 μεθα,
2637 3284 2760 3379 εἰκῆ
2812 3284 2869 3360 δὲ
2914 3284 3145 3377 δύναμιν
3183 3307 3397 3369 ἑαυτοῖς
3444 3306 3543 3376 τὴν
3573 3306 3681 3358 ἀπὸ
3716 3306 4035 3372 συγγενῶν,

766 3374 947 3428 cuniis
996 3374 1098 3443 ipsi
1157 3375 1311 3429 nobis
1341 3377 1729 3433 vindicamus:
1770 3395 1899 3433 nam
1947 3382 2083 3436 nihil
2136 3393 2332 3452 praeter

2436 3374 2532 3454 καὶ
2562 3374 2759 3468 φίλων,
2787 3399 2879 3451 καὶ
2908 3374 3142 3451 πλούτου
3172 3374 3576 3466 περιϐάλλομεν
3601 3413 3615 3425 ο
3649 3397 3810 3449 οὐδὲν
3839 3397 4042 3465 ἕτερον

766 3466 984 3519 coalitus
1009 3467 1235 3521 missum
1255 3468 1512 3522 auxilium
1536 3485 1753 3524 servare
1776 3487 1877 3525 nos
1899 3483 2097 3542 potest.
2133 3476 2332 3529 Exem-

2436 3491 2545 3562 γὰρ
2576 3466 2747 3543 σῶσαι
2776 3488 2897 3558 δίχα
2929 3489 3027 3557 τῆς
3054 3489 3377 3555 συνεργείας
3411 3485 3509 3556 τῆς
3536 3486 3743 3539 ἄνωθεν
3771 3486 4038 3540 δύναται.

767 3557 914 3624 plum
946 3571 1102 3608 sume
1133 3572 1163 3610 a
1193 3557 1408 3612 Goliath
1444 3570 1498 3613 et
1532 3577 1562 3613 a
1592 3559 1894 3617 Pharaone.
1930 3564 2025 3618 Ille
2070 3566 2217 3619 enim
2258 3567 2332 3637 gi-

2448 3557 2785 3651 Ὕπόδειγμα
2829 3557 2886 3634 δὲ
2929 3581 3022 3633 τὸν
3053 3579 3245 3633 Γολιὰθ
3278 3579 3373 3632 καὶ
3404 3580 3495 3630 τὸν
3521 3576 3721 3646 Φαραὼ
3750 3577 4038 3647 λάμὸανε.

766 3662 879 3714 gas,
897 3646 1309 3703 robustissimus
1340 3664 1463 3704 cum
1481 3661 1649 3717 esset,
1678 3668 1707 3706 a
1736 3654 1967 3722 simplici
1988 3671 2158 3724 puero
2173 3657 2332 3711 David

2449 3675 2507 3728 '0
2537 3676 2634 3744 μὲν
2663 3646 2823 3740 γίγας
2863 3673 3124 3742 ὑπάρχων
3151 3670 3389 3740 ἰσχυρὸς,
3408 3670 3516 3721 ἀπὸ
3539 3669 3633 3721 τοῦ
3654 3646 4040 3721 Δαῶδνὰπλοῦ

769 3736 926 3789 facile
960 3747 1249 3806 superatus
1306 3739 1453 3795 fuit:
1499 3742 1587 3796 hie
1638 3743 1889 3799 lsraelem
1938 3746 2172 3799 maxima
2211 3764 2332 3802 cur-

2440 3736 3080 3836 arat-Sapiou-vavixn't‘ui'
3120 3764 3148 3815 ὁ
3280 3736 3425 3831 ,μετὰ
3473 3759 3712 3829 πλήθους
3757 3761 4037 3830 ἁρμάτων

768 3843 926 3880 ruum
978 3836 1033 3882 et
1080 3843 1346 3897 equorum
1392 3833 1741 3888 multitudine
1773 3849 2134 3905 persecutus,
2189 3854 2332 3893 mare

2437 3856 2531 3908 τὸν
2559 3833 2777 3924 Ἰσραὴλ
2804 3852 3002 3918 διώξας
3030 3851 3203 3920 τάφον
3233 3850 3358 3920 ἔσχε
3387 3849 3485 3919 τὴν
3508 3850 3811 3904 θάλασσαν.

770 3918 957 3972 habuit
986 3934 1083 3988 pro
1110 3922 1380 3990 sepulcro.

1258 4031 1574 4088 PSALMUS
1614 4035 1856 4091 XXXIII.

2996 4046 3290 4100 ΨΑΛΜΟΣ
3328 4046 3450 4097 ΛΓ¹.

839 4118 1000 4173 Vens.
1030 4120 1117 4173 12.
1160 4139 1178 4171 ‹
1211 4118 1423 4186 Venite,
1453 4123 1567 4186 lilii,
1597 4125 1781 4179 audite
1809 4142 1916 4181 me.
1942 4146 1961 4179 ι

2518 4159 2536 4191 ι
2565 4138 2751 4203 Δεῦτε,
2792 4138 2983 4203 τέκνα,
3014 4136 3285 4190 ἀκούσατέ
3318 4153 3442 4205 μου.
3472 4155 3490 4186 ι

843 4210 1021 4264 Venite
1049 4210 1202 4273 dicit,
1242 4220 1351 4265 tam
1402 4213 1468 4267 iis
1497 4214 1589 4284 qui
1622 4230 1791 4285 prope
1833 4227 2000 4282 sunt,
2060 4234 2223 4288 quam
2271 4221 2332 4275 iis

2511 4232 2710 4297 Δεῦτε,
2741 4230 2891 4297 λέγει
2916 4231 3027 4293 τοῖς
3063 4230 3253 4297 ἐγγὺς,
3286 4228 3516 4290 καὶτοῖς
3540 4225 3853 4296 πόρρωθεν,
3896 4227 3969 4279 ἶν’
3994 4228 4044 4279 οἱ

768 4302 863 4371 (ιιιί
893 4301 1082 4371 procul
1138 4302 1380 4365 absunt,
1462 4312 1523 4356 ut
1588 4304 1641 4357 hi
1704 4306 1925 4375 quidem
1979 4308 2071 4377 qui
2141 4312 2332 4365 remoti

2443 4327 2541 4396 μὲν
2574 4325 2791 4395 μακρὰν
2820 4325 3140 4393 ὲγγίσωσιν,
3163 4324 3215 4376 οῑ
3235 4322 3292 4375 δὲ
3314 4322 3480 4390 ἐγγὺς
3507 4320 3808 4390 ἐγγύτερον
3832 4322 4047 4388 γένων-

770 4404 929 4460 sunt,
994 4394 1218 4465 prOpius
1269 4394 1569 4461 accedant;
1656 4396 1731 4449 illi
1796 4413 1924 4451 vero
1984 4414 2050 4453 ex
2111 4401 2332 4469 propiu-

2451 4432 2551 4479 ται,
2584 4414 2830 4486 ὑπακοὴν
2859 4416 2934 4475 ὡς
2961 4413 3133 4484 πατρὶ
3161 4413 3239 4483 τῷ
3259 4412 3379 4482 Θεῷ
3408 4411 3913 4482 προσκομίζοντες,
3946 4412 4048 4464 καὶ

769 4487 913 4555 quis,
950 4486 1363 4555 propiuquiores
1398 4485 1550 4549 ﬁant,
1588 4486 1698 4540 Deo
1733 4496 1989 4557 tanquam
2033 4491 2169 4559 patri
2202 4492 2332 4546 obe-

2448 4510 2609 4577 φόὸον
2648 4485 2796 4561 θεῖον
2832 4506 3189 4577 διδαχθῶσιν,
3224 4503 3545 4573 ἀπαλλαγὴν
3586 4503 3682 4556 τοῦ
3718 4504 3902 4571 φόϐου
3936 4504 4048 4555 τῶν

770 4576 1019 4632 dientes.
1080 4584 1135 4629 et
1183 4574 1424 4629 divinum
1484 4576 1731 4630 timorem
1783 4579 2118 4645 doceantur,
2176 4581 2265 4649 qui
2311 4597 2332 4635 a

2446 4574 2714 4669 δαιμόνων
2745 4574 3075 4670 παρέχοντα,
3104 4598 3227 4651 ὅθεν
3267 4596 3546 4667 ἐπιφέρει·
3581 4598 3777 4649 Φόϐον
3810 4597 4047 4664 Κυρίου

770 4668 1082 4720 daemonum
1102 4676 1310 4722 terrore
1339 4668 1551 4721 liberat.
1577 4667 1734 4722 Unde
1756 4669 2062 4741 sulijungit:
2085 4671 2332 4726 Timorem

2444 4667 2664 4755 διδάξω
2687 4667 2861 4759 ὑμᾶξ.

773 4759 981 4813 Domini
1010 4759 1198 4812 docebo
1220 4776 1329 4812 vos.

1225 4872 1549 4929 PSALMUS
1592 4873 1834 4929 XXXIV.

3007 4883 3302 4937 ΨΑΛΜΟΣ
3340 4882 3460 4936 AA’.

847 4980 865 5013 ι
900 4960 1150 5015 Psalmus
1179 4962 1277 5032 ipsi
1314 4963 1504 5017 David.
1543 4982 1560 5014 ι

2528 4999 2546 5029 ι
2576 4976 2805 5046 Ψαλμδς
2835 4976 2915 5045 τῷ
2946 4975 3129 5031 Δαϐίδ.
3161 4994 3180 5025 ι

840 5052 1041 5121 Aperta
1076 5052 1293 5121 quidem
1346 5062 1429 5107 est
1475 5055 1665 5123 psalmi
1698 5056 1862 5128 hujus
1890 5060 2174 5130 inscriptio
2203 5079 2217 5114 :
2246 5060 2332 5113 sed

2523 5070 2667 5139 Δήλη
2716 5068 2813 5137 μὲν
2864 5068 2894 5136 ἡ
2940 5064 3222 5137 ἐπιγραφὴ
3258 5065 3353 5117 τοῦ
3383 5062 3597 5133 ψαλμοῦ
3618 5077 3632 5092 ·
3667 5062 3749 5125 είς
3782 5063 3964 5114 Δαδὶδ
3993 5062 4044 5113 δὲ

772 5145 825 5198 in
890 5143 1147 5198 Davidem
1200 5145 1359 5199 simul
1415 5146 1712 5214 spiritalem
1755 5150 2037 5205 referenda
2076 5161 2195 5217 est,
2248 5152 2332 5221 qui

2452 5160 2598 5229 ὅμως
2629 5152 2720 5223 τὸν
2753 5157 2942 5227 νοητὸν
2971 5158 3324 5227 ἀναφέρεται,
3347 5156 3405 5218 ὃς
3435 5156 3529 5207 καὶ
3562 5153 3888 5223 προσευχῆς
3916 5155 4047 5207 ὑπτι-

770 5234 935 5286 etiam
974 5233 1143 5286 verba
1177 5235 1503 5302 preCationis
1527 5235 1745 5301 format,
1783 5255 1902 5307 qua:
1940 5256 2046 5293 non
2082 5241 2332 5294 divinita-

2454 5252 2697 5320 κρίνεται
2753 5252 2993 5319 ῥήματα,
3024 5250 3085 5300 οὐ
3119 5251 3182 5317 τῇ
3219 5247 3345 5317 ἀξίᾳ
3388 5246 3562 5318 ταύτῃ
3604 5244 3705 5313 τῆς
3754 5244 4041 5315 θεότητος,

772 5324 843 5377 tis
873 5323 1081 5376 ratione
1106 5362 1122 5386 ,
1179 5326 1273 5377 sed
1323 5336 1613 5394 assumptio
1644 5329 1823 5383 carnis
1854 5330 2157 5385 humilitate
2191 5332 2332 5386 :esti-

2456 5339 2591 5391 ἀλλὰ
2618 5342 2684 5408 τῇ
2714 5337 3038 5390 ταπεινώσει
3067 5339 3162 5405 τῆς
3196 5336 3291 5389 ἀνθ
3301 5336 3613 5407 ρωπότητος
3639 5335 3925 5404 προσήκει
3966 5335 4044 5386 λοι

772 5414 969 5466 manda
1001 5423 1146 5468 sunt.
1180 5414 1314 5468 Cum
1342 5417 1488 5470 enim
1522 5420 1870 5488 semetipsum
1897 5433 2172 5492 assumpta
2196 5422 2332 5477 servi

2455 5427 2726 5495 γίζεσθαι.
2754 5426 2815 5478 Εἰ
2850 5425 2958 5494 γὰρ
2984 5424 3352 5478 ἐταπείνωσεν
3383 5424 3574 5477 ἑαυτὸν
3609 5422 3829 5491 μορφὴν
3852 5423 4040 5475 δούλου

772 5503 944 5558 forma
990 5504 1354 5560 hnmiliaverit
1379 5547 1392 5569 ,
1429 5524 1535 5561 non
1569 5510 1667 5564 abs
1703 5526 1759 5564 re
1791 5514 2061 5581 passionis
2096 5524 2332 5583 tempore

2456 5517 2658 5581 λαϐὼν,
2692 5516 2919 5578 εἰκότως
2945 5517 3003 5569 ὲν
3040 5516 3119 5585 τῷ
3156 5515 3333 5587 καιρῷ
3366 5514 3459 5567 τοῦ
3493 5514 3697 5576 πάθους
3731 5516 4042 5585 προσεύχε-

771 5604 891 5649 orat
944 5606 999 5648 et
1030 5611 1135 5650 una
1172 5597 1223 5650 in
1256 5599 1642 5657 afﬂictionibus
1665 5606 1974 5661 constitutis
2001 5607 2187 5661 orandi
2230 5607 2332 5662 for-

2453 5629 2563 5672 ται,
2597 5608 2731 5679 ὁμοῦ
2782 5609 2874 5661 καὶ
2926 5607 3323 5680 προσεύχεσθαι
3372 5607 3639 5661 διδάσκων
3671 5609 3732 5660 ὲν
3773 5610 3907 5672 ταῐς
3933 5607 4041 5660 θλί-

774 5702 916 5742 rnam
952 5689 1273 5757 praescribit.
2451 5700 2595 5774 ψεσι.

842 5823 863 5855 ⁷
885 5822 1073 5878 Matth.
1108 5843 1192 5892 sv,
1225 5827 1279 5881 Η
1312 5846 1324 5894 ;
1355 5827 1515 5884 Marc.
1545 5847 1640 5900 vn,
1670 5832 1756 5886 l5.
