4158 6450
150 400 279 464 1189

219 532 237 563 ι
266 513 518 574 Δίκασον,
547 510 742 579 Κύριε.
779 526 796 558 ι

211 602 348 664 Τοὺς
384 602 479 671 μὲν
513 600 832 661 ἀδικοῦντας
867 597 1158 659 Ἰουδαίους
1193 596 1362 665 λέγει,
1391 597 1656 666 δαίμονας
1675 598 1731 650 δὲ

143 695 264 754 τοὺς
287 692 660 760 πολεμοῦντας
682 707 695 717 ·
724 690 924 750 οἵτινες
953 689 1018 741 δι’
1041 690 1074 758 ὴ
1085 689 1192 758 μᾶς
1224 689 1316 741 τὸν
1333 689 1571 758 Χριστὸν
1602 689 1731 740 ἐπο-

143 785 406 852 λέμησαν.
434 783 670 845 Τούτους
701 782 1100 852 πολεμηθῆναι,
1134 782 1384 863 τουτέστι
1447 799 1730 854 καταργη-

146 877 323 948 θῆναι,
355 876 630 945 βούλεται.

220 988 240 1020 ο
261 967 494 1020 Ἐλθέτω
523 964 673 1035 αὐτῷ
699 966 865 1033 παγὶς
896 965 962 1036 ἢν
988 965 1050 1018 ού
1078 965 1358 1033 γινώσκει.
1391 985 1409 1018 ι

215 1063 308 1124 Εἰς
344 1061 547 1113 Ἰούδαν
572 1061 665 1113 τὸν
699 1060 970 1130 προδότην
995 1057 1174 1121 τοῦτο,
1203 1058 1340 1112 ἀλλὰ
1374 1059 1482 1130 μὴν
1528 1059 1621 1110 καὶ
1653 1061 1732 1122 εἰς

143 1154 234 1206 τὸν
265 1153 392 1207 λαὸν
417 1154 525 1206 τῶν
560 1153 855 1214 Ἰουδαίων,
880 1152 960 1204 ἔτι
988 1151 1044 1203 δὲ
1073 1153 1168 1204 καὶ
1201 1154 1280 1214 είς
1310 1151 1474 1203 αὑτὸν
1502 1151 1594 1203 τὸν
1621 1151 1733 1205 διάο

147 1247 307 1299 ϐολον
341 1247 576 1316 εἴρηται.
594 1246 654 1298 '0
679 1246 777 1315 μὲν
802 1245 912 1314 γὰρ
944 1243 1144 1306 Ἰούδας
1173 1245 1252 1305 εἰς
1281 1243 1376 1314 τὴν
1409 1243 1610 1320 παγίδα
1634 1244 1734 1313 τῆς

149 1339 390 1409 ἀγχόνης
420 1339 676 1391 ἐνέπεσεν
698 1354 710 1366 ·
767 1339 795 1389 6
842 1338 899 1390 δὲ
928 1337 1058 1391 λαὸς
1086 1337 1194 1388 τῶν
1232 1337 1525 1400 Ἰουδαίων,
1559 1354 1732 1404 παγι-

143 1429 322 1480 δεύειν
354 1429 602 1497 νομίσας,
627 1425 998 1494 παγιδεύεται,
1033 1425 1125 1478 καὶ
1151 1425 1255 1476 ὑπὸ
1284 1425 1384 1493 τὴν
1413 1424 1578 1477 αὐτοῦ
1604 1442 1732 1477 συνο

142 1521 353 1590 ἐλήφθη
393 1521 585 1589 θήραν.
621 1518 898 1578 Ὡσαύτως
927 1520 955 1569 ὁ
986 1516 1254 1580 διάϐολος,
1285 1515 1382 1586 τὴν
1415 1517 1620 1583 παγίδα
1638 1517 1732 1570 τοῦ

143 1611 382 1680 σταυροῦ
415 1611 742 1680 μελετήσας,
776 1609 864 1661 διὰ
895 1607 988 1661 τοῦ
1023 1607 1262 1677 σταυροῦ
1288 1607 1388 1677 τῆς
1417 1609 1610 1660 ἑαυτοῦ
1636 1608 1734 1677 βα-

140 1703 348 1765 σιλείας
382 1703 661 1765 ἐξέπεσεν.

218 1811 237 1843 ε
264 1792 717 1845 Ἀνταπεδίδοτάν
754 1809 846 1860 μοι
892 1790 1127 1860 πονηρά.
1159 1810 1177 1842 ι

1290 396 1758 458 FRAGMENTA
1802 398 1883 456 IN
1925 399 2287 459 PSALMOS.

3282 400 3417 466 1190

1911 506 2072 563 Vens.
2113 511 2163 564 l.
2214 508 2473 571 «Judica.
2512 509 2761 564 Domine.
2794 530 2812 560 ι

1906 599 2178 655 Nocentes
2194 601 2416 671 quidem
2445 601 2662 656 Iudaeos
2681 602 2962 673 intelligit;
2983 603 3264 658 dmmones
3288 619 3418 658 vero

1835 702 2214 763 oppugnantes
2235 731 2250 752 ,
2291 692 2384 761 qui
2436 702 2662 762 propter
2687 707 2787 747 nos
2814 692 3092 748 Christum
3131 707 3417 764 oppugna-

1834 784 1985 838 bant.
2026 784 2133 839 llos
2158 785 2479 856 expugnari,
2518 786 2622 839 hoc
2645 795 2728 840 est
2756 826 2771 850 ,
2813 800 3004 840 eorum
3033 795 3266 841 conatus
3293 783 3388 840 irri

1837 883 1921 928 tos
1953 874 2069 928 ﬁeri
2101 875 2271 944 cupit.

1904 961 2073 1018 Vens.
2107 965 2160 1018 8.
2209 984 2228 1016 ‹
2268 965 2466 1020 Veniat
2497 966 2571 1020 illi
2604 966 2829 1036 laqueus
2853 981 3016 1036 quem
3047 966 3282 1036 ignorat.
3321 986 3342 1020 ι

1907 1053 1964 1107 In
1993 1052 2186 1108 Judam
2228 1057 2601 1124 proditorem,
2651 1072 2863 1110 necnon
2925 1057 2980 1110 in
3016 1057 3279 1125 p0pulum
3321 1055 3418 1112 Ju-

1836 1143 2100 1209 dazorum,
2123 1155 2284 1215 atque
2309 1148 2535 1218 insuper
2561 1149 2615 1202 in
2647 1148 2924 1202 diabolum
2954 1148 3155 1216 ipsum,
3193 1147 3297 1201 hoc
3334 1148 3418 1203 di-

1835 1243 1984 1288 ctum
2010 1245 2114 1290 est.
2157 1236 2291 1290 Nam
2313 1235 2482 1292 .Iudas
2500 1240 2721 1308 quidem
2756 1240 2812 1293 in
2844 1241 3096 1310 laqueum
3128 1243 3250 1298 colli
3285 1243 3417 1296 inci-

1836 1327 1915 1381 dit
1946 1347 1957 1380 :
1999 1330 2230 1398 populus
2260 1345 2391 1384 vero
2419 1330 2753 1397 Judzeorum,
2779 1347 2905 1385 cum
2934 1333 3228 1402 illaquearc
3257 1345 3416 1403 puta-

1837 1428 1940 1484 ret,
1970 1420 2314 1489 illaqueatur,
2341 1433 2395 1476 et
2419 1437 2514 1476 sua
2539 1423 2710 1492 ipsius
2743 1433 2970 1493 captura
2991 1426 3418 1496 comprehensus

1836 1520 1939 1565 est.
1969 1512 2236 1565 Similiter
2256 1529 2474 1583 quoque
2503 1515 2772 1579 diabolus,
2803 1531 2930 1569 cum
2960 1516 3214 1586 laqueum
3237 1517 3417 1572 crucis

1836 1602 2220 1672 excogitasset,
2249 1619 2347 1674 per
2373 1619 2592 1659 crucem
2615 1621 2783 1676 regno
2811 1621 2912 1660 suo
2947 1606 3167 1660 excidit.

1908 1783 2073 1840 Vens.
2103 1787 2192 1839 12.
2240 1804 2258 1837 ι
2289 1783 2686 1838 Retribuehant
2719 1785 2851 1838 mihi
2893 1786 3057 1839 mala.
3089 1805 3107 1837 ι

230 1882 442 1953 Ἐαυτῷ
470 1883 579 1954 γὰρ
604 1884 706 1954 τὴν
737 1883 847 1934 τῶν
875 1881 1146 1934 Ἰουδαίων
1167 1881 1474 1951 ἀκαρπίαν,
1493 1879 1569 1944 ὡς
1589 1880 1727 1933 οίκο·

1903 1875 2218 1930 Judaaorum
2249 1876 2396 1928 enim
2424 1875 2767 1929 sterilitatem
2802 1875 2906 1930 sibi
2959 1877 3062 1946 ipsi
3086 1877 3412 1944 ascribebat,

135 1973 410 2043 δεσπότης
437 1977 530 2025 καὶ
557 1973 827 2044 γεωργὸς,
860 1972 1158 2040 ἐλογίζετο.

217 2084 236 2117 r
265 2067 352 2128 Ὠς
380 2066 632 2135 πλησίον,
667 2066 764 2119 καὶ
792 2066 865 2128 ὠς
894 2065 1142 2134 ἀδελφόν.
1179 2083 1196 2115 ο

212 2159 326 2226 Τὴν
361 2161 496 2227 πρὸς
522 2158 612 2210 τὸν
648 2157 851 2209 Ἰούδαν
886 2157 1034 2224 λέγει
1064 2155 1432 2226 συμπάθειαν,
1465 2155 1613 2218 ὅπως
1637 2155 1735 2206 αύ-

136 2248 217 2317 τῷ
252 2249 346 2301 καὶ
372 2249 432 2301 τὸ
453 2249 844 2317 γλωσσόκομον
873 2246 1189 2315 βαστάζειν,
1221 2248 1316 2300 καὶ
1345 2247 1505 2316 μόνον
1529 2246 1735 2316 συμϐά-

138 2359 298 2392 πτειν
340 2341 418 2403 είς
455 2339 710 2409 τρυϐλίον
747 2340 1072 2409 ἐπέτρεψεν,
1105 2339 1180 2401 ὡς
1210 2338 1440 2406 ἀδελφὸν
1468 2340 1565 2391 καὶ
1595 2338 1733 2408 πλη-

139 2435 278 2486 σίον.
309 2433 561 2501 Ἀδελφὸς
596 2432 929 2503 εύαρεστῶν,
973 2433 1253 2484 τουτέστιν
1284 2432 1534 2501 ἀρέσκων
1561 2430 1729 2500 αύτῷ,

137 2528 234 2577 καὶ
262 2524 440 2586 καλῶς
467 2527 524 2576 ἐν
553 2523 724 2577 ἅπασι
755 2523 1059 2593 χρώμενος.

221 2634 238 2666 ι
283 2615 611 2685 Ἐπείρασάν
666 2633 774 2685 με,
830 2615 1272 2686 ἐξεμυκτήρισάν
1328 2633 1397 2685 με
1459 2632 1729 2686 μυκτηρι-

140 2710 286 2779 σμῴ.
323 2728 340 2759 ι

216 2805 376 2865 Ἴσως
414 2803 514 2871 μὲν
541 2803 637 2854 καὶ
665 2802 793 2864 τοὺς
824 2801 1046 2863 ὀδόντας
1073 2799 1130 2863 ἐξ
1159 2799 1446 2869 ὠμότητος
1476 2801 1726 2872 εὸρυχον,

152 2893 438 2963 μονονουχὶ
495 2893 770 2962 μάσασθαι
819 2893 910 2944 τδν
956 2891 1162 2960 Ἰησοῦν
1209 2891 1546 2961 βουλόμενοι.
1586 2894 1730 2962 Πλὴν

144 2985 393 3054 βρυγμὸς
439 2984 670 3037 ὀδόντων
714 2985 810 3036 καὶ
854 2986 885 3045 ὴ
921 2986 1090 3037 κακία
1120 2985 1152 3053 ἡ
1181 2985 1239 3034 ἐν
1280 2985 1458 3052 λόγοις
1489 2984 1726 3050 λέγεται.

138 3080 248 3130 Τὸν
279 3077 499 3147 Πατέρα
529 3073 625 3129 οὖν
652 3076 903 3129 ἐϐούλετο
931 3076 1186 3146 μάρτυρα
1215 3077 1356 3129 κατά
1384 3077 1491 3128 τῶν
1522 3077 1602 3139 είς
1635 3078 1730 3129 αύ-

1837 1978 2095 2038 tanquaut
2127 1968 2517 2038 paterfamilias
2545 1977 2600 2023 et
2625 1971 2876 2040 agricola.

1909 2061 2075 2114 Vens.
2106 2060 2192 2114 l4.
2243 2080 2260 2110 ι
2290 2060 2454 2126 Quasi
2490 2064 2821 2130 proximum,
2853 2070 2908 2115 et
2936 2062 3093 2131 quasi
3117 2062 3358 2118 fratrem.
3393 2083 3412 2115 ι

1903 2149 2176 2205 All‘ectum
2206 2152 2259 2204 in
2279 2151 2475 2206 ludam
2497 2153 2756 2218 ostendit,
2788 2164 2849 2208 ut
2874 2154 3052 2208 eidem
3077 2156 3415 2225 marsupium

1835 2241 2212 2307 concrederet,
2233 2252 2286 2296 et
2305 2257 2427 2296 eum
2466 2243 2641 2297 solum
2678 2259 2899 2298 manum
2928 2245 3198 2316 intiugere
3228 2262 3416 2302 secum

1836 2333 1889 2386 in
1939 2334 2143 2398 catino,
2172 2349 2273 2389 ceu
2305 2333 2528 2389 fratrem
2577 2343 2634 2390 et
2672 2337 3002 2406 proximum,
3047 2339 3412 2408 permitteret.

1836 2425 2024 2480 Frater
2050 2428 2415 2496 complacens,
2468 2428 2522 2482 id
2550 2437 2653 2493 est,
2711 2429 2932 2498 placens
2967 2430 3042 2484 illi
3080 2431 3282 2486 dicitur
3308 2475 3323 2498 ,
3359 2445 3416 2488 et

1834 2517 1954 2587 ejus
1982 2533 2148 2587 opera
2182 2519 2236 2571 in
2268 2520 2528 2575 omnibus
2560 2528 2739 2575 utens.

1905 2610 2070 2664 Vens.
2095 2611 2183 2665 16.
2231 2631 2250 2663 ι
2281 2612 2652 2668 Tentaveruut
2680 2629 2788 2678 me,
2819 2615 3296 2672 subsannaverunt
3322 2632 3413 2673 me

1835 2703 2286 2756 suhsannatione.
2325 2722 2342 2753 ι

1906 2793 2177 2849 Fortassis
2205 2797 2369 2850 etiam
2397 2813 2460 2851 ex
2495 2796 2832 2852 immanitate
2870 2798 3126 2854 dentibus
3150 2799 3410 2855 frenduc-

1834 2896 1983 2948 runt,
2018 2894 2344 2941 tantumnon
2379 2888 2564 2942 Jesum
2628 2889 2886 2943 mandere
2936 2890 3201 2945 νυΙθηιθε.
3238 2890 3413 2946 (ἔπειθε

1834 2997 1955 3034 rqu
1979 2982 2182 3035 stridor
2212 2983 2460 3036 dentium
2493 2982 2657 3036 etiam
2683 2983 2886 3037 malitia
2920 3000 3237 3039 sermonum
3266 3001 3410 3040 nun-

1832 3081 2086 3141 cupatur.
2121 3072 2260 3126 Hinc
2301 3072 2513 3125 Patrem
2547 3083 2738 3127 testem
2793 3075 3012 3128 volebat
3064 3090 3187 3130 esse
3222 3087 3410 3130 contra

137 3172 232 3221 τὸν
262 3167 733 3238 βλασφημούντων
754 3169 1036 3238 ἐσόμενον.
1053 3167 1215 3221 Ὅθεν
1234 3168 1514 3237 ἐπιφέρειο
1531 3169 1723 3237 Κύριε,

1833 3178 1928 3214 eos
1957 3162 2049 3230 qui
2076 3163 2338 3215 adversus
2368 3161 2546 3230 ipsum
2580 3162 3056 3232 blasphemabant.
3090 3165 3248 3232 Unde
3276 3167 3410 3222 sub-

140 3264 289 3314 rrdts
331 3261 534 3329 ἐπόψῃ
553 3275 571 3323 ;

711 3370 1007 3424 ΨΛΛΜΟΣ
1040 3368 1165 3423 ΔΕ’.

219 3480 238 3512 ‹
270 3463 437 3530 Φησὶν
462 3461 490 3513 6
525 3461 844 3531 παράνομος
867 3461 961 3514 τοῦ
992 3461 1352 3532 ἁμαρτάνειν.
1388 3479 1406 3513 ι

216 3555 328 3622 UDX
370 3553 558 3615 ἁπλῶς
610 3554 946 3622 παράνομον,
984 3553 1121 3606 ἀλλά
1167 3553 1258 3606 τὸν
1307 3551 1608 3623 ὑποκριτὴν
1639 3553 1731 3606 καὶ

1824 3253 2010 3323 jungit
2034 3271 2047 3307 ;
2078 3253 2318 3320 Domine,
2355 3257 2568 3325 quando
2593 3255 2882 3322 respicies?

2321 3368 2643 3424 PSALMUS
2671 3368 2886 3422 XXXV.

1899 3455 2066 3512 Vens.
2097 3457 2151 3512 2.
2196 3477 2214 3509 ι
2244 3458 2389 3512 Dixit
2416 3459 2650 3529 injustus
2686 3469 2743 3513 ut
2771 3459 3070 3529 delinquat.
3101 3479 3122 3513 ι

1899 3545 2020 3601 Non
2065 3549 2386 3619 simpliciter
2420 3552 2709 3619 injustum,
2736 3551 2832 3605 sed
2863 3552 3200 3622 hypocritam
3227 3561 3285 3606 et
3314 3552 3411 3607 do-

137 3647 314 3696 δόλιον
346 3647 374 3696 ό
403 3644 619 3714 ψαλμὺς
652 3644 990 3707 ὑποτίθεται,
1015 3644 1105 3696 τὸν
1150 3643 1317 3697 πολὺν
1367 3646 1424 3696 ἐν
1471 3646 1535 3714 τῇ
1584 3644 1727 3715 ψυχῇ

1831 3639 2006 3692 losum
2049 3639 2137 3693 hic
2165 3640 2409 3709 psalmus
2434 3642 2716 3712 proponit,
2745 3657 2875 3696 eum
2908 3642 3119 3697 scilicet
3149 3645 3242 3712 qui
3275 3646 3411 3699 mul-

142 3735 408 3806 βόρϐορον
445 3736 793 3806 παρανομίας
821 3735 1032 3804 ἔχοντα,
1065 3736 1157 3788 καὶ
1191 3734 1278 3787 διὰ
1304 3734 1461 3788 τοῦτο
1501 3735 1728 3804 λέγοντα

137 3829 199 3877 ἐν
237 3826 416 3894 ἐαυτῷ
448 3825 541 3877 τοῦ
577 3826 916 3896 ἁμαρτάνειν
957 3825 1374 3895 ἀποτιθέμενον.
1409 3827 1506 3878 Διὰ
1550 3827 1604 3879 τί
1649 3827 1726 3893 δὲ,

135 3917 210 3965 ἐν
256 3915 469 3979 ἐαυτῷ,
518 3915 705 3983 λέγει;
771 3916 990 3985 Ἐπειδὴ
1041 3916 1215 3968 ταῦτα
1259 3915 1534 3984 λογίζεται
1585 3918 1729 3990 ἆπερ

139 4008 394 4077 φανερῶς
421 4011 595 4060 εἰπεῖν
619 4009 652 4079 ἢ
681 4007 927 4077 φοϐεῖται
975 4007 1008 4078 ἢ
1047 4009 1388 4077 αἰσχύνεται.

221 4210 240 4241 σ
267 4191 716 4260 Μεθυσθὴσονται
743 4191 850 4244 ἀπὸ
876 4191 1131 4263 πιότητος
1157 4193 1327 4246 οἴκου.
1354 4211 1372 4244 ι

213 4280 388 4348 Οἶκος
419 4283 514 4335 τοῦ
547 4283 705 4347 Θεοῦ,
733 4284 792 4335 τδ
832 4283 990 4354 σῶμα
1016 4284 1201 4347 αὐτοῦ,
1236 4285 1445 4352 πιότης
1483 4285 1541 4336 :6
1566 4284 1729 4355 ἐκχυ-

136 4376 234 4426 (ἐν
261 4376 368 4428 ἀπὸ
393 4375 493 4442 τῆς
527 4376 768 4443 πλευρᾶς
799 4370 939 4445 αἷμα
965 4376 1060 4428 καὶ
1083 4375 1247 4447 ὕδωρ,
1282 4377 1340 4440 ἐξ
1369 4371 1538 4446 οὗπερ
1565 4380 1610 4428 οἱ
1636 4395 1726 4428 πι-

137 4469 260 4520 στοὶ
294 4469 494 4530 πάντες
528 4467 702 4536 μέθην
742 4469 1011 4538 σωτήριον
1042 4467 1446 4539 ἐμεθύσθημεν.
1479 4470 1725 4538 Χείμαρι

121 4563 246 4627 ρος
275 4560 382 4630 γάρ
424 4559 656 4628 τρυφῆς
699 4561 766 4613 τα
814 4562 908 4613 τοῦ
933 4561 1168 4631 Χριστοῦ
1201 4561 1369 4631 πάθη.
1412 4563 1726 4632 Χείμαρῤος

136 4653 265 4720 μὲν,
316 4653 504 4722 ἐπειδὴ
555 4655 611 4705 ἐν
656 4654 808 4723 ἀκμῇ
856 4654 947 4705 τοῦ
993 4654 1263 4723 χειμῶνος
1307 4655 1404 4723 τῆς
1451 4655 1728 4723 ἡμετέρας

129 4745 413 4814 ἁμαρτίας
456 4745 776 4814 ἐπράττετο,
839 4746 926 4797 ὅτε
970 4747 1118 4797 πᾶσα
1160 4746 1258 4815 μὲν
1296 4745 1502 4817 ἀρετὴ,
1539 4743 1726 4814 ἀγάπη

125 4837 192 4887 δὲ
227 4835 457 4904 μάλιστα
497 4838 528 4906 ἡ
562 4835 697 4905 πρδς
729 4836 860 4889 Θεὸν
885 4835 1178 4905 ψυγήσασα
1205 4836 1728 4906 ἐνενέκρωτο.”Ωστε

125 4927 233 4977 τὸν
264 4929 551 4997 προφήτην
587 4927 863 4997 Ζαχαρίαν
905 4929 1030 4998 περὶ
1068 4927 1167 4995 τῆς
1198 4926 1410 4996 ἡμέρας
1436 4926 1531 4979 τοῦ
1568 4945 1731 4980 σταυ-

126 5015 238 5087 ροῦ
265 5017 440 5084 λέγειν
461 5034 476 5047 ·
524 5018 626 5070 Ἔν
661 5017 734 5085 τῇ
765 5017 954 5086 ἡμέρᾳ
980 5019 1186 5086 ἐκείνη
1220 5021 1330 5071 οὐκ
1362 5018 1533 5071 ἔσται
1574 5018 1716 5087 φῶςο

123 5109 340 5177 ψύχος
386 5109 481 5162 καὶ
530 5112 786 5179 παγετός
833 5111 1006 5163 ἔσται
1037 5109 1266 5178 ’ἡμέρα
1289 5109 1519 5178 percidi;
1565 5111 1719 5164 ἐστι’.

123 5200 366 5268 Τρυφῆς
416 5201 470 5252 δέ
516 5203 739 5263 εἰκότως
785 5201 1020 5268 ἐλέγετο.
1059 5200 1270 5270 Σφόδρα
1296 5199 1402 5267 γὰρ
1433 5201 1460 5252 6
1489 5199 1722 5268 Χριστὸς

120 5291 410 5360 ἐνετρύφα
452 5295 564 5354 τοῖς
611 5293 748 5363 ὑπὲρ
784 5292 939 5363 ἡμῶν
971 5293 1220 5358 πάθεσιν,
1257 5291 1348 5342 τοῦ
1385 5308 1441 5342 τε
1471 5291 1720 5344 διαϐόλου

121 5382 518 5446 καταπαίζων,
554 5385 647 5436 καὶ
679 5385 818 5454 ὑπὲρ
845 5385 944 5453 τῆς
979 5384 1084 5436 τῶν
1121 5382 1422 5454 ἀνθρώπων
1450 5382 1723 5451 σωτηρίας

118 5473 417 5543 ἡδόμενος.
455 5476 655 5527 Τοῦτον
685 5479 832 5545 ἡμᾶς
859 5477 951 5528 τὸν
990 5477 1327 5546 χειμάρῤουν
1372 5475 1470 5543 τῆς
1515 5474 1723 5544 τρυφῆς

122 5568 420 5636 μυστικῶς
454 5569 682 5630 ποτίζει.
701 5571 772 5621 Τὸ
793 5570 901 5640 γὰρ
931 5570 1022 5622 τοῦ
1055 5571 1326 5622 Δεσπότου
1355 5568 1524 5630 πάθος
1580 5585 1722 5639 μαρη

112 5650 324 5720 τύρων
356 5657 467 5717 τοῖς
495 5655 702 5719 δούλοις
731 5659 1046 5727 γεγένηται.

210 5789 231 5820 ⁸
261 5790 424 5845 ΖςιιἹι.
451 5809 562 5857 le,
606 5796 686 5849 l6.

1831 3739 1945 3783 tum
2007 3730 2060 3783 in
2111 3730 2292 3784 anima
2347 3732 2650 3800 iniquitatis
2703 3748 2921 3786 omnum
2971 3737 3293 3801 contineat;
3354 3745 3412 3790 et

1828 3820 2033 3874 idcirco
2061 3820 2268 3875 inducit
2306 3822 2578 3876 dicentem
2614 3824 2669 3877 in
2699 3823 3015 3894 semetipso,
3057 3827 3203 3894 quod
3230 3827 3409 3881 delin—

1827 3928 1996 3982 quere
2021 3920 2246 3968 statuat.
2279 3913 2386 3969 Sed
2413 3930 2510 3969 cur
2529 3915 2683 3979 dixit,
2719 3915 3115 3986 Inscmetipso?
3140 3919 3408 3985 Quoniam

1827 4018 1890 4056 ea
1925 4017 2108 4057 secum
2139 4005 2322 4058 animo
2353 4014 2568 4069 versat,
2624 4023 2745 4076 qua:
2792 4008 2970 4078 palam
3031 4010 3274 4079 proferre
3324 4011 3410 4066 vel

1831 4095 1985 4148 timet
2041 4094 2124 4149 vel
2156 4096 2451 4150 erubescit.

1899 4185 2065 4239 Vnus.
2097 4187 2149 4240 9.
2193 4205 2211 4237 ι
2252 4187 2671 4242 Inebriabuntur
2699 4190 2768 4244 ab
2798 4190 3045 4246 ubertate
3075 4191 3290 4248 domus.
3327 4213 3346 4245 ι

1902 4277 2097 4331 Domus
2131 4277 2246 4342 Dei,
2280 4295 2480 4349 corpus
2519 4282 2639 4350 ejus
2667 4292 2789 4346 est;
2824 4284 3057 4347 ubertas,
3106 4286 3326 4356 sanguis
3354 4296 3412 4340 et

1828 4384 1966 4437 aqua
1988 4385 2107 4436 quae
2125 4385 2155 4423 e
2185 4369 2354 4424 latere
2381 4372 2499 4440 ejus
2519 4373 2748 4438 efﬂuxit,
2773 4390 2842 4428 ex
2872 4391 2976 4444 qua
2999 4376 3185 4430 fideles
3215 4392 3410 4432 omnes

1829 4463 2052 4516 salutari
2108 4463 2373 4517 ebrietate
2431 4465 2686 4519 iucbriati
2736 4483 2946 4522 sumus.
3001 4467 3220 4522 Torrem
3259 4470 3405 4524 enim

1831 4559 2114 4627 voluptati:
2140 4598 2154 4621 ,
2207 4557 2358 4612 fuere
2397 4558 2598 4613 Christi
2640 4574 2834 4629 preme.
2874 4561 3112 4616 'l‘orrcus
3161 4563 3405 4633 quidem,

1828 4649 2085 4717 quoniam
2139 4649 2195 4702 in
2246 4650 2426 4703 media
2463 4651 2641 4705 hieme
2690 4662 3036 4721 peccatorum
3088 4665 3404 4710 nostrorum

1831 4742 2127 4812 contigere,
2165 4742 2386 4810 quando
2417 4742 2594 4796 virtus
2627 4745 2826 4810 omnis,
2877 4755 2935 4799 et
2971 4749 3244 4816 praecipue
3269 4749 3406 4802 cha-

1831 4829 1963 4882 ritas
1993 4829 2046 4882 in
2079 4829 2270 4894 Deum,
2327 4831 2525 4902 frigida
2557 4831 2782 4898 eli‘ecta,
2811 4835 2922 4904 jam
2950 4837 3215 4892 exstincta
3244 4846 3403 4902 erat;

1831 4921 1902 4974 ita
1933 4923 2296 4976 utZacharias
2318 4926 2581 4995 propheta
2609 4929 2676 4982 de
2696 4928 2784 4981 die
2813 4929 2992 4983 crucis
3017 4930 3162 4984 dicat
3188 4949 3200 4983 :
3228 4931 3291 4984 In
3321 4933 3406 4986 die

1829 5013 1925 5066 illa
1965 5030 2067 5066 non
2107 5016 2207 5068 erit
2264 5016 2397 5080 lux;
2437 5019 2604 5088 frigus
2658 5030 2708 5072 et
2739 5021 2858 5089 gelu
2889 5023 2988 5074 erit
3018 5038 3036 5075 :
3066 5024 3177 5076 dies
3212 5040 3404 5093 magna

1829 5114 1903 5158 est
1933 5105 1975 5159 ⁸.
2033 5105 2339 5177 Voluptatis
2391 5117 2574 5162 autem
2624 5111 2820 5165 merito
2879 5112 3161 5167 dicebatur
3203 5115 3406 5170 :valde

1829 5197 1976 5249 enim
2009 5198 2261 5252 Christus
2295 5200 2668 5267 deliciabatur,
2713 5219 2836 5258 cum
2871 5219 2971 5272 pro
3003 5205 3159 5260 nobis
3188 5215 3406 5275 patere-

1828 5289 2167 5346 tur.diabolo
2191 5290 2441 5356 illudens,
2473 5302 2525 5346 ct
2545 5293 2612 5348 de
2643 5296 2814 5348 salute
2840 5295 3118 5349 hominum
3140 5297 3405 5368 gaudens.

1832 5379 1943 5434 lloe
2001 5389 2243 5435 torreutc
2295 5384 2590 5454 voluptatis
2643 5387 2871 5457 mystice
2902 5403 3004 5442 nos
3044 5397 3199 5458 potat
3232 5407 3245 5442 :
3279 5404 3404 5443 nam

1832 5472 2043 5526 Domini
2082 5477 2381 5552 perpessio,
2417 5478 2734 5549 martyrium
2769 5480 2941 5535 servis
2969 5480 3109 5537 facta
3157 5494 3261 5538 cst.
