4158 6450
177 389 307 455 1193

742 496 882 548 ΨΑᾹ
893 495 1033 550 MOE
1072 495 1160 550 Μ’.

246 607 263 636 ρ
296 589 387 650 Εἰς
417 586 590 650 τέλος.
624 605 642 638 ι

245 679 304 731 Ei
335 679 432 731 καὶ
466 679 724 741 πολλάκις
754 680 879 742 τοὺς
912 678 1161 748 ψαλμοὺς
1188 679 1214 730 ὁ
1256 678 1544 748 Προφήτης
1571 680 1656 742 είς
1687 675 1752 728 τὸ

176 770 342 836 τέλος
375 769 679 840 ἐπέγραψε,
711 770 794 823 δεῖ
819 770 875 822 δὲ
905 769 1147 840 νομίζειν
1173 769 1346 839 ὅμως,
1381 769 1457 833 ώς
1484 771 1546 822 οὐ
1578 771 1754 839 μάτην

174 860 360 913 τοῦτον
387 861 601 930 ἐκάστῳ
626 860 737 913 τῶν
763 861 995 931 ψαλμῶν
1019 859 1109 913 τὸν
1133 859 1311 912 τίτλον
1337 858 1640 930 ἐπιτίθησι.
1658 859 1754 921 Τίς

176 951 232 1004 δὲ
263 951 355 1003 νῦν
387 952 420 1021 ή
448 951 636 1018 αἰτίας
677 952 900 1022 Ἐπειδὴ
923 951 993 1006 τὰ
1027 951 1167 1022 πρὸς
1201 951 1277 1021 τῷ
1298 950 1444 1004 τέλει
1482 950 1582 1019 τῆς
1611 951 1755 1002 olito-

176 1040 369 1110 νομίας
395 1041 491 1096 τοῦ
521 1041 761 1110 Χριστοῦ
789 1042 1134 1110 διαλέγεται,
1161 1040 1220 1093 ὃν
1248 1041 1412 1094 Δαόὶδ
1439 1040 1501 1093 οὑ
1539 1040 1699 1110 μόνος
1729 1040 1758 1091 ό

180 1136 464 1202 προφήτης
508 1126 687 1198 οὗτος,
737 1133 874 1185 ἀλλὰ
903 1133 998 1186 καὶ
1025 1132 1182 1195 ἄλλος
1215 1132 1496 1198 ἐκάλεσεν,
1516 1131 1672 1202 Ὠσηέ
1700 1130 1758 1184 δὲ

176 1218 331 1286 οὗτος
356 1237 371 1252 ⁸
412 1222 573 1277 Μετὰ
610 1222 832 1288 ταῦτα,
879 1223 1097 1292 φήσας,
1134 1221 1613 1289 ἐπιστρέφουσιν
1642 1219 1758 1274 υἱοί

190 1315 460 1384 Ἰσραὴλ,
489 1319 590 1370 καί
621 1314 952 1383 ζητήσουσι
980 1315 1201 1382 Κύριον
1223 1313 1338 1378 tot;
1364 1314 1509 1368 Θεὸν
1536 1301 1756 1374 αὐτῶν,

177 1407 278 1461 καί
319 1408 497 1461 Δαόὶδ
535 1406 643 1460 τὸν
676 1404 943 1471 βασιλέα
988 1405 1220 1459 αὐτῶνο
1253 1403 1432 1457 καίτοι
1460 1403 1626 1458 Δαϐὶδ
1656 1404 1761 1474 πρὸ

177 1498 390 1552 πολλῶν
439 1497 645 1567 γενεῶν
708 1497 802 1551 τοῦ
863 1497 1142 1571 προφήτου
1186 1494 1378 1549 τούτου
1432 1494 1762 1568 τελευτήσας

177 1588 586 1657 ἐτύγχανενοέν
619 1585 852 1662 ἡμέραις
890 1586 999 1653 γὰρ
1047 1583 1292 1648 Ἐζεκίου
1357 1582 1450 1642 τοῦ
1502 1582 1763 1654 βασιλέως

178 1683 279 1754 τὴν
310 1679 651 1751 προφητείαν
680 1678 916 1745 ἐξέθετο.
948 1675 1111 1729 Ἀλλὰ
1135 1675 1228 1729 τὸν
1255 1677 1374 1730 νέον
1401 1674 1550 1743 λέγει
1575 1675 1760 1741 Δασὶδ,

188 1775 328 1845 πρὸς
349 1772 413 1826 ὃν
448 1773 498 1826 οί
530 1771 798 1833 σωθέντες
827 1769 1193 1842 ἐπέστρεψαν.

258 1883 278 1916 ι
313 1863 516 1935 Κύριος
553 1861 820 1932 βοηθῆσαι
849 1859 1028 1930 αὐτῷ.
1070 1878 1089 1911 ι

255 1955 505 2029 Εὕρηται
545 1954 640 2008 καὶ
673 1954 834 2024 μέχρι
873 1951 968 2006 τοῦ
1013 1951 1288 2024 παρόντος
1320 1948 1636 2019 πολλάκιςή
1664 1947 1762 2017 τῆς

182 2049 536 2120 προφητικῆς
581 2043 918 2114 ἐπαγγελίας
944 2042 1194 2114 ἀλήθεια.
1221 2041 1415 2096 Πολλοὶ
1458 2040 1567 2112 γὰρ
1596 2057 1759 2109 νοση-

180 2139 490 2211 λευόμενοι,
521 2136 615 2191 καὶ
641 2135 896 2207 χαλεπῶς
923 2137 1249 2206 κάμνοντες,
1283 2130 1404 2188 εἶτα
1427 2132 1764 2196 κενώσαντες

185 2233 269 2294 είς
286 2231 411 2294 τοὺς
432 2231 680 2300 πτωχοὺς
696 2228 789 2282 καὶ
802 2229 1038 2298 πένητας
1063 2228 1157 2280 τὸν
1180 2226 1430 2292 πλοῦτον,
1447 2225 1610 2288 εὐθὺς
1635 2241 1765 2294 μετ-

185 2324 497 2395 εϐλήθησαν
537 2323 674 2393 πρὸς
732 2320 793 2374 τδ
842 2323 1109 2392 κρεῖττον.
1137 2320 1201 2373 Ei
1221 2319 1328 2390 γὰρ
1351 2318 1487 2372 κάπὶ
1511 2317 1612 2387 τῆς
1639 2317 1765 2387 μελ-

184 2417 390 2488 λούσης
444 2415 661 2489 ήμέρας
715 2417 1130 2486 κατακαυχᾶται
1186 2413 1336 2468 ἐλεον
1396 2411 1653 2482 κρίσεως,
1711 2410 1765 2464 τί

189 2508 531 2578 Θαυμαστὸν,
557 2509 606 2560 εί
634 2507 916 2561 κάνταῦθα
940 2509 1031 2562 τὸν
1061 2505 1508 2580 προσδοκώμενον
1537 2505 1764 2559 θάνατον

190 2599 222 2651 ὁ
269 2599 678 2669 δαψιλὴςέλεος
723 2599 1045 2670 ἀνατρέπει,
1085 2597 1348 2668 καὶπρὸς
1395 2597 1564 2668 ρῶσιν
1601 2615 1766 2667 μετα-

192 2689 383 2742 ϐάλλει
407 2707 423 2756 ;
453 2690 602 2759 Πλὴν
634 2689 750 2742 ἐστι
779 2690 877 2742 καὶ
900 2690 999 2760 τῆς
1024 2690 1200 2760 ψυχῆς
1226 2688 1524 2761 ἀρῤωστία,
1552 2683 1766 2757 λαμϐα-

192 2781 399 2851 νομένη
430 2781 571 2834 κατὰ
597 2780 689 2834 τὸν
716 2780 926 2833 ἐνδοοεν
957 2781 1268 2852 ἄνθρωπον,
1301 2780 1425 2833 καθ’
1449 2782 1515 2850 ἣν
1542 2781 1765 2851 ἀνειμέ-

191 2889 293 2934 νας
333 2871 532 2941 ἐχουσα
575 2874 783 2942 χεῖρας,
819 2873 939 2942 ἥτοι
981 2874 1078 2936 τὰς
1121 2870 1432 2942 πρακτικὰς
1483 2872 1763 2942 δυνάμεις.

195 2962 523 3031 Εὐρίσκεται
549 2963 643 3015 καὶ
670 2963 876 3030 γόνατα
902 2963 1342 3032 παραλελυμένα,
1374 2966 1469 3022 καὶ
1495 2965 1584 3022 διὰ
1609 2966 1768 3020 τοῦτο

198 3054 276 3123 μὴ
306 3052 579 3121 δυνάμενα
613 3052 945 3123 πορεύεσθαι
990 3053 1088 3124 τὴν
1120 3055 1440 3124 ἁπάγουσαν
1475 3055 1596 3113 ὁδὸν
1632 3057 1768 3127 πρὸς

194 3143 362 3211 ζωήν.
397 3141 714 3213 Τηνικαῧτα
750 3142 858 3213 γὰρ
895 3145 1060 3196 οἱονεὶ
1092 3144 1191 3216 τὴν
1230 3146 1409 3217 ψυχήν
1444 3147 1768 3220 δυσφορήτῳ
1797 3177 1838 3235 c

199 3235 340 3306 νόσῳ
363 3233 462 3302 τῆς
494 3233 778 3307 ῥᾳστώνης
809 3236 1204 3306 κατεχομένην,
1228 3237 1322 3291 καὶ
1341 3239 1428 3292 διὰ
1448 3238 1608 3292 τοῦτο
1634 3242 1772 3311 πρὸς

193 3323 291 3379 τὸν
319 3323 551 3377 θάνατον
571 3325 670 3394 τῆς
698 3325 972 3394 ἁμαρτίας
999 3328 1387 3396 ἐπειγομένην,
1416 3331 1448 3399 ή
1480 3331 1618 3401 πρὸς
1646 3332 1774 3395 τοὺς

199 3417 453 3486 πτωχοὺς
476 3415 816 3486 ἐλεημοσύνη
835 3416 1046 3481 tatam
1074 3421 1170 3470 καὶ
1204 3419 1552 3488 μεταϐάλλει.
1573 3423 1773 3494 Διόπερ

195 3510 423 3576 ἀμέσως
454 3509 751 3576 ἐπήγαγεν·
802 3506 948 3576 Ἐγὼ
967 3504 1126 3561 εἶπα·
1163 3509 1360 3576 Κύριε,
1385 3511 1648 3580 ἐλέησόν
1673 3530 1772 3582 με,

201 3600 373 3652 ιασαι
401 3599 512 3666 τὴν
545 3598 758 3668 ψυχήν
772 3617 913 3668 μου,
934 3600 1023 3654 ὅτι
1057 3602 1328 3672 ἢμαρτόν
1349 3620 1471 3659 σοι.

278 3709 296 3740 ι
329 3691 402 3743 Σὺ
429 3690 507 3755 δὲ,
539 3689 739 3761 Κύριε,
769 3691 996 3761 ἐλέησόν
1025 3711 1112 3764 με.
1156 3716 1177 3746 ›ι

275 3784 352 3836 (ὶύ
379 3782 470 3836 διὰ
511 3783 573 3836 τὸ
614 3783 943 3836 πεπονθέναι
988 3785 1082 3839 τὸν
1131 3785 1372 3841 Θάνατον
1403 3788 1535 3858 παρ’
1571 3789 1772 3853 αὐτῶν,

199 3874 494 3943 ἐφιέμενος
529 3875 713 3938 αὐτοῖς
752 3875 1149 3934 ἀνταποδοῦναι
1181 3876 1282 3948 τήν
1310 3880 1586 3949 τιμωρίαν
1617 3879 1775 3933 τοῦτό

200 3989 376 4040 φησιν
414 3971 599 4040 (αὐτὸς
625 3970 733 4046 γὰρ
766 3970 953 4039 ἔλεγεν
979 3972 1037 4023 ἐν
1064 3971 1142 4042 τῷ
1171 3973 1348 4044 καιρῷ
1384 3972 1479 4026 τοῦ
1510 3975 1772 4045 σταυροῦ,

201 4061 395 4128 Πάτερ
415 4101 431 4126 ,
455 4061 606 4133 ἄφες
635 4061 839 4127 αὐτοῖς
885 4060 1003 4130 τὴν
1032 4063 1356 4132 ἁμαρτίαν)
1382 4081 1396 4095 ·
1427 4064 1544 4119 ἀλλ’
1586 4066 1775 4135 ἐπειδὴ

198 4152 302 4218 τὴν
325 4149 836 4222 ἀπροσωπόληπτον
861 4151 956 4203 καὶ
980 4151 1196 4204 δικαίαν
1222 4152 1403 4222 κρίσιν
1434 4154 1531 4208 τοῦ
1563 4156 1776 4226 [ἰατρὸς

196 4239 399 4292 ἐδλεπε
441 4238 966 4310 καταψηφιζομένην
1015 4243 1132 4303 τοῖς
1184 4241 1527 4312 μιαιφόνοις,
1583 4244 1774 4297 τούτου

195 4332 384 4401 χάριν,
414 4329 490 4392 ὡς
540 4328 620 4399 τῷ
659 4328 779 4400 Θεῷ
826 4331 922 4384 καὶ
971 4331 1145 4402 Πατρὶ
1187 4335 1567 4407 ταυτουργεὶς,
1608 4332 1730 4388 εἷπε
1757 4351 1773 4366 ο

200 4423 310 4476 καὶ
333 4421 740 4475 ἀνταποδώσω
765 4423 971 4488 αὐτοῖς
1005 4423 1091 4476 ῐνα
1115 4424 1265 4500 δείξῃ
1294 4425 1424 4494 μίαν
1457 4426 1544 4477 ἐπ’
1572 4429 1775 4499 ἀμφοῖν

1303 383 1763 446 FRAGMENTA
1807 382 1886 440 ΙΝ
1924 383 2051 442 PSA
2063 381 2276 443 LMOS.

3283 375 3416 442 119i

2389 488 2708 545 PS.\LML'S
2745 489 2853 544 XL.

1929 601 1946 634 ι
1980 583 2038 636 In
2074 582 2256 636 linem.
2293 601 2310 632 ι

1923 675 2033 730 Etsi
2065 675 2377 744 frequenter
2401 672 2647 728 Psalmos
2677 673 2729 725 in
2753 673 2907 741 finem
2936 669 3414 740 inscripseritPro-

1854 767 2039 836 pheta,
2062 766 2310 820 arbitrari
2342 775 2524 820 tamen
2556 773 2772 836 oportet
2793 779 2916 819 eum
2945 779 3052 818 non
3090 771 3294 816 temere
3312 760 3418 815 sin.

1852 859 1992 928 gulis
2003 858 2225 928 psalmis
2237 859 2385 912 hunc
2403 859 2616 913 titulum
2641 856 2984 928 apposuisse.
3002 854 3107 909 Sed
3130 870 3422 924 quaacausa

1854 959 1938 1003 est
1969 951 2252 1019 praesentis
2275 949 2693 1019 inscriptionis?
2722 949 2992 1012 Quoniam
3016 962 3139 1017 qua
3159 947 3226 1000 ad
3261 947 3422 1002 tinem

1855 1040 2284 1110 dispensationis
2336 1039 2540 1095 Christi
2593 1040 2874 1110 pertinent
2929 1047 3179 1095 recenset
3214 1056 3229 1092 :
3263 1053 3424 1108 quem

1857 1145 1965 1184 non
2013 1131 2162 1185 solus
2192 1131 2282 1186 hic
2309 1130 2601 1201 Propheta,
2631 1131 2727 1185 sed
2756 1139 2810 1185 et
2849 1131 3006 1195 alius,
3040 1131 3297 1186 Davidem
3325 1147 3420 1184 no-

1857 1221 2104 1286 minavit,
2126 1221 2381 1276 nimirum
2409 1220 2570 1287 Osee,
2598 1221 2714 1291 qui,
2747 1221 2873 1275 Post
2903 1223 3033 1284 hac,
3065 1223 3224 1287 dixit,
3253 1240 3421 1276 revera

1860 1319 2036 1363 tentur
2064 1311 2164 1379 ﬁlii
2194 1310 2385 1378 Israel,
2417 1320 2466 1364 et
2491 1321 2721 1380 quwrent
2758 1312 3038 1366 Dominum
3066 1312 3230 1368 Deum
3257 1328 3429 1377 suum,

1859 1409 1909 1452 et
1957 1399 2130 1453 David
2191 1417 2367 1471 regem
2401 1417 2555 1458 suum
2581 1402 2665 1468 ”;
2707 1402 2833 1456 licet
2869 1403 3034 1458 David
3087 1418 3186 1474 per
3235 1404 3434 1460 multas

1861 1491 2241 1560 generationes
2269 1503 2396 1548 ante
2419 1493 2565 1548 hunc
2608 1495 2931 1564 prophetam
2964 1495 3194 1549 obierlt:
3229 1497 3430 1550 etenim

1862 1579 1917 1635 in
1952 1580 2142 1641 diebus
2167 1582 2416 1638 Ezechiae
2460 1585 2604 1654 regis
2655 1584 2797 1639 hanc
2848 1585 3192 1655 prophetiam
3228 1587 3430 1649 edidit;

1864 1671 1958 1726 sed
1987 1688 2188 1728 novum
2222 1674 2390 1732 David
2429 1674 2710 1747 intelligit,
2734 1677 2802 1736 ad
2829 1692 2992 1750 quem
3024 1678 3274 1737 conversi
3307 1688 3436 1738 sunt

1863 1763 1955 1833 qui
1986 1767 2186 1821 servati
2226 1777 2376 1826 sunt.

1793 1836 1835 1891 Β
1942 1855 2106 1912 Vens.
2133 1859 2187 1913 4.
2226 1878 2246 1910 α
2289 1860 2553 1914 Dominus
2583 1876 2741 1932 opem
2779 1862 2918 1918 ferat
2943 1863 3039 1920 illi.
3087 1883 3106 1915 ι

1937 1949 2080 2015 Quin
2138 1958 2194 2004 et
2234 1949 2284 2004 in
2343 1967 2582 2021 praesens
2644 1969 2818 2023 usque
2873 1963 3086 2024 tempus
3125 1954 3438 2025 frequenter

1867 2041 2201 2111 prophetica:
2223 2043 2384 2114 hujus
2411 2045 2792 2114 promissionis
2832 2047 3034 2102 veritas
3058 2048 3282 2118 reperiri
3313 2065 3438 2118 pos-

1866 2133 1955 2188 sit.
1991 2133 2141 2188 Multi
2180 2150 2414 2206 namque
2454 2139 2685 2194 morbidi
2712 2146 2770 2194 et
2800 2155 2940 2210 aegre
2985 2139 3315 2207 laborantes,
3343 2142 3435 2196 ubi

1867 2223 1920 2277 in
1962 2239 2161 2295 egenos
2201 2233 2256 2279 et
2297 2241 2574 2295 pauperes
2605 2241 2738 2296 Opes
2770 2242 2898 2281 suas
2925 2228 3311 2283 evacuaverint
3331 2268 3346 2293 ,
3376 2228 3440 2282 il-

1866 2321 1972 2376 lico
2027 2322 2346 2395 commutati
2371 2331 2499 2377 sunt
2541 2322 2598 2376 in
2650 2323 2864 2376 melius.
2911 2322 3043 2381 Nam
3080 2322 3122 2375 si
3168 2320 3331 2378 etiam
3382 2320 3436 2376 in

1866 2411 2051 2466 futuro
2098 2413 2186 2467 die
2222 2414 2588 2483 superexaltat
2620 2412 2994 2472 misericordia
3021 2411 3287 2481 judicium
3339 2413 3438 2479 “";

1865 2502 1993 2572 quid
2020 2504 2241 2570 mirum,
2267 2505 2309 2559 si
2331 2505 2492 2559 etiam
2516 2506 2604 2560 hic
2627 2515 2852 2560 mortem
2879 2520 3037 2574 quam
3063 2513 3441 2574 exspectamus

1869 2593 2084 2661 pinguis
2118 2593 2396 2649 miseratio
2427 2604 2631 2649 avertat
2658 2636 2673 2659 ,
2703 2604 2760 2650 et
2793 2588 2972 2650 robur
3005 2595 3297 2652 restituat?
3322 2593 3441 2650 Cte-

1872 2692 2049 2740 terum
2087 2691 2171 2738 est
2214 2693 2270 2739 et
2309 2684 2504 2740 animae
2538 2685 2845 2751 inﬁrmitas,
2873 2702 2993 2756 qua:
3023 2688 3330 2744 secundum
3354 2687 3441 2741 inv

1871 2774 2124 2828 teriorem
2154 2774 2431 2832 hominem
2465 2776 2748 2846 accipitur,
2792 2777 2942 2847 juxta
2978 2793 3139 2846 quam
3178 2778 3443 2839 resolutas

1873 2865 2033 2919 habet
2057 2881 2272 2930 manus,
2301 2866 2419 2921 sive
2441 2868 2703 2936 operandi
2733 2868 2895 2922 vires.
2928 2867 3292 2938 Reperiuntnr
3315 2885 3444 2939 quo.

1868 2969 1972 3024 que
1990 2969 2164 3023 genua
2178 2955 2614 3024 luxata,ideoque
2638 2971 2745 3010 non
2764 2957 2992 3012 valentia
3011 2959 3285 3014 ambulare
3303 2960 3439 3020 viam

1870 3062 1992 3116 quae
2015 3046 2167 3101 ducit
2192 3046 2258 3104 ad
2289 3047 2476 3101 vitam.
2509 3047 2663 3103 Tunc
2688 3049 2833 3103 enim
2858 3051 3088 3106 animam
3120 3053 3269 3121 gravi
3303 3046 3446 3110 velut

1873 3138 2064 3192 morbo
2106 3138 2367 3192 socordia:
2396 3139 2671 3193 detentam
2697 3180 2712 3205 ,
2741 3149 2798 3194 et
2827 3155 2923 3209 pe.-
2957 3142 3060 3195 hoc
3097 3143 3168 3197 ad
3216 3153 3442 3200 mortem

1872 3228 2082 3298 peccati
2106 3229 2420 3294 adductam,
2460 3230 2803 3304 eleemosyna
2837 3233 2889 3285 in
2925 3248 3192 3303 pauperes
3229 3245 3444 3306 erogata

1874 3329 2029 3374 curat
2056 3329 2111 3374 et
2144 3330 2375 3375 recreat.
2409 3321 2752 3393 Quapropter
2792 3323 3102 3380 immediate
3124 3329 3442 3397 subjunxit:

1877 3410 1985 3480 Ego
2014 3411 2126 3464 dixi
2152 3427 2170 3464 :
2187 3410 2668 3477 Domine,miserere
2690 3414 2812 3479 mei,
2834 3431 2967 3469 sana
2996 3417 3234 3479 animum
3252 3434 3442 3482 meam,

1874 3502 1998 3574 quia
2030 3502 2238 3576 peccavi
2267 3503 2377 3558 tibi.
2979 3500 2982 3504 λ

1947 3699 2108 3776 Vens.
2153 3701 2241 3755 Η.
2285 3720 2306 3751 ι(
2349 3702 2432 3760 Tu
2453 3712 2658 3771 autem,
2689 3704 2940 3771 Domine,
2977 3706 3235 3765 miserere
3258 3711 3385 3764 mei.
3421 3729 3440 3763 ι

1944 3789 2060 3845 Non
2083 3792 2227 3860 quod
2253 3794 2379 3860 quia
2407 3804 2633 3850 mortem
2663 3797 2732 3851 ab
2763 3798 2895 3867 ipsis
2923 3799 2995 3853 sit
3025 3814 3235 3869 passus,
3269 3803 3448 3858 vindi.

1875 3891 2018 3937 clam
2049 3884 2128 3937 eis
2171 3884 2377 3940 referre
2423 3888 2589 3953 velit,
2621 3889 2724 3943 hoc
2746 3890 2877 3944 dicit
2901 3890 2921 3962 (
2947 3891 3062 3962 ipse
3089 3895 3236 3947 enim
3267 3896 3446 3951 crucis

1876 3983 2118 4044 tempore
2141 3976 2274 4032 dixit
2297 3996 2310 4032 :
2345 3977 2521 4046 Pater,
2549 3980 2756 4036 dimitte
2779 3983 2884 4038 illis
2909 3993 3178 4054 peccatum
3207 3987 3295 4058 "j;
3327 3991 3445 4056 sed,

1875 4081 1999 4121 cum
2056 4068 2173 4126 sine
2207 4083 2563 4139 personarum
2602 4075 2919 4143 acceptione
2960 4085 3015 4132 et
3044 4078 3248 4148 justum
3272 4080 3448 4137 Patris

1871 4157 2138 4226 judicium
2167 4161 2394 4216 vidisset
2430 4162 2487 4218 in
2522 4164 2820 4239 homicidas
2851 4167 2985 4224 istos
3023 4169 3325 4239 decretum,
3362 4175 3450 4230 ἰὰν

1876 4247 2024 4303 circo
2052 4257 2308 4319 tanquam
2336 4251 2430 4320 qui
2486 4237 2628 4306 idem
2663 4270 2784 4308 cum
2819 4256 2932 4310 .Deo
2962 4274 3028 4313 ac
3054 4259 3214 4316 Patre
3251 4237 3446 4333 opere,

1881 4346 1983 4404 tur,
2013 4338 2090 4393 ait
2119 4356 2134 4394 :
2172 4340 2235 4394 Et
2274 4357 2367 4412 ego
2397 4344 2682 4397 retribuam
2707 4347 2801 4412 eis,
2836 4357 2894 4402 ut
2916 4350 3160 4405 eamdem
3189 4352 3244 4406 in
3281 4355 3447 4408 utris-

1876 4445 1982 4499 que
2019 4431 2391 4500 operationem
2422 4435 2678 4495 declaret.
2716 4436 2852 4496 Nam
2887 4456 2989 4492 non
3019 4450 3202 4508 potest,
3245 4444 3443 4514 inquit,

192 4513 300 4584 τὴν
345 4514 650 4583 ἐνέργειαν.
702 4514 860 4568 Οὐδὲ
893 4514 1002 4586 γὰρ
1053 4515 1302 4592 δύναται
1340 4521 1372 4571 ὀ
1411 4519 1567 4592 Υἱὸς.
1610 4521 1767 4592 φησι,

1881 4521 2048 4575 Filius
2079 4539 2111 4576 α
2140 4525 2401 4596 sefacere
2445 4528 2751 4597 quidquam.
2783 4530 2914 4595 Qua:
2958 4535 3094 4587 enim
3118 4535 3304 4592 viderit
3325 4513 3447 4591 iPae

193 4602 396 4657 ποιεῖν
430 4603 532 4672 ἀφ’
576 4604 794 4660 ἑαυτοῦ
827 4604 1028 4660 οὐδέν.
1057 4607 1124 4657 "A
1162 4606 1505 4675 τὰρβλέπει
1527 4608 1634 4661 τὸν
1662 4612 1774 4663 Πα-

193 4696 340 4762 τέρα
385 4695 673 4749 ποιοῦντα
704 4696 890 4750 ταῦτα
919 4697 1018 4755 καί
1053 4701 1086 4752 ὀ
1139 4697 1268 4764 Υἱὸς
1309 4700 1523 4769 ὁμοίως
1575 4699 1769 4756 ποιεῖ’

193 4789 298 4858 τήν
331 4787 720 4842 ταυτοὸουλίαν
735 4790 830 4847 καὶ
843 4790 1218 4860 ταυτουργίαν,
1229 4788 1478 4843 ἐντεῦθεν
1495 4791 1656 4844 ἐκατέ
1663 4809 1773 4862 ρων

197 4897 345 4951 παρτ
356 4879 597 4950 μπεδῶν.

761 4973 1052 5026 ΨΔΛΜΟΣ
1076 4973 1211 5026 MA'.

280 5081 300 5113 ι
339 5064 432 5126 Et;
461 5064 522 5116 τὸ
543 5047 821 5128 τέλος,ἐίς
858 5063 1072 5122 σύνεσιν
1096 5067 1208 5129 τοῖς
1238 5066 1376 5130 υἱοῖς
1399 5067 1565 5136 Κορέ.
1609 5088 1626 5123 9

271 5154 557 5223 Ψαλτῳδοὶ
609 5153 703 5206 καὶ
750 5147 896 5207 οὗτοι
923 5194 938 5220 ,
971 5154 1222 5224 ψαλμοὺς
1263 5157 1415 5228 παρὰ
1460 5158 1554 5210 τοῦ
1585 5159 1771 5223 Δαϐὶδ,

191 5245 295 5305 οὒς
322 5246 486 5308 αὐτὸς
528 5246 898 5316 προεφήτευσε
929 5285 944 5309 ,
971 5247 1363 5317 δανειζόμενοι,
1388 5250 1490 5314 Εἰς
1519 5251 1777 5308 σύνεσιν

189 5329 256 5384 δέ
311 5331 443 5392 ἴσως
497 5332 526 5382 ὁ
571 5331 788 5401 ψαλμδς
835 5333 1243 5406 ἐπιγράφεται,
1294 5337 1482 5410 ἐπειζὴ
1511 5339 1773 5414 πρόγονος

186 5421 384 5482 αὖτοῐς
436 5423 465 5473 ό
515 5422 658 5492 Κορὲ
699 5424 942 5491 ἐγεγόνει
988 5424 1328 5500 παράνομος,
1382 5431 1410 5482 ό
1459 5430 1537 5500 τῷ
1599 5432 1772 5502 Μωσῇ

196 5510 342 5581 μετὰ
375 5509 552 5562 ΔαΘὰν
584 5511 677 5564 καὶ
710 5511 973 5582 ’Δὸειρὼν
1003 5515 1338 5577 ἐπαναστάς.
1373 5511 1532 5570 Οὗτοι
1551 5521 1607 5571 δὲ
1638 5522 1775 5574 πάν-

191 5618 315 5664 τως
352 5603 444 5656 τὸν
495 5603 764 5671 πρόγονον
783 5605 884 5661 οὐκ
912 5605 1194 5677 ἐζήλωσαν
1219 5648 1232 5674 ,
1267 5609 1381 5662 ἀλλ’
1418 5613 1538 5664 οὐδὲ
1569 5613 1616 5664 οἱ
1650 5613 1776 5671 τοὺ-

274 5779 320 5813 ¹⁹
359 5780 517 5845 Osee,
545 5793 625 5840 ιιι.
650 5798 700 5834 v.
779 5783 843 5812 ’θ’
868 5781 982 5836 Jac.
1019 5799 1075 5846 ιι,
1110 5785 1191 5837 15.

556 5872 814 5932 ΡΑτιιοι.
860 5876 971 5932 Gn.
1020 5875 1219 5939 XCIII.

1275 5788 1310 5818 "
1349 5787 1476 5842 Luc.
1513 5806 1661 5854 xxm,
1690 5792 1774 5844 3i.

1879 4623 2008 4667 trem
2035 4615 2230 4686 facere,
2259 4616 2368 4670 Iure
2396 4628 2445 4671 et
2476 4618 2640 4672 Filius
2658 4621 2899 4677 similiter
2920 4625 3048 4694 facit
3083 4627 3159 4678 ":
3197 4629 3448 4683 volunta.

1874 4705 1944 4760 tis
1971 4713 2026 4760 et
2054 4708 2387 4776 operationis
2415 4709 2753 4772 identitatem
2781 4714 3062 4791 utriusque
3098 4719 3226 4777 hinc
3258 4731 3436 4780 esten.

1874 4797 2030 4854 dens.

2424 4985 2739 5045 PSALMUS
2768 4989 2907 5049 XLI.

1949 5067 2115 5125 Vens.
2173 5074 2223 5127 i.
2260 5092 2279 5126 «τ
2317 5075 2379 5130 In
2406 5077 2592 5143 tinem,
2622 5079 2684 5134 in
2707 5080 3041 5137 intellectum
3074 5082 3199 5138 ﬁliis
3229 5083 3388 5143 Core.
3417 5106 3434 5140 ι

1951 5161 2283 5219 Psalmorum
2325 5166 2381 5221 hi
2427 5185 2640 5238 quoque
2671 5181 2922 5228 cantores
2958 5182 3151 5240 erant,
3193 5179 3280 5246 qui
3309 5195 3445 5248 quos

1878 5250 2050 5306 David
2081 5255 2342 5324 propheta
2371 5259 2606 5327 psalmos
2633 5260 2858 5325 fecerat,
2892 5263 2960 5317 ab
2990 5279 3055 5317 eo
3081 5266 3440 5335 accipiebant.

1881 5339 2122 5396 Psalmus
2155 5360 2285 5399 vero
2318 5361 2381 5402 ea
2411 5347 2552 5407 forte
2586 5349 2653 5404 de
2680 5365 2841 5406 causa
2874 5353 3165 5408 intellectus
3191 5357 3445 5412 inscribi.

1872 5438 1985 5508 tur,
2008 5434 2150 5506 quod
2177 5434 2336 5499 Core,
2370 5453 2605 5507 proavus
2625 5442 2861 5520 illorum,
2883 5447 3058 5522 malus
3076 5448 3261 5517 fuerit,
3282 5453 3444 5507 simul

1881 5536 1999 5575 cum
2043 5523 2250 5580 Dathan
2288 5539 2345 5586 et
2385 5532 2590 5587 Abiron
2625 5544 2809 5590 contra
2866 5539 3087 5610 Moysen
3139 5541 3444 5614 insurgens.

1886 5612 2078 5668 Verum
2133 5618 2187 5673 hi
2222 5622 2448 5692 vestigia
2485 5626 2668 5692 proavi
2701 5643 2809 5682 non
2840 5639 2966 5684 sunt
3003 5636 3199 5698 secuti,
3224 5612 3317 5692 sed
3346 5653 3446 5690 no-.

1859 5794 1898 5822 "
1938 5793 2092 5848 Joan.
2121 5813 2170 5858 ν,
2213 5798 2272 5850 19

3021 5858 3117 5954 ιε’
