4158 6450
127 439 277 533 ,ιιςτ

1196 422 1656 484 FRAGMENTA
1699 425 1775 483 IN
1818 426 2178 486 I’SALMOS.

3253 417 3384 480 1198

145 553 238 620 κῇ,
280 550 400 621 οὑχῖ
450 546 564 607 ταῖς
605 541 827 602 πολλαῖς
874 540 990 602 ταῖς
1046 536 1352 605 ἀλογίστοις
1398 536 1713 604 ἀρέσκεται.

1838 538 2033 590 talibus
2061 535 2280 606 placari.
2309 533 2486 600 Quare
2508 533 2655 602 ipsos
2676 531 2968 586 convenire
2991 530 3163 600 jubet,
3201 542 3255 584 ut
3278 525 3384 595 lino

143 641 344 709 Διόπερ
369 641 461 690 καὶ
486 634 761 689 συνελθεῖν
792 628 1008 694 αὐτοὺς,
1035 628 1177 682 ὥστε
1211 626 1370 680 τοῦτο
1402 626 1715 696 διδαχθῆναι

146 726 498 801 προσέταξεν.

221 840 242 874 ι
277 820 390 875 Οὐκ
420 819 514 873 ἐπὶ
539 819 658 881 ταῖς
692 813 903 877 θυσίαις
936 829 1029 865 σου
1060 811 1265 878 ἐλέγξω
1296 826 1376 861 σε.
1410 827 1430 860 ι

227 908 522 963 Ἦπίστουν
557 908 693 970 ίσως
729 903 902 958 ταῦτα
949 904 998 956 oi
1043 900 1154 953 τῶν
1197 898 1472 953 Ἰουδαίων
1527 898 1716 961 παῖδες

144 1000 461 1062 ἀκούοντες,
506 998 602 1052 καὶ
638 997 880 1066 ἠπόρουν
923 994 972 1047 εί
1011 991 1073 1044 τδ
1115 989 1395 1052 παντελῶς
1438 989 1718 1058 συμόἧναι

145 1090 477 1164 δυνήσεται,
499 1088 597 1142 νῦν
619 1088 676 1140 δὲ
707 1086 866 1156 ἔργον
903 1086 932 1136 ό
970 1083 1130 1151 λόγος
1164 1080 1322 1150 ὤφθη
1342 1096 1357 1111 ⁸
1386 1081 1570 1133 οὐκέτι
1612 1079 1718 1148 γὰρ

144 1181 330 1234 αὐτῶν
378 1177 693 1249 ἐνεργοῦσιν
741 1177 795 1230 αί
847 1174 1032 1228 θυσίαι
1082 1173 1179 1226 τοῦ
1241 1171 1373 1226 ναοῦ
1439 1169 1719 1235 λυθέντος,

146 1272 504 1335 πεπτωκότος
549 1270 644 1324 τοῦ
687 1266 893 1338 βωμοῦ,
924 1266 1018 1319 καὶ
1053 1265 1236 1334 πάσης
1275 1264 1373 1334 τῆς
1417 1263 1506 1316 ἐπ’
1554 1263 1718 1318 αὐτοῦ

145 1362 421 1426 πολιτείας
456 1360 868 1432 διαφθαρείσης,
907 1357 1045 1412 ἀλλὰ
1077 1357 1185 1427 μὴν
1219 1355 1444 1426 καὶτῆς
1487 1356 1717 1420 πόλεως,

143 1455 278 1509 ῑνθα
325 1453 432 1506 ἔδει
480 1452 645 1522 μόνον
688 1452 786 1512 τὰς
818 1448 1013 1509 θυσίας
1055 1445 1156 1509 τὰς
1183 1446 1324 1499 κατὰ
1357 1447 1520 1516 νόμον
1551 1446 1723 1514 πράτο

144 1544 355 1601 τεσθαι.
385 1542 460 1595 Ού
491 1541 701 1612 χρῄζω,
732 1539 888 1608 φησὶ,
921 1535 1122 1590 θυσιῶν
1152 1534 1364 1602 ἀλόγων
1385 1576 1400 1601 ,
1426 1534 1551 1588 ἐπεὶ
1582 1535 1633 1587 τί
1661 1535 1723 1587 τὸ

146 1633 358 1688 κωλύον
382 1632 450 1686 τὰ
475 1630 638 1701 θηρία
667 1629 760 1683 καὶ
787 1628 852 1682 τὰ
882 1627 1054 1696 κτήνη
1082 1624 1489 1695 προσφέρεσθαι
1519 1641 1533 1690 ;
1565 1625 1722 1686 Ἴσως

145 1726 204 1778 δι
231 1725 406 1792 θηρία
429 1723 527 1776 καί
575 1721 765 1788 κτήνη
813 1721 881 1773 τὰ
920 1718 1047 1786 ἐθνη
1085 1716 1256 1784 λέγει·
1279 1717 1437 1782 ⁴βόας
1463 1717 1587 1778 τοὺς
1618 1717 1723 1771 ἀπὸ

147 1816 245 1870 τοῦ
275 1814 408 1870 λαοῦ
441 1813 550 1868 τῶν
589 1809 861 1866 Ἰουδαίων
888 1806 1288 1870 πιστεύσαντας
1312 1807 1486 1876 λέγει,
1526 1800 1600 1861 ὧν
1624 1807 1724 1878 τὴν

1818 627 2117 680 addiscant.

1889 806 2050 861 Vens.
2086 807 2140 861 8.
2171 825 2188 857 ι
2229 805 2346 860 Νοιι
2373 806 2425 859 in
2460 803 2742 858 sacriﬁciis
2771 803 2876 856 luis
2899 817 3118 872 arguam
3145 810 3216 855 te.
3260 820 3277 852 ι

1889 898 2007 953 Non
2063 897 2359 952 credebant
2392 937 2406 961 ,
2443 895 2522 948 uti
2553 894 2864 952 veroaimiie
2901 901 2984 947 est
3019 933 3032 958 ,
3069 890 3241 949 Judzei
3273 893 3390 950 haec

1820 990 2146 1054 audientes;
2203 997 2257 1042 et
2297 987 2704 1049 addubitabant,
2764 989 2944 1038 utrum
3004 985 3121 1038 lucc
3167 985 3390 1038 omnino

1821 1076 2042 1131 evenire
2083 1081 2335 1144 possent;
2380 1088 2527 1128 nunc
2559 1087 2688 1126 vero
2719 1085 2900 1126 sermo
2932 1070 3110 1138 reipsa
3141 1083 3391 1137 compro.

1822 1167 1978 1221 batus
1999 1173 2084 1219 est
2107 1183 2119 1217 :
2147 1179 2258 1217 non
2283 1163 2426 1218 enim
2449 1163 2679 1231 amplius
2701 1176 2888 1216 eorum
2916 1160 3180 1215 sacriﬁcia
3213 1160 3392 1214 locum

1824 1256 2044 1318 habent,
2092 1253 2295 1323 templo
2342 1254 2639 1316 destructo,
2702 1251 2856 1306 altari
2900 1251 3158 1322 collapso,
3191 1259 3246 1305 et
3272 1250 3393 1303 uni~

1824 1362 1979 1400 versa
2010 1346 2252 1414 ipsorum
2291 1342 2760 1398 administratione
2785 1342 3030 1407 sublata;
3072 1341 3199 1411 quin
3231 1341 3394 1402 etiam

1824 1438 1957 1491 urbe
2009 1451 2231 1501 eversa,
2284 1435 2340 1489 in
2392 1451 2497 1505 qua
2550 1434 2852 1489 secundum
2903 1433 3076 1503 legem
3131 1432 3395 1487 sacriﬁcia

1825 1527 1938 1581 ﬁcri
1970 1528 2274 1597 oportebat.
2308 1525 2425 1580 Non
2453 1525 2685 1595 indigeo,
2722 1524 2917 1592 inquit.
2950 1522 3225 1578 sacriﬁciis
3260 1523 3393 1576 irra-

1825 1620 2136 1674 tionalibus.
2179 1619 2260 1673 A'd
2297 1618 2431 1678 haec.
2459 1618 2588 1687 quid
2641 1616 2784 1671 feras
2823 1626 2877 1670 et
2921 1614 3158 1685 pecudes
3197 1614 3393 1670 oﬂ‘erre

1824 1708 2143 1778 prohibuit?
2171 1707 2423 1762 Fortasse
2456 1722 2586 1763 vero
2617 1721 2713 1775 per
2742 1707 2881 1776 [eras
2907 1713 2961 1759 et
2977 1705 3218 1773 jumenta
3260 1719 3391 1773 gen-

1825 1807 1906 1853 tes
1930 1798 2180 1869 intelligit
2204 1816 2217 1865 ;
2242 1813 2336 1868 per
2355 1797 2502 1852 boves
2528 1805 2709 1851 autem
2733 1797 2850 1851 illos
2877 1795 2966 1864 qui
2994 1810 3057 1849 ex
3081 1795 3391 1852 Judreorum

147 1906 467 1977 προσφορὰν
511 1903 846 1972 κεκτημένος
909 1900 1094 1954 οὐκέτι
1133 1898 1202 1950 τὰ
1253 1898 1403 1969 παρὰ
1451 1899 1546 1952 τοῦ
1592 1899 1722 1952 λαοῦ

1835 1890 2026 1959 populo
2063 1890 2444 1954 crediderunt;
2500 1904 2730 1958 quorum
2767 1887 3095 1942 oblationem
3143 1901 3397 1941 consecuv

148 1995 259 2047 τῶν
301 1993 610 2058 Ἰουδαίων,
642 1991 718 2054 ὡς
748 1988 978 2060 περιττὰ
1017 1986 1398 2058 προσδέχεταιο
1436 1988 1566 2060 περὶ
1613 1988 1722 2059 γάρ

149 2085 335 2139 αὐτῶν
367 2084 462 2136 καὶ
498 2082 565 2136 τὰ
594 2081 835 2152 ἑπόμενα
863 2080 1102 2149 λέγεται.

225 2175 474 2230 Ηεεεινὰ
523 2172 581 2226 δὲ
624 2172 718 2228 τοῦ
753 2171 984 2244 οὐρανοῦ
1021 2173 1146 2239 τοὺς
1174 2167 1472 2242 παρθενίαν
1507 2169 1722 2240 φιλοσο-

153 2266 388 2338 φοῦντας
429 2263 463 2336 ἢ
490 2264 817 2333 ἐγκράτειαν
846 2264 1038 2333 νόησον
1057 2279 1071 2296 ο
1111 2263 1414 2336 ἐπειδήπερ
1460 2263 1573 2317 άνω
1599 2262 1727 2332 περὶ

152 2358 245 2410 τὸν
311 2355 540 2426 οὐρανὸν
563 2395 582 2422 ,
641 2355 731 2408 [σα
787 2355 901 2416 τοῖς
957 2353 1211 2422 ἀγγέλοις
1271 2353 1724 2424 φιλοσοφοῦντες,

155 2448 435 2504 ῐπτανται.

226 2539 410 2610 Αὐτὴν
474 2539 575 2610 τήν
639 2537 974 2609 Ἐκκλησίαν
1036 2537 1185 2605 λέγει
1245 2538 1573 2607 ὡραιότητα
1620 2538 1728 2592 τοῦ

153 2631 362 2701 ἀγροῦ,
398 2629 599 2702 δηλαδὴ
637 2628 729 2684 τοῦ
761 2629 966 2700 κόσμου
1002 2629 1376 2699 τυγχάνουσαν
1401 2645 1417 2661 .
1447 2631 1728 2701 εὐπρεπὴς

158 2724 269 2794 γὰρ
301 2721 521 2790 ἐγένετο
552 2724 619 2792 τῇ
667 2720 759 2774 τοῦ
795 2721 1173 2791 βαπτίσματος
1208 2722 1426 2792 χάριτι·
1466 2721 1592 2774 ὅθεν
1628 2721 1729 2774 οὐκ

156 2812 336 2880 εἷπεν,
364 2813 500 2881 παρ’
534 2812 665 2881 ἐμοί
696 2811 896 2877 ἐστιν,
923 2810 1056 2865 ἀλλὰ
1081 2853 1096 2877 ,
1117 2813 1243 2881 μετ’
1273 2813 1417 2881 ἐμοῦ
1437 2813 1626 2876 ἐστιν,
1653 2812 1730 2875 ὡς

158 2905 349 2976 νύμφη
390 2903 624 2974 νυμφίου
645 2919 660 2934 ’
695 2901 884 2956 τούτου
917 2901 1025 2971 γὰρ
1052 2897 1188 2956 εἶναι
1223 2905 1255 2969 ή
1299 2902 1594 2973 Ἐκκλησία
1635 2903 1728 2956 τοῦ

161 2995 399 3066 Χριστοῦ
435 2993 736 3063 νομίζεται,

238 3107 256 3140 ι
297 3087 470 3142 Θῦσον
496 3085 575 3156 τῷ
608 3085 729 3155 Θεῷ
758 3083 1254 3147 θυσίαν-αἰνέσεως.
1295 3103 1314 3136 ι

238 3178 400 3232 Γενοῦ
430 3218 445 3242 ,
473 3178 646 3248 φησὶ,
675 3178 786 3240 τοῖς
811 3176 1066 3244 ἀγγέλοις
1108 3175 1404 3246 ἐφάμιλλος
1431 3193 1444 3207 ·
1496 3177 1733 3249 μίμησαι
1762 3217 1803 3272 C

159 3273 228 3340 τῇ
260 3268 535 3337 δοξολογίᾳ
569 3266 636 3319 τὰ
667 3266 952 3336 Σὶεραςρίμ⁶
991 3265 1251 3335 διήγησαι
1275 3265 1528 3334 καθάπερ
1567 3265 1615 3317 oi
1646 3265 1736 3317 ού-

162 3362 320 3434 ρανοὶ
353 3359 511 3423 δόξαν
533 3358 668 3411 Θεοῦ
696 3373 709 3388 ’
743 3357 905 3416 θύσον
936 3355 1129 3410 Θυσίαν
1157 3357 1336 3425 ἥνπερ
1363 3354 1514 3408 πᾶσα
1543 3356 1576 3424 ή
1617 3355 1736 3407 κτί-

161 3469 249 3514 σις
297 3448 597 3522 προσφέρει
661 3446 959 3513 δοξάζουσα
998 3444 1279 3516 διηνεκῶς.
1323 3445 1484 3505 Ἴσως
1543 3442 1601 3494 δὲ
1645 3443 1738 3498 καὶ

159 3544 385 3597 θυσίαν
430 3541 718 3606 αἰνέσεως
751 3538 850 3600 τὰς
888 3537 1090 3608 ἀρετὰς
1129 3536 1296 3605 λέγει,
1340 3536 1408 3590 δι’
1450 3529 1524 3588 ὧν
1551 3537 1578 3587 6
1605 3535 1738 3598 Θεὸς

163 3634 398 3687 αίνεῖται
421 3669 438 3695 ,
470 3629 752 3684 τουτέστιν
777 3629 1116 3698 εὖφημεῖται
1143 3629 1237 3681 καὶ
1283 3628 1564 3694 δοξάζεται
1586 3647 1599 3661 ·
1635 3632 1740 3701 μέμ

163 3725 326 3776 λ.στα
343 3723 535 3792 διόπερ
553 3725 663 3788 τοῖς
725 3721 1046 3786 ἀποστόλοις
1077 3720 1262 3790 ἔλεγεν
1287 3737 1300 3751 ο
1342 3721 1643 3790 Λαμψὰτω
1674 3722 1738 3776 τὸ

163 3813 290 3882 φῶς
318 3811 485 3882 ὑμῶν
509 3813 851 3880 ἔμπροσθεν
875 3809 997 3862 τῶν
1028 3809 1377 3879 ἀνθρώπων,
1419 3810 1576 3876 ὅπως
1609 3811 1741 3864 Idu-

161 3921 229 3960 σι
262 3905 336 3959 τὰ
351 3906 507 3961 καλὰ
532 3900 699 3971 ὑμῶν
724 3900 892 3971 ἔργα,
924 3901 1020 3954 καί
1039 3899 1361 3966 δοξάζουσι
1391 3903 1495 3956 τὸν
1513 3903 1741 3970 Πατέρα

163 3995 331 4065 ὑμῶν
368 3994 475 4047 τὸν
498 3994 566 4047 ἐν
595 3992 720 4059 τοῖς
746 3991 1049 4058 οὐρανοῖς.

236 4083 428 4150 Θλίψιν
473 4082 527 4136 δὲ
569 4081 659 4134 τὸν
695 4081 1027 4150 πειρασμᾲν,
1050 4079 1143 4134 τὸν
1174 4081 1324 4152 παρὰ
1348 4081 1674 4154 ἀνθρώπων,
1706 4080 1739 4152 ἢ

161 4173 260 4228 τοῦ
291 4173 507 4228 Σατανᾶ
547 4170 834 4240 γινόμενον
874 4169 1089 4240 νόησον.
1132 4171 1234 4222 “Av
1272 4171 1452 4224 τοίνυν
1496 4172 1615 4226 τότε
1649 4172 1742 4225 τὸν

163 4267 300 4320 θεὸν
351 4261 833 4331 ἐπικαλεσώμεθα,
869 4260 1130 4325 ἐξελείται
1186 4262 1351 4332 ἡμᾶς,
1391 4262 1581 4335 ὥσπερ
1611 4263 1741 4317 ποτὲ

163 4358 265 4428 τὴν
329 4355 609 4409 Σουσάναν
653 4352 926 4429 ἐξείλετο·
990 4353 1084 4407 καὶ
1141 4353 1364 4416 εἰκότως
1416 4355 1580 4409 αὑτὸν
1639 4372 1742 4408 πα-

168 4448 392 4520 ράδοξον
413 4449 543 4518 ἡμῖν
565 4442 1038 4514 οἰκονομουμένων
1063 4443 1407 4512 πραγμάτιον
1425 4443 1740 4515 δοξάζομεν.

243 4558 264 4588 ε
299 4537 493 4590 Σύνετε
520 4536 582 4605 δὴ
614 4533 811 4598 ταῦτα,
837 4534 887 4585 oi
921 4533 1428 4603 ἐπιλανθανόμενοι.
1467 4552 1486 4584 ι

241 4632 349 4700 Τὴν
400 4629 614 4700 ἡμέραν
646 4627 958 4696 ὑπογραφεῐ
984 4624 1081 4678 τοῦ
1125 4625 1376 4690 θανάτου,
1399 4628 1456 4679 ἐν
1544 4625 1738 4679 καλού-

169 4740 332 4794 μενος
364 4724 596 4784 ἐκαστος
646 4721 787 4789 μετὰ
829 4719 1028 4788 τάχους
1063 4718 1394 4788 ἁρπάζεταιο
1427 4719 1590 4772 Ὥστε
1634 4721 1743 4790 χρὴ

167 4815 305 4883 πρὸς
328 4811 555 4881 ἀλειφὴν
581 4810 690 4864 τῶν
733 4808 1151 4878 ἁμαρτημάτων
1186 4810 1332 4874 ἰδεῖν,
1356 4811 1459 4873 ἕως
1494 4813 1624 4880 ήμίν
1663 4813 1743 4872 εἰς

169 4904 466 4977 μετάνοιαν
489 4899 678 4972 καιρὸς
703 4898 1073 4968 δαψιλεύεται.

252 5097 269 5127 ι
299 5078 474 5132 Θυσία
500 5078 756 5137 αίνέσεως
791 5073 1004 5137 δοξάσει
1046 5092 1133 5144 με.
1171 5095 1190 5128 ι

244 5169 341 5230 Τίς
364 5163 499 5238 αῦτη
529 5167 621 5223 καὶ
645 5167 774 5219 ποία
803 5164 918 5226 ὁδός
946 5181 961 5228 ;
989 5169 1050 5220 Ἡ
1088 5167 1341 5221 κοινωνία
1365 5167 1459 5224 τοῦ
1488 5171 1745 5223 Δεσποτι-

169 5258 272 5312 κοῦ
307 5259 561 5330 σώματός
590 5275 649 5311 τε
679 5261 773 5313 καὶ
801 5263 1052 5332 αἵματος,
1094 5262 1164 5333 ἣν
1188 5262 1350 5323 αὐτὸς
1368 5262 1501 5329 ἡμῖν
1529 5260 1747 5328 πρῶτος

169 5353 231 5404 ἐν
262 5355 337 5422 τῇ
386 5351 524 5404 Σιὼν
566 5354 981 5424 καταρξάμενος
1011 5353 1233 5421 ἐδειξεν.
1297 5353 1521 5424 Ἐπειδὴ
1567 5353 1748 5406 τοίνυν

172 5445 254 5507 είς
274 5443 545 5515 λύτρωσιν
575 5445 684 5498 τῶν
705 5446 1125 5516 ἁμαρτημάτων
1149 5447 1262 5508 τοῖς
1285 5446 1353 5496 λα
1362 5443 1629 5514 μᾶάνσυσι
1660 5445 1747 5498 δέ-

168 5535 344 5598 δοται,
381 5535 606 5600 εἰκότως
635 5537 754 5591 ἐστὶ
797 5539 1064 5608 σωτήριον
1091 5536 1185 5590 τοῦ
1222 5536 1358 5591 Θεοῦ
1390 5553 1403 5566 °
1437 5537 1663 5598 εἰκότως
1695 5537 1750 5590 δέ

171 5629 270 5680 καὶ
298 5627 415 5688 ὁδὸς
446 5625 561 5688 πῶς
591 5627 671 5689 είς
704 5626 931 5696 οὐρανὸν
964 5626 1182 5680 ὁδεῦσαι
1223 5630 1336 5691 τοῖς
1368 5627 1425 5680 ὃν
1445 5626 1524 5679 δεῖ
1555 5625 1756 5698 τρόπον

168 5718 630 5787 πρησευχομένοις
659 5717 992 5774 δεικνύουσα.

248 5830 290 5860 ιδ
324 5828 513 5884 Matth.
556 5847 606 5893 ν,
649 5831 728 5888 Hi.

1829 1987 1947 2043 tus,
1984 1994 2092 2032 non
2140 1980 2370 2049 amplius
2411 1979 2640 2036 admittit
2672 1979 2812 2033 dona
2841 1978 3174 2042 Judteorum,
3213 1985 3398 2049 utpote

1829 2068 2106 2138 superﬂua
2136 2087 2148 2123 :
2182 2085 2306 2123 nam
2341 2071 2407 2124 de
2445 2070 2547 2123 illis
2576 2069 2857 2137 sequentia
2891 2069 3163 2122 dicuntur.

1902 2159 2147 2214 Volatilia
2182 2175 2314 2214 vero
2341 2160 2460 2214 εωιί
2492 2174 2587 2214 eos
2613 2159 2878 2229 intellige,
2907 2160 2998 2230 qui
3033 2159 3399 2230 virginitatem

1827 2260 1881 2304 et
1898 2251 2282 2305 continentiam
2311 2252 2534 2306 colunt:
2561 2251 2824 2320 siquidem
2855 2251 2906 2306 hi
2956 2267 3189 2322 superne
3255 2252 3399 2310 circa

1827 2343 2020 2400 malum
2054 2352 2304 2414 tanquam
2339 2343 2511 2415 angeli
2547 2343 2737 2400 intenti
2767 2344 2966 2403 volant.

1901 2542 2348 2596 Puto/tritudinem
2395 2539 2513 2610 agri
2558 2538 2688 2594 dicit
2746 2537 2919 2607 ipsam
2960 2535 3292 2602 Ecclesiam,
3339 2545 3401 2594 ut

1833 2649 1954 2703 quia
2009 2635 2078 2686 sit
2142 2631 2330 2686 mundi
2391 2628 2740 2699 pulchritudo
2795 2643 2974 2682 :nam
3029 2626 3251 2698 pulchra
3305 2641 3405 2696 per

1833 2723 2089 2794 baptismi
2137 2722 2362 2794 gratiam
2414 2720 2552 2775 facta
2586 2730 2688 2775 est.
2720 2718 2875 2775 Unde
2922 2734 3031 2774 non
3072 2719 3227 2784 dixit,
3259 2720 3402 2788 apud

1836 2834 1917 2869 me
1977 2826 2090 2879 est;
2154 2815 2271 2878 sed,
2333 2830 2535 2868 mecum
2577 2822 2673 2876 est,
2715 2821 2968 2882 tanquam
3019 2804 3218 2880 sponsa
3279 2827 3402 2866 cum

1838 2923 2040 2977 sponso
2071 2924 2086 2962 :
2120 2907 2282 2977 hujus
2309 2906 2454 2961 enim
2479 2945 2494 2971 ,
2523 2905 2728 2961 scilicet
2756 2903 2979 2968 Christi,
3017 2902 3254 2960 Ecclesia
3286 2919 3404 2960 esse

1839 3008 2060 3053 censetu
2069 3015 2111 3051 Γ.

1909 3086 2070 3144 Vens.
2104 3089 2192 3143 H.
2231 3106 2249 3139 ι
2296 3087 2524 3143 Immola
2555 3085 2667 3142 Deo
2696 3087 3018 3144 sacriﬁcium
3049 3087 3244 3144 laudis.
3277 3107 3295 3141 ι

1907 3180 2059 3245 Esto,
2106 3179 2302 3250 inquit,
2349 3193 2575 3234 consors
2615 3181 2851 3252 angelis;
2885 3180 3096 3235 imitare
3137 3180 3408 3252 gloriﬁca-

1839 3268 1986 3322 tione
2031 3266 2314 3339 Seraphim
2363 3283 2600 3322 :enarra
2631 3268 2772 3322 sicut
2820 3268 2939 3323 coeli
2987 3268 3208 3338 gloriam
3260 3267 3352 3322 Dei
3389 3287 3402 3324 :

1839 3359 2058 3414 immola
2097 3358 2442 3422 sacriﬁcium,
2482 3358 2625 3427 quod
2659 3358 2836 3412 munis
2863 3358 3105 3412 immolat
3136 3368 3407 3424 creatura,

1840 3452 1970 3506 dum
2003 3451 2347 3506 continenter
2393 3447 2562 3504 Deum
2609 3449 2810 3504 laudat.
2847 3449 3006 3503 Forte
3039 3459 3168 3503 Vero
3199 3450 3411 3518 sacri/i.

1840 3545 1978 3596 cium
2007 3542 2179 3595 laudh
2212 3542 2441 3596 virtutes
2473 3541 2740 3611 intelligit,
2773 3555 2867 3610 per
2893 3556 3026 3610 quas
3053 3539 3196 3594 Deus
3224 3541 3411 3594 lauda~

1841 3643 1929 3688 tur
1956 3647 1969 3697 ;
2003 3633 2110 3687 hoc
2129 3641 2234 3693 est.
2268 3632 2610 3687 benedicitur
2637 3640 2691 3685 et
2715 3631 3042 3701 gloriﬁcatur
3065 3649 3078 3696 ;
3109 3631 3409 3701 praesertim

1841 3735 1967 3776 cum
2000 3720 2260 3789 apostolis
2297 3719 2530 3777 dixerit:
2561 3720 2753 3773 Luceat
2785 3720 2876 3774 tua:
2905 3730 3075 3774 vestra
3107 3737 3284 3773 coram
3315 3722 3409 3773 Iio~

1846 3813 2095 3876 minibus,
2131 3821 2189 3865 ut
2239 3813 2444 3865 videant
2473 3827 2630 3879 opera
2660 3825 2831 3865 vestra
2861 3814 3015 3876 bona,
3048 3821 3096 3865 et
3123 3811 3411 3880 gloriﬁcent

1841 3903 2060 3958 Patrem
2091 3912 2314 3957 vestrum
2349 3903 2439 3972 qui
2468 3903 2523 3955 in
2557 3903 2696 3956 caelia
2726 3913 2797 3956 est
2830 3903 2894 3954 ¹⁶.

1916 4079 2346 4135 Tribuiationem
2384 4091 2566 4135 autem
2606 4079 2848 4148 ittteiiige
2875 4080 3254 4144 tentationem.
3294 4097 3416 4150 quas

1841 4173 1911 4227 ab
1951 4170 2264 4226 hominibus
2299 4171 2385 4225 vel
2414 4186 2444 4225 a
2474 4170 2674 4229 Satana
2714 4170 2945 4224 exsistit.
2985 4170 3040 4224 Si
3074 4171 3255 4239 itaque
3285 4180 3415 4230 tunc

1845 4261 2010 4316 Deum
2040 4262 2494 4324 lnvocaverimus,
2521 4262 2706 4331 utique
2733 4261 2926 4331 eripiet
2947 4277 3064 4326 nos,
3090 4262 3230 4317 sicut
3249 4276 3418 4332 quonv

1844 4354 1966 4408 dam
1998 4354 2303 4409 Susannam
2325 4355 2525 4423 eripuit
2552 4373 2564 4408 :
2601 4355 2792 4421 rtjure
2818 4353 3012 4407 merito
3045 4353 3222 4423 ipsam
3255 4355 3416 4411 rebus

1847 4447 1948 4500 rite
1982 4446 2217 4515 peractis
2240 4446 2543 4502 mirabilem
2577 4445 2954 4514 praedicamus.

1775 4546 1818 4598 ι)
1922 4535 2081 4590 Vens.
2113 4537 2206 4592 2‘2.
2240 4553 2261 4587 ι
2305 4535 2596 4606 lnteiligite
2629 4536 2744 4591 haec
2773 4537 2864 4606 qui
2891 4536 3296 4592 obliviscimini.
3335 4555 3353 4586 ι

1921 4625 2072 4679 Diem
2134 4627 2326 4682 mortis
2367 4626 2648 4692 describit,
2699 4627 2752 4680 in
2783 4643 2890 4696 qua
2927 4627 3157 4697 quisque
3195 4634 3418 4682 vocatus

1846 4716 2096 4771 celeriter
2132 4715 2360 4786 rapitur.
2397 4715 2576 4781 Quare
2607 4726 2845 4787 oportet,
2895 4731 3015 4787 quae
3055 4719 3120 4772 ad
3152 4719 3420 4776 abolenda

1849 4808 2074 4864 crimina
2136 4808 2430 4879 pertinent,
2497 4823 2599 4863 nos
2639 4823 2966 4879 cognoscere
3006 4824 3069 4864 ac
3114 4809 3417 4878 providere,

1849 4900 2092 4969 quandiu
2128 4898 2286 4954 nobis
2304 4899 2372 4954 ad
2396 4898 2658 4969 agendam
2681 4898 3059 4968 paenitentiam
3085 4898 3298 4952 occasio
3325 4914 3422 4952 ex.

1854 4990 2096 5048 hibetur.

1925 5079 2084 5138 Vsus.
2117 5080 2207 5135 23.
2257 5077 2595 5135 Sacriﬁcium
2625 5078 2800 5132 laudis
2846 5076 3227 5133 honoriﬁcabit
3252 5093 3358 5132 me.
3400 5096 3416 5130 ι

1922 5171 2185 5238 Quaenam
2219 5178 2274 5224 et
2307 5169 2487 5239 qualis
2519 5178 2603 5224 est
2635 5170 2752 5223 haec
2786 5168 2916 5222 via?
2942 5167 3209 5221 Nimirum
3245 5168 3425 5222 Domiv

1853 5261 1964 5316 nici
2022 5261 2268 5329 corporis
2321 5269 2378 5314 et
2433 5259 2714 5330 sanguinis
2758 5258 3200 5324 communicatio,
3262 5273 3424 5327 quam

1854 5351 2009 5422 prius
2050 5351 2167 5419 ipse
2197 5349 2354 5404 nobis
2393 5349 2451 5402 in
2487 5347 2620 5404 Sion
2663 5349 3040 5404 demonstrare
3068 5350 3251 5420 erepit.
3291 5350 3426 5407 Cum

1855 5457 1982 5514 ergo
2034 5442 2088 5497 in
2151 5441 2581 5512 redemptionem
2630 5449 2976 5511 peccatorum
3037 5441 3429 5514 accipientibus

1859 5533 2112 5588 traditum
2147 5533 2241 5597 sit,
2274 5532 2470 5588 merito
2490 5539 2575 5591 est
2603 5532 2839 5591 salutare
2875 5529 2968 5586 Bel
3007 5550 3020 5586 :
3065 5531 3261 5585 merito
3294 5545 3431 5598 quo.

1856 5639 1964 5691 que
1992 5625 2078 5677 via
2098 5631 2203 5687 est,
2226 5639 2348 5691 quae
2374 5623 2837 5692 quemadmodum
2866 5621 2919 5675 in
2951 5622 3147 5676 coelum
3175 5622 3252 5675 ire
3278 5635 3429 5691 oper.

1862 5725 1971 5776 teat
1999 5716 2284 5776 orantibus
2314 5715 2572 5771 ostendit.
