4158 6450
785 403 920 467 1199

1368 514 1684 569 PSALiiL'S
1714 515 1773 568 1,.

854 608 1016 661 νιος.
1076 607 1122 659 l.
1163 626 1179 656 ι
1227 606 1281 659 In
1324 607 1509 667 tinem,
1554 607 1793 674 psalmus
1826 604 2011 667 David,
2044 622 2167 659 cum
2201 608 2349 660 venit

780 698 845 751 ad
874 713 1000 750 cum
1066 696 1275 750 Nathan
1320 698 1625 768 propheta,
1698 696 1917 765 quando
1988 696 2209 750 intravit
2281 698 2348 751 ad

780 787 1096 841 uellisabce.
1127 805 1148 838 ι

846 877 1140 932 Clariorem
1179 877 1315 931 liber
1353 876 1559 947 Regum
1592 877 1875 931 historiam
1916 880 2179 931 continet.
2216 877 2347 931 Nam

778 983 903 1021 cum
920 967 1087 1023 David
1102 984 1133 1023 e
1146 970 1308 1023 domo
1326 984 1423 1023 sua
1436 970 1814 1038 conspexisset
1832 969 2098 1023 Bersabee
2124 985 2346 1023 uxorem

780 1056 924 1112 Uria:
958 1057 1150 1112 liettci
1180 1073 1239 1112 se
1271 1058 1541 1112 lavantem
1562 1098 1577 1123 ,
1602 1067 1659 1113 et
1687 1060 1814 1113 inde
1835 1060 1891 1113 in
1911 1075 2032 1113 eam
2056 1061 2349 1130 cupiditate

779 1152 1093 1215 exarsisset,
1161 1165 1448 1205 accersens
1497 1150 1663 1215 illam,
1717 1167 1843 1206 cum
1888 1167 1952 1205 ea
2005 1154 2345 1207 concubuit:

778 1257 903 1295 eum
941 1251 1123 1296 autem
1162 1242 1525 1311 concepisset,
1558 1244 1767 1296 veritus
1814 1241 2019 1307 Uriam,
2055 1245 2266 1298 curavit
2292 1256 2350 1298 ut

782 1334 940 1388 Urias
970 1335 1072 1389 sub
1103 1334 1241 1389 duce
1268 1334 1404 1388 Joab
1436 1335 1489 1386 in
1519 1334 1689 1403 prima
1724 1334 1842 1387 acie
1871 1349 2120 1403 pugnans
2144 1337 2347 1389 consti-

781 1437 1063 1489 tueretur;
1116 1435 1277 1494 atque
1313 1426 1385 1478 ita
1415 1440 1511 1494 per
1537 1426 1872 1496 alienigenas
1903 1428 2080 1497 ipsum
2124 1429 2346 1482 occidit.

782 1519 1010 1587 Propter
1055 1518 1172 1572 haec
1215 1518 1389 1571 iratus
1438 1517 1600 1579 Deus,
1650 1518 1797 1571 misit
1820 1519 1886 1572 ad
1936 1520 2086 1572 illum
2133 1518 2347 1573 Nathan

780 1610 1125 1678 prophetam,
1178 1617 1238 1663 ut
1276 1608 1352 1662 illi
1400 1617 1623 1677 prOpter
1673 1609 1877 1663 eaedem
1919 1619 1976 1663 ct
2018 1611 2349 1665 adulterium

778 1701 1240 1755 comminaretur:
1292 1714 1402 1767 quo
1436 1700 1607 1763 iacto,
1656 1698 1822 1753 David
1864 1700 1930 1753 ad
1968 1702 2347 1769 penitentiam

777 1805 1074 1845 conversus
1100 1790 1318 1859 scripsit
1360 1790 1508 1844 hunc
1552 1790 1819 1860 psalmum
1845 1830 1861 1854 ,
1888 1792 2113 1846 minime
2142 1793 2350 1847 veritus

1972 404 2327 463 liESYCHIi
2368 405 2835 471 I'RESBYTERI

3916 418 4051 481 1200

3043 525 3135 576 ΨΑ
3148 526 3183 576 .\
3192 525 3333 579 ΜΟΣ
3367 528 3446 578 .\".

2535 629 2553 659 ι
2594 613 2681 674 Εἰς
2717 617 2778 664 τὸ
2810 614 2960 675 τέλος
2986 656 3002 675 .
3037 615 3255 683 ψιλμὺς
3301 617 3381 686 τῷ
3412 618 3577 670 Arx-ﬁxi
3664 622 3725 670 ἐν
3755 620 3838 688 τῷ
3872 620 4049 671 ἐλθεῖν

2457 702 2596 772 πῴς
2624 704 2787 755 αὐτὸν
2810 704 2998 758 Νάθαν
3022 708 3113 758 τὸν
3136 710 3445 779 προφήτην,
3473 710 3635 779 ἡνίκα
3653 711 3884 781 εἰσῆλθε
3914 713 4051 781 πρὸς

2458 794 2762 864 Βηρσαϐεέ.
2803 816 2823 848 ι

2530 886 2872 957 Σαφέστερον
2917 890 3019 959 τὴν
3064 890 3305 961 ἱστορίαν
3335 894 3369 962 ἡ
3413 892 3595 961 βίϐλος
3616 895 3730 947 τῶν
3764 896 4049 948 Bazaira-.-

2457 978 2743 1047 κέκτηται.
2788 981 2901 1049 Τὴν
2930 983 3219 1051 Βηρσαεεὲ
3250 986 3360 1055 γὰρ
3394 987 3594 1056 Οὐρίου
3621 988 3720 1041 τοῦ
3758 990 4044 1057 Χετμαῖω

2455 1074 2689 1135 γυναῖκα
2735 1074 3112 1141 τυγχάνωσιν
3158 1075 3460 1147 λουομένην
3503 1081 3612 1133 ἀπο
3650 1081 3750 1134 τοῦ
3788 1083 4045 1149 δώματος

2455 1163 2575 1215 τότε
2597 1163 2761 1217 Δαϐίδ
2789 1165 3143 1236 θεασάμενος,
3186 1164 3305 1221 εἶτα
3350 1172 3604 1239 ἐρασθεὶς
3631 1174 3881 1234 καλέσας
3920 1191 4043 1224 συν-

2456 1254 2695 1317 εγένετο.
2734 1254 2824 1307 Ἐν
2848 1260 3049 1327 γαστρὶ
3064 1259 3122 1312 δὲ
3142 1259 3414 1330 λαϐούσης
3442 1264 3777 1331 αἰσχυνθεὶς,
3808 1265 3911 1315 τὸν
3941 1267 4015 1316 0-3
4038 1300 4041 1301 ν

2458 1344 2603 1410 ρίαν,
2634 1349 2822 1398 πεσεῖν
2845 1349 2904 1399 ἐν
2930 1349 3010 1417 τῷ
3036 1350 3260 1419 πολέμῳ
3288 1354 3703 1420 παρατάξαντος
3763 1355 3932 1408 Ἰωὶϐ
3954 1358 4042 1409 τοῦ

2458 1435 2766 1503 στρατηγοῦ
2789 1440 3169 1506 παρεσκεύαζε
3187 1442 3467 1512 πρόμαχον
3490 1447 3683 1513 στῆσαι
3696 1449 3789 1499 τὸν
3810 1450 3892 1500 Οὐ
3904 1452 4041 1517 ρίαν.

2456 1521 2630 1585 οὕτως
2653 1524 2749 1577 καὶ
2774 1526 2880 1577 ὑπὸ
2900 1528 3009 1579 τῶν
3033 1528 3352 1599 ἀλλοφύλων
3372 1533 3719 1589 ἀπέκτεινεν.
3758 1538 3893 1588 Ἐπὶ
3922 1540 4043 1590 τούξ

2454 1630 2570 1677 τοις
2614 1617 2643 1667 ό
2680 1616 2813 1679 Θεὸς
2853 1618 3154 1687 ὀργισθεὶς,
3198 1621 3387 1677 Νάθαν
3435 1626 3584 1695 αὖτῷ
3620 1627 3713 1680 τὸν
3750 1633 4043 1699 τῳςήτιςν

2455 1706 2782 1759 ἀπειλοῦντα
2810 1708 2900 1761 διὰ
2924 1710 3018 1763 τὸν
3046 1712 3207 1779 φόνον
3230 1716 3328 1768 καὶ⁵
3356 1716 3455 1784 τὴν
3484 1720 3735 1786 μοιχείαν
3766 1721 4041 1788 ἐπεμψεν.

2466 1790 2527 1844 ὐ
2556 1793 2614 1845 δὲ
2638 1796 2719 1853 είς
2746 1797 3041 1864 μετάνοιαν
3064 1800 3206 1870 ὁρῶν
3224 1801 3442 1873 ψαλμὸν
3464 1806 3557 1857 τὸν
3582 1808 3851 1876 ἐχόμενον
3878 1812 4042 1880 ἔγρα-

780 1886 884 1937 hoe
912 1883 1111 1936 vulnus
1141 1897 1301 1936 suum
1332 1883 1638 1951 propalare,
1666 1891 1726 1936 ut
1756 1884 2131 1953 peccatoribus
2166 1884 2342 1953 pomi-

2452 1881 2554 1951 ψεν
2573 1884 2675 1936 οὐκ
2731 1888 3046 1956 αἰσχυνθεὶς
3096 1891 3455 1961 δημοσιεῦσαι
3508 1898 3569 1949 τὸ
3883 1874 4041 1964 ,πῖνλ

781 1975 962 2029 tentia-
988 1972 1292 2028 remedium
1318 1974 1603 2028 indicaret.

846 2171 1017 2241 Rogat
1059 2168 1228 2225 deleri
1257 2169 1617 2239 iniquitatem,
1646 2169 1719 2224 ita
1752 2178 1812 2223 ut
1849 2185 1957 2223 non
1987 2169 2161 2224 solum
2185 2184 2345 2223 cure-

777 2274 867 2318 tur
890 2262 1088 2316 vulnus
1117 2302 1132 2325 ,
1168 2275 1355 2315 verum
1386 2276 1455 2313 ne
1483 2260 1702 2314 cicatrix
1734 2261 1955 2329 quidem
1989 2261 2341 2330 relinquatur.

776 2355 1137 2421 Quamobrem
1162 2353 1325 2407 etiam
1349 2352 1757 2406 miserationum
1780 2353 2185 2408 multitudinem
2214 2369 2345 2423 prae-

778 2445 982 2501 tendit:
1008 2460 1183 2515 neque
1209 2445 1356 2499 enim
1387 2444 1456 2498 ab
1477 2459 1581 2497 una
1602 2444 1974 2504 miseratione,
1996 2445 2099 2498 hoc
2116 2454 2217 2509 est,
2249 2461 2343 2498 ve-

777 2536 866 2590 nia
919 2535 1083 2589 unius
1137 2535 1322 2589 delicti
1370 2544 1620 2605 peccator
1663 2535 1857 2588 salvari
1904 2544 2101 2605 potest,
2137 2535 2233 2589 sed
2274 2536 2343 2589 ad

776 2631 944 2684 multa
988 2629 1170 2682 multis
1215 2642 1353 2697 Opus
1386 2635 1474 2681 est
1498 2626 1962 2693 miserationibus,
1990 2636 2051 2682 ut
2088 2628 2265 2681 minas
2287 2635 2343 2681 et

776 2717 1104 2789 supplicium
1141 2716 1484 2787 eﬂ‘ugiamus.

846 2884 964 2939 Non
1010 2884 1327 2955 simpliciter
1370 2883 1559 2950 lavari,
1593 2885 1687 2941 sed
1712 2886 1947 2956 amplius
1984 2889 2214 2959 rogavit,
2247 2903 2340 2957 pe-

777 2988 898 3032 tens
920 2985 978 3029 ut
1005 2976 1253 3046 purgatio
1277 2975 1490 3030 crimini
1514 2991 1611 3030 seu
1630 2976 1805 3047 lapsui
1826 2980 2172 3048 respondeat.
2205 2978 2340 3033 Nam

774 3068 1226 3139 quemadmodum
1246 3070 1414 3123 vestis
1430 3084 1618 3138 parum
1635 3070 1850 3125 sordida
1872 3070 2029 3125 facile
2043 3070 2275 3125 abluitur
2287 3080 2343 3125 et

776 3161 1110 3226 mundatur;
1168 3176 1289 3231 qua:
1345 3176 1475 3215 vero
1521 3160 1753 3215 multum
1807 3170 1864 3215 et
1906 3162 2106 3231 saepius
2151 3162 2341 3218 sordes

775 3253 1065 3318 contraxit,
1098 3224 1296 3323 maiori
1348 3252 1529 3307 studio
1560 3260 1616 3305 et
1646 3252 1834 3306 labore
1861 3224 2191 3323 extergenda
2216 3261 2302 3306 est
2326 3268 2340 3317 ;
2370 3224 2414 3281 θ

777 3346 857 3399 sic
885 3352 943 3398 et
969 3345 1171 3407 anima,
1197 3359 1317 3413 qua:
1340 3344 1506 3398 semel
1525 3353 1580 3398 et
1597 3360 1761 3414 parva
1784 3346 2111 3413 peccaverit,
2134 3346 2341 3399 medio-

775 3434 854 3487 cri
883 3433 1199 3503 paenitentia
1224 3441 1481 3502 purgatur
1512 3450 1527 3486 :
1558 3448 1683 3487 cum
1722 3448 1853 3487 vero
1882 3433 2066 3488 multis
2090 3442 2145 3488 et
2169 3433 2342 3503 gravi-

775 3526 879 3579 bus
899 3524 1109 3578 delictis
1147 3538 1265 3578 sese
1289 3524 1664 3588 obstrinxerit,
1697 3504 1803 3578 non
1830 3525 1933 3578 levi
1950 3533 2004 3579 et
2026 3525 2341 3595 negligenti,

777 3615 873 3668 sed
932 3614 1199 3669 laboriosa
1250 3623 1305 3667 et
1346 3628 1539 3684 aspera
1580 3615 1897 3684 poenitentia
1943 3616 2162 3685 indiget,
2218 3630 2341 3669 cum

775 3704 1066 3760 multorum
1117 3704 1383 3759 bonormn
1434 3715 1655 3759 actuum
1707 3704 1987 3775 operibus.
2044 3705 2158 3758 Tali
2196 3707 2342 3760 enim

777 3793 1094 3865 pmnitentla
1118 3790 1261 3847 Deus
1289 3792 1461 3847 abluit
1489 3794 1680 3847 delicta
1719 3804 1925 3848 nostra.
1967 3792 2134 3849 Recte
2162 3804 2343 3849 autem

776 3893 1059 3955 peceatum
1091 3883 1431 3954 iniquitatem
1457 3886 1784 3955 appellavit;
1819 3886 2008 3941 volens
2031 3886 2341 3954 ostendere,

774 3991 845 4030 ne
910 3974 1012 4030 sibi
1068 3974 1323 4044 quidem,
1375 3990 1684 4045 quanquam
1744 3976 1876 4047 regi,
1932 3976 2104 4045 legem
2162 3986 2342 4032 trans-

773 4065 927 4136 gredi
958 4065 1184 4121 licuisse
1208 4085 1221 4121 :
1255 4081 1379 4121 nam
1406 4066 1607 4139 Regem
1634 4068 1877 4123 omnium
1906 4068 2229 4123 altissimum
2256 4068 2342 4123 ol-

775 4157 965 4212 tendit.

844 4247 1003 4303 Vens.
1028 4248 1080 4302 5.
1116 4267 1135 4302 ι
1177 4247 1441 4315 Quoniam
1494 4247 1839 4320 iniquitatem
1883 4264 2058 4305 meam
2105 4265 2207 4323 ego
2249 4266 2344 4307 co-

769 4354 989 4410 gnOSCO.
1030 4358 1049 4392 ι

842 4432 1064 4486 Beatum
1089 4439 1194 4495 est,
1223 4446 1349 4486 cum
1372 4431 1501 4503 quis
1519 4433 1801 4502 proprium
1844 4434 1995 4489 novit
2033 4444 2338 4506 peccatum,

2456 1976 2569 2037 τοῖς
2608 1976 2956 2047 ἁμαρτωλοῖς
2999 1982 3260 2055 ἀποδείξῃ
3305 1984 3409 2055 τῆς
3458 1990 3755 2057 μετανοίας
3802 1993 3869 2044 τί,
3904 1995 4039 2063 ξαρ.

2459 2084 2653 2136 μακον.

2538 2158 2954 2234 Ἐξαλειςρθῆναι
2981 2164 3085 2235 τὴν
3113 2168 3366 2238 ἀνομίαν,
3392 2170 3532 2225 ῶστε
3582 2174 3657 2245 μὴ
3685 2175 3857 2245 μόνον
3898 2178 4042 2246 Ξαθξ-

2455 2265 2541 2301 ναι
2584 2250 2648 2302 τὸ
2676 2251 2898 2323 τραῦμα
2925 2295 2941 2318 ,
2970 2255 3107 2309 ἀλλά
3141 2259 3275 2330 μηδὲ
3326 2261 3570 2330 μώλωπα
3614 2264 4039 2336 περιλειφθῆναι

2456 2342 2726 2413 βούλεται,
2766 2348 2855 2415 ἐφ’
2885 2342 2930 2417 ᾧ
2959 2350 3057 2402 καὶ
3088 2351 3197 2404 τῶν
3231 2354 3531 2425 οἰκτιρμῶν
3561 2357 3621 2410 τὸ
3652 2358 3872 2427 πλῆθος
3906 2377 4035 2428 προη

2451 2436 2634 2491 τείνει.
2668 2439 2801 2492 Οὐδὲ
2833 2441 2940 2512 γάρ
2972 2443 3065 2511 ἀφ’
3090 2445 3207 2507 ἑνὸς
3244 2447 3554 2518 οίκτιρμοῦ,
3586 2452 3905 2515 τουτέστιν,
3934 2453 4039 2504 ἀπο

2458 2530 2789 2601 συγγνώμης
2814 2533 2911 2601 τῆς
2930 2534 3113 2601 ἐφ’ὲνὶ
3142 2537 3547 2608 παραπτώματι
3576 2542 3823 2611 σωθῆναι
3848 2547 4039 2615 ἀμαρ-

2451 2619 2620 2683 τωλὸς
2652 2621 2916 2689 δύναται,
2951 2626 3165 2679 πολλῶν
3198 2629 3255 2681 δὲ
3283 2630 3378 2682 καὶ
3427 2632 3522 2685 ἐπὶ
3570 2634 3787 2697 πολλοῖς
3822 2639 4027 2701 οἰκτιρ

2455 2714 2575 2779 μοῖς
2602 2750 2617 2775 ,
2649 2711 2790 2765 ὥστε
2816 2713 3103 2784 διαφυγεῖν
3130 2718 3228 2789 τὴν
3262 2721 3514 2793 ἀπειλὴν,
3546 2725 3640 2777 καὶ
3674 2725 3775 2797 τὴν
3807 2728 4042 2782 κόλασιν

2452 2800 2753 2872 χρῄζομενο

2522 2893 2634 2963 Οὐχ
2661 2894 2845 2959 ἀπλῶς
2878 2895 3093 2963 πλῦναι,
3116 2898 3232 2951 ἀλλ’
3252 2900 3344 2952 ἐπὶ
3369 2900 3552 2955 πλεῖον
3588 2904 3874 2961 ἱκέτευσεν
3908 2911 4043 2964 ἀνα-

2450 2983 2625 3051 λόγως
2650 2985 2753 3057 ιντῷ
2798 2989 3101 3059 πταίσματι
3135 2994 3471 3062 παρακαλῶν
3498 2997 3749 3063 γενέσθαι
3800 3005 3909 3070 τὴν
3940 3006 4039 3055 κα-

2452 3072 2665 3146 θαρσιν.
2725 3079 2935 3149 Ὠσπερ
2983 3080 3091 3148 γάρ
3137 3082 3198 3134 τὸ
3238 3084 3339 3153 μὲν
3394 3087 3650 3155 ρυπωθὲν
3692 3093 4039 3163 συμμέτρως

2453 3167 2665 3235 ἱμάτιον
2716 3169 2953 3231 εὐκόλως
2999 3171 3262 3226 πλύνεται
3312 3178 3406 3227 καὶ
3449 3176 3777 3247 καθαίρεται
3808 3198 3825 3210 ’
3878 3184 3941 3235 το
3984 3186 4039 3236 'c“;

2446 3258 2586 3323 ἄγαν
2616 3259 2710 3312 καὶ
2752 3260 3015 3325 πολλάκις
3041 3302 3057 3326 ,
3100 3266 3524 3338 σπουδαιοτέρας
3550 3270 3746 3339 χρῄζει
3777 3274 3880 3323 καὶ
3914 3277 4035 3325 €7.1-

2445 3352 2611 3403 πόνου
2653 3352 2935 3418 πλύσεως,
2977 3356 3069 3409 τὸν
3094 3358 3257 3411 αὑτὸν
3282 3360 3347 3429 δὴ
3397 3362 3600 3430 τρόπον
3636 3364 3816 3435 ψυχὴ,
3853 3369 3887 3436 ἡ
3938 3370 4039 3437 μὲν

2445 3438 2589 3530 ἅπαξ
2632 3442 2986 3513 ἀμαρτηκυῖα
3024 3447 3119 3499 καὶ
3161 3450 3383 3519 μέτρια,
3420 3454 3729 3523 συμμέτρῳ
3768 3460 4039 3530 μετανοίᾳ

2445 3529 2768 3601 καθαίρεται
2791 3548 2807 3563 ο
2851 3533 3025 3586 πολλά
3050 3536 3108 3587 δὲ
3148 3538 3275 3591 ὅταν
3304 3540 3442 3609 αὐτῇ
3476 3543 3567 3592 καὶ
3602 3541 3825 3609 χαλεπά
3854 3545 4036 3615 ἀμαρ-

2444 3622 2664 3691 τήματα
2693 3624 2937 3694 γένηται,
2966 3627 3029 3678 οὐ
3055 3628 3161 3697 χρὴ
3198 3630 3478 3699 πάρεργον
3503 3626 3667 3696 εἶναι,
3717 3634 3863 3686 ἀλλὰ
3896 3639 4036 3705 μετα

2446 3710 2608 3762 πόνου
2640 3712 2837 3766 πολλοῦ
2879 3716 2973 3767 καὶ
3016 3716 3268 3787 πράξεων
3314 3720 3533 3788 ἀγαθῶν
3578 3724 3678 3789 τὴν
3711 3727 4033 3794 μετάνοιαν.

2445 3801 2633 3874 Ταύτῃ
2663 3803 2772 3874 γὰρ
2816 3806 2846 3856 ὁ
2886 3805 3019 3868 Θεὸς
3052 3807 3242 3860 πλύνει
3268 3810 3337 3862 τὰ
3385 3810 3632 3881 ἡμέτερα
3676 3817 4031 3885 πταίσματα.

2445 3894 2643 3957 Καλῶς
2661 3896 2717 3947 δὲ
2740 3896 2840 3966 τὴν
2870 3899 3145 3969 ἁμαρτίαν
3169 3901 3400 3970 ἀνομίαν
3428 3904 3874 3970 ὲκά).εσε,δεῖξαι
3910 3911 4036 3979 βου-

2445 3985 2651 4053 ληθεὶς,
2680 3989 2762 4041 ὅτι
2786 3988 2909 4042 οὐδὲ
2938 3990 3087 4061 αὐτῷ
3111 3991 3275 4061 νόμον
3302 3994 3662 4063 παραϐαίνειν
3691 3997 3850 4069 ἐξῆν,
3871 4005 3921 4054 εἰ
3941 4005 4034 4055 καί

2447 4077 2697 4146 βασιλεὺς
2730 4080 3018 4148 ἐτύγχανε.
3041 4082 3260 4135 Βασιλεῖ
3280 4083 3386 4153 γὰρ
3409 4084 3489 4154 τῷ
3516 4085 3737 4141 πάντων
3769 4090 4034 4160 ὑῂλοτέ-

2450 4182 2527 4237 ρῳ
2553 4167 2984 4238 προσέκρουσεν.

2522 4275 2540 4307 ι
2582 4256 2704 4311 Ὀτι
2730 4256 2829 4328 τὴν
2855 4248 3088 4331 ἀνομίαν
3129 4278 3233 4331 μου
3262 4262 3373 4333 ἐγὼ
3399 4266 3669 4335 γινώσκω.
3711 4286 3730 4320 ι

2513 4432 2797 4503 Μακάρων
2825 4435 2955 4488 ὅταν
2974 4452 3057 4499 τις
3088 4398 3299 4491 οἰκείαν
3324 4438 3597 4511 ἁμαρτίαν
3619 4444 3939 4513 ἐπίσταται,
3976 4453 4033 4503 ἐν

768 4532 821 4575 et
847 4522 1197 4577 continenter
1237 4532 1365 4578 ante
1400 4522 1587 4576 oculos
1620 4522 1789 4577 habet
1816 4523 2011 4585 delicta
2043 4542 2160 4582 sua.
2206 4527 2335 4583 Nam

2447 4521 2741 4593 ὀφθαλμοῖς
2773 4525 2830 4577 δὲ
2854 4526 2969 4595 ἔχει
2996 4526 3289 4590 διαπαντὸς
3318 4529 3386 4581 τά
3420 4532 3762 4602 πταίσματα.
3819 4537 3879 4589 ’0
3926 4540 4031 4607 μὲν

767 4611 859 4679 qui
890 4612 1189 4682 cognoscit,
1218 4621 1275 4667 et
1303 4612 1571 4678 meminit,
1612 4621 1667 4667 et
1689 4614 1859 4670 oculis
1897 4618 2063 4672 animi
2112 4620 2337 4677 delicto-

770 4714 889 4751 rum
918 4713 1142 4753 suorum
1166 4700 1391 4755 vulnera
1424 4702 1687 4765 intuetur,
1716 4704 1992 4760 erubescit
2016 4709 2215 4763 rubore
2234 4711 2339 4765 suf-

770 4790 922 4843 fusus
941 4806 968 4855 ;.
983 4798 1034 4844 et
1057 4791 1430 4846 recordatione
1451 4794 1683 4847 animam
1706 4798 2039 4869 compungit,
2057 4809 2111 4853 et
2131 4803 2337 4870 pudore

766 4888 989 4935 coactus
1020 4880 1086 4934 ad
1121 4881 1497 4951 pmnitentiam
1529 4894 1804 4954 properat.
1845 4886 2015 4953 Quem
2050 4908 2180 4947 vero
2216 4911 2336 4964 pas-

766 4972 978 5024 sionum
1001 4985 1219 5025 suarum
1246 4972 1391 5043 capit
1421 4974 1644 5041 oblivio,
1672 4976 1738 5029 ad
1776 4977 1880 5031 aha
1908 4995 2096 5037 rursus
2118 4996 2334 5054 peccata

767 5062 940 5132 (quasi
967 5063 1102 5117 nihil
1136 5064 1261 5118 mali
1285 5066 1355 5120 ab
1388 5081 1454 5122 eo
1475 5078 1744 5137 patratum
1773 5075 1864 5144 sit)
1891 5076 2197 5133 adducitur.

835 5238 997 5294 Vens.
1032 5240 1083 5295 6.
1111 5257 1132 5292 ι
1173 5239 1293 5296 Tibi
1332 5244 1690 5315 solipeccavi.
1729 5269 1748 5300 ο

831 5326 946 5382 Non
996 5330 1140 5399 quod
1180 5345 1371 5385 omnes
1410 5334 1658 5390 homines
1699 5337 1934 5405 latuerit,
1980 5353 2035 5395 nt
2086 5346 2329 5399 nonnulli

760 5414 1057 5484 opinantur
1090 5436 1103 5472 :
1140 5433 1249 5472 non
1273 5420 1419 5474 enim
1449 5421 1713 5479 Bersabee
1744 5427 1936 5495 ipsam,
1970 5447 2089 5500 qua:
2123 5434 2331 5488 adulte-

762 5507 902 5562 rium
943 5509 1328 5577 commiserat;
1380 5513 1475 5566 seul
1507 5530 1609 5569 nee
1636 5516 1755 5569 iilos
1782 5521 1872 5587 qui
1915 5536 2031 5575 eam
2061 5524 2201 5594 regis
2234 5542 2327 5579 no-

763 5595 907 5649 mine
945 5608 1291 5663 vocaverant,
1326 5602 1574 5657 adulterii
1604 5607 1877 5675 negotium
1932 5610 2103 5666 latere’
2129 5616 2323 5683 potuit.

760 5688 890 5742 Jnab
920 5706 1135 5761 quoque
1168 5694 1325 5748 scivit
1347 5710 1561 5764 operam
1600 5714 1751 5753 suam
1783 5703 1891 5772 regi
1928 5720 1986 5757 se
2012 5709 2325 5774 prmstitisse

762 5780 812 5833 in
839 5781 985 5834 mede
1028 5785 1348 5853 peragenda.
1392 5787 1493 5839 Scal
1538 5804 1638 5842 nec
1686 5791 1797 5859 ipso
1850 5796 2172 5861 permissu!"
2223 5800 2321 5852 sibi

2440 4614 2549 4684 γὰρ
2577 4614 2863 4682 γινώσκων
2889 4656 2903 4679 ,
2937 4617 3030 4670 καὶ
3060 4618 3429 4689 μεμνημένος,
3461 4622 3556 4674 καὶ
3582 4627 3696 4687 τοῖς
3715 4627 4031 4699 ὀφθαλμοῖς

2438 4703 2538 4770 τῆς
2583 4702 2759 4773 ψυχῆς
2811 4706 3088 4759 κατανοῶν
3143 4708 3252 4761 τῶν
3296 4710 3491 4763 ἑαυτοῦ
3545 4718 3915 4785 πταισμάτων
3959 4726 4030 4775 τα

2437 4792 2750 4861 τραύματα,
2789 4795 3130 4865 αἰσχύνεται,
3170 4800 3239 4867 τῇ
3274 4801 3465 4872 μνήμῃ
3496 4801 3595 4872 τὴν
3625 4803 3809 4877 ψυχὴν
3841 4811 4029 4865 νύττε-

2438 4905 2545 4953 ται,
2586 4890 2681 4941 καὶ
2712 4888 2853 4960 ὑπὲρ
2892 4890 2993 4960 τῆς
3036 4892 3301 4962 αἰσχύνης
3332 4894 3701 4963 ἀναγκασθεὶς
3742 4902 3828 4965 είς
3862 4921 4029 4973 μετα.

2441 4978 2659 5047 μέλειαν
2687 4978 2924 5049 ἔρχεται.
2973 4981 3030 5032 '0
3062 4982 3117 5033 δὲ
3147 4982 3316 5053 λήθην
3350 4985 3557 5049 παθὼν,
3589 4991 3666 5052 είς
3701 4990 3874 5061 ἔτερα
3914 4999 4027 5050 πά-

2436 5069 2520 5122 λιν
2560 5070 2933 5138 ἁμαρτήματα
2966 5072 3061 5141 (ὠς
3096 5074 3326 5144 μηδενὸς
3356 5076 3502 5146 αὐτῷ
3535 5081 3711 5133 κακοῦ
3742 5088 4026 5155 πραχθέν-

2434 5163 2548 5231 τος)
2582 5162 2943 5231 προσάγεται.

2511 5270 2529 5301 (
2569 5252 2658 5303 Σοὶ
2690 5252 2836 5321 μόνῳ
2864 5254 3132 5324 ἥμαρτον.
3175 5277 3193 5308 ι

2503 5345 2615 5413 Οὐχ
2660 5343 2742 5396 ὅτι
2788 5346 2995 5409 πάντας
3037 5346 3358 5417 ἀνθρώπους
3398 5351 3608 5417 ἔλαθεν,
3639 5354 3838 5429 ὥσπερ
3871 5362 4023 5425 τινὲς

2433 5436 2776 5503 νομίζουσιν’
2822 5437 2942 5488 οὐδὲ
2990 5438 3098 5507 γὰρ
3144 5440 3312 5510 αὐτὴν
3346 5441 3629 5513 Βηρσαϐεὲ
3658 5448 3757 5518 τὴν
3788 5468 4020 5522 μοιχευ-

2432 5527 2639 5591 θεῖσαν,
2673 5528 2789 5579 ἀλλ’
2834 5530 2956 5582 οὐδὲ
2987 5532 3115 5594 τοὺς
3150 5534 3489 5605 κεκληκότας
3516 5537 3686 5609 αὐτὴν
3734 5541 3929 5595 λαθεῖν
3959 5546 4019 5597 τὸ

2428 5618 2609 5686 δράμα
2656 5619 2758 5687 τῆς
2812 5622 3057 5691 μοιχείας
3110 5625 3371 5692 ἠδύνατο.
3413 5629 3571 5681 Ίωάϐ
3610 5631 3665 5683 δὲ
3716 5632 3811 5686 τὸν
3853 5637 4016 5704 φόνον

2431 5708 2691 5773 ὡσαύτως
2718 5711 2795 5781 τῷ
2828 5712 3041 5781 βασιλεῖ
3064 5718 3392 5788 συμπράξας
3420 5721 3703 5775 ἐπίστατο.
3743 5724 3890 5777 Ἀλλ’
3920 5730 4004 5779 οὐ·

2426 5803 2479 5853 δὲ
2516 5805 2674 5866 αὐτὸς
2705 5807 2761 5857 ἐν
2790 5808 3005 5880 ἐξουσίᾳ
3035 5810 3133 5880 τὴν
3168 5813 3439 5885 ἁμαρτίαν
3471 5816 3555 5869 διὰ
3592 5820 3692 5886 τὴν
3727 5819 4013 5889 βασιλείαν
