4158 6450
182 376 308 440 1201

1235 387 1693 448 FRAGMENTA
1733 387 1815 447 IN
1857 378 2213 447 PSALMOS.

3276 381 3411 446 1202

178 480 442 563 ἐνόμιζεν.
478 494 716 561 Ἀνάξιον
740 493 846 566 γὰρ
866 496 1025 550 τοῦτο
1048 499 1328 569 προφήτου
1356 502 1449 555 καὶ
1473 500 1736 570 βασιλέως

1855 500 2006 556 ῗυίεεο
2042 510 2319 571 peccatum
2384 502 2652 571 reputavit
2690 509 2911 571 propter
2955 501 3151 571 regiam
3181 480 3408 571 dignita-

177 584 399 647 εἰκότως
426 584 681 650 εὐσεϐοῦς
710 587 1025 657 ἐτύγχανεν.
1064 590 1224 644 Ἀλλά
1241 592 1341 645 σοὶ
1363 593 1527 661 μόνῳ
1554 592 1736 660 ἦμαρ-

177 691 301 739 τον,
351 675 568 744 έλεγεψ
621 679 806 749 ἐπειδὴ
853 684 999 751 μόνῳ
1040 681 1119 752 τῷ
1147 682 1267 753 Θεῷ
1294 684 1368 753 μὴ
1403 684 1738 755 ἁμαρτάνειν

177 766 323 834 ἡμᾶς
366 767 517 834 μέλει
547 767 623 830 ὡς
677 767 997 841 δημιουργῷ
1029 773 1335 843 φειδομένῳ
1359 774 1455 826 τοῦ
1486 775 1731 844 πλάσμαο

174 853 453 919 το,.”ισως
479 855 557 921 δὲ,
578 858 684 912 Καὶ
720 858 786 912 τὸ
818 860 1083 928 πονηρὸν
1107 861 1366 917 ἐνώπιόν
1389 879 1506 919 σου
1534 864 1739 931 ἐποίη-

104 1006 109 1009 ι
177 957 291 996 σαο
326 943 411 995 ὅτι
451 944 668 999 πάντων
710 947 787 1010 ὡς
829 947 1041 1017 βασιλεῖ
1088 951 1484 1022 χαριζομένων,
1535 953 1632 1007 καὶ
1673 956 1738 1023 τῇ

112 1081 117 1085 .
181 1037 360 1109 σιωπῇ
390 1035 738 1106 κρυπτόντων
770 1038 832 1090 τὺ
871 1040 1196 1110 ἁμάρτημα,
1220 1044 1250 1095 ὁ
1281 1043 1411 1106 Θεὸς
1439 1044 1530 1097 τὸν
1555 1045 1741 1099 Νάθαν

178 1120 390 1192 έπεμψε
433 1124 528 1177 καὶ
565 1126 809 1197 πονηρὰν
848 1124 1014 1183 οὖσαν
1060 1130 1160 1200 τὴν
1208 1132 1410 1202 πρᾶξιν
1449 1134 1740 1204 ἐξήλεγξε,

179 1213 278 1265 καὶ
324 1212 466 1276 τίνος
518 1214 678 1269 τοῦτο
730 1217 923 1288 χάριν,
987 1219 1056 1273 τὰ
1106 1220 1233 1291 ἑξῆς
1298 1223 1569 1278 ἀκόλουθα
1632 1226 1743 1278 δεί-

180 1319 391 1357 κνυσιν.

256 1412 275 1445 ι
321 1394 453 1447 Ἰδοὺ
484 1394 593 1467 γὰρ
618 1397 677 1450 έν
704 1398 957 1470 ἀνομίαις
990 1401 1350 1474 συνελήφθην.
1388 1422 1412 1456 s

247 1577 435 1631 Ταῦτα
470 1578 533 1632 οὐ
574 1580 733 1650 μόνον
756 1580 845 1633 διὰ
884 1581 976 1635 τὸν
1004 1581 1177 1652 ῥύπον
1217 1583 1309 1638 τὸν
1336 1585 1400 1637 ἐκ
1441 1585 1537 1638 τοῦ
1577 1586 1748 1655 Ἀδὰμ

181 1668 554 1738 καταγόμενον
579 1670 815 1739 λέγεταιο
834 1673 998 1727 αὑτοῦ
1023 1675 1132 1744 γὰρ
1155 1675 1316 1728 ἕνεκα
1332 1677 1566 1745 ῥυπαροὶ
1593 1694 1747 1744 νομι-

181 1757 387 1827 ζόμεθα
416 1759 662 1827 γίνεσθαι
684 1801 698 1823 ,
732 1760 871 1814 ὥστε
901 1765 995 1815 καὶ
1029 1766 1157 1833 πρὶν
1186 1765 1362 1818 ἐλθεῖν
1393 1769 1472 1828 είς
1494 1765 1609 1830 ἕξιν
1631 1766 1751 1836 ἡλι-

1843 600 1971 646 tem.
2027 592 2269 661 Namque
2309 594 2410 647 hoc
2437 593 2716 663 indignum
2748 593 2939 647 fuisset
2966 602 3020 647 et
3066 594 3327 662 plttpllcla
3356 601 3411 648 ct

1842 698 1985 752 rege,
2036 682 2129 753 qui
2160 683 2354 738 merito
2391 683 2513 753 pius
2548 684 2868 738 habebatur.
2902 682 3006 737 Sed
3041 684 3133 736 tibi
3162 684 3260 737 soli
3290 701 3408 752 pec-

1840 774 1974 837 cavi,
2019 773 2301 841 inquiebat
2331 792 2344 827 :
2381 776 2634 845 quoniam
2663 774 2763 828 soli
2795 773 2905 828 Deo
2928 785 3178 843 tanquam
3206 775 3407 844 Opiﬁci,

1840 872 1895 916 ct
1925 862 2164 933 ﬁgmenti
2205 864 2285 918 sui
2320 866 2624 929 miserenti,
2661 881 2805 920 cura:
2845 874 2931 920 est
2980 881 3050 919 ne
3095 880 3406 934 peccemus.

1842 950 1907 1004 El.
1944 954 2023 1007 sic
2066 952 2228 1007 etiam
2287 954 2439 1019 illud,
2474 954 2539 1007 Et
2578 954 2779 1008 malum
2822 970 3000 1007 coram
3031 962 3079 1007 te
3104 954 3227 1023 feci,
3257 954 3410 1007 addi-

1842 1041 1964 1105 dit,
2021 1044 2276 1113 quoniam
2323 1044 2544 1113 reliquis
2585 1045 2839 1098 omnibus
2886 1044 2935 1097 ei
2992 1052 3242 1112 tanquam
3300 1044 3409 1113 regi

1845 1131 2244 1203 indulgentibus
2270 1173 2284 1198 ,
2319 1142 2375 1188 et
2404 1142 2683 1203 peccatum
2728 1133 2943 1188 silentio
2982 1132 3412 1202 contegentibus.

1844 1222 1986 1277 Deus
2020 1223 2167 1277 misit
2199 1223 2432 1285 Nathan,
2462 1231 2518 1277 et
2554 1222 2819 1289 nefarium
2866 1222 2996 1276 illud
3025 1221 3200 1275 scelus
3238 1234 3417 1289 repre-

1846 1313 2035 1367 hendit
2065 1330 2079 1367 :
2116 1322 2172 1367 et
2197 1330 2295 1367 cur
2325 1314 2426 1368 hoc
2454 1314 2643 1368 fecerit
2673 1313 2954 1382 sequentia
2978 1312 3273 1367 declarant.

1915 1402 2075 1456 Vens.
2116 1402 2171 1456 7.
2209 1422 2225 1454 ι
2262 1401 2401 1458 Ecce
2441 1403 2588 1457 enim
2624 1403 2679 1455 in
2713 1401 3093 1471 iniquitatibus
3116 1407 3413 1468 conceptus

1783 1524 1788 1529 -
1847 1508 1988 1547 sum.
2027 1512 2046 1543 ι

1919 1583 2043 1637 l-hcc
2097 1598 2206 1637 non
2271 1583 2529 1637 dicuntur
2580 1583 2753 1637 solum
2815 1591 3034 1651 propter
3096 1579 3287 1635 sordes
3350 1578 3414 1632 ab

1851 1673 2056 1726 Adamo
2110 1681 2414 1727 contractas
2462 1689 2476 1725 :
2527 1688 2658 1726 nam
2710 1672 2944 1741 pollutos
2972 1685 3073 1725 nos
3113 1669 3233 1738 ejus
3258 1682 3417 1720 causa

1854 1763 2002 1818 nasci
2025 1764 2397 1833 cognovimus,
2421 1764 2493 1818 ita
2525 1772 2585 1817 ut
2610 1764 2926 1832 priusquam
2952 1761 3018 1815 ad
3042 1767 3258 1815 aetatem
3288 1757 3414 1811 boni

182 1848 305 1912 κίας
325 1850 490 1903 καλοῦ
512 1851 607 1904 καὶ
628 1851 796 1904 κακοῦ
812 1852 1107 1923 δεχομένης
1126 1855 1416 1926 διάκρισιν,
1432 1856 1748 1925 καθάρσεως

1855 1863 1908 1907 et
1934 1851 2063 1905 mali
2100 1851 2467 1906 discretricem
2494 1850 2899 1919 perveniamus,
2933 1847 3088 1918 quasi
3114 1862 3143 1901 a
3178 1844 3415 1916 parenti-

181 1942 258 2004 ὠς
285 1943 349 1994 ἐκ
385 1941 641 2012 πατέρων
676 1943 1061 2014 ὲρρυπωμένοι
1088 1945 1390 2016 χρῄσομεν.
1439 1944 1611 1999 Τοῦτο
1644 1946 1751 2016 γὰρ

184 2030 279 2084 καὶ
307 2033 459 2099 παρὰ
486 2031 565 2101 τῷ
600 2032 722 2085 Ἰὼϐ
750 2033 1040 2102 εἰρημένον
1071 2035 1400 2106 εὑρήσομεν*
1443 2037 1558 2101 Τίς,
1596 2037 1750 2105 φησὶ,

184 2120 555 2189 καυχήσεται
582 2123 840 2190 καθαρὸς
861 2119 1014 2176 εἶναι
1038 2124 1156 2178 ἀπὸ
1171 2125 1374 2191 ῥύπου
1398 2140 1416 2188 ;
1443 2125 1581 2179 ἀλλ’
1617 2127 1755 2181 οὔτε

179 2213 429 2282 βρέφος,
443 2214 559 2267 κᾶν
571 2210 613 2285 ᾖ
622 2215 731 2283 μία
756 2214 945 2283 ἡμέρα
965 2217 1000 2284 ἠ
1025 2215 1136 2284 ζωὴ
1159 2217 1365 2272 αὐτοῦ.
1389 2217 1529 2287 Πρὸς
1544 2218 1756 2283 τούτοις

188 2305 401 2375 μητέρα
427 2306 525 2374 τῆς
559 2306 833 2376 ἁμαρτίας
854 2306 954 2377 τὴν
979 2308 1276 2377 ἐπιθυμίαν
1301 2308 1542 2379 ἡΓραφὴ
1571 2309 1755 2363 καλεῖν

186 2397 221 2466 ἡ
249 2395 609 2459 θεόπνευστος
655 2395 871 2451 εἴωθεν.
908 2398 1170 2466 Ἔγγονον
1204 2399 1261 2452 δὲ
1301 2400 1461 2454 πάλιν
1489 2402 1756 2472 ἑκατέρας

187 2488 282 2541 τὸν
353 2488 579 2542 θάνατον
639 2490 732 2542 καὶ
812 2494 1079 2562 μαρτυρεῖ
1129 2494 1158 2546 ὁ
1225 2493 1491 2557 Ἰάκωϐος
1540 2495 1713 2562 λέγων
1739 2512 1753 2526 ·

202 2579 270 2634 Ἠ
314 2581 594 2650 ἐπιθυμία
653 2583 1052 2636 συλλαϐοῦσα
1104 2584 1287 2638 τίκτει
1347 2586 1657 2654 ἁμαρτίαν,
1715 2588 1753 2654 ἦ

188 2670 257 2724 δὲ
295 2671 550 2740 ἁμαρτία
607 2674 1082 2730 ἀποτελεσθεῖσα
1153 2676 1403 2730 ἀποκύει
1473 2679 1755 2731 θάνατον.

192 2762 352 2813 Ὥστε
371 2762 497 2816 ὅταν
523 2763 950 2834 ἁμαρτάνωμεν,
974 2768 1031 2819 ὲν
1054 2767 1355 2838 ἁμαρτίαις
1382 2768 1755 2840 συλλαμϐανό-

192 2850 353 2919 μεθα.

265 2960 285 2991 ί
335 2942 600 3006 Ῥαντιεῖς
634 2960 697 3013 με
733 2944 992 3016 ὑσσώπῳ.
1030 2965 1047 2999 ι

258 3031 472 3101 ’Ὠσπερ
502 3034 597 3087 καὶ
631 3036 792 3104 ἡμεῖς
816 3038 876 3089 ὲν
904 3040 971 3108 τῇ
1000 3039 1177 3110 δωρεᾷ
1206 3041 1303 3093 τοῦ
1344 3041 1721 3111 βαπτίσματος
1740 3081 1753 3106 ,

1853 1940 1955 1995 bus
2009 1940 2360 1995 contaminati
2408 1941 2730 2010 purgatione
2782 1940 3141 2008 indigeamus.
3183 1935 3322 2002 Quin
3367 1944 3417 1988 et

1857 2032 1959 2086 hoc
1987 2032 2056 2086 ab
2089 2032 2207 2100 ipso
2236 2029 2374 2086 Jobo
2398 2031 2604 2085 dictum
2631 2031 2967 2102 reperiemus
2993 2048 3007 2084 :
3042 2029 3190 2095 Quis,
3222 2027 3420 2096 inquit.

1855 2121 2165 2193 gloriabitur
2221 2122 2444 2176 mundus
2495 2139 2601 2176 esse
2644 2140 2676 2176 a
2705 2123 2941 2176 sordibus
2968 2122 2993 2175 ?
3019 2121 3108 2176 sed
3150 2135 3312 2190 neque
3337 2119 3422 2171 in-

1856 2214 1993 2285 fans,
2038 2214 2133 2267 etsi
2175 2214 2333 2285 fuerit
2398 2217 2550 2269 unius
2592 2216 2697 2269 diei
2742 2216 2848 2269 vita
2893 2215 3007 2283 ejus
3043 2213 3105 2264 ⁸⁷.
3157 2212 3422 2266 Praeterea

1857 2299 2061 2369 peccati
2096 2308 2324 2355 matrem
2372 2301 2551 2356 divina
2598 2302 2881 2371 Scriptura
2918 2299 3419 2371 concupiscentiam

1856 2390 2126 2459 appellare
2156 2391 2310 2445 solet.
2350 2391 2560 2447 Rursus
2588 2408 2715 2448 vero
2744 2402 2975 2448 mortem
3017 2392 3295 2461 utriusque
3330 2405 3425 2461 ge-

1858 2480 2105 2534 nitricem
2135 2496 2253 2536 esse
2271 2481 2503 2538 Iacobus
2524 2492 2751 2538 testatur
2780 2483 2970 2537 dicens
3002 2499 3020 2535 :
3047 2480 3427 2551 Concupiscet:-

1859 2571 1934 2643 tia
1987 2588 2102 2625 cum
2128 2575 2436 2641 conceperit,
2488 2576 2630 2643 parit
2670 2584 2984 2644 peccatum;
3014 2582 3284 2643 peccatum
3307 2587 3427 2625 vero

1858 2679 1974 2716 cum
2006 2674 2423 2718 consummatum
2460 2666 2637 2736 fuerit,
2676 2675 2887 2736 generat
2915 2672 3132 2719 mortem
3152 2663 3217 2716 ‘°.
3247 2662 3425 2728 Quare

1858 2770 1982 2810 cum
2010 2770 2320 2826 peccamus,
2356 2758 2409 2810 in
2445 2758 2680 2827 peccatis
2710 2758 3069 2826 concipimur.

1931 2958 2094 3013 Vens.
2125 2959 2179 3014 9.
2221 2976 2239 3009 ι
2273 2958 2540 3030 Asperges
2565 2974 2653 3014 me
2682 2960 2938 3031 hyssopo.
2975 2977 2994 3011 ι

1930 3048 2397 3115 Quemadmodum
2426 3060 2481 3105 et
2518 3066 2618 3104 nos
2640 3050 2696 3103 in
2734 3049 2986 3120 baptismi
3021 3049 3166 3105 deuo
3189 3061 3325 3118 aqua
3352 3045 3426 3100 la-

188 3119 266 3190 τῷ
305 3121 401 3191 μὲν
437 3121 591 3176 ὕδατι
626 3124 963 3197 πλυνόμεθα,
989 3129 1066 3199 τῷ
1100 3130 1155 3183 δὲ
1193 3131 1467 3201 πνεύματι
1496 3130 1753 3204 λαμπρυ-

1860 3156 2070 3208 vamur,
2100 3142 2196 3197 sed
2226 3141 2420 3212 spiritu
2448 3119 2811 3196 illustramur.

188 3214 415 3283 νόμεθα.

264 3324 284 3358 ι
335 3307 634 3371 Ἀκουτιεῖς
670 3327 736 3379 με
772 3312 1118 3379 ἀγαλλίασιν.
1163 3334 1181 3366 ι
1266 3347 1278 3356 -

258 3397 655 3453 Ταπεινοῦνται
688 3402 786 3471 μὲν
812 3404 880 3456 τὰ
907 3403 1008 3473 τῆς
1038 3404 1218 3476 ψυχῆς
1258 3407 1442 3474 ὀστέα,
1478 3410 1759 3464 τουτέστιν

186 3488 245 3541 αἱ
301 3488 579 3560 δυνάμεις,
599 3492 702 3545 ὑπὸ
738 3494 839 3562 τῆς
888 3496 1187 3566 ἁμαρτίας,
1232 3500 1324 3551 καὶ
1356 3500 1757 3570 συντρίϐονται·

184 3579 325 3633 ἀλλά
367 3584 432 3652 τῇ
466 3584 725 3654 μετανοίᾳ
773 3586 1015 3641 σωθέντα
1053 3590 1377 3657 ἀναθάλλει,
1410 3593 1507 3645 καὶ
1547 3595 1629 3657 είς
1664 3594 1761 3666 τὴν

184 3672 363 3741 χαρὰν
391 3672 492 3744 τὴν
523 3674 758 3744 ἀρχαίαν
779 3677 1167 3750 ἐπανέρχεται.

266 3781 284 3813 ι
330 3763 694 3834 Ἀπόστρεψον
712 3766 773 3819 τὸ
801 3768 1101 3838 πρόσωπόν
1129 3788 1244 3826 σου.
1280 3791 1298 3825 s

271 3849 400 3905 Ἐὰν
421 3853 531 3924 γὰρ
557 3855 633 3925 μὴ
665 3857 1085 3929 παραὸλέψὴται
1135 3861 1382 3935 ἡμέτερα
1414 3866 1759 3937 πταίσματα,

186 3941 430 4012 σωθῆναι
474 3947 536 3997 οὐ
580 3945 876 4016 δυνάμεθα.
903 3946 1022 4012 Πῶς
1062 3952 1117 4004 δὲ
1158 3952 1320 4006 τοῦτο
1360 3956 1758 4027 κατορθοῦται;

189 4035 360 4089 Ὅταν
383 4039 544 4107 ἡμεῖς
564 4040 774 4106 ἀγαθὰς
807 4041 1035 4111 πράξεις
1059 4044 1156 4097 καὶ
1178 4045 1378 4113 ἀρετὰς
1406 4047 1759 4119 ἀσκήσωμεν,

190 4126 281 4180 ἴνα
307 4127 402 4181 τοῦ
440 4129 626 4199 κριτοῦ
658 4132 749 4184 τὸν
783 4133 1059 4205 ὀφθαλμόν
1100 4137 1179 4198 είς
1207 4137 1377 4201 αὑτὰς
1424 4140 1764 4210 μετενέγκω-

191 4234 313 4287 μέν’
343 4220 488 4274 οὕτω
518 4220 628 4293 γὰρ
661 4223 878 4293 καὶτῆς
898 4225 1005 4278 τῶν
1027 4227 1312 4296 ἡμετέρων
1344 4231 1763 4303 ἁμαρτημάτων

188 4310 422 4379 θεωρίας
440 4313 603 4366 αὐτὸν
633 4314 939 4385 ἀποστῆσαι
967 4316 1265 4388 δυνάμεθα.

265 4420 285 4452 ι
322 4401 433 4455 Καὶ
473 4402 653 4466 πάσας
686 4404 918 4475 ἀνομίας
954 4424 1059 4477 μου
1095 4408 1399 4481 ἐξάλειψον.
1440 4432 1457 4464 ι

260 4491 334 4543 Οὐ
368 4493 519 4560 μίαν,
543 4492 679 4546 ἀλλά
710 4495 913 4559 πάσαςο
948 4497 1108 4568 ἱκανὴ
1139 4498 1247 4571 γὰρ
1269 4500 1363 4554 καὶ

188 4580 404 4651 πέμψαι
437 4584 575 4654 πρὸς
616 4585 866 4654 γέενναν.
896 4588 990 4659 Μὴ
1037 4590 1217 4645 τοίνυν
1246 4593 1407 4661 ἡμεῖς
1441 4594 1539 4665 τῆς
1564 4597 1761 4667 τυχού-

189 4690 292 4760 an;
319 4676 597 4760 ἁμαρτίας
647 4680 1033 4751 ἀμελήσωμεν.
1069 4683 1193 4737 Ἐὰν
1219 4687 1328 4757 γὰρ
1362 4688 1757 4760 ὲσπιλωμένος,

184 4755 395 4825 οὗτινος
426 4758 495 4834 ἦν
524 4764 761 4835 ponam
779 4766 947 4837 χιτὼν
965 4769 1164 4841 εὑρεθῆ
1186 4774 1214 4825 ὁ
1244 4755 1529 4845 ἡμέτερος,
1560 4755 1642 4841 είς
1670 4755 1761 4831 τὸν

187 4853 454 4923 νυμφῶνα
480 4858 743 4911 εἰσελθεῖν
766 4860 860 4913 τοῦ
896 4861 1179 4931 βασιλέως,
1209 4865 1242 4935 ἦ
1280 4868 1522 4935 πατῆσαι
1543 4871 1642 4941 τὴν
1666 4876 1760 4927 αὐ-

186 4945 287 5014 λὴν
313 4947 375 4999 οὐ
419 4947 721 5019 δυνάμεθα.
767 4952 940 5007 Τοῦτο
989 4956 1018 5008 ό
1063 4955 1276 5021 Παῦλος
1341 4961 1760 5034 ὲπισφραγίζων

185 5036 375 5105 ἔλεγε·
438 5040 534 5107 Μὴ
580 5040 899 5098 πλανᾶσθε
928 5060 942 5073 °
984 5046 1123 5101 οὔτε
1165 5050 1397 5118 πόρνοι,
1460 5054 1599 5109 οὔτε
1647 5074 1760 5126 μα-

184 5128 383 5195 λακοί,
424 5130 563 5185 οὔτε
600 5135 977 5200 πλεονέκται,
1006 5137 1146 5192 οὔτε
1162 5140 1436 5208 μέθυσοι,
1467 5147 1539 5199 οὺ
1559 5147 1762 5201 λοίδο-

177 5236 299 5288 ροι,
343 5223 456 5291 οὐχ
507 5223 772 5294 ἅρπαγες
821 5228 1148 5290 ,βασιλείαν
1192 5232 1342 5286 Θεοῦ
1380 5238 1758 5308 κληρονομή-

185 5325 395 5367 σουσι.

268 5424 287 5455 ι
324 5406 570 5475 Καρδίαν
601 5409 849 5482 καθαρὰν
876 5414 1059 5467 κτίσον
1096 5415 1154 5467 ὲν
1185 5417 1360 5484 ἐμοί.»

260 5494 371 5563 Οὐχ
399 5495 485 5547 ἵνα
511 5496 608 5568 τὴν
636 5498 798 5567 φύσιν
849 5503 1069 5573 ἀμείψει
1112 5505 1287 5575 (οὐδὲν
1319 5507 1427 5580 γὰρ
1456 5509 1594 5581 αὕτη
1619 5512 1759 5578 φαῦ-

188 5584 279 5637 λον
313 5586 635 5659 έκέκτητο)·
698 5592 814 5645 ἀλλ’
866 5594 949 5647 ἵνα
1003 5596 1090 5650 τὸν
1132 5596 1396 5670 λογισμὸν
1433 5601 1531 5672 τῆς
1579 5604 1757 5681 ψυχῆς

265 5764 303 5797 ’⁷
335 5764 453 5823 Job.
492 5783 599 5831 xw,
622 5768 674 5826 5.
757 5768 929 5826 I"Jac.
964 5789 999 5841 ι,
1032 5773 1114 5828 15.
1194 5774 1235 5807 ’⁵
1270 5772 1285 5827 Ι
1315 5775 1436 5832 Cor.
1468 5792 1539 5845 νι,
1568 5776 1621 5835 9.

1930 3317 2095 3373 Vens.
2126 3317 2214 3372 l0.
2244 3335 2263 3369 ι
2304 3318 2505 3373 Audire
2527 3333 2616 3372 me
2639 3317 2805 3373 facies
2826 3317 3103 3387 gaudium.
3137 3335 3157 3369 ›

1930 3409 2294 3464 Humiliantur
2305 3409 2525 3478 quidem
2547 3409 2740 3463 anima:
2762 3408 2965 3473 ossa,id
2983 3417 3067 3462 est
3083 3408 3281 3472 vires,a
3302 3421 3423 3477 pec-

1861 3510 2020 3566 cato;
2054 3509 2430 3555 verumtamen
2462 3502 2621 3556 saluti
2649 3502 3152 3571 per'pteniteutiam
3178 3502 3427 3558 restituta

1861 3592 2071 3656 ﬂorent,
2123 3599 2176 3646 et
2206 3591 2259 3645 in
2294 3593 2575 3662 pristinam
2600 3592 2838 3647 laetitiam
2866 3601 3237 3653 revertuntur.

1933 3790 2098 3848 Vens.
2131 3792 2217 3847 ll.
2253 3810 2273 3844 ι
2316 3791 2516 3847 Averte
2549 3792 2743 3848 faciem
2778 3802 2943 3849 tuam.
2986 3812 3003 3846 ι

1932 3882 2066 3937 Nam
2117 3883 2219 3938 nisi
2266 3884 2556 3939 conniveat
2610 3885 2677 3939 ad
2725 3894 2943 3954 peccata
2990 3894 3196 3947 nostra,
3240 3886 3433 3940 salvari

1863 3976 2085 4030 minime
2132 3990 2441 4045 possumus.
2473 3974 2580 4030 Sed
2610 3991 2719 4045 quo
2748 3984 2905 4046 pacto
2936 3976 2987 4030 id
3035 3975 3307 4031 ellicitur?
3342 3976 3436 4029 Ni-

1863 4066 2061 4121 mirum
2108 4080 2232 4121 cum
2272 4081 2438 4136 opera
2475 4066 2616 4121 bona
2646 4075 2702 4122 et
2739 4070 2968 4123 virtutes
2996 4066 3436 4134 exercuerimus,

1864 4168 1925 4216 ut
1970 4158 2165 4229 iudicis
2197 4159 2386 4213 oculos
2422 4159 2490 4213 ad
2513 4159 2631 4215 illas
2677 4169 3060 4215 convcrtamus
3110 4178 3122 4213 :
3176 4160 3248 4215 ita
3291 4159 3436 4213 enim

1865 4252 2013 4305 illum
2043 4251 2112 4306 ab
2130 4249 2328 4304 intuitu
2352 4250 2669 4305 delictorum
2697 4258 3007 4305 nostrorum
3041 4259 3289 4305 avertere
3314 4264 3437 4320 pos-

1866 4357 2077 4405 sumus.

1946 4455 1964 4487 ι
2000 4434 2067 4488 Et
2092 4449 2282 4489 omnes
2315 4434 2626 4504 iniquitates
2648 4449 2796 4490 meas
2817 4434 2955 4489 dele.
2995 4453 3014 4486 ι

1395 4503 1427 4573 ἡ
1458 4502 1558 4573 μία
1586 4521 1753 4575 παρα-

1936 4524 2056 4579 Non
2087 4540 2271 4588 unam,
2298 4524 2391 4578 sed
2416 4539 2607 4579 omnes
2635 4541 2647 4577 :
2679 4540 2914 4593 namque
2941 4524 3027 4578 vel
3049 4539 3156 4578 una
3186 4523 3315 4578 satis
3332 4530 3435 4587 est,

1866 4625 1925 4669 ut
1959 4615 2136 4669 mittat
2160 4615 2216 4669 in
2251 4615 2582 4686 gehennam.
2614 4615 2694 4670 Ne
2727 4630 2857 4686 ergo
2896 4631 2998 4669 nos
3036 4615 3122 4670 vel
3154 4614 3437 4670 minimum

1865 4712 2145 4774 peccatum
2187 4702 2524 4773 negligamus
2555 4719 2568 4756 :
2598 4716 2725 4756 nam
2769 4700 2815 4756 si
2837 4701 2922 4755 vel
2964 4700 3067 4755 levi
3101 4699 3313 4754 macula
3344 4714 3433 4752 vc-

1865 4794 1964 4849 stis
1996 4803 2182 4849 nostra
2209 4793 2429 4847 sordida
2476 4793 2697 4848 inventa
2743 4792 2928 4859 fuerit,
2956 4807 3059 4848 nec
3083 4793 3225 4862 regis
3250 4790 3433 4845 thala-

1864 4899 2012 4937 mum
2067 4883 2298 4953 ingredi,
2344 4897 2448 4936 nec
2478 4882 2655 4935 aulam
2704 4881 2914 4937 calcare
2969 4880 3288 4951 poterimus.
3326 4877 3439 4933 Hoc

1864 4974 2063 5029 Paulus
2110 4973 2441 5028 conﬁrmans
2469 4972 2606 5027 dixit
2638 4990 2651 5026 :
2678 4972 2856 5027 Nolite
2881 4988 3061 5026 errare
3089 4986 3107 5025 :
3137 4987 3299 5040 neque
3328 4971 3436 5040 for-

1863 5067 2077 5131 nicarii,
2109 5082 2270 5136 neque
2292 5064 2495 5131 molles,
2526 5077 2689 5135 neque
2710 5066 2883 5131 avari,
2915 5081 3081 5136 neque
3107 5054 3317 5126 ebriosi,
3349 5078 3437 5114 ne-

1864 5172 1962 5228 que
2004 5157 2250 5211 maledici
2279 5195 2294 5223 ,
2328 5172 2491 5226 neque
2519 5173 2736 5225 rapaces
2763 5196 2778 5221 ,
2825 5173 3042 5228 regnum
3078 5155 3173 5210 Dei
3208 5153 3435 5224 posside-

1866 5247 1991 5300 bunt
2025 5247 2085 5300 ¹⁹.

1939 5425 2100 5482 Vens.
2142 5426 2229 5481 13.
2262 5447 2279 5478 ι
2311 5428 2417 5481 Cor
2452 5428 2713 5481 mundum
2744 5443 2866 5482 crca
2900 5427 2952 5480 in
2992 5442 3096 5481 me.
3131 5444 3147 5475 ι

1939 5516 2052 5572 Non
2084 5527 2141 5573 ut
2179 5526 2426 5572 naturam
2475 5527 2645 5572 mutet
2691 5518 2848 5587 (nihil
2872 5517 3018 5571 enim
3046 5516 3132 5569 illa
3161 5516 3283 5569 mali
3312 5530 3437 5583 pos-

1868 5609 2088 5680 sideral)
2121 5627 2130 5663 :
2157 5610 2251 5668 sed
2286 5620 2343 5664 ut
2369 5609 2726 5680 cogitationes
2748 5608 2911 5663 animi
2942 5609 3186 5672 niundet,
3212 5618 3263 5662 et
3294 5606 3438 5662 cluat
