4158 6450
689 309 823 379 1203
1862 307 2009 367 IIES
2019 308 2099 366 ΥΩ
2109 306 2232 366 1111

2374 300 2739 365 ESBYTEHI
3809 300 3981 363 ποθι

686 423 925 478 maculas
954 423 1073 491 ejus
1102 461 1114 487 ,
1147 421 1422 491 voluptate
1460 428 1513 474 et
1543 417 1783 473 consiiiis
1811 416 2009 471 diaboli
2040 422 2251 469 contra—

2372 413 2589 483 ιεθάρῃ,
2624 412 2718 466 καὶ
2746 411 3117 483 διορθὼσηται
3152 410 3398 482 ῥυπαρὸν
3426 413 3542 473 ταῖς
3579 411 3803 480 ἡδοναῖς
3862 415 3979 463 καὶ

687 525 803 569 clas
830 534 843 569 :
871 529 995 568 nam
1027 530 1205 568 creare
1232 513 1285 566 in
1307 512 1476 568 sacris
1498 511 1717 566 Litteris
1742 508 2060 580 plerumque
2087 508 2252 580 signi-

2372 506 2475 566 ταίς
2511 504 2779 565 ἐπινοίαις
2820 503 2915 557 τοῦ
2943 503 3193 555 διαϐόλου
3223 502 3521 571 γενόμενον
3540 519 3553 533 ·
3584 502 3798 554 κτίσαι
3843 502 3978 569 γὰρ

689 609 814 661 lit'al.
844 607 1135 677 corrigere.

2372 596 2510 665 rupi
2547 598 2613 666 τῇ
2654 595 2775 667 θείᾳ
2799 596 2995 666 Γραφῇ
3032 594 3291 659 πολλάκις
3317 593 3379 646 τὺ
3408 592 3830 665 διορθώσασθαι
3872 593 3976 645 λέ·

763 801 779 830 ε
812 774 877 834 Et
905 779 1151 848 spiritum
1181 788 1387 833 rectum
1419 780 1638 841 innova.
1676 797 1694 829 ι

761 870 952 923 Cernis
985 870 1303 940 prophetam
1334 884 1524 934 orare',
1550 884 1660 922 non
1691 874 1747 920 ut
1768 874 2014 919 naturam
2043 872 2213 918 mutet
2237 904 2251 929 ,

693 963 785 1017 sed.
815 971 874 1015 ut
899 964 1068 1031 gratia
1097 962 1368 1025 adveniat,
1416 969 1474 1015 ut
1504 958 1768 1015 laboranti
1805 967 2032 1025 naturae,
2061 972 2124 1011 ac
2157 958 2259 1012 sub

694 1062 918 1122 peccato
970 1052 1347 1114 veterasccnti,
1404 1066 1564 1119 opem
1613 1050 1769 1104 ferat.
1814 1048 2071 1117 Spiritum
2109 1048 2256 1101 enim

694 1152 895 1197 rectum
947 1152 1122 1203 vocat,
1175 1158 1283 1195 non
1325 1141 1543 1195 vitalem
1574 1140 1724 1193 illum
1750 1138 1841 1208 qui
1876 1140 1931 1192 in
1960 1138 2114 1192 nobis
2154 1144 2256 1199 est,

694 1233 787 1287 sed
822 1233 1111 1301 ipSUIllmt‘l
1146 1233 1405 1301 Spiritum
1428 1230 1522 1284 Dei
1548 1247 1563 1296 ;
1598 1232 1665 1285 de
1692 1245 1800 1298 quo
1829 1229 1883 1283 in
1915 1230 2020 1283 alio
2048 1228 2258 1298 psalmo

693 1324 890 1377 cecinit
933 1342 945 1375 :
993 1323 1222 1391 Spiritus
1253 1333 1373 1376 tuus
1404 1323 1566 1375 bonus
1599 1323 1814 1375 deducet
1866 1338 1945 1374 me
1977 1323 2031 1374 in
2062 1329 2259 1374 terram

695 1424 892 1467 rectam
912 1415 977 1466 ²⁰.
1013 1412 1168 1466 llunc
1209 1422 1360 1473 orat,
1392 1423 1452 1467 ut
1498 1414 1550 1465 in
1606 1413 1924 1475 visceribus,
1956 1413 2060 1465 hoc
2088 1421 2172 1466 est
2201 1413 2258 1466 in

696 1505 1022 1558 necessariis
1056 1514 1111 1556 et
1134 1504 1366 1556 maxime
1399 1504 1538 1571 aptis
1568 1504 1763 1556 anima:
1796 1503 2059 1571 partibus,
2102 1503 2257 1555 innoo

696 1602 870 1659 vetur,
899 1602 1167 1662 quatenus
1196 1608 1390 1663 nempe
1419 1594 1473 1647 in
1512 1594 1669 1647 nobis
1705 1602 1862 1647 antea
1894 1608 2005 1646 non
2028 1592 2261 1660 perfecte

696 1685 991 1747 habitabat,
1043 1699 1220 1753 neque
1267 1685 1689 1754 conquiescebat
1723 1684 1793 1737 ob
1836 1683 2259 1737 imbecillitatem

695 1788 954 1840 nostram,
982 1792 1087 1845 qua
1123 1776 1417 1846 perfectam
1463 1776 1687 1845 gratiam
1720 1775 1995 1843 suscipere
2038 1774 2261 1827 minime

694 1867 1117 1923 sulficiebamus.
1167 1866 1527 1932 Quamobrem
1568 1866 1702 1935 petit
1722 1866 1872 1919 illum
1898 1865 2165 1926 renovari,
2204 1872 2263 1919 ut

696 1972 918 2029 prorsus
941 1957 995 2010 in
1022 1957 1175 2011 nobis
1198 1957 1476 2026 eXpleatur
1501 1972 1519 2009 :
1548 1970 1672 2009 nam
1696 1955 1908 2021 domus,
1934 1970 2052 2024 qua:
2079 1955 2262 2025 exple-

697 2058 788 2103 tur
812 2057 865 2105 ct
891 2057 1134 2114 ornatur,
1157 2048 1346 2103 eadem
1367 2048 1681 2102 innovatur.

768 2228 943 2285 Grave
971 2238 1075 2292 Bal,
1111 2229 1155 2283 si
1183 2244 1371 2283 servus
1403 2229 1606 2284 vultum
1641 2227 1853 2283 Domini
1884 2227 2157 2295 offendat;
2184 2227 2262 2283 uti

702 2322 864 2378 etiam
895 2337 1056 2393 grave
1086 2332 1188 2387 est,
1218 2321 1264 2377 si
1298 2321 1437 2377 ﬁlius
1470 2323 1634 2392 patris
1665 2334 1719 2378 et
1739 2323 1894 2377 miles
1924 2322 2066 2392 regis
2089 2322 2284 2406 offen-_

698 2416 907 2471 sionem
948 2415 1187 2470 incurrat
1218 2434 1231 2470 :
1269 2432 1394 2470 nam
1418 2415 1508 2486 qui
1545 2416 1855 2486 huiusmodi
1886 2426 2001 2481 est,
2032 2418 2256 2481 extorri,

700 2508 1008 2577 reperitur:
1036 2516 1089 2562 at
1119 2507 1159 2561 si
1191 2507 1312 2577 quis
1336 2508 1437 2562 hoc
1470 2508 1523 2561 in
1548 2507 1715 2562 Deum
1739 2506 1947 2571 fecerit,
1985 2508 2264 2562 interitum

699 2601 800 2655 sibi
830 2608 999 2670 parat.
1040 2598 1319 2668 Siquidem
1350 2614 1456 2653 non
1483 2600 1657 2654 solum
1703 2600 1860 2654 nobis
1890 2598 2047 2653 Pater
2068 2615 2130 2654 ac
2163 2600 2261 2653 Do-

699 2692 878 2746 minus
915 2703 969 2747 et
1005 2692 1116 2746 Rex
1155 2692 1295 2747 Deus
1331 2701 1415 2747 est
1442 2731 1457 2754 ,
1497 2690 1593 2746 sed
1622 2691 1883 2761 quidquid
1909 2692 2089 2746 dicere
2114 2702 2267 2761 potes

701 2799 765 2837 ex
794 2784 860 2837 iis
890 2800 1010 2853 qua:
1048 2785 1113 2838 ad
1138 2785 1325 2849 vitam,
1364 2782 1792 2838 incolumitatem
1825 2791 1879 2837 et
1907 2782 2135 2836 salutem
2170 2800 2268 2837 no-

701 2887 867 2929 stram
895 2877 1164 2945 pertinere
1191 2885 1436 2945 possunt.
1472 2875 1651 2941 Quare
1678 2890 1803 2930 cum
1832 2890 1863 2929 a
1889 2874 2047 2929 nobis
2075 2875 2266 2929 faciem

702 2967 961 3021 averterit
990 3004 1003 3028 ,
1036 2967 1215 3021 statim
1260 2965 1522 3036 Spiritum
1552 2974 1796 3020 sanctum
1843 2967 2175 3030 amittimus;
2212 2966 2264 3020 in

2357 704 2537 755 γεται.

2434 794 2453 827 ι
2491 776 2600 830 Καὶ
2624 775 2844 845 πνεῦμα
2877 775 3032 840 εὐθὲς
3064 775 3395 844 ὲγκαίνισον.
3436 793 3454 827 ι

2427 866 2659 936 Θεωρεῖς
2710 867 2787 930 ὡς
2839 868 2899 920 ού
2942 866 3041 937 τὴν
3086 866 3251 935 φύσιν
3274 866 3505 936 ἀμεῖψαι
3538 867 3565 920 ὁ
3618 865 3967 937 προσῄτης,

2357 957 2493 1012 ἀλλά
2534 958 2633 1028 τὴν
2676 960 2835 1031 χάριν
2873 958 3078 1023 ἐλθεῖν,
3104 960 3191 1011 ἴνα
3217 960 3284 1028 τῇ
3311 956 3594 1028 καμνούσῃ
3635 962 3707 1028 τῇ
3750 959 3966 1025 φύσει,

2359 1050 2453 1103 καὶ
2494 1049 2598 1103 ὑπὸ
2649 1051 2746 1117 τῆς
2796 1049 3070 1121 ἁμαρτίας
3144 1048 3503 1119 παλαιωθήσῃ
3566 1049 3966 1119 προσεύχεται

2360 1143 2624 1215 βοηθήσῃ.
2673 1144 2897 1213 Πνεῦμα
2927 1143 3035 1214 γὰρ
3067 1144 3220 1207 εύθὲς
3243 1145 3303 1196 ού
3336 1144 3396 1196 τὸ
3425 1144 3482 1196 ὲν
3510 1147 3647 1212 ἡμῖν
3679 1145 3746 1196 τὸ
3786 1144 3966 1207 ζωτι-

2361 1234 2455 1287 κὸν
2480 1233 2637 1287 τοῦτο
2656 1234 2825 1303 λέγει,
2850 1233 2963 1287 ἀλλ’
2990 1234 3121 1287 αὐτὸ
3150 1234 3242 1288 τοῦ
3267 1236 3401 1288 Θεοῦ
3423 1236 3481 1289 τὸ
3503 1236 3737 1304 Πνεῦμα
3768 1277 3785 1300 ,
3822 1254 3895 1287 πε
3910 1237 3967 1305 ρὶ

2359 1319 2421 1379 οὗ
2446 1327 2502 1379 ἐν
2535 1326 2706 1396 ἑτέρῳ
2729 1323 2929 1395 ψαλμῷ
2954 1325 3293 1395 ἐμελῲδησεν
3322 1343 3334 1355 '
3367 1328 3435 1381 Τὸ
3457 1326 3701 1394 Πνεῦμὰ
3736 1341 3865 1379 σου
3896 1325 3965 1377 τὸ

2361 1414 2586 1482 ἀγαθὸν
2622 1414 2909 1484 ὁδηγήσει
2944 1433 3020 1484 με
3061 1416 3131 1470 ἐν
3164 1417 3239 1485 τῇ
3284 1417 3503 1483 εὐθείᾳ.
3526 1416 3700 1469 Τοῦτο
3744 1417 3810 1468 ἐν
3839 1418 3963 1478 τοῖς

2362 1507 2613 1573 ὲγκάτοις
2648 1506 2873 1574 ἔγκατα,
2908 1508 3189 1561 τουτέστιν
3221 1508 3278 1561 ὲν
3319 1509 3433 1570 τοῖς
3478 1507 3811 1573 ἀναγκαίοις
3860 1509 3964 1559 καὶ

2362 1597 2483 1649 λίαν
2514 1598 2748 1666 καιρίοις
2778 1597 2876 1666 τῆς
2906 1597 3091 1666 ψυχῆς
3126 1598 3337 1668 μορίοις
3368 1598 3799 1667 ἐγκαινισθῆναι
3832 1598 3965 1667 @05-

2363 1684 2534 1751 λεται,
2563 1686 2688 1738 ὅσον
2720 1686 2817 1756 μὲν
2848 1688 2940 1739 καὶ
2989 1688 3097 1758 πρὸ
3123 1688 3329 1741 τούτων
3361 1691 3418 1741 ἐν
3451 1690 3584 1757 ἡμῖν
3605 1688 3844 1750 τελείως
3880 1690 3963 1739 οἱ·

2364 1772 2513 1836 κοῦν,
2534 1773 2655 1826 οὐδὲ
2692 1775 2778 1842 ἐφ’
2802 1776 2934 1844 ἡμῖν
2958 1776 3377 1845 ἀναπαυόμενον
3411 1775 3498 1829 διὰ
3529 1777 3629 1845 τὴν
3663 1777 3960 1846 ἡμετέραν

2362 1863 2646 1916 ἀσθένειαν
2672 1863 2759 1932 ὑφ’
2792 1859 2859 1935 ἧς
2899 1865 3000 1916 οὐκ
3027 1860 3169 1935 ἦμεν
3197 1866 3375 1918 ἱκανοὶ
3395 1866 3490 1935 τὴν
3520 1864 3683 1935 χάριν
3711 1864 3958 1935 ὁλόκλη-

2366 1971 2456 2025 ρον
2477 1953 2754 2018 δέξασθαι.
2781 1955 2983 2026 Διόπερ
3000 1955 3131 2010 αὐτὸ
3155 1954 3567 2025 ὲγκαινισθῆναι
3606 1956 3694 2008 ἵνα
3723 1956 3956 2017 πάντως

2362 2048 2420 2101 ἐν
2455 2049 2585 2119 ἡμῖν
2620 2050 2929 2120 ἀπαρτισθῇ
2976 2050 3341 2121 προσεύχεται
3370 2068 3382 2081 ·
3415 2048 3564 2114 οἶκος
3596 2050 3706 2123 γὰρ
3740 2052 3771 2103 ὁ
3810 2068 3956 2121 συμ-

2364 2139 2759 2211 πληρούμενος,
2786 2142 2990 2206 ἐκεῖνος
3021 2142 3409 2211 ἐγκαινίζεται.

2435 2234 2621 2287 Κακὸν
2660 2233 2756 2304 μὲν
2796 2234 2982 2306 οἰκέτῃ
3011 2234 3070 2286 τὺ
3098 2234 3191 2286 τοῦ
3238 2234 3496 2287 δεσπότου
3562 2232 3959 2303 ζημειωθῆναι

2366 2325 2654 2394 πρόσωπον
2682 2324 2967 2388 ’ὡσαύτως
2982 2326 3074 2378 καὶ
3102 2324 3201 2394 υἱῷ
3217 2325 3292 2394 τῷ
3306 2324 3397 2377 τοῦ
3422 2325 3651 2395 πατρὸς,
3673 2325 3772 2377 καὶ
3792 2340 3959 2395 στρα-

2362 2416 2530 2487 τιώτῃ
2577 2416 2652 2486 τῷ
2698 2416 2791 2468 τοῦ
2838 2416 3133 2485 βασιλέως·
3168 2416 3441 2486 ἐξόριστος
3480 2420 3588 2486 γὰρ
3628 2418 3656 2468 ὁ
3700 2414 3957 2476 τοιοῦτκ

2365 2508 2675 2577 εὑρίσκεται
2703 2523 2715 2536 ⁸
2767 2509 2859 2560 ἐπὶ
2893 2508 2949 2560 δὲ
2977 2507 3111 2560 Θεοῦ
3139 2508 3358 2577 ὄλεθρον
3396 2506 3553 2560 τοῦτο
3584 2506 3958 2576 παρασκευά·

2367 2599 2450 2663 ζει
2488 2598 2565 2668 τῷ
2598 2602 2875 2669 πάσχοντι.
2905 2601 3037 2653 Οὐδὲ
3067 2599 3173 2670 γὰρ
3208 2599 3393 2668 Πατὴρ
3425 2599 3582 2668 μόνον
3611 2599 3707 2650 καὶ
3742 2599 3961 2650 Δεσπό-

2366 2711 2463 2764 της
2519 2695 2652 2763 ἡμῖν
2692 2693 2824 2755 Θεὸς
2874 2694 2968 2745 καὶ
3000 2692 3280 2753 Βασιλεὺς,
3329 2691 3464 2745 ἀλλά
3496 2691 3605 2743 πᾶν
3639 2690 3842 2757 ὅτιπερ
3890 2689 3962 2741 ἂν

2368 2786 2541 2848 εἴποις
2595 2785 2704 2837 τῶν
2747 2785 2825 2847 εἰς
2879 2785 3023 2854 ζωὴν
3056 2786 3149 2836 καὶ
3198 2782 3471 2851 σωτηρίαν
3522 2781 3621 2851 τὴν
3671 2784 3961 2851 ἡμετέραν

2369 2878 2750 2930 συντεινόντων
2804 2876 3163 2945 καθέστηκεν.
3222 2874 3386 2927 Ὥστε
3416 2916 3430 2937 ,
3472 2875 3600 2927 ὅταν
3648 2873 3741 2941 ἀφ’
3790 2872 3961 2942 ἡμῶν

2369 2970 2702 3041 ἀποστρέφει
2739 2970 2799 3022 τὸ
2834 2969 3158 3040 πρόσωπον,
3199 2972 3549 3039 παραχρῆμα.
3590 2966 3962 3037 ἀπολλύμεθα

703 3072 811 3126 quo
863 3056 1039 3110 omnis
1088 3057 1352 3110 bonorum
1396 3066 1704 3111 nostrorum
1752 3065 2047 3126 proventus
2093 3058 2267 3127 jactu-

2372 3064 2428 3115 τὸ
2457 3062 2680 3131 Πνεῦμα
2715 3062 2776 3115 τὸ
2821 3063 3011 3130 ἆγιον,
3055 3063 3112 3114 ὲν
3134 3055 3178 3129 ᾧ
3224 3063 3372 3114 πᾶσα
3438 3059 3596 3130 ἡμῶν
3644 3061 3676 3130 ή
3713 3059 3959 3129 χορηγία

707 3162 820 3199 ram
866 3155 919 3200 et
946 3146 1332 3200 detrimentum
1370 3147 1514 3201 facit.
1549 3145 1727 3212 Quare
1762 3164 1863 3217 pro
1900 3162 1966 3201 eo
1994 3148 2136 3217 quod
2171 3164 2266 3217 po-

708 3247 846 3294 terat
870 3239 1084 3305 dicere;
1108 3239 1183 3291 Ne
1216 3238 1431 3293 auferas
1455 3238 1724 3308 spiritum,
1753 3240 1831 3296 Ne
1854 3240 2021 3293 denuo
2055 3240 2271 3309 auferas

711 3329 909 3401 posuit.
967 3328 1236 3394 Quoniam
1292 3329 1384 3399 qui
1438 3329 1535 3384 Dei
1605 3330 1858 3384 mandata
1915 3331 2269 3395 custodiunt,

709 3421 879 3476 semel
908 3422 1116 3491 experti
1147 3428 1274 3475 sunt
1316 3420 1609 3477 efﬁcaciam
1642 3421 1900 3492 Spiritus,
1928 3437 2048 3490 qua:
2086 3422 2139 3475 in
2172 3437 2273 3476 no-

710 3513 797 3569 bis
824 3522 941 3567 erat
980 3523 1105 3568 ante
1143 3513 1271 3567 Adae
1307 3513 1751 3579 inobedientiam,
1784 3515 1866 3568 vel
1901 3529 1998 3583 per
2039 3514 2274 3583 prOpbc-

712 3602 876 3657 ticam
906 3604 1156 3673 gratiam,
1184 3603 1265 3657 rel
1308 3619 1403 3672 per
1430 3604 1684 3658 virtutem
1718 3620 1950 3659 morum.
1976 3604 2129 3658 Unde
2160 3620 2275 3658 me—

712 3694 818 3748 rito
848 3694 1005 3764 petiit
1029 3694 1288 3764 Spiritum
1311 3712 1341 3750 a
1371 3710 1431 3749 se
1463 3695 1657 3750 iterum
1681 3712 1790 3750 non
1826 3696 2051 3763 auferri,
2079 3711 2147 3750 ne
2176 3696 2281 3751 ilco

713 3799 835 3838 rum
867 3784 988 3853 ejus
1015 3784 1280 3853 iacturam
1305 3787 1665 3855 experiretur.

789 3872 948 3928 Vens.
980 3873 1067 3927 15.
1103 3892 1122 3925 ι
1163 3873 1379 3929 Docebo
1418 3874 1631 3944 iniquos
1669 3876 1785 3930 vias
1816 3884 1956 3932 tuas.
1993 3896 2011 3928 ι

785 3960 942 4016 Prius
970 3977 1185 4032 quoque
1209 3962 1469 4018 docuerat
1503 3964 1615 4018 vias
1652 3964 1888 4029 Domini,
1928 3966 2022 4021 sed
2054 3964 2281 4021 fortasse

715 4071 826 4110 non
850 4055 1110 4109 docuerat
1139 4054 1378 4124 iniquos,
1402 4070 1577 4125 neque
1599 4064 1889 4125 antequam
1917 4057 2277 4127 delinqueret,

715 4146 1017 4202 doctrinam
1075 4146 1130 4200 in
1188 4146 1505 4216 precatione
1552 4146 1684 4201 tanti
1742 4146 1993 4211 faciebat,
2029 4148 2122 4203 sed
2169 4157 2281 4201 tum

718 4240 1009 4309 prmcipue,
1051 4254 1174 4293 cum
1206 4239 1259 4292 in
1290 4238 1494 4293 crimen
1539 4239 1792 4308 delapsus
1827 4240 2088 4309 resipuit,
2122 4250 2178 4296 et
2216 4240 2282 4295 ad

718 4334 1090 4403 ptcnitentiam
1122 4334 1380 4389 accurrit.
1410 4333 1483 4389 Ut
1522 4336 1668 4389 enim
1692 4334 1758 4389 de
1791 4334 2048 4389 curandis
2082 4335 2284 4391 morbis

2371 3156 2480 3210 τῶν
2510 3156 2728 3224 ἀγαθῶν
2750 3153 3160 3225 ξημειούμενοι.
3182 3152 3282 3205 Διά
3304 3154 3357 3203 τί
3385 3152 3441 3205 δὲ
3473 3152 3593 3204 ἀντὶ
3624 3149 3720 3202 τοῦ
3749 3151 3957 3210 εἰπεῖν,

2374 3249 2466 3318 Μὴ
2530 3247 2724 3317 ἀνέλῃς
2781 3246 2840 3299 τὸ
2907 3245 3142 3312 πνεῦμα,
3176 3242 3272 3308 Μὴ
3331 3240 3668 3307 ἀντανένίῃς
3722 3238 3957 3303 ἕταξενς

2388 3340 2719 3411 Ἐπειδήπερ
2744 3337 2891 3402 ἅπαξ
2913 3338 3010 3407 τῆς
3044 3338 3102 3389 ἐν
3126 3336 3257 3404 ἡμῖν
3278 3333 3558 3403 ἐνεργείας
3586 3330 3680 3383 τοῦ
3700 3330 3960 3398 Πνεῦμαο

2374 3448 2466 3491 τος
2490 3432 2683 3500 πεῖραν
2703 3426 2789 3481 διὰ
2812 3427 2910 3495 τῆς
2935 3426 3029 3477 τοῦ
3047 3424 3216 3491 Ἀδὰμ
3234 3421 3541 3493 παρακοῆς,
3561 3424 3654 3471 καὶ
3680 3434 3956 3486 προφητι-

2378 3523 2479 3592 κῆς
2521 3520 2764 3590 χάριτος,
2809 3516 2958 3587 ἢδιὰ
3024 3513 3334 3585 πρακτικῆς
3372 3509 3575 3579 ἀρετῆς
3603 3510 3650 3560 οἱ
3683 3508 3779 3560 τοῦ
3814 3508 3952 3560 Θεοῦ

2379 3614 2736 3683 φυλάττοντες
2787 3611 2884 3672 τὰς
2930 3607 3146 3669 ἐντολὰς
3181 3605 3452 3669 ἐδέξαντο.
3503 3603 3679 3671 Ὅπερ
3726 3601 3955 3661 εἰκότιιις

2381 3706 2457 3776 μὴ
2483 3702 2937 3772 ἀνταναιρεθῆναι
2959 3697 3317 3769 προσηύχετο,
3350 3693 3491 3746 ὥστε
3543 3692 3616 3762 μὴ
3647 3692 3743 3742 καί
3770 3689 3954 3742 δευτέ-

2382 3814 2480 3868 ραν
2511 3792 2676 3851 αὑτοῦ
2709 3792 3010 3861 ὑποστῆναι
3034 3788 3346 3857 ἀφαίρεσιν.

2455 3903 2475 3939 ι
2512 3884 2716 3948 Διδάξω
2747 3882 2981 3950 ἀνόμους
3002 3880 3099 3943 τὰς
3127 3876 3277 3938 ὁδούς
3314 3892 3429 3929 σου.
3475 3892 3493 3925 ι

2463 3976 2743 4030 Ἐδίδασκε
2791 3972 2889 4043 μὲν
2924 3970 3022 4032 τὰς
3066 3968 3219 4030 ὁδοὺς
3246 3964 3341 4018 τοῦ
3372 3962 3508 4017 Θεοῦ
3540 3962 3635 4014 καὶ
3668 3960 3952 4030 πρότερον,

2382 4062 2497 4117 ἀλλ’
2546 4060 2671 4114 οὔτε
2721 4058 2847 4121 τοὺς
2897 4056 3133 4124 ἀνόμους
3172 4054 3323 4114 ῐσως,
3373 4048 3493 4102 οὐδὲ
3548 4049 3824 4116 προσευχῇ
3858 4048 3955 4114 τὴν

2381 4152 2729 4209 διδασκαλίαν
2754 4148 2860 4221 προ
2886 4148 2982 4219 τῆς
3006 4144 3279 4216 ἁμαρτίας
3300 4140 3547 4195 τοσοῦτον
3576 4138 3806 4199 ἐτίθετο,
3836 4138 3952 4189 τότε

2383 4247 2438 4301 δὲ
2473 4245 2669 4317 μᾶλλον
2690 4243 2781 4310 ἀφ’
2812 4236 2981 4310 οὗπερ
3003 4233 3340 4309 ἡμαρτηκὼς
3369 4231 3714 4301 μετενόησεν.
3744 4228 3915 4279 Ὠσπε
3925 4244 3954 4296 ρ

2385 4316 2494 4406 γὰρ
2532 4335 2737 4395 ἐκεῖνος
2776 4331 2954 4397 λέγειν
2989 4326 3121 4393 περὶ
3161 4322 3451 4393 θεραπείας
3505 4317 3819 4370 πίστεύεται
3856 4316 3956 4384 μά-

720 4424 961 4495 loquenti
1001 4424 1341 4494 potissimum
1382 4426 1642 4487 creditur,
1682 4425 1727 4478 si
1774 4441 1898 4479 cum
1942 4427 2272 4495 aagrotaveril

2389 4430 2544 4481 λιστα
2573 4428 2600 4478 ὁ
2626 4420 2929 4492 νενοσηκὼς
2963 4419 3145 4479 αὐτὸς,
3183 4414 3278 4468 καὶ
3311 4414 3506 4480 πεῖραν
3536 4408 3631 4460 τοῦ
3659 4408 3952 4475 quppiam

719 4514 1001 4569 medicina:
1042 4513 1343 4584 periculum
1373 4512 1563 4568 fecerit
1595 4532 1610 4567 :
1657 4511 1735 4566 sic
1771 4512 1863 4581 qui
1895 4527 1993 4582 per
2019 4512 2285 4581 pmniteu-

721 4608 847 4661 tiam
874 4605 1051 4661 sanati
1088 4612 1238 4669 sunt,
1271 4605 1651 4676 peccatoribus
1682 4603 1803 4657 aliis
1828 4602 2203 4658 conversionis
2232 4610 2286 4655 et

720 4695 911 4752 salutis
936 4695 1103 4764 janua
1132 4694 1524 4758 inveniuntur;
1553 4692 1626 4745 ita
1667 4700 1724 4744 ut
1757 4690 1956 4744 Paulus
1994 4704 2116 4744 cum
2147 4688 2285 4742 fidu-

721 4788 806 4844 cia
849 4786 1110 4842 clamaret
1140 4802 1153 4837 :
1187 4784 1419 4840 Christus
1466 4783 1616 4837 Iesus
1644 4783 1780 4837 venit
1827 4784 1881 4835 in
1911 4781 2183 4841 mundum,
2232 4790 2288 4832 ut

722 4890 1018 4948 peccatores
1042 4874 1212 4932 salvos
1242 4877 1458 4946 faceret,
1480 4891 1701 4946 quarunt
1732 4875 1932 4943 primus
1960 4890 2051 4943 ego
2079 4889 2193 4925 sum
2221 4874 2285 4924 ".

725 4972 781 5025 Si
813 4969 1203 5040 praedicationi,
1242 4968 1441 5036 inquit,
1479 4967 1639 5022 fidem
1674 4982 1781 5021 non
1814 4965 2026 5019 habetis
2057 4966 2288 5019 salutem

723 5071 1074 5132 peccatorum
1102 5059 1449 5115 annuntianti
1476 5099 1489 5124 ,
1520 5074 1550 5112 a
1584 5072 1673 5112 me
1704 5057 2032 5126 praedicante
2074 5056 2287 5113 discite.

724 5153 814 5222 qui
856 5168 979 5207 cum
1024 5160 1340 5222 persecutor
1369 5166 1544 5207 essem
1574 5190 1588 5214 ,
1619 5148 1896 5219 Evangelii
1937 5147 2295 5202 ministerium

728 5244 859 5299 mihi
888 5243 1265 5300 concreditum
1294 5252 1398 5297 est.

801 5335 958 5390 Vens.
993 5336 1076 5389 l7.
1121 5354 1139 5388 ι
1173 5334 1419 5400 Domine,
1454 5335 1597 5387 labia
1630 5349 1745 5387 mea
1772 5333 2003 5402 aperies.
2044 5350 2061 5382 ι

801 5428 989 5483 'Jideu‘
1053 5428 1192 5482 labia
1244 5427 1464 5481 Davidis
1513 5436 1733 5495 propter
1782 5433 2064 5494 pet-catum
2116 5423 2297 5476 clausa

726 5521 913 5586 fuisse,
950 5520 1044 5575 sed
1079 5520 1275 5574 iterum
1300 5535 1394 5587 per
1427 5518 1807 5587 pteuiteutiam
1852 5516 2075 5578 recludi,
2116 5525 2167 5567 ct
2199 5512 2291 5567 Dei

804 5718 847 5747 "‘
875 5714 1014 5770 l‘sal.
1040 5729 1196 5777 CXLII,
1228 5712 1309 5767 l0.
1388 5712 1424 5741 "
1463 5710 1601 5764 'fim.
1645 5728 1679 5774 ι,
1724 5710 1803 5763 Ιῖ).

2390 4519 2703 4583 δεξάμενοςθ
2735 4513 2875 4565 οὓτω
2902 4512 2995 4563 καὶ
3022 4510 3068 4560 οἱ
3101 4510 3167 4575 τῇ
3213 4502 3470 4573 μετανοίᾳ
3494 4498 3781 4557 σωἿέντες,
3818 4495 3954 4563 θύρα

2390 4609 2501 4668 τοῖς
2522 4605 2700 4665 ἀλλοις
2726 4599 3068 4670 ἁμαρτωλοῖς
3092 4592 3426 4663 ἐπιστροφῆς
3451 4591 3544 4642 καὶ
3571 4586 3844 4655 σωτηρίας
3869 4587 3952 4636 εὖ·

2398 4695 2693 4762 ρίσκονται,
2717 4689 2855 4741 ὥστε
2887 4687 2976 4739 τὸν
3010 4685 3223 4737 Παῦλον
3259 4681 3396 4750 μετα
3431 4675 3749 4747 παρρησίας
3789 4674 3915 4743 βοᾷ-θ
3936 4689 3949 4703 '

2394 4779 2646 4849 Χριστὸς
2698 4774 2935 4841 Ἰησοῦς
2966 4771 3154 4841 “nitier
3187 4772 3271 4833 εἰς
3305 4767 3413 4820 τὸν
3444 4767 3673 4833 κόσμον
3696 4763 3953 4830 ἁμαρτω-

2394 4872 2544 4938 λοὺς
2576 4869 2792 4930 σῶσαι,
2821 4861 2909 4920 ὧν
2928 4862 3156 4930 πρῶτός
3181 4864 3295 4928 ειμι
3324 4857 3456 4925 ἐγώ.
3491 4857 3552 4908 Ei
3581 4854 3856 4909 ἀπιστεῖτε
3883 4850 3956 4918 τῷ

2396 4964 2732 5033 κηρύγματι,
2758 4957 2943 5025 φησὶν,
2971 4949 3307 5023 ἁμαρτωλῶν
3331 4945 3597 5015 σωτηρίαν
3620 4941 3954 5009 κηρύττοντι,

2396 5058 2491 5110 ἀπ’
2528 5050 2662 5122 ἐμοῦ
2710 5048 2805 5101 τοῦ
2847 5046 3204 5116 κηρύττοντος
3244 5038 3467 5109 μάθετε,
3507 5036 3587 5087 ὃτι
3632 5034 3864 5103 διώκτης
3884 5029 3955 5081 ὢν

2398 5144 2721 5213 ἐπιστεύθην
2751 5136 3085 5207 Εύαγγελίου
3113 5130 3363 5203 γενέσθαι
3384 5127 3652 5187 διάκονος.

2476 5344 2493 5375 ι
2528 5323 2723 5393 Κύριε,
2752 5321 2821 5374 τὰ
2859 5320 3010 5390 χείλη
3046 5334 3146 5386 μου
3177 5313 3426 5377 ἀνοίξεις.
3469 5328 3486 5359 ι

2485 5417 2650 5487 Ὁρᾷς
2681 5415 2763 5467 ὅτι
2789 5408 3147 5479 κεκλεισμένα
3174 5406 3265 5459 τοῦ
3293 5402 3455 5457 Δαῧὶδ
3480 5400 3547 5453 τα
3576 5398 3729 5470 χείλη
3757 5396 3841 5447 διὰ
3870 5395 3954 5463 τὴν

2406 5507 2680 5582 ἁμαρτίαν
2705 5505 3015 5575 ἐτύγχανεν,
3042 5500 3175 5555 ἀλλά
3200 5497 3361 5552 πάλιν
3380 5499 3446 5567 τῇ
3477 5487 3738 5563 μετανοίᾳ
3760 5487 3953 5554 ἀντείῖυ
