4158 6450
735 337 868 410 1207
1907 353 2263 412 unsrcuu
2323 355 2790 416 l’ltESBYTEltI
3867 349 4033 413 1203

735 461 836 512 huc
890 467 973 512 est
1032 460 1414 526 mendacium,
1474 463 1764 532 loquatur,
1821 473 1872 517 et
1930 465 2085 518 sileat
2141 463 2307 532 justi-
2339 471 2377 525 Α

2409 466 2468 518 τὸ
2501 467 2694 534 ψεῦδος
2737 465 2935 530 λαλῶν,
2969 467 3062 520 καὶ
3099 465 3196 536 τὴν
3226 464 3576 534 δικαιοσύνην
3618 463 3877 530 σιωπῶν,
3908 463 4027 530 δη-

734 552 887 614 liam,
933 551 986 603 id
1034 561 1118 606 est
1159 554 1434 618 virtutem,
1479 568 1640 622 quam
1692 555 1969 622 proximus
2011 555 2131 623 ejus
2179 571 2305 625 pos-

2011 555 2131 623 ejus
2179 571 2305 625 pos-
2409 558 2543 628 λαδὴ
2577 558 2675 628 τὴν
2706 559 2928 628 ἀρετὴν,
2960 558 3026 629 ἢν
3046 558 3074 610 ὁ
3107 557 3332 627 πλησίον
3363 558 3646 627 κέκτηται.

735 641 896 692 sid.t.

797 729 959 783 Vens.
997 730 1051 784 7.
1085 749 1103 782 ι
1140 728 1436 800 Propterea
1468 732 1612 788 Deus
1639 735 1885 789 destruet
1912 745 1985 790 te.
2037 755 2056 788 ι

1809 745 1885 789 let
1912 745 1985 790 te.
2037 755 2056 788 ι
2485 758 2504 791 ι
2536 738 2634 791 Διά
2665 738 2824 792 τοῦτο
2848 741 2876 793 ὁ
2899 738 3032 801 Θεὸς
3066 738 3286 791 καθελεῖ
3311 754 3393 790 σε.
3432 755 3451 789 ι

803 818 926 874 Haec
987 821 1137 876 omni
1187 823 1406 891 quidem
1460 825 1668 879 homini
1719 826 1942 890 doloso,
1993 826 2091 881 sed
2137 826 2330 881 multo.

2481 828 2669 881 Ταῦτα
2703 829 2867 882 παντὶ
2898 827 2996 898 μὲν
3023 827 3204 898 δολίῳ.
3237 827 3377 880 πολὺ
3407 827 3465 880 δὲ
3498 826 3702 896 μᾶλλον
3735 825 3890 896 πρὸς
3921 825 4029 877 τὸν

736 912 971 967 maxime
1001 914 1068 966 ad
1101 915 1432 981 proditorem
1475 917 1754 972 dicuntur.
1786 919 1932 971 Deus
1949 920 2098 973 enim
2127 919 2307 988 ipsum

2411 919 2679 989 προδᾶτην
2722 919 2946 985 λέγεται
2975 936 2990 948 ·
3028 917 3279 971 καθεῖλεν
3327 916 3438 986 1&9
3480 916 3647 969 αὐτὸν
3681 917 3709 967 ὸ
3739 915 3893 976 Θεὸς
3935 917 4026 977 είς

737 1001 957 1056 sustulit
985 997 1040 1056 in
1070 1004 1253 1069 tinem,
1283 1013 1339 1059 et
1376 1005 1444 1060 de
1471 1007 1838 1074 tabernaculo,
1873 1009 1924 1063 id
1952 1017 2056 1074 est,
2087 1009 2156 1065 de
2188 1009 2310 1064 loco

2409 1010 2582 1074 τέλος,
2611 1010 2704 1060 καὶ
2733 1009 2842 1061 ἀπὸ
2869 1009 2970 1079 τῆς
3010 1009 3216 1078 σκηνῆς
3238 1049 3253 1074 ,
3281 1009 3558 1061 τουτέστιν
3589 1010 3656 1060 ὲκ
3687 1008 3794 1058 τοῦ
3835 1008 4022 1058 τόπου

736 1093 1097 1162 discipulatus
1139 1097 1456 1161 transtulit,
1487 1104 1542 1150 et
1581 1105 1839 1165 tanquam
1875 1099 2115 1168 spinosa;
2149 1098 2313 1168 plan-

2410 1101 2509 1169 τῆς
2541 1099 2838 1170 μαθητείας
2864 1100 3195 1169 μετέστησεν
3218 1139 3233 1164 ,
3273 1098 3366 1152 καὶ
3394 1098 3492 1168 τὴν
3527 1097 3686 1167 ῥίζαν
3711 1097 3801 1158 ὡς
3835 1099 4023 1148 ἀκανο

738 1189 806 1237 tzc
861 1183 1098 1238 radicem
1150 1184 1218 1240 de
1270 1190 1413 1242 terra
1456 1184 1777 1256 viventium,
1818 1190 1886 1244 de
1937 1188 2311 1260 apostolorum

2412 1190 2612 1253 θώδους
2643 1184 2811 1261 φυτοῦ
2843 1194 2906 1244 ἐκ
2925 1192 3030 1261 γῆς
3059 1191 3276 1255 ζώντων
3297 1226 3313 1256 ,
3348 1193 3412 1243 ἐκ
3440 1190 3537 1244 τοῦ
3576 1189 3873 1260 γεωργίου
3905 1189 4025 1242 τῶν

737 1275 1065 1344 agricultura
1109 1274 1326 1333 eVulsit.

2412 1283 2728 1335 ἀποστόλων
2752 1279 3007 1347 ἓξέτιλεν.

814 1383 834 1415 ι
881 1364 1105 1435 Speravi
1139 1366 1194 1420 in
1219 1367 1593 1423 misericordia
1624 1369 1771 1424 Dei.»

2490 1392 2508 1424 ι
2553 1375 2792 1426 Ἥλπισα
2819 1374 2912 1427 ἐπὶ
2941 1375 3001 1426 τὸ
3027 1373 3174 1437 ἔλεος
3200 1373 3295 1426 τοῦ
3320 1372 3477 1425 Θεοῦ.
3517 1391 3535 1424 ι

811 1455 1093 1522 Quadraut
1136 1459 1252 1513 haec
1301 1461 1466 1514 verba
1526 1477 1744 1531 quoque
1774 1459 1937 1516 Petro
1961 1461 2309 1531 negationem

2495 1463 2782 1533 ’.ἁρμόττει
2816 1462 2992 1516 ταῦτά
3025 1480 3088 1530 γε
3131 1464 3200 1515 τά
3247 1465 3470 1534 ῥήματα
3502 1463 3699 1532 Πέτρῳ
3741 1463 3837 1523 εἰς
3881 1462 4020 1516 ἀνά-

746 1561 898 1601 suam
932 1548 985 1602 in
1016 1551 1335 1605 memoriam
1363 1554 1638 1608 revocanti
1672 1593 1687 1618 ,
1713 1549 1807 1621 qui
1835 1555 1976 1608 sicut
2013 1552 2156 1608 oliva
2197 1552 2313 1607 fru-

2419 1572 2616 1626 μνησιν
2665 1557 2954 1627 ἐρχομένῳ
2998 1556 3096 1625 τῆς
3122 1555 3328 1618 οἰκείας
3353 1556 3678 1624 ἀρνήσεως,
3719 1555 3899 1614 ὅστις
3945 1555 4020 1615 ὡς

748 1639 937 1692 etifcra
971 1639 1025 1693 in
1053 1640 1216 1695 domo
1252 1641 1367 1708 Dei,
1400 1642 1452 1698 id
1492 1649 1594 1707 est,
1627 1644 1682 1697 in
1722 1644 1826 1698 ﬁde
1863 1655 2079 1714 semper
2107 1644 2314 1699 consti-

2415 1647 2569 1699 ὲλαία
2605 1646 2962 1716 κατάκαρπος
2997 1647 3055 1698 ἐν
3096 1646 3176 1716 τῷ
3209 1647 3343 1714 οίκῳ
3384 1644 3480 1698 τοῦ
3515 1644 3679 1709 Θεοῦ,
3714 1643 4018 1703 τουτέστι,

750 1728 856 1793 tit;
895 1727 1022 1783 licet
1071 1731 1139 1783 ad
1186 1731 1438 1801 exiguum
1505 1739 1718 1802 tempus
1770 1734 2073 1803 negationis
2123 1742 2314 1787 aestum
2351 1799 2384 1808 _

2377 1803 2384 1808 _
2415 1740 2483 1808 τῇ
2515 1738 2694 1791 πίστει
2741 1737 3006 1806 διηνεκῶς
3058 1737 3366 1806 ἱστάμενος,
3420 1739 3470 1788 εί
3505 1737 3599 1789 καὶ
3629 1736 3781 1806 πρὸς
3810 1736 4019 1805 μικρὸν

749 1820 1075 1876 ειιειίηιιοτὶι
1116 1840 1129 1875 :
1179 1831 1554 1878 verumtamen
1599 1824 1823 1879 minime
1850 1825 2108 1880 exaruit:
2139 1819 2308 1894 siqui-
2347 1799 2388 1854 Β

2375 1802 2388 1853 ⁸
2417 1799 2624 1900 ὑπέστη
2673 1828 2764 1881 τὸν
2793 1828 3050 1882 καύσωνα
3094 1828 3193 1894 τῆς
3237 1829 3537 1898 ἀρνήσεως,
3567 1827 3686 1879 ἀλλ’
3712 1829 3886 1895 ὅμως
3920 1828 4017 1878 οὐκ

743 1910 867 1964 dem
907 1911 1243 1980 paenitentia:
1297 1913 1547 1984 lacrymis
1588 1915 1825 1968 radicem
1872 1915 2130 1985 irrigavit.
2179 1908 2315 1966 Pro-

2418 1921 2712 1993 ἐξηράνθη.
2744 1920 2834 1990 Τῷ
2865 1921 2972 1990 γὰρ
3006 1919 3229 1990 δακρύῳ
3256 1923 3354 1988 τῆς
3389 1920 3680 1989 μετανοίας
3709 1918 3827 1989 τὴν
3856 1919 4017 1987 ῥίζαν

743 2009 952 2068 pterca,
994 2001 1170 2072 inquit
1215 2021 1228 2058 :
1271 2001 1564 2072 Canﬁtebor
1608 2005 1733 2069 tibi,
1765 2006 1891 2076 quia
1934 2007 2124 2076 fecisti.
2172 2006 2313 2072 Quid

2417 2011 2685 2067 ἐπότισεν.
2733 2012 2832 2064 Διά
2854 2011 3011 2065 τοῦτὸ
3049 2029 3236 2081 φησιν,
3266 2010 3849 2080 Ἐξομολογήσομαί
3890 2027 4013 2069 σοι,

744 2092 961 2146 fecisti?
1012 2090 1463 2161 Misericordiam,
1491 2093 1886 2167 benignitatem
1911 2139 1926 2164 ,
1959 2099 2314 2154 commisera-

2416 2109 2503 2160 ὅτι
2530 2102 2840 2171 ἐποίησας.
2864 2105 2928 2157 Τί
2949 2103 3448 2172 ἐποίησας;Ἐλεος,
3470 2102 3853 2173 χρηστότητα,
3878 2118 4017 2169 συμ-

748 2184 970 2237 tionem.
997 2184 1133 2249 Quia
1159 2202 1283 2240 cum
1312 2187 1403 2256 qui
1426 2198 1736 2258 negaverat,
1764 2189 2143 2260 mysteriorum
2172 2207 2314 2260 prte-

2418 2200 2666 2252 παθειαν.
2711 2200 2834 2250 Ὀτι
2875 2201 2965 2250 τὸν
3029 2196 3405 2265 ἀρνησάμενον
3461 2197 3683 2263 κήρυκα
3740 2194 3860 2246 τῶν
3919 2211 4011 2261 μυ·

745 2290 937 2328 conem
969 2275 1218 2341 effecisti,
1249 2278 1555 2332 columnam
1589 2278 1911 2332 titubantem
1948 2277 2276 2332 conﬁrmasti
2297 2319 2312 2342 ,

2419 2286 2654 2354 στηρίων
2687 2284 2976 2353 ἐποίησας,
3009 2282 3198 2334 στύλον
3229 2284 3321 2334 τὸν
3366 2282 3696 2335 πλευθέντα
3728 2282 4014 2349 κατέστη-

745 2375 799 2418 ct
831 2381 953 2419 cum
1003 2368 1093 2436 qui
1135 2377 1432 2434 erraverat,
1486 2380 1759 2438 pastorem
1802 2384 2064 2439 agnorum
2109 2369 2318 2421 consti-

2420 2393 2539 2440 σας,
2572 2377 2664 2428 καὶ
2697 2376 2930 2444 ποιμένα
2959 2374 3067 2426 τῶν
3091 2375 3280 2442 ἀμνῶν
3305 2374 3395 2426 τὸν
3423 2374 3788 2441 πλανηθέντα
3825 2373 4014 2436 ἐποίη-

749 2459 920 2512 tuisti.
947 2457 1151 2512 Bonum
1180 2470 1362 2515 autem
1393 2476 1503 2514 non
1538 2460 1760 2524 Judzeis,
1793 2475 1971 2530 neque
2003 2459 2317 2514 idololatrize

2420 2487 2540 2534 σας.
2574 2469 2852 2538 Χρηστόν
2874 2469 2931 2521 δὲ
2957 2469 3368 2534 οὑκΊουδαίοις,
3396 2470 3519 2521 οὐδὲ
3549 2468 4014 2536 εἰδωλολατρεξαν

748 2551 941 2604 morbo
959 2551 1328 2606 laborantibus
1347 2595 1361 2618 ,
1383 2552 1478 2607 sed
1509 2554 1564 2605 in
1590 2562 1861 2618 conspectu
1883 2561 2185 2606 sanctorum
2211 2551 2304 2620 qui

2420 2563 2688 2629 νοσοῦσιν,
2722 2563 2834 2616 ἀλλ’
2858 2563 3136 2615 ἐναντίον
3167 2562 3292 2628 τοῖς
3319 2563 3533 2627 ὁσίοις,
3566 2565 3683 2622 τοῖς
3725 2562 3823 2614 δια
3851 2561 4012 2629 1&9:-

749 2647 846 2709 per
874 2642 1099 2710 gratiam
1154 2649 1207 2698 et
1241 2638 1480 2697 laetitiam
1509 2642 1784 2712 justilicati
1833 2653 1984 2698 sunt.
2033 2642 2128 2696 llis
2174 2642 2319 2696 enim

2421 2674 2510 2719 τος
2537 2657 2630 2710 καὶ
2655 2655 2989 2727 εὐφροσύνης
3002 2655 3358 2709 δικαιωθεῖσι.
3383 2653 3540 2722 Παρὰ
3567 2652 3791 2715 τούτοις
3819 2653 3938 2720 γὰρ
3962 2653 4013 2700 τὸ

751 2737 948 2786 nomen
989 2732 1110 2800 ejus
1155 2733 1381 2787 bonum.
1422 2730 1565 2798 Quid
1609 2733 1754 2787 enim
1789 2729 1916 2787 Jesu
1961 2729 2321 2802 appellatione

2422 2750 2590 2816 ὄνομα
2618 2748 2783 2802 αὑτοῦ
2827 2747 3083 2818 χρηστόν.
3131 2747 3196 2798 Τί
3226 2747 3336 2816 γὰρ
3364 2746 3458 2798 τοῦ
3502 2745 3680 2815 Ἰησοῦ
3719 2761 4011 2814 προσηγο-

751 2823 1013 2876 suavius?
1047 2824 1314 2892 Exspecto
1343 2833 1564 2879 autem:
1608 2824 1675 2878 ad
1709 2822 1877 2894 quid?
1916 2822 2171 2895 quoniam
2229 2825 2320 2893 qui

2427 2839 2548 2907 ρίας
2585 2837 2986 2908 χρηστότερον;
3018 2836 3306 2906 ’Υπομένω
3338 2836 3430 2888 δέ’
3459 2836 3546 2887 διὰ
3574 2836 3628 2888 τί
3655 2854 3670 2898 ;
3717 2835 3953 2902 Ἐπειδὴ
3987 2837 4010 2885 ὸ

750 2922 1028 2982 exspectat
1057 2915 1110 2969 in
1143 2915 1326 2981 tinem,
1359 2917 1446 2970 hic
1471 2915 1653 2971 salvus
1678 2912 1803 2971 erit.

2428 2932 2725 3002 ὑπομείνας
2750 2933 2829 2996 εἰς
2854 2931 3028 2995 τέλος,
3061 2925 3219 2994 οὗτος
3252 2931 3576 3000 σωθήσεται.

1302 3027 1621 3084 ΡΞᾹΙΛΙΕΒ
1655 3030 1762 3083 Lll.

2989 3022 3282 3074 ΨΔΛΜΟΣ
3301 3021 3426 3074 NB'.

823 3116 984 3171 Vens.
1021 3117 1070 3170 l.
1105 3136 1122 3170 ι
1166 3119 1310 3173 Dixit
1336 3121 1602 3189 insipiens
1631 3122 1685 3174 in
1715 3121 1879 3176 corde
1913 3137 2030 3176 suo.
2075 3141 2094 3173 ι
2343 3125 2388 3182 C

1913 3137 2030 3176 suo.
2075 3141 2094 3173 ι
2343 3125 2388 3182 ρ
2497 3133 2516 3167 ι
2553 3111 2721 3167 Εἶπεν
2757 3115 2945 3184 ἄφρων
2965 3113 3022 3165 ἐν
3051 3113 3248 3184 καρδίᾳ
3280 3111 3466 3166 αὑτοῦ.
3511 3130 3528 3162 ι

825 3207 994 3276 Cujus
1032 3209 1176 3262 cnim
1229 3218 1345 3262 erat
1395 3209 1540 3264 istud
1587 3211 1791 3274 dicere,
1824 3210 1931 3264 nisi
1975 3209 2324 3278 insipientis?

2497 3206 2651 3267 Τίνος
2676 3206 2784 3274 γὰρ
2828 3201 2895 3274 ῆν
2921 3202 3081 3256 τοῦτο
3129 3203 3326 3270 λέγειν,
3359 3202 3474 3255 ἀλλ’
3505 3201 3539 3271 ἦ
3563 3201 3846 3271 ἇφρονοςς
3889 3203 4010 3270 mpi

756 3301 825 3353 de
871 3315 979 3368 quo
1011 3300 1178 3355 Isaias
1205 3302 1342 3354 dixit
1379 3320 1393 3354 ι
1440 3300 1648 3355 Fatuus
1694 3304 1843 3372 fatua
1875 3303 2132 3369 loquetur,
2163 3311 2213 3356 et
2239 3318 2327 3354 cor

2426 3289 2488 3351 οὗ
2528 3296 2757 3361 Ἡσαΐας
2793 3295 2976 3362 ἔλεγεν
3001 3311 3015 3326 ·
3075 3293 3138 3348 '0
3161 3293 3360 3363 μωρὸς
3385 3294 3553 3361 μωρὰ
3578 3294 3876 3358 λαλήσει,
3921 3293 4009 3345 καί

756 3393 870 3462 ejus
900 3409 1036 3446 vana
1088 3392 1338 3462 intelliget
1361 3393 1427 3448 “.
1469 3393 1657 3458 Qualia
1709 3395 1851 3448 ista?
1890 3394 2158 3458 Quoniam
2202 3410 2325 3449 cum

2427 3389 2466 3452 ἡ
2508 3385 2723 3454 καρδία
2771 3386 2960 3440 αὑτοῦ
2999 3385 3223 3456 μάταια
3261 3385 3752 3453 φρονήσει.-Ποία
3797 3385 4002 3445 ταῦτα;

758 3498 918 3551 prava
959 3485 1204 3552 quaedam
1251 3493 1307 3538 et
1353 3485 1587 3539 absurda
1632 3494 1929 3555 patrantcs,
1982 3493 2037 3539 et
2066 3485 2160 3540 Dei
2199 3501 2326 3553 erga

2431 3480 2550 3532 ὀτι
2583 3478 2763 3547 φαῦλά
2791 3496 2915 3532 τινα
2936 3480 3030 3531 καὶ
3051 3480 3231 3532 ἄτοπα
3257 3477 3640 3548 ἐργαζόμενοι,
3665 3477 3766 3527 καὶ
3787 3477 3893 3543 τὴν
3928 3477 4003 3527 ἐπ’

755 3573 904 3641 ipsos
935 3571 1394 3641 longanimitatem
1416 3573 1762 3642 aspicientes,
1790 3582 2044 3642 tanquam
2069 3572 2325 3640 benigno,

2427 3571 2610 3633 αὐτοῖς
2639 3569 2732 3623 τοῦ
2763 3569 2898 3622 Θεοῦ
2936 3569 3318 3640 μακροθυμίαν
3359 3567 3667 3637 βλέποντες,
3700 3566 3828 3618 δέον
3857 3567 4005 3635 εὐχα-

754 3672 808 3716 rt
830 3663 1096 3716 malorum
1125 3663 1375 3717 toleranti
1397 3665 1596 3734 gratias
1615 3679 1797 3733 agerc,
1823 3672 1877 3716 et
1903 3663 2092 3716 laudes
2114 3663 2328 3720 delerre

2431 3664 2633 3731 ριστεῖν
2654 3663 2748 3714 καὶ
2768 3659 3014 3726 δοξάζειν
3039 3663 3112 3725 ὡς
3141 3661 3398 3732 χρηστὸν,
3430 3660 3526 3712 καὶ
3553 3659 3906 3723 ἀνεξίκακον,
3937 3660 4003 3718 εἰς

755 3763 1053 3823 oporteret,
1115 3755 1183 3808 ad
1240 3755 1592 3811 stoliditat-..m
1643 3755 1971 3820 exorbitant,
2021 3755 2190 3809 Deum
2240 3771 2327 3808 res

2429 3754 2858 3825 παραφροσύνην
2921 3754 3299 3823 ἐκτρέπονται,
3369 3752 3430 3803 οὐ
3490 3749 3811 3818 νομίζοντες
3869 3749 3993 3800 Θεὸν

759 3847 1024 3899 humanas
1067 3862 1177 3900 non
1219 3842 1438 3912 intueri,
1483 3847 1576 3901 sed
1616 3845 1996 3902 indiﬂ‘erenter
2035 3861 2099 3901 ac
2127 3855 2329 3901 temere

2429 3845 2631 3914 ὲφορᾷν
2684 3843 2753 3898 τὰ
2781 3842 3097 3914 ἀνθρώπινα
3126 3883 3142 3908 ,
3179 3842 3418 3913 ἀκρίτως
3464 3842 3520 3894 δὲ
3549 3841 3644 3894 καὶ
3681 3825 4000 3908 abrogata};

757 3949 950 3991 cuncta
981 3938 1108 3991 ferri
1146 3939 1493 3993 arbitrantes.

1069 3938 1108 3991 ri
1146 3939 1493 3993 arbitrantes.
2431 3929 2711 4006 φέρεσθαι.

832 4029 995 4084 Vsus.
1056 4031 1111 4084 2.
1182 4049 1200 4081 ι
1275 4030 1528 4101 Corrupti
1603 4040 1731 4084 sunt
1806 4040 1861 4085 et
1937 4027 2328 4084 abominabiles

1937 4027 2328 4084 abominabiles
2507 4048 2526 4081 ι
2569 4028 2950 4100 Διεφθάρησαν
2982 4030 3075 4081 καὶ
3099 4027 3519 4097 ἐϐδελύχθησαν.
3557 4044 3575 4077 ι

761 4125 911 4180 facti.
947 4144 966 4178 ι

830 4217 1052 4273 Morbus
1104 4217 1198 4288 qui
1249 4231 1346 4287 per
1399 4216 1724 4272 maledicum
1777 4215 2134 4280 diﬂunditur,
2196 4213 2331 4268 alios

2514 4206 2578 4258 Ἦ
2617 4204 2712 4258 τοῦ
2750 4204 3069 4276 βλασφήμου
3111 4202 3414 4255 διαδοοεῖσα
3463 4201 3617 4264 νόσος
3660 4203 3792 4265 τοὺς
3818 4203 3997 4265 ἄλλους

759 4321 976 4379 quoque
1005 4309 1060 4363 in
1092 4306 1470 4379 iniquitatibus
1499 4309 1772 4378 corrumpi
1804 4307 1936 4363 facit
1958 4346 1972 4372 ,
2001 4319 2059 4362 et
2083 4305 2330 4361 Creatori

2431 4301 2489 4352 ὲν
2523 4297 2776 4367 ἀνομίαις
2797 4295 3205 4367 παρασκευάζει
3229 4294 3564 4366 φθείρεσθαι,
3599 4295 3927 4363 βδελυκτούς
3950 4313 3995 4346 τε

761 4417 860 4456 suo
912 4401 1299 4456 abominabiles
1328 4401 1611 4465 exsistere,
1664 4409 1815 4454 tanto
1869 4398 2084 4453 virtutis
2116 4397 2329 4452 defectu
2369 4460 2397 4465 __

2434 4383 2574 4441 εἶναι
2617 4385 2695 4456 τῷ
2719 4386 2982 4440 Κτίσαντι
3011 4426 3024 4448 ,
3053 4387 3332 4456 ἀπραξίαν
3381 4387 3477 4456 τῆς
3515 4387 3717 4455 ἀρετῆς
3744 4388 3997 4456 τοσαύτην

765 4494 1092 4558 laborantes,
1157 4500 1217 4546 ut
1252 4493 1461 4546 nullum
1511 4493 1729 4562 penitus
1765 4493 1965 4545 bonum
2011 4497 2326 4559 operentur.
2369 4460 2407 4514 υ

2369 4460 2408 4514 υ
2438 4477 2727 4540 νοσοῦντας
2751 4518 2766 4541 ,
2798 4477 2938 4530 ὥστε
2977 4477 3144 4547 μηδὲν
3173 4479 3370 4539 αὐτοὺς
3419 4477 3622 4544 ἀγαθὸν
3653 4477 3990 4544 ἐργάζεσθαι.

761 4587 1031 4640 Caeterum
1069 4599 1165 4654 per
1209 4584 1555 4653 insipientem
1583 4624 1598 4649 ,
1632 4583 2037 4638 idololatrorum
2068 4579 2330 4632 insaniam

2447 4567 2609 4622 Ἀλλά
2637 4567 2746 4636 1&9
2772 4568 2862 4620 διὰ
2886 4566 2980 4620 τοῦ
3011 4568 3245 4635 ἄφρονος
3304 4568 3401 4637 τὴν
3441 4567 3546 4618 τῶν
3604 4568 3993 4637 εἰδωλολατρὼν

765 4673 1024 4728 insinuat.
1089 4673 1343 4726 Dicentes
1399 4672 1544 4725 enim
1601 4672 1652 4724 in
1707 4671 1870 4725 corde
1914 4685 2016 4724 suo
2054 4683 2166 4721 non
2212 4681 2334 4721 esse

2441 4660 2638 4728 μανίαν
2659 4659 2968 4711 αἰνίττεται.
2996 4659 3258 4726 Λέγοντες
3286 4660 3395 4726 γὰρ
3426 4660 3480 4710 ὲν
3513 4658 3714 4728 καρδία
3744 4660 3844 4711 οὐκ
3872 4657 3991 4711 εἶναι

768 4765 934 4819 Deum
955 4804 972 4830 ,
1002 4759 1300 4832 ligneorum
1333 4779 1397 4818 ac
1426 4761 1763 4831 lapideorum
1791 4761 2017 4816 deorum
2047 4759 2334 4814 simulacra

2437 4749 2602 4814 Θεὸν,
2655 4748 2849 4801 εἴδωλα
2900 4747 3124 4814 ξυλίνων
3155 4748 3290 4800 θεῶν
3324 4748 3416 4801 καὶ
3455 4748 3672 4800 λιθίνων
3727 4752 3987 4819 ἐποίησαν.

768 4852 1008 4907 fabricati
1041 4859 1191 4907 sunt.
1218 4847 1319 4907 Per
1346 4852 1708 4921 iniquitatem,
1737 4867 1858 4920 quae
1883 4851 2015 4921 legis
2037 4861 2121 4905 est
2154 4858 2334 4904 trans-

2441 4842 2542 4894 Διά
2582 4840 2639 4892 δὲ
2670 4840 2772 4909 τῆς
2809 4840 3060 4910 ἀνομίας,
3098 4841 3218 4910 ἥτις
3250 4837 3318 4911 ἦν
3341 4839 3434 4893 τοῦ
3465 4840 3631 4910 νόμου
3678 4842 3986 4912 παράϐασις,

765 4943 993 5014 gressio,
1025 4943 1242 4998 Judaeos
1274 4943 1533 5006 insinuat,
1564 4960 1700 5013 quos
1736 4943 2115 4998 incredulitate
2144 4955 2336 4996 corru-

2440 4933 2566 4994 τοὺς
2607 4932 2894 4995 Ἰουδαίους
2915 4933 3229 4997 αἰνίττεται,
3247 4931 3338 4995 οὓς
3354 4935 3418 5001 τῇ
3437 4932 3664 5002 ἀπιστίᾳ
3687 4933 3985 5002 φθαρέντπςι

766 5044 908 5103 ptos,
937 5035 1079 5089 Deus
1101 5035 1444 5088 abominatus
1475 5045 1576 5088 est.

1359 5045 1444 5088 tus
1475 5045 1576 5088 est.
2446 5025 2472 5076 ὀ
2498 5022 2629 5085 Θεὸς
2662 5022 2997 5087 ἐϐδελύξατο.

840 5125 1001 5179 Vens.
1034 5125 1088 5179 '5.
1128 5143 1148 5175 ο
1194 5121 1338 5179 Deus
1366 5125 1434 5179 de
1463 5125 1601 5180 caalo
1636 5125 1932 5194 prospexit.
1982 5141 1999 5174 ι

2521 5133 2538 5165 ι
2609 5117 2666 5167 Ὀ
2694 5116 2828 5178 Θεὸς
2858 5116 2924 5169 ὲκ
2956 5116 3050 5169 τοῦ
3077 5118 3310 5187 ούρανοῦ
3336 5116 3609 5184 διέκυψεν.
3643 5138 3659 5168 ι

841 5215 1024 5285 Usque
1063 5207 1200 5270 adeo
1242 5215 1388 5270 enim
1446 5214 1590 5269 Deus
1618 5215 1890 5269 desiderat
1934 5213 2237 5274 veritatem,
2283 5220 2340 5265 ut

2339 5252 2340 5259 η
2521 5207 2785 5262 Τοσοῦτον
2817 5208 2926 5280 1&9
2949 5211 2979 5262 ὁ
3009 5209 3140 5273 Θεὸς
3167 5209 3424 5280 ἀληθείας
3447 5210 3680 5277 ἐφίεται,
3716 5211 3795 5262 ὅτι
3833 5212 3981 5263 πάντα

769 5323 895 5363 CUI“
925 5323 1012 5361 1'65
1043 5322 1236 5362 οιιιηυε
1275 5316 1490 5360 ηοειτοε
1521 5317 1710 5360 οκαοιο
1735 5311 2060 5374 cognoscat,
2098 5312 2336 5357 attamen

2335 5328 2336 5354 ι
2450 5301 2732 5368 γινώσκων
2750 5301 2993 5373 ἀκριδῶς
3014 5302 3082 5356 τὰ
3101 5304 3368 5374 ἡμέτερα,
3397 5305 3545 5373 ὅμως
3569 5304 3875 5366 διακύπτει,
3906 5325 3977 5356 κω

771 5416 870 5469 per
917 5414 1069 5454 suam
1126 5399 1412 5455 nobiscum
1461 5396 2000 5459 condescensioncm,
2036 5393 2189 5464 quasi
2241 5409 2341 5462 per

2334 5409 2341 5422 ·
2450 5391 2628 5463 θάπερ
2655 5394 2762 5446 ἀπό
2791 5411 2932 5457 τινος
2956 5393 3169 5464 θυρίδος
3199 5395 3296 5463 τῆς
3327 5394 3461 5464 πρὸς
3482 5397 3630 5463 ἡμᾶς
3663 5397 3976 5462 συγκαταϐα·

770 5490 1132 5555 fencstellam,
1161 5479 1472 5559 prospiciat,
1502 5504 1588 5543 res
1612 5488 1877 5542 humanas
1898 5495 2150 5541 accurate
2176 5499 2336 5536 nosse

2328 5501 2336 5536 ε
2455 5499 2613 5546 σεως,
2679 5484 2970 5550 διαγνῶναι
3027 5483 3196 5538 θέλων
3257 5484 3501 5554 ἀκριϐῶς
3557 5486 3627 5538 τὰ
3676 5485 3970 5554 ἀνθρώπινα.

769 5578 981 5636 volens.
1034 5577 1231 5647 Utique
1256 5577 1454 5633 Christi
1489 5577 1780 5633 adventqu
1830 5576 2113 5631 manifeste
2142 5575 2341 5629 intolli.

2325 5603 2341 5614 ο
2464 5573 2621 5626 Ἀλλὰ
2655 5575 2757 5645 γὰρ
2797 5575 2979 5645 σαφῶς
3025 5576 3258 5646 Χριστοῦ
3290 5578 3386 5648 τὴν
3410 5576 3706 5645 ἐπιδημίαν
3742 5576 3876 5642 λέγει
3898 5620 3907 5634 .
3929 5576 3967 5637 ὃς

850 5759 896 5790 ”
921 5757 1018 5809 lsa.
1046 5771 1212 5826 xxxn,
1239 5759 1270 5810 6
