  <div class='ocr_page' id='page_1' title='image "/cluster/home/n/w/nwhite01/storage/ocr_20150623/93/nnc1.0046980059/586.png"; bbox 0 0 4158 6450; ppageno 0'>
   <div class='ocr_carea' id='block_1_1' title="bbox 187 379 321 448">
    <p class='ocr_par' dir='ltr' id='par_1_1' title="bbox 187 379 321 448">
     <span class='ocr_line' id='line_1_1' title="bbox 187 379 321 448; baseline 0.015 -2"><span class='ocrx_word' id='word_1_1' title='bbox 187 379 321 448; x_wconf 77' lang='grc'><strong>1209</strong></span> 
     </span>
    </p>
   </div>
   <div class='ocr_carea' id='block_1_2' title="bbox 1235 396 2218 468">
    <p class='ocr_par' dir='ltr' id='par_1_2' title="bbox 1235 396 2218 468">
     <span class='ocr_line' id='line_1_2' title="bbox 1235 396 2218 468; baseline 0.013 -13"><span class='ocrx_word' id='word_1_2' title='bbox 1235 396 1694 461; x_wconf 82' lang='lat' dir='ltr'><strong>FRAGMENTA</strong></span> <span class='ocrx_word' id='word_1_3' title='bbox 1736 401 1817 461; x_wconf 90' lang='lat' dir='ltr'><strong>IN</strong></span> <span class='ocrx_word' id='word_1_4' title='bbox 1858 402 2218 468; x_wconf 80' lang='lat' dir='ltr'><strong>PSALMOS.</strong></span> 
     </span>
    </p>
   </div>
   <div class='ocr_carea' id='block_1_3' title="bbox 3293 418 3427 486">
    <p class='ocr_par' dir='ltr' id='par_1_3' title="bbox 3293 418 3427 486">
     <span class='ocr_line' id='line_1_3' title="bbox 3293 418 3427 486; baseline 0.022 -3"><span class='ocrx_word' id='word_1_5' title='bbox 3293 418 3427 486; x_wconf 79' lang='lat'><strong>1210</strong></span> 
     </span>
    </p>
   </div>
   <div class='ocr_carea' id='block_1_4' title="bbox 186 493 1757 596">
    <p class='ocr_par' dir='ltr' id='par_1_4' title="bbox 186 493 1750 580">
     <span class='ocr_line' id='line_1_4' title="bbox 186 493 1750 580; baseline 0.013 -36"><span class='ocrx_word' id='word_1_6' title='bbox 186 496 249 546; x_wconf 81' lang='grc' dir='ltr'><strong>ἐκ</strong></span> <span class='ocrx_word' id='word_1_7' title='bbox 276 493 368 546; x_wconf 92' lang='grc' dir='ltr'><strong>τοῦ</strong></span> <span class='ocrx_word' id='word_1_8' title='bbox 413 493 643 564; x_wconf 81' lang='grc' dir='ltr'><strong>ούρανοῦ</strong></span> <span class='ocrx_word' id='word_1_9' title='bbox 675 495 952 567; x_wconf 74' lang='grc' dir='ltr'><strong>διέκοψεν,</strong></span> <span class='ocrx_word' id='word_1_10' title='bbox 995 501 1155 571; x_wconf 77' lang='grc' dir='ltr'><strong>ἡνίκα</strong></span> <span class='ocrx_word' id='word_1_11' title='bbox 1194 505 1326 573; x_wconf 77' lang='grc' dir='ltr'><strong>ἡμῖν</strong></span> <span class='ocrx_word' id='word_1_12' title='bbox 1371 508 1509 575; x_wconf 86' lang='grc' dir='ltr'><strong>μετά</strong></span> <span class='ocrx_word' id='word_1_13' title='bbox 1553 511 1750 580; x_wconf 88' lang='grc' dir='ltr'><strong>σαρκὸς</strong></span> 
     </span>
    </p>
   </div>
   <div class='ocr_carea' id='block_1_5' title="bbox 1859 493 3426 596">
    <p class='ocr_par' dir='ltr' id='par_1_5' title="bbox 1859 513 3426 596">
     <span class='ocr_line' id='line_1_5' title="bbox 1859 513 3426 596; baseline 0.011 -27"><span class='ocrx_word' id='word_1_14' title='bbox 1859 513 1946 583; x_wconf 80' lang='lat' dir='ltr'><strong>git,</strong></span> <span class='ocrx_word' id='word_1_15' title='bbox 1979 517 2071 584; x_wconf 88' lang='lat' dir='ltr'><strong>qui</strong></span> <span class='ocrx_word' id='word_1_16' title='bbox 2098 517 2166 572; x_wconf 88' lang='lat' dir='ltr'><strong>de</strong></span> <span class='ocrx_word' id='word_1_17' title='bbox 2194 519 2333 574; x_wconf 77' lang='lat' dir='ltr'><strong>cmlo</strong></span> <span class='ocrx_word' id='word_1_18' title='bbox 2357 525 2659 593; x_wconf 75' lang='lat' dir='ltr'><strong>prospexit,</strong></span> <span class='ocrx_word' id='word_1_19' title='bbox 2695 529 2916 596; x_wconf 86' lang='lat' dir='ltr'><strong>quando</strong></span> <span class='ocrx_word' id='word_1_20' title='bbox 2936 530 3004 585; x_wconf 85' lang='lat' dir='ltr'><strong>ad</strong></span> <span class='ocrx_word' id='word_1_21' title='bbox 3036 545 3136 583; x_wconf 82' lang='lat' dir='ltr'><strong>nos</strong></span> <span class='ocrx_word' id='word_1_22' title='bbox 3181 531 3236 585; x_wconf 88' lang='lat' dir='ltr'><strong>in</strong></span> <span class='ocrx_word' id='word_1_23' title='bbox 3262 548 3426 587; x_wconf 84' lang='lat' dir='ltr'><strong>carne</strong></span> 
     </span>
    </p>
   </div>
   <div class='ocr_carea' id='block_1_6' title="bbox 185 584 1750 668">
    <p class='ocr_par' dir='ltr' id='par_1_6' title="bbox 185 584 1750 668">
     <span class='ocr_line' id='line_1_6' title="bbox 185 584 1750 668; baseline 0.011 -35"><span class='ocrx_word' id='word_1_24' title='bbox 185 584 552 653; x_wconf 90' lang='grc' dir='ltr'><strong>ἐπεδήμησεν.</strong></span> <span class='ocrx_word' id='word_1_25' title='bbox 581 585 791 655; x_wconf 82' lang='grc' dir='ltr'><strong>Ὥσπερ</strong></span> <span class='ocrx_word' id='word_1_26' title='bbox 824 589 931 659; x_wconf 83' lang='grc' dir='ltr'><strong>γὰρ</strong></span> <span class='ocrx_word' id='word_1_27' title='bbox 957 591 986 642; x_wconf 87' lang='grc' dir='ltr'><strong>ό</strong></span> <span class='ocrx_word' id='word_1_28' title='bbox 1017 593 1394 660; x_wconf 89' lang='grc' dir='ltr'><strong>παρακύπτων</strong></span> <span class='ocrx_word' id='word_1_29' title='bbox 1414 596 1509 664; x_wconf 78' lang='grc' dir='ltr'><strong>ἀφ’</strong></span> <span class='ocrx_word' id='word_1_30' title='bbox 1543 598 1750 668; x_wconf 81' lang='grc' dir='ltr'>ὑψηλοῦ</span> 
     </span>
    </p>
   </div>
   <div class='ocr_carea' id='block_1_7' title="bbox 184 672 1755 755">
    <p class='ocr_par' dir='ltr' id='par_1_7' title="bbox 184 672 1755 755">
     <span class='ocr_line' id='line_1_7' title="bbox 184 672 1755 755; baseline 0.012 -31"><span class='ocrx_word' id='word_1_31' title='bbox 184 672 371 737; x_wconf 85' lang='grc' dir='ltr'><strong>τόπου,</strong></span> <span class='ocrx_word' id='word_1_32' title='bbox 405 676 518 728; x_wconf 80' lang='grc' dir='ltr'><strong>ἀνω</strong></span> <span class='ocrx_word' id='word_1_33' title='bbox 548 676 760 745; x_wconf 70' lang='grc' dir='ltr'><strong>μένων,</strong></span> <span class='ocrx_word' id='word_1_34' title='bbox 775 681 925 734; x_wconf 81' lang='grc' dir='ltr'><strong>κάτω</strong></span> <span class='ocrx_word' id='word_1_35' title='bbox 953 685 1018 751; x_wconf 81' lang='grc' dir='ltr'><strong>τῇ</strong></span> <span class='ocrx_word' id='word_1_36' title='bbox 1056 685 1307 755; x_wconf 81' lang='grc' dir='ltr'><strong>ἐνεργείᾳ</strong></span> <span class='ocrx_word' id='word_1_37' title='bbox 1330 685 1539 753; x_wconf 89' lang='grc' dir='ltr'><strong>γίνεται</strong></span> <span class='ocrx_word' id='word_1_38' title='bbox 1561 728 1576 750; x_wconf 90' lang='grc'><strong>,</strong></span> <span class='ocrx_word' id='word_1_39' title='bbox 1611 690 1755 743; x_wconf 77' lang='grc' dir='ltr'><strong>οὕτω</strong></span> 
     </span>
    </p>
   </div>
   <div class='ocr_carea' id='block_1_8' title="bbox 184 763 1752 848">
    <p class='ocr_par' dir='ltr' id='par_1_8' title="bbox 184 763 1752 848">
     <span class='ocr_line' id='line_1_8' title="bbox 184 763 1752 848; baseline 0.012 -35"><span class='ocrx_word' id='word_1_40' title='bbox 184 763 279 814; x_wconf 71' lang='grc' dir='ltr'><strong>καὶ</strong></span> <span class='ocrx_word' id='word_1_41' title='bbox 318 765 348 815; x_wconf 87' lang='grc' dir='ltr'><strong>ό</strong></span> <span class='ocrx_word' id='word_1_42' title='bbox 379 764 615 833; x_wconf 86' lang='grc' dir='ltr'><strong>Χριστὸς</strong></span> <span class='ocrx_word' id='word_1_43' title='bbox 647 767 705 819; x_wconf 84' lang='grc' dir='ltr'><strong>ἐν</strong></span> <span class='ocrx_word' id='word_1_44' title='bbox 754 769 865 831; x_wconf 83' lang='grc' dir='ltr'><strong>τοῖς</strong></span> <span class='ocrx_word' id='word_1_45' title='bbox 895 769 1120 834; x_wconf 80' lang='grc' dir='ltr'><strong>κόλποις</strong></span> <span class='ocrx_word' id='word_1_46' title='bbox 1164 773 1258 826; x_wconf 88' lang='grc' dir='ltr'><strong>τοῦ</strong></span> <span class='ocrx_word' id='word_1_47' title='bbox 1303 776 1518 846; x_wconf 88' lang='grc' dir='ltr'><strong>Πατρὸς</strong></span> <span class='ocrx_word' id='word_1_48' title='bbox 1553 777 1752 848; x_wconf 82' lang='grc' dir='ltr'><strong>μένων,</strong></span> 
     </span>
    </p>
   </div>
   <div class='ocr_carea' id='block_1_9' title="bbox 184 854 1756 938">
    <p class='ocr_par' dir='ltr' id='par_1_9' title="bbox 184 854 1756 938">
     <span class='ocr_line' id='line_1_9' title="bbox 184 854 1756 938; baseline 0.01 -30"><span class='ocrx_word' id='word_1_49' title='bbox 184 855 249 922; x_wconf 82' lang='grc' dir='ltr'><strong>τῇ</strong></span> <span class='ocrx_word' id='word_1_50' title='bbox 307 856 377 924; x_wconf 77' lang='grc' dir='ltr'><strong>γῇ</strong></span> <span class='ocrx_word' id='word_1_51' title='bbox 430 854 521 908; x_wconf 79' lang='grc' dir='ltr'><strong>διὰ</strong></span> <span class='ocrx_word' id='word_1_52' title='bbox 561 857 763 926; x_wconf 90' lang='grc' dir='ltr'><strong>σαρκὸς</strong></span> <span class='ocrx_word' id='word_1_53' title='bbox 815 859 1152 930; x_wconf 86' lang='grc' dir='ltr'><strong>ἐπεδήμησε.</strong></span> <span class='ocrx_word' id='word_1_54' title='bbox 1193 863 1354 928; x_wconf 80' lang='grc' dir='ltr'>Τίνος</span> <span class='ocrx_word' id='word_1_55' title='bbox 1404 867 1606 938; x_wconf 81' lang='grc' dir='ltr'><strong>χάρινς</strong></span> <span class='ocrx_word' id='word_1_56' title='bbox 1645 869 1756 924; x_wconf 87' lang='grc' dir='ltr'><strong>Τοῦ</strong></span> 
     </span>
    </p>
   </div>
   <div class='ocr_carea' id='block_1_10' title="bbox 184 943 1756 1020">
    <p class='ocr_par' dir='ltr' id='par_1_10' title="bbox 184 943 1756 1020">
     <span class='ocr_line' id='line_1_10' title="bbox 184 943 1756 1020; baseline 0.012 -24"><span class='ocrx_word' id='word_1_57' title='bbox 184 943 354 1009; x_wconf 76' lang='grc' dir='ltr'><strong>ιδεῖγ,</strong></span> <span class='ocrx_word' id='word_1_58' title='bbox 382 948 436 998; x_wconf 80' lang='lat' dir='ltr'><strong>sl</strong></span> <span class='ocrx_word' id='word_1_59' title='bbox 461 947 593 1001; x_wconf 78' lang='grc' dir='ltr'><strong>ἔστι</strong></span> <span class='ocrx_word' id='word_1_60' title='bbox 624 948 876 1016; x_wconf 81' lang='grc' dir='ltr'><strong>συνιὼν,</strong></span> <span class='ocrx_word' id='word_1_61' title='bbox 905 949 942 1018; x_wconf 81' lang='grc' dir='ltr'><strong>ἢ</strong></span> <span class='ocrx_word' id='word_1_62' title='bbox 969 950 1231 1020; x_wconf 76' lang='grc' dir='ltr'><strong>ἐκζητῶν</strong></span> <span class='ocrx_word' id='word_1_63' title='bbox 1266 957 1375 1010; x_wconf 77' lang='grc' dir='ltr'><strong>τὸν</strong></span> <span class='ocrx_word' id='word_1_64' title='bbox 1408 961 1578 1014; x_wconf 66' lang='lat' dir='ltr'><strong>Hadr.</strong></span> <span class='ocrx_word' id='word_1_65' title='bbox 1613 962 1756 1015; x_wconf 79' lang='grc' dir='ltr'><strong>Οὐκ-</strong></span> 
     </span>
    </p>
   </div>
   <div class='ocr_carea' id='block_1_11' title="bbox 186 1032 1758 1120">
    <p class='ocr_par' dir='ltr' id='par_1_11' title="bbox 186 1032 1758 1120">
     <span class='ocr_line' id='line_1_11' title="bbox 186 1032 1758 1120; baseline 0.011 -34"><span class='ocrx_word' id='word_1_66' title='bbox 186 1032 281 1087; x_wconf 89' lang='grc' dir='ltr'><strong>οῦν</strong></span> <span class='ocrx_word' id='word_1_67' title='bbox 312 1036 374 1088; x_wconf 86' lang='grc' dir='ltr'><strong>οὐ</strong></span> <span class='ocrx_word' id='word_1_68' title='bbox 411 1037 510 1100; x_wconf 83' lang='grc' dir='ltr'><strong>τὰς</strong></span> <span class='ocrx_word' id='word_1_69' title='bbox 556 1039 786 1106; x_wconf 79' lang='grc' dir='ltr'><strong>πράξεις</strong></span> <span class='ocrx_word' id='word_1_70' title='bbox 823 1042 1078 1096; x_wconf 91' lang='grc' dir='ltr'><strong>τοσοῦτον</strong></span> <span class='ocrx_word' id='word_1_71' title='bbox 1099 1044 1204 1098; x_wconf 84' lang='grc' dir='ltr'><strong>τῶν</strong></span> <span class='ocrx_word' id='word_1_72' title='bbox 1233 1046 1537 1117; x_wconf 79' lang='grc' dir='ltr'><strong>ἀνθρώπων</strong></span> <span class='ocrx_word' id='word_1_73' title='bbox 1559 1050 1758 1120; x_wconf 84' lang='grc' dir='ltr'><strong>κατῆλ-</strong></span> 
     </span>
    </p>
   </div>
   <div class='ocr_carea' id='block_1_12' title="bbox 184 1123 1759 1207">
    <p class='ocr_par' dir='ltr' id='par_1_12' title="bbox 184 1123 1759 1207">
     <span class='ocr_line' id='line_1_12' title="bbox 184 1123 1759 1207; baseline 0.013 -32"><span class='ocrx_word' id='word_1_74' title='bbox 184 1123 278 1176; x_wconf 91' lang='grc' dir='ltr'><strong>θεν</strong></span> <span class='ocrx_word' id='word_1_75' title='bbox 310 1127 730 1196; x_wconf 69' lang='grc' dir='ltr'><strong>ἐπισκέψασθαι,</strong></span> <span class='ocrx_word' id='word_1_76' title='bbox 753 1130 878 1183; x_wconf 80' lang='grc' dir='ltr'><strong>ὅσον</strong></span> <span class='ocrx_word' id='word_1_77' title='bbox 902 1131 1030 1184; x_wconf 83' lang='grc' dir='ltr'><strong>ίδεῐν</strong></span> <span class='ocrx_word' id='word_1_78' title='bbox 1059 1134 1113 1186; x_wconf 88' lang='grc' dir='ltr'><strong>εῐ</strong></span> <span class='ocrx_word' id='word_1_79' title='bbox 1129 1151 1250 1187; x_wconf 90' lang='grc' dir='ltr'><strong>τινα</strong></span> <span class='ocrx_word' id='word_1_80' title='bbox 1271 1135 1407 1200; x_wconf 85' lang='grc' dir='ltr'><strong>ὅλως</strong></span> <span class='ocrx_word' id='word_1_81' title='bbox 1427 1137 1759 1207; x_wconf 83' lang='grc' dir='ltr'><strong>θεογνωσίαν</strong></span> 
     </span>
    </p>
   </div>
   <div class='ocr_carea' id='block_1_13' title="bbox 195 1213 1500 1297">
    <p class='ocr_par' dir='ltr' id='par_1_13' title="bbox 195 1213 1500 1297">
     <span class='ocr_line' id='line_1_13' title="bbox 195 1213 1500 1297; baseline 0.012 -31"><span class='ocrx_word' id='word_1_82' title='bbox 195 1213 436 1285; x_wconf 75' lang='grc' dir='ltr'><strong>ἔχουσιν,</strong></span> <span class='ocrx_word' id='word_1_83' title='bbox 493 1220 542 1270; x_wconf 81' lang='grc' dir='ltr'><strong>εἰ</strong></span> <span class='ocrx_word' id='word_1_84' title='bbox 582 1217 642 1272; x_wconf 82' lang='grc' dir='ltr'><strong>ἐν</strong></span> <span class='ocrx_word' id='word_1_85' title='bbox 675 1221 858 1274; x_wconf 81' lang='grc' dir='ltr'><strong>πίστει</strong></span> <span class='ocrx_word' id='word_1_86' title='bbox 897 1221 991 1275; x_wconf 91' lang='grc' dir='ltr'><strong>τὸν</strong></span> <span class='ocrx_word' id='word_1_87' title='bbox 1027 1223 1162 1278; x_wconf 90' lang='grc' dir='ltr'><strong>Θεὸν</strong></span> <span class='ocrx_word' id='word_1_88' title='bbox 1187 1225 1500 1297; x_wconf 67' lang='grc' dir='ltr'><strong>ἐπιζητοῦσι.</strong></span> 
     </span>
    </p>
   </div>
   <div class='ocr_carea' id='block_1_14' title="bbox 262 1394 1101 1465">
    <p class='ocr_par' dir='ltr' id='par_1_14' title="bbox 262 1394 1101 1465">
     <span class='ocr_line' id='line_1_14' title="bbox 262 1394 1101 1465; baseline 0.012 -22"><span class='ocrx_word' id='word_1_89' title='bbox 262 1410 282 1443; x_wconf 77' lang='grc' dir='ltr'><strong>ι</strong></span> <span class='ocrx_word' id='word_1_90' title='bbox 323 1394 459 1465; x_wconf 80' lang='grc' dir='ltr'><strong>Οὐχὶ</strong></span> <span class='ocrx_word' id='word_1_91' title='bbox 482 1395 785 1464; x_wconf 85' lang='grc' dir='ltr'><strong>γνώσονται</strong></span> <span class='ocrx_word' id='word_1_92' title='bbox 817 1399 1040 1464; x_wconf 77' lang='grc' dir='ltr'><strong>πάντες.</strong></span> <span class='ocrx_word' id='word_1_93' title='bbox 1083 1419 1101 1453; x_wconf 74' lang='grc' dir='ltr'><strong>ι</strong></span> 
     </span>
    </p>
   </div>
   <div class='ocr_carea' id='block_1_15' title="bbox 257 1481 1758 1562">
    <p class='ocr_par' dir='ltr' id='par_1_15' title="bbox 257 1481 1758 1562">
     <span class='ocr_line' id='line_1_15' title="bbox 257 1481 1758 1562; baseline 0.011 -25"><span class='ocrx_word' id='word_1_94' title='bbox 257 1481 468 1548; x_wconf 82' lang='grc' dir='ltr'><strong>Πάντες</strong></span> <span class='ocrx_word' id='word_1_95' title='bbox 502 1487 601 1556; x_wconf 83' lang='grc' dir='ltr'><strong>μὲν</strong></span> <span class='ocrx_word' id='word_1_96' title='bbox 629 1489 680 1542; x_wconf 90' lang='grc' dir='ltr'><strong>οί</strong></span> <span class='ocrx_word' id='word_1_97' title='bbox 715 1491 843 1552; x_wconf 83' lang='grc' dir='ltr'><strong>τοὺς</strong></span> <span class='ocrx_word' id='word_1_98' title='bbox 881 1492 1116 1562; x_wconf 81' lang='grc' dir='ltr'><strong>πένητας</strong></span> <span class='ocrx_word' id='word_1_99' title='bbox 1150 1493 1482 1561; x_wconf 82' lang='grc' dir='ltr'><strong>ἀδικοῦντες,</strong></span> <span class='ocrx_word' id='word_1_100' title='bbox 1529 1497 1625 1552; x_wconf 74' lang='grc' dir='ltr'><strong>καὶ</strong></span> <span class='ocrx_word' id='word_1_101' title='bbox 1688 1499 1758 1552; x_wconf 86' lang='grc' dir='ltr'><strong>τά</strong></span> 
     </span>
    </p>
   </div>
   <div class='ocr_carea' id='block_1_16' title="bbox 183 1577 1756 1658">
    <p class='ocr_par' dir='ltr' id='par_1_16' title="bbox 183 1577 1756 1658">
     <span class='ocr_line' id='line_1_16' title="bbox 183 1577 1756 1658; baseline 0.01 -28"><span class='ocrx_word' id='word_1_102' title='bbox 183 1577 282 1631; x_wconf 92' lang='grc' dir='ltr'><strong>τοῦ</strong></span> <span class='ocrx_word' id='word_1_103' title='bbox 319 1578 545 1648; x_wconf 79' lang='grc' dir='ltr'>πλησίον</span> <span class='ocrx_word' id='word_1_104' title='bbox 571 1581 930 1650; x_wconf 79' lang='grc' dir='ltr'><strong>ἁρπάζοντες,</strong></span> <span class='ocrx_word' id='word_1_105' title='bbox 965 1583 1166 1654; x_wconf 83' lang='grc' dir='ltr'><strong>βρώσει</strong></span> <span class='ocrx_word' id='word_1_106' title='bbox 1192 1587 1357 1658; x_wconf 79' lang='grc' dir='ltr'><strong>ἄρτου</strong></span> <span class='ocrx_word' id='word_1_107' title='bbox 1385 1589 1478 1642; x_wconf 90' lang='grc' dir='ltr'><strong>τὸν</strong></span> <span class='ocrx_word' id='word_1_108' title='bbox 1499 1589 1629 1644; x_wconf 86' lang='grc' dir='ltr'><strong>λαὸν</strong></span> <span class='ocrx_word' id='word_1_109' title='bbox 1659 1591 1756 1644; x_wconf 90' lang='grc' dir='ltr'><strong>τοῦ</strong></span> 
     </span>
    </p>
   </div>
   <div class='ocr_carea' id='block_1_17' title="bbox 185 1667 1760 1752">
    <p class='ocr_par' dir='ltr' id='par_1_17' title="bbox 185 1667 1760 1752">
     <span class='ocr_line' id='line_1_17' title="bbox 185 1667 1760 1752; baseline 0.01 -32"><span class='ocrx_word' id='word_1_110' title='bbox 185 1667 326 1721; x_wconf 88' lang='grc' dir='ltr'><strong>Θεοῦ</strong></span> <span class='ocrx_word' id='word_1_111' title='bbox 381 1669 582 1724; x_wconf 88' lang='grc' dir='ltr'><strong>ἐσθίειν</strong></span> <span class='ocrx_word' id='word_1_112' title='bbox 641 1673 870 1736; x_wconf 75' lang='grc' dir='ltr'><strong>εἰκότως</strong></span> <span class='ocrx_word' id='word_1_113' title='bbox 902 1675 1149 1742; x_wconf 85' lang='grc' dir='ltr'><strong>λέγονται</strong></span> <span class='ocrx_word' id='word_1_114' title='bbox 1194 1693 1209 1707; x_wconf 87' lang='grc'><strong>·</strong></span> <span class='ocrx_word' id='word_1_115' title='bbox 1259 1679 1466 1750; x_wconf 82' lang='grc' dir='ltr'><strong>τροφὴν</strong></span> <span class='ocrx_word' id='word_1_116' title='bbox 1512 1680 1618 1752; x_wconf 77' lang='grc' dir='ltr'><strong>γὰρ</strong></span> <span class='ocrx_word' id='word_1_117' title='bbox 1660 1681 1760 1751; x_wconf 79' lang='grc' dir='ltr'><strong>τῆς</strong></span> 
     </span>
    </p>
   </div>
   <div class='ocr_carea' id='block_1_18' title="bbox 187 1760 1759 1839">
    <p class='ocr_par' dir='ltr' id='par_1_18' title="bbox 187 1760 1759 1839">
     <span class='ocr_line' id='line_1_18' title="bbox 187 1760 1759 1839; baseline 0.007 -27"><span class='ocrx_word' id='word_1_118' title='bbox 187 1760 400 1816; x_wconf 81' lang='grc' dir='ltr'><strong>ἑαυτῶν</strong></span> <span class='ocrx_word' id='word_1_119' title='bbox 445 1762 755 1827; x_wconf 80' lang='grc' dir='ltr'><strong>πλεονεξίας</strong></span> <span class='ocrx_word' id='word_1_120' title='bbox 802 1763 903 1835; x_wconf 79' lang='grc' dir='ltr'><strong>τὴν</strong></span> <span class='ocrx_word' id='word_1_121' title='bbox 961 1765 1206 1832; x_wconf 79' lang='grc' dir='ltr'><strong>ἀδικίαν,</strong></span> <span class='ocrx_word' id='word_1_122' title='bbox 1249 1769 1347 1839; x_wconf 84' lang='grc' dir='ltr'><strong>τὴν</strong></span> <span class='ocrx_word' id='word_1_123' title='bbox 1395 1771 1477 1832; x_wconf 90' lang='grc' dir='ltr'><strong>είς</strong></span> <span class='ocrx_word' id='word_1_124' title='bbox 1512 1771 1759 1835; x_wconf 77' lang='grc' dir='ltr'><strong>ἐκείνους</strong></span> 
     </span>
    </p>
   </div>
   <div class='ocr_carea' id='block_1_19' title="bbox 186 1838 1829 1922">
    <p class='ocr_par' dir='ltr' id='par_1_19' title="bbox 186 1838 1829 1922">
     <span class='ocr_line' id='line_1_19' title="bbox 186 1838 1829 1922; baseline 0.009 -23"><span class='ocrx_word' id='word_1_125' title='bbox 186 1847 394 1916; x_wconf 75' lang='grc' dir='ltr'><strong>ἔχουσι.</strong></span> <span class='ocrx_word' id='word_1_126' title='bbox 416 1845 677 1920; x_wconf 85' lang='grc' dir='ltr'><strong>Νομίσεις</strong></span> <span class='ocrx_word' id='word_1_127' title='bbox 711 1851 769 1905; x_wconf 84' lang='grc' dir='ltr'><strong>δὲ</strong></span> <span class='ocrx_word' id='word_1_128' title='bbox 822 1851 1057 1922; x_wconf 88' lang='grc' dir='ltr'><strong>μάλιστα</strong></span> <span class='ocrx_word' id='word_1_129' title='bbox 1102 1856 1229 1918; x_wconf 81' lang='grc' dir='ltr'><strong>τοὺς</strong></span> <span class='ocrx_word' id='word_1_130' title='bbox 1262 1838 1628 1921; x_wconf 74' lang='grc' dir='ltr'><strong>διδασκάλουςτ</strong></span> <span class='ocrx_word' id='word_1_131' title='bbox 1648 1860 1753 1913; x_wconf 86' lang='grc' dir='ltr'><strong>τῶν</strong></span> <span class='ocrx_word' id='word_1_132' title='bbox 1787 1838 1829 1896; x_wconf 71' lang='grc' dir='ltr'><strong>Β</strong></span> 
     </span>
    </p>
   </div>
   <div class='ocr_carea' id='block_1_20' title="bbox 199 1938 1755 2022">
    <p class='ocr_par' dir='ltr' id='par_1_20' title="bbox 199 1938 1755 2022">
     <span class='ocr_line' id='line_1_20' title="bbox 199 1938 1755 2022; baseline 0.01 -31"><span class='ocrx_word' id='word_1_133' title='bbox 199 1938 471 1994; x_wconf 83' lang='grc' dir='ltr'><strong>Ἰουδαίων</strong></span> <span class='ocrx_word' id='word_1_134' title='bbox 508 1940 785 2009; x_wconf 82' lang='grc' dir='ltr'><strong>λέγεσθαι.</strong></span> <span class='ocrx_word' id='word_1_135' title='bbox 830 1943 1001 2015; x_wconf 83' lang='grc' dir='ltr'>’Υπὲρ</span> <span class='ocrx_word' id='word_1_136' title='bbox 1027 1945 1137 2016; x_wconf 87' lang='grc' dir='ltr'><strong>γάρ</strong></span> <span class='ocrx_word' id='word_1_137' title='bbox 1176 1947 1451 2014; x_wconf 85' lang='grc' dir='ltr'><strong>ἀγνωσίας</strong></span> <span class='ocrx_word' id='word_1_138' title='bbox 1469 1950 1562 2005; x_wconf 89' lang='grc' dir='ltr'><strong>τὸν</strong></span> <span class='ocrx_word' id='word_1_139' title='bbox 1591 1951 1755 2022; x_wconf 88' lang='grc' dir='ltr'><strong>νόμον</strong></span> 
     </span>
    </p>
   </div>
   <div class='ocr_carea' id='block_1_21' title="bbox 185 2031 1754 2112">
    <p class='ocr_par' dir='ltr' id='par_1_21' title="bbox 185 2031 1754 2112">
     <span class='ocr_line' id='line_1_21' title="bbox 185 2031 1754 2112; baseline 0.01 -29"><span class='ocrx_word' id='word_1_140' title='bbox 185 2033 262 2095; x_wconf 84' lang='grc' dir='ltr'><strong>ὡς</strong></span> <span class='ocrx_word' id='word_1_141' title='bbox 300 2031 520 2086; x_wconf 78' lang='grc' dir='ltr'><strong>ἐδόκουν</strong></span> <span class='ocrx_word' id='word_1_142' title='bbox 567 2033 914 2098; x_wconf 77' lang='grc' dir='ltr'><strong>ἐκδικοῦντες</strong></span> <span class='ocrx_word' id='word_1_143' title='bbox 941 2075 957 2099; x_wconf 95' lang='grc'><strong>,</strong></span> <span class='ocrx_word' id='word_1_144' title='bbox 984 2038 1050 2106; x_wconf 77' lang='grc' dir='ltr'><strong>τῇ</strong></span> <span class='ocrx_word' id='word_1_145' title='bbox 1073 2036 1131 2090; x_wconf 84' lang='grc' dir='ltr'><strong>δὲ</strong></span> <span class='ocrx_word' id='word_1_146' title='bbox 1161 2038 1316 2109; x_wconf 82' lang='grc' dir='ltr'><strong>ὕϐρει</strong></span> <span class='ocrx_word' id='word_1_147' title='bbox 1344 2039 1440 2094; x_wconf 92' lang='grc' dir='ltr'><strong>τοῦ</strong></span> <span class='ocrx_word' id='word_1_148' title='bbox 1465 2043 1754 2112; x_wconf 79' lang='grc' dir='ltr'><strong>νομοθέτου</strong></span> 
     </span>
    </p>
   </div>
   <div class='ocr_carea' id='block_1_22' title="bbox 185 2119 1756 2204">
    <p class='ocr_par' dir='ltr' id='par_1_22' title="bbox 185 2119 1756 2204">
     <span class='ocr_line' id='line_1_22' title="bbox 185 2119 1756 2204; baseline 0.01 -30"><span class='ocrx_word' id='word_1_149' title='bbox 185 2123 420 2193; x_wconf 79' lang='grc' dir='ltr'><strong>ἀνομίαν</strong></span> <span class='ocrx_word' id='word_1_150' title='bbox 449 2123 831 2195; x_wconf 78' lang='grc' dir='ltr'><strong>ἐργαζόμενοι,</strong></span> <span class='ocrx_word' id='word_1_151' title='bbox 859 2119 1004 2180; x_wconf 77' lang='grc' dir='ltr'><strong>οὗτοι</strong></span> <span class='ocrx_word' id='word_1_152' title='bbox 1027 2127 1119 2181; x_wconf 90' lang='grc' dir='ltr'><strong>τὸν</strong></span> <span class='ocrx_word' id='word_1_153' title='bbox 1139 2127 1267 2183; x_wconf 90' lang='grc' dir='ltr'><strong>λαὸν</strong></span> <span class='ocrx_word' id='word_1_154' title='bbox 1294 2131 1388 2184; x_wconf 89' lang='grc' dir='ltr'><strong>τοῦ</strong></span> <span class='ocrx_word' id='word_1_155' title='bbox 1412 2132 1546 2186; x_wconf 84' lang='grc' dir='ltr'><strong>Θεοῦ</strong></span> <span class='ocrx_word' id='word_1_156' title='bbox 1570 2134 1756 2204; x_wconf 82' lang='grc' dir='ltr'><strong>ήσθιον</strong></span> 
     </span>
    </p>
   </div>
   <div class='ocr_carea' id='block_1_23' title="bbox 187 2212 1757 2294">
    <p class='ocr_par' dir='ltr' id='par_1_23' title="bbox 187 2212 1757 2294">
     <span class='ocr_line' id='line_1_23' title="bbox 187 2212 1757 2294; baseline 0.009 -30"><span class='ocrx_word' id='word_1_157' title='bbox 187 2212 389 2283; x_wconf 81' lang='grc' dir='ltr'><strong>βρώσει</strong></span> <span class='ocrx_word' id='word_1_158' title='bbox 417 2215 607 2286; x_wconf 80' lang='grc' dir='ltr'><strong>ἄρτου,</strong></span> <span class='ocrx_word' id='word_1_159' title='bbox 648 2215 810 2269; x_wconf 75' lang='grc' dir='ltr'><strong>ἕνεκα</strong></span> <span class='ocrx_word' id='word_1_160' title='bbox 847 2217 1164 2288; x_wconf 85' lang='grc' dir='ltr'><strong>πλησμονῆς</strong></span> <span class='ocrx_word' id='word_1_161' title='bbox 1197 2221 1288 2274; x_wconf 72' lang='grc' dir='ltr'><strong>καὶ</strong></span> <span class='ocrx_word' id='word_1_162' title='bbox 1315 2223 1757 2294; x_wconf 78' lang='grc' dir='ltr'><strong>γαστριμαργίας</strong></span> 
     </span>
    </p>
   </div>
   <div class='ocr_carea' id='block_1_24' title="bbox 185 2307 1758 2385">
    <p class='ocr_par' dir='ltr' id='par_1_24' title="bbox 185 2307 1758 2385">
     <span class='ocr_line' id='line_1_24' title="bbox 185 2307 1758 2385; baseline 0.008 -28"><span class='ocrx_word' id='word_1_163' title='bbox 185 2307 801 2377; x_wconf 73' lang='grc' dir='ltr'><strong>προσωποληπτοῦντες,</strong></span> <span class='ocrx_word' id='word_1_164' title='bbox 826 2309 920 2362; x_wconf 77' lang='grc' dir='ltr'><strong>καὶ</strong></span> <span class='ocrx_word' id='word_1_165' title='bbox 950 2309 1041 2364; x_wconf 92' lang='grc' dir='ltr'><strong>τὸν</strong></span> <span class='ocrx_word' id='word_1_166' title='bbox 1089 2311 1248 2381; x_wconf 82' lang='grc' dir='ltr'><strong>νόμον</strong></span> <span class='ocrx_word' id='word_1_167' title='bbox 1283 2315 1340 2366; x_wconf 89' lang='grc' dir='ltr'><strong>ἐν</strong></span> <span class='ocrx_word' id='word_1_168' title='bbox 1365 2315 1442 2385; x_wconf 84' lang='grc' dir='ltr'><strong>τῷ</strong></span> <span class='ocrx_word' id='word_1_169' title='bbox 1484 2315 1758 2371; x_wconf 84' lang='grc' dir='ltr'><strong>διδάσκειν</strong></span> 
     </span>
    </p>
   </div>
   <div class='ocr_carea' id='block_1_25' title="bbox 185 2397 642 2467">
    <p class='ocr_par' dir='ltr' id='par_1_25' title="bbox 185 2397 642 2467">
     <span class='ocr_line' id='line_1_25' title="bbox 185 2397 642 2467; baseline 0.011 -20"><span class='ocrx_word' id='word_1_170' title='bbox 185 2397 642 2467; x_wconf 86' lang='grc' dir='ltr'><strong>παραϐαίνοντες.</strong></span> 
     </span>
    </p>
   </div>
   <div class='ocr_carea' id='block_1_26' title="bbox 259 2486 1755 2566">
    <p class='ocr_par' dir='ltr' id='par_1_26' title="bbox 259 2486 1755 2566">
     <span class='ocr_line' id='line_1_26' title="bbox 259 2486 1755 2566; baseline 0.009 -30"><span class='ocrx_word' id='word_1_171' title='bbox 259 2486 393 2554; x_wconf 73' lang='grc' dir='ltr'><strong>Περὶ</strong></span> <span class='ocrx_word' id='word_1_172' title='bbox 437 2487 546 2538; x_wconf 84' lang='grc' dir='ltr'><strong>τῶν</strong></span> <span class='ocrx_word' id='word_1_173' title='bbox 589 2487 855 2542; x_wconf 82' lang='grc' dir='ltr'><strong>Ἰουδαίων</strong></span> <span class='ocrx_word' id='word_1_174' title='bbox 893 2487 1084 2559; x_wconf 82' lang='grc' dir='ltr'><strong>λέγει·</strong></span> <span class='ocrx_word' id='word_1_175' title='bbox 1107 2492 1199 2545; x_wconf 90' lang='grc' dir='ltr'><strong>τὸν</strong></span> <span class='ocrx_word' id='word_1_176' title='bbox 1227 2492 1336 2563; x_wconf 86' lang='grc' dir='ltr'><strong>γὰρ</strong></span> <span class='ocrx_word' id='word_1_177' title='bbox 1376 2493 1588 2566; x_wconf 85' lang='grc' dir='ltr'><strong>ἀληθῶς</strong></span> <span class='ocrx_word' id='word_1_178' title='bbox 1624 2496 1755 2551; x_wconf 82' lang='grc' dir='ltr'><strong>Θεὸν</strong></span> 
     </span>
    </p>
   </div>
   <div class='ocr_carea' id='block_1_27' title="bbox 184 2575 1757 2657">
    <p class='ocr_par' dir='ltr' id='par_1_27' title="bbox 184 2575 1757 2657">
     <span class='ocr_line' id='line_1_27' title="bbox 184 2575 1757 2657; baseline 0.01 -31"><span class='ocrx_word' id='word_1_179' title='bbox 184 2575 277 2628; x_wconf 89' lang='grc' dir='ltr'><strong>τὸν</strong></span> <span class='ocrx_word' id='word_1_180' title='bbox 312 2577 546 2647; x_wconf 77' lang='grc' dir='ltr'><strong>Χριστὸν</strong></span> <span class='ocrx_word' id='word_1_181' title='bbox 574 2580 674 2632; x_wconf 82' lang='grc' dir='ltr'><strong>οὐκ</strong></span> <span class='ocrx_word' id='word_1_182' title='bbox 699 2582 1125 2648; x_wconf 82' lang='grc' dir='ltr'><strong>ἐπεκαλέσαντο,</strong></span> <span class='ocrx_word' id='word_1_183' title='bbox 1161 2587 1254 2640; x_wconf 80' lang='grc' dir='ltr'><strong>καὶ</strong></span> <span class='ocrx_word' id='word_1_184' title='bbox 1284 2587 1632 2657; x_wconf 87' lang='grc' dir='ltr'><strong>ἐφοϐήθησαν</strong></span> <span class='ocrx_word' id='word_1_185' title='bbox 1662 2589 1757 2657; x_wconf 88' lang='grc' dir='ltr'><strong>φό-</strong></span> 
     </span>
    </p>
   </div>
   <div class='ocr_carea' id='block_1_28' title="bbox 186 2669 1754 2749">
    <p class='ocr_par' dir='ltr' id='par_1_28' title="bbox 186 2669 1754 2749">
     <span class='ocr_line' id='line_1_28' title="bbox 186 2669 1754 2749; baseline 0.009 -31"><span class='ocrx_word' id='word_1_186' title='bbox 186 2669 281 2720; x_wconf 81' lang='grc' dir='ltr'><strong>ϐον</strong></span> <span class='ocrx_word' id='word_1_187' title='bbox 309 2670 582 2738; x_wconf 88' lang='grc' dir='ltr'><strong>περιττὸν,</strong></span> <span class='ocrx_word' id='word_1_188' title='bbox 617 2671 746 2726; x_wconf 78' lang='grc' dir='ltr'><strong>ἔνθα</strong></span> <span class='ocrx_word' id='word_1_189' title='bbox 775 2674 875 2727; x_wconf 75' lang='grc' dir='ltr'><strong>οὐκ</strong></span> <span class='ocrx_word' id='word_1_190' title='bbox 903 2670 973 2746; x_wconf 80' lang='grc' dir='ltr'><strong>ἦν</strong></span> <span class='ocrx_word' id='word_1_191' title='bbox 1002 2676 1185 2744; x_wconf 85' lang='grc' dir='ltr'><strong>φόϐος,</strong></span> <span class='ocrx_word' id='word_1_192' title='bbox 1211 2678 1300 2730; x_wconf 85' lang='grc' dir='ltr'><strong>ὅτε</strong></span> <span class='ocrx_word' id='word_1_193' title='bbox 1328 2678 1466 2744; x_wconf 88' lang='grc' dir='ltr'><strong>πρὸς</strong></span> <span class='ocrx_word' id='word_1_194' title='bbox 1491 2679 1754 2749; x_wconf 81' lang='grc' dir='ltr'><strong>ἀλλήλους</strong></span> 
     </span>
    </p>
   </div>
   <div class='ocr_carea' id='block_1_29' title="bbox 188 2759 1752 2838">
    <p class='ocr_par' dir='ltr' id='par_1_29' title="bbox 188 2759 1752 2838">
     <span class='ocr_line' id='line_1_29' title="bbox 188 2759 1752 2838; baseline 0.009 -27"><span class='ocrx_word' id='word_1_195' title='bbox 188 2759 373 2827; x_wconf 73' lang='grc' dir='ltr'><strong>ελεγον</strong></span> <span class='ocrx_word' id='word_1_196' title='bbox 399 2776 415 2792; x_wconf 89' lang='grc'><strong>·</strong></span> <span class='ocrx_word' id='word_1_197' title='bbox 471 2761 614 2814; x_wconf 79' lang='grc' dir='ltr'><strong>Ἐὰν</strong></span> <span class='ocrx_word' id='word_1_198' title='bbox 653 2761 927 2834; x_wconf 76' lang='grc' dir='ltr'><strong>ἐάσωμεν</strong></span> <span class='ocrx_word' id='word_1_199' title='bbox 969 2767 1076 2820; x_wconf 81' lang='grc' dir='ltr'><strong>τὸν</strong></span> <span class='ocrx_word' id='word_1_200' title='bbox 1123 2768 1439 2835; x_wconf 79' lang='grc' dir='ltr'><strong>ἄνθρωπον</strong></span> <span class='ocrx_word' id='word_1_201' title='bbox 1493 2770 1710 2824; x_wconf 82' lang='grc' dir='ltr'><strong>τοῦτον</strong></span> <span class='ocrx_word' id='word_1_202' title='bbox 1737 2812 1752 2838; x_wconf 94' lang='grc'><strong>,</strong></span> 
     </span>
    </p>
   </div>
   <div class='ocr_carea' id='block_1_30' title="bbox 190 2850 1756 2930">
    <p class='ocr_par' dir='ltr' id='par_1_30' title="bbox 190 2850 1756 2930">
     <span class='ocr_line' id='line_1_30' title="bbox 190 2850 1756 2930; baseline 0.009 -27"><span class='ocrx_word' id='word_1_203' title='bbox 190 2850 450 2917; x_wconf 77' lang='grc' dir='ltr'><strong>ἥξουσιν</strong></span> <span class='ocrx_word' id='word_1_204' title='bbox 481 2855 535 2905; x_wconf 86' lang='grc' dir='ltr'><strong>οί</strong></span> <span class='ocrx_word' id='word_1_205' title='bbox 573 2853 860 2922; x_wconf 81' lang='grc' dir='ltr'><strong>Ῥωμαῖοι,</strong></span> <span class='ocrx_word' id='word_1_206' title='bbox 898 2857 998 2910; x_wconf 81' lang='grc' dir='ltr'><strong>καί</strong></span> <span class='ocrx_word' id='word_1_207' title='bbox 1047 2858 1304 2926; x_wconf 84' lang='grc' dir='ltr'><strong>ἀροῦσιν</strong></span> <span class='ocrx_word' id='word_1_208' title='bbox 1329 2860 1497 2930; x_wconf 76' lang='grc' dir='ltr'><strong>ἡμῶν</strong></span> <span class='ocrx_word' id='word_1_209' title='bbox 1526 2863 1634 2916; x_wconf 82' lang='grc' dir='ltr'><strong>τὸν</strong></span> <span class='ocrx_word' id='word_1_210' title='bbox 1662 2865 1756 2917; x_wconf 86' lang='grc' dir='ltr'><strong>τό·</strong></span> 
     </span>
    </p>
   </div>
   <div class='ocr_carea' id='block_1_31' title="bbox 187 2942 1756 3020">
    <p class='ocr_par' dir='ltr' id='par_1_31' title="bbox 187 2942 1756 3020">
     <span class='ocr_line' id='line_1_31' title="bbox 187 2942 1756 3020; baseline 0.009 -27"><span class='ocrx_word' id='word_1_211' title='bbox 187 2957 305 2995; x_wconf 74' lang='grc' dir='ltr'><strong>πον</strong></span> <span class='ocrx_word' id='word_1_212' title='bbox 329 2943 426 2995; x_wconf 77' lang='grc' dir='ltr'><strong>καί</strong></span> <span class='ocrx_word' id='word_1_213' title='bbox 458 2942 523 2994; x_wconf 84' lang='grc' dir='ltr'><strong>τὸ</strong></span> <span class='ocrx_word' id='word_1_214' title='bbox 554 2943 745 3011; x_wconf 77' lang='grc' dir='ltr'><strong>ἔθνος.</strong></span> <span class='ocrx_word' id='word_1_215' title='bbox 775 2949 967 3002; x_wconf 83' lang='grc' dir='ltr'><strong>Καίτοι</strong></span> <span class='ocrx_word' id='word_1_216' title='bbox 997 2951 1096 3003; x_wconf 80' lang='grc' dir='ltr'><strong>οὐκ</strong></span> <span class='ocrx_word' id='word_1_217' title='bbox 1149 2949 1215 3004; x_wconf 81' lang='grc' dir='ltr'><strong>ἀν</strong></span> <span class='ocrx_word' id='word_1_218' title='bbox 1240 2951 1394 3004; x_wconf 87' lang='grc' dir='ltr'><strong>τοῦτο</strong></span> <span class='ocrx_word' id='word_1_219' title='bbox 1431 2954 1639 3020; x_wconf 84' lang='grc' dir='ltr'><strong>ἐγίνετο</strong></span> <span class='ocrx_word' id='word_1_220' title='bbox 1658 2993 1672 3017; x_wconf 90' lang='grc'><strong>,</strong></span> <span class='ocrx_word' id='word_1_221' title='bbox 1708 2956 1756 3007; x_wconf 87' lang='grc' dir='ltr'><strong>εί</strong></span> 
     </span>
    </p>
   </div>
   <div class='ocr_carea' id='block_1_32' title="bbox 186 3031 1757 3111">
    <p class='ocr_par' dir='ltr' id='par_1_32' title="bbox 186 3031 1757 3111">
     <span class='ocr_line' id='line_1_32' title="bbox 186 3031 1757 3111; baseline 0.01 -29"><span class='ocrx_word' id='word_1_222' title='bbox 186 3031 285 3101; x_wconf 79' lang='grc' dir='ltr'><strong>τήν</strong></span> <span class='ocrx_word' id='word_1_223' title='bbox 329 3034 409 3095; x_wconf 90' lang='grc' dir='ltr'><strong>είς</strong></span> <span class='ocrx_word' id='word_1_224' title='bbox 476 3035 635 3088; x_wconf 80' lang='grc' dir='ltr'><strong>αὐτὸν</strong></span> <span class='ocrx_word' id='word_1_225' title='bbox 689 3037 872 3090; x_wconf 90' lang='grc' dir='ltr'><strong>πίστιν</strong></span> <span class='ocrx_word' id='word_1_226' title='bbox 931 3039 1220 3107; x_wconf 77' lang='grc' dir='ltr'><strong>ἐφύλαξαν.</strong></span> <span class='ocrx_word' id='word_1_227' title='bbox 1279 3042 1510 3111; x_wconf 85' lang='grc' dir='ltr'><strong>Ὁμοίως</strong></span> <span class='ocrx_word' id='word_1_228' title='bbox 1553 3044 1612 3096; x_wconf 77' lang='grc' dir='ltr'><strong>δὲ</strong></span> <span class='ocrx_word' id='word_1_229' title='bbox 1662 3045 1757 3099; x_wconf 77' lang='grc' dir='ltr'><strong>καὶ</strong></span> 
     </span>
    </p>
   </div>
   <div class='ocr_carea' id='block_1_33' title="bbox 189 3123 1755 3204">
    <p class='ocr_par' dir='ltr' id='par_1_33' title="bbox 189 3123 1755 3204">
     <span class='ocr_line' id='line_1_33' title="bbox 189 3123 1755 3204; baseline 0.01 -32"><span class='ocrx_word' id='word_1_230' title='bbox 189 3123 388 3186; x_wconf 80' lang='grc' dir='ltr'><strong>πάντες</strong></span> <span class='ocrx_word' id='word_1_231' title='bbox 419 3123 694 3194; x_wconf 78' lang='grc' dir='ltr'><strong>ἄνθρωποι</strong></span> <span class='ocrx_word' id='word_1_232' title='bbox 733 3127 844 3180; x_wconf 83' lang='grc' dir='ltr'><strong>ὅσοι</strong></span> <span class='ocrx_word' id='word_1_233' title='bbox 872 3128 965 3179; x_wconf 93' lang='grc' dir='ltr'><strong>τὸν</strong></span> <span class='ocrx_word' id='word_1_234' title='bbox 993 3128 1127 3182; x_wconf 89' lang='grc' dir='ltr'><strong>Θεὸν</strong></span> <span class='ocrx_word' id='word_1_235' title='bbox 1165 3131 1536 3186; x_wconf 78' lang='grc' dir='ltr'><strong>ἐπικαλεῖσθαι</strong></span> <span class='ocrx_word' id='word_1_236' title='bbox 1585 3135 1755 3204; x_wconf 76' lang='grc' dir='ltr'><strong>ρᾳθυ-</strong></span> 
     </span>
    </p>
   </div>
   <div class='ocr_carea' id='block_1_34' title="bbox 192 3211 1752 3292">
    <p class='ocr_par' dir='ltr' id='par_1_34' title="bbox 192 3211 1752 3292">
     <span class='ocr_line' id='line_1_34' title="bbox 192 3211 1752 3292; baseline 0.008 -28"><span class='ocrx_word' id='word_1_237' title='bbox 192 3211 381 3280; x_wconf 88' lang='grc' dir='ltr'><strong>μοῦσιν</strong></span> <span class='ocrx_word' id='word_1_238' title='bbox 400 3252 415 3277; x_wconf 92' lang='grc'><strong>,</strong></span> <span class='ocrx_word' id='word_1_239' title='bbox 447 3213 507 3266; x_wconf 81' lang='grc' dir='ltr'><strong>ὃν</strong></span> <span class='ocrx_word' id='word_1_240' title='bbox 538 3215 637 3283; x_wconf 83' lang='grc' dir='ltr'><strong>μὲν</strong></span> <span class='ocrx_word' id='word_1_241' title='bbox 671 3216 754 3269; x_wconf 81' lang='grc' dir='ltr'><strong>δεῖ</strong></span> <span class='ocrx_word' id='word_1_242' title='bbox 781 3217 945 3285; x_wconf 88' lang='grc' dir='ltr'><strong>φόϐον</strong></span> <span class='ocrx_word' id='word_1_243' title='bbox 980 3220 1040 3272; x_wconf 85' lang='grc' dir='ltr'><strong>οὐ</strong></span> <span class='ocrx_word' id='word_1_244' title='bbox 1084 3219 1394 3286; x_wconf 83' lang='grc' dir='ltr'><strong>φοϐοῦνται,</strong></span> <span class='ocrx_word' id='word_1_245' title='bbox 1421 3223 1487 3292; x_wconf 82' lang='grc' dir='ltr'><strong>τῇ</strong></span> <span class='ocrx_word' id='word_1_246' title='bbox 1517 3223 1597 3284; x_wconf 88' lang='grc' dir='ltr'><strong>είς</strong></span> <span class='ocrx_word' id='word_1_247' title='bbox 1621 3221 1752 3276; x_wconf 86' lang='grc' dir='ltr'><strong>Θεὸν</strong></span> 
     </span>
    </p>
   </div>
   <div class='ocr_carea' id='block_1_35' title="bbox 188 3306 1751 3382">
    <p class='ocr_par' dir='ltr' id='par_1_35' title="bbox 188 3306 1751 3382">
     <span class='ocr_line' id='line_1_35' title="bbox 188 3306 1751 3382; baseline 0.007 -26"><span class='ocrx_word' id='word_1_248' title='bbox 188 3306 434 3376; x_wconf 78' lang='grc' dir='ltr'><strong>ἀπιστίᾳ.</strong></span> <span class='ocrx_word' id='word_1_249' title='bbox 487 3307 781 3362; x_wconf 76' lang='grc' dir='ltr'><strong>Φοϐοῦνται</strong></span> <span class='ocrx_word' id='word_1_250' title='bbox 835 3309 891 3361; x_wconf 88' lang='grc' dir='ltr'><strong>δὲ</strong></span> <span class='ocrx_word' id='word_1_251' title='bbox 937 3309 1113 3380; x_wconf 84' lang='grc' dir='ltr'><strong>μάτην</strong></span> <span class='ocrx_word' id='word_1_252' title='bbox 1168 3312 1262 3374; x_wconf 79' lang='grc' dir='ltr'><strong>τὰς</strong></span> <span class='ocrx_word' id='word_1_253' title='bbox 1298 3312 1406 3364; x_wconf 86' lang='grc' dir='ltr'><strong>τῶν</strong></span> <span class='ocrx_word' id='word_1_254' title='bbox 1449 3312 1751 3382; x_wconf 87' lang='grc' dir='ltr'><strong>ἀνθρώπων</strong></span> 
     </span>
    </p>
   </div>
   <div class='ocr_carea' id='block_1_36' title="bbox 188 3396 1753 3471">
    <p class='ocr_par' dir='ltr' id='par_1_36' title="bbox 188 3396 1753 3471">
     <span class='ocr_line' id='line_1_36' title="bbox 188 3396 1753 3471; baseline 0.005 -23"><span class='ocrx_word' id='word_1_255' title='bbox 188 3396 435 3458; x_wconf 81' lang='grc' dir='ltr'><strong>ἀπειλὰς,</strong></span> <span class='ocrx_word' id='word_1_256' title='bbox 467 3399 561 3450; x_wconf 84' lang='grc' dir='ltr'><strong>καὶ</strong></span> <span class='ocrx_word' id='word_1_257' title='bbox 605 3399 705 3459; x_wconf 81' lang='grc' dir='ltr'><strong>τὰς</strong></span> <span class='ocrx_word' id='word_1_258' title='bbox 729 3399 836 3453; x_wconf 88' lang='grc' dir='ltr'><strong>τῶν</strong></span> <span class='ocrx_word' id='word_1_259' title='bbox 875 3399 1089 3471; x_wconf 80' lang='grc' dir='ltr'><strong>ἐχθρῶν</strong></span> <span class='ocrx_word' id='word_1_260' title='bbox 1119 3401 1457 3465; x_wconf 84' lang='grc' dir='ltr'><strong>δυναστείας,</strong></span> <span class='ocrx_word' id='word_1_261' title='bbox 1489 3404 1588 3456; x_wconf 83' lang='grc' dir='ltr'><strong>οὐκ</strong></span> <span class='ocrx_word' id='word_1_262' title='bbox 1620 3403 1753 3458; x_wconf 76' lang='grc' dir='ltr'><strong>εἰδό-</strong></span> 
     </span>
    </p>
   </div>
   <div class='ocr_carea' id='block_1_37' title="bbox 187 3487 1752 3564">
    <p class='ocr_par' dir='ltr' id='par_1_37' title="bbox 187 3487 1752 3564">
     <span class='ocr_line' id='line_1_37' title="bbox 187 3487 1752 3564; baseline 0.008 -26"><span class='ocrx_word' id='word_1_263' title='bbox 187 3504 279 3549; x_wconf 81' lang='grc' dir='ltr'><strong>τες</strong></span> <span class='ocrx_word' id='word_1_264' title='bbox 324 3487 501 3540; x_wconf 88' lang='grc' dir='ltr'><strong>ταῦτα</strong></span> <span class='ocrx_word' id='word_1_265' title='bbox 533 3489 698 3558; x_wconf 74' lang='grc' dir='ltr'><strong>μηδὲν</strong></span> <span class='ocrx_word' id='word_1_266' title='bbox 720 3490 868 3560; x_wconf 77' lang='grc' dir='ltr'><strong>ἡμᾶς</strong></span> <span class='ocrx_word' id='word_1_267' title='bbox 890 3531 905 3556; x_wconf 94' lang='grc'><strong>,</strong></span> <span class='ocrx_word' id='word_1_268' title='bbox 941 3492 1067 3545; x_wconf 86' lang='grc' dir='ltr'><strong>ὃταν</strong></span> <span class='ocrx_word' id='word_1_269' title='bbox 1095 3492 1292 3563; x_wconf 68' lang='grc' dir='ltr'><strong>ἔχομεν</strong></span> <span class='ocrx_word' id='word_1_270' title='bbox 1321 3494 1421 3564; x_wconf 85' lang='grc' dir='ltr'><strong>τὴν</strong></span> <span class='ocrx_word' id='word_1_271' title='bbox 1466 3495 1752 3564; x_wconf 77' lang='grc' dir='ltr'><strong>εὐμένειαν</strong></span> 
     </span>
    </p>
   </div>
   <div class='ocr_carea' id='block_1_38' title="bbox 188 3575 1752 3655">
    <p class='ocr_par' dir='ltr' id='par_1_38' title="bbox 188 3575 1752 3655">
     <span class='ocr_line' id='line_1_38' title="bbox 188 3575 1752 3655; baseline 0.006 -28"><span class='ocrx_word' id='word_1_272' title='bbox 188 3577 282 3628; x_wconf 90' lang='grc' dir='ltr'><strong>τοῦ</strong></span> <span class='ocrx_word' id='word_1_273' title='bbox 313 3575 471 3640; x_wconf 85' lang='grc' dir='ltr'><strong>Θεοῦ,</strong></span> <span class='ocrx_word' id='word_1_274' title='bbox 506 3577 985 3646; x_wconf 82' lang='grc' dir='ltr'><strong>παραϐλάπτοντα.</strong></span> <span class='ocrx_word' id='word_1_275' title='bbox 1023 3580 1525 3652; x_wconf 83' lang='grc' dir='ltr'><strong>Ἀνθρωπαρέσκων</strong></span> <span class='ocrx_word' id='word_1_276' title='bbox 1546 3583 1602 3635; x_wconf 87' lang='grc' dir='ltr'><strong>δὲ</strong></span> <span class='ocrx_word' id='word_1_277' title='bbox 1625 3585 1752 3655; x_wconf 82' lang='grc' dir='ltr'><strong>περὶ</strong></span> 
     </span>
    </p>
   </div>
   <div class='ocr_carea' id='block_1_39' title="bbox 187 3666 1753 3744">
    <p class='ocr_par' dir='ltr' id='par_1_39' title="bbox 187 3666 1753 3744">
     <span class='ocr_line' id='line_1_39' title="bbox 187 3666 1753 3744; baseline 0.006 -27"><span class='ocrx_word' id='word_1_278' title='bbox 187 3666 392 3719; x_wconf 87' lang='grc' dir='ltr'><strong>τούτων</strong></span> <span class='ocrx_word' id='word_1_279' title='bbox 448 3667 635 3734; x_wconf 83' lang='grc' dir='ltr'><strong>λέγει’</strong></span> <span class='ocrx_word' id='word_1_280' title='bbox 691 3668 782 3722; x_wconf 74' lang='grc' dir='ltr'><strong>ἀεὶ</strong></span> <span class='ocrx_word' id='word_1_281' title='bbox 828 3671 936 3738; x_wconf 85' lang='grc' dir='ltr'><strong>γάρ</strong></span> <span class='ocrx_word' id='word_1_282' title='bbox 981 3673 1095 3733; x_wconf 86' lang='grc' dir='ltr'><strong>τοῖς</strong></span> <span class='ocrx_word' id='word_1_283' title='bbox 1139 3670 1447 3742; x_wconf 84' lang='grc' dir='ltr'><strong>ἀνθρώποις</strong></span> <span class='ocrx_word' id='word_1_284' title='bbox 1493 3674 1753 3744; x_wconf 82' lang='grc' dir='ltr'><strong>ἀρέσκειν</strong></span> 
     </span>
    </p>
   </div>
   <div class='ocr_carea' id='block_1_40' title="bbox 193 3755 1752 3836">
    <p class='ocr_par' dir='ltr' id='par_1_40' title="bbox 193 3755 1752 3836">
     <span class='ocr_line' id='line_1_40' title="bbox 193 3755 1752 3836; baseline 0.006 -27"><span class='ocrx_word' id='word_1_285' title='bbox 193 3759 340 3825; x_wconf 79' lang='grc' dir='ltr'><strong>παρά</strong></span> <span class='ocrx_word' id='word_1_286' title='bbox 369 3758 458 3811; x_wconf 88' lang='grc' dir='ltr'><strong>τὸν</strong></span> <span class='ocrx_word' id='word_1_287' title='bbox 481 3758 612 3812; x_wconf 89' lang='grc' dir='ltr'><strong>Θεὸν</strong></span> <span class='ocrx_word' id='word_1_288' title='bbox 640 3758 940 3829; x_wconf 82' lang='grc' dir='ltr'><strong>βούλονται,</strong></span> <span class='ocrx_word' id='word_1_289' title='bbox 970 3755 1046 3814; x_wconf 82' lang='grc' dir='ltr'><strong>ὧν</strong></span> <span class='ocrx_word' id='word_1_290' title='bbox 1075 3764 1104 3815; x_wconf 88' lang='grc' dir='ltr'><strong>ό</strong></span> <span class='ocrx_word' id='word_1_291' title='bbox 1132 3762 1264 3826; x_wconf 90' lang='grc' dir='ltr'><strong>Θεὸς</strong></span> <span class='ocrx_word' id='word_1_292' title='bbox 1281 3765 1350 3815; x_wconf 84' lang='grc' dir='ltr'><strong>τὰ</strong></span> <span class='ocrx_word' id='word_1_293' title='bbox 1371 3766 1526 3830; x_wconf 78' lang='grc' dir='ltr'><strong>ὀστᾶ,</strong></span> <span class='ocrx_word' id='word_1_294' title='bbox 1553 3765 1752 3836; x_wconf 85' lang='grc' dir='ltr'><strong>δηλαδὴ</strong></span> 
     </span>
    </p>
   </div>
   <div class='ocr_carea' id='block_1_41' title="bbox 188 3847 1755 3924">
    <p class='ocr_par' dir='ltr' id='par_1_41' title="bbox 188 3847 1755 3924">
     <span class='ocr_line' id='line_1_41' title="bbox 188 3847 1755 3924; baseline 0.006 -25"><span class='ocrx_word' id='word_1_295' title='bbox 188 3848 284 3908; x_wconf 70' lang='grc' dir='ltr'><strong>τὰς</strong></span> <span class='ocrx_word' id='word_1_296' title='bbox 310 3847 478 3914; x_wconf 72' lang='grc' dir='ltr'><strong>φυλὰς</strong></span> <span class='ocrx_word' id='word_1_297' title='bbox 513 3847 879 3919; x_wconf 86' lang='grc' dir='ltr'><strong>διεσκόρπισε.</strong></span> <span class='ocrx_word' id='word_1_298' title='bbox 905 3853 1450 3921; x_wconf 78' lang='grc' dir='ltr'><strong>Κατησχύνθησαν.</strong></span> <span class='ocrx_word' id='word_1_299' title='bbox 1513 3857 1610 3908; x_wconf 89' lang='grc' dir='ltr'><strong>Ὃν</strong></span> <span class='ocrx_word' id='word_1_300' title='bbox 1646 3856 1755 3924; x_wconf 86' lang='grc' dir='ltr'><strong>γὰρ</strong></span> 
     </span>
    </p>
   </div>
   <div class='ocr_carea' id='block_1_42' title="bbox 189 3937 1755 4007">
    <p class='ocr_par' dir='ltr' id='par_1_42' title="bbox 189 3937 1755 4007">
     <span class='ocr_line' id='line_1_42' title="bbox 189 3937 1755 4007; baseline 0.008 -20"><span class='ocrx_word' id='word_1_301' title='bbox 189 3937 378 4007; x_wconf 80' lang='grc' dir='ltr'><strong>νεκρὸν</strong></span> <span class='ocrx_word' id='word_1_302' title='bbox 412 3938 689 4005; x_wconf 87' lang='grc' dir='ltr'><strong>καλοῦσιν,</strong></span> <span class='ocrx_word' id='word_1_303' title='bbox 732 3941 837 3994; x_wconf 81' lang='grc' dir='ltr'><strong>ὑπὸ</strong></span> <span class='ocrx_word' id='word_1_304' title='bbox 864 3943 1057 3996; x_wconf 90' lang='grc' dir='ltr'><strong>τούτου</strong></span> <span class='ocrx_word' id='word_1_305' title='bbox 1085 3943 1389 3998; x_wconf 87' lang='grc' dir='ltr'><strong>διώκονται.</strong></span> <span class='ocrx_word' id='word_1_306' title='bbox 1421 3944 1501 4000; x_wconf 84' lang='grc' dir='ltr'><strong>Τά</strong></span> <span class='ocrx_word' id='word_1_307' title='bbox 1527 3947 1584 4000; x_wconf 82' lang='grc' dir='ltr'><strong>δὲ</strong></span> <span class='ocrx_word' id='word_1_308' title='bbox 1615 3946 1755 4000; x_wconf 80' lang='grc' dir='ltr'><strong>αὐτὰ</strong></span> 
     </span>
    </p>
   </div>
   <div class='ocr_carea' id='block_1_43' title="bbox 189 4027 1752 4106">
    <p class='ocr_par' dir='ltr' id='par_1_43' title="bbox 189 4027 1752 4106">
     <span class='ocr_line' id='line_1_43' title="bbox 189 4027 1752 4106; baseline 0.008 -28"><span class='ocrx_word' id='word_1_309' title='bbox 189 4027 284 4079; x_wconf 74' lang='grc' dir='ltr'><strong>καὶ</strong></span> <span class='ocrx_word' id='word_1_310' title='bbox 316 4030 428 4089; x_wconf 81' lang='grc' dir='ltr'><strong>τοῖς</strong></span> <span class='ocrx_word' id='word_1_311' title='bbox 482 4028 738 4097; x_wconf 84' lang='grc' dir='ltr'><strong>τυχοῦσιν</strong></span> <span class='ocrx_word' id='word_1_312' title='bbox 784 4032 1269 4102; x_wconf 82' lang='grc' dir='ltr'><strong>ἀνθρωπαρέσκοις</strong></span> <span class='ocrx_word' id='word_1_313' title='bbox 1302 4035 1600 4106; x_wconf 78' lang='grc' dir='ltr'><strong>ἐπέρχεται</strong></span> <span class='ocrx_word' id='word_1_314' title='bbox 1633 4052 1649 4067; x_wconf 77' lang='grc' dir='ltr'><strong>ο</strong></span> <span class='ocrx_word' id='word_1_315' title='bbox 1684 4037 1752 4090; x_wconf 70' lang='grc' dir='ltr'><strong>τὰ</strong></span> 
     </span>
    </p>
   </div>
   <div class='ocr_carea' id='block_1_44' title="bbox 191 4117 1756 4197">
    <p class='ocr_par' dir='ltr' id='par_1_44' title="bbox 191 4117 1756 4197">
     <span class='ocr_line' id='line_1_44' title="bbox 191 4117 1756 4197; baseline 0.008 -31"><span class='ocrx_word' id='word_1_316' title='bbox 191 4117 296 4183; x_wconf 80' lang='grc' dir='ltr'><strong>γάρ</strong></span> <span class='ocrx_word' id='word_1_317' title='bbox 330 4117 465 4169; x_wconf 81' lang='grc' dir='ltr'><strong>όστά</strong></span> <span class='ocrx_word' id='word_1_318' title='bbox 515 4117 717 4182; x_wconf 79' lang='grc' dir='ltr'><strong>αὐτῶν,</strong></span> <span class='ocrx_word' id='word_1_319' title='bbox 751 4123 1031 4176; x_wconf 79' lang='grc' dir='ltr'><strong>τουτέστιν</strong></span> <span class='ocrx_word' id='word_1_320' title='bbox 1090 4125 1120 4176; x_wconf 86' lang='grc' dir='ltr'><strong>ό</strong></span> <span class='ocrx_word' id='word_1_321' title='bbox 1155 4123 1383 4190; x_wconf 84' lang='grc' dir='ltr'><strong>πλοῦτος</strong></span> <span class='ocrx_word' id='word_1_322' title='bbox 1428 4128 1520 4178; x_wconf 71' lang='grc' dir='ltr'><strong>καὶ</strong></span> <span class='ocrx_word' id='word_1_323' title='bbox 1557 4127 1590 4197; x_wconf 86' lang='grc' dir='ltr'><strong>ή</strong></span> <span class='ocrx_word' id='word_1_324' title='bbox 1630 4127 1756 4193; x_wconf 83' lang='grc' dir='ltr'><strong>δόξα</strong></span> 
     </span>
    </p>
   </div>
   <div class='ocr_carea' id='block_1_45' title="bbox 190 4207 863 4278">
    <p class='ocr_par' dir='ltr' id='par_1_45' title="bbox 190 4207 863 4278">
     <span class='ocr_line' id='line_1_45' title="bbox 190 4207 863 4278; baseline 0.006 -18"><span class='ocrx_word' id='word_1_325' title='bbox 190 4208 297 4260; x_wconf 87' lang='grc' dir='ltr'><strong>ὑπὸ</strong></span> <span class='ocrx_word' id='word_1_326' title='bbox 330 4207 464 4259; x_wconf 88' lang='grc' dir='ltr'><strong>Θεοῦ</strong></span> <span class='ocrx_word' id='word_1_327' title='bbox 494 4209 863 4278; x_wconf 76' lang='grc' dir='ltr'><strong>σκορπίζεται.</strong></span> 
     </span>
    </p>
   </div>
   <div class='ocr_carea' id='block_1_46' title="bbox 259 4301 1754 4378">
    <p class='ocr_par' dir='ltr' id='par_1_46' title="bbox 259 4301 1754 4378">
     <span class='ocr_line' id='line_1_46' title="bbox 259 4301 1754 4378; baseline 0.005 -25"><span class='ocrx_word' id='word_1_328' title='bbox 259 4302 358 4354; x_wconf 76' lang='grc' dir='ltr'><strong>Διά</strong></span> <span class='ocrx_word' id='word_1_329' title='bbox 393 4302 445 4353; x_wconf 90' lang='grc' dir='ltr'><strong>τί</strong></span> <span class='ocrx_word' id='word_1_330' title='bbox 488 4301 595 4354; x_wconf 80' lang='grc' dir='ltr'><strong>ἀπὸ</strong></span> <span class='ocrx_word' id='word_1_331' title='bbox 626 4301 727 4370; x_wconf 85' lang='grc' dir='ltr'><strong>τῆς</strong></span> <span class='ocrx_word' id='word_1_332' title='bbox 757 4302 932 4369; x_wconf 88' lang='grc' dir='ltr'><strong>Σιὼν,</strong></span> <span class='ocrx_word' id='word_1_333' title='bbox 969 4305 1064 4359; x_wconf 81' lang='grc' dir='ltr'><strong>καὶ</strong></span> <span class='ocrx_word' id='word_1_334' title='bbox 1104 4306 1204 4360; x_wconf 81' lang='grc' dir='ltr'><strong>οὐκ</strong></span> <span class='ocrx_word' id='word_1_335' title='bbox 1243 4306 1354 4360; x_wconf 84' lang='grc' dir='ltr'><strong>ἀπὸ</strong></span> <span class='ocrx_word' id='word_1_336' title='bbox 1377 4325 1470 4361; x_wconf 84' lang='grc' dir='ltr'><strong>του</strong></span> <span class='ocrx_word' id='word_1_337' title='bbox 1501 4308 1754 4378; x_wconf 83' lang='grc' dir='ltr'><strong>ούρανοῦ,</strong></span> 
     </span>
    </p>
   </div>
   <div class='ocr_carea' id='block_1_47' title="bbox 188 4388 1758 4463">
    <p class='ocr_par' dir='ltr' id='par_1_47' title="bbox 188 4388 1758 4463">
     <span class='ocr_line' id='line_1_47' title="bbox 188 4388 1758 4463; baseline 0.004 -19"><span class='ocrx_word' id='word_1_338' title='bbox 188 4393 290 4444; x_wconf 74' lang='grc' dir='ltr'><strong>οὐκ</strong></span> <span class='ocrx_word' id='word_1_339' title='bbox 337 4389 446 4444; x_wconf 84' lang='grc' dir='ltr'><strong>ἀπὸ</strong></span> <span class='ocrx_word' id='word_1_340' title='bbox 488 4388 585 4442; x_wconf 92' lang='grc' dir='ltr'><strong>τοῦ</strong></span> <span class='ocrx_word' id='word_1_341' title='bbox 641 4390 792 4454; x_wconf 88' lang='grc' dir='ltr'><strong>ναοῦ,</strong></span> <span class='ocrx_word' id='word_1_342' title='bbox 821 4393 920 4445; x_wconf 82' lang='grc' dir='ltr'><strong>οὐκ</strong></span> <span class='ocrx_word' id='word_1_343' title='bbox 946 4393 1054 4446; x_wconf 89' lang='grc' dir='ltr'><strong>ἀπὸ</strong></span> <span class='ocrx_word' id='word_1_344' title='bbox 1086 4395 1187 4463; x_wconf 83' lang='grc' dir='ltr'><strong>τῆς</strong></span> <span class='ocrx_word' id='word_1_345' title='bbox 1226 4396 1486 4461; x_wconf 88' lang='grc' dir='ltr'><strong>κιϐωτοῦ,</strong></span> <span class='ocrx_word' id='word_1_346' title='bbox 1519 4398 1620 4450; x_wconf 82' lang='grc' dir='ltr'><strong>οὐκ</strong></span> <span class='ocrx_word' id='word_1_347' title='bbox 1649 4399 1758 4452; x_wconf 85' lang='grc' dir='ltr'><strong>ἀπὸ</strong></span> 
     </span>
    </p>
   </div>
   <div class='ocr_carea' id='block_1_48' title="bbox 1854 604 3424 690">
    <p class='ocr_par' dir='ltr' id='par_1_48' title="bbox 1854 604 3424 690">
     <span class='ocr_line' id='line_1_48' title="bbox 1854 604 3424 690; baseline 0.012 -34"><span class='ocrx_word' id='word_1_348' title='bbox 1854 604 2021 659; x_wconf 93' lang='lat' dir='ltr'><strong>venit.</strong></span> <span class='ocrx_word' id='word_1_349' title='bbox 2054 605 2520 670; x_wconf 84' lang='lat' dir='ltr'><strong>Quemadmodum</strong></span> <span class='ocrx_word' id='word_1_350' title='bbox 2549 618 2692 672; x_wconf 86' lang='lat' dir='ltr'><strong>enim</strong></span> <span class='ocrx_word' id='word_1_351' title='bbox 2719 623 2809 688; x_wconf 88' lang='lat' dir='ltr'><strong>qui</strong></span> <span class='ocrx_word' id='word_1_352' title='bbox 2841 639 2909 677; x_wconf 78' lang='lat' dir='ltr'><strong>ex</strong></span> <span class='ocrx_word' id='word_1_353' title='bbox 2932 623 3041 676; x_wconf 91' lang='lat' dir='ltr'><strong>alto</strong></span> <span class='ocrx_word' id='word_1_354' title='bbox 3066 619 3188 674; x_wconf 91' lang='lat' dir='ltr'><strong>loco</strong></span> <span class='ocrx_word' id='word_1_355' title='bbox 3212 622 3424 690; x_wconf 72' lang='lat' dir='ltr'><strong>prospi-</strong></span> 
     </span>
    </p>
   </div>
   <div class='ocr_carea' id='block_1_49' title="bbox 1853 690 3424 774">
    <p class='ocr_par' dir='ltr' id='par_1_49' title="bbox 1853 690 3424 774">
     <span class='ocr_line' id='line_1_49' title="bbox 1853 690 3424 774; baseline 0.011 -30"><span class='ocrx_word' id='word_1_356' title='bbox 1853 690 1946 756; x_wconf 93' lang='lat' dir='ltr'><strong>cit,</strong></span> <span class='ocrx_word' id='word_1_357' title='bbox 1979 707 2196 747; x_wconf 86' lang='lat' dir='ltr'><strong>sursum</strong></span> <span class='ocrx_word' id='word_1_358' title='bbox 2242 712 2490 762; x_wconf 89' lang='lat' dir='ltr'><strong>manens,</strong></span> <span class='ocrx_word' id='word_1_359' title='bbox 2523 717 2620 769; x_wconf 88' lang='lat' dir='ltr'><strong>per</strong></span> <span class='ocrx_word' id='word_1_360' title='bbox 2647 709 3018 774; x_wconf 80' lang='lat' dir='ltr'><strong>operationem</strong></span> <span class='ocrx_word' id='word_1_361' title='bbox 3070 723 3224 763; x_wconf 89' lang='lat' dir='ltr'><strong>suam</strong></span> <span class='ocrx_word' id='word_1_362' title='bbox 3260 709 3424 762; x_wconf 83' lang='lat' dir='ltr'><strong>deor-</strong></span> 
     </span>
    </p>
   </div>
   <div class='ocr_carea' id='block_1_50' title="bbox 1854 779 3425 854">
    <p class='ocr_par' dir='ltr' id='par_1_50' title="bbox 1854 779 3425 854">
     <span class='ocr_line' id='line_1_50' title="bbox 1854 779 3425 854; baseline 0.016 -26"><span class='ocrx_word' id='word_1_363' title='bbox 1854 791 1971 830; x_wconf 86' lang='lat' dir='ltr'><strong>sum</strong></span> <span class='ocrx_word' id='word_1_364' title='bbox 1998 779 2068 831; x_wconf 92' lang='lat' dir='ltr'><strong>sit</strong></span> <span class='ocrx_word' id='word_1_365' title='bbox 2103 798 2116 834; x_wconf 91' lang='lat'><strong>:</strong></span> <span class='ocrx_word' id='word_1_366' title='bbox 2150 781 2227 835; x_wconf 90' lang='lat' dir='ltr'><strong>sic</strong></span> <span class='ocrx_word' id='word_1_367' title='bbox 2273 783 2434 837; x_wconf 86' lang='lat' dir='ltr'><strong>etiam</strong></span> <span class='ocrx_word' id='word_1_368' title='bbox 2465 786 2712 845; x_wconf 85' lang='lat' dir='ltr'><strong>Christus</strong></span> <span class='ocrx_word' id='word_1_369' title='bbox 2741 792 2795 846; x_wconf 93' lang='lat' dir='ltr'><strong>in</strong></span> <span class='ocrx_word' id='word_1_370' title='bbox 2814 794 2937 848; x_wconf 85' lang='lat' dir='ltr'><strong>sinu</strong></span> <span class='ocrx_word' id='word_1_371' title='bbox 2972 794 3146 849; x_wconf 82' lang='lat' dir='ltr'><strong>Patris</strong></span> <span class='ocrx_word' id='word_1_372' title='bbox 3176 809 3425 854; x_wconf 83' lang='lat' dir='ltr'><strong>manens.</strong></span> 
     </span>
    </p>
   </div>
   <div class='ocr_carea' id='block_1_51' title="bbox 1855 874 3424 956">
    <p class='ocr_par' dir='ltr' id='par_1_51' title="bbox 1855 874 3424 956">
     <span class='ocr_line' id='line_1_51' title="bbox 1855 874 3424 956; baseline 0.01 -34"><span class='ocrx_word' id='word_1_373' title='bbox 1855 882 1953 936; x_wconf 91' lang='lat' dir='ltr'><strong>per</strong></span> <span class='ocrx_word' id='word_1_374' title='bbox 1999 884 2215 925; x_wconf 87' lang='lat' dir='ltr'><strong>carnem</strong></span> <span class='ocrx_word' id='word_1_375' title='bbox 2251 874 2530 931; x_wconf 83' lang='lat' dir='ltr'><strong>descendit</strong></span> <span class='ocrx_word' id='word_1_376' title='bbox 2554 878 2609 932; x_wconf 92' lang='lat' dir='ltr'><strong>in</strong></span> <span class='ocrx_word' id='word_1_377' title='bbox 2652 888 2873 938; x_wconf 91' lang='lat' dir='ltr'><strong>terram.</strong></span> <span class='ocrx_word' id='word_1_378' title='bbox 2906 885 3075 955; x_wconf 83' lang='lat' dir='ltr'><strong>Cujus</strong></span> <span class='ocrx_word' id='word_1_379' title='bbox 3109 886 3185 939; x_wconf 90' lang='lat' dir='ltr'><strong>rei</strong></span> <span class='ocrx_word' id='word_1_380' title='bbox 3210 885 3424 956; x_wconf 85' lang='lat' dir='ltr'><strong>gratia?</strong></span> 
     </span>
    </p>
   </div>
   <div class='ocr_carea' id='block_1_52' title="bbox 1857 961 3424 1048">
    <p class='ocr_par' dir='ltr' id='par_1_52' title="bbox 1857 961 3424 1048">
     <span class='ocr_line' id='line_1_52' title="bbox 1857 961 3424 1048; baseline 0.01 -33"><span class='ocrx_word' id='word_1_381' title='bbox 1857 971 1910 1015; x_wconf 87' lang='lat' dir='ltr'><strong>ut</strong></span> <span class='ocrx_word' id='word_1_382' title='bbox 1940 961 2132 1028; x_wconf 81' lang='lat' dir='ltr'><strong>videat,</strong></span> <span class='ocrx_word' id='word_1_383' title='bbox 2161 966 2207 1018; x_wconf 80' lang='lat' dir='ltr'><strong>si</strong></span> <span class='ocrx_word' id='word_1_384' title='bbox 2234 977 2306 1020; x_wconf 77' lang='lat' dir='ltr'><strong>est</strong></span> <span class='ocrx_word' id='word_1_385' title='bbox 2337 970 2654 1042; x_wconf 70' lang='lat' dir='ltr'><strong>intelligens,</strong></span> <span class='ocrx_word' id='word_1_386' title='bbox 2681 985 2773 1028; x_wconf 85' lang='lat' dir='ltr'><strong>aut</strong></span> <span class='ocrx_word' id='word_1_387' title='bbox 2808 979 3076 1048; x_wconf 73' lang='lat' dir='ltr'><strong>requirens</strong></span> <span class='ocrx_word' id='word_1_388' title='bbox 3099 978 3286 1032; x_wconf 86' lang='lat' dir='ltr'><strong>Deum.</strong></span> <span class='ocrx_word' id='word_1_389' title='bbox 3319 979 3424 1032; x_wconf 88' lang='lat' dir='ltr'><strong>Ita-</strong></span> 
     </span>
    </p>
   </div>
   <div class='ocr_carea' id='block_1_53' title="bbox 1855 1060 3424 1138">
    <p class='ocr_par' dir='ltr' id='par_1_53' title="bbox 1855 1060 3424 1138">
     <span class='ocr_line' id='line_1_53' title="bbox 1855 1060 3424 1138; baseline 0.011 -32"><span class='ocrx_word' id='word_1_390' title='bbox 1855 1068 1961 1122; x_wconf 91' lang='lat' dir='ltr'><strong>que</strong></span> <span class='ocrx_word' id='word_1_391' title='bbox 2011 1069 2121 1109; x_wconf 91' lang='lat' dir='ltr'><strong>non</strong></span> <span class='ocrx_word' id='word_1_392' title='bbox 2148 1066 2254 1110; x_wconf 91' lang='lat' dir='ltr'><strong>tam</strong></span> <span class='ocrx_word' id='word_1_393' title='bbox 2299 1060 2539 1116; x_wconf 87' lang='lat' dir='ltr'><strong>actiones</strong></span> <span class='ocrx_word' id='word_1_394' title='bbox 2562 1063 2844 1121; x_wconf 83' lang='lat' dir='ltr'><strong>hominum</strong></span> <span class='ocrx_word' id='word_1_395' title='bbox 2891 1069 3234 1138; x_wconf 85' lang='lat' dir='ltr'><strong>inspecturus</strong></span> <span class='ocrx_word' id='word_1_396' title='bbox 3257 1068 3424 1123; x_wconf 79' lang='lat' dir='ltr'><strong>adve-</strong></span> 
     </span>
    </p>
   </div>
   <div class='ocr_carea' id='block_1_54' title="bbox 1855 1146 3422 1227">
    <p class='ocr_par' dir='ltr' id='par_1_54' title="bbox 1855 1146 3422 1227">
     <span class='ocr_line' id='line_1_54' title="bbox 1855 1146 3422 1227; baseline 0.009 -29"><span class='ocrx_word' id='word_1_397' title='bbox 1855 1146 1979 1211; x_wconf 89' lang='lat' dir='ltr'><strong>nit,</strong></span> <span class='ocrx_word' id='word_1_398' title='bbox 2047 1163 2208 1217; x_wconf 88' lang='lat' dir='ltr'><strong>quam</strong></span> <span class='ocrx_word' id='word_1_399' title='bbox 2262 1158 2322 1204; x_wconf 91' lang='lat' dir='ltr'><strong>ut</strong></span> <span class='ocrx_word' id='word_1_400' title='bbox 2386 1152 2566 1208; x_wconf 85' lang='lat' dir='ltr'><strong>videat</strong></span> <span class='ocrx_word' id='word_1_401' title='bbox 2641 1164 2836 1211; x_wconf 91' lang='lat' dir='ltr'><strong>utrum</strong></span> <span class='ocrx_word' id='word_1_402' title='bbox 2900 1158 3123 1213; x_wconf 87' lang='lat' dir='ltr'><strong>omnino</strong></span> <span class='ocrx_word' id='word_1_403' title='bbox 3187 1157 3422 1227; x_wconf 84' lang='lat' dir='ltr'><strong>aliquam</strong></span> 
     </span>
    </p>
   </div>
   <div class='ocr_carea' id='block_1_55' title="bbox 1860 1235 3424 1319">
    <p class='ocr_par' dir='ltr' id='par_1_55' title="bbox 1860 1235 3424 1319">
     <span class='ocr_line' id='line_1_55' title="bbox 1860 1235 3424 1319; baseline 0.01 -32"><span class='ocrx_word' id='word_1_404' title='bbox 1860 1235 1950 1289; x_wconf 86' lang='lat' dir='ltr'><strong>Dei</strong></span> <span class='ocrx_word' id='word_1_405' title='bbox 1994 1237 2242 1292; x_wconf 86' lang='lat' dir='ltr'><strong>notitiam</strong></span> <span class='ocrx_word' id='word_1_406' title='bbox 2269 1239 2535 1310; x_wconf 61' lang='lat' dir='ltr'><strong>ihabeant,</strong></span> <span class='ocrx_word' id='word_1_407' title='bbox 2582 1242 2637 1298; x_wconf 93' lang='lat' dir='ltr'><strong>hi</strong></span> <span class='ocrx_word' id='word_1_408' title='bbox 2672 1247 2763 1315; x_wconf 91' lang='lat' dir='ltr'><strong>qui</strong></span> <span class='ocrx_word' id='word_1_409' title='bbox 2804 1247 2859 1301; x_wconf 91' lang='lat' dir='ltr'><strong>in</strong></span> <span class='ocrx_word' id='word_1_410' title='bbox 2904 1247 3006 1304; x_wconf 82' lang='lat' dir='ltr'><strong>[ide</strong></span> <span class='ocrx_word' id='word_1_411' title='bbox 3033 1248 3201 1305; x_wconf 81' lang='lat' dir='ltr'><strong>Deum</strong></span> <span class='ocrx_word' id='word_1_412' title='bbox 3242 1248 3424 1319; x_wconf 85' lang='lat' dir='ltr'><strong>requi-</strong></span> 
     </span>
    </p>
   </div>
   <div class='ocr_carea' id='block_1_56' title="bbox 1857 1334 2006 1382">
    <p class='ocr_par' dir='ltr' id='par_1_56' title="bbox 1857 1334 2006 1382">
     <span class='ocr_line' id='line_1_56' title="bbox 1857 1334 2006 1382; baseline -0.027 0"><span class='ocrx_word' id='word_1_413' title='bbox 1857 1334 2006 1382; x_wconf 84' lang='grc' dir='ltr'><strong>ιὐηι.</strong></span> 
     </span>
    </p>
   </div>
   <div class='ocr_carea' id='block_1_57' title="bbox 1926 1414 2974 1484">
    <p class='ocr_par' dir='ltr' id='par_1_57' title="bbox 1926 1414 2974 1484">
     <span class='ocr_line' id='line_1_57' title="bbox 1926 1414 2974 1484; baseline 0.01 -16"><span class='ocrx_word' id='word_1_414' title='bbox 1926 1414 2092 1472; x_wconf 75' lang='lat' dir='ltr'><strong>Vens.</strong></span> <span class='ocrx_word' id='word_1_415' title='bbox 2131 1417 2185 1472; x_wconf 76' lang='grc'><strong>5.</strong></span> <span class='ocrx_word' id='word_1_416' title='bbox 2228 1435 2246 1469; x_wconf 82' lang='grc' dir='ltr'><strong>ι</strong></span> <span class='ocrx_word' id='word_1_417' title='bbox 2283 1418 2474 1476; x_wconf 87' lang='lat' dir='ltr'><strong>Nonne</strong></span> <span class='ocrx_word' id='word_1_418' title='bbox 2501 1423 2671 1478; x_wconf 89' lang='lat' dir='ltr'><strong>scient</strong></span> <span class='ocrx_word' id='word_1_419' title='bbox 2696 1440 2910 1484; x_wconf 90' lang='lat' dir='ltr'><strong>omnes.</strong></span> <span class='ocrx_word' id='word_1_420' title='bbox 2955 1446 2974 1479; x_wconf 76' lang='grc' dir='ltr'><strong>ι</strong></span> 
     </span>
    </p>
   </div>
   <div class='ocr_carea' id='block_1_58' title="bbox 1925 1505 3426 1587">
    <p class='ocr_par' dir='ltr' id='par_1_58' title="bbox 1925 1505 3426 1587">
     <span class='ocr_line' id='line_1_58' title="bbox 1925 1505 3426 1587; baseline 0.011 -28"><span class='ocrx_word' id='word_1_421' title='bbox 1925 1505 2129 1561; x_wconf 88' lang='lat' dir='ltr'><strong>Omnes</strong></span> <span class='ocrx_word' id='word_1_422' title='bbox 2176 1509 2269 1577; x_wconf 89' lang='lat' dir='ltr'><strong>qui</strong></span> <span class='ocrx_word' id='word_1_423' title='bbox 2310 1514 2639 1583; x_wconf 84' lang='lat' dir='ltr'><strong>pauperibus</strong></span> <span class='ocrx_word' id='word_1_424' title='bbox 2681 1516 2934 1587; x_wconf 68' lang='lat' dir='ltr'><strong>iniuriam</strong></span> <span class='ocrx_word' id='word_1_425' title='bbox 2976 1517 3220 1573; x_wconf 79' lang='lat' dir='ltr'><strong>inferunt</strong></span> <span class='ocrx_word' id='word_1_426' title='bbox 3255 1526 3311 1574; x_wconf 92' lang='lat' dir='ltr'><strong>et</strong></span> <span class='ocrx_word' id='word_1_427' title='bbox 3336 1533 3426 1575; x_wconf 81' lang='lat' dir='ltr'><strong>res</strong></span> 
     </span>
    </p>
   </div>
   <div class='ocr_carea' id='block_1_59' title="bbox 1857 1597 3426 1676">
    <p class='ocr_par' dir='ltr' id='par_1_59' title="bbox 1857 1597 3426 1676">
     <span class='ocr_line' id='line_1_59' title="bbox 1857 1597 3426 1676; baseline 0.008 -25"><span class='ocrx_word' id='word_1_428' title='bbox 1857 1597 2090 1668; x_wconf 82' lang='lat' dir='ltr'><strong>proximi</strong></span> <span class='ocrx_word' id='word_1_429' title='bbox 2117 1597 2397 1670; x_wconf 90' lang='lat' dir='ltr'><strong>diripiunt,</strong></span> <span class='ocrx_word' id='word_1_430' title='bbox 2426 1604 2547 1659; x_wconf 89' lang='lat' dir='ltr'><strong>cibo</strong></span> <span class='ocrx_word' id='word_1_431' title='bbox 2569 1606 2727 1675; x_wconf 87' lang='lat' dir='ltr'><strong>panis</strong></span> <span class='ocrx_word' id='word_1_432' title='bbox 2754 1607 3014 1676; x_wconf 87' lang='lat' dir='ltr'><strong>populum</strong></span> <span class='ocrx_word' id='word_1_433' title='bbox 3037 1607 3133 1662; x_wconf 87' lang='lat' dir='ltr'><strong>Dei</strong></span> <span class='ocrx_word' id='word_1_434' title='bbox 3160 1608 3426 1664; x_wconf 81' lang='lat' dir='ltr'><strong>devorare</strong></span> 
     </span>
    </p>
   </div>
   <div class='ocr_carea' id='block_1_60' title="bbox 1856 1689 3428 1769">
    <p class='ocr_par' dir='ltr' id='par_1_60' title="bbox 1856 1689 3428 1769">
     <span class='ocr_line' id='line_1_60' title="bbox 1856 1689 3428 1769; baseline 0.008 -27"><span class='ocrx_word' id='word_1_435' title='bbox 1856 1689 2052 1744; x_wconf 90' lang='lat' dir='ltr'><strong>merito</strong></span> <span class='ocrx_word' id='word_1_436' title='bbox 2072 1690 2329 1748; x_wconf 89' lang='lat' dir='ltr'><strong>dicuntur</strong></span> <span class='ocrx_word' id='word_1_437' title='bbox 2367 1711 2381 1748; x_wconf 90' lang='lat'><strong>:</strong></span> <span class='ocrx_word' id='word_1_438' title='bbox 2407 1712 2535 1750; x_wconf 85' lang='lat' dir='ltr'><strong>nam</strong></span> <span class='ocrx_word' id='word_1_439' title='bbox 2563 1712 2664 1766; x_wconf 90' lang='lat' dir='ltr'><strong>pro</strong></span> <span class='ocrx_word' id='word_1_440' title='bbox 2694 1699 2940 1755; x_wconf 65' lang='lat' dir='ltr'><strong>avaritia</strong></span> <span class='ocrx_word' id='word_1_441' title='bbox 2969 1713 3083 1754; x_wconf 65' lang='lat' dir='ltr'><strong>sua</strong></span> <span class='ocrx_word' id='word_1_442' title='bbox 3109 1700 3308 1769; x_wconf 90' lang='lat' dir='ltr'><strong>pabulo</strong></span> <span class='ocrx_word' id='word_1_443' title='bbox 3328 1700 3428 1754; x_wconf 32' lang='lat' dir='ltr'><strong>has</strong></span> 
     </span>
    </p>
   </div>
   <div class='ocr_carea' id='block_1_61' title="bbox 1858 1781 3427 1858">
    <p class='ocr_par' dir='ltr' id='par_1_61' title="bbox 1858 1781 3427 1858">
     <span class='ocr_line' id='line_1_61' title="bbox 1858 1781 3427 1858; baseline 0.004 -20"><span class='ocrx_word' id='word_1_444' title='bbox 1858 1781 2327 1853; x_wconf 82' lang='lat' dir='ltr'><strong>hentiniustitiam</strong></span> <span class='ocrx_word' id='word_1_445' title='bbox 2348 1825 2364 1852; x_wconf 93' lang='lat'><strong>,</strong></span> <span class='ocrx_word' id='word_1_446' title='bbox 2393 1802 2555 1856; x_wconf 87' lang='lat' dir='ltr'><strong>quam</strong></span> <span class='ocrx_word' id='word_1_447' title='bbox 2581 1787 2636 1841; x_wconf 91' lang='lat' dir='ltr'><strong>in</strong></span> <span class='ocrx_word' id='word_1_448' title='bbox 2662 1787 2808 1858; x_wconf 88' lang='lat' dir='ltr'><strong>ipsos</strong></span> <span class='ocrx_word' id='word_1_449' title='bbox 2835 1799 3114 1845; x_wconf 79' lang='lat' dir='ltr'><strong>exercent.</strong></span> <span class='ocrx_word' id='word_1_450' title='bbox 3141 1789 3427 1847; x_wconf 78' lang='lat' dir='ltr'><strong>Existima-</strong></span> 
     </span>
    </p>
   </div>
   <div class='ocr_carea' id='block_1_62' title="bbox 1855 1875 3424 1953">
    <p class='ocr_par' dir='ltr' id='par_1_62' title="bbox 1855 1875 3424 1953">
     <span class='ocr_line' id='line_1_62' title="bbox 1855 1875 3424 1953; baseline 0.006 -24"><span class='ocrx_word' id='word_1_451' title='bbox 1855 1875 1939 1930; x_wconf 88' lang='lat' dir='ltr'><strong>hls</strong></span> <span class='ocrx_word' id='word_1_452' title='bbox 1968 1888 2150 1931; x_wconf 86' lang='lat' dir='ltr'><strong>autem</strong></span> <span class='ocrx_word' id='word_1_453' title='bbox 2176 1879 2520 1947; x_wconf 88' lang='lat' dir='ltr'><strong>potissimum</strong></span> <span class='ocrx_word' id='word_1_454' title='bbox 2543 1882 2660 1938; x_wconf 73' lang='lat' dir='ltr'><strong>haec</strong></span> <span class='ocrx_word' id='word_1_455' title='bbox 2686 1881 2794 1936; x_wconf 87' lang='lat' dir='ltr'><strong>dici</strong></span> <span class='ocrx_word' id='word_1_456' title='bbox 2825 1883 2892 1938; x_wconf 90' lang='lat' dir='ltr'><strong>de</strong></span> <span class='ocrx_word' id='word_1_457' title='bbox 2916 1883 3190 1953; x_wconf 73' lang='lat' dir='ltr'><strong>magistris</strong></span> <span class='ocrx_word' id='word_1_458' title='bbox 3209 1882 3424 1937; x_wconf 70' lang='lat' dir='ltr'><strong>Judaeo-</strong></span> 
     </span>
    </p>
   </div>
   <div class='ocr_carea' id='block_1_63' title="bbox 1856 1969 3425 2042">
    <p class='ocr_par' dir='ltr' id='par_1_63' title="bbox 1856 1969 3425 2042">
     <span class='ocr_line' id='line_1_63' title="bbox 1856 1969 3425 2042; baseline 0.002 -20"><span class='ocrx_word' id='word_1_459' title='bbox 1856 1984 1994 2023; x_wconf 91' lang='lat' dir='ltr'><strong>rum.</strong></span> <span class='ocrx_word' id='word_1_460' title='bbox 2043 1969 2180 2024; x_wconf 87' lang='lat' dir='ltr'><strong>Nam</strong></span> <span class='ocrx_word' id='word_1_461' title='bbox 2226 1969 2320 2040; x_wconf 90' lang='lat' dir='ltr'><strong>qui</strong></span> <span class='ocrx_word' id='word_1_462' title='bbox 2359 1972 2428 2026; x_wconf 91' lang='lat' dir='ltr'><strong>ab</strong></span> <span class='ocrx_word' id='word_1_463' title='bbox 2479 1971 2777 2042; x_wconf 74' lang='lat' dir='ltr'><strong>ignorantia</strong></span> <span class='ocrx_word' id='word_1_464' title='bbox 2814 1972 2988 2042; x_wconf 86' lang='lat' dir='ltr'><strong>legem</strong></span> <span class='ocrx_word' id='word_1_465' title='bbox 3028 1970 3425 2040; x_wconf 88' lang='lat' dir='ltr'><strong>quodammodo</strong></span> 
     </span>
    </p>
   </div>
   <div class='ocr_carea' id='block_1_64' title="bbox 1856 2059 3421 2134">
    <p class='ocr_par' dir='ltr' id='par_1_64' title="bbox 1856 2059 3421 2134">
     <span class='ocr_line' id='line_1_64' title="bbox 1856 2059 3421 2134; baseline 0.002 -20"><span class='ocrx_word' id='word_1_466' title='bbox 1856 2059 2134 2116; x_wconf 88' lang='lat' dir='ltr'><strong>vindicare</strong></span> <span class='ocrx_word' id='word_1_467' title='bbox 2155 2061 2494 2128; x_wconf 81' lang='lat' dir='ltr'><strong>videbantur,</strong></span> <span class='ocrx_word' id='word_1_468' title='bbox 2533 2064 2628 2118; x_wconf 90' lang='lat' dir='ltr'><strong>sed</strong></span> <span class='ocrx_word' id='word_1_469' title='bbox 2659 2064 2728 2119; x_wconf 90' lang='lat' dir='ltr'><strong>ad</strong></span> <span class='ocrx_word' id='word_1_470' title='bbox 2759 2063 3097 2134; x_wconf 88' lang='lat' dir='ltr'><strong>legislatoris</strong></span> <span class='ocrx_word' id='word_1_471' title='bbox 3130 2071 3421 2117; x_wconf 86' lang='lat' dir='ltr'><strong>contume-</strong></span> 
     </span>
    </p>
   </div>
   <div class='ocr_carea' id='block_1_65' title="bbox 1855 2149 3422 2224">
    <p class='ocr_par' dir='ltr' id='par_1_65' title="bbox 1855 2149 3422 2224">
     <span class='ocr_line' id='line_1_65' title="bbox 1855 2149 3422 2224; baseline 0.001 -20"><span class='ocrx_word' id='word_1_472' title='bbox 1855 2149 1980 2204; x_wconf 88' lang='lat' dir='ltr'><strong>liam</strong></span> <span class='ocrx_word' id='word_1_473' title='bbox 2030 2151 2396 2220; x_wconf 90' lang='lat' dir='ltr'><strong>operabantur</strong></span> <span class='ocrx_word' id='word_1_474' title='bbox 2416 2151 2754 2222; x_wconf 86' lang='lat' dir='ltr'><strong>iniquitatem</strong></span> <span class='ocrx_word' id='word_1_475' title='bbox 2776 2194 2792 2218; x_wconf 92' lang='lat'><strong>,</strong></span> <span class='ocrx_word' id='word_1_476' title='bbox 2822 2152 3026 2208; x_wconf 90' lang='lat' dir='ltr'><strong>hi-cibo</strong></span> <span class='ocrx_word' id='word_1_477' title='bbox 3062 2153 3220 2222; x_wconf 89' lang='lat' dir='ltr'><strong>panis</strong></span> <span class='ocrx_word' id='word_1_478' title='bbox 3247 2153 3422 2224; x_wconf 87' lang='lat' dir='ltr'><strong>legem</strong></span> 
     </span>
    </p>
   </div>
   <div class='ocr_carea' id='block_1_66' title="bbox 1855 2241 3424 2314">
    <p class='ocr_par' dir='ltr' id='par_1_66' title="bbox 1855 2241 3424 2314">
     <span class='ocr_line' id='line_1_66' title="bbox 1855 2241 3424 2314; baseline 0 -19"><span class='ocrx_word' id='word_1_479' title='bbox 1855 2241 1950 2295; x_wconf 84' lang='lat' dir='ltr'><strong>Dei</strong></span> <span class='ocrx_word' id='word_1_480' title='bbox 1995 2241 2348 2308; x_wconf 82' lang='lat' dir='ltr'><strong>devorabam,</strong></span> <span class='ocrx_word' id='word_1_481' title='bbox 2402 2243 2530 2297; x_wconf 90' lang='lat' dir='ltr'><strong>dum</strong></span> <span class='ocrx_word' id='word_1_482' title='bbox 2587 2259 2699 2314; x_wconf 70' lang='lat' dir='ltr'><strong>prae</strong></span> <span class='ocrx_word' id='word_1_483' title='bbox 2761 2243 3056 2299; x_wconf 83' lang='lat' dir='ltr'><strong>saturitatis</strong></span> <span class='ocrx_word' id='word_1_484' title='bbox 3101 2258 3168 2298; x_wconf 85' lang='lat' dir='ltr'><strong>ac</strong></span> <span class='ocrx_word' id='word_1_485' title='bbox 3214 2242 3424 2298; x_wconf 83' lang='lat' dir='ltr'><strong>ventris</strong></span> 
     </span>
    </p>
   </div>
   <div class='ocr_carea' id='block_1_67' title="bbox 1856 2331 3420 2403">
    <p class='ocr_par' dir='ltr' id='par_1_67' title="bbox 1856 2331 3420 2403">
     <span class='ocr_line' id='line_1_67' title="bbox 1856 2331 3420 2403; baseline 0 -17"><span class='ocrx_word' id='word_1_486' title='bbox 1856 2331 2037 2386; x_wconf 89' lang='lat' dir='ltr'><strong>studio</strong></span> <span class='ocrx_word' id='word_1_487' title='bbox 2097 2347 2359 2402; x_wconf 87' lang='lat' dir='ltr'><strong>personas</strong></span> <span class='ocrx_word' id='word_1_488' title='bbox 2408 2333 2737 2403; x_wconf 90' lang='lat' dir='ltr'><strong>acciperent,</strong></span> <span class='ocrx_word' id='word_1_489' title='bbox 2782 2342 2840 2388; x_wconf 92' lang='lat' dir='ltr'><strong>et</strong></span> <span class='ocrx_word' id='word_1_490' title='bbox 2877 2333 2936 2387; x_wconf 92' lang='lat' dir='ltr'><strong>in</strong></span> <span class='ocrx_word' id='word_1_491' title='bbox 2965 2333 3214 2389; x_wconf 83' lang='lat' dir='ltr'><strong>docendo</strong></span> <span class='ocrx_word' id='word_1_492' title='bbox 3248 2333 3420 2402; x_wconf 88' lang='lat' dir='ltr'><strong>legem</strong></span> 
     </span>
    </p>
   </div>
   <div class='ocr_carea' id='block_1_68' title="bbox 1856 2421 2144 2477">
    <p class='ocr_par' dir='ltr' id='par_1_68' title="bbox 1856 2421 2144 2477">
     <span class='ocr_line' id='line_1_68' title="bbox 1856 2421 2144 2477; baseline -0.003 0"><span class='ocrx_word' id='word_1_493' title='bbox 1856 2421 2144 2477; x_wconf 86' lang='lat' dir='ltr'><strong>violarent.</strong></span> 
     </span>
    </p>
   </div>
   <div class='ocr_carea' id='block_1_69' title="bbox 1926 2511 3420 2583">
    <p class='ocr_par' dir='ltr' id='par_1_69' title="bbox 1926 2511 3420 2583">
     <span class='ocr_line' id='line_1_69' title="bbox 1926 2511 3420 2583; baseline 0.001 -18"><span class='ocrx_word' id='word_1_494' title='bbox 1926 2512 2002 2565; x_wconf 90' lang='lat' dir='ltr'><strong>De</strong></span> <span class='ocrx_word' id='word_1_495' title='bbox 2027 2511 2231 2567; x_wconf 58' lang='lat' dir='ltr'><strong>ludatis</strong></span> <span class='ocrx_word' id='word_1_496' title='bbox 2275 2513 2536 2582; x_wconf 85' lang='lat' dir='ltr'><strong>loquitur,</strong></span> <span class='ocrx_word' id='word_1_497' title='bbox 2564 2511 2672 2583; x_wconf 81' lang='lat' dir='ltr'><strong>qui</strong></span> <span class='ocrx_word' id='word_1_498' title='bbox 2708 2512 2987 2570; x_wconf 85' lang='lat' dir='ltr'><strong>Christum</strong></span> <span class='ocrx_word' id='word_1_499' title='bbox 3027 2527 3218 2570; x_wconf 87' lang='lat' dir='ltr'><strong>verum</strong></span> <span class='ocrx_word' id='word_1_500' title='bbox 3248 2512 3420 2569; x_wconf 80' lang='lat' dir='ltr'><strong>Deum</strong></span> 
     </span>
    </p>
   </div>
   <div class='ocr_carea' id='block_1_70' title="bbox 1855 2600 3421 2674">
    <p class='ocr_par' dir='ltr' id='par_1_70' title="bbox 1855 2600 3421 2674">
     <span class='ocr_line' id='line_1_70' title="bbox 1855 2600 3421 2674; baseline 0.001 -19"><span class='ocrx_word' id='word_1_501' title='bbox 1855 2616 1963 2655; x_wconf 92' lang='lat' dir='ltr'><strong>non</strong></span> <span class='ocrx_word' id='word_1_502' title='bbox 1989 2600 2332 2666; x_wconf 88' lang='lat' dir='ltr'><strong>invocarunt,</strong></span> <span class='ocrx_word' id='word_1_503' title='bbox 2364 2611 2418 2657; x_wconf 91' lang='lat' dir='ltr'><strong>et</strong></span> <span class='ocrx_word' id='word_1_504' title='bbox 2448 2602 2747 2658; x_wconf 88' lang='lat' dir='ltr'><strong>timuerunt</strong></span> <span class='ocrx_word' id='word_1_505' title='bbox 2769 2604 2965 2658; x_wconf 90' lang='lat' dir='ltr'><strong>timore</strong></span> <span class='ocrx_word' id='word_1_506' title='bbox 2989 2618 3421 2674; x_wconf 85' lang='lat' dir='ltr'><strong>supervacaneo,</strong></span> 
     </span>
    </p>
   </div>
   <div class='ocr_carea' id='block_1_71' title="bbox 1857 2691 3423 2762">
    <p class='ocr_par' dir='ltr' id='par_1_71' title="bbox 1857 2691 3423 2762">
     <span class='ocr_line' id='line_1_71' title="bbox 1857 2691 3423 2762; baseline 0.001 -17"><span class='ocrx_word' id='word_1_507' title='bbox 1857 2691 1949 2746; x_wconf 86' lang='lat' dir='ltr'><strong>ubi</strong></span> <span class='ocrx_word' id='word_1_508' title='bbox 1979 2707 2087 2745; x_wconf 87' lang='lat' dir='ltr'><strong>non</strong></span> <span class='ocrx_word' id='word_1_509' title='bbox 2121 2701 2238 2745; x_wconf 89' lang='lat' dir='ltr'><strong>erat</strong></span> <span class='ocrx_word' id='word_1_510' title='bbox 2285 2691 2464 2758; x_wconf 87' lang='lat' dir='ltr'><strong>timor,</strong></span> <span class='ocrx_word' id='word_1_511' title='bbox 2497 2692 2716 2762; x_wconf 85' lang='lat' dir='ltr'><strong>quando</strong></span> <span class='ocrx_word' id='word_1_512' title='bbox 2745 2693 2812 2747; x_wconf 88' lang='lat' dir='ltr'><strong>ad</strong></span> <span class='ocrx_word' id='word_1_513' title='bbox 2848 2693 3082 2749; x_wconf 90' lang='lat' dir='ltr'><strong>invicem</strong></span> <span class='ocrx_word' id='word_1_514' title='bbox 3113 2693 3372 2748; x_wconf 81' lang='lat' dir='ltr'><strong>dicebant</strong></span> <span class='ocrx_word' id='word_1_515' title='bbox 3407 2708 3423 2746; x_wconf 89' lang='lat'>:</span> 
     </span>
    </p>
   </div>
   <div class='ocr_carea' id='block_1_72' title="bbox 1856 2783 3426 2852">
    <p class='ocr_par' dir='ltr' id='par_1_72' title="bbox 1856 2783 3426 2852">
     <span class='ocr_line' id='line_1_72' title="bbox 1856 2783 3426 2852; baseline -0.002 -12"><span class='ocrx_word' id='word_1_516' title='bbox 1856 2784 1918 2840; x_wconf 90' lang='lat' dir='ltr'><strong>Si</strong></span> <span class='ocrx_word' id='word_1_517' title='bbox 1945 2786 2255 2840; x_wconf 77' lang='lat' dir='ltr'><strong>dimittimus</strong></span> <span class='ocrx_word' id='word_1_518' title='bbox 2283 2787 2418 2839; x_wconf 80' lang='lat' dir='ltr'><strong>hunc</strong></span> <span class='ocrx_word' id='word_1_519' title='bbox 2445 2786 2724 2852; x_wconf 85' lang='lat' dir='ltr'><strong>hominem,</strong></span> <span class='ocrx_word' id='word_1_520' title='bbox 2747 2787 2949 2840; x_wconf 77' lang='lat' dir='ltr'><strong>venient</strong></span> <span class='ocrx_word' id='word_1_521' title='bbox 2975 2785 3222 2852; x_wconf 86' lang='lat' dir='ltr'><strong>Romani,</strong></span> <span class='ocrx_word' id='word_1_522' title='bbox 3252 2792 3302 2838; x_wconf 85' lang='lat' dir='ltr'><strong>et</strong></span> <span class='ocrx_word' id='word_1_523' title='bbox 3327 2783 3426 2838; x_wconf 54' lang='lat' dir='ltr'><strong>totv-</strong></span> 
     </span>
    </p>
   </div>
   <div class='ocr_carea' id='block_1_73' title="bbox 1857 2875 3428 2946">
    <p class='ocr_par' dir='ltr' id='par_1_73' title="bbox 1857 2875 3428 2946">
     <span class='ocr_line' id='line_1_73' title="bbox 1857 2875 3428 2946; baseline 0 -19"><span class='ocrx_word' id='word_1_524' title='bbox 1857 2877 1962 2928; x_wconf 83' lang='lat' dir='ltr'><strong>Ient</strong></span> <span class='ocrx_word' id='word_1_525' title='bbox 1999 2883 2230 2929; x_wconf 81' lang='lat' dir='ltr'><strong>nostrum</strong></span> <span class='ocrx_word' id='word_1_526' title='bbox 2269 2875 2439 2929; x_wconf 82' lang='lat' dir='ltr'><strong>locum</strong></span> <span class='ocrx_word' id='word_1_527' title='bbox 2488 2885 2536 2929; x_wconf 83' lang='lat' dir='ltr'><strong>el</strong></span> <span class='ocrx_word' id='word_1_528' title='bbox 2574 2884 2777 2946; x_wconf 82' lang='lat' dir='ltr'><strong>gentem</strong></span> <span class='ocrx_word' id='word_1_529' title='bbox 2797 2876 2862 2930; x_wconf 76' lang='grc'><strong>’⁷.</strong></span> <span class='ocrx_word' id='word_1_530' title='bbox 2896 2875 3282 2932; x_wconf 82' lang='lat' dir='ltr'><strong>Verumtamen</strong></span> <span class='ocrx_word' id='word_1_531' title='bbox 3322 2875 3428 2930; x_wconf 92' lang='lat' dir='ltr'><strong>hoc</strong></span> 
     </span>
    </p>
   </div>
   <div class='ocr_carea' id='block_1_74' title="bbox 1856 2964 3424 3034">
    <p class='ocr_par' dir='ltr' id='par_1_74' title="bbox 1856 2964 3424 3034">
     <span class='ocr_line' id='line_1_74' title="bbox 1856 2964 3424 3034; baseline 0.001 -18"><span class='ocrx_word' id='word_1_532' title='bbox 1856 2964 2078 3018; x_wconf 90' lang='lat' dir='ltr'><strong>minime</strong></span> <span class='ocrx_word' id='word_1_533' title='bbox 2104 2965 2398 3029; x_wconf 86' lang='lat' dir='ltr'><strong>evenisset,</strong></span> <span class='ocrx_word' id='word_1_534' title='bbox 2441 2964 2486 3018; x_wconf 88' lang='lat' dir='ltr'><strong>si</strong></span> <span class='ocrx_word' id='word_1_535' title='bbox 2509 2965 2667 3020; x_wconf 83' lang='lat' dir='ltr'><strong>(idem</strong></span> <span class='ocrx_word' id='word_1_536' title='bbox 2700 2966 2754 3019; x_wconf 93' lang='lat' dir='ltr'><strong>in</strong></span> <span class='ocrx_word' id='word_1_537' title='bbox 2782 2965 2959 3034; x_wconf 89' lang='lat' dir='ltr'><strong>ipsum</strong></span> <span class='ocrx_word' id='word_1_538' title='bbox 2983 2964 3424 3020; x_wconf 89' lang='lat' dir='ltr'><strong>eustodivissenl.</strong></span> 
     </span>
    </p>
   </div>
   <div class='ocr_carea' id='block_1_75' title="bbox 1856 3052 3425 3123">
    <p class='ocr_par' dir='ltr' id='par_1_75' title="bbox 1856 3052 3425 3123">
     <span class='ocr_line' id='line_1_75' title="bbox 1856 3052 3425 3123; baseline -0.001 -15"><span class='ocrx_word' id='word_1_539' title='bbox 1856 3052 2028 3108; x_wconf 89' lang='lat' dir='ltr'><strong>Simili</strong></span> <span class='ocrx_word' id='word_1_540' title='bbox 2075 3069 2291 3123; x_wconf 86' lang='lat' dir='ltr'><strong>quoque</strong></span> <span class='ocrx_word' id='word_1_541' title='bbox 2328 3055 2537 3109; x_wconf 89' lang='lat' dir='ltr'><strong>ratione</strong></span> <span class='ocrx_word' id='word_1_542' title='bbox 2586 3070 2778 3109; x_wconf 91' lang='lat' dir='ltr'><strong>omnes</strong></span> <span class='ocrx_word' id='word_1_543' title='bbox 2824 3055 3078 3109; x_wconf 87' lang='lat' dir='ltr'><strong>homines</strong></span> <span class='ocrx_word' id='word_1_544' title='bbox 3119 3054 3210 3123; x_wconf 91' lang='lat' dir='ltr'><strong>qui</strong></span> <span class='ocrx_word' id='word_1_545' title='bbox 3257 3052 3425 3108; x_wconf 91' lang='lat' dir='ltr'><strong>Deum</strong></span> 
     </span>
    </p>
   </div>
   <div class='ocr_carea' id='block_1_76' title="bbox 1858 3143 3427 3214">
    <p class='ocr_par' dir='ltr' id='par_1_76' title="bbox 1858 3143 3427 3214">
     <span class='ocr_line' id='line_1_76' title="bbox 1858 3143 3427 3214; baseline -0.001 -16"><span class='ocrx_word' id='word_1_546' title='bbox 1858 3145 2112 3199; x_wconf 87' lang='lat' dir='ltr'><strong>invocare</strong></span> <span class='ocrx_word' id='word_1_547' title='bbox 2137 3144 2438 3214; x_wconf 78' lang='lat' dir='ltr'><strong>negligant,</strong></span> <span class='ocrx_word' id='word_1_548' title='bbox 2475 3159 2586 3214; x_wconf 65' lang='lat' dir='ltr'><strong>prae</strong></span> <span class='ocrx_word' id='word_1_549' title='bbox 2615 3143 2993 3198; x_wconf 76' lang='lat' dir='ltr'><strong>incredulitate</strong></span> <span class='ocrx_word' id='word_1_550' title='bbox 3023 3143 3079 3196; x_wconf 91' lang='lat' dir='ltr'><strong>in</strong></span> <span class='ocrx_word' id='word_1_551' title='bbox 3115 3144 3287 3196; x_wconf 88' lang='lat' dir='ltr'><strong>Deum</strong></span> <span class='ocrx_word' id='word_1_552' title='bbox 3314 3157 3427 3196; x_wconf 90' lang='lat' dir='ltr'><strong>non</strong></span> 
     </span>
    </p>
   </div>
   <div class='ocr_carea' id='block_1_77' title="bbox 1858 3233 3429 3305">
    <p class='ocr_par' dir='ltr' id='par_1_77' title="bbox 1858 3233 3429 3305">
     <span class='ocr_line' id='line_1_77' title="bbox 1858 3233 3429 3305; baseline -0.001 -15"><span class='ocrx_word' id='word_1_553' title='bbox 1858 3236 2052 3291; x_wconf 86' lang='lat' dir='ltr'><strong>timent</strong></span> <span class='ocrx_word' id='word_1_554' title='bbox 2072 3236 2265 3290; x_wconf 91' lang='lat' dir='ltr'><strong>timore</strong></span> <span class='ocrx_word' id='word_1_555' title='bbox 2293 3251 2402 3305; x_wconf 89' lang='lat' dir='ltr'><strong>quo</strong></span> <span class='ocrx_word' id='word_1_556' title='bbox 2434 3243 2650 3305; x_wconf 88' lang='lat' dir='ltr'><strong>oportet</strong></span> <span class='ocrx_word' id='word_1_557' title='bbox 2678 3252 2693 3290; x_wconf 89' lang='lat'><strong>:</strong></span> <span class='ocrx_word' id='word_1_558' title='bbox 2731 3235 2788 3289; x_wconf 93' lang='lat' dir='ltr'><strong>in</strong></span> <span class='ocrx_word' id='word_1_559' title='bbox 2818 3233 3017 3290; x_wconf 85' lang='lat' dir='ltr'><strong>vanum</strong></span> <span class='ocrx_word' id='word_1_560' title='bbox 3046 3242 3229 3290; x_wconf 82' lang='lat' dir='ltr'><strong>autem</strong></span> <span class='ocrx_word' id='word_1_561' title='bbox 3255 3234 3429 3288; x_wconf 83' lang='lat' dir='ltr'><strong>minas</strong></span> 
     </span>
    </p>
   </div>
   <div class='ocr_carea' id='block_1_78' title="bbox 1857 3326 3429 3396">
    <p class='ocr_par' dir='ltr' id='par_1_78' title="bbox 1857 3326 3429 3396">
     <span class='ocr_line' id='line_1_78' title="bbox 1857 3326 3429 3396; baseline -0.004 -13"><span class='ocrx_word' id='word_1_562' title='bbox 1857 3328 2137 3383; x_wconf 88' lang='lat' dir='ltr'><strong>hominum</strong></span> <span class='ocrx_word' id='word_1_563' title='bbox 2180 3337 2236 3382; x_wconf 91' lang='lat' dir='ltr'><strong>et</strong></span> <span class='ocrx_word' id='word_1_564' title='bbox 2277 3327 2621 3382; x_wconf 89' lang='lat' dir='ltr'><strong>inimicorum</strong></span> <span class='ocrx_word' id='word_1_565' title='bbox 2690 3326 2960 3396; x_wconf 88' lang='lat' dir='ltr'><strong>potentias</strong></span> <span class='ocrx_word' id='word_1_566' title='bbox 3005 3334 3296 3390; x_wconf 91' lang='lat' dir='ltr'><strong>metuunt,</strong></span> <span class='ocrx_word' id='word_1_567' title='bbox 3330 3337 3429 3377; x_wconf 83' lang='lat' dir='ltr'><strong>ne-</strong></span> 
     </span>
    </p>
   </div>
   <div class='ocr_carea' id='block_1_79' title="bbox 1858 3416 3428 3486">
    <p class='ocr_par' dir='ltr' id='par_1_79' title="bbox 1858 3416 3428 3486">
     <span class='ocr_line' id='line_1_79' title="bbox 1858 3416 3428 3486; baseline -0.003 -12"><span class='ocrx_word' id='word_1_568' title='bbox 1858 3421 2090 3474; x_wconf 87' lang='lat' dir='ltr'><strong>scientes</strong></span> <span class='ocrx_word' id='word_1_569' title='bbox 2120 3420 2222 3473; x_wconf 88' lang='lat' dir='ltr'><strong>ista</strong></span> <span class='ocrx_word' id='word_1_570' title='bbox 2250 3419 2386 3473; x_wconf 88' lang='lat' dir='ltr'><strong>nihil</strong></span> <span class='ocrx_word' id='word_1_571' title='bbox 2419 3419 2580 3474; x_wconf 88' lang='lat' dir='ltr'><strong>nobis</strong></span> <span class='ocrx_word' id='word_1_572' title='bbox 2610 3417 2826 3473; x_wconf 82' lang='lat' dir='ltr'><strong>allicere</strong></span> <span class='ocrx_word' id='word_1_573' title='bbox 2886 3417 3108 3486; x_wconf 87' lang='lat' dir='ltr'><strong>quando</strong></span> <span class='ocrx_word' id='word_1_574' title='bbox 3131 3416 3428 3485; x_wconf 85' lang='lat' dir='ltr'><strong>propitium</strong></span> 
     </span>
    </p>
   </div>
   <div class='ocr_carea' id='block_1_80' title="bbox 1860 3506 3429 3580">
    <p class='ocr_par' dir='ltr' id='par_1_80' title="bbox 1860 3506 3429 3580">
     <span class='ocr_line' id='line_1_80' title="bbox 1860 3506 3429 3580; baseline -0.003 -15"><span class='ocrx_word' id='word_1_575' title='bbox 1860 3511 2122 3565; x_wconf 85' lang='lat' dir='ltr'><strong>habemus</strong></span> <span class='ocrx_word' id='word_1_576' title='bbox 2151 3510 2342 3566; x_wconf 88' lang='lat' dir='ltr'><strong>Deum.</strong></span> <span class='ocrx_word' id='word_1_577' title='bbox 2375 3510 2639 3580; x_wconf 87' lang='lat' dir='ltr'><strong>Loquitur</strong></span> <span class='ocrx_word' id='word_1_578' title='bbox 2667 3516 2846 3562; x_wconf 90' lang='lat' dir='ltr'><strong>autem</strong></span> <span class='ocrx_word' id='word_1_579' title='bbox 2875 3509 2942 3563; x_wconf 92' lang='lat' dir='ltr'><strong>de</strong></span> <span class='ocrx_word' id='word_1_580' title='bbox 2971 3509 3038 3562; x_wconf 90' lang='lat' dir='ltr'><strong>iis</strong></span> <span class='ocrx_word' id='word_1_581' title='bbox 3065 3508 3159 3577; x_wconf 87' lang='lat' dir='ltr'><strong>qui</strong></span> <span class='ocrx_word' id='word_1_582' title='bbox 3188 3506 3429 3561; x_wconf 89' lang='lat' dir='ltr'><strong>homini-</strong></span> 
     </span>
    </p>
   </div>
   <div class='ocr_carea' id='block_1_81' title="bbox 1859 3598 3429 3669">
    <p class='ocr_par' dir='ltr' id='par_1_81' title="bbox 1859 3598 3429 3669">
     <span class='ocr_line' id='line_1_81' title="bbox 1859 3598 3429 3669; baseline -0.003 -14"><span class='ocrx_word' id='word_1_583' title='bbox 1859 3601 1961 3656; x_wconf 86' lang='lat' dir='ltr'><strong>bus</strong></span> <span class='ocrx_word' id='word_1_584' title='bbox 1992 3600 2206 3669; x_wconf 84' lang='lat' dir='ltr'><strong>placere</strong></span> <span class='ocrx_word' id='word_1_585' title='bbox 2248 3601 2501 3666; x_wconf 85' lang='lat' dir='ltr'><strong>student,</strong></span> <span class='ocrx_word' id='word_1_586' title='bbox 2531 3601 2798 3669; x_wconf 81' lang='lat' dir='ltr'><strong>siquidem</strong></span> <span class='ocrx_word' id='word_1_587' title='bbox 2829 3599 2886 3653; x_wconf 90' lang='lat' dir='ltr'><strong>hi</strong></span> <span class='ocrx_word' id='word_1_588' title='bbox 2942 3613 3160 3668; x_wconf 88' lang='lat' dir='ltr'><strong>semper</strong></span> <span class='ocrx_word' id='word_1_589' title='bbox 3189 3598 3429 3652; x_wconf 88' lang='lat' dir='ltr'><strong>homini-</strong></span> 
     </span>
    </p>
   </div>
   <div class='ocr_carea' id='block_1_82' title="bbox 1859 3691 3426 3762">
    <p class='ocr_par' dir='ltr' id='par_1_82' title="bbox 1859 3691 3426 3762">
     <span class='ocr_line' id='line_1_82' title="bbox 1859 3691 3426 3762; baseline -0.005 -15"><span class='ocrx_word' id='word_1_590' title='bbox 1859 3693 1961 3747; x_wconf 88' lang='lat' dir='ltr'><strong>bus</strong></span> <span class='ocrx_word' id='word_1_591' title='bbox 2001 3708 2112 3762; x_wconf 70' lang='lat' dir='ltr'><strong>prae</strong></span> <span class='ocrx_word' id='word_1_592' title='bbox 2160 3692 2272 3747; x_wconf 90' lang='lat' dir='ltr'><strong>Deo</strong></span> <span class='ocrx_word' id='word_1_593' title='bbox 2317 3692 2534 3761; x_wconf 89' lang='lat' dir='ltr'><strong>placere</strong></span> <span class='ocrx_word' id='word_1_594' title='bbox 2570 3694 2781 3758; x_wconf 88' lang='lat' dir='ltr'><strong>volunt;</strong></span> <span class='ocrx_word' id='word_1_595' title='bbox 2816 3703 3050 3761; x_wconf 91' lang='lat' dir='ltr'><strong>quorum</strong></span> <span class='ocrx_word' id='word_1_596' title='bbox 3092 3691 3235 3744; x_wconf 86' lang='lat' dir='ltr'><strong>Deus</strong></span> <span class='ocrx_word' id='word_1_597' title='bbox 3281 3702 3426 3754; x_wconf 79' lang='lat' dir='ltr'><strong>ossa,</strong></span> 
     </span>
    </p>
   </div>
   <div class='ocr_carea' id='block_1_83' title="bbox 1860 3776 3428 3851">
    <p class='ocr_par' dir='ltr' id='par_1_83' title="bbox 1860 3776 3428 3851">
     <span class='ocr_line' id='line_1_83' title="bbox 1860 3776 3428 3851; baseline -0.003 -17"><span class='ocrx_word' id='word_1_598' title='bbox 1860 3781 1913 3835; x_wconf 88' lang='lat' dir='ltr'><strong>id</strong></span> <span class='ocrx_word' id='word_1_599' title='bbox 1939 3791 2024 3836; x_wconf 88' lang='lat' dir='ltr'><strong>est</strong></span> <span class='ocrx_word' id='word_1_600' title='bbox 2073 3781 2269 3846; x_wconf 88' lang='lat' dir='ltr'><strong>tribus,</strong></span> <span class='ocrx_word' id='word_1_601' title='bbox 2309 3779 2588 3849; x_wconf 85' lang='lat' dir='ltr'><strong>dispersit.</strong></span> <span class='ocrx_word' id='word_1_602' title='bbox 2628 3781 2846 3851; x_wconf 77' lang='lat' dir='ltr'><strong>Confusi</strong></span> <span class='ocrx_word' id='word_1_603' title='bbox 2895 3787 3038 3833; x_wconf 80' lang='lat' dir='ltr'><strong>sunt.</strong></span> <span class='ocrx_word' id='word_1_604' title='bbox 3091 3776 3227 3831; x_wconf 83' lang='lat' dir='ltr'><strong>Nam</strong></span> <span class='ocrx_word' id='word_1_605' title='bbox 3265 3791 3428 3845; x_wconf 91' lang='lat' dir='ltr'><strong>quem</strong></span> 
     </span>
    </p>
   </div>
   <div class='ocr_carea' id='block_1_84' title="bbox 1860 3854 3429 3939">
    <p class='ocr_par' dir='ltr' id='par_1_84' title="bbox 1860 3854 3429 3939">
     <span class='ocr_line' id='line_1_84' title="bbox 1860 3854 3429 3939; baseline -0.004 -15"><span class='ocrx_word' id='word_1_606' title='bbox 1860 3879 2134 3924; x_wconf 84' lang='lat' dir='ltr'><strong>mortuum</strong></span> <span class='ocrx_word' id='word_1_607' title='bbox 2165 3868 2477 3939; x_wconf 88' lang='lat' dir='ltr'><strong>appellant,</strong></span> <span class='ocrx_word' id='word_1_608' title='bbox 2521 3871 2590 3924; x_wconf 91' lang='lat' dir='ltr'><strong>ab</strong></span> <span class='ocrx_word' id='word_1_609' title='bbox 2627 3872 2732 3926; x_wconf 92' lang='lat' dir='ltr'><strong>hoe</strong></span> <span class='ocrx_word' id='word_1_610' title='bbox 2775 3870 3120 3924; x_wconf 83' lang='lat' dir='ltr'><strong>infestantur.</strong></span> <span class='ocrx_word' id='word_1_611' title='bbox 3159 3854 3429 3921; x_wconf 65' lang='lat' dir='ltr'><strong>(laterum</strong></span> 
     </span>
    </p>
   </div>
   <div class='ocr_carea' id='block_1_85' title="bbox 1862 3957 3431 4030">
    <p class='ocr_par' dir='ltr' id='par_1_85' title="bbox 1862 3957 3431 4030">
     <span class='ocr_line' id='line_1_85' title="bbox 1862 3957 3431 4030; baseline -0.003 -16"><span class='ocrx_word' id='word_1_612' title='bbox 1862 3962 1978 4015; x_wconf 68' lang='lat' dir='ltr'><strong>haec</strong></span> <span class='ocrx_word' id='word_1_613' title='bbox 2005 3961 2194 4016; x_wconf 87' lang='lat' dir='ltr'><strong>eadem</strong></span> <span class='ocrx_word' id='word_1_614' title='bbox 2231 3975 2446 4029; x_wconf 86' lang='lat' dir='ltr'><strong>quoque</strong></span> <span class='ocrx_word' id='word_1_615' title='bbox 2491 3961 2794 4030; x_wconf 82' lang='lat' dir='ltr'><strong>quibusvis,</strong></span> <span class='ocrx_word' id='word_1_616' title='bbox 2821 3960 2916 4030; x_wconf 89' lang='lat' dir='ltr'><strong>qui</strong></span> <span class='ocrx_word' id='word_1_617' title='bbox 2955 3958 3268 4014; x_wconf 89' lang='lat' dir='ltr'><strong>hominibus</strong></span> <span class='ocrx_word' id='word_1_618' title='bbox 3311 3957 3431 4026; x_wconf 87' lang='lat' dir='ltr'><strong>pla-</strong></span> 
     </span>
    </p>
   </div>
   <div class='ocr_carea' id='block_1_86' title="bbox 1861 4050 3427 4118">
    <p class='ocr_par' dir='ltr' id='par_1_86' title="bbox 1861 4050 3427 4118">
     <span class='ocr_line' id='line_1_86' title="bbox 1861 4050 3427 4118; baseline -0.003 -10"><span class='ocrx_word' id='word_1_619' title='bbox 1861 4063 2005 4117; x_wconf 89' lang='lat' dir='ltr'><strong>cent,</strong></span> <span class='ocrx_word' id='word_1_620' title='bbox 2062 4053 2323 4108; x_wconf 88' lang='lat' dir='ltr'><strong>eveniunt</strong></span> <span class='ocrx_word' id='word_1_621' title='bbox 2362 4073 2375 4108; x_wconf 91' lang='lat'><strong>:</strong></span> <span class='ocrx_word' id='word_1_622' title='bbox 2410 4069 2534 4109; x_wconf 89' lang='lat' dir='ltr'><strong>ossa</strong></span> <span class='ocrx_word' id='word_1_623' title='bbox 2584 4054 2729 4107; x_wconf 90' lang='lat' dir='ltr'><strong>enim</strong></span> <span class='ocrx_word' id='word_1_624' title='bbox 2764 4068 2977 4118; x_wconf 86' lang='lat' dir='ltr'><strong>eorum,</strong></span> <span class='ocrx_word' id='word_1_625' title='bbox 3007 4052 3059 4107; x_wconf 93' lang='lat' dir='ltr'><strong>id</strong></span> <span class='ocrx_word' id='word_1_626' title='bbox 3100 4050 3427 4110; x_wconf 69' lang='lat' dir='ltr'><strong>estdivitiae.</strong></span> 
     </span>
    </p>
   </div>
   <div class='ocr_carea' id='block_1_87' title="bbox 1862 4143 2690 4215">
    <p class='ocr_par' dir='ltr' id='par_1_87' title="bbox 1862 4143 2690 4215">
     <span class='ocr_line' id='line_1_87' title="bbox 1862 4143 2690 4215; baseline -0.002 -17"><span class='ocrx_word' id='word_1_627' title='bbox 1862 4153 1916 4198; x_wconf 86' lang='lat' dir='ltr'><strong>et</strong></span> <span class='ocrx_word' id='word_1_628' title='bbox 1944 4143 2112 4215; x_wconf 88' lang='lat' dir='ltr'><strong>gloria</strong></span> <span class='ocrx_word' id='word_1_629' title='bbox 2134 4158 2165 4197; x_wconf 88' lang='lat' dir='ltr'><strong>a</strong></span> <span class='ocrx_word' id='word_1_630' title='bbox 2190 4143 2302 4197; x_wconf 89' lang='lat' dir='ltr'><strong>Deo</strong></span> <span class='ocrx_word' id='word_1_631' title='bbox 2333 4143 2690 4213; x_wconf 86' lang='lat' dir='ltr'><strong>dissipantur.</strong></span> 
     </span>
    </p>
   </div>
   <div class='ocr_carea' id='block_1_88' title="bbox 1936 4288 3428 4358">
    <p class='ocr_par' dir='ltr' id='par_1_88' title="bbox 1936 4288 3428 4358">
     <span class='ocr_line' id='line_1_88' title="bbox 1936 4288 3428 4358; baseline -0.008 -7"><span class='ocrx_word' id='word_1_632' title='bbox 1936 4294 2048 4351; x_wconf 89' lang='lat' dir='ltr'><strong>Cur</strong></span> <span class='ocrx_word' id='word_1_633' title='bbox 2071 4310 2139 4350; x_wconf 79' lang='lat' dir='ltr'><strong>ex</strong></span> <span class='ocrx_word' id='word_1_634' title='bbox 2183 4294 2337 4358; x_wconf 87' lang='lat' dir='ltr'><strong>Sion,</strong></span> <span class='ocrx_word' id='word_1_635' title='bbox 2361 4302 2417 4348; x_wconf 89' lang='lat' dir='ltr'><strong>et</strong></span> <span class='ocrx_word' id='word_1_636' title='bbox 2456 4308 2565 4348; x_wconf 89' lang='lat' dir='ltr'><strong>non</strong></span> <span class='ocrx_word' id='word_1_637' title='bbox 2604 4309 2634 4347; x_wconf 89' lang='lat' dir='ltr'><strong>a</strong></span> <span class='ocrx_word' id='word_1_638' title='bbox 2672 4293 2832 4356; x_wconf 70' lang='lat' dir='ltr'><strong>cmlo,</strong></span> <span class='ocrx_word' id='word_1_639' title='bbox 2868 4307 2978 4344; x_wconf 86' lang='lat' dir='ltr'><strong>non</strong></span> <span class='ocrx_word' id='word_1_640' title='bbox 3009 4305 3039 4344; x_wconf 91' lang='lat' dir='ltr'><strong>a</strong></span> <span class='ocrx_word' id='word_1_641' title='bbox 3071 4288 3294 4358; x_wconf 87' lang='lat' dir='ltr'><strong>templo,</strong></span> <span class='ocrx_word' id='word_1_642' title='bbox 3321 4301 3428 4340; x_wconf 90' lang='lat' dir='ltr'><strong>non</strong></span> 
     </span>
    </p>
   </div>
   <div class='ocr_carea' id='block_1_89' title="bbox 1863 4381 3432 4454">
    <p class='ocr_par' dir='ltr' id='par_1_89' title="bbox 1863 4381 3432 4454">
     <span class='ocr_line' id='line_1_89' title="bbox 1863 4381 3432 4454; baseline -0.008 -12"><span class='ocrx_word' id='word_1_643' title='bbox 1863 4389 1930 4444; x_wconf 90' lang='lat' dir='ltr'><strong>ab</strong></span> <span class='ocrx_word' id='word_1_644' title='bbox 1957 4403 2100 4450; x_wconf 88' lang='lat' dir='ltr'><strong>arca,</strong></span> <span class='ocrx_word' id='word_1_645' title='bbox 2149 4401 2258 4439; x_wconf 92' lang='lat' dir='ltr'><strong>non</strong></span> <span class='ocrx_word' id='word_1_646' title='bbox 2291 4401 2322 4439; x_wconf 90' lang='lat' dir='ltr'><strong>a</strong></span> <span class='ocrx_word' id='word_1_647' title='bbox 2359 4382 2562 4439; x_wconf 86' lang='lat' dir='ltr'><strong>sanctis</strong></span> <span class='ocrx_word' id='word_1_648' title='bbox 2597 4385 2862 4454; x_wconf 89' lang='lat' dir='ltr'><strong>propheta</strong></span> <span class='ocrx_word' id='word_1_649' title='bbox 2902 4383 3135 4437; x_wconf 84' lang='lat' dir='ltr'><strong>salutare</strong></span> <span class='ocrx_word' id='word_1_650' title='bbox 3173 4381 3432 4448; x_wconf 87' lang='lat' dir='ltr'><strong>depreca-</strong></span> 
     </span>
    </p>
   </div>
   <div class='ocr_carea' id='block_1_90' title="bbox 189 4471 1757 4575">
    <p class='ocr_par' dir='ltr' id='par_1_90' title="bbox 189 4481 1755 4570">
     <span class='ocr_line' id='line_1_90' title="bbox 189 4481 1755 4570; baseline 0.004 -34"><span class='ocrx_word' id='word_1_651' title='bbox 189 4483 299 4536; x_wconf 85' lang='grc' dir='ltr'><strong>τῶν</strong></span> <span class='ocrx_word' id='word_1_652' title='bbox 331 4481 498 4548; x_wconf 83' lang='grc' dir='ltr'><strong>ἁγίων</strong></span> <span class='ocrx_word' id='word_1_653' title='bbox 517 4483 544 4533; x_wconf 88' lang='grc' dir='ltr'>ὁ</span> <span class='ocrx_word' id='word_1_654' title='bbox 564 4482 855 4570; x_wconf 77' lang='grc' dir='ltr'><strong>Προφήτης</strong></span> <span class='ocrx_word' id='word_1_655' title='bbox 871 4485 931 4536; x_wconf 86' lang='grc' dir='ltr'><strong>τὸ</strong></span> <span class='ocrx_word' id='word_1_656' title='bbox 947 4488 1210 4556; x_wconf 82' lang='grc' dir='ltr'><strong>σωτήριον</strong></span> <span class='ocrx_word' id='word_1_657' title='bbox 1238 4486 1456 4558; x_wconf 78' lang='grc' dir='ltr'><strong>εῦχεται</strong></span> <span class='ocrx_word' id='word_1_658' title='bbox 1480 4505 1497 4556; x_wconf 83' lang='grc'>;</span> <span class='ocrx_word' id='word_1_659' title='bbox 1538 4489 1755 4558; x_wconf 78' lang='grc' dir='ltr'><strong>Ἐπειδὴ</strong></span> 
     </span>
    </p>
   </div>
   <div class='ocr_carea' id='block_1_91' title="bbox 1859 4471 3434 4575">
    <p class='ocr_par' dir='ltr' id='par_1_91' title="bbox 1867 4471 3434 4544">
     <span class='ocr_line' id='line_1_91' title="bbox 1867 4471 3434 4544; baseline -0.008 -11"><span class='ocrx_word' id='word_1_660' title='bbox 1867 4480 1989 4534; x_wconf 85' lang='lat' dir='ltr'><strong>tur?</strong></span> <span class='ocrx_word' id='word_1_661' title='bbox 2026 4478 2163 4544; x_wconf 86' lang='lat' dir='ltr'><strong>Quia</strong></span> <span class='ocrx_word' id='word_1_662' title='bbox 2203 4477 2460 4530; x_wconf 89' lang='lat' dir='ltr'><strong>nimirum</strong></span> <span class='ocrx_word' id='word_1_663' title='bbox 2503 4475 2611 4529; x_wconf 91' lang='lat' dir='ltr'><strong>illic</strong></span> <span class='ocrx_word' id='word_1_664' title='bbox 2652 4477 2932 4543; x_wconf 84' lang='lat' dir='ltr'><strong>antiquam</strong></span> <span class='ocrx_word' id='word_1_665' title='bbox 2980 4472 3139 4526; x_wconf 89' lang='lat' dir='ltr'><strong>nobis</strong></span> <span class='ocrx_word' id='word_1_666' title='bbox 3181 4471 3434 4525; x_wconf 87' lang='lat' dir='ltr'><strong>Christus</strong></span> 
     </span>
    </p>
   </div>
   <div class='ocr_carea' id='block_1_92' title="bbox 191 4563 1749 4650">
    <p class='ocr_par' dir='ltr' id='par_1_92' title="bbox 191 4563 1749 4650">
     <span class='ocr_line' id='line_1_92' title="bbox 191 4563 1749 4650; baseline 0.004 -23"><span class='ocrx_word' id='word_1_667' title='bbox 191 4575 310 4627; x_wconf 82' lang='grc' dir='ltr'><strong>ἐκεῖ</strong></span> <span class='ocrx_word' id='word_1_668' title='bbox 333 4575 462 4642; x_wconf 75' lang='grc' dir='ltr'><strong>ἡμῖν</strong></span> <span class='ocrx_word' id='word_1_669' title='bbox 478 4573 755 4625; x_wconf 85' lang='grc' dir='ltr'><strong>ἀπέδωσεν</strong></span> <span class='ocrx_word' id='word_1_670' title='bbox 779 4563 814 4627; x_wconf 69' lang='grc' dir='ltr'><strong>δ’</strong></span> <span class='ocrx_word' id='word_1_671' title='bbox 832 4575 1065 4646; x_wconf 86' lang='grc' dir='ltr'><strong>Χριστὸς</strong></span> <span class='ocrx_word' id='word_1_672' title='bbox 1094 4577 1154 4630; x_wconf 91' lang='grc' dir='ltr'><strong>τὸ</strong></span> <span class='ocrx_word' id='word_1_673' title='bbox 1182 4579 1406 4648; x_wconf 82' lang='grc' dir='ltr'><strong>ἀρχαῖον</strong></span> <span class='ocrx_word' id='word_1_674' title='bbox 1429 4579 1749 4650; x_wconf 79' lang='grc' dir='ltr'><strong>ἐμφύσημα.</strong></span> 
     </span>
    </p>
   </div>
   <div class='ocr_carea' id='block_1_93' title="bbox 191 4662 1758 4735">
    <p class='ocr_par' dir='ltr' id='par_1_93' title="bbox 191 4662 1758 4735">
     <span class='ocr_line' id='line_1_93' title="bbox 191 4662 1758 4735; baseline 0.003 -18"><span class='ocrx_word' id='word_1_675' title='bbox 191 4667 372 4733; x_wconf 84' lang='grc' dir='ltr'><strong>Ὅπερ</strong></span> <span class='ocrx_word' id='word_1_676' title='bbox 425 4662 585 4730; x_wconf 84' lang='grc' dir='ltr'><strong>δῆλον</strong></span> <span class='ocrx_word' id='word_1_677' title='bbox 619 4662 900 4733; x_wconf 84' lang='grc' dir='ltr'><strong>ἐπήγαγεν</strong></span> <span class='ocrx_word' id='word_1_678' title='bbox 929 4682 943 4696; x_wconf 90' lang='grc'>·</span> <span class='ocrx_word' id='word_1_679' title='bbox 984 4666 1086 4720; x_wconf 83' lang='grc' dir='ltr'><strong>Ἐν</strong></span> <span class='ocrx_word' id='word_1_680' title='bbox 1118 4665 1196 4730; x_wconf 87' lang='grc' dir='ltr'><strong>τῷ</strong></span> <span class='ocrx_word' id='word_1_681' title='bbox 1241 4667 1597 4735; x_wconf 79' lang='grc' dir='ltr'><strong>ἐπιστρέψαι</strong></span> <span class='ocrx_word' id='word_1_682' title='bbox 1640 4669 1758 4721; x_wconf 76' lang='grc' dir='ltr'><strong>Κύ-</strong></span> 
     </span>
    </p>
   </div>
   <div class='ocr_carea' id='block_1_94' title="bbox 182 4773 343 4825">
    <p class='ocr_par' dir='ltr' id='par_1_94' title="bbox 182 4773 343 4825">
     <span class='ocr_line' id='line_1_94' title="bbox 182 4773 343 4825; baseline 0.006 -15"><span class='ocrx_word' id='word_1_683' title='bbox 182 4773 343 4825; x_wconf 80' lang='grc' dir='ltr'><strong>ριον.</strong></span> 
     </span>
    </p>
   </div>
   <div class='ocr_carea' id='block_1_95' title="bbox 275 4843 1762 4920">
    <p class='ocr_par' dir='ltr' id='par_1_95' title="bbox 275 4843 1762 4920">
     <span class='ocr_line' id='line_1_95' title="bbox 275 4843 1762 4920; baseline -0.001 -19"><span class='ocrx_word' id='word_1_684' title='bbox 275 4850 722 4920; x_wconf 82' lang='grc' dir='ltr'><strong>ᾘχμαλὼτευσεν</strong></span> <span class='ocrx_word' id='word_1_685' title='bbox 758 4847 866 4917; x_wconf 76' lang='grc' dir='ltr'><strong>γὰρ</strong></span> <span class='ocrx_word' id='word_1_686' title='bbox 911 4846 1068 4916; x_wconf 83' lang='grc' dir='ltr'><strong>ήμῶν</strong></span> <span class='ocrx_word' id='word_1_687' title='bbox 1111 4849 1138 4900; x_wconf 86' lang='grc' dir='ltr'>ὁ</span> <span class='ocrx_word' id='word_1_688' title='bbox 1169 4847 1409 4908; x_wconf 80' lang='grc' dir='ltr'><strong>Σατανᾶς</strong></span> <span class='ocrx_word' id='word_1_689' title='bbox 1434 4846 1500 4898; x_wconf 83' lang='grc' dir='ltr'><strong>δι’</strong></span> <span class='ocrx_word' id='word_1_690' title='bbox 1542 4843 1762 4912; x_wconf 78' lang='grc' dir='ltr'><strong>ἀπάτης</strong></span> 
     </span>
    </p>
   </div>
   <div class='ocr_carea' id='block_1_96' title="bbox 191 4937 1762 5010">
    <p class='ocr_par' dir='ltr' id='par_1_96' title="bbox 191 4937 1762 5010">
     <span class='ocr_line' id='line_1_96' title="bbox 191 4937 1762 5010; baseline -0.004 -17"><span class='ocrx_word' id='word_1_691' title='bbox 191 4941 290 5010; x_wconf 82' lang='grc' dir='ltr'><strong>τὴν</strong></span> <span class='ocrx_word' id='word_1_692' title='bbox 321 4941 604 4996; x_wconf 87' lang='grc' dir='ltr'><strong>κοινωνίαν</strong></span> <span class='ocrx_word' id='word_1_693' title='bbox 635 4940 727 4993; x_wconf 87' lang='grc' dir='ltr'><strong>τοῦ</strong></span> <span class='ocrx_word' id='word_1_694' title='bbox 760 4937 1077 5009; x_wconf 87' lang='grc' dir='ltr'><strong>Πνεύματος</strong></span> <span class='ocrx_word' id='word_1_695' title='bbox 1110 4953 1123 4967; x_wconf 74' lang='grc' dir='ltr'>ο</span> <span class='ocrx_word' id='word_1_696' title='bbox 1148 4937 1264 4990; x_wconf 84' lang='grc' dir='ltr'>ἀλλ’</span> <span class='ocrx_word' id='word_1_697' title='bbox 1293 4938 1321 4989; x_wconf 86' lang='grc' dir='ltr'>ὁ</span> <span class='ocrx_word' id='word_1_698' title='bbox 1340 4937 1575 5005; x_wconf 86' lang='grc' dir='ltr'><strong>Χριστὸς</strong></span> <span class='ocrx_word' id='word_1_699' title='bbox 1593 4937 1762 5006; x_wconf 76' lang='grc' dir='ltr'><strong>αὐτὴν</strong></span> 
     </span>
    </p>
   </div>
   <div class='ocr_carea' id='block_1_97' title="bbox 191 5027 1764 5102">
    <p class='ocr_par' dir='ltr' id='par_1_97' title="bbox 191 5027 1764 5102">
     <span class='ocr_line' id='line_1_97' title="bbox 191 5027 1764 5102; baseline -0.005 -18"><span class='ocrx_word' id='word_1_700' title='bbox 191 5035 251 5084; x_wconf 85' lang='grc' dir='ltr'><strong>ἐν</strong></span> <span class='ocrx_word' id='word_1_701' title='bbox 277 5035 342 5102; x_wconf 85' lang='grc' dir='ltr'><strong>τῇ</strong></span> <span class='ocrx_word' id='word_1_702' title='bbox 369 5032 507 5084; x_wconf 80' lang='grc' dir='ltr'><strong>Σιὼν</strong></span> <span class='ocrx_word' id='word_1_703' title='bbox 539 5031 784 5084; x_wconf 80' lang='grc' dir='ltr'><strong>ἀπέδωκε</strong></span> <span class='ocrx_word' id='word_1_704' title='bbox 813 5029 903 5081; x_wconf 76' lang='grc' dir='ltr'><strong>διὰ</strong></span> <span class='ocrx_word' id='word_1_705' title='bbox 923 5029 1016 5080; x_wconf 92' lang='grc' dir='ltr'><strong>τοῦ</strong></span> <span class='ocrx_word' id='word_1_706' title='bbox 1051 5028 1158 5080; x_wconf 81' lang='grc' dir='ltr'><strong>τῶν</strong></span> <span class='ocrx_word' id='word_1_707' title='bbox 1189 5027 1497 5079; x_wconf 78' lang='grc' dir='ltr'><strong>ἀποστόλων</strong></span> <span class='ocrx_word' id='word_1_708' title='bbox 1519 5027 1764 5094; x_wconf 80' lang='grc' dir='ltr'><strong>ἐμφυσή-</strong></span> 
     </span>
    </p>
   </div>
   <div class='ocr_carea' id='block_1_98' title="bbox 197 5117 1759 5193">
    <p class='ocr_par' dir='ltr' id='par_1_98' title="bbox 197 5117 1759 5193">
     <span class='ocr_line' id='line_1_98' title="bbox 197 5117 1759 5193; baseline -0.007 -18"><span class='ocrx_word' id='word_1_709' title='bbox 197 5141 386 5193; x_wconf 86' lang='grc' dir='ltr'><strong>ματος.</strong></span> <span class='ocrx_word' id='word_1_710' title='bbox 428 5124 526 5175; x_wconf 77' lang='grc' dir='ltr'><strong>Διά</strong></span> <span class='ocrx_word' id='word_1_711' title='bbox 561 5124 614 5175; x_wconf 89' lang='grc' dir='ltr'><strong>τί</strong></span> <span class='ocrx_word' id='word_1_712' title='bbox 659 5122 715 5174; x_wconf 86' lang='grc' dir='ltr'><strong>δὲ</strong></span> <span class='ocrx_word' id='word_1_713' title='bbox 760 5120 955 5174; x_wconf 87' lang='grc' dir='ltr'><strong>Ἰακὼϐ</strong></span> <span class='ocrx_word' id='word_1_714' title='bbox 984 5159 999 5181; x_wconf 92' lang='grc'><strong>,</strong></span> <span class='ocrx_word' id='word_1_715' title='bbox 1039 5119 1427 5186; x_wconf 82' lang='grc' dir='ltr'><strong>ἀγαλλιάσεται</strong></span> <span class='ocrx_word' id='word_1_716' title='bbox 1473 5117 1759 5187; x_wconf 73' lang='grc' dir='ltr'><strong>πρότερον,</strong></span> 
     </span>
    </p>
   </div>
   <div class='ocr_carea' id='block_1_99' title="bbox 195 5206 1760 5287">
    <p class='ocr_par' dir='ltr' id='par_1_99' title="bbox 195 5206 1760 5287">
     <span class='ocr_line' id='line_1_99' title="bbox 195 5206 1760 5287; baseline -0.005 -22"><span class='ocrx_word' id='word_1_717' title='bbox 195 5213 294 5266; x_wconf 76' lang='grc' dir='ltr'><strong>καὶ</strong></span> <span class='ocrx_word' id='word_1_718' title='bbox 316 5215 436 5266; x_wconf 86' lang='grc' dir='ltr'><strong>τότε</strong></span> <span class='ocrx_word' id='word_1_719' title='bbox 471 5213 686 5284; x_wconf 84' lang='grc' dir='ltr'><strong>Ἰσραήλ</strong></span> <span class='ocrx_word' id='word_1_720' title='bbox 718 5210 1174 5281; x_wconf 79' lang='grc' dir='ltr'><strong>εὐφρανθήσεται,</strong></span> <span class='ocrx_word' id='word_1_721' title='bbox 1208 5209 1324 5270; x_wconf 84' lang='grc' dir='ltr'><strong>ἐνὸς</strong></span> <span class='ocrx_word' id='word_1_722' title='bbox 1344 5208 1536 5287; x_wconf 59' lang='grc' dir='ltr'><strong>δντοςς</strong></span> <span class='ocrx_word' id='word_1_723' title='bbox 1576 5206 1760 5257; x_wconf 49' lang='grc' dir='ltr'><strong>Ἐπει.</strong></span> 
     </span>
    </p>
   </div>
   <div class='ocr_carea' id='block_1_100' title="bbox 193 5291 1759 5372">
    <p class='ocr_par' dir='ltr' id='par_1_100' title="bbox 193 5291 1759 5372">
     <span class='ocr_line' id='line_1_100' title="bbox 193 5291 1759 5372; baseline -0.009 -16"><span class='ocrx_word' id='word_1_724' title='bbox 193 5302 260 5372; x_wconf 80' lang='grc' dir='ltr'><strong>δὴ</strong></span> <span class='ocrx_word' id='word_1_725' title='bbox 319 5301 512 5356; x_wconf 86' lang='grc' dir='ltr'><strong>Ἰακὼϐ</strong></span> <span class='ocrx_word' id='word_1_726' title='bbox 560 5300 924 5368; x_wconf 72' lang='grc' dir='ltr'><strong>πτερνιστῆς</strong></span> <span class='ocrx_word' id='word_1_727' title='bbox 985 5296 1382 5367; x_wconf 83' lang='grc' dir='ltr'><strong>ἑρμηνεύεται,</strong></span> <span class='ocrx_word' id='word_1_728' title='bbox 1433 5292 1667 5364; x_wconf 77' lang='grc' dir='ltr'><strong>Ἰσραὴλ.</strong></span> <span class='ocrx_word' id='word_1_729' title='bbox 1701 5291 1759 5344; x_wconf 77' lang='grc' dir='ltr'><strong>δὲ</strong></span> 
     </span>
    </p>
   </div>
   <div class='ocr_carea' id='block_1_101' title="bbox 192 5381 1758 5461">
    <p class='ocr_par' dir='ltr' id='par_1_101' title="bbox 192 5381 1758 5461">
     <span class='ocr_line' id='line_1_101' title="bbox 192 5381 1758 5461; baseline -0.008 -15"><span class='ocrx_word' id='word_1_730' title='bbox 192 5393 344 5458; x_wconf 76' lang='grc' dir='ltr'><strong>νοῦς</strong></span> <span class='ocrx_word' id='word_1_731' title='bbox 371 5392 524 5461; x_wconf 81' lang='grc' dir='ltr'><strong>ὀρῶν</strong></span> <span class='ocrx_word' id='word_1_732' title='bbox 553 5394 718 5445; x_wconf 82' lang='grc' dir='ltr'><strong>Θεόν.</strong></span> <span class='ocrx_word' id='word_1_733' title='bbox 750 5390 1041 5461; x_wconf 76' lang='grc' dir='ltr'><strong>Χρῄζομεν</strong></span> <span class='ocrx_word' id='word_1_734' title='bbox 1079 5390 1135 5442; x_wconf 82' lang='grc' dir='ltr'><strong>δὲ</strong></span> <span class='ocrx_word' id='word_1_735' title='bbox 1164 5386 1482 5455; x_wconf 73' lang='grc' dir='ltr'><strong>πτερνισταὶ</strong></span> <span class='ocrx_word' id='word_1_736' title='bbox 1504 5381 1758 5454; x_wconf 78' lang='grc' dir='ltr'><strong>γενέσθαι</strong></span> 
     </span>
    </p>
   </div>
   <div class='ocr_carea' id='block_1_102' title="bbox 198 5474 1765 5554">
    <p class='ocr_par' dir='ltr' id='par_1_102' title="bbox 198 5474 1765 5554">
     <span class='ocr_line' id='line_1_102' title="bbox 198 5474 1765 5554; baseline -0.009 -16"><span class='ocrx_word' id='word_1_737' title='bbox 198 5486 463 5554; x_wconf 86' lang='grc' dir='ltr'><strong>πρότερον</strong></span> <span class='ocrx_word' id='word_1_738' title='bbox 487 5524 502 5546; x_wconf 87' lang='grc'><strong>,</strong></span> <span class='ocrx_word' id='word_1_739' title='bbox 533 5484 781 5536; x_wconf 82' lang='grc' dir='ltr'><strong>τουτέστι</strong></span> <span class='ocrx_word' id='word_1_740' title='bbox 809 5481 1053 5533; x_wconf 85' lang='grc' dir='ltr'><strong>διαϐόλου</strong></span> <span class='ocrx_word' id='word_1_741' title='bbox 1077 5519 1091 5543; x_wconf 92' lang='grc'><strong>,</strong></span> <span class='ocrx_word' id='word_1_742' title='bbox 1123 5481 1215 5532; x_wconf 66' lang='grc' dir='ltr'><strong>καὶ</strong></span> <span class='ocrx_word' id='word_1_743' title='bbox 1265 5479 1386 5530; x_wconf 87' lang='grc' dir='ltr'><strong>τότε</strong></span> <span class='ocrx_word' id='word_1_744' title='bbox 1440 5479 1471 5546; x_wconf 77' lang='grc' dir='ltr'>ἡ</span> <span class='ocrx_word' id='word_1_745' title='bbox 1483 5478 1597 5546; x_wconf 82' lang='grc' dir='ltr'><strong>μῶν</strong></span> <span class='ocrx_word' id='word_1_746' title='bbox 1630 5477 1658 5527; x_wconf 84' lang='grc' dir='ltr'><strong>ὁ</strong></span> <span class='ocrx_word' id='word_1_747' title='bbox 1686 5474 1765 5525; x_wconf 89' lang='grc' dir='ltr'><strong>δι-</strong></span> 
     </span>
    </p>
   </div>
   <div class='ocr_carea' id='block_1_103' title="bbox 196 5563 1762 5644">
    <p class='ocr_par' dir='ltr' id='par_1_103' title="bbox 196 5563 1762 5644">
     <span class='ocr_line' id='line_1_103' title="bbox 196 5563 1762 5644; baseline -0.009 -17"><span class='ocrx_word' id='word_1_748' title='bbox 196 5574 470 5644; x_wconf 82' lang='grc' dir='ltr'><strong>ωρατικὸς</strong></span> <span class='ocrx_word' id='word_1_749' title='bbox 500 5573 624 5636; x_wconf 81' lang='grc' dir='ltr'><strong>νοῦς</strong></span> <span class='ocrx_word' id='word_1_750' title='bbox 642 5574 708 5642; x_wconf 80' lang='grc' dir='ltr'><strong>τῇ</strong></span> <span class='ocrx_word' id='word_1_751' title='bbox 739 5570 881 5625; x_wconf 76' lang='grc' dir='ltr'><strong>κατὰ</strong></span> <span class='ocrx_word' id='word_1_752' title='bbox 897 5570 995 5640; x_wconf 82' lang='grc' dir='ltr'><strong>τὴν</strong></span> <span class='ocrx_word' id='word_1_753' title='bbox 1020 5570 1250 5637; x_wconf 83' lang='grc' dir='ltr'><strong>δύναμιν</strong></span> <span class='ocrx_word' id='word_1_754' title='bbox 1273 5566 1365 5619; x_wconf 85' lang='grc' dir='ltr'><strong>τοῦ</strong></span> <span class='ocrx_word' id='word_1_755' title='bbox 1395 5565 1530 5619; x_wconf 83' lang='grc' dir='ltr'><strong>Θεοῦ</strong></span> <span class='ocrx_word' id='word_1_756' title='bbox 1561 5563 1762 5634; x_wconf 72' lang='grc' dir='ltr'><strong>θεωρίᾳ</strong></span> 
     </span>
    </p>
   </div>
   <div class='ocr_carea' id='block_1_104' title="bbox 198 5665 568 5734">
    <p class='ocr_par' dir='ltr' id='par_1_104' title="bbox 198 5665 568 5734">
     <span class='ocr_line' id='line_1_104' title="bbox 198 5665 568 5734; baseline 0 -18"><span class='ocrx_word' id='word_1_757' title='bbox 198 5667 294 5731; x_wconf 59' lang='lat' dir='ltr'><strong>ex};</strong></span> <span class='ocrx_word' id='word_1_758' title='bbox 309 5665 568 5734; x_wconf 82' lang='grc' dir='ltr'><strong>ραίνεται.</strong></span> 
     </span>
    </p>
   </div>
   <div class='ocr_carea' id='block_1_105' title="bbox 272 5773 1242 5847">
    <p class='ocr_par' dir='ltr' id='par_1_105' title="bbox 272 5773 1242 5847">
     <span class='ocr_line' id='line_1_105' title="bbox 272 5773 1242 5847; baseline -0.011 -12"><span class='ocrx_word' id='word_1_759' title='bbox 272 5785 312 5812; x_wconf 75' lang='grc' dir='ltr'><strong>’τ</strong></span> <span class='ocrx_word' id='word_1_760' title='bbox 344 5782 494 5835; x_wconf 82' lang='lat' dir='ltr'><strong>.loan.</strong></span> <span class='ocrx_word' id='word_1_761' title='bbox 527 5798 599 5847; x_wconf 70' lang='grc' dir='ltr'><strong>χι,</strong></span> <span class='ocrx_word' id='word_1_762' title='bbox 633 5781 698 5833; x_wconf 65' lang='lat' dir='ltr'><strong>l8</strong></span> <span class='ocrx_word' id='word_1_763' title='bbox 798 5779 839 5808; x_wconf 77' lang='grc'><strong>²¹²</strong></span> <span class='ocrx_word' id='word_1_764' title='bbox 866 5777 1016 5832; x_wconf 75' lang='lat' dir='ltr'><strong>.lean.</strong></span> <span class='ocrx_word' id='word_1_765' title='bbox 1046 5791 1130 5837; x_wconf 77' lang='lat' dir='ltr'><strong>xx,</strong></span> <span class='ocrx_word' id='word_1_766' title='bbox 1160 5773 1242 5825; x_wconf 32' lang='grc' dir='ltr'><strong>ἓξ..</strong></span> 
     </span>
    </p>
   </div>
   <div class='ocr_carea' id='block_1_106' title="bbox 1861 4558 3434 4639">
    <p class='ocr_par' dir='ltr' id='par_1_106' title="bbox 1861 4558 3434 4639">
     <span class='ocr_line' id='line_1_106' title="bbox 1861 4558 3434 4639; baseline -0.009 -15"><span class='ocrx_word' id='word_1_767' title='bbox 1861 4569 2270 4639; x_wconf 84' lang='lat' dir='ltr'><strong>inSpirationem</strong></span> <span class='ocrx_word' id='word_1_768' title='bbox 2297 4565 2539 4621; x_wconf 85' lang='lat' dir='ltr'><strong>tradidit.</strong></span> <span class='ocrx_word' id='word_1_769' title='bbox 2561 4565 2713 4630; x_wconf 83' lang='lat' dir='ltr'><strong>Quod</strong></span> <span class='ocrx_word' id='word_1_770' title='bbox 2743 4565 2932 4633; x_wconf 88' lang='lat' dir='ltr'><strong>utique</strong></span> <span class='ocrx_word' id='word_1_771' title='bbox 2954 4561 3237 4632; x_wconf 73' lang='lat' dir='ltr'><strong>subiunxit</strong></span> <span class='ocrx_word' id='word_1_772' title='bbox 3262 4578 3276 4615; x_wconf 90' lang='lat'><strong>:</strong></span> <span class='ocrx_word' id='word_1_773' title='bbox 3302 4558 3434 4616; x_wconf 84' lang='lat' dir='ltr'><strong>Cum</strong></span> 
     </span>
    </p>
   </div>
   <div class='ocr_carea' id='block_1_107' title="bbox 1863 4657 2473 4714">
    <p class='ocr_par' dir='ltr' id='par_1_107' title="bbox 1863 4657 2473 4714">
     <span class='ocr_line' id='line_1_107' title="bbox 1863 4657 2473 4714; baseline -0.007 0"><span class='ocrx_word' id='word_1_774' title='bbox 1863 4660 2167 4714; x_wconf 83' lang='lat' dir='ltr'><strong>converterit</strong></span> <span class='ocrx_word' id='word_1_775' title='bbox 2200 4657 2473 4711; x_wconf 77' lang='lat' dir='ltr'><strong>Dominus.</strong></span> 
     </span>
    </p>
   </div>
   <div class='ocr_carea' id='block_1_108' title="bbox 1930 4826 3436 4897">
    <p class='ocr_par' dir='ltr' id='par_1_108' title="bbox 1930 4826 3436 4897">
     <span class='ocr_line' id='line_1_108' title="bbox 1930 4826 3436 4897; baseline -0.005 -10"><span class='ocrx_word' id='word_1_776' title='bbox 1930 4833 2158 4887; x_wconf 87' lang='lat' dir='ltr'><strong>Satanas</strong></span> <span class='ocrx_word' id='word_1_777' title='bbox 2199 4829 2456 4884; x_wconf 89' lang='lat' dir='ltr'><strong>nimirum</strong></span> <span class='ocrx_word' id='word_1_778' title='bbox 2493 4843 2590 4897; x_wconf 89' lang='lat' dir='ltr'><strong>per</strong></span> <span class='ocrx_word' id='word_1_779' title='bbox 2640 4827 3018 4896; x_wconf 90' lang='lat' dir='ltr'><strong>deceptionem</strong></span> <span class='ocrx_word' id='word_1_780' title='bbox 3065 4826 3436 4894; x_wconf 84' lang='lat' dir='ltr'><strong>captivaverat</strong></span> 
     </span>
    </p>
   </div>
   <div class='ocr_carea' id='block_1_109' title="bbox 1863 4917 3435 4992">
    <p class='ocr_par' dir='ltr' id='par_1_109' title="bbox 1863 4917 3435 4992">
     <span class='ocr_line' id='line_1_109' title="bbox 1863 4917 3435 4992; baseline -0.006 -14"><span class='ocrx_word' id='word_1_781' title='bbox 1863 4933 2103 4979; x_wconf 89' lang='lat' dir='ltr'><strong>nostram</strong></span> <span class='ocrx_word' id='word_1_782' title='bbox 2131 4922 2366 4992; x_wconf 90' lang='lat' dir='ltr'><strong>Spiritus</strong></span> <span class='ocrx_word' id='word_1_783' title='bbox 2387 4920 2890 4990; x_wconf 85' lang='lat' dir='ltr'><strong>participationem;</strong></span> <span class='ocrx_word' id='word_1_784' title='bbox 2921 4918 3016 4972; x_wconf 90' lang='lat' dir='ltr'><strong>sed</strong></span> <span class='ocrx_word' id='word_1_785' title='bbox 3038 4917 3287 4970; x_wconf 70' lang='lat' dir='ltr'><strong>Christus</strong></span> <span class='ocrx_word' id='word_1_786' title='bbox 3315 4932 3435 4969; x_wconf 85' lang='lat' dir='ltr'><strong>eam</strong></span> 
     </span>
    </p>
   </div>
   <div class='ocr_carea' id='block_1_110' title="bbox 1864 5004 3434 5078">
    <p class='ocr_par' dir='ltr' id='par_1_110' title="bbox 1864 5004 3434 5078">
     <span class='ocr_line' id='line_1_110' title="bbox 1864 5004 3434 5078; baseline -0.006 -10"><span class='ocrx_word' id='word_1_787' title='bbox 1864 5016 1918 5068; x_wconf 91' lang='lat' dir='ltr'><strong>in</strong></span> <span class='ocrx_word' id='word_1_788' title='bbox 1984 5014 2114 5068; x_wconf 90' lang='lat' dir='ltr'><strong>Sion</strong></span> <span class='ocrx_word' id='word_1_789' title='bbox 2170 5012 2423 5074; x_wconf 86' lang='lat' dir='ltr'><strong>restituit,</strong></span> <span class='ocrx_word' id='word_1_790' title='bbox 2468 5010 2685 5078; x_wconf 86' lang='lat' dir='ltr'><strong>quando</strong></span> <span class='ocrx_word' id='word_1_791' title='bbox 2739 5008 2998 5077; x_wconf 86' lang='lat' dir='ltr'><strong>apostolis</strong></span> <span class='ocrx_word' id='word_1_792' title='bbox 3032 5005 3326 5060; x_wconf 82' lang='lat' dir='ltr'><strong>insuﬂlavit</strong></span> <span class='ocrx_word' id='word_1_793' title='bbox 3366 5004 3434 5059; x_wconf 75' lang='lat'><strong>”.</strong></span> 
     </span>
    </p>
   </div>
   <div class='ocr_carea' id='block_1_111' title="bbox 1863 5086 3436 5170">
    <p class='ocr_par' dir='ltr' id='par_1_111' title="bbox 1863 5086 3436 5170">
     <span class='ocr_line' id='line_1_111' title="bbox 1863 5086 3436 5170; baseline -0.008 -11"><span class='ocrx_word' id='word_1_794' title='bbox 1863 5105 1973 5159; x_wconf 91' lang='lat' dir='ltr'><strong>Cur</strong></span> <span class='ocrx_word' id='word_1_795' title='bbox 2008 5114 2189 5158; x_wconf 89' lang='lat' dir='ltr'><strong>autem</strong></span> <span class='ocrx_word' id='word_1_796' title='bbox 2223 5103 2388 5157; x_wconf 84' lang='lat' dir='ltr'><strong>Jacob</strong></span> <span class='ocrx_word' id='word_1_797' title='bbox 2414 5102 2566 5170; x_wconf 88' lang='lat' dir='ltr'><strong>prior</strong></span> <span class='ocrx_word' id='word_1_798' title='bbox 2599 5086 2910 5157; x_wconf 77' lang='lat' dir='ltr'><strong>exsultabit.</strong></span> <span class='ocrx_word' id='word_1_799' title='bbox 2946 5113 3011 5151; x_wconf 88' lang='lat' dir='ltr'><strong>ae</strong></span> <span class='ocrx_word' id='word_1_800' title='bbox 3035 5097 3235 5150; x_wconf 88' lang='lat' dir='ltr'><strong>deinde</strong></span> <span class='ocrx_word' id='word_1_801' title='bbox 3273 5095 3436 5148; x_wconf 85' lang='lat' dir='ltr'><strong>Israel</strong></span> 
     </span>
    </p>
   </div>
   <div class='ocr_carea' id='block_1_112' title="bbox 1865 5184 3436 5259">
    <p class='ocr_par' dir='ltr' id='par_1_112' title="bbox 1865 5184 3436 5259">
     <span class='ocr_line' id='line_1_112' title="bbox 1865 5184 3436 5259; baseline -0.008 -11"><span class='ocrx_word' id='word_1_802' title='bbox 1865 5195 2153 5257; x_wconf 69' lang='lat' dir='ltr'><strong>laztabitur,</strong></span> <span class='ocrx_word' id='word_1_803' title='bbox 2208 5209 2333 5247; x_wconf 90' lang='lat' dir='ltr'><strong>eum</strong></span> <span class='ocrx_word' id='word_1_804' title='bbox 2363 5207 2508 5246; x_wconf 92' lang='lat' dir='ltr'><strong>unus</strong></span> <span class='ocrx_word' id='word_1_805' title='bbox 2557 5192 2808 5259; x_wconf 90' lang='lat' dir='ltr'><strong>idemque</strong></span> <span class='ocrx_word' id='word_1_806' title='bbox 2858 5188 2972 5242; x_wconf 86' lang='lat' dir='ltr'><strong>sit?</strong></span> <span class='ocrx_word' id='word_1_807' title='bbox 3009 5185 3146 5250; x_wconf 88' lang='lat' dir='ltr'><strong>Quia</strong></span> <span class='ocrx_word' id='word_1_808' title='bbox 3179 5184 3436 5238; x_wconf 88' lang='lat' dir='ltr'><strong>nimirum</strong></span> 
     </span>
    </p>
   </div>
   <div class='ocr_carea' id='block_1_113' title="bbox 1867 5276 3438 5354">
    <p class='ocr_par' dir='ltr' id='par_1_113' title="bbox 1867 5276 3438 5354">
     <span class='ocr_line' id='line_1_113' title="bbox 1867 5276 3438 5354; baseline -0.009 -14"><span class='ocrx_word' id='word_1_809' title='bbox 1867 5287 2032 5341; x_wconf 86' lang='lat' dir='ltr'><strong>Jacob</strong></span> <span class='ocrx_word' id='word_1_810' title='bbox 2059 5285 2426 5354; x_wconf 78' lang='lat' dir='ltr'><strong>supplantaror</strong></span> <span class='ocrx_word' id='word_1_811' title='bbox 2458 5283 2845 5349; x_wconf 85' lang='lat' dir='ltr'><strong>interpretatur</strong></span> <span class='ocrx_word' id='word_1_812' title='bbox 2869 5319 2883 5340; x_wconf 89' lang='lat'><strong>,</strong></span> <span class='ocrx_word' id='word_1_813' title='bbox 2912 5276 3075 5330; x_wconf 73' lang='lat' dir='ltr'><strong>lsmel</strong></span> <span class='ocrx_word' id='word_1_814' title='bbox 3116 5290 3248 5328; x_wconf 89' lang='lat' dir='ltr'><strong>vero</strong></span> <span class='ocrx_word' id='word_1_815' title='bbox 3294 5289 3438 5326; x_wconf 76' lang='lat' dir='ltr'><strong>mens</strong></span> 
     </span>
    </p>
   </div>
   <div class='ocr_carea' id='block_1_114' title="bbox 1874 5364 3436 5436">
    <p class='ocr_par' dir='ltr' id='par_1_114' title="bbox 1874 5364 3436 5436">
     <span class='ocr_line' id='line_1_114' title="bbox 1874 5364 3436 5436; baseline -0.01 -6"><span class='ocrx_word' id='word_1_816' title='bbox 1874 5377 2060 5430; x_wconf 75' lang='lat' dir='ltr'><strong>videns</strong></span> <span class='ocrx_word' id='word_1_817' title='bbox 2092 5375 2282 5428; x_wconf 83' lang='lat' dir='ltr'><strong>Deum.</strong></span> <span class='ocrx_word' id='word_1_818' title='bbox 2322 5374 2588 5427; x_wconf 89' lang='lat' dir='ltr'><strong>Debemus</strong></span> <span class='ocrx_word' id='word_1_819' title='bbox 2616 5370 2760 5423; x_wconf 88' lang='lat' dir='ltr'><strong>enim</strong></span> <span class='ocrx_word' id='word_1_820' title='bbox 2793 5369 2944 5436; x_wconf 89' lang='lat' dir='ltr'><strong>prius</strong></span> <span class='ocrx_word' id='word_1_821' title='bbox 2981 5367 3093 5419; x_wconf 84' lang='lat' dir='ltr'><strong>ﬁeri</strong></span> <span class='ocrx_word' id='word_1_822' title='bbox 3123 5364 3436 5433; x_wconf 83' lang='lat' dir='ltr'><strong>supplanta-</strong></span> 
     </span>
    </p>
   </div>
   <div class='ocr_carea' id='block_1_115' title="bbox 1875 5453 3438 5526">
    <p class='ocr_par' dir='ltr' id='par_1_115' title="bbox 1875 5453 3438 5526">
     <span class='ocr_line' id='line_1_115' title="bbox 1875 5453 3438 5526; baseline -0.012 -5"><span class='ocrx_word' id='word_1_823' title='bbox 1875 5477 2039 5526; x_wconf 83' lang='lat' dir='ltr'><strong>tores,</strong></span> <span class='ocrx_word' id='word_1_824' title='bbox 2088 5463 2292 5517; x_wconf 90' lang='lat' dir='ltr'><strong>scilicet</strong></span> <span class='ocrx_word' id='word_1_825' title='bbox 2342 5459 2580 5522; x_wconf 81' lang='lat' dir='ltr'><strong>diaboli;</strong></span> <span class='ocrx_word' id='word_1_826' title='bbox 2642 5473 2706 5511; x_wconf 85' lang='lat' dir='ltr'><strong>ac</strong></span> <span class='ocrx_word' id='word_1_827' title='bbox 2769 5465 2898 5511; x_wconf 82' lang='lat' dir='ltr'><strong>tunc</strong></span> <span class='ocrx_word' id='word_1_828' title='bbox 2945 5453 3229 5523; x_wconf 79' lang='lat' dir='ltr'><strong>perspicax</strong></span> <span class='ocrx_word' id='word_1_829' title='bbox 3282 5463 3438 5504; x_wconf 75' lang='lat' dir='ltr'><strong>mons</strong></span> 
     </span>
    </p>
   </div>
   <div class='ocr_carea' id='block_1_116' title="bbox 1873 5541 3441 5624">
    <p class='ocr_par' dir='ltr' id='par_1_116' title="bbox 1873 5541 3441 5624">
     <span class='ocr_line' id='line_1_116' title="bbox 1873 5541 3441 5624; baseline -0.01 -13"><span class='ocrx_word' id='word_1_830' title='bbox 1873 5565 2057 5611; x_wconf 87' lang='lat' dir='ltr'><strong>nostra</strong></span> <span class='ocrx_word' id='word_1_831' title='bbox 2114 5569 2213 5624; x_wconf 92' lang='lat' dir='ltr'><strong>pro</strong></span> <span class='ocrx_word' id='word_1_832' title='bbox 2254 5551 2458 5607; x_wconf 82' lang='lat' dir='ltr'><strong>viribus</strong></span> <span class='ocrx_word' id='word_1_833' title='bbox 2484 5549 2597 5605; x_wconf 87' lang='lat' dir='ltr'><strong>suis</strong></span> <span class='ocrx_word' id='word_1_834' title='bbox 2653 5547 2747 5600; x_wconf 85' lang='lat' dir='ltr'><strong>Dei</strong></span> <span class='ocrx_word' id='word_1_835' title='bbox 2787 5542 3247 5613; x_wconf 84' lang='lat' dir='ltr'><strong>contemplatione</strong></span> <span class='ocrx_word' id='word_1_836' title='bbox 3294 5541 3441 5595; x_wconf 62' lang='lat' dir='ltr'><strong>lacta-</strong></span> 
     </span>
    </p>
   </div>
   <div class='ocr_carea' id='block_1_117' title="bbox 1875 5662 1979 5703">
    <p class='ocr_par' dir='ltr' id='par_1_117' title="bbox 1875 5662 1979 5703">
     <span class='ocr_line' id='line_1_117' title="bbox 1875 5662 1979 5703; baseline 0.01 -1"><span class='ocrx_word' id='word_1_837' title='bbox 1875 5662 1979 5703; x_wconf 83' lang='lat' dir='ltr'><strong>llll‘.</strong></span> 
     </span>
    </p>
   </div>
  </div>
