4156 6452
207 396 342 463 1223

767 517 1061 576 ΨΑΛΜΟΣ
1090 524 1210 580 NA'.

274 620 295 656 ι
327 603 421 669 Εἰς
448 602 509 657 τδ
534 602 725 673 τέλος,
753 608 812 664 ὲν
842 608 1034 681 ὕμνοις
1066 618 1336 684 συνέσεως
1363 619 1440 692 τῷ
1461 624 1641 679 Δαυῖδ.
1676 644 1696 677 ι

263 780 477 836 Σκοποῦ
523 783 619 838 τοῦ
659 784 827 840 αὐτοῦ
874 788 971 843 καὶ
1000 789 1029 842 6
1059 788 1274 862 ψαλμδς
1302 794 1331 847 6
1359 794 1615 866 ἐχόμενος
1654 796 1771 869 ἔχε-

187 888 309 927 ται·
348 873 643 946 διαγράφει
675 877 785 950 γὰρ
813 878 903 933 τὸν
936 882 995 935 ὲν
1028 888 1355 955 πειρασμοῖς
1384 887 1769 960 ἐξεταζόμενον

189 961 481 1031 ἄνθρωπον
501 980 515 995 ’
564 965 755 1036 διόπερ
788 966 982 1038 ὑμνεῖν
1029 971 1168 1041 μετὰ
1199 972 1465 1035 συνέσεως
1490 975 1582 1029 τὸν
1609 975 1769 1029 δυνά-

191 1070 357 1122 μενον
384 1056 748 1127 ἐλευθερῶσαι
783 1061 1107 1131 πειρασμῶν
1136 1062 1548 1131 ἐπαγγέλλεται.
1584 1066 1768 1136 Σαφὴς

185 1147 245 1198 δὲ
290 1149 383 1201 καὶ
428 1150 537 1204 τῶν
564 1153 912 1206 Δεσποτικῶν
960 1155 1148 1209 παθῶν
1190 1158 1224 1227 ή
1261 1159 1568 1228 προφητεία
1603 1160 1767 1230 πρόσ-

184 1253 390 1293 κειται.

263 1347 283 1379 ι
307 1331 656 1395 Ἑνὼτισαι,ό
684 1333 836 1400 Θεὸς,
856 1335 955 1407 τὴν
979 1341 1289 1411 προσευχήν
1314 1358 1444 1409 μου.
1461 1358 1479 1391 ι
1532 1320 1539 1327 ’

257 1419 444 1473 Ταῦτα
471 1423 713 1493 Χριστοῦ
744 1428 1189 1499 προσευξαμένου
1213 1474 1228 1497 ,
1263 1430 1360 1485 καὶ
1402 1432 1561 1502 ἡμεῖς
1592 1448 1761 1503 προσ-

179 1507 490 1579 ευξώμεθα,
521 1514 616 1566 καὶ
642 1514 734 1567 τὸν
752 1518 1030 1589 Δεσπότην
1057 1521 1106 1573 οῑ
1128 1520 1324 1587 δοῦλοι,
1358 1522 1561 1576 καὶτὸν
1595 1524 1760 1577 πλού-

180 1613 301 1652 σιον
329 1604 377 1655 οῖ
410 1606 617 1675 πτωχοὶ
646 1608 1018 1680 μιμησώμεθα
1036 1628 1050 1642 °
1076 1613 1244 1677 αὐτὸς
1282 1614 1381 1686 τὴν
1406 1615 1561 1685 ἡμῶν
1590 1632 1758 1686 προσ-

175 1696 348 1763 ευχὴν
394 1696 812 1769 εῖσακουσθῆναι
842 1701 1127 1770 βούλεται,
1156 1706 1252 1758 καὶ
1286 1705 1360 1777 μὴ
1391 1707 1756 1777 παρωφθῆναι

174 1783 278 1853 τὴν
310 1785 493 1855 δέησιν
523 1788 663 1858 ὑπὲρ
690 1791 790 1862 τῆς
818 1794 1092 1864 σωτηρίας
1117 1795 1208 1848 τοῦ
1240 1796 1431 1864 γένους
1462 1794 1653 1863 οὖσαν,
1678 1798 1754 1862 ὡς

173 1876 401 1948 ἀπαρχὴ
433 1882 715 1951 τυγχάνων
767 1877 843 1938 ὧν
882 1887 1447 1958 πρεσϐεύεται.⁹ομοῦ
1492 1892 1586 1944 καὶ
1629 1891 1749 1944 τίνα

172 1965 258 2020 δεῖ
288 1970 703 2042 προσεύχεσθαι,
730 1977 933 2046 τρόπον
966 1978 1134 2043 δεῖξαι
1161 1981 1506 2050 βουλόμενος,
1526 1984 1750 2038 Ἑνώτι-

171 2074 302 2118 om,
346 2062 499 2129 φησι.
540 2064 636 2117 καὶ
683 2065 768 2131 μὴ
823 2068 1125 2136 ὑπερίδῃς.
1157 2070 1421 2136 Πολλάκις
1452 2074 1561 2145 γὰρ
1593 2075 1749 2146 ἡμῶν

169 2152 273 2219 τὴν
312 2156 618 2225 προσευχὴν
657 2160 918 2224 ἀκούσας,
953 2163 1028 2226 ὡς
1074 2166 1336 2237 περιττὴν
1381 2169 1474 2221 καὶ
1523 2171 1749 2235 ἀναξίαν

169 2241 273 2311 τῆς
304 2244 471 2311 ἀκοῆς
501 2246 688 2313 αὐτοῦ,
720 2252 936 2320 παρορᾷ
962 2253 1057 2306 καὶ
1090 2238 1541 2327 παραπέμπεται.

251 2351 269 2385 ι
293 2334 601 2407 Ἐλυπήθην
631 2340 686 2391 ὲν
710 2343 775 2411 τῇ
807 2341 1089 2415 ἀδολεσχίᾳ
1122 2360 1248 2415 μου.
1272 2364 1291 2397 ›

244 2426 493 2492 Λόγισαι,
520 2430 673 2499 φησι,
705 2431 787 2494 τίς
810 2425 967 2498 οὗτος
992 2435 1020 2488 ὁ
1048 2435 1362 2506 εὐχόμενος,
1390 2439 1472 2493 ὃτι
1495 2439 1624 2505 Υῖὺς
1653 2441 1744 2495 τοῦ

170 2517 718 2586 ΙΙατρὺς,όμοούσιος
781 2522 1066 2591 βασιλεὺς,
1098 2526 1231 2580 ἀλλὰ
1281 2527 1469 2583 δούλου
1530 2534 1745 2603 μορφὴν

169 2609 369 2678 φέρων,
405 2610 493 2663 ἵνα
522 2610 671 2683 σώσῃ
699 2612 761 2666 τὸ
792 2613 1012 2684 πλάσμα
1038 2615 1097 2669 τὸ
1120 2617 1408 2689 ἡμέτερον.

230 2786 570 2856 Ἀδολεσχῑαν
584 2787 674 2842 τὸν
692 2791 747 2842 ὲν
767 2789 967 2860 θεωρία
986 2795 1358 2865 μετεωρισμδν
1384 2795 1549 2865 λέγει,
1565 2798 1624 2851 ὃν
1642 2799 1743 2852 ὑπο

168 2876 386 2945 ἐμεινεν
415 2880 444 2931 6
479 2880 703 2949 Κύριος,
718 2883 786 2935 τὰ
806 2882 1089 2953 καθ’ήμᾶς
1104 2885 1471 2957 λογιζόμενος,
1494 2890 1626 2958 ὲιρᾜ
1649 2893 1743 2945 καὶ

166 2969 513 3039 ἐταράττετο,
545 2974 629 3026 ὅτι
657 2974 909 3028 τοσοῦτον
942 2977 1125 3041 ἁνοὲας
1170 2980 1573 3049 τροεκόιζμαμεν,
1600 2982 1741 3037 ὥστε

167 3062 433 3125 σκελίζειν
451 3063 541 3115 τὸν
562 3064 700 3133 ὑπὲρ
724 3066 879 3135 ἡμῶν
895 3068 1175 3138 τρέχοντα,
1202 3072 1294 3123 καὶ
1316 3072 1405 3124 τὸν
1436 3073 1741 3143 παραγενόο

169 3167 329 3219 μενον
360 3152 770 3217 σῶσαι,τιθέναι
795 3159 1420 3229 προσκόμματα.Ταῦτα
1447 3162 1538 3216 καὶ
1567 3164 1738 3218 Καῖά-
1770 3198 1812 3255 c

165 3259 293 3311 φας,
320 3245 412 3298 καὶ
445 3245 666 3310 Ἰούδας,
691 3248 847 3301 καὶοὶ
878 3251 1130 3321 συνεργοὶ
1161 3252 1545 3323 διεπράττοντο
1564 3298 1579 3321 ,
1612 3258 1740 3328 περὶ

163 3330 241 3387 ὧν
272 3336 410 3389 κατὰ
437 3338 593 3405 λόγον
636 3341 940 3410 ἐπήγαγενο
976 3343 1110 3397 ’Λπὸ
1134 3345 1341 3415 φωνῆς
1364 3348 1600 3417 ἐχθροῦ,
1637 3351 1738 3405 καὶ

163 3426 284 3482 ἀπὸ
312 3428 575 3497 θλίψεως
608 3430 989 3499 ἀμαρτωλοῢο
1025 3434 1215 3504 ἐχθρὸν
1255 3437 1346 3491 τὸν
1376 3440 1630 3509 Καϊάφαν
1654 3441 1741 3496 λέ-

163 3535 300 3585 γων,
327 3518 401 3583 ῶς
450 3519 667 3587 ἀφιέναι
714 3523 899 3593 φωνὴν
940 3526 1079 3579 κατὰ
1125 3527 1216 3581 τοῦ
1262 3530 1514 3600 Σωτῆρος
1562 3534 1619 3585 ὲν
1661 3533 1740 3603 τῷ

164 3611 339 3683 κτιρῷ
365 3611 458 3665 τοῦ
488 3613 771 3684 κριτηρίου
800 3615 1054 3688 τοιαύτην
1078 3620 1470 3691 τετολμηκόταο
1497 3622 1739 3677 Ἐϐλασ-

161 3702 441 3771 φήμησεο
492 3708 545 3757 τι
600 3704 687 3758 ἔτι
736 3704 987 3773 (quite;
1029 3708 1353 3778 ἁμαρτωλὸν
1381 3711 1438 3766 δὲ
1486 3712 1577 3767 τὸν
1608 3716 1738 3769 Ἰού-

163 3793 279 3847 δαν.
318 3794 442 3857 Πῶς
470 3796 575 3866 γὰρ
602 3796 699 3866 οὐχ
729 3797 1052 3868 ἁμαρτωλὸς
1080 3802 1108 3852 ὁ
1131 3802 1417 3870 προδιδοὺς
1457 3806 1548 3859 τὸν
1595 3808 1739 3862 διδά-

166 3886 391 3947 σκαλον;
435 3880 615 3955 ἘιρῚῇ
652 3889 742 3940 καὶ
783 3889 985 3961 σφόδρα
1004 3890 1079 3954 ὡς
1118 3893 1333 3966 μαθητῇ
1378 3897 1470 3949 καὶ
1503 3899 1736 3973 προῖότῃ

164 3974 500 4045 θλιϐόμενος,
531 3977 783 4048 ἐπιφέρει
811 3979 881 4031 τὰ
911 3979 1168 4051 ἐχόμενα.

243 4257 259 4288 ι
289 4237 454 4301 Φόϐος
484 4240 578 4293 καὶ
608 4241 809 4312 τρόμος
839 4237 1002 4314 ἦλθεν
1031 4244 1117 4299 ἐπ’
1144 4245 1264 4316 ὲμέ.
1294 4267 1310 4299 ι

235 4331 404 4385 Τοῦτο
424 4333 533 4386 τῶν
575 4336 631 4386 ἐν
659 4338 986 4405 πειρασμοῖς
1026 4338 1120 4391 καὶ
1164 4338 1405 4409 θλίψεσιν
1448 4343 1613 4409 ἴδιον,
1661 4347 1735 4417 μὴ

166 4422 325 4492 μόνον
362 4423 510 4493 φόϐῳ
538 4424 631 4476 καὶ
656 4424 863 4495 τρόμῳ,
890 4425 1025 4478 ἀλλὰ
1055 4429 1151 4480 καὶ
1180 4427 1357 4499 σκότῳ
1384 4430 1444 4483 τὸ
1474 4433 1613 4485 κατὰ
1635 4432 1736 4503 ψυ-

1274 419 1733 483 FRAGMENTA
1773 422 1853 482 ΙΝ
1897 427 2249 489 PSALMOS.

1805 538 1854 595 Α
2436 537 2759 596 ΡδΑωιιῖδ
2789 537 2918 594 LIV.

3316 432 3453 496 19H

1943 629 2180 686 Vens.i.
2232 648 2249 682 ι
2307 630 2365 684 ln
2418 629 2602 696 linem,
2664 632 2717 685 in
2757 629 3091 686 carminibus
3138 631 3447 690 intellectus

1871 716 2062 774 David.
2096 738 2115 771 ι

1940 808 2187 865 Psalmus
2225 810 2314 866 bic
2341 811 2592 867 eumdem
2616 825 2833 881 quoque
2856 825 3078 879 scopum
3109 810 3273 867 habet
3314 809 3443 865 :de-

1870 900 2056 955 scribit
2074 900 2221 955 enim
2255 902 2532 957 hominem
2575 902 2968 957 tentationibus
3019 903 3385 959 examinatum
3423 919 3439 959 :

1867 1001 2152 1061 propterea
2180 998 2387 1057 monet,
2415 1001 2613 1048 utcum
2645 992 2999 1064 intelligentia
3028 1007 3155 1047 eum
3177 1008 3439 1050 canamus

1866 1081 1967 1149 illi,
2008 1083 2101 1151 qui
2155 1098 2185 1138 a
2225 1084 2621 1139 tentationibus
2649 1084 2877 1138 liberare
2926 1083 3121 1153 possit.
3170 1082 3434 1139 Caeterum

1865 1174 2153 1242 perspicua
2186 1188 2405 1244 quoque
2475 1172 2879 1229 Dominicarum
2936 1171 3251 1244 passionum
3311 1184 3441 1243 pro-

1863 1262 2046 1330 phetia
2077 1263 2419 1333 proponitur.
2736 1316 2741 1320 .

1932 1352 2091 1408 Vens.
2122 1353 2178 1407 2.
2208 1372 2227 1405 ι
2260 1352 2487 1417 Exaudi,
2510 1351 2651 1407 Deus
2679 1391 2695 1419 ,
2717 1353 3020 1409 orationem
3045 1368 3242 1410 meam.
3295 1372 3313 1407 ι

1929 1441 2146 1497 Christo
2162 1442 2280 1498 haec
2308 1451 2499 1498 orante
2527 1459 2630 1500 nos
2654 1447 2863 1517 pariter
2907 1462 3147 1513 oremus,
3179 1457 3235 1503 et
3286 1449 3428 1503 διιτνί

1860 1531 2147 1586 Dominum
2181 1541 2237 1588 et
2263 1534 2485 1591 divitem
2511 1551 2782 1607 pauperes
2812 1537 3092 1591 imitemur
3126 1555 3139 1590 :
3168 1538 3284 1606 ipse
3312 1539 3429 1592 vult

1858 1638 2047 1691 preces
2066 1632 2279 1677 nostras
2306 1626 2575 1691 exaudiri,
2604 1637 2659 1680 et
2682 1626 2904 1679 minime
2922 1626 3129 1695 despici
3160 1627 3426 1695 depreca-

1858 1709 2079 1773 tionem,
2100 1725 2218 1777 quae
2241 1724 2339 1779 pro
2361 1712 2534 1765 salute
2562 1712 2779 1781 generis
2800 1712 3046 1775 exsistat,
3074 1727 3198 1765 cum
3222 1712 3293 1765 sit
3312 1712 3425 1780 pri-

1858 1798 2022 1853 milia:
2041 1798 2256 1852 illorum
2281 1814 2376 1868 pro
2404 1800 2603 1869 quibus
2628 1800 2742 1855 obit
2780 1799 3126 1870 legationem.
3152 1801 3420 1855 Prmterea

1852 1890 2017 1945 etiam
2039 1890 2309 1959 quomodo
2339 1891 2605 1943 orandum
2622 1888 2693 1944 sit
2731 1889 3021 1943 ostendere
3048 1890 3231 1944 volens
3266 1906 3277 1940 :
3310 1890 3421 1941 Au-

1851 1980 2013 2045 ribus,
2039 1979 2233 2049 inquit,
2258 1980 2464 2047 percipe
2484 2018 2498 2043 ,
2531 1989 2577 2032 et
2609 1993 2674 2033 ne
2720 1979 3037 2048 despexeris.
3086 1978 3423 2048 Frequenter

1848 2070 1991 2125 enim
2026 2079 2268 2124 nostram
2312 2069 2616 2124 orationem
2670 2069 2922 2133 audiens,
2976 2078 3232 2136 tanquam
3297 2069 3422 2122 nul-

1847 2162 1952 2217 lius
1979 2162 2136 2233 pretii
2165 2171 2221 2217 et
2276 2161 2461 2217 auditu
2515 2175 2617 2216 suo
2644 2160 2944 2232 indignam.
3002 2162 3240 2233 despicit
3287 2160 3418 2227 reji-

1847 2254 2049 2324 citque.

1917 2344 2075 2400 Vens.
2096 2346 2149 2400 5.
2175 2364 2195 2397 ι
2222 2344 2587 2401 Contristatus
2605 2359 2724 2399 sum
2746 2342 2799 2397 in
2826 2342 3221 2399 exercitatione
3240 2357 3378 2398 mea.
3396 2363 3413 2395 ο

1919 2432 2196 2502 Expende,
2232 2431 2428 2501 inquit,
2456 2431 2706 2501 quisnam
2738 2431 2872 2487 sitis
2900 2431 2993 2502 qui
3049 2441 3188 2497 orat,
3212 2432 3421 2487 scilicet

1846 2520 2011 2577 Filius
2034 2521 2227 2587 Patris,
2249 2523 2492 2594 ejusdem
2511 2538 2637 2578 cum
2688 2522 2805 2593 ipso
2820 2524 3138 2579 substantiae
3162 2523 3296 2578 Rex.
3322 2524 3420 2579 sed

1844 2611 2071 2667 formam
2093 2613 2233 2668 servi
2257 2628 2471 2685 gerens,
2505 2622 2565 2668 ut
2586 2614 2903 2685 ﬁgmentum
2931 2625 3177 2670 nostrum
3208 2615 3417 2669 salvum

1847 2698 2071 2757 laceret.

1917 2793 2378 2849 Exercitationem
2415 2804 2575 2850 vocat
2605 2795 2750 2851 illam
2804 2797 2860 2851 in
2894 2797 3208 2873 meditando
3238 2799 3419 2853 eleva-

1844 2883 2074 2949 tionem,
2097 2900 2258 2954 quam
2280 2887 2540 2940 sustinuit
2590 2886 2873 2951 Dominus,
2914 2888 3044 2942 dum
3085 2903 3173 2943 res
3203 2898 3419 2944 nostras

1843 2975 2213 3044 expenderet;
2284 2987 2504 3046 propter
2554 2993 2691 3047 quas
2757 2979 2921 3033 etiam
2970 2979 3414 3045 conturbabatur,

1842 3066 1986 3134 quod
2021 3066 2088 3119 ad
2118 3072 2321 3119 tantam
2378 3066 2708 3121 dementiam
2753 3068 3184 3134 devenissemus,
3227 3080 3287 3123 ut
3315 3070 3409 3137 illi,

1844 3153 1936 3221 qui
1961 3167 2058 3223 pro
2085 3153 2241 3208 nobis
2261 3155 2531 3221 currebat,
2557 3172 2718 3211 crura
2765 3156 2989 3212 succide
3001 3171 3207 3224 remus,
3234 3167 3289 3212 et
3311 3159 3413 3213 ob.

1846 3245 2047 3299 stacula
2080 3260 2410 3315 poneremus
2450 3246 2548 3311 illi,
2588 3248 2682 3316 qui
2729 3246 2797 3301 ad
2844 3246 3172 3301 servandum
3246 3247 3417 3303 adve-

1843 3344 2017 3390 nerat.
2064 3337 2192 3392 Haec
2236 3337 2401 3392 etiam
2433 3337 2989 3408 Caiaphas.etJudas
3032 3354 3097 3393 ac
3139 3339 3414 3393 commili-

1844 3435 1998 3480 tones
2024 3441 2213 3479 eorum
2241 3426 2549 3491 faciebant;
2580 3426 2649 3482 de
2676 3428 2873 3496 quibus
2902 3428 2957 3482 in
3009 3427 3246 3483 decursu
3300 3443 3417 3482 sero

1842 3517 2019 3570 monis
2038 3518 2317 3586 subiunxit
2348 3535 2361 3571 :
2398 3518 2441 3570 A
2474 3534 2593 3572 voce
2622 3519 2844 3583 inimici,
2905 3528 2954 3572 et
3001 3536 3034 3571 a
3074 3519 3417 3573 tribulatione

1840 3608 2466 3677 peccatoriuinimicum
2500 3609 2784 3677 appellans
2840 3607 3161 3677 Caiapbam,
3202 3618 3263 3662 ut
3321 3610 3414 3677 qui

1841 3710 2086 3770 tempore
2110 3700 2301 3769 iudicii
2328 3714 2514 3755 vocem
2562 3699 2871 3754 istiusmodi
2911 3707 3101 3754 contra
3166 3697 3415 3754 Salvato-

1841 3806 1955 3844 rem
1992 3790 2243 3844 emittere
2289 3805 2457 3843 ausus
2492 3788 3057 3857 sit:Blasphemavit:
3094 3789 3218 3857 quid
3244 3788 3415 3841 adhuc

1841 3882 2075 3954 quaeritis
2093 3881 2341 3953 [Vulgata
2361 3898 2568 3951 egemus
2585 3879 2820 3951 testibus]
2831 3881 2876 3911 ’θ
2892 3880 2914 3933 ?
2931 3890 3271 3950 peccatorem
3287 3893 3417 3933 vero

1841 3974 2053 4029 ludam.
2087 3972 2371 4039 Quomodo
2392 3972 2538 4027 enim
2572 3986 2684 4026 non
2708 3978 2964 4041 peccator
2981 3971 3067 4036 sit,
3093 3970 3185 4041 qui
3212 3984 3418 4040 praece-

1841 4075 2052 4134 ptorem
2068 4063 2383 4135 prodidit?A
2399 4079 2527 4133 quo,
2550 4072 2737 4132 utpote
2753 4061 3020 4131 discipulo
3035 4077 3098 4115 ac
3116 4060 3413 4131 proditore,

1839 4155 2193 4210 vehementer
2221 4154 2451 4209 aluit-tus
2476 4196 2489 4219 ,
2526 4153 2805 4224 subiungit
2840 4168 2901 4207 ea
2938 4168 3059 4222 qua:
3086 4160 3414 4221 sequuntur.

1915 4244 2074 4299 Vens.
2098 4245 2151 4299 6.
2187 4264 2205 4297 ι
2243 4246 2430 4300 Timor
2450 4256 2501 4299 et
2539 4252 2744 4297 tremor
2772 4251 3039 4297 venerunt
3067 4256 3233 4311 super
3270 4254 3374 4294 me.
3394 4261 3409 4290 ι

1913 4335 2025 4391 lloc
2052 4336 2272 4390 tentatis
2293 4335 2582 4390 etaliiictis
2634 4335 2913 4405 proprium
2942 4342 3045 4395 est,
3088 4342 3149 4386 ut
3183 4346 3294 4386 non
3326 4346 3417 4386 so-

1839 4428 1952 4482 lum
1981 4429 2176 4483 timore
2200 4443 2265 4483 ac
2290 4438 2549 4492 tremore,
2578 4428 2674 4482 sed
2703 4427 2870 4481 etiam
2922 4423 3165 4480 tenebris
3219 4438 3419 4477 secun-

162 4513 264 4582 χὴν
298 4513 744 4584 ἀπορῤουμένους
777 4516 1113 4586 συνέχεσθαι.
1134 4519 1275 4571 Ἀλλ’
1300 4521 1328 4573 ό
1372 4521 1626 4594 Χριστὸς,
1661 4524 1736 4590 ὡς

1847 4521 1969 4575 dum
1996 4521 2234 4574 animam
2263 4518 2579 4575 deﬁcientes
2622 4518 3007 4588 corripiantur.
3028 4514 3170 4581 Quin
3196 4514 3421 4568 ethri-

164 4602 369 4673 ποιμὴν
398 4602 651 4673 ἀληθινὸς
683 4606 776 4657 καὶ
810 4607 1063 4675 γνήσιος,
1094 4608 1234 4677 ὑπὲρ
1260 4612 1359 4679 τῆς
1384 4612 1580 4665 ἑαυτοῦ
1614 4616 1733 4667 ποε-

165 4711 305 4764 μνης
356 4695 556 4749 ἐδειλία
581 4697 675 4750 καὶ
706 4697 933 4768 ἐτρεμεν
954 4714 968 4727 °
998 4699 1088 4753 τὸν
1119 4701 1228 4771 γὰρ
1248 4701 1616 4772 ἀδημονοῦντα
1642 4707 1736 4759 καὶ

162 4786 499 4855 λυπούμενον
530 4789 681 4841 οὐδὲν
707 4784 775 4858 ἦν
796 4789 1021 4853 ἀπεικὸς
1048 4791 1327 4858 φοϐεῖσθαι
1360 4794 1456 4847 καὶ
1486 4797 1732 4867 τρέμειν,

163 4878 342 4930 πάντα
378 4878 548 4947 χωρὶς
580 4879 854 4948 ἁμαρτίας
881 4881 945 4933 τὰ
974 4882 1220 4952 ἡμέτερα
1264 4884 1539 4955 πάσχοντα
1561 4904 1573 4917 ο
1610 4888 1736 4940 οὐκ-

162 4969 257 5022 οῦν
286 4972 378 5023 καὶ
425 4972 613 5035 σκότος
646 4972 805 5024 αὑτὸν
841 4971 1077 5042 ἐκάλυψε
1110 4976 1167 5026 τὸ
1194 4977 1489 5047 ἡμέτερον.
1518 4978 1735 5033 Μᾶλλον

162 5061 221 5115 δὲ
244 5061 428 5124 σκότος
451 5064 625 5114 ὲκ;ῖνο
644 5062 815 5128 λέγει,
835 5064 970 5134 ὅπερ
992 5064 1083 5117 τὸν
1110 5065 1314 5135 κόσμον
1337 5068 1573 5137 ἐκάλυψε
1596 5070 1735 5123 κατὰ

162 5152 252 5204 τὸν
286 5152 477 5223 καιρὸν
500 5152 594 5206 τοῦ
622 5157 881 5224 σταυροῦ,
900 5155 1006 5207 ἀπὸ
1026 5154 1193 5225 ἕκτης
1214 5157 1358 5228 ὧρας
1384 5159 1485 5221 ἕως
1508 5162 1733 5232 ἐννάτης

165 5244 473 5312 γενόμενον.

242 5355 260 5386 ι
289 5336 396 5388 Καὶ
428 5330 558 5387 εἶπα
586 5353 600 5367 ·
634 5335 730 5399 Ti;
755 5336 914 5390 δώσει
947 5356 1037 5408 μοι
1086 5339 1397 5408 πτέρυγαςς
1429 5362 1446 5393 ιι

236 5427 539 5497 Πτέρυγιις
567 5428 694 5491 τοὺς
727 5429 1059 5493 ἀποστόλους
1087 5435 1244 5485 καλεί
1264 5449 1277 5461 ·
1328 5435 1386 5487 ἐν
1419 5435 1598 5497 αὐτοῖς
1632 5436 1737 5507 γάρ

169 5516 259 5569 ἐπὶ
291 5518 389 5587 τὴν
416 5518 746 5587 οἰκουμένην
775 5519 903 5589 ὃλην
934 5522 1027 5574 τοῦ
1059 5523 1295 5593 Χριστοῦ
1342 5524 1402 5577 τὸ
1445 5528 1741 5595 μυστήριον

170 5604 339 5677 ἔπτη,
380 5610 473 5661 καὶ
500 5610 744 5679 καθάπερ
798 5616 851 5664 ἐν
894 5617 1158 5678 νεοσσιαῖς
1219 5616 1564 5688 Ἐκκλησίαις
1610 5635 1740 5672 zz:—

247 5809 290 5840 "
322 5807 507 5864 Matth.
546 5826 693 5876 xm,
719 5811 808 5865 liii.

1839 4622 1975 4675 stus,
2008 4623 2264 4682 tanquam
2292 4626 2458 4664 verus
2484 4625 2549 4665 ac
2587 4610 2836 4663 sincerus
2872 4616 3079 4677 pastor,
3111 4621 3210 4675 pro
3257 4620 3421 4675 grege

1838 4719 1938 4759 suo
1988 4703 2171 4757 timuit
2233 4701 2605 4769 tremuitque:
2650 4698 2919 4768 siquidem
2978 4706 3301 4751 mmrentcm
3357 4710 3420 4748 ac

1837 4798 2112 4851 delentem
2152 4794 2227 4847 nil
2279 4793 2602 4863 prohibebat
2646 4791 2838 4844 timere
2883 4804 2947 4844 ac
2988 4795 3243 4851 tremere,
3295 4801 3420 4840 cum

1838 4888 2041 4956 absque
2094 4894 2315 4954 peccato
2378 4884 2563 4938 omnia
2623 4891 2811 4936 nostra
2858 4889 3187 4950 pateretur:
3236 4878 3421 4946 itaque

1838 4982 1999 5035 etiam
2040 4979 2276 5033 tenebrae
2323 4985 2523 5030 nostra:
2565 4975 2742 5044 ipsum
2794 4972 3212 5026 obumbrarunt.
3278 4969 3421 5034 Quin

1837 5070 2020 5139 potius
2055 5067 2303 5121 tenebras
2327 5066 2444 5117 illas
2500 5061 2772 5133 intelligit,
2798 5075 2922 5131 qua:
2954 5058 3218 5113 mundum
3276 5072 3423 5110 con-

1841 5168 2091 5214 texerunt
2110 5166 2350 5226 tempore
2368 5153 2546 5209 crucis
2564 5168 2592 5207 a
2606 5162 2757 5208 sexta
2778 5152 2910 5207 bora
2930 5164 3100 5219 usque
3113 5148 3179 5204 ad
3200 5161 3419 5203 nonam.

1916 5342 2080 5395 Vens.
2116 5339 2167 5393 7.
2200 5356 2220 5389 ι
2252 5339 2319 5393 Et
2351 5336 2462 5391 dixi
2492 5353 2503 5388 :
2552 5333 2686 5401 Quis
2712 5332 2868 5388 dabit
2889 5331 3024 5386 mihi
3054 5330 3303 5401 pennas?
3329 5347 3346 5379 ι

1914 5434 2123 5487 Pennas
2156 5442 2316 5487 vocat
2345 5429 2620 5499 apostolos
2648 5444 2661 5478 :
2695 5426 2749 5479 in
2778 5424 2912 5495 ipsis
2945 5424 3096 5478 enim
3121 5439 3219 5493 per
3248 5429 3421 5475 totum

1853 5537 2115 5580 terrarum
2148 5523 2336 5576 orbem
2362 5520 2567 5574 Christi
2604 5516 2926 5588 mysterium
2953 5513 3176 5577 volavit,
3194 5519 3251 5566 et
3273 5508 3423 5579 quasi

1859 5619 1913 5671 in
1935 5614 2160 5669 novellis
2189 5612 2443 5668 Ecelesiis
2490 5608 2755 5680 requievit
2792 5626 2803 5661 :
2844 5606 2974 5676 ipsis
3029 5598 3424 5675 qumlammodo
