4156 6452
733 358 870 426 1215

1920 373 2277 432 HESYCHII
2316 375 2784 440 PRESBYTERI

3870 388 4008 452 1216

731 472 1146 540 alascolumbaa,
1179 473 1232 529 id
1262 485 1346 536 est
1404 476 1639 546 Spiritus
1679 478 1852 530 sancti
1899 479 2296 548 dispensatione

2404 485 2608 538 έπαυσε
2629 503 2641 516 ·
2675 486 2892 550 τούτοις
2913 482 3002 540 οἷα
3034 488 3316 559 πτέρυγας
3343 497 3703 564 περιστερᾶς,
3745 499 4005 550 τουτέστι

733 562 944 632 plenas,
1026 572 1195 633 optat.
1258 565 1526 621 Particula
1557 576 1736 621 autem
1789 568 1904 636 quis
1929 584 2038 622 non
2079 580 2164 625 est
2212 572 2301 626 hic

734 653 1062 724 ha'sitantis,
1097 657 1191 711 sed
1211 659 1394 730 potius
1426 659 1786 714 desiderantis
1814 667 1870 713 et
1894 660 2156 730 urgentis.

802 830 965 885 Vens.
1018 830 1072 885 9.
1128 847 1148 883 ι
1213 831 1606 900 Exspectabam
1655 847 1783 886 eum
1821 833 1916 901 qui
1946 832 2156 887 salvum
2212 848 2300 888 me

731 921 858 978 fecit
881 938 911 976 a
945 921 1390 992 pusillanimitate
1409 923 1631 991 spiritus
1652 932 1708 978 et
1758 932 2103 993 tempestate.
2136 942 2154 975 ι

763 1005 774 1013 “
798 1012 1302 1067 Pusillanimitatem
1323 1019 1479 1068 vocat
1505 1013 1909 1078 contumeliam,
1944 1023 2300 1083 tempestatem

726 1115 860 1157 vero
877 1103 1208 1174 vigorem,et
1225 1101 1561 1169 violentiam,
1615 1117 1679 1157 ac
1725 1103 2125 1158 vehementiam
2179 1112 2299 1158 ten-

729 1191 982 1258 tationis;
1014 1206 1048 1247 ο
1074 1207 1304 1261 quarum
1322 1192 1567 1261 utrisque
1590 1206 1621 1245 a
1650 1190 1758 1246 Deo
1773 1193 2036 1248 auxilium
2067 1203 2296 1262 praesto-

728 1283 970 1337 Iandum.
999 1284 1252 1340 Christus
1281 1292 1463 1339 autem
1490 1299 1602 1338 non
1639 1292 1894 1354 tanquam
1929 1284 2029 1340 sibi
2057 1285 2160 1354 ipsi
2193 1285 2300 1340 hoc

727 1372 885 1441 petit,
934 1373 1030 1428 sed
1081 1373 1342 1443 apostolis
1392 1373 1576 1430 animo
1627 1373 2004 1429 deﬁcientibus
2050 1382 2301 1444 tempore

728 1463 1032 1540 passionis,
1061 1464 1134 1518 ita
1153 1473 1212 1518 ut
1240 1463 1573 1535 increpando
1597 1464 1666 1519 ad
1715 1465 1863 1535 ipsos
1890 1464 2086 1519 dixerit
2117 1479 2133 1515 ε
2166 1461 2255 1519 Sic
2273 1464 2299 1516 .9

727 1550 847 1606 Non
871 1553 1113 1621 potuistis
1151 1569 1258 1607 una
1281 1555 1412 1609 hora
1441 1554 1664 1625 uigilare
1696 1553 1936 1609 mecum?
1979 1552 2224 1625 Vigilate,
2247 1561 2297 1624 et

726 1653 899 1707 orate,
918 1653 974 1696 ut
999 1659 1101 1698 non
1138 1644 1344 1699 intretis
1373 1646 1430 1699 in
1457 1644 1797 1698 tentationem
1824 1644 1891 1698 “.
1921 1641 2078 1709 Quod
2102 1643 2148 1698 si
2165 1658 2299 1698 con-

729 1733 953 1801 spiratio
983 1734 1038 1787 in
1064 1735 1206 1790 malo
1243 1735 1380 1790 mala
1411 1735 1498 1798 sit,
1552 1735 1713 1790 etiam
1734 1750 1764 1789 e
1800 1735 2015 1790 diverso
2043 1750 2297 1806 magnum

2402 576 2628 648 πλήρεις
2660 578 2760 647 τῆς
2789 580 3058 650 χορηγίας
3099 583 3194 634 τοῦ
3239 584 3576 654 Πνεὸματος,
3615 586 3912 654 βούλεται.
3939 590 4008 642 τὸ

2401 666 2458 720 δέ
2484 669 2572 733 τίς
2597 669 2697 721 οὐκ
2729 670 3062 742 ἀποροῦντος
3093 673 3345 740 ἐνταῦθα,
3378 676 3513 730 ἀλλά
3535 677 3596 730 τὸ
3628 679 3846 747 μᾶλλον
3883 683 4004 732 ἐπι-

2401 755 2702 826 θυμοῦντος
2727 761 2822 812 καὶ
2845 763 3285 831 κατεπείγοντος.

2475 865 2495 898 ι
2528 848 2946 922 Προσεδεχόμην
2983 852 3072 906 τὸν
3113 851 3359 918 σώζοντά
3392 871 3462 926 με
3490 855 3598 910 ἀπὸ
3630 855 4002 928 ὀλιγοψυχίας

2402 936 2498 990 καὶ
2524 939 2862 1006 καταιγίδος.
2897 960 2916 992 ι

2483 1029 2915 1099 Ὄλιγοψ-υχίαν
2937 1032 3038 1103 τὴν
3061 1032 3331 1105 λοιδορίαν
3355 1036 3534 1104 καλεί,
3565 1042 3904 1111 scatat-r160
3941 1045 3995 1096 δέ

2400 1119 2500 1188 τὴν
2526 1119 2710 1190 ἀκμὴν
2743 1121 2836 1175 τοῦ
2869 1124 3215 1195 πειρασμοῦ,
3249 1127 3343 1179 καὶ
3373 1127 3517 1197 βίαν,
3549 1131 3645 1182 καὶ
3674 1133 3993 1202 σφοδρότη-

2400 1225 2468 1261 τα
2490 1226 2503 1240 ·
2526 1202 2600 1262 ὧν
2621 1209 2682 1274 ἐξ
2700 1212 2968 1282 ἑκατέρας
2989 1216 3096 1285 χρὴ
3123 1216 3273 1287 παρὰ
3299 1217 3434 1271 Θεοῦ
3458 1221 3877 1288 προσδέξασθαι
3900 1224 3993 1292 τὴν

2402 1297 2748 1378 βοῄθειαν.⁹0
2783 1303 3019 1373 Χριστὸς
3051 1305 3108 1357 δὲ
3138 1307 3236 1374 οὐχ
3267 1307 3343 1369 ὡς
3386 1308 3564 1378 ἐαυτῷ
3598 1309 3772 1363 τοῦτο
3817 1330 3990 1382 προσ-

2400 1387 2640 1457 εύχεται,
2671 1390 2806 1445 άλλά
2848 1395 2964 1456 τοῖς
3005 1395 3323 1460 ἀποστόλοις
3352 1398 3678 1469 ὀλιγωροῦσι
3714 1407 3867 1458 κατὰ
3904 1407 3991 1457 τὸν

2399 1479 2593 1565 καιρὸν
2622 1481 2720 1534 τοῦ
2752 1481 2957 1547 πάθους
2976 1502 2990 1516 ο
3019 1483 3164 1539 ὥστε
3186 1488 3280 1542 καὶ
3309 1490 3446 1558 πρὸς
3471 1493 3674 1557 αὐτοὺς
3707 1496 3992 1565 ἐπιτιμῶν

2398 1563 2572 1622 εἶπενο
2601 1571 2798 1638 οὕτως
2812 1591 2832 1638 ;
2857 1576 2970 1629 οὐκ
3010 1578 3305 1645 ἰσχύσατε
3323 1581 3468 1649 μίαν
3489 1581 3654 1651 ὥραν
3684 1563 3990 1655 ·

2398 1672 2540 1723 σοις
2573 1663 2929 1733 Γρηγορεῖτε
2977 1668 3077 1720 καί
3109 1673 3551 1741 προσεύχεσθε,
3586 1677 3692 1730 ινα
3716 1677 3814 1746 μὴ
3866 1683 3986 1732 εισ-

2398 1746 2611 1816 έλθητε
2639 1754 2728 1817 εις
2757 1757 3114 1822 πειρασμόν.
3142 1758 3204 1810 El
3237 1761 3332 1812 ἐπὶ
3362 1762 3518 1834 κακῷ
3548 1767 3856 1835 συμφωνία
3887 1768 3990 1819 δει-

727 1823 929 1883 honum
960 1809 1065 1887 est,
1094 1825 1376 1896 dissipatio
1401 1827 1454 1881 in
1493 1827 1639 1881 malo
1687 1826 2138 1912 conspirantium.
2191 1824 2293 1892 Qui

2402 1809 2646 1900 vim-xui.
2675 1809 2742 1895 ἐκ
2772 1809 2868 1896 τοῦ
2903 1809 3147 1900 ἐναντίου
3203 1809 3865 1924 legali?

728 1912 911 1980 itaque
933 1912 990 1966 in
1022 1913 1187 1967 turris
1215 1913 1627 1972 aediﬁcationem
1693 1905 2106 1980 consenserant,
2170 1907 2298 1970 cum

729 2004 994 2059 haberent
1019 2019 1207 2059 vocem
1232 2021 1395 2060 unam
1429 2016 1484 2062 et
1522 2006 1725 2060 labium
1753 2021 1945 2070 unum,
1969 2019 2161 2061 omnes
2191 2005 2300 2059 im-

728 2096 894 2164 pediti
912 2096 1153 2166 fuerunt,
1181 2099 1414 2153 maxima
1454 2098 1733 2169 impietate
1755 2097 1988 2165 confusi,
2011 2097 2158 2169 quod
2186 2112 2300 2152 non

724 2187 959 2257 amplius
978 2186 1246 2244 haberent
1279 2204 1474 2245 vocum
1506 2189 1947 2245 consensionem.

797 2305 1026 2371 Quando
1062 2308 1266 2364 malitia
1295 2308 1352 2363 in
1375 2308 1667 2379 semetipsa
1695 2307 1872 2364 divisa
1901 2307 2088 2373 fuerit,
2119 2304 2296 2361 securi

726 2409 920 2450 sumus
946 2397 1039 2466 qui
1067 2397 1136 2452 ab
1166 2397 1254 2452 illa
1285 2412 1667 2469 Oppugnamur
1698 2413 1714 2451 :
1748 2412 1859 2452 non
1895 2397 2128 2466 amplius
2146 2395 2295 2449 enim

725 2487 941 2542 insidiis
968 2487 1088 2556 ejus
1113 2488 1375 2543 creditur.
1400 2487 1615 2543 Etenim
1649 2487 1869 2543 Christo
1905 2486 2168 2541 miracula
2213 2485 2296 2539 fa-

725 2579 908 2634 ciente
937 2571 1251 2634 Jud'aaorum
1280 2579 1476 2651 lingua
1529 2579 1720 2634 divisa
1767 2588 1894 2633 sunt
1932 2596 1946 2632 :
1992 2586 2151 2646 atque
2205 2577 2295 2630 alii

724 2668 948 2735 quidem
976 2667 1233 2722 dicebant
1265 2685 1279 2721 :
1309 2667 1430 2720 Non
1461 2674 1537 2720 est
1578 2667 1662 2720 hic
1715 2667 1871 2718 homo
1922 2682 1955 2718 a
2001 2664 2129 2730 Deo,
2173 2665 2298 2734 quia

723 2757 1138 2840 Sabbatumjton
1159 2758 1400 2812 custodit.
1436 2757 1544 2811 Alii
1568 2765 1745 2810 autem
1775 2755 2021 2808 dicebant
2073 2771 2093 2810 :
2151 2754 2295 2819 Quo-

723 2849 878 2902 modo
921 2857 1089 2917 potest
1110 2848 1264 2902 homo
1313 2856 1559 2916 peccator
1605 2845 1740 2899 talia
1780 2845 1931 2914 signa
1980 2845 2189 2914 facere?
2229 2842 2296 2896 Et

723 2941 948 2995 schisma
975 2949 1091 2994 erat
1111 2940 1250 2994 inter
1282 2955 1367 2994 eos
1399 2939 1468 2992 θ’.

796 3099 960 3154 Vsus.
993 3100 1111 3155 10.:
1140 3097 1410 3165 Quoniam
1438 3097 1550 3153 vidi
1571 3055 1912 3164 iniquitatem
1934 3102 1990 3148 et
2016 3092 2293 3148 contradi-
2314 3133 2328 3144 .

720 3189 980 3245 ctionem.
1027 3207 1046 3242 ι
1922 3237 1950 3258 ,.
2253 3239 2258 3244 .
2323 3173 2367 3230 (ἶ

792 3304 930 3357 Dum
949 3302 1199 3357 Christus
1227 3300 1413 3370 inique
1453 3298 1818 3368 judicabatur,
1850 3296 2129 3351 contentio
2154 3294 2294 3349 facta

719 3403 824 3460 est,
853 3392 1008 3447 Pilati
1037 3393 1246 3446 scilicet
1274 3400 1330 3445 et
1352 3389 1658 3460 principum
1684 3388 2030 3443 sacerdotum
2076 3385 2295 3440 Judae-

719 3502 841 3541 rum
871 3503 885 3540 :
914 3485 1004 3539 illo
1026 3485 1242 3554 quidem
1287 3483 1541 3538 dicente:
1576 3480 1726 3534 Nihil
1757 3479 1992 3532 invenio’
2019 3493 2194 3530 causa
2241 3477 2296 3528 in

717 3579 813 3631 hoc
835 3579 1042 3630 homine
1066 3577 1109 3606 ³³
1135 3593 1149 3640 ;
1179 3575 1312 3643 ipsis
1336 3590 1466 3629 vero
1485 3572 1942 3643 respondentibus
1967 3587 1980 3623 :
2004 3570 2112 3623 Nos
2131 3568 2296 3636 legem

717 3669 994 3732 habemus;
1033 3679 1079 3720 et
1099 3667 1292 3720 scimus
1335 3665 1461 3733 quia
1527 3663 1812 3717 secundum
1843 3661 2003 3731 legem
2060 3667 2295 3714 nostram

719 3759 862 3812 debet
893 3759 1027 3810 mori
1045 3757 1109 3810 ³⁸.

785 3870 950 3925 Vens.
985 3871 1072 3924 ll.
1107 3889 1126 3923 ι
1172 3870 1269 3924 Die
1299 3885 1365 3925 ac
1396 3875 1557 3924 nocte
1594 3866 1957 3922 circumdabit
1990 3879 2109 3919 eam
2133 3877 2295 3932 super

717 3978 902 4018 muros
935 3963 1055 4034 ejus
1083 3963 1347 4032 iniquitas
1375 3971 1432 4017 et
1454 3961 1611 4015 labor
1633 3959 1692 4014 in
1722 3959 1906 4013 medio
1927 3958 2066 4027 ejus.
2108 3974 2127 4008 ι

786 4071 886 4128 Die
912 4070 1155 4143 quidem,
1184 4072 1236 4127 id
1259 4079 1342 4126 est
1382 4078 1629 4140 tempore
1683 4068 1896 4133 crucis;
1953 4075 2100 4120 nocte
2139 4080 2291 4129 vero,

714 4164 768 4220 id
794 4175 881 4220 est
901 4173 1145 4236 tempore
1172 4163 1496 4234 proditionis
1521 4179 1536 4229 ;
1561 4178 1718 4230 super
1740 4175 1937 4223 muros,
1961 4158 2016 4212 id
2034 4165 2117 4212 est
2129 4171 2294 4226 super

714 4256 1026 4312 sacerdotes
1080 4272 1093 4308 :
1142 4255 1247 4325 ipsi
1294 4254 1443 4309 enim
1494 4261 1623 4308 sunt
1678 4250 1822 4306 muri
1852 4249 2037 4319 populi
2072 4268 2085 4302 :
2124 4247 2294 4301 fortes

711 4347 1118 4419 quidem,.dum
1171 4344 1472 4402 secundum
1512 4344 1687 4413 legem
1737 4340 2028 4396 sacerdotii
2073 4339 2291 4403 vivunt;

711 4437 908 4492 cariosi
926 4452 1056 4492 vero
1086 4451 1152 4490 ac
1176 4435 1406 4501 ruinosi,
1431 4435 1651 4504 quando
1675 4449 1704 4486 a
1720 4432 1982 4504 dignitate
1999 4445 2095 4485 sua
2113 4428 2290 4482 aliena

2397 1928 2554 2000 κακῷ
2584 1935 3065 2002 συμφωνησάντων
3088 1936 3347 2002 διάλυσις.
3366 1941 3476 1995 Καὶ
3497 1947 3544 1996 οἱ
3577 1945 3990 2014 ὁμονοῆσαι-ντες

2397 2015 2527 2084 γοῦν
2556 2018 2650 2071 ἐπὶ
2685 2021 2750 2090 τῇ
2783 2023 3138 2095 πυργοποιίᾳ,
3174 2025 3237 2078 τὸ
3281 2026 3426 2096 ἔχειν
3465 2030 3650 2098 φωνὴν
3704 2032 3842 2101 μίαν
3899 2036 3992 2087 καὶ

2397 2107 2573 2177 χεῖλος
2598 2108 2679 2176 ἓν,
2715 2111 2914 2194 πάντες
2945 2115 3384 2188 ἐπποδίσθησαν,
3425 2120 3661 2192 μεγίστῃ
3684 2122 3992 2195 δυσσεϐεῖς.

2400 2197 2785 2267 συγχυθέντες,
2813 2200 2888 2264 ὡς
2917 2202 3115 2272 μηκέτι
3143 2204 3458 2274 ὁμοφωνίαν
3491 2208 3657 2277 ἔχειν.
3759 2245 3766 2249 -

2470 2303 2638 2359 Ὅταν
2681 2308 2716 2378 ἡ
2765 2307 2935 2361 κακία
2981 2310 3104 2364 καθ’
3129 2309 3331 2384 ἑαυτὴν
3380 2317 3610 2388 μερισθῇ
3637 2359 3652 2383 ,
3686 2317 3906 2388 ἔχομεν
3937 2321 3992 2372 τὺ

2395 2393 2636 2462 ἀσφαλὲς
2655 2397 2704 2448 οἱ
2732 2399 2863 2468 παρ’
2890 2399 3061 2469 αὐτῆς
3090 2402 3521 2472 πολεμούμενοι·
3560 2408 3759 2460 οὐκέτι
3792 2413 3909 2478 γὰρ
3938 2412 3991 2461 αἱ

2395 2481 2455 2547 ἐξ
2480 2485 2648 2554 αὐτῆς
2674 2486 2960 2541 ἐπιϐουλαὶ
2988 2491 3361 2546 πιστεύονται.
3391 2494 3696 2566 Τοιγαροῦν
3731 2498 3834 2550 τοῦ
3859 2501 3995 2569 Χρι-

2398 2573 2524 2628 στοῦ
2577 2575 3124 2649 θαυματουργοῦντος
3175 2582 3282 2637 τῶν
3316 2586 3584 2638 Ἰουδαίων
3631 2591 3686 2640 αἱ
3738 2590 3993 2658 γλῶσσαι

2395 2664 2750 2737 διῃρέθησαν⁸
2795 2669 2974 2724 καίοι
3002 2673 3120 2740 μὲν
3146 2673 3358 2743 ἔλεγον
3389 2691 3402 2704 ·
3458 2679 3579 2729 Οὐκ
3631 2679 3772 2732 ἐστι
3829 2683 3995 2748 παρὰ

2398 2758 2546 2811 Θεοῦ
2569 2759 2924 2829 ὀᾶνθρωπος
2952 2757 3152 2830 οὗτος,
3176 2765 3264 2818 ὅτι
3285 2768 3358 2819 οὐ
3389 2767 3556 2833 τηρεῖ
3568 2769 3634 2821 τὸ
3652 2770 3990 2823 Σάϐϐατον·

2395 2846 2572 2900 ἄλλοι
2625 2850 2866 2917 ἄλετον·
2897 2850 3031 2917 Πῶς
3084 2853 3334 2907 δύναται
3365 2856 3679 2924 ἄνθρωπος
3711 2861 3992 2928 ἀμαρτω-

2394 2939 2503 3003 λὸς
2534 2939 2776 2996 τοιαῦτα
2813 2943 3032 3011 σημεῖα
3075 2945 3306 3009 ποιεῖν;
3355 2948 3463 3002 Kal
3502 2953 3746 3022 σχίσμα
3797 2950 3882 3024 ἦν
3927 2955 3993 3006 ἐν

2395 3029 2620 3095 αὐτοῖς.

2474 3122 2626 3175 «Ὅτι
2661 3117 2800 3181 εἶδον
2834 3127 3066 3198 ἀνομίαν
3097 3130 3192 3184 καὶ
3223 3129 3554 3199 ἀντιλογίαν.
3590 3150 3609 3183 ι

2467 3294 2576 3348 Τοῦ
2609 3297 2848 3366 Χριστοῦ
2894 3304 3220 3372 κρινομένου
3265 3305 3515 3375 ἀνόμως,
3545 3305 3838 3374 ἀντιλογία
3881 3310 3989 3363 τῶν

2395 3383 2712 3453 κρινόντων,
2744 3387 2978 3441 Πιλάτου
3012 3390 3214 3462 δηλαδὴ
3256 3395 3352 3447 καὶ⁹
3393 3394 3503 3447 τῶν
3561 3397 3843 3450 Ἰουδαίων
3890 3402 3989 3468 ἀρ-

2395 3477 2624 3546 χιερέων
2670 3480 2912 3548 ἐγένετο·
2949 3481 3044 3534 τοῦ
3100 3483 3201 3552 μὲν
3249 3485 3525 3553 λέγοντος,
3560 3487 3759 3540 Οὐδὲν
3793 3491 3990 3543 αἴτιον

2394 3569 2651 3634 εὑρίσκω
2679 3569 2749 3622 ἐν
2772 3570 2852 3636 τῷ
2875 3573 3165 3641 ἀνθρώπῳ
3186 3575 3374 3639 τούτῳ
3390 3593 3403 3608 ·
3437 3577 3663 3630 ἐκείνων
3689 3579 3774 3632 δέ·
3796 3581 3989 3648 Ἡμεῖς

2394 3659 2582 3727 νόμον
2611 3661 2848 3730 ἔχομεν,
2884 3663 2983 3716 καὶ
3031 3663 3297 3733 οἴδαμεν,
3333 3666 3422 3720 ὅτι
3449 3668 3598 3722 κατὰ
3644 3670 3756 3722 τὸν
3799 3675 3989 3741 νόμον

2395 3747 2566 3816 ἡμῶν
2602 3750 2830 3817 ὀφείλει
2859 3752 3208 3806 ἀποθανεῖν.

2471 3879 2490 3908 ι
2514 3859 2757 3932 Ἡμέρας
2779 3865 2874 3916 καὶ
2895 3865 3087 3927 νυκτὸς
3112 3866 3381 3921 κυκλώσει
3411 3868 3579 3939 αὐτὴν
3614 3871 3707 3925 ἐπὶ
3732 3873 3807 3926 τὰ
3832 3875 3985 3943 τείχη

2395 3949 2587 4019 αὐτῆς,
2630 3954 2836 4023 ἀνομία
2867 3956 2961 4007 καὶ⁵
2989 3957 3148 4019 πόνος
3183 3959 3244 4010 ἐν
3275 3959 3426 4028 μέσῳ
3456 3960 3642 4030 αὐτῆς.
3671 3979 3690 4012 ι

2461 4062 2726 4137 ’Ἡμέρας
2757 4066 2857 4135 μὲν
2875 4107 2890 4132 ,
2926 4067 3065 4121 κατά
3095 4068 3184 4122 τὸν
3212 4070 3404 4142 καιρὸν
3431 4071 3525 4124 τοῦ
3559 4075 3803 4142 σταυροῦ
3829 4093 3844 4106 ·
3879 4094 3986 4130 νυ-

2396 4155 2537 4219 κτὸς
2567 4155 2644 4218 δὲ,
2676 4155 2814 4209 κατά
2839 4157 2932 4210 τὸν
2956 4159 3148 4229 καιρὸν
3176 4161 3274 4230 τῆς
3295 4161 3615 4231 προδοσίας·
3642 4163 3745 4216 ἐπὶ
3775 4166 3850 4219 τὰ
3876 4170 3987 4220 τεί-

2396 4264 2494 4314 χη,
2519 4247 2715 4318 δηλαδὴ
2738 4249 2830 4301 ἐπὶ
2848 4251 2975 4314 τοὺς
3010 4252 3176 4322 ίερεϊς
3195 4271 3208 4282 ·
3232 4253 3389 4306 αὐτοὶ
3413 4253 3520 4324 γάρ
3545 4255 3700 4325 τείχη
3725 4258 3827 4309 τοῦ
3854 4258 3984 4311 λαοῦ

2393 4338 2751 4408 τυγχάνουσιν
2771 4357 2788 4372 ο
2821 4341 3018 4411 ίσχυρά
3045 4344 3165 4411 μὲν,
3191 4343 3332 4397 κατά
3363 4345 3454 4397 τὸν
3488 4345 3652 4415 νόμον
3681 4348 3787 4416 τῆς
3828 4353 3987 4419 Ξερωο

2397 4427 2561 4497 σύνης
2589 4428 2790 4494 ζῶντες
2810 4447 2824 4462 ο
2859 4433 3036 4500 σαθρά
3068 4433 3124 4486 δὲ
3155 4438 3504 4500 πεπτωκότα,
3551 4437 3678 4491 ὅταν
3723 4438 3987 4508 ἀλλότρια

711 4535 966 4583 tractant.
998 4526 1348 4597 lniquitatem
1377 4541 1510 4580 vero
1535 4534 1591 4580 et
1619 4525 1862 4578 laborem
1889 4523 1944 4577 in
1969 4521 2151 4576 medio
2172 4519 2294 4589 ejus

2399 4519 2490 4572 τοῦ
2519 4523 2904 4593 προσχήματος
2933 4525 3284 4594 πράττουσιν,
3303 4526 3559 4597 Ἀνομίαν
3591 4528 3648 4581 δὲ
3689 4531 3788 4582 καὶ
3819 4532 3987 4583 κόπον

710 4630 764 4674 et
793 4619 1112 4689 injustitiam
1139 4627 1298 4673 vocat
1317 4617 1638 4672 servitutem
1660 4615 1856 4671 litteras
1887 4632 1900 4667 :
1927 4613 2288 4684 iniquitatem,

708 4711 835 4781 quia
858 4711 1030 4781 legem
1061 4709 1379 4780 spiritaliter
1403 4724 1513 4762 non
1539 4717 1830 4763 servarunt
1879 4726 1893 4761 :
1942 4705 2290 4776 injustitiam,

707 4800 834 4870 quia
859 4799 1024 4854 tantis
1051 4815 1080 4852 a
1112 4797 1273 4852 Patre
1326 4796 1608 4852 beneﬁciis
1645 4795 1846 4860 aﬂecti,
1900 4795 2172 4850 medicum
2235 4799 2292 4847 et

707 4892 936 4945 altorem
970 4905 1132 4944 suum
1157 4889 1305 4943 cruci
1336 4888 1699 4943 tradiderunt.
1726 4887 1847 4946 Non
1885 4885 2075 4958 defecit
2102 4893 2288 4938 autem

707 4985 771 5037 de
790 4983 979 5052 plateis
999 4983 1115 5051 ejus
1142 4999 1304 5036 usura
1335 4991 1383 5036 et
1404 4982 1574 5037 dolus.
1593 4979 1862 5037 Fortassis
1887 4978 2107 5049 quidem
2125 4977 2287 5030 etiam

704 5072 1019 5127 Iudaeorum
1045 5071 1330 5126 avaritiam
1350 5080 1530 5138 taxat;
1562 5071 1678 5141 qui,
1714 5070 1844 5124 dum
1879 5069 1964 5122 lex
2007 5068 2157 5137 ipsos
2206 5065 2288 5119 l‘e-

708 5164 886 5218 nerari
917 5164 1269 5234 prohiberet,
1296 5163 1424 5218 dolo
1456 5177 1650 5217 usuras
1675 5162 1796 5216 aliis
1820 5159 2068 5214 artiﬁciis
2099 5166 2288 5213 extor-

706 5256 966 5324 quebant.
991 5255 1262 5310 Caeterum
1297 5254 1636 5324 deceptionis
1672 5252 1833 5307 fenus
1861 5261 1945 5306 est
1964 5249 2285 5321 hypocrisis:

711 5348 825 5401 haec
851 5362 959 5401 una
986 5361 1110 5400 cum
1143 5346 1270 5401 dolo
1299 5345 1366 5400 de
1388 5345 1775 5416 Hierosolyma:
1827 5342 2020 5412 plateis
2060 5341 2301 5395 minime

710 5438 911 5493 defecit
947 5457 960 5492 :
995 5438 1052 5492 in
1082 5439 1148 5494 iis
1175 5438 1322 5493 cnim
1368 5447 1624 5508 tanquam
1662 5437 1744 5491 in
1780 5435 2074 5489 virtutibus
2134 5435 2290 5488 valde

713 5527 1086 5598 pra-lidebant.
1119 5529 1510 5586 Verumtamen
1539 5536 1594 5584 et
1627 5544 1729 5583 nos
1764 5543 2073 5591 caveamus,
2099 5542 2167 5579 nc
2203 5526 2290 5580 die

786 5711 824 5742 ³³
859 5709 1046 5767 Matth.
1075 5728 1217 5777 an,
1258 5712 1341 5770 40.

2393 4611 2450 4662 ἐν
2483 4611 2632 4681 μέσῳ
2665 4613 2869 4682 αὐτῆς,
2906 4615 2998 4667 καὶ
3027 4614 3240 4668 ἀδικίαν
3268 4615 3416 4685 λέγει
3451 4617 3550 4680 τὴν
3589 4619 3843 4672 δουλείαν
3894 4621 3986 4672 τοῦ

2393 4701 2748 4772 γράμματοςο
2778 4703 3028 4774 ἀνομίαν,
3056 4705 3139 4759 ὃτι
3164 4707 3255 4761 τὸν
3276 4708 3439 4778 νόμον
3471 4712 3866 4778 πνευματικῶς
3891 4714 3987 4764 οὐκ

2393 4791 2690 4863 ἐφύλαττον
2714 4809 2729 4824 °
2763 4795 2998 4862 ἀδικίαν,
3045 4798 3126 4851 ὅτι
3156 4799 3424 4862 τοσαύτας
3456 4800 3606 4870 παρά
3634 4801 3731 4854 τοῦ
3770 4803 3987 4872 Πατρὶς

2393 4887 2713 4958 εὐεργεσίας
2737 4888 3040 4959 δεξάμενοι,
3069 4892 3286 4962 σταυρῷ
3308 4893 3397 4946 τὸν
3428 4894 3608 4963 ίατρὸν
3632 4896 3727 4947 καὶ
3748 4895 3844 4947 τὸν
3865 4913 3986 4964 τρο-

2397 4978 2502 5048 φέα
2532 4978 2877 5048 παρέδωκαν.
2903 4983 3024 5034 Οὐκ
3047 4982 3321 5046 ἐξέλειπε
3351 4984 3408 5036 δὲ
3437 4985 3505 5037 ἑκ
3535 4983 3656 5037 τῶν
3685 4986 3988 5038 πλατειῶν

2396 5069 2588 5136 αὐτῆς
2613 5070 2790 5135 τόκος
2819 5071 2917 5124 καὶ
2951 5071 3327 5138 δόλος.Ἰσως
3351 5074 3450 5142 μὲν
3472 5075 3565 5126 καὶ
3589 5074 3688 5144 τὴν
3720 5075 3835 5126 τῶν
3862 5076 3986 5127 ’ἰου-

2395 5161 2558 5214 δαίων
2582 5161 2946 5231 φιλαργυρίαν
2969 5162 3248 5216 διαϐάλλει
3269 5180 3284 5196 ο
3315 5165 3532 5229 οἵτινες,
3555 5166 3802 5228 τοκίζειν
3825 5167 3983 5218 αὑτοῦ

2397 5249 2489 5302 τοῦ
2522 5251 2687 5320 νόμου
2723 5249 3045 5314 κωλύοντος,
3083 5251 3221 5320 δόλῳ
3253 5252 3378 5314 τοὺς
3407 5252 3600 5315 τόκους
3630 5253 3701 5304 δι’
3730 5256 3984 5306 ἐπινοιῶν

2397 5343 2600 5412 ἑτέρων
2623 5341 2952 5412 ἐκέρδαινον.
2985 5342 3132 5411 Πλὴν
3150 5343 3306 5404 τόκος
3329 5343 3427 5412 τῆς
3450 5342 3668 5413 ἀπάτης
3696 5346 3728 5414 ή
3761 5345 3984 5413 ὑπόκριο

2401 5450 2482 5495 σις
2503 5451 2516 5463 ·
2550 5430 2691 5502 αῦτη
2729 5431 2865 5502 μετά
2895 5432 3046 5484 δόλου
3074 5432 3171 5495 τὰς
3200 5431 3296 5500 τῆς
3335 5430 3696 5501 Ἰερουσαλὴμ
3723 5434 3983 5496 πλατείας

2400 5526 2497 5576 οὐκ
2528 5523 2780 5576 ἐπέλειπε
2801 5539 2812 5550 ⁸
2854 5523 3057 5593 σφόδρα
3087 5523 3194 5594 γὰρ
3224 5523 3309 5575 ἐπ’
3339 5525 3519 5586 αὐτοῖς
3542 5523 3617 5587 ὠς
3653 5525 3739 5580 ἐπ’
3765 5525 3981 5593 ἀρεταῖς

1423 5713 1463 5741 ³¹
1493 5710 1649 5768 Joan.
1686 5727 1758 5771 lx,
1802 5710 1876 5767 16.
1967 5710 2008 5740 ³³
2037 5707 2164 5762 Luc.
2199 5722 2354 5770 χχιιι,
2396 5706 2441 5770 l,
2517 5706 2562 5742 ³⁵
2591 5703 2743 5762 Joan.
2786 5719 2893 5769 nx,
2931 5705 2978 5756 7.
