4156 6452
182 425 309 490 1217

1264 421 1727 484 FRAGMENTA
1766 421 1845 481 IN
1889 420 2250 484 PSALMOS.

3291 426 3426 491 1218

175 538 665 612 ἐπαρρησιάζοντο.
696 541 842 613 Πλὴν
886 541 980 596 καὶ¹
1029 541 1187 611 ἡμεῖς
1237 538 1625 609 φυλαξὼμεθα,
1661 537 1749 590 καὶ

1856 550 2030 605 neque
2059 548 2217 591 nocte
2246 552 2409 606 super
2440 552 2627 595 muros
2654 548 2888 607 nostros,
2926 554 3123 609 nempe
3176 541 3428 607 virtutes,

178 634 319 703 μήτε
351 632 567 703 ἡμέρας
599 633 739 704 μήτε
763 635 957 697 νυκτὸς
981 634 1072 685 ἐπὶ
1102 633 1171 686 τά
1192 632 1433 703 ἡμέτερα
1461 631 1636 701 τείχη,
1661 628 1755 699 δη·

174 724 306 794 λαδή
349 724 450 787 τὰς
496 725 718 796 ἀρετὰς,
753 725 986 796 ἀνομίαν
1016 724 1161 795 ἔχειν
1213 724 1245 794 ἦ
1277 725 1412 784 ὅλως
1445 723 1752 792 ἀντιλογίαν

176 817 610 888 καρτερήσωμεν
630 832 644 846 ·
671 817 807 871 ἀλλά
829 818 963 888 μηδὲ
982 817 1195 887 τόκονῆ
1218 817 1367 869 δόλον
1389 818 1445 869 ὲν
1470 816 1754 879 πλατείαις

176 909 298 970 ταῖς
331 909 632 978 ἡμετέραις
672 908 908 980 ἔχωμεν.
947 911 1206 962 Πλατεῖαι
1239 908 1348 977 γὰρ
1380 908 1476 961 καὶ
1498 907 1753 975 εὐθυνοῦ-

179 1016 270 1052 σαι
290 999 348 1053 αἱ
364 999 494 1065 ὁδοὶ,
512 1001 571 1054 ὲν
592 995 678 1064 αἷς
698 1000 770 1054 τὰ
791 1001 1245 1072 πλημμελήματα
1270 1002 1329 1053 οὐ
1353 1000 1460 1071 μὴν
1481 1002 1560 1064 είς
1586 999 1750 1069 ζωὴν,

177 1088 293 1143 ἀλλ’
315 1091 397 1154 είς
423 1089 705 1145 ἀπώλειαν
732 1091 975 1159 ἄγουσιν.

252 1182 407 1236 «Ὅτι
435 1185 485 1237 εί
511 1182 704 1255 ἐχθρὸς
732 1182 978 1237 ὠνείδισέ
1013 1199 1101 1253 με.
1129 1202 1147 1235 ι

245 1355 463 1427 Φορτιτά
487 1353 557 1408 τὰ
576 1353 728 1427 παρά
744 1352 853 1409 τῶν
874 1352 1084 1423 ἐχθρῶν
1098 1349 1643 1420 ἀποκεκαλυμμένων
1663 1348 1752 1402 διὰ

172 1448 334 1501 τοῦτο
371 1447 690 1517 νομίζεται,
727 1444 1026 1516 ἐπειδήπερ
1063 1444 1287 1512 εὐχερὲς
1313 1441 1488 1494 ταῦτα
1522 1440 1754 1509 φυλάξα-

176 1539 327 1592 σθαι·
352 1540 402 1592 οἱ
422 1538 479 1592 δὲ
508 1538 655 1607 φίλοι
678 1535 987 1601 δοκοῦντες,
1003 1536 1069 1587 τά
1087 1534 1198 1587 τῶν
1228 1531 1443 1603 ἐχθρῶν
1467 1530 1754 1600 λογιζόμε-

174 1648 279 1694 νοι,
308 1629 409 1682 οὐκ
444 1630 552 1681 είσὶ
589 1626 852 1698 φορητοίο
891 1625 1069 1695 μέλιτι
1096 1624 1203 1695 γὰρ
1233 1623 1324 1676 τὸν
1366 1622 1443 1675 ίὸν
1486 1620 1754 1689 κεράσαν-

173 1736 265 1782 τες
292 1719 643 1781 λανθάνοντα,
674 1715 1148 1779 κατασκευάζουσι
1175 1716 1431 1769 θάνατον.
1465 1713 1635 1766 Τοῦτο
1660 1711 1755 1766 καὶ

172 1811 251 1880 τῷ
283 1810 453 1882 Ἰούδᾳ
495 1813 524 1864 6
568 1811 803 1879 Χριστὸς
835 1810 926 1863 διὰ
959 1812 1057 1878 τῆς
1088 1806 1372 1877 παρούσης
1418 1802 1753 1876 προφητείας

1858 628 2156 683 habeamus
2189 630 2555 699 iniquitatem,
2575 634 2660 688 vel
2685 635 2909 689 omnino
2938 633 3428 689 contradictionem

1859 722 2185 777 toleremus:
2219 722 2315 778 sed
2347 738 2525 794 neque
2553 740 2773 780 usuram
2820 726 2906 781 vel
2936 724 3121 780 dolum
3148 726 3203 779 in
3237 726 3431 796 plateis

1857 814 2056 870 nostris
2086 813 2404 869 habeamus.
2442 813 2642 870 Platea:
2662 814 2809 870 enim
2837 825 2891 870 et
2946 816 3067 870 latae
3123 817 3225 871 vim
3276 826 3427 881 sunt,

1856 905 1911 959 in
1949 906 2146 975 quibus
2170 906 2364 963 delicta
2393 922 2501 963 non
2526 907 2595 963 ad
2624 907 2815 973 vitam,
2870 907 2967 963 sed
3022 905 3089 962 ad
3145 907 3426 963 interitum

1854 993 2080 1050 ducunt.

1927 1172 2205 1229 Vnns.l5.
2234 1190 2253 1224 ι
2299 1171 2569 1239 Quoniam
2626 1175 2674 1231 si
2735 1174 2991 1231 inimicus
3045 1177 3430 1247 exprobrasset

1854 1280 1963 1319 mc.
2002 1284 2021 1317 ι
2340 1287 2347 1291 '

1925 1355 1999 1411 Ea
2025 1374 2146 1429 qua:
2177 1375 2207 1415 a
2237 1359 2548 1417 manifestis
2575 1358 2809 1415 inimicis
2860 1356 3175 1413 inferuntur
3226 1357 3429 1412 idcirco

1858 1447 2156 1505 tolerabilia
2185 1460 2502 1515 censentur,
2561 1450 2688 1520 quia
2732 1451 2891 1505 facile
2936 1460 3020 1505 est
3049 1454 3151 1506 ista
3188 1467 3426 1506 cavere:

1854 1542 2042 1612 atqui,
2072 1558 2197 1597 cum
2219 1543 2381 1599 amici
2401 1543 2710 1611 videantur,
2760 1543 2978 1599 hostilia
3018 1543 3426 1607 maehinantuv,

1857 1633 2228 1688 intolerabiles
2252 1636 2566 1692 exsistunt:
2616 1635 2887 1706 siquidem
2929 1635 3090 1689 melle
3152 1649 3425 1689 venenum

1854 1723 2169 1789 miscentes,
2234 1726 2629 1782 clandestinam
2697 1735 2929 1782 mortem
2998 1726 3263 1781 inferunt.
3315 1724 3429 1779 Hoc

1853 1816 2017 1870 etiam
2048 1815 2202 1873 Judaa
2221 1817 2474 1875 Christus
2504 1820 2757 1890 praesenti
2783 1819 3038 1875 vaticinio
3055 1820 3426 1889 exprobravit.

170 1896 575 1957 ὠνείδισεν.Ὦν
596 1902 681 1954 ἵνα
702 1901 1035 1973 παραστήσῃ
1057 1896 1497 1967 σαφέστερον,τὰ
1515 1895 1749 1965 ἐχόμενα

1856 1904 2002 1971 Quae,
2037 1917 2096 1962 ut
2122 1908 2388 1979 propheta
2416 1881 2617 1965 clarius
2643 1918 2966 1980 exponeret,
2988 1881 3273 1979 sequentia
3295 1910 3426 1965 sub—

170 1997 201 2048 6
228 1991 515 2066 Προφήτης
544 1994 846 2064 ἐπήγαγεν·

250 2105 269 2139 ι
300 2089 372 2141 Σὺ
399 2086 480 2151 δὲ,
517 2086 777 2158 ἄνθρωπε
812 2085 1058 2155 ίσόψυχε.
1095 2102 1113 2135 ι

243 2177 519 2248 Ἰσόψυχε,
556 2175 647 2230 διὰ
672 2176 771 2247 τὴν
806 2176 1028 2245 ἀγάπην
1049 2214 1064 2239 ,
1099 2175 1166 2245 ἣν
1209 2172 1339 2245 περὶ
1382 2173 1509 2235 τοὺς
1557 2172 1751 2225 ἑαυτοῦ

175 2269 423 2341 μαθητὰς
438 2271 467 2322 6
488 2268 687 2341 Κύριος
712 2267 1077 2331 ἐπεδείκνυτο,
1094 2266 1235 2319 ὥστε
1261 2264 1340 2335 τῷ
1358 2264 1529 2335 Harp).
1552 2264 1748 2333 λέγειν·

174 2361 365 2429 Πάτερ
393 2361 541 2431 ἅγιε,
569 2360 839 2429 τήρησον
864 2359 1086 2425 αὐτοὺς
1114 2359 1182 2411 ἐν
1210 2356 1290 2423 τῷ
1325 2357 1571 2425 ὀνόματί
1610 2371 1750 2420 σου,

172 2450 285 2517 οὒς
311 2448 574 2517 δέδωκάς
603 2467 704 2520 μοι
726 2468 737 2480 ·
768 2451 867 2507 ἵνα
894 2445 1048 2503 ὦσιν
1075 2448 1169 2515 ἐν,
1200 2446 1395 2513 καθὼς
1424 2446 1524 2501 καί
1558 2447 1749 2516 ἡμεῖς.

188 2543 466 2613 Ἡγεμὼν,
502 2543 690 2613 ἐπειδὴ
741 2543 803 2595 τὸ
848 2540 1238 2610 γλωσσόκομον
1291 2539 1404 2592 τῶν
1456 2538 1755 2609 χρημάτων

176 2634 468 2707 βαστάζων
506 2634 703 2697 αὐτὸς,
750 2633 877 2695 ἴσως
918 2631 1014 2702 τὴν
1051 2631 1296 2695 ἐξουσίαν
1321 2630 1420 2699 τῆς
1448 2630 1755 2699 οἰκονομίας

175 2728 464 2797 ἐκέκτητο.
495 2725 760 2790 Γνωστὲ,
790 2726 966 2778 πάντα
992 2724 1101 2795 γὰρ
1131 2723 1205 2786 ὼς
1237 2723 1450 2794 μαθητῇ
1485 2722 1757 2777 ἀπεκάλυ-

173 2820 418 2889 ψεν.Ὃς
435 2819 533 2871 ἐπὶ
571 2817 639 2871 τὸ
677 2819 822 2871 αὐτὸ
854 2815 1195 2886 ἐτλύκυνάς
1218 2832 1315 2886 μοι
1344 2817 1414 2870 τὰ
1437 2816 1752 2885 ἐδέσματα.

175 2912 357 2973 Μόνος
404 2909 513 2981 γὰρ
563 2908 700 2979 μετὰ
745 2908 839 2961 τοῦ
878 2907 1057 2978 Ἰησοῦ
1107 2908 1400 2960 ὲνὲϐαπτεν
1432 2907 1513 2970 εἰς
1540 2908 1755 2975 16:90-

175 3002 345 3055 6).ίον.
364 3001 461 3053 Ἐν
489 3001 567 3066 τῷ
598 3000 745 3067 οἴκῳ
771 3000 877 3054 τοῦ
910 2999 1059 3054 Θεοῦ
1097 2999 1503 3066 ἐπορεύθημεν
1521 2997 1591 3049 ἐν
1615 2999 1756 3064 ὀμο-

173 3094 332 3163 νοίᾳ.
369 3090 529 3148 Οἷκον
568 3092 704 3147 Θεοῦ
741 3094 841 3162 τὴν
873 3091 1011 3146 Σιὼν
1040 3091 1219 3159 λέγει·
1257 3092 1375 3143 ἐκεῖ
1405 3091 1507 3160 γάρ
1541 3091 1598 3143 ἐν
1624 3094 1756 3159 ὀμο-

1845 1995 2025 2065 junxit
2049 2013 2064 2051 :

1926 2087 2089 2145 Vens.
2124 2090 2210 2147 14.
2250 2109 2269 2144 ι
2304 2092 2387 2147 Tu
2402 2109 2532 2148 vero
2562 2093 2726 2149 homo
2753 2094 3044 2151 unanimis.
3085 2116 3103 2149 ι
3214 2170 3219 2175 ξ

1928 2180 2221 2247 Unanimis,
2253 2191 2478 2254 prepter
2506 2184 2874 2252 dilectionem,
2929 2203 3090 2257 quam
3114 2204 3241 2261 erga
3272 2189 3431 2244 disci-

1854 2270 2012 2340 pulos
2041 2286 2171 2327 suos
2200 2272 2464 2329 Dominus
2493 2275 2754 2341 ostendit,
2813 2290 2935 2331 cum
2977 2277 3122 2333 Patri
3181 2280 3426 2335 diceret:

1854 2362 2018 2416 Pater
2043 2372 2243 2429 sancte,
2292 2381 2443 2418 serva
2475 2382 2559 2420 eos
2580 2367 2636 2421 in
2668 2369 2876 2422 nomine
2934 2378 3042 2433 tuo,
3069 2386 3195 2440 quos
3241 2372 3429 2424 dedisti

1854 2453 1982 2506 milii
2014 2468 2033 2507 :
2060 2462 2116 2507 ut
2141 2455 2246 2508 sint
2266 2472 2448 2521 unum,
2466 2458 2600 2511 sicut
2622 2468 2671 2513 et
2700 2475 2792 2513 nos
2812 2459 2878 2518 ⁸⁵.
2939 2460 3083 2527 Dux,
3137 2462 3265 2532 quia
3304 2478 3429 2517 cum

1858 2542 1975 2611 ipse
1997 2543 2333 2613 marsupium
2366 2548 2724 2615 pecuniarum
2753 2550 2940 2615 ferret,
2969 2550 3204 2606 fortasse
3236 2552 3316 2606 rei
3353 2552 3433 2607 fa-

1856 2633 2081 2688 miliaris
2108 2633 2345 2690 habebat
2373 2646 2718 2706 potestatem.
2756 2640 2945 2706 Notus,
3012 2642 3139 2712 quia
3176 2652 3431 2713 tanquam

1857 2725 2124 2795 discipulo
2148 2727 2198 2781 ei
2226 2730 2409 2783 omnia
2471 2732 2826 2787 revelaverat.
2874 2734 2976 2798 Qui
3017 2735 3182 2788 simul
3229 2752 3432 2789 mecum

1858 2815 2038 2869 dulces
2070 2818 2313 2886 cupiebas
2337 2819 2473 2872 cibos
2496 2820 2559 2874 ³⁸.
2596 2821 2757 2876 Solus
2787 2823 2932 2877 enim
2964 2840 3087 2877 cum
3106 2823 3235 2878 Jesu
3262 2824 3431 2878 intin-

1857 2910 2017 2978 gcbat
2042 2926 2262 2965 manum
2294 2914 2349 2985 in
2373 2912 2576 2966 catino.
2611 2912 2679 2965 In
2707 2915 2862 2967 domo
2912 2912 3010 2967 Dei
3050 2914 3433 2968 ambulavimus

1858 3015 1973 3051 cum
2000 3015 2251 3053 consensu
2269 3001 2333 3053 ³⁷.
2363 3000 2593 3054 Domum
2622 3000 2716 3055 Dei
2772 3010 2930 3055 vocat
2974 2999 3195 3055 Sionem
3244 3016 3257 3053 :
3326 3001 3436 3054 illic

1857 3090 2004 3144 enim
2036 3106 2158 3145 cum
2190 3106 2461 3148 consensu
2490 3108 2702 3148 coenam
2731 3091 2952 3147 Pascha:
2981 3108 3107 3148 cum
3149 3092 3436 3163 discipulis

174 3188 299 3257 νοίᾳ
327 3186 387 3238 τὸ
419 3186 630 3237 δεῖπνον
650 3183 745 3236 τοῦ
778 3182 970 3252 Πάσχα
996 3182 1132 3252 μετὰ
1160 3180 1269 3233 τῶν
1300 3179 1557 3250 μαθητῶν
1577 3180 1606 3231 6
1629 3181 1753 3249 Χρι-

1862 3182 2108 3238 Cbristus
2143 3182 2409 3253 perfecit;
2442 3200 2632 3239 verum
2687 3182 2857 3238 Judas
2887 3200 3059 3239 coena:
3111 3185 3432 3256 mysterium

142 3310 159 3321 ς
177 3276 304 3338 στδς
323 3275 640 3327 ἐπετέλεσεν
660 3288 675 3303 ο
699 3272 759 3324 οὐ
791 3271 897 3342 μὴν
927 3270 1156 3340 ἐφύλαξε
1193 3269 1387 3333 Ἰούδας
1418 3267 1510 3322 τοῦ
1538 3269 1750 3322 δείπνου

173 3372 239 3421 τὸ
274 3370 607 3440 μυστήριον·
639 3365 852 3419 ἐκεῖθεν
898 3364 1005 3435 γὰρ
1051 3363 1282 3427 ἐξελθὼν
1325 3364 1424 3432 τὴν
1466 3361 1752 3432 προδοσίαν

174 3457 434 3532 ἔπραξεν.
466 3461 629 3515 Ὥστε
660 3458 833 3511 ταῦτα
878 3457 956 3527 τῷ
1005 3456 1238 3526 προδότῃ
1278 3454 1339 3508 τὸ
1379 3455 1603 3525 Πνεῦμα
1655 3453 1750 3507 τοῦ

175 3552 312 3605 Θεοῦ
344 3552 437 3604 καὶ
468 3550 573 3619 πρὸ
604 3548 815 3602 πολλῶν
843 3547 1051 3617 γενεῶν
1075 3547 1350 3610 ὀνειδίζων
1375 3545 1693 3615 ἐφθέγγετο.

256 3662 274 3694 ι
299 3642 530 3695 Ἑλθέτω
564 3642 627 3710 δὴ
659 3640 889 3704 θάνατος
918 3639 1004 3693 ἐπ’
1029 3638 1243 3701 αὐτούς.
1278 3656 1294 3688 ι

249 3733 421 3787 Ἰόῦτο
470 3732 828 3803 πεπλήρωται
876 3731 976 3802 μὲν
1027 3729 1120 3784 ἐπὶ
1170 3728 1249 3799 τῷ
1280 3727 1481 3796 Ἰούδα·
1514 3727 1612 3797 τὴν
1644 3727 1752 3797 γὰρ

178 3824 471 3895 προδοσίαν
499 3824 704 3895 ἀγχόνῃ
730 3822 1022 3888 διεδέξατο.
1061 3821 1413 3891 πεπλήρωται
1441 3817 1497 3872 δὲ
1524 3818 1617 3871 καὶ
1660 3818 1753 3868 ἐπὶ

177 3915 291 3969 τῶν
340 3914 518 3968 ἀλλων
567 3911 867 3967 Ἰουδαίων·
900 3911 1138 3981 Χριστὸν
1166 3910 1275 3980 γὰρ
1313 3908 1409 3979 τὴν
1458 3907 1601 3976 ζωὴν
1652 3904 1750 3976 τὴν

176 4001 439 4073 ἀληθινὴν
474 4001 710 4071 ἔχοντες,
747 3999 1119 4069 ἀσεϐήσαντες
1164 3998 1245 4060 είς
1288 3997 1470 4061 αὑτὸν,
1501 3996 1606 4048 ὑπὸ
1653 3995 1751 4065 τὴν

175 4092 415 4162 φοϐερὰν
444 4090 538 4145 τοῦ
562 4091 797 4145 θανάτου
830 4090 1076 4160 κατάραν
1108 4087 1374 4157 ἐγένοντο.
1404 4086 1672 4158 Παροικία
1696 4086 1753 4138 δὲ

175 4186 209 4238 6
236 4184 346 4255 βίος
365 4186 393 4238 6
418 4183 756 4255 ἀνθρώπινος
777 4182 1018 4251 λέγεται.
1044 4180 1178 4233 esas
1200 4179 1308 4248 γὰρ
1328 4180 1494 4234 οίκτί
1522 4177 1753 4231 ἐνταῦθα

179 4276 347 4347 μέχρι
377 4274 577 4328 πολλοῦ
610 4272 909 4343 δυνάμεθα,
956 4272 1071 4326 ἀλλ’
1091 4272 1165 4334 ὼς
1207 4271 1484 4342 πάροικοι,
1516 4269 1644 4322 ὅταν
1679 4270 1754 4322 οί-

175 4369 514 4439 κοδεσπότης
570 4368 891 4438 προστάξῃ,
946 4365 1288 4437 παραχρῆμα
1358 4361 1750 4431 ὲκϐαλλόμεθα.

192 4460 411 4532 Ἐπειδὴ
444 4462 501 4514 δὲ
528 4458 821 4530 παροικίας
854 4460 882 4510 6
908 4457 1201 4527 Προφήτης
1234 4455 1436 4518 πολλάς
1468 4456 1591 4508 ἀντὶ
1625 4456 1753 4525 μιᾶς

1861 3291 1968 3329 non
1998 3276 2345 3332 observavit:
2378 3277 2505 3331 inde
2572 3276 2721 3332 enim
2769 3291 3025 3347 egressus
3070 3276 3434 3346 proditionem

1856 3366 2163 3422 adornavit.
2230 3365 2355 3421 Haec
2428 3367 2613 3437 itaque
2662 3368 2757 3422 Dei
2813 3366 3050 3437 Spiritus
3109 3377 3238 3423 ante
3313 3370 3437 3439 plu-

1855 3456 2022 3511 rimas
2058 3458 2460 3528 generationes,
2515 3458 2781 3527 proditori
2834 3460 3239 3529 exprobrando,
3300 3461 3436 3515 insi-

1855 3548 2062 3603 nuavit.

1927 3638 2087 3693 Vens.
2118 3639 2202 3694 l6.
2238 3659 2257 3692 ι
2292 3640 2489 3694 Veniat
2521 3656 2668 3695 mors
2706 3642 3024 3711 superillos.
3063 3660 3082 3693 ι

1925 3730 2040 3785 Hoc
2060 3730 2278 3801 quidem
2312 3731 2536 3808 inluda
2570 3732 2853 3802 impletum
2909 3744 2995 3788 est
3027 3750 3040 3785 :
3070 3735 3439 3804 proditionem

1854 3823 1999 3876 enim
2024 3822 2249 3892 laqueus
2265 3823 2499 3893 excepit.
2528 3821 2674 3888 Quin
2705 3832 2760 3878 et
2811 3824 2869 3879 in
2900 3825 3021 3879 aliis
3065 3823 3273 3881 Iudaeis
3337 3828 3443 3881 imo

1853 3911 2059 3981 pletum
2087 3919 2206 3965 est:
2233 3927 2358 3966 cum
2392 3913 2539 3966 enim
2594 3913 2869 3968 Christum
2912 3915 3079 3969 vitam
3115 3932 3298 3971 veram
3344 3918 3442 3972 ha-

1854 4006 2069 4074 berent,
2113 4007 2240 4078 erga
2287 4007 2466 4077 ipsum
2525 3985 2694 4088 impie
2747 4025 2806 4065 se
2860 4021 3139 4081 gerentes,
3196 4014 3441 4069 terribile

1855 4099 2045 4154 mortis
2084 4100 2435 4155 maledictum
2473 4100 2849 4156 incurrerunt.
2908 4101 3078 4158 Porro
3114 4105 3441 4159 tabernacu-

1854 4191 1967 4245 lum
1996 4191 2229 4245 humana
2259 4192 2371 4246 vita
2406 4192 2626 4247 dicit‘ur.
2685 4192 2943 4248 Habitare
2976 4196 3123 4249 enim
3166 4195 3255 4250 hic
3282 4197 3442 4267 longo

1857 4292 2100 4354 tempore
2129 4300 2237 4339 non
2259 4285 2502 4340 valemus
2526 4302 2540 4351 ;
2561 4286 2657 4340 sed
2688 4294 2949 4356 tanquam
2984 4288 3199 4355 incolae,
3221 4293 3440 4359 quando

1859 4374 2121 4429 Dominus
2189 4376 2387 4432 domus
2433 4378 2775 4447 praeceperit,
2804 4380 2947 4435 illico
2970 4381 3240 4450 ejicimur.
3298 4384 3438 4438 Cum

1856 4478 2039 4538 autem
2070 4468 2343 4539 Propheta
2374 4469 2542 4523 multa
2565 4470 2923 4525 tabernacula
2961 4488 3062 4542 pro
3083 4489 3191 4528 uno
3214 4475 3436 4542 dixerit,

174 4545 321 4614 εἷπε,
360 4549 459 4611 τὰς
490 4547 693 4611 πολλὰς
721 4547 829 4599 τῶν
854 4544 1159 4617 ἀνθρώπων
1189 4544 1332 4597 κατὰ
1372 4544 1465 4597 τὸν
1492 4544 1606 4614 βίον
1636 4545 1753 4598 δια-

1860 4558 2119 4628 plurimas
2142 4559 2426 4614 hominum
2454 4563 2507 4614 in
2538 4561 2642 4615 hac
2673 4562 2786 4615 vita
2805 4561 3147 4640 dill'crentias
3173 4566 3434 4621 insinuat.

173 4640 351 4711 φοράς
392 4638 712 4693 αἰνίττεται.
746 4639 810 4691 Οἱ
854 4637 953 4707 μὲν
990 4636 1098 4708 γὰρ
1128 4637 1292 4706 τυχὸν
1329 4636 1583 4706 ἀπορίαν,
1617 4636 1666 4688 ot
1697 4634 1755 4689 δὲ

174 4730 471 4801 γεωργίαν,
506 4732 554 4782 οἱ
583 4729 639 4782 δὲ
666 4730 763 4799 τὴν
813 4731 871 4782 ὲν
900 4731 1014 4792 τοῖς
1058 4728 1224 4791 etaim;
1251 4727 1592 4797 λειτουργίαν
1630 4744 1759 4798 μετ-

173 4823 452 4890 έρχονται.
471 4818 610 4871 Ἀλλ’
634 4820 690 4871 ἐν
721 4818 855 4869 πᾶσι
884 4816 1098 4877 τούτοις
1132 4817 1180 4867 oi
1203 4817 1310 4868 τῶν
1344 4813 1609 4868 Ἰουδαίων
1631 4816 1758 4866 παῖ-

171 4911 264 4972 δες
295 4909 712 4980 ὲπονηρεὺοντο·
740 4908 800 4961 οὐ
835 4907 944 4977 γάρ
980 4908 1137 4975 μόνον
1166 4907 1193 4959 6
1222 4905 1376 4968 ἄλλος
1406 4906 1599 4975 δῆμος,
1627 4906 1760 4958 ἀλλὰ

174 5002 271 5054 καὶ
309 5001 358 5052 οἱ
388 5002 507 5052 κατ’
542 4998 732 5069 ἐξοχὴν
757 4998 957 5061 αὐτῶν,
993 4998 1101 5050 εἴτε
1124 4997 1400 5069 ἄρχοντες,
1427 4996 1533 5048 εἴτε
1569 4998 1752 5066 ίερείς,

174 5093 277 5161 τὴν
326 5090 590 5160 πονηρίαν
670 5089 840 5162 μέσην
893 5089 1071 5142 αὐτῶν
1126 5088 1313 5158 ὥσπερ
1368 5087 1752 5153 ἀπολαϐόντες,

176 5183 316 5256 μετή
327 5198 534 5252 ρχοντο.

256 5293 275 5325 ‹
299 5273 441 5342 Ἐγὼ
474 5273 607 5344 πρὸς
634 5273 724 5325 τὸν
758 5271 890 5324 Θεδν
923 5270 1215 5341 ἐκέκραξα.
1252 5290 1271 5323 ι

261 5367 320 5418 '0
350 5365 585 5435 Χριστὸς
625 5364 717 5417 καὶ
748 5363 919 5417 ταῦτα
967 5364 1145 5432 λέγει’
1188 5364 1323 5429 πρὸς
1363 5364 1471 5433 γὰρ
1502 5364 1595 5417 τὸν
1624 5365 1756 5418 θεδν

175 5456 375 5512 ἑαυτοῦ
412 5456 630 5525 Πατέρα
660 5455 945 5521 ὲκέκραξε,
979 5456 1072 5507 καί
1121 5455 1150 5506 6
1198 5453 1402 5523 Κύριος
1433 5456 1752 5525 εἰσήκουσεν

174 5547 365 5601 αὐτοῦ.
382 5547 504 5600 Εἴτε
525 5547 584 5599 τὸ
606 5545 829 5614 Πνεῦμα
850 5546 1027 5613 λέγοις
1061 5545 1107 5617 (6
1134 5546 1242 5616 γὰρ
1273 5546 1477 5616 Κύριος
1501 5548 1562 5600 τὸ
1590 5549 1751 5601 Πνεῦ-

180 5640 257 5710 pd
293 5640 436 5691 ἐστιν
460 5639 500 5702 ),
534 5636 643 5689 εἴτε
690 5637 782 5690 τὸν
826 5637 1028 5708 Κύριον
1058 5638 1218 5691 αὑτὸν
1256 5639 1449 5691 ἑαυτοῦ
1496 5641 1747 5693 εἰσακου-

264 5863 308 5895 ³⁸
336 5863 490 5919 Joan.
524 5879 654 5932 xm,
689 5864 771 5920 ll.
852 5867 895 5896 ’⁵
930 5866 1111 5921 Matth.
1146 5883 1283 5925 κλει,
1317 5868 1404 5921 23.

1855 4648 2134 4720 Siquidem
2160 4651 2270 4715 alii,
2296 4651 2444 4705 verbi
2459 4651 2709 4723 gralia,iu
2740 4663 3079 4723 paupertate,
3107 4656 3197 4709 alii
3222 4657 3274 4709 in
3297 4662 3443 4727 agri-

1855 4739 2089 4801 cultura,
2109 4740 2202 4793 alii
2235 4741 2289 4793 in
2312 4740 2498 4795 divino
2520 4742 2666 4796 cultu
2692 4752 3038 4797 exercentur.
3066 4742 3264 4800 Verum
3286 4749 3337 4799 in
3358 4748 3443 4801 his

1854 4831 2108 4885 erunibus
2127 4831 2307 4886 ,Ιυάίεὶ
2339 4833 2593 4901 nequiter
2623 4849 2684 4887 se
2708 4846 3016 4904 gesserunt,
3078 4853 3188 4890 non
3262 4840 3438 4894 solum

1856 4908 2008 4990 plebs
2028 4923 2357 4988 communis,
2383 4923 2478 4977 sed
2501 4924 2665 4978 etiam
2719 4926 3019 4994 primicerii
3042 4943 3255 4995 eorum,
3313 4947 3437 4985 cum

1855 5012 2150 5082 principes,
2191 5024 2302 5068 tum
2332 5016 2647 5071 sacerdotes
2679 5017 3004 5087 nequitiam,
3029 5021 3185 5090 quasi
3219 5023 3272 5075 iu
3321 5038 3437 5078 me-

1854 5102 1945 5157 dio
1974 5102 2058 5157 sui
2080 5104 2442 5174 excipientes,
2466 5107 2657 5161 sectati
2696 5118 2843 5164 sunt.

1924 5280 2084 5334 Vens.
2120 5280 2205 5334 l7.
2245 5300 2263 5332 ι
2294 5281 2405 5351 Ego
2427 5282 2493 5337 ad
2517 5282 2688 5338 Deum
2708 5285 2956 5339 clamavi.
2995 5303 3013 5336 ›

1933 5371 2185 5427 Christus
2205 5374 2368 5427 etiam
2398 5374 2514 5429 haec
2544 5375 2677 5430 dicit
2709 5394 2722 5429 :
2765 5377 3033 5446 siquidem
3060 5378 3126 5433 ad
3148 5377 3313 5434 Deum
3339 5379 3432 5434 Pa-

1864 5473 2001 5517 trem
2034 5478 2191 5517 suum
2218 5466 2490 5531 clamavit,
2520 5475 2575 5521 et
2632 5467 2898 5523 Dominus
2948 5471 3221 5525 exaudivit
3288 5487 3434 5527 eum.

1862 5554 1985 5607 Sive
2012 5553 2272 5623 Spiritum
2306 5556 2511 5612 dixeris
2547 5557 2832 5628 (Dominus
2871 5559 3015 5613 enim
3050 5560 3285 5631 Spiritus
3309 5563 3436 5627 est),

1861 5644 1972 5697 sive
2028 5644 2203 5713 ipsum
2266 5645 2554 5702 Dominum
2631 5649 2986 5720 semetipsum
3036 5651 3440 5717 exaudientem,

1491 5872 1525 5897 π
1568 5871 1726 5927 Marc.
1762 5890 1868 5935 xxv,
1895 5877 1981 5929 ῒὶυ,
