4156 6452
189 688 356 762 αὑτὸν
384 705 591 777 τροφέα
616 702 712 755 καὶ
739 697 1043 769 στηριγμὸν
1063 736 1079 762 ,
1107 695 1247 748 ὥστε
1283 692 1545 764 μηδαμῶς
1576 688 1768 742 σαλεῦ-

188 801 374 868 θῆναι,
403 795 730 867 εὑρήσομεν.
765 791 927 842 Δοκεῖ
956 787 1014 841 δέ
1049 804 1140 856 μοι
1170 784 1266 839 τοῦ
1301 784 1473 837 Ἰούδα
1509 779 1767 852 μνησθεὶς

185 893 217 945 6
251 889 564 959 Προφήτης,
593 881 907 950 ἀναγκαίως
948 879 1044 932 καὶ
1090 877 1181 929 τὸν
1222 875 1433 945 Πέτρον
1460 870 1767 944 ῂνίξασθαι,

189 983 280 1035 ῐνα
306 979 622 1049 σφάλματος
646 972 906 1028 ἀκουσίου
929 970 1024 1024 καὶ
1046 966 1494 1039 παραπτώματος
1517 963 1768 1017 ἑκουσίου

185 1071 451 1142 διαφορὰν
505 1066 831 1136 ἐνδείξηται.
879 1061 984 1116 Τὸν
1047 1061 1156 1131 γάρ
1209 1057 1415 1128 Πέτρον
1462 1056 1627 1109 ’ἑνεκα
1672 1051 1768 1106 τοῦ

191 1163 512 1232 σφάλματος
540 1160 640 1229 τῆς
678 1156 962 1227 ἀρνήσεως
998 1148 1463 1222 παραθαρρύνων,
1491 1149 1580 1201 καὶ
1629 1161 1768 1215 προ-

185 1254 412 1326 τρέπων
437 1251 518 1312 είς
548 1248 862 1319 μετάνοιαν,
889 1241 1182 1314 ἐπιρρίψαι
1230 1238 1309 1310 τῷ
1339 1237 1459 1308 Θεῷ
1489 1238 1590 1308 τὴν
1628 1235 1769 1306 ὑπὲρ

185 1345 401 1402 τούτων
429 1340 801 1413 προτρέπεται
835 1336 1130 1407 μέριμναν,
1156 1331 1443 1402 διατρέψαι
1461 1330 1553 1381 τὸν
1573 1328 1770 1398 ’μαθη-

185 1437 292 1508 τὴν
303 1439 370 1507 τῇ
389 1434 692 1505 συγγνώμῃ
715 1429 1038 1500 δυνάμενον,
1055 1429 1151 1482 καὶ
1181 1427 1255 1498 μὴ
1286 1415 1671 1496 συγχωροῦντα
1691 1425 1771 1487 είς

187 1531 284 1582 τὸν
314 1529 488 1581 αίῶνα
517 1527 679 1580 σάλον
705 1523 782 1594 τῷ
804 1522 1003 1592 δικαίῳ
1029 1518 1286 1588 γενέσθαι
1303 1534 1318 1548 ο
1353 1516 1491 1570 ἀλλὰ
1517 1515 1621 1570 κᾶν
1647 1515 1774 1568 ὑπο-

193 1621 334 1693 μένῃ
363 1620 499 1688 πρὸς
528 1617 742 1686 καιρὸν,
771 1614 975 1677 εὐθέως
1002 1611 1192 1665 τοῦτον
1226 1611 1305 1673 εἰς
1328 1608 1572 1679 γαλήνην
1606 1620 1772 1677 μετα-

189 1712 482 1765 ϐάλλοντα.

269 1821 287 1854 ι
311 1800 450 1870 Ἐγὼ
479 1801 556 1865 δὲ,
591 1799 786 1868 Κύριε,
811 1795 983 1851 ἐλπιῶ
1013 1794 1106 1848 ἐπὶ
1137 1792 1218 1846 σέ.
1251 1813 1270 1846 ›

273 1891 332 1944 '0
361 1889 555 1952 πιστὸς
587 1888 798 1954 λεγέτω
819 1886 979 1939 τοῦτο
998 1902 1012 1918 ·
1033 1887 1068 1955 ή
1099 1884 1204 1954 γὰρ
1225 1884 1303 1946 εἰς
1325 1882 1458 1935 Θεὸν
1487 1880 1644 1943 ἐλπὶς
1663 1878 1771 1933 τῶν

189 1981 382 2036 κακῶν
406 1978 726 2050 ἐλευθερίαν
757 1977 980 2046 ἀγαθῶν
1003 1993 1066 2030 τε
1096 1976 1318 2029 πάντων
1343 1971 1645 2043 παρουσίαν
1666 1987 1767 2040 χα-

193 2075 424 2147 ρίζεται.

751 2158 1049 2216 ΨΑΛΜΟΣ
1084 2160 1212 2213 NE'.

267 2276 288 2311 ι
316 2259 411 2321 El;
445 2257 507 2310 τὸ
539 2256 712 2322 τέλος,
741 2253 883 2324 ὑπὲρ
918 2251 1014 2305 τοῦ
1044 2249 1172 2305 λαοῦ
1198 2247 1294 2301 τοῦ
1320 2246 1432 2302 ἀπὸ
1459 2245 1571 2299 τῶν
1600 2243 1771 2314 ἁγίων

194 2347 692 2422 μεμακρυμμένου,
722 2366 738 2397 ι
771 2363 827 2400 κ.
854 2361 905 2396 τ.
938 2344 990 2396 λ.

266 2443 423 2494 Δοκεῖ
458 2457 573 2501 πως
621 2435 843 2490 ἐναντία
876 2429 1015 2486 εἶναι
1061 2432 1162 2501 τῆς
1201 2431 1530 2501 προγραφῆς
1565 2428 1633 2481 τὰ
1672 2427 1771 2498 ῥή-

196 2549 364 2603 ματα.
383 2531 727 2598 Ἐπεδήμησε
765 2527 864 2596 μὲν
904 2527 1013 2596 γὰρ
1057 2525 1087 2576 6
1131 2522 1296 2575 Δαῦὶδ
1340 2523 1405 2591 τῇ
1454 2522 1489 2572 Γ
1494 2520 1573 2582 ἐθ,
1610 2517 1774 2588 ήνίκα

193 2623 308 2678 ἀπὸ
335 2622 507 2675 Σαοὺλ
537 2619 964 2691 ἐδραπέτευσεν·
996 2617 1057 2668 οὐ
1089 2614 1197 2685 μὴν
1235 2614 1465 2682 ἐπέσχον
1504 2611 1596 2663 τὸν
1639 2625 1773 2680 προ-

198 2716 379 2785 φήτην
426 2716 475 2765 of.
518 2711 842 2778 ἀλλόφυλοι,
881 2707 1018 2761 ἀλλὰ
1067 2706 1162 2758 καὶ
1212 2705 1414 2773 μᾶλλον
1459 2703 1771 2766 ἀπώσαντο,

197 2807 390 2876 ἐπειδὴ
439 2804 769 2872 ἐξεστηκότα
819 2801 914 2852 καὶ
957 2798 1275 2870 παράφορον
1323 2797 1380 2846 ἐν
1425 2796 1545 2856 ταῖς
1584 2791 1776 2863 θύραις

201 2899 575 2968 κιθαρίζοντα,
605 2897 701 2948 καὶ
735 2894 911 2946 σίελον
938 2893 1348 2962 ἀπορῤίπτοντα
1377 2889 1470 2941 τοῦ
1510 2887 1776 2955 στόματος

201 2988 556 3058 ὑπεκρίνατο,
592 2987 668 3047 ὡς
697 2986 732 3053 ἠ
767 2983 950 3053 βίὸλος
999 2982 1109 3033 τῶν
1156 2979 1458 3032 Βασιλειὼν
1510 2969 1772 3029 δείκνυσι.

200 3079 337 3131 Τινά
382 3079 439 3130 δὲ
487 3078 581 3130 καὶ
628 3077 756 3128 λαὸν
808 3073 1277 3144 μεμακρυμμένον
1305 3070 1414 3123 ἀπὸ
1444 3070 1549 3120 τῶν
1582 3068 1774 3134 ἁγίων,

202 3172 344 3239 ὑπὲρ
364 3163 424 3222 οὗ
453 3169 546 3221 τὸν
569 3166 783 3236 ψαλμὸν
815 3168 843 3218 6
870 3164 1034 3217 Δαὸὶδ
1063 3162 1290 3231 ἔγραψε,
1320 3161 1609 3230 ζητοῦντες
1638 3158 1775 3210 κατά

201 3262 301 3329 τὴν
341 3258 580 3328 ἱστορίαν
601 3298 614 3319 ,
649 3259 747 3324 οὐχ
779 3256 1107 3324 εὑρήσομεν.
1139 3252 1345 3304 Οὐκοῦν
1392 3251 1606 3317 ἀνάγκη
1651 3265 1773 3315 νοη-
1802 3255 1843 3312 C

200 3352 307 3414 τῶς
325 3351 517 3412 ταῦτα,
543 3351 690 3403 ὥσπε
701 3365 731 3417 ρ
758 3347 820 3417 δὴ
843 3346 920 3415 τῷ
947 3345 1223 3414 Πνεύματι
1244 3342 1572 3411 γέγραπται,
1600 3356 1778 3408 παρα-

199 3443 472 3513 δέχεσθαι.
493 3439 665 3510 ’Υπὲρ
694 3440 803 3509 γὰρ
823 3436 917 3489 τοῦ
950 3434 1079 3488 λαοῦ
1109 3434 1217 3486 τῶν
1247 3433 1417 3485 ἐθνῶν
1447 3432 1537 3484 τὸν
1562 3429 1776 3499 ψαλμὸν

202 3539 231 3589 ὀ
266 3537 556 3604 Προφήτης
590 3529 926 3600 συνέγραψεν
947 3571 960 3593 ,
991 3530 1136 3590 ὅστις
1169 3527 1636 3595 μεμακρυμμένος
1670 3525 1776 3576 ἀπὸ

203 3624 310 3676 τῶν
341 3624 509 3690 ἁγίων
538 3619 866 3689 ἐτύγχανεν·
903 3617 1157 3685 οὐδεμιᾶς
1185 3617 1294 3684 γάρ
1326 3614 1610 3674 κοινωνίας
1641 3614 1776 3683 πρὸς

204 3715 552 3785 πατριάρχας
604 3713 637 3782 ἢ
691 3711 976 3781 προφήτας
1028 3707 1343 3775 ἐκέκτηντο.
1363 3705 1500 3757 ⁹Αλλ’
1524 3706 1674 3775 ὅμως
1726 3705 1775 3756 οί

208 3807 426 3878 μακρὰν
468 3803 657 3872 ἐγγὺς,
694 3799 840 3854 καθά
882 3815 1047 3869 φησιν
1090 3799 1119 3850 6
1159 3795 1392 3858 Παῦλος,
1423 3796 1657 3864 ἐγένετο,
1688 3795 1776 3848 ὅτε

201 3898 296 3952 τὸν
321 3897 438 3951 νέον
464 3895 627 3948 Δαϐὶδ
658 3892 970 3964 ἐκράτησαν
998 3892 1047 3944 οἱ
1075 3889 1360 3958 ἀλλόφυλοι
1387 3890 1445 3940 ἐν
1473 3886 1597 3951 ι’ὲθ,
1615 3903 1778 3940 τουτ-

201 3991 353 4045 έστιν
379 3991 436 4043 ἐν
461 3990 528 4059 τῇ
557 3985 705 4058 ληνῷ
737 3985 946 4055 (ληνὸς
992 3985 1098 4055 γὰρ
1133 3985 1167 4053 ἡ
1194 3985 1231 4035 Γ
1235 3982 1294 4036 ὲθ
1349 3982 1732 4055 ἑρμηνεύεται)
1759 4000 1774 4015 ο

201 4079 364 4150 ληνὸς
390 4079 449 4132 δὲ
483 4078 579 4132 καὶ
611 4079 645 4148 ή
681 4074 999 4146 Ἐκκλησία,
1025 4073 1114 4127 διὰ
1137 4073 1227 4126 τὸν
1247 4074 1402 4137 Θεὸν,
1434 4074 1528 4126 τὸν
1557 4075 1615 4126 ἐν
1637 4074 1773 4145 αὐτῇ

201 4167 603 4238 ληνοὸατοῢντα
654 4167 715 4220 τὸ
774 4167 1110 4238 μυστήριον,
1142 4165 1383 4233 λέγεται,
1418 4166 1495 4230 ὠς
1541 4166 1630 4219 διὰ
1676 4168 1778 4236 τῆς

217 4260 439 4315 Ἡσαΐου
474 4257 834 4330 προφητείας,
872 4257 1076 4324 Δηνὸν
1099 4256 1375 4324 ἐπάτησα
1397 4264 1605 4327 μάγος,
1648 4256 1778 4328 βοή-

203 4371 305 4417 σας
330 4353 646 4422 εὑρίσκεται
666 4368 680 4382 ·
713 4349 854 4404 ὥστε
898 4349 1035 4422 πρὸς
1077 4349 1238 4403 αὑτὸν
1266 4349 1365 4413 τὰς
1396 4350 1507 4402 τῶν
1537 4349 1779 4420 οὐρανῶν

199 4443 461 4513 δυνάμεις
493 4441 562 4495 τὰ
589 4441 686 4510 τῆς
712 4441 884 4510 αὐτῆς
911 4441 1248 4510 προφητείας
1272 4437 1727 4509 ἀντιφθέγγεσθαι
1761 4453 1776 4469 ⁸

197 4536 303 4590 Διὰ
336 4537 391 4589 τί
432 4551 549 4588 σου
587 4533 805 4603 ἐρυθρὰ
844 4532 917 4587 τὰ
955 4532 1189 4601 ἱμάτια,
1227 4532 1325 4586 καί
1360 4535 1434 4587 τὰ
1478 4532 1779 4600 ἐνδύματιί

199 4642 341 4689 σου,
372 4627 453 4691 ὡς
482 4626 598 4679 ἀπὸ
629 4623 895 4691 πατητοῦ
933 4623 1126 4692 ληνοῦ
1165 4623 1404 4692 πλήρης
1435 4638 1776 4677 καταπεπα-

200 4717 462 4783 τημένον
480 4733 500 4780 ;

283 4822 302 4854 ι
325 4805 574 4874 Ἐλέησόν
605 4821 693 4874 με,
725 4807 752 4857 6
780 4804 932 4869 Θεὸς,
972 4805 1054 4857 ὃτι
1084 4804 1433 4874 κατεπάτησε
1473 4821 1562 4873 με.
1597 4823 1616 4857 ι

273 4972 539 5036 Πολλάκις
587 4974 644 5026 δὲ
693 4975 788 5026 καὶ
838 4977 865 5027 ὁ
915 4975 1073 5044 ἡμῶν
1103 4975 1386 5045 ἄνθρωπος
1419 4977 1509 5030 τὸν
1540 4976 1776 5046 χαλεπὸν

196 5067 387 5121 τοῦτον
418 5067 709 5134 ὑφίσταται
733 5067 987 5136 πόλεμον,
1007 5068 1134 5138 ἕλην
1155 5067 1251 5138 τὴν
1274 5069 1484 5139 ἡμέραν
1510 5069 1659 5139 παρὰ
1679 5067 1774 5122 τοῦ

197 5160 417 5212 Σατανᾶ
446 5157 856 5227 πολεμούμενος
879 5198 895 5218 ,
926 5160 1020 5211 καὶ
1051 5160 1180 5231 παρ’
1205 5160 1368 5213 αὐτοῦ
1413 5159 1771 5232 πατούμενος.

199 5249 265 5303 Εἰ
297 5250 404 5318 γὰρ
435 5249 528 5304 καὶ
557 5249 844 5319 ἀνθρώπου
875 5251 902 5302 6
934 5251 1148 5320 ψαλμὸς
1189 5253 1614 5323 ἐμνημόνευσεν,
1651 5253 1780 5306 ἀλλ’

198 5342 351 5410 ὅμιινς
376 5339 466 5392 τὸν
501 5339 749 5392 Σατανᾶν
799 5339 994 5400 αὐτὸν,
1025 5338 1196 5403 οὕτως
1241 5342 1298 5392 ἐν
1332 5343 1396 5410 τῇ
1430 5341 1549 5412 θείᾳ
1579 5342 1772 5412 Γραφῇ

200 5427 461 5491 πολλάκις
479 5425 898 5498 ὀνομαζόμενον,
930 5428 964 5498 ἦ
991 5445 1113 5481 τινα
1141 5428 1247 5481 τῶν
1271 5429 1463 5501 ἐκείνῳ
1490 5447 1781 5501 στρατευο-

201 5525 382 5595 μένων
432 5520 752 5574 αίνίττεται.
783 5521 930 5589 Πλὴν
991 5522 1085 5574 καὶ
1133 5521 1225 5574 τὸν
1273 5523 1399 5575 λαὸν
1446 5524 1554 5576 τῶν
1604 5523 1775 5577 ἐθνῶν

197 5613 374 5667 ταῦτα
401 5609 729 5680 ύποψάλλειν
759 5611 1040 5681 ἁρμόδιον,
1075 5613 1253 5683 χρόνῳ
1297 5615 1480 5684 πολλῷ
1525 5615 1630 5669 ὑπὸ
1677 5615 1774 5669 τοῦ

196 5705 415 5759 Σατανᾶ
438 5701 804 5771 ἁπατηθέντα,
830 5703 922 5753 καὶ
953 5702 1042 5754 τὸν
1073 5706 1201 5774 παρ’
1232 5703 1398 5757 αὐτοῦ
1429 5705 1663 5774 πόλεμον
1687 5706 1776 5760 διὰ

273 5886 317 5920 ⁴⁰
349 5884 528 5956 lllcg.
557 5903 666 5953 ut,
696 5889 778 5955 l3.

851 5888 890 5919 δ’
926 5886 1126 5956 Ephes.
1158 5903 1214 5950 ιι,
1246 5887 1328 5940 15.
1411 5890 1453 5920 δ’
1483 5890 1585 5944 lsa.
1614 5907 1686 5957 γι,
1716 5892 1767 5945 ὖ.

1351 479 1814 548 FRAGMENTA
1852 473 1930 533 ΙΝ
1973 468 2331 531 PSALMOS.

188 620 300 690 γὰρ
327 613 407 687 τῷ
443 612 562 684 Θεῷ
587 610 682 674 τάς
713 605 990 679 ἡμετέρας
1031 602 1321 676 φροντίδας
1365 599 1769 672 ἐπιρῤίψωμεν,
1801 599 1847 654 Α
1875 585 2161 643 sollicitudi

3314 451 3446 516 1&2

1869 767 2079 820 ratione
2101 769 2561 817 commoveantur.
2603 750 2870 804 Caeterum
2897 763 3022 803 cum
3064 745 3448 813 Prophetalu-

1869 858 1950 911 da:
1975 856 2164 910 fecerit
2195 849 2550 910 mentionem,
2600 842 2750 898 visus
2779 849 2864 894 cst
2892 838 3024 905 mihi
3048 838 3275 892 Petrum
3309 851 3450 903 quo-

1869 963 1974 1018 que
2006 942 2320 1001 necessario
2341 937 2671 1001 insinuasse,
2695 941 2757 988 ut
2798 932 2985 1001 lapsus
3012 927 3364 983 involuntarii
3397 935 3450 980 et

1869 1038 2092 1094 sceleris
2135 1031 2429 1092 voluntarii
2470 1025 2836 1084 dillerentiam
2893 1021 3180 1076 indicaret.
3227 1019 3450 1072 Petrum

1871 1129 2017 1184 enim
2050 1134 2175 1198 post
2202 1121 2509 1194 negationis
2554 1122 2766 1188 lapsum
2791 1115 3061 1175 excitans,
3082 1119 3138 1165 et
3173 1110 3238 1163 ad
3273 1108 3450 1179 ιιωηί-

1874 1219 2098 1275 tentiam
2129 1215 2446 1276 adhortans,
2474 1217 2682 1272 monet,
2719 1215 2779 1260 ut
2808 1205 2863 1259 in
2905 1204 3073 1257 Deum
3105 1201 3300 1254 horum
3353 1213 3451 1252 cu-

1871 1329 1987 1370 ram
2008 1309 2279 1381 conjiciat,
2305 1306 2398 1377 qui
2427 1301 2752 1372 discipulum
2779 1313 2876 1368 per
2905 1294 3299 1367 indulgentiam
3317 1307 3454 1346 enu-

1874 1403 2002 1459 trire
2051 1380 2250 1472 possit,
2312 1405 2367 1451 et
2391 1409 2501 1449 non
2556 1390 2922 1463 permissurus
2942 1387 3124 1451 sit,‘ut
3155 1385 3336 1451 iustus
3396 1380 3451 1434 in

1869 1504 2073 1550 aeterna
2103 1486 2458 1546 ﬂuctuatione
2482 1490 2765 1546 versetur;
2797 1477 2892 1532 sed
2920 1475 2963 1532 si
2999 1474 3065 1529 ad
3093 1483 3310 1542 tempus
3327 1486 3448 1525 eam

1871 1582 2214 1647 sustinuerit,
2249 1580 2395 1633 illico
2421 1578 2601 1647 ipsum
2639 1575 2970 1627 reducturus
2992 1569 3063 1622 sit
3085 1565 3152 1620 ad
3186 1562 3452 1632 tranquil-

1869 1676 2098 1732 litatcm.

1948 1804 1968 1837 ι
2001 1786 2114 1853 Ego
2134 1793 2314 1837 autem
2336 1777 2570 1847 sperabo
2623 1753 2677 1827 in
2711 1781 2784 1837 le,
2829 1770 3078 1824 Domine.
3112 1785 3130 1818 ι

1946 1874 2147 1929 Fidelis
2191 1873 2294 1926 hoc
2321 1868 2502 1923 dicat:
2535 1879 2657 1918 nam
2700 1877 2824 1932 spes
2861 1861 2914 1912 in
2967 1859 3136 1912 Deum
3182 1855 3451 1910 malorum

1823 1936 2250 2022 {liberationem
2299 1969 2357 2017 ct
2436 1959 2705 2014 bonorum
2761 1952 3008 2008 omnium
3080 1948 3295 2018 copiam
3349 1947 3455 2000 lar-

1872 2054 2037 2125 gitur.

2431 2132 2747 2193 PSALMUS
2776 2130 2887 2187 LV.

1938 2226 2102 2283 Vsus.
2162 2227 2214 2281 l.
2243 2244 2262 2278 ι
2326 2223 2386 2278 1η
2416 2223 2603 2286 tinctu,
2639 2235 2739 2292 pro
2787 2216 2989 2288 populo
3035 2215 3127 2285 qui
3185 2230 3215 2268 a
3249 2215 3454 2271 sanctis

1870 2318 2027 2389 longe
2045 2317 2219 2372 factus
2246 2321 2353 2378 est,
2393 2331 2413 2365 ι
2450 2320 2555 2366 etc.

1939 2409 2114 2464 Verba
2145 2406 2287 2461 tituli
2313 2404 2566 2459 videntur
2592 2396 2996 2470 quodammodo
3018 2411 3138 2452 esse
3158 2397 3452 2450 contraria.

1875 2500 2154 2570 Siquidem
2191 2496 2358 2550 David
2385 2492 2635 2564 pervenit
2663 2490 2720 2544 in
2761 2489 2923 2555 Geth,
2961 2488 3180 2558 quando
3236 2488 3453 2542 Saulem

1873 2591 2148 2662 fugiebat;
2176 2603 2285 2642 non
2313 2595 2494 2640 tamen
2518 2581 2844 2652 prophetam
2901 2577 3221 2648 alienigenae
3253 2577 3456 2631 retine—

1873 2684 2026 2744 bant,
2049 2681 2180 2750 quin
2204 2677 2384 2748 potius
2405 2672 2768 2743 expellebant,
2785 2670 2910 2740 quia
2938 2684 2996 2723 se
3016 2678 3288 2723 amentem
3310 2677 3364 2722 ct
3381 2669 3460 2722 in-

1875 2789 2068 2830 sanum
2102 2769 2391 2827 simulabat
2416 2769 2472 2820 in
2504 2764 2674 2834 portis
2694 2762 3088 2826 citharizando,
3150 2772 3201 2816 et
3233 2761 3455 2816 salivam

1878 2866 1990 2922 oris
2013 2859 2369 2934 projiciendo,
2398 2857 2477 2911 uti
2527 2856 2664 2911 liber
2688 2854 2896 2924 Regum
2919 2852 2965 2884 ⁸⁸
2995 2852 3258 2907 declarat.
3283 2851 3454 2915 Quem

1878 2972 2042 3029 porro
2068 2954 2327 3026 p0pulum
2365 2967 2397 3006 a
2427 2949 2630 3005 sanctis
2661 2947 2971 3016 elongatum
2994 2945 3163 3009 dicat,
3221 2958 3318 3014 pro
3347 2958 3458 3013 quo

1878 3045 2047 3100 David
2079 3044 2347 3113 psalmum
2426 3040 2729 3110 scripserit,
2797 3038 3100 3093 secundum
3169 3035 3456 3090 historiam

1877 3146 2205 3206 qumrentes,
2230 3148 2340 3188 non
2365 3132 2521 3187 facile
2557 3132 2910 3202 reperiemus.
2971 3128 3337 3195 Quamobrem
3369 3141 3462 3178 ue-

1878 3245 2030 3284 cessc
2060 3228 2287 3283 esthaac
2342 3226 2660 3295 spiritaliter
2723 3223 2915 3294 accipi,
2955 3230 3119 3292 prout
3171 3235 3201 3273 a
3253 3219 3456 3288 Spiritu

1884 3331 2074 3375 sancto
2111 3319 2312 3389 scripta
2343 3327 2492 3372 sunt.
2523 3317 2657 3370 Nam
2679 3317 2947 3386 psalmum
3003 3313 3149 3367 hunc
3187 3311 3460 3380 Pt-Oplwta

1882 3410 2328 3478 conscripsitpro
2385 3407 2584 3479 populo
2621 3420 2653 3459 e
2700 3406 2974 3476 gentibus,
3029 3403 3122 3474 qui
3169 3417 3201 3458 ο.
3254 3400 3462 3460 salutis

1883 3498 2042 3566 longe
2065 3497 2238 3550 factus
2270 3495 2411 3548 fuit:
2448 3493 2649 3546 nullam
2681 3492 2826 3545 enim
2877 3509 3000 3546 cum
3031 3493 3353 3562 patriarchis
3407 3504 3462 3547 ct

1883 3588 2169 3658 prophetis
2229 3586 2502 3640 habebant
2544 3584 3118 3638 communicationem.
3174 3584 3460 3639 Verumta-

1883 3696 2007 3736 men
2029 3680 2122 3749 qui
2149 3686 2304 3732 erant
2355 3677 2512 3745 longe
2548 3675 2612 3738 “,
2643 3683 2704 3728 ut
2747 3675 2945 3729 Paulus
2992 3675 3088 3737 ait,
3147 3675 3272 3729 facti
3333 3685 3463 3728 sunt

1881 3787 2071 3842 prope,
2101 3770 2318 3839 quando
2346 3783 2550 3822 novum
2573 3765 2830 3820 Davidem
2861 3767 3462 3836 ceperuntalienigeme

1882 3862 1939 3916 in
1973 3860 2136 3925 Gcth,
2168 3861 2272 3914 hoc
2306 3869 2391 3913 cst
2418 3859 2471 3911 in
2525 3858 2783 3912 torculari
2863 3858 3019 3926 (Geth
3051 3858 3196 3912 enim
3229 3859 3463 3912 torcular

1883 3950 2322 4022 interpretatur).
2346 3950 2615 4005 Caeterum
2641 3949 2875 4004 torcular
2893 3949 3051 4003 etiam
3085 3949 3323 4004 Ecclesia
3375 3951 3462 4004 di-

1881 4045 2023 4101 citur
2047 4052 2266 4113 propter
2296 4042 2466 4096 Deum
2486 4083 2501 4106 ,
2520 4059 2524 4063 ·
2543 4041 2637 4111 qui
2661 4041 2716 4094 in
2758 4055 2823 4096 ea
2861 4056 2962 4095 ceu
2991 4041 3244 4096 torculari
3277 4056 3463 4096 sacra-

1882 4140 2127 4187 mentum
2158 4131 2461 4200 expressit,
2487 4130 2628 4186 sicut
2662 4146 2759 4200 per
2781 4130 2911 4185 illud
2940 4129 3089 4186 Isaia!
3110 4131 3457 4186 vaticinium:

1882 4221 2135 4276 Torcular
2163 4220 2363 4275 calcam'
2390 4220 2552 4285 solus,
2592 4220 2932 4276 exclamasse
2969 4221 3278 4290 reperitur;
3302 4222 3374 4276 ita
3401 4230 3461 4276 ut

1879 4315 1949 4370 ad
1967 4316 2144 4386 ipsum
2171 4313 2423 4369 caelestes
2449 4310 2689 4367 Virtutes
2707 4312 2861 4382 quasi
2894 4313 3286 4383 interrogando
3309 4313 3461 4367 dice-

1881 4417 2004 4462 rent
2041 4423 2055 4460 :
2083 4406 2260 4471 Quare
2275 4405 2436 4459 rubra
2456 4414 2576 4459 sunt
2599 4405 2905 4459 vestimenta
2932 4413 3047 4468 tua,
3075 4412 3124 4458 et
3147 4405 3457 4457 indumenta

1881 4507 1996 4563 tua,
2057 4498 2192 4551 sicut
2222 4513 2254 4549 a
2319 4495 2524 4550 calcato
2557 4493 2811 4549 torculari
2857 4494 3010 4562 pleno
3055 4493 3360 4547 conculcata
3387 4494 3459 4545 ιη

1954 4803 2117 4859 Vsus.
2159 4805 2214 4858 2.
2252 4823 2269 4854 ι
2318 4803 2576 4857 Miserere
2604 4804 2734 4871 mei,
2759 4803 2923 4872 Deus,
2951 4807 3209 4875 quoniam
3231 4810 3458 4865 concul-

1882 4895 2022 4951 cavit
2053 4911 2158 4948 me.
2198 4913 2216 4945 ι

1953 4988 2344 5058 Saepenumero
2368 4988 2531 5042 etiam
2564 4998 2752 5044 noster
2781 4990 2945 5044 homo
2972 4989 3190 5045 diﬂicile
3214 4990 3318 5045 hoc
3338 4991 3455 5046 bel-

1879 5081 1993 5135 lum
2017 5081 2270 5143 sustinet,
2300 5096 2330 5133 a
2359 5080 2559 5136 Satana
2585 5090 2697 5135 toto
2714 5081 2801 5136 die
2830 5093 3197 5152 oppugnatus,
3219 5092 3271 5138 et
3301 5085 3369 5138 ab
3390 5101 3455 5137 eo

1876 5171 2248 5225 conculcatus.
2291 5168 2400 5225 Etsi
2435 5171 2581 5226 enim
2610 5171 2697 5224 hic
2724 5171 2964 5240 psalmus
2994 5171 3229 5224 hominis
3256 5172 3454 5225 memi-

1880 5258 2049 5323 nerit,
2091 5257 2254 5311 simul
2287 5267 2469 5312 tamen
2509 5259 2684 5327 ipsum
2715 5257 2990 5320 Satanam,
3032 5258 3122 5326 qui
3155 5257 3211 5310 in
3270 5258 3454 5314 divina

1881 5349 2162 5419 Scriptura
2223 5350 2540 5420 frequenter
2582 5351 2687 5405 hoc
2715 5350 2934 5404 nomine
2979 5350 3306 5419 appellatur,
3359 5360 3454 5405 aut

1881 5442 2076 5497 ducem
2115 5442 2351 5511 aliquem
2381 5443 2484 5512 ipsi
2535 5444 2948 5498 subordinatum
3002 5443 3262 5498 insinuat.
3310 5443 3453 5508 Quin

1881 5533 1993 5588 imo
2023 5542 2459 5589 consentaneum
2491 5535 2582 5597 sit,
2619 5537 2734 5589 hazc
2764 5535 3023 5604 populum
3056 5550 3272 5604 quoque
3322 5547 3455 5605 gen-

1881 5624 2014 5678 tium
2047 5628 2360 5692 succinere;
2385 5635 2571 5696 utpote
2602 5626 2762 5696 longo
2794 5636 3038 5697 tempore
3070 5642 3100 5680 a
3137 5628 3336 5681 Satana
3358 5629 3454 5680 de-

1883 5724 2124 5787 ceptum,
2147 5717 2501 5788 ejusdemque
2521 5719 2720 5774 bellum
2778 5735 2874 5790 per
2896 5720 3204 5775 cla-nionqu
3231 5720 3454 5774 insidias
