4156 6452
783 335 916 398 i223

778 533 968 588 festius
984 542 1274 605 expressit.

849 623 1011 681 Vens.
1049 629 1101 682 ’5.
1129 648 1146 679 t
1185 631 1656 692 Conculcaverunt
1695 655 1782 694 me
1817 642 2017 697 inimici
2052 646 2178 699 mei.
2217 664 2237 699 ι

842 716 962 771 Νοη
989 735 1151 773 unam
1183 722 1326 777 diem
1345 725 1497 792 dicit,
1529 732 1620 784 sed
1654 734 1835 786 omnis
1870 736 2133 805 temporis
2153 739 2342 793 laben-

777 805 846 858 tis
877 809 1132 876 spatium,
1166 813 1498 881 quoinimit-i
1530 821 1700 873 nostri
1760 823 2071 890 spirituales
2129 827 2198 881 ab
2237 828 2345 883 alto

773 911 874 950 nos
934 913 1248 971 oppugnare
1298 914 1349 958 et
1382 909 1706 964 conculcare
1767 912 1990 968 minime
2039 930 2342 974 cessarunt.

768 987 1174 1046 Conculcarunt
1205 1004 1386 1048 autem
1406 1037 1422 1062 ,
1477 1002 1791 1066 quomodo?
1820 1003 1925 1058 Per
1974 1006 2334 1065 idololatrian:

767 1087 825 1131 et
855 1081 1160 1148 voluptates
1207 1084 1342 1140 alios
1387 1091 1827 1160 supplantantes,
1885 1107 1940 1152 et
1995 1105 2338 1169 postmodum

767 1173 1050 1238 prostratis
1077 1174 1423 1234 insultantes.
1488 1183 1597 1238 Nos
1647 1187 1826 1257 itaque
1881 1205 2219 1263 nequaquam
2271 1199 2337 1253 ad

765 1270 989 1324 terram,
1020 1265 1071 1317 id
1102 1276 1205 1330 est,
1238 1270 1304 1322 ad
1349 1278 1564 1328 terrena
1597 1288 2038 1349 prosternamur;
2081 1295 2137 1340 et
2177 1303 2339 1344 nemo

764 1368 864 1404 nos
889 1355 1089 1422 poterit
1117 1361 1438 1417 conculcare
1475 1383 1486 1418 :
1513 1368 1608 1420 sed
1631 1384 1809 1438 neque
1840 1373 2092 1432 inimicos
2121 1389 2338 1437 nostros

761 1443 1083 1498 excelsiores
1102 1445 1215 1500 ﬁeri
1248 1453 1649 1521 permittamus,
1693 1461 1789 1514 sed
1814 1463 2078 1519 virtutum
2136 1471 2334 1525 scalam

759 1535 1212 1602 conscendentes,
1266 1541 1593 1602 insidiantes
1633 1552 1792 1606 nobis
1856 1553 1990 1623 ipsis
2045 1557 2335 1618 inferiores

758 1621 1070 1680 efﬁciamus.

751 1899 1210 1964 quemadmodum
1288 1907 1487 1965 Paulus
1552 1914 1649 1978 ait,
1713 1918 1942 1975 honeste
1966 1899 2326 1983 ambulaveri;

752 2004 894 2055 mus,
944 1997 1141 2048 merito
1195 2000 1470 2055 neminem
1507 2005 1883 2065 insidiantium
1943 2013 2323 2088 formidamus,

751 2090 968 2138 utentes
1020 2085 1284 2141 adversus
1354 2090 1502 2159 ipsos
1551 2106 1839 2154 armatura
1878 2101 2005 2157 ﬁdei
2029 2114 2082 2160 et
2113 2108 2228 2177 spei
2269 2110 2324 2164 in

750 2173 940 2227 Deum.

815 2263 980 2318 Vens.
1011 2265 1063 2318 5.
1114 2286 1132 2318 t
1163 2266 1221 2320 ln
1255 2269 1366 2323 Deo
1397 2271 1649 2329 laudabo.
1682 2296 1700 2327 1

812 2352 949 2407 Cum
997 2357 1177 2410 omnis
1213 2373 1415 2426 sermo,
1453 2364 1543 2432 qui
1596 2365 1690 2422 Dei
1738 2371 2018 2429 notionem
2054 2380 2321 2447 continet,

743 2445 903 2500 laude
937 2463 1002 2502 ac
1030 2450 1398 2507 celebratione
1444 2456 1639 2527 dignus
1685 2461 1784 2525 sit,
1824 2464 1947 2533 ipsi,
1977 2468 2170 2539 inquit,
2199 2445 2322 2527 tan;

740 2549 901 2602 quam
929 2537 1139 2590 auctori
1163 2538 1349 2594 laudes
1379 2543 1738 2603 cxhiheamus
1771 2568 1784 2603 :
1820 2563 1875 2606 et
1899 2537 2238 2629 quaecunque
2267 2562 2320 2616 in

741 2623 861 2695 ipso
890 2627 1188 2696 loquimur,
1219 2631 1334 2686 haec
1365 2633 1505 2689 bene
1535 2636 1743 2708 dirigit,
1776 2657 1841 2698 ac
1869 2647 2068 2701 merito
2097 2623 2326 2706 retribu-

740 2718 892 2772 tione
917 2719 1078 2789 digna
1107 2723 1411 2777 constituit.
1438 2723 1605 2782 Porro
1628 2746 1840 2786 carnem
1863 2735 2177 2807 frequenter
2199 2759 2317 2798 car-

738 2811 890 2865 nales
940 2812 1171 2867 allectus
1222 2823 1277 2868 et
1320 2817 1625 2887 voluptates
1676 2823 1784 2878 dici
1842 2831 2209 2897 reperiemus;
2250 2839 2320 2902 fut

737 2903 955 2970 quando
972 2902 1170 2958 Paulus
1195 2905 1304 2959 ait:
1334 2906 1452 2961 Scio
1476 2912 1613 2964 enim
1636 2915 1762 2982 quia
1796 2933 1900 2970 non
1923 2920 2125 2976 habitat
2140 2926 2194 2978 in
2215 2944 2316 2994 me,

735 2999 831 3044 hoc
863 3003 937 3046 est
985 2995 1039 3048 in
1087 3012 1244 3051 carne
1275 3014 1414 3065 nica,
1451 3001 1639 3056 bonum
1661 3004 1746 3072 “;
1800 3023 1944 3078 saepe
1976 3027 2107 3067 vero
2153 3016 2316 3072 etiam

735 3081 1051 3150 hominem;
1101 3087 1243 3142 sicut
1285 3090 1448 3144 etiam
1499 3093 1666 3148 David
1713 3096 2000 3154 dixit:Ad
2043 3111 2094 3157 te
2139 3109 2311 3162 omni:

733 3189 859 3226 caro
887 3176 1053 3229 veniet
1074 3177 1137 3231 ⁸⁸.
1171 3176 1308 3249 Spes
1342 3181 1502 3252 igitur
1531 3184 1626 3240 Dei
1657 3197 1711 3240 et
1736 3190 2071 3260 voluptatein
2104 3195 2304 3266 frenat,
2333 3183 2376 3238 δ

731 3275 788 3318 et
841 3266 1122 3322 inimicum
1176 3271 1454 3328 hominem
1501 3288 1834 3346 coercet,ct
1874 3287 2162 3356 utrobique
2207 3307 2308 3346 nos

730 3357 905 3410 reddit
947 3359 1366 3428 imperterritus.

803 3445 962 3502 Vens.
986 3450 1043 3504 6.
1092 3471 1111 3503 t
1144 3452 1279 3508 Tota
1307 3454 1395 3510 die
1421 3457 1587 3512 verba
1614 3476 1754 3516 mea.
1784 3482 1805 3514 ο

797 3539 1083 3596 Manifeste
1137 3546 1435 3603 etiamnum
1487 3550 1703 3608 Judteos
1765 3555 1945 3612 innuit
1991 3578 2006 3615 :
2055 3562 2114 3616 hi
2159 3565 2305 3620 enim

726 3631 890 3684 verba
926 3632 1186 3700 ﬁdelium,
1216 3639 1381 3693 veluti
1411 3640 1746 3701 inﬁdelitatis
1776 3664 1887 3704 sure
1923 3652 2304 3711 refutationem

725 3723 1085 3790 continentia,
1117 3742 1334 3799 semper
1363 3736 1629 3790 exsecrati
1674 3749 1804 3793 sunt
1837 3758 1851 3795 :
1882 3758 1914 3795 a
1947 3759 2107 3800 mane
2138 3748 2304 3803 nimi-

726 3829 845 3867 rum
877 3831 1048 3884 usque
1074 3820 1141 3872 ad
1172 3826 1465 3891 vesperam'
1479 3823 1648 3881 Paulo
1688 3831 1756 3884 ad
1801 3831 1948 3902 ipsos
1990 3850 2302 3908 perorante,

724 3903 824 3971 ipsi
878 3907 1159 3963 veritatem
1217 3914 1487 3968 sermonis
1536 3923 1838 3987 exsecrati,
1891 3925 2299 3999 dissentientes,

724 3995 801 4046 uti
851 3995 1026 4051 Lucas
1075 3999 1169 4064 ait,
1231 4001 1589 4059 Discesserunt
1647 4011 1925 4068 adversum
1989 4036 2073 4074 me
2125 4038 2302 4079 omnes

721 4087 1062 4156 cogitationes
1090 4109 1269 4146 eorum
1304 4095 1359 4148 in
1393 4096 1614 4153 malum.
1651 4101 1800 4158 Nihil
1846 4108 1993 4162 enim
2047 4112 2176 4167 boni
2232 4117 2301 4171 de

721 4180 976 4246 gentibus
998 4181 1173 4238 Judaei
1201 4187 1442 4256 cogitant
1468 4187 1748 4258 (quoniam
1777 4200 1958 4254 omnis
1987 4201 2152 4261 homo
2183 4223 2301 4262 ma-

719 4271 805 4325 lus
832 4274 1038 4342 profert
1073 4277 1298 4348 malum)
1339 4288 1395 4334 et
1442 4283 1591 4337 omni
1642 4288 1855 4345 ratione
1891 4308 1995 4349 nos
2043 4297 2297 4370 decipere

717 4374 1004 4422 οοηοηιυτ.

787 4569 932 4623 Nihil
958 4580 1106 4627 certe
1129 4566 1416 4643 prophetia
1437 4577 1538 4633 hac
1561 4581 1925 4641 manifestius.
1945 4587 2117 4646 Judaei
2139 4594 2288 4650 enim

719 4657 1109 4729 Hierosolymis
1150 4649 1311 4733 ε]ἑὸιί
1344 4667 1416 4720 ob
1447 4680 1736 4737 peccatum
1764 4684 1955 4732 contra
1984 4677 2286 4752 Christum,

715 4759 770 4801 et
798 4750 1042 4804 universi
1068 4752 1213 4806 orbis
1243 4763 1511 4811 terrarum
1537 4759 1732 4816 incola:
1759 4763 1939 4820 effecti
1967 4750 2289 4840 [dispersios

713 4841 798 4895 nis
855 4841 1045 4914 hujus]
1099 4859 1322 4900 causam
1363 4846 1719 4927 interrogati,
1776 4856 1921 4912 illam
1972 4863 2182 4930 celant,
2234 4876 2288 4921 et

713 4949 874 4987 suum
915 4950 1040 5004 erga
1067 4935 1344 4993 Christum
1384 4941 1643 4999 delictum
1679 4949 1994 5018 reticentes,
2024 4956 2128 5011 alia
2157 4974 2287 5029 pec-

709 5033 828 5077 cata
853 5034 1177 5093 prtetexunt.
1207 5029 1366 5085 Certe
1401 5048 1503 5088 nec
1533 5035 1674 5090 idola
1712 5039 1824 5107 jam
1851 5042 2072 5111 colunt,
2105 5063 2284 5116 neque

709 5115 1006 5184 prophetas
1031 5118 1315 5173 occidunt.
1347 5124 1416 5177 At
1441 5139 1540 5178 cur
1563 5128 1782 5184 celant?
1807 5149 1878 5188 ne
1901 5135 2155 5193 videlicet
2187 5115 2283 5196 eo-

709 5220 828 5257 rum
862 5205 1139 5262 confessio
1180 5209 1275 5264 ﬁat
1315 5211 1439 5265 ﬁdei
1465 5227 1666 5273 nostrae
1700 5225 2100 5292 comprobatio.
2133 5229 2277 5298 Ipsi,

708 5292 916 5361 inquit,
945 5296 1248 5352 calcaneum
1281 5317 1449 5356 meum
1481 5301 1844 5366 obseruabant.
1876 5292 2281 5384 Siquidemvlu;

704 5384 806 5438 daei
837 5384 1003 5439 etiam
1032 5390 1312 5456 quodlibet
1343 5395 1599 5452 delictum
1635 5413 1884 5459 nostrum
1915 5419 2228 5466 scrutantur
2263 5432 2276 5467 :

705 5483 867 5543 atque
901 5474 973 5529 ita
1003 5477 1276 5549 intelliges
1320 5485 1372 5538 id
1402 5489 1545 5554 quod
1580 5489 1722 5546 Deus
1746 5493 1813 5546 ad
1850 5510 2162 5566 serpentem
2194 5504 2278 5557 di-

705 5566 782 5619 xit
807 5584 819 5619 :
847 5565 965 5633 Ipse
991 5569 1278 5627 observabit
1305 5588 1460 5645 caput
1492 5590 1659 5650 tuum,
1679 5594 1729 5637 et
1753 5595 1809 5639 tu
1839 5565 2136 5645 observabis
2165 5594 2278 5661 ejus

775 5741 821 5772 ⁵³
847 5743 1004 5798 nent.
1045 5763 1160 5814 XIII,
1198 5749 1281 5804 l3.
1363 5753 1405 5782 “
1429 5751 1586 5809 llom.
1620 5773 1710 5824 vn,
1743 5759 1818 5814 l8.
1901 5761 1942 5793 ι’
1971 5761 2110 5818 Psal.
2144 5781 2288 5833 LXIV,
2323 5769 2373 5822 3.

1945 355 2302 414 IIESYl'itllI
2351 359 2818 427 l‘ilESBYTEIlI

779 443 1167 514 sustinentem;
1200 463 1335 518 quos
1359 454 1412 506 in
1445 454 1799 523 sequentibus
1833 457 2134 527 insinuans,
2173 467 2312 518 mani

2412 489 2420 525 l
2452 471 2550 538 τῆς
2582 474 2689 526 τῶν
2715 476 3020 547 δαιμόνωνέ

3937 385 4064 446 ηεξ

3033 483 3286 553 πιεουλῆς
3308 483 3676 556 ὑπομείναντα
3693 532 3710 556 ,
3737 491 3839 554 οῦς
3874 495 3936 546 ἐν
3960 497 4058 557 :01;

2450 561 2576 631 ἑξῆς
2614 567 2943 637 σαφέστερον
2995 572 3196 643 ἔφησεν
3229 577 3622 646 αἰνιττόμενος.

2527 677 2544 709 t
2574 661 2977 734 Κατεπάτησάν
3005 685 3094 738 με,
3125 671 3172 722 oi
3208 671 3391 743 ἐχθροί
3423 691 3545 742 μου.
3579 693 3598 723 .n
3786 734 3794 741 _

2515 753 2588 806 Οὐ
2621 755 2754 823 μίαν
2774 759 2988 828 ἡμέραν
3011 760 3180 828 λέγει,
3203 763 3341 816 ἀλλά
3361 766 3456 818 τοῦ
3479 769 3680 836 χρόνου
3717 769 3948 832 παντὸς
3971 771 4052 823 τοῦ

2443 843 2748 912 φθάσαντος
2776 848 2838 902 τὸ
2867 850 3165 921 διάστημα,
3185 855 3242 906 ἐν
3269 847 3312 921 ᾧ
3342 856 3388 908 οἱ
3423 857 3611 927 ἐχθροὶ
3641 859 3816 928 ἡμῶν
3851 863 3908 912 οἱ
3942 879 4051 927 νοτε-

2441 936 2526 989 τοὶ
2559 937 2652 1006 ἀφ’
2677 937 2844 1007 ὕψους
2887 942 3035 1011 ἡμᾶς
3074 943 3440 1014 πολεμοῦντες
3472 949 3566 1000 καὶ
3599 949 3932 1011 πατοῦντες
3961 954 4046 1004 οἰκ

2442 1028 2767 1084 ἐπαύσαντο.
2785 1033 3140 1088 Κατεπάτουν
3171 1035 3252 1087 δέ·
3304 1037 3459 1102 πῶςς
3497 1039 3596 1090 Διά
3618 1041 3723 1108 τῆς
3755 1041 4044 1094 είδωλοὶει-

2440 1120 2596 1187 τρίας
2623 1121 2718 1174 καὶ
2744 1121 2852 1174 τῶν
2880 1123 3083 1192 ἡδονῶν
3102 1165 3118 1190 ,
3151 1127 3261 1178 τῶν
3298 1126 3478 1180 ἀλλων
3511 1130 3886 1193 σκελίσαντες
3909 1173 3922 1190 ,
3960 1136 4041 1182 καὶ

2442 1211 2579 1279 μετά
2599 1212 2757 1264 τοῦτο
2782 1213 3056 1282 κειμένοις
3078 1216 3522 1284 ἐπεμϐαίνοντες.
3541 1221 3635 1290 Μὴ
3655 1221 3858 1273 τοίνυν
3884 1224 3918 1290 ἡ
3931 1227 4039 1290 μεῖε

2439 1289 2817 1373 σκελισθῶμεν
2863 1307 2943 1368 εἰς
2987 1308 3112 1374 γῆν,
3144 1307 3446 1374 τουτέστιν,
3478 1312 3555 1372 εἰς
3584 1289 3653 1363 τά
3690 1313 3877 1381 γήϊνα
3895 1289 4036 1365 (καὶ

2435 1391 2614 1454 οὐδεὶς
2669 1395 2818 1462 ἡμᾶς
2869 1396 3259 1465 καταπατῆσαι
3307 1399 3642 1471 δυνήσεται·
3695 1403 3850 1454 ἀλλὰ
3906 1407 4033 1471 μηᾷὲ

2434 1483 2560 1545 τοὺς
2591 1484 2818 1554 ἐχθροὺς
2841 1487 2999 1556 ἡμῶν
3035 1487 3402 1558 ὑψηλοτέρους
3431 1490 3688 1558 γενέσθαι
3732 1498 4031 1563 συγχωρή-

2437 1593 2637 1644 σωμεν,
2672 1577 2810 1631 ἀλλά
2858 1578 2966 1632 τῶν
3009 1581 3222 1651 ἀρετῶν
3267 1583 3569 1646 ἀναϐάντες
3615 1586 3713 1637 ἐπὶ
3755 1587 4027 1654 κλίμακα.

2433 1669 2779 1738 κατωτέρους
2813 1670 3022 1723 ἑαυτῶν
3050 1675 3178 1735 τοὺς
3204 1675 3524 1738 ἐπιϐούλους
3551 1679 3918 1748 ποιήσωμεν.

2509 1776 2527 1808 t
2553 1759 2796 1830 Ἡμέρας
2830 1761 2892 1815 οὐ
2926 1763 3328 1834 φοϐηθήσομαι.
3367 1785 3382 1817 1

2501 1847 2629 1901 Ἑάν
2656 1853 2785 1921 γὰρ,
2821 1853 3008 1922 φησὶν,
3042 1856 3100 1906 ἐν
3144 1855 3223 1924 τῷ
3267 1859 3408 1923 φωτὶ
3463 1860 3906 1930 περιπατῶμεν,
3940 1863 4022 1913 καὶ

2428 1937 2486 1989 ἐν
2516 1937 2734 2009 ἡμέρᾳ,
2769 1939 2912 1994 καθά
2947 1958 3114 2010 φησιν
3148 1945 3176 1996 ὁ
3205 1942 3440 2009 Παῦλος,
3473 1947 3846 2016 εὐσχημόνως
3875 1965 4025 2016 περι-

2428 2030 2781 2100 πατήσωμεν,
2821 2031 3010 2084 οὐδένα
3058 2033 3168 2085 τῶν
3218 2035 3521 2088 ἐπιϐούλων
3553 2039 3791 2092 εἰκότως
3822 2041 4022 2107 φοϐού-

2429 2123 2568 2190 μεθα
2591 2163 2605 2188 ,
2638 2123 2789 2194 ὅπλῳ
2823 2123 2959 2194 πρὸς
2984 2125 3184 2189 αὐτοὺς
3216 2126 3396 2179 πίστει
3425 2133 3489 2198 τῇ
3522 2131 3602 2192 εἰς
3633 2128 3778 2183 Θεὸν
3806 2133 3911 2184 καὶ
3947 2131 4022 2183 ἐλ-

2426 2213 2557 2267 πίδα
2587 2215 2882 2286 χρώμενοι.

2501 2328 2518 2360 t
2544 2310 2630 2361 Ἐν
2658 2309 2734 2378 τῷ
2765 2308 2884 2380 Θεῷ
2916 2311 3208 2365 ἐπαινέσω.
3243 2331 3259 2360 1

2497 2401 2715 2471 Ἐπειδὴ
2753 2403 2864 2464 πᾶς
2903 2400 3062 2469 λόγος
3091 2402 3421 2470 θεογνωσίαν
3459 2406 3622 2475 ἔχων,
3654 2408 3897 2462 ἐπαίνου
3933 2413 4020 2461 καί

2422 2491 2697 2561 εὐφημίας
2746 2491 2916 2557 ἄξιος,
2946 2494 3116 2562 αὐτῷ,
3163 2497 3351 2564 φησὶν,
3382 2496 3457 2559 ὼς
3505 2500 3842 2567 χορηγοῦντι
3890 2504 4020 2563 τοὺς

2421 2582 2676 2644 ἐπαίνους
2703 2582 3112 2652 παράσχωμενο
3149 2583 3242 2636 καὶ
3283 2585 3382 2638 ὅσα
3424 2586 3482 2638 ἐν
3525 2587 3678 2656 αὐτῷ
3711 2589 4017 2658 λαλοῦμεν,

2420 2671 2594 2726 ταῦτα
2620 2674 3025 2739 κατευοδοῦται,
3058 2674 3153 2728 καὶ
3179 2676 3405 2738 εἰκότως
3429 2678 3705 2748 ἀποδοχῆς
3738 2681 4016 2749 καθέστη-

2420 2782 2518 2818 κεν
2554 2765 2702 2829 ἀξια.
2740 2766 2937 2833 Σάρκα
2971 2766 3024 2818 δὲ
3063 2766 3321 2830 πολλάκις
3363 2769 3432 2821 τά
3458 2771 3702 2840 σαρκικά
3735 2773 3894 2842 πάθη
3929 2774 4013 2824 λέ-

2418 2857 2611 2924 γεσθαι
2656 2857 2746 2909 καὶ
2775 2857 2873 2920 τὰς
2911 2857 3105 2926 ἡδονὰς
3139 2859 3481 2928 εὑρήσομενο
3520 2861 3595 2924 ὡς
3630 2863 3767 2916 ὅταν
3797 2866 3827 2916 ὁ
3857 2863 4008 2915 Παῦ-

2418 2947 2510 3009 λος
2533 2965 2546 2978 ο
2570 2944 2712 3001 Οἶδα
2736 2949 2844 3017 γὰρ
2867 2948 2955 3001 ὅτι
2986 2950 3098 3001 οὐκ
3128 2949 3280 3002 οἰκεῖ
3304 2951 3372 3002 ἐν
3402 2951 3554 3018 ἐμοὶ,
3571 2953 3922 3020 τουτέστιν,
3945 2957 4010 3008 ὲν

2417 3038 2493 3105 τῇ
2511 3041 2693 3106 σαρκί
2711 3057 2851 3108 μου,
2880 3040 3105 3108 ἀγαθόν
3124 3057 3138 3071 ’
3173 3040 3434 3105 πολλάκις
3460 3043 3516 3095 δὲ
3543 3045 3639 3097 καὶ
3669 3047 3765 3098 τὸν
3793 3048 4008 3116 ἀνθρωο

2419 3147 2520 3182 πον
2539 3147 2554 3161 ο
2575 3131 2764 3200 ὥσπερ
2789 3131 2853 3198 δὴ
2871 3132 2964 3183 καὶ
2993 3131 3158 3184 Δαϐὶδ
3187 3132 3339 3199 ἔλεγε
3358 3149 3372 3163 ·
3391 3135 3548 3201 Πρὸς
3565 3136 3640 3188 σὲ
3656 3136 3830 3191 πᾶσα
3846 3140 4005 3208 σὰρξ

2420 3221 2656 3288 ἤξει.Ἦ
2688 3220 2781 3274 τοῦ
2813 3219 2948 3273 Θεοῦ
2989 3222 3172 3274 τοίνυν
3206 3223 3362 3287 ἐλπὶς
3405 3224 3498 3278 καὶ
3537 3225 3638 3296 τὴν
3673 3227 3878 3299 ἡδονὴν
3913 3249 4005 3299 χε-

2424 3312 2581 3375 λινοῖ,
2630 3311 2726 3363 καὶ
2769 3312 2862 3364 τὸν
2911 3313 3104 3380 ἐχθρὸν
3149 3314 3434 3383 ἄνθρωπον
3482 3318 3850 3385 συμποδίζει,
3912 3323 4003 3374 καὶ

2412 3401 2644 3471 ἀφοϐίαν
2682 3401 2814 3470 ἡμῖν
2845 3401 2905 3465 ἐξ
2934 3403 3198 3472 ἐκατέρου
3231 3405 3467 3459 δίδωσιν.

2489 3493 2692 3558 «Ὅλην
2721 3491 2819 3562 τὴν
2851 3493 3065 3563 ἡμέραν
3089 3496 3213 3557 τοὺς
3243 3495 3435 3563 λόγους
3464 3516 3585 3566 μου.
3622 3518 3640 3550 ι

2481 3582 2674 3651 Σαφῶς
2705 3583 2798 3634 καὶ
2839 3583 2934 3635 νῦν
2973 3584 3101 3646 τοὺς
3141 3585 3154 3602 ‘
3179 3586 3427 3649 ουδαίους
3467 3589 3810 3644 αἰνίττεται·
3851 3589 3994 3647 οὗτοι

2405 3673 2515 3744 γὰρ
2542 3674 2668 3736 τοὺς
2690 3673 2882 3742 λόγους
2903 3673 3014 3726 τῶν
3039 3677 3272 3742 πιστῶν,
3298 3677 3370 3741 ὡς
3394 3679 3616 3750 ἔλεγχον
3645 3682 3878 3751 ἔχοντας
3902 3685 3996 3752 τῆς

2405 3767 2584 3819 αὐτῶν
2615 3765 2874 3828 ἀπιστίας
2900 3809 2915 3832 ,
2946 3767 3238 3828 διαπαντὸς
3269 3770 3674 3825 ὲϐδελύττοντο³
3705 3774 3820 3828 ἀπὸ
3850 3776 3994 3846 προ]

2404 3856 2697 3927 τοιγαροῦν
2731 3857 2838 3920 ἕως
2867 3857 3109 3928 ἑσπέρας
3137 3859 3232 3911 τοῦ
3260 3860 3473 3914 Παύλου
3502 3865 3642 3931 πρὸς
3669 3865 3874 3928 αὐτοὺς
3899 3871 3990 3936 ῥη-

2401 3949 2739 4020 τορεύοντος,
2761 3951 2958 4003 ἐκεῖνοι
2983 3951 3084 4022 τὴν
3113 3952 3374 4021 ἀλήθειαν
3404 3955 3497 4006 τοῦ
3527 3956 3687 4023 λόγου
3726 3957 3990 4026 βδελυξά-

2404 4056 2580 4110 μενοι,
2617 4040 2961 4110 ἀσύμφωνοι,
2992 4042 3134 4097 καθά
3165 4061 3330 4113 φησιν
3355 4047 3383 4098 ὁ
3403 4047 3638 4109 Λουκᾶς.
3659 4048 3989 4119 Ἀνεχὼιηο

2399 4149 2521 4186 σαν·
2552 4132 2678 4185 κατ’
2697 4132 2845 4200 ἐμοῦ
2889 4133 3112 4199 πάντες
3139 4138 3194 4188 οι
3226 4136 3603 4205 διαλογισμοί
3649 4139 3859 4193 αὐτῶν
3903 4145 3988 4208 εις

2398 4225 2606 4278 κακόν.
2636 4223 2805 4278 Οὐδὲν
2842 4226 2951 4297 γὰρ
2976 4226 3181 4294 ἀγαθὸν
3210 4229 3340 4291 περὶ
3365 4228 3475 4281 τῶν
3504 4229 3676 4283 ἐθνῶν
3706 4233 3760 4283 ot
3793 4236 3986 4298 παῖδες

2395 4314 2507 4367 τῶν
2539 4315 2812 4369 Ἰουδαίων
2837 4313 3146 4384 λογίζονται
3172 4317 3396 4388 (ἐπειδὴ
3432 4322 3539 4382 πᾶς
3568 4320 3862 4391 ἄνθρωπος
3890 4343 3985 4377 πο-

2395 4405 2560 4474 νηρὸς
2589 4406 2856 4476 προφέρει
2884 4405 2945 4459 τὸ
2974 4406 3254 4478 πονηρὸν),
3272 4408 3368 4460 καὶ
3397 4409 3576 4463 πάντα
3599 4411 3807 4481 τρόπον
3839 4416 3984 4484 ἡμεῖς

2396 4495 2678 4564 ἀπατῆσαι
2712 4496 3082 4566 πειράζουσιν.

2464 4607 2632 4659 Οὐδὲν
2678 4607 2787 4677 ἀρα
2836 4609 2938 4679 τῆς
2987 4613 3328 4681 προφητείας
3371 4616 3580 4686 ταύτης
3611 4621 3976 4691 σαφέστερον.

2404 4697 2793 4766 Ἐκϐληοέντες
2822 4700 2932 4770 γάρ
2961 4700 3060 4769 τῆς
3096 4702 3450 4776 Ἰερουσαλὴμ
3481 4710 3528 4760 oi
3557 4709 3667 4761 τῶν
3705 4712 3978 4765 Ἰουδαίων

2389 4785 2599 4848 παῖδες,
2630 4785 2726 4838 καὶ
2761 4788 3016 4858 πάροικοι
3047 4791 3226 4860 πάσης
3253 4794 3355 4861 τῆς
3375 4795 3479 4864 γῆς
3498 4797 3585 4850 διά
3612 4797 3714 4870 τὴν
3741 4803 3826 4862 εἰς
3847 4803 3977 4871 Χρι-

2391 4874 2516 4926 στὸν
2569 4874 2843 4945 ἁμαρτίαν
2881 4877 3198 4947 γενόμενοι,
3225 4880 3326 4951 τὴν
3374 4885 3553 4937 αίτίαν
3599 4887 3970 4957 ἐρωτώμενοι,

2390 4962 2716 5032 κρύπτουσι,
2748 4966 2841 5018 καὶ
2869 4967 3145 5037 ἁμαρτίας
3178 4971 3397 5042 ἐτέρας,
3421 4975 3521 5044 τὴν
3542 4977 3684 5029 κατὰ
3714 4979 3810 5031 τὸν
3839 4982 3972 5050 Χρι-

2391 5054 2517 5107 στὸν
2553 5055 2889 5121 σιωπῶντες,
2917 5059 3338 5129 προϐάλλονται.
3368 5065 3560 5118 Καίτοι
3597 5069 3735 5137 μήτε
3760 5072 3972 5125 εἰδωλο-

2387 5144 2714 5216 λατροῦντες
2761 5147 2880 5216 νῦν,
2915 5155 3052 5221 μήτε
3103 5155 3393 5222 προφήτας
3443 5160 3787 5226 φονεύοντες.
3823 5165 3968 5232 Κρύ-

2389 5254 2580 5290 πτουσι
2632 5239 2688 5292 δέ
2738 5241 2883 5304 τίνος
2933 5246 3124 5314 χάριν;
3154 5247 3271 5298 Ἵνα
3325 5247 3404 5317 μὴ
3463 5251 3830 5322 συγκρότησις
3871 5255 3964 5322 τῆς

2386 5327 2664 5398 ἡμετέρας
2697 5329 2935 5394 πίστεως
2975 5336 3006 5403 ἡ
3056 5336 3188 5404 παρ’
3214 5337 3396 5388 αὐτῶν
3424 5339 3686 5407 ὁμολογία
3716 5343 3959 5412 γένηται.

2387 5417 2566 5470 Αὐτοὶ
2601 5418 2717 5486 τὴν
2747 5421 3012 5488 πτέρναν
3021 5443 3140 5494 μου
3173 5427 3541 5494 φυλάξουσι,
3573 5433 3757 5501 φησίν.
3779 5435 3954 5505 Ἑρεν-

2388 5507 2551 5558 νῶσιν
2575 5509 2682 5578 γὰρ
2707 5511 2862 5579 ἡμῶν
2893 5513 3135 5567 Ἰουδαῖοι
3156 5517 3249 5568 καὶ
3274 5519 3335 5570 τὸ
3358 5522 3519 5588 τυχὸν
3545 5523 3922 5598 πλημμέλημα
3944 5544 3956 5557 ·

2387 5597 2480 5649 καὶ
2519 5598 2660 5654 οὕτω
2687 5604 2899 5670 νοήσεις
2932 5605 3067 5675 ὅπερ
3098 5608 3124 5658 ό
3157 5607 3285 5671 Θεὸς
3317 5609 3451 5679 πρὸς
3489 5611 3576 5664 τὸν
3606 5613 3728 5682 ὅφιν
3762 5597 3952 5687 ἐφόίγ-
