4156 6452
761 332 891 398 I227
1925 325 2284 386 HESYCHII
2332 324 2802 386 PRESBYTERI
3931 328 4048 393 1223

824 451 952 503 Eam
1005 459 1164 515 quam
1217 451 1555 512 praenoverat
1583 440 1878 496 Salvator-is
1924 441 2370 511 apparitioneml

2351 448 2398 504 Α
2500 442 2604 494 Ἦν
2637 443 2889 514 προέγνω
2923 441 3018 497 τοῦ
3053 443 3308 516 Σωτῆρος
3337 445 3682 514 ἐπιφάνειαν
3734 445 3903 500 αίτεῖ
3932 448 4046 501 ϐᾶτ-

754 539 885 608 pctit
914 538 1023 590 cito
1049 535 1182 592 fieri.
1207 545 1264 588 ut
1293 533 1727 586 benedictionem
1757 548 1824 586 ex
1854 533 1968 601 ipsa
2004 531 2318 586 referamus.

2424 546 2516 582 τον
2541 531 2817 598 γενέσθαι,
2849 532 2950 603 τὴν
2979 533 3043 586 ἐκ
3075 534 3280 605 ταύτης
3308 536 3460 599 ὅπως
3505 536 3804 604 εὐλογίαν
3847 538 4044 606 τρυγήο

751 633 987 701 Apparet
1029 634 1207 680 autem
1243 625 1420 678 vultus
1451 622 1699 676 omnium
1724 621 2066 689 Conditoris,
2100 623 2190 692 qui
2233 638 2322 676 re-

2425 631 2627 685 σωμεν.
2648 617 3025 687 Ἐπιφαίνεται
3052 621 3107 674 δέ
3137 621 3197 674 τὸ
3225 624 3518 692 πρόσωπον
3537 629 3644 678 τοῦ
3678 625 3930 678 πάντων
3953 631 4044 697 Δη-

748 724 860 792 plet
900 735 1001 774 nos
1039 717 1419 773 benedictione
1454 729 1517 768 ac
1543 713 2029 781 miserationibus,
2061 716 2190 770 dum
2221 731 2323 786 ap-

2425 704 2708 776 μιουργοῦ,
2739 707 2800 761 τὸ
2825 707 3068 779 πληροῦν
3096 711 3244 781 ἡμᾶς
3276 713 3528 782 εὐλογίας
3554 717 3664 769 καὶ
3699 716 4036 787 οἰκτιρμῶν,

745 823 900 886 paret
943 812 1102 867 nobis
1147 811 1316 882 ﬁgura
1367 810 1685 864 substantiae
1713 810 1854 879 ejus,
1885 819 1938 864 et
1981 810 2322 865 demonstrat

2420 797 2776 878 ἐπιφανέντος
2825 803 2959 871 ἡμῖν
2992 803 3088 856 τοῦ
3121 805 3471 876 χαρακτῆρος
3499 808 3599 877 τῆς
3661 809 4035 871 ὑποστάσεως

745 907 1099 975 semetipsum
1129 904 1194 958 iis
1222 902 1316 972 qui
1349 902 1494 973 digni
1521 911 1651 958 sunt
1680 922 1693 958 :
1725 920 1850 960 cum
1875 906 2022 960 enim
2055 905 2223 975 ﬁgura
2251 906 2322 960 sit

2419 889 2606 956 αὐτοῦ,
2643 893 2736 945 καὶ
2771 893 3170 962 ἐμφανίσαντος
3218 896 3415 950 ἐαυτὸν
3464 901 3576 962 τοῖς
3625 897 3880 961 ἀξίοιςο
3928 902 4034 950 ἐπεὶ

744 1000 839 1053 Dei
893 996 1203 1060 invisibilis,
1234 995 1326 1065 qui
1374 1004 1557 1049 mente
1588 1011 1721 1066 pura
1756 997 1823 1051 ad
1861 998 2039 1067 ipsum
2085 997 2315 1062 accedit,

2418 981 2526 1051 γὰρ
2560 982 2723 1035 εἰκών
2757 985 2875 1038 ἐστι
2906 985 3002 1038 τοῦ
3031 987 3167 1040 Θεοῦ
3200 987 3297 1040 τοῦ
3328 989 3584 1060 ἀοράτου,
3619 993 3654 1044 ὁ
3683 991 3782 1059 νῷ
3814 989 4034 1059 καθαρῴ

741 1092 788 1145 is
815 1090 957 1144 videt
991 1089 1224 1143 Patrem.
1258 1085 1359 1151 Qui
1384 1085 1553 1151 enim,
1589 1089 1785 1158 inquit,
1815 1090 1953 1143 videt
1979 1106 2078 1154 me,
2106 1089 2240 1142 videt
2267 1096 2318 1141 et

2417 1073 2741 1144 προσϐαλὼν
2775 1075 2944 1147 αὐτῷ,
2973 1080 3077 1149 δρᾷ
3106 1078 3199 1132 τὸν
3233 1081 3474 1153 Πατέρα.
3493 1082 3547 1135 '0
3564 1082 3682 1152 ἐμὲ
3715 1083 4038 1152 γὰρ,φησὶ·.,

741 1180 1034 1234 Patrem“.
1082 1179 1237 1233 Tunc
1289 1176 1570 1233 beneﬁciis
1622 1181 1846 1235 allectos
1893 1181 2202 1242 miseretur,
2251 1195 2316 1236 ac

2415 1167 2684 1238 ἑωρακὼς
2703 1208 2720 1234 ,
2746 1171 2967 1239 ἑώρακε
2997 1174 3106 1228 τὸν
3137 1175 3389 1245 Πατέρα.
3425 1178 3560 1232 Τότε
3597 1180 3758 1241 τοὺς
3809 1177 4032 1246 εὐεργε-

738 1273 1009 1326 Bcnedicit
1057 1273 1197 1325 omni
1243 1269 1594 1324 benedictione
1632 1273 1902 1340 spirituali
1939 1273 1992 1326 in
2026 1272 2314 1326 caelestibus

2414 1262 2710 1331 τουμένους
2751 1264 3048 1335 οίκτείρει,
3097 1270 3191 1320 καὶ
3240 1267 3493 1338 Εὑλοτεῐ
3541 1268 3730 1336 πάσῃ
3785 1271 4028 1333 εὐλογίᾳ

735 1367 791 1418 δη
817 1363 1024 1420 ωινξειο
1050 1363 1170 1418 ,ιεεη
1189 1364 1253 1420 ιο,
2412 1353 2787 1424 πνευματικῇ
2830 1356 2902 1410 ἐν
2943 1357 3068 1424 τοῖς
3117 1359 3493 1428 ἐπουρανίοις
3529 1361 3600 1414 ἐν
3629 1358 3904 1429 Χριστῷ
3941 1360 4028 1424 Ἰη-

2410 1458 2550 1496 σου.

807 1547 884 1600 Te
911 1545 1054 1599 enim
1081 1545 1286 1600 vultum
1321 1547 1684 1604 illuminante.
1704 1544 2054 1615 cognoscitur
2081 1545 2166 1598 via
2190 1561 2309 1612 qua:

2480 1534 2876 1604 Ἐπιφάναντος
2910 1540 3021 1610 γάρ
3052 1557 3147 1594 σου
3178 1541 3241 1595 τὸ
3264 1542 3582 1614 πρόσωπον,
3603 1541 4018 1611 γινώσκετωὴ

736 1639 885 1694 ducit
915 1637 982 1692 ad
1006 1636 1242 1701 Patrem,
1276 1654 1400 1692 cum
1433 1639 1580 1693 dicat
1605 1655 1618 1690 :
1645 1637 1755 1708 Ego
1787 1654 1903 1691 sum
1932 1638 2017 1691 via
2045 1646 2133 1692 :et
2159 1653 2306 1690 nemo

2410 1623 2528 1687 ὁδὸς
2553 1627 2586 1695 ἡ
2621 1628 2757 1696 πρὸς
2802 1630 2860 1683 σέ
2908 1631 3117 1699 ἄγουσα
3164 1634 3256 1686 τὸν
3286 1635 3530 1704 Πατέρα,
3562 1637 3592 1688 6
3628 1634 3832 1688 εἰπών
3858 1653 3874 1667 ο
3898 1634 4023 1702 Ἐγώ

735 1733 873 1785 venit
905 1731 973 1784 ad
1001 1730 1238 1796 Patrem,
1264 1731 1364 1784 nisi
1390 1748 1480 1797 per
1509 1747 1589 1784 me
1605 1731 1674 1782 ⁸⁸.
1703 1730 1850 1784 Idem
1880 1730 2042 1784 etiam
2070 1730 2307 1784 salutare
2341 1785 2370 1797 _

2341 1785 2381 1797 ﬁ
2408 1717 2525 1784 εἰμι
2565 1717 2602 1784 ἠ
2623 1717 2763 1783 ὁδός
2781 1736 2797 1752 ο
2827 1721 2922 1774 καὶ
2955 1721 3159 1789 οὐδεὶς
3177 1723 3414 1794 ἔρχεται
3441 1725 3592 1793 πρὸς
3622 1726 3747 1780 τὸν
3761 1726 4020 1793 Πατέρα,

737 1823 841 1876 erit
891 1821 944 1875 in
981 1822 1237 1876 omnibus
1271 1821 1545 1892 gentibus,
1577 1837 1700 1874 cum
1727 1820 2010 1890 impletum
2040 1819 2203 1875 fuerit
2246 1820 2311 1874 il—
2339 1785 2370 1842 Ε

2339 1785 2384 1842 Β
2410 1807 2462 1858 εί
2503 1807 2589 1876 μὴ
2632 1809 2707 1861 δι’
2726 1811 2893 1880 ἐμοῦ.
2913 1813 2972 1866 '0
3017 1813 3074 1867 δέ
3319 1785 3601 1870 ἐσται-καὶ
3640 1785 3947 1888 σωτήριον
3971 1820 4020 1869 ἐν

734 1914 828 1967 Iud
855 1932 868 1966 :
897 1912 1094 1965 i'idcbit
1127 1913 1295 1965 omnis
1324 1929 1447 1966 caro
1477 1911 1716 1966 salutare
1747 1911 1923 1966 Dei".
1946 1912 2155 1966 Dixeris
2173 1928 2310 1982 quo-

2412 1899 2578 1952 πᾶσιν
2603 1901 2805 1968 ἔθνεσι,
2838 1905 3220 1976 πληρωθέντος
3239 1908 3620 1978 toﬁ/Odeum
3655 1910 3848 1966 πᾶσα
3869 1912 4016 1976 σὰρξ

731 2019 836 2073 que
886 2004 1027 2057 viam
1078 2018 1198 2058 esse
1249 2012 1517 2074 prmeepta
1568 2005 1718 2073 ejus,
1749 2003 1903 2074 juxta
1955 2003 2309 2058 illud:Viam

2412 1989 2480 2043 τὸ
2533 1992 2834 2062 σωτήριον
2875 1996 2981 2051 τοῦ
3021 1999 3190 2054 Θεοῦ.
3237 2001 3430 2069 Λέγοις
3459 2002 3504 2053 δ’
3526 2003 3596 2057 ἂν
3628 2003 3762 2056 ὁδὸν
3796 2003 3904 2056 καὶ
3930 2004 4020 2064 si;

731 2097 1106 2149 mandatorum
1139 2105 1349 2149 tuorum
1381 2096 1646 2151 cucurri"
1671 2111 1687 2161 ;
1715 2102 1771 2149 et
1797 2101 2202 2163 consequenter
2222 2109 2310 2148 sa-

2410 2081 2634 2146 ἐντολὰς
2663 2085 2854 2151 αὑτοῦ,
2884 2088 3028 2141 κατὰ
3053 2089 3115 2142 1:6
3137 2107 3152 2122 ο
3185 2090 3361 2145 Ὀδὸν
3381 2091 3652 2147 ἐντολῶν
3685 2110 3818 2149 σου
3853 2093 4019 2161 ἕδραν

730 2188 918 2251 lutem,
951 2202 1114 2257 quam
1150 2187 1300 2240 venit
1343 2187 1626 2252 exhibere,
1667 2194 1728 2240 ut
1779 2195 1869 2240 tua
1914 2186 1968 2240 in
2017 2200 2119 2240 nos
2164 2187 2310 2240 salus

2403 2189 2554 2241 μον·
2591 2176 2686 2227 καὶ
2731 2179 3083 2251 καταλλήλως
3128 2183 3428 2255 σωτηρίαν,
3457 2187 3524 2257 ἣν
3560 2187 3807 2258 ἐλήλυθε
3843 2205 4016 2257 παρα-

729 2278 983 2333 omnibus
1021 2278 1116 2332 liat
1141 2276 1454 2332 manifesta.

2412 2269 2579 2335 σχεῖν,
2613 2266 2756 2322 ὥστε
2788 2273 2919 2326 πᾶσι
2957 2273 3056 2345 τὴν
3088 2277 3170 2340 είς
3199 2277 3349 2346 ἡμᾶς
3394 2293 3489 2331 σου
3533 2279 3833 2350 σωτηρίαν
3870 2277 4016 2349 σα»ξῆ

2409 2359 2688 2411 γενέσθαι.

2409 2375 2688 2424 γενέσθαι.

1241 2457 1555 2514 PSALMUS
1591 2457 1798 2516 LXVII.

2973 2457 3267 2512 ΨΑΛΜΟΣ
3306 2460 3426 2515 ΞΖ’.

796 2554 962 2608 ‘Vsns.
996 2554 1052 2609 5.
1101 2570 1119 2603 ι
1149 2550 1303 2606 Sicut
1337 2550 1523 2606 deﬁcit
1549 2550 1749 2605 lumus.
1775 2571 1794 2603 ›

2487 2547 2613 2610 «Ὦς
2646 2548 2894 2602 ἐκλείπει
2927 2552 3160 2614 καπνός.
3195 2570 3213 2604 ι

799 2643 994 2698 Facilis
1029 2651 1113 2697 est
1143 2649 1490 2711 peccatorum
1518 2641 1722 2710 lapsus,
1753 2641 1968 2696 tametsi
2019 2642 2123 2697 sibi
2174 2643 2308 2712 ipsis

2479 2636 2724 2706 Εὑχερὴς
2754 2638 2862 2691 τῶν
2887 2640 3231 2712 ἁμαρτωλῶν
3259 2645 3292 2712 ὴ
3326 2641 3556 2710 πτῶσις,
3590 2645 3640 2697 εί
3669 2647 3773 2700 καὶ
3799 2647 3938 2719 σφῶ
3945 2663 4014 2719 (.1

727 2736 1063 2791 conﬁdentes
1101 2735 1408 2789 videantur.
1447 2734 1587 2798 Quid
1619 2735 1765 2788 enim
1817 2734 1966 2790 l'umo
2013 2745 2070 2789 ut
2107 2737 2306 2795 dissol-

2407 2728 2620 2791 ἑαυτοῖς
2669 2733 2990 2786 πεποιθέναι
3035 2734 3340 2802 νομίζουσι.
3371 2739 3436 2790 Τί
3461 2740 3568 2810 γὰρ
3601 2741 3826 2794 καπνοῦ
3870 2745 4012 2812 api;

729 2840 886 2885 vatur
923 2827 1226 2883 cariosius?
1269 2827 1398 2898 quid
1452 2826 1582 2880 item
1631 2841 1777 2890 cera,
1823 2827 2044 2895 quando
2078 2843 2109 2881 a
2139 2832 2304 2883 vehe-

2405 2820 2467 2872 τὸ
2495 2819 2724 2889 λυθῆναι
2757 2824 3121 2895 σαθρότερον;
3162 2828 3215 2880 τί
3259 2829 3316 2882 δὲ
3363 2833 3457 2884 καὶ⁵
3493 2833 3696 2903 κηροῦ,
3736 2837 3870 2888 ὅταν
3904 2837 4009 2888 ὑπὸ

727 2921 894 2975 ruenti
929 2921 1052 2990 igne
1087 2917 1303 2972 calent?
1349 2917 1510 2972 Hisce
1554 2917 1717 2971 rebus
1748 2917 2018 2988 Propheta
2048 2928 2302 2988 peccato-

2407 2913 2579 2981 πυρὸς
2609 2913 2973 2985 σφοδροτέρου
2994 2917 3354 2990 θερμαίνηται
3374 2940 3389 2989 ;
3409 2923 3638 2988 Τούτοις
3660 2928 3799 2990 τοὺς
3826 2931 4008 2998 ἁμαρ-

727 3028 816 3067 res
843 3010 1177 3080 comparavit
1213 3028 1228 3064 :
1260 3010 1479 3079 quando
1521 3009 1665 3062 enim
1713 3009 1853 3079 ignis
1883 3011 2148 3079 gehennae
2178 3025 2304 3064 suc-

2404 3003 2610 3066 τω>.οὺς
2632 3007 2660 3056 6
2688 3005 2981 3076 Προφήτης
2999 3011 3320 3078 συνέκρινεν
3339 3028 3354 3043 ο
3388 3015 3516 3068 ὅταν
3534 3019 3647 3087 γὰρ
3674 3019 3745 3070 τὸ
3764 3020 3878 3090 πῦρ
3903 3021 4007 3088 τῆς

726 3120 928 3158 census
961 3102 1142 3168 fuerit,
1181 3102 1324 3166 illico
1369 3102 1550 3155 omnis
1581 3101 1648 3156 de
1676 3101 1808 3171 ipsis
1839 3102 2153 3173 imaginatio
2179 3117 2302 3157 eva-
2328 3121 2370 3180 ρ

2330 3121 2371 3180 C
2405 3096 2628 3163 γεέννης
2659 3098 2914 3168 ριπισϐῇ,
2958 3102 3108 3154 πᾶσα
3136 3105 3168 3174 ἡ
3206 3106 3335 3176 περὶ
3369 3107 3564 3172 αὐτοὺς
3595 3114 3882 3178 φαντασία
3908 3114 4005 3168 εὐ·

726 3196 921 3251 nescit.

2407 3185 2542 3248 θέως
2572 3186 2874 3244 διαλύεται.
3525 3222 3528 3225 -

797 3288 959 3341 Vens.
1001 3287 1052 3340 5.
1099 3305 1118 3336 ι
1148 3284 1375 3341 Cantate
1407 3284 1538 3339 Deo.
1574 3304 1591 3336 ι

2483 3274 2718 3346 ιᾊσατε
2747 3277 2825 3347 τῷ
2859 3277 2996 3349 Θεῷ.
3031 3298 3051 3332 s
3548 3355 3552 3359 ι

794 3376 944 3433 Solet
996 3377 1256 3431 nimirum
1304 3377 1556 3432 Christus
1604 3377 1659 3431 in
1712 3378 1994 3448 prophetis
2043 3379 2310 3449 appellari

2477 3365 2586 3418 Καὶ
2620 3367 2727 3438 μὴν
2759 3368 3018 3440 ’Δνατολὴ
3052 3373 3414 3441 χρηματίζειν
3437 3377 3496 3430 ἐν
3525 3379 3640 3441 τοῖς
3673 3381 4008 3452 προφήταις

719 3469 920 3524 Oriens
954 3487 966 3521 :
998 3469 1132 3523 Ecce
1159 3469 1258 3534 vir,
1277 3468 1463 3522 Oriens
1493 3485 1677 3522 nomen
1707 3470 1820 3538 ejus
1851 3486 1869 3525 :
1900 3479 1948 3525 et
1976 3472 2150 3524 subter
2184 3487 2300 3525 eum

2406 3455 2435 3508 6
2461 3456 2695 3527 Χριστὸς
2727 3459 2917 3514 εἴωθεν
2938 3477 2952 3491 θ
2983 3461 3127 3515 Ἰδοὺ
3155 3463 3332 3533 ἀνὴρ,
3370 3465 3652 3536 Ἆνατολὴ
3675 3470 3878 3540 ὄνομα
3898 3474 4004 3528 σὺ·

726 3562 924 3614 orietur
942 3560 1007 3616 ⁸³.
1043 3561 1111 3616 Et
1160 3562 1358 3616 iterum
1396 3581 1408 3616 :
1448 3560 1658 3616 Orietur
1699 3563 1838 3616 vobis
1871 3564 2171 3618 timentibus
2209 3581 2302 3618 no-

2407 3546 2516 3613 τῷ·
2547 3550 2645 3603 καί
2693 3551 3077 3607 ὑποκάτωθεν
3102 3556 3289 3610 αὐτοῦ
3324 3557 3620 3613 ἀνατελεῒ.
3649 3559 3766 3613 Καὶ
3798 3563 3998 3615 πάλιν·

727 3666 844 3702 men
873 3666 1043 3703 meum
1072 3648 1167 3704 Sol
1187 3651 1414 3720 justitia:
1444 3666 1461 3703 :
1498 3660 1544 3703 et
1577 3651 1779 3704 sanitas
1805 3653 1860 3704 in
1887 3654 2069 3722 pennis
2099 3653 2212 3722 ejus
2233 3654 2300 3708 “.

2419 3641 2716 3694 Ἆνατελεῖ
2760 3643 2904 3713 ὑμῖν
2940 3645 3068 3711 τοῖς
3114 3648 3508 3717 φοϐουμένοις
3553 3650 3619 3703 τὸ
3653 3651 3852 3722 ὄνομά
3879 3672 3999 3722 μου

724 3741 994 3796 Caeterum
1028 3742 1153 3796 licet
1189 3759 1282 3813 per
1313 3743 1590 3812 propriam
1623 3743 1800 3796 lucem
1845 3745 2029 3798 oriens
2056 3747 2300 3810 exsistat,

2406 3732 2611 3798 Ἥλιος
2644 3733 3070 3804 δικαιοσύνης·
3102 3739 3199 3790 καὶ
3232 3740 3397 3804 ιασις
3432 3742 3503 3794 ἐν
3541 3743 3670 3808 ταῖς
3699 3745 4000 3813 πτέρυξιν

721 3831 973 3886 ascendit
1018 3841 1198 3886 tamen
1226 3846 1389 3901 supra
1420 3846 1696 3898 occasum,
1725 3847 1823 3902 pro
1853 3848 2016 3887 curru
2042 3833 2144 3888 sibi
2173 3834 2303 3889 ada-

2402 3824 2610 3881 αὐτοῦ.
2629 3825 2769 3879 Ἀλλ’
2794 3829 2843 3880 εί
2882 3829 2974 3882 καὶ
3001 3830 3233 3903 ἀνατολὴ
3263 3834 3523 3903 τυγχάνει
3557 3835 3645 3888 διὰ
3675 3837 3742 3890 τὸ
3781 3842 3992 3893 οἰκεῖον

725 3935 884 3993 ptans
916 3932 1233 3993 peccatores
1265 3923 1357 3992 qui
1391 3930 1822 3988 convertuntur;
1852 3923 1918 3977 ad
1964 3939 2102 3993 quos
2120 3923 2256 3979 dixit
2285 3943 2298 3978 :

2403 3917 2539 3984 φῶς,
2577 3917 2747 3989 ἐπέϐη
2795 3920 2891 3972 ἐπ)⁵
2935 3921 3176 3992 δυσμῶν,
3207 3923 3392 3994 ὄχημα
3440 3927 3566 3988 τοὺς
3616 3927 3991 4000 ἁμαρτωλοὺς

724 4014 908 4068 Tollite
934 4015 1126 4086 jugum
1155 4031 1327 4068 meum
1380 4030 1538 4082 super
1581 4030 1691 4078 vos,
1736 4015 1987 4084 quoniam
2039 4032 2219 4082 suave,
2250 4027 2298 4070 et

2403 4009 2596 4062 ἐαυτοῦ
2619 4010 2745 4074 τοὺς
2767 4011 2904 4080 πρὸς
2925 4012 3088 4066 αὐτὸν
3105 4015 3539 4085 ἐπιστρέψαντας
3557 4017 3792 4087 θέμενος
3807 4039 3819 4052 ·
3847 4023 3989 4092 πρδς

724 4125 853 4161 onus
876 4124 1071 4172 meum,
1107 4108 1233 4178 quia
1264 4106 1371 4159 leve
1388 4108 1455 4158 ".
1488 4106 1596 4161 Hos
1630 4108 1878 4161 hortatur
1903 4106 2096 4174 David,
2119 4118 2176 4161 ut
2198 4107 2300 4163 iter

2400 4099 2492 4162 οὓς
2521 4097 2918 4171 εἶπενοἋρατε
2937 4101 3044 4157 τὸν
3068 4105 3245 4175 ζυγόν
3267 4125 3389 4176 μου
3416 4107 3506 4176 ἐφ’
3523 4109 3696 4178 ὑμᾶς,
3721 4111 3814 4165 ὅτι
3843 4131 3988 4182 χρη-

725 4201 836 4254 Deo
867 4198 1065 4253 faciant
1093 4214 1190 4268 per
1224 4197 1601 4268 paenitentiam
1632 4215 1646 4252 :
1681 4199 1948 4269 siquidem
1985 4200 2040 4253 in
2069 4214 2298 4269 conspe-

2401 4192 2569 4259 στὸς,
2607 4193 2706 4247 καὶ
2743 4194 2809 4248 τὸ
2844 4198 3091 4264 φορτίον
3129 4215 3278 4266 μου,
3308 4197 3396 4252 ὄτι
3429 4199 3719 4268 ἐλαφρόν.
3747 4202 3990 4266 τούτους

723 4300 811 4343 ctu
848 4290 966 4357 ejus
996 4303 1103 4342 non
1151 4298 1360 4343 tantum
1397 4290 1610 4343 veniam
1641 4301 2073 4361 consequentur,
2108 4309 2295 4349 verum

2401 4284 2715 4355 ὁδοποιῆσαι
2738 4284 2817 4355 τῷ
2837 4286 2955 4357 Θεῷ
2982 4288 3011 4339 6
3035 4288 3198 4342 Aa6l6
3216 4288 3306 4342 διὰ
3329 4291 3622 4360 μετανοίας
3641 4293 3989 4347 ἐντέλλεται·

723 4383 884 4436 etiam
911 4382 1206 4436 lainiliares
1242 4382 1456 4448 redditi,
1492 4382 1805 4437 exsultaturi
1832 4393 1978 4438 sunt.
2330 4447 2361 4452 _

2330 4447 2361 4452 _
2399 4370 2544 4428 οὗτοι
2593 4375 2702 4445 γὰρ
2745 4375 2975 4429 ἐνώπιον
3015 4377 3182 4431 αὐτοῦ
3207 4381 3270 4433 οὐ
3303 4381 3465 4450 μόνον
3505 4380 3848 4452 συγγνώμης
3893 4401 3992 4436 τυ-

2330 4447 2371 4501 D
2400 4465 2610 4534 χόντες,
2639 4466 2775 4519 ἀλλὰ
2816 4468 2909 4520 καὶ
2943 4447 3338 4536 οίκειωθέντες,
3363 4447 3990 4545 ἀγαλλιᾶσθαιίμέλλω-

2399 4571 2501 4608 σιν.

790 4639 953 4693 Vens.
985 4640 1073 4693 27.
1120 4660 1137 4692 ι
1169 4641 1228 4694 lu
1266 4644 1510 4698 ecclesiis
1542 4645 1848 4700 benedicite
1878 4645 2006 4701 Deo.
2036 4666 2054 4698 ι

2473 4661 2491 4693 ι
2516 4644 2602 4696 Ἐν
2635 4646 2953 4717 ἐκκλησίαις
2979 4647 3254 4716 εὐλογεῖτε
3281 4650 3374 4703 τὸν
3406 4649 3558 4705 Θεόν.
3591 4671 3609 4704 ι

793 4728 1036 4784 Ecclesia
1087 4747 1304 4802 quoque
1349 4734 1548 4787 dicitur
1603 4735 1899 4790 domestica
1951 4739 2296 4808 congregatio

2471 4735 2770 4802 Ἐκκλησία
2803 4738 2897 4790 καὶ
2933 4740 2965 4808 ἠ
3003 4739 3125 4792 κατ’
3147 4735 3296 4792 οἶκον
3341 4744 3630 4811 συναγωγὴ
3661 4745 3776 4797 τῶν
3820 4748 3983 4802 εύσε-

718 4820 970 4890 piorum;
1015 4825 1476 4891 quemadmodum
1532 4835 1589 4880 et
1637 4825 1838 4880 Paulus
1885 4830 1960 4882 ait
1998 4847 2011 4882 :
2044 4829 2295 4884 Salutant

2397 4824 2635 4879 6mime
2665 4827 2911 4895 λέγεταιο
2962 4829 3102 4884 ὥστε
3152 4834 3248 4885 καὶ
3279 4835 3489 4898 Παῦλος
3531 4853 3696 4904 φησιν
3719 4856 3731 4869 ·
3752 4841 3976 4895 Ἀσπά-

719 4926 810 4964 vos
844 4910 900 4962 in
936 4909 1159 4963 Domino
1191 4914 1414 4966 multum
1443 4912 1637 4982 Aquila
1671 4926 1719 4968 et
1767 4913 2032 4981 Priscilla,
2063 4933 2183 4970 cum
2207 4927 2298 4971 do-

2399 4915 2598 4975 ζονται
2643 4918 2803 4986 ὑμᾶς
2841 4921 2912 4973 ἐν
2944 4923 3140 4988 Κυρίῳ
3171 4927 3371 4977 πολλὰ
3403 4925 3660 4989 Ἀκύλας
3704 4930 3806 4979 καὶ
3841 4933 3981 4997 Πρίη-

721 4999 936 5049 mestica
983 5014 1079 5051 sua
1132 4999 1367 5053 Ecclesia
1388 5002 1453 5055 ⁸⁸.
1507 5002 1678 5056 Porro
1734 5003 1801 5056 de
1845 5005 2086 5059 fontibus
2133 5005 2296 5060 Israel

2397 5010 2645 5070 σκιλλιι,
2671 5009 2794 5061 σὺν
2821 5009 2896 5076 τῇ
2925 5011 3051 5064 κατ’
3082 5008 3255 5065 οἷκον
3285 5013 3485 5068 αὐτῶν
3514 5017 3868 5086 Ἑκκλησίςι.
3892 5022 3981 5073 Ἐκ

722 5089 1112 5156 prophetarum
1165 5099 1220 5143 et
1273 5092 1641 5160 apostolorum
1688 5092 1975 5148 Dominum
2017 5113 2081 5150 ac
2127 5096 2293 5151 Deum

2399 5099 2591 5168 πηγῶν
2625 5099 2680 5153 δέ
2703 5102 2920 5171 Ἰσραὴλ
2954 5103 3062 5155 τῶν
3093 5105 3394 5174 προφητῶν
3424 5108 3518 5160 καὶ
3548 5108 3869 5160 ἀποστόλων
3894 5112 3980 5162 τὸν

719 5177 922 5231 laudari
952 5181 1134 5247 rupit;
1165 5189 1224 5233 ut
1255 5196 1322 5234 eo
1350 5183 1510 5235 modo
1539 5199 1647 5252 quo
1678 5185 1779 5255 ipsi
1803 5197 2194 5255 exposuerunt,
2215 5188 2293 5244 sic

2395 5189 2600 5255 Κύριον
2626 5192 2720 5243 καὶ
2751 5191 2885 5244 Θεὸν
2914 5192 3310 5260 δοξολογείσθαι
3337 5194 3622 5264 βούλεται·
3657 5199 3746 5250 ἵνα
3775 5201 3901 5251 καθ’
3923 5203 3978 5252 ὃν

715 5278 774 5322 et
802 5284 902 5323 nos
929 5285 1028 5339 pro
1056 5271 1166 5325 Deo
1195 5272 1554 5328 celebremus.

2395 5280 2596 5349 τρόπον
2628 5283 2825 5337 ἐκεῖνοι
2856 5283 3124 5350 ἐξέθεντο,
3153 5285 3295 5340 οὕτω
3331 5291 3426 5344 καὶ
3459 5292 3615 5362 ἡμεῖς
3662 5293 3795 5362 περὶ
3842 5291 3976 5346 Θεοῦ

2506 5369 2732 5425 ἱξωμεν.

788 5436 950 5494 Vm.
979 5440 1066 5494 56.
1115 5461 1131 5493 ι
1160 5440 1304 5498 Deus
1331 5444 1496 5500 Israel
1521 5447 1636 5516 ipse
1671 5448 1819 5502 dabit
1852 5449 2132 5505 virtutem.
2161 5471 2179 5502 ι

2395 5368 2732 5438 δοξάζωμεν.

2475 5478 2493 5509 ε
2517 5460 2574 5511 ’0
2609 5461 2742 5524 Θεὸς
2772 5464 2990 5537 Ἰσραὴλ
3015 5467 3178 5522 δώσει
3208 5469 3460 5540 δύναμιν.
3489 5488 3509 5522 ι

788 5640 841 5732 ’ᾇ
862 5639 1019 5732 fl'oan.
1044 5642 1237 5732 amna
1282 5644 1590 5732 ,γέρρον
1622 5661 1662 5732 ι,
1690 5647 1757 5732 Ξ.
1828 5647 2061 5732 ⁸ξ)ριιιι.
2092 5666 2202 5713 xw,
2234 5653 2406 5732 62A"
2441 5655 2571 5710 Luc.
2607 5673 2686 5721 Ill,
2722 5659 2773 5713 6.
2853 5661 2897 5692 "
2926 5659 3068 5716 Psal.
3102 5677 3288 5730 cxvm,
3322 5666 3410 5720 52.
3504 5667 3549 5698 "
3575 5666 3740 5722 Zach.
3772 5685 3848 5732 vr,
3882 5669 3968 5725 l2-

712 5709 764 5744 "
795 5709 1020 5766 Malach.
1048 5727 1121 5775 tv.
1151 5711 1207 5767 2.
1282 5711 1328 5744 ⁵⁸
1358 5709 1547 5769 Matth.
1580 5731 1656 5777 ιι.
1690 5717 1777 5774 29.
1853 5719 1899 5751 “
1935 5719 2106 5774 lCor.
2140 5709 2249 5786 xvi,
2285 5722 2370 5778 l9.
