4156 6452
227 500 375 565 1229

1288 496 1747 559 FRAGMENTA
1789 493 1871 555 IN
1910 493 2265 554 PSALMOS.

3345 494 3474 559 1930

314 617 373 669 Ὀ
401 615 533 678 Θεὸς
561 613 654 669 τοῦ
689 612 907 685 Ἰσραὴλ
953 614 981 666 ὁ
1028 611 1296 682 Χριστός·
1335 613 1463 683 περ)⁸
1494 610 1600 683 γάρ
1638 607 1802 661 αὑτοῦ

1979 607 2119 662 Deus
2151 608 2311 661 Israel
2340 617 2423 662 est
2449 608 2700 665 Christus
2725 627 2737 665 :
2767 610 2835 664 de
2865 611 2981 679 ipso
3004 610 3150 665 enim
3176 607 3339 663 Isaias
3359 609 3429 663 ait
3461 627 3472 660 :

223 725 401 779 φησιν
435 707 688 768 Ἡσαΐας·
730 707 859 758 Ὅτι
911 706 993 757 σὺ
1034 708 1068 758 ό
1122 703 1265 768 Θεὸς
1305 701 1492 771 ἡμῶν,
1543 700 1640 754 καὶ
1692 702 1802 752 οὐκ

225 799 512 868 ᾔδειμεν·
573 801 605 850 d
657 797 803 862 Θεὸς
850 795 957 848 τοῦ
991 793 1239 862 Ἰσραὴλ
1287 795 1320 846 ό
1368 790 1589 857 Σωτήρ.
1635 783 1805 850 Οὗτος

229 892 390 959 ἰσχὺν
420 889 516 942 καὶ
543 888 774 956 δύναμιν
800 885 878 956 τῷ
921 884 1032 954 λαῷ
1081 884 1158 955 τῷ
1203 884 1262 949 ἐξ
1307 882 1496 946 ἐθνῶν,
1524 880 1665 933 ὥστε
1705 879 1804 948 τῆς

226 983 442 1050 πλάνης
464 980 789 1048 ἀποστῆναι,
816 978 910 1030 καλ⁵
943 977 1077 1047 πρὸς
1111 975 1270 1028 αὐτὸν
1304 969 1807 1042 ἐπιστρέψαιχαρί-

228 1076 388 1138 ζεται
407 1091 422 1106 ·
457 1073 652 1136 οἵτινες
674 1071 748 1135 ὡς
769 1070 896 1133 λαὸς
916 1068 1081 1124 αὑτοῦ
1101 1065 1441 1135 Χριστιανοὶ
1465 1063 1551 1116 διὰ
1574 1061 1806 1132 Χριστὸν

227 1163 609 1234 ὀνομάζονται.

794 1246 1090 1299 ΨᾹΛΜΟΣ
1118 1246 1242 1308 ΞΗθ,

310 1337 544 1393 «Ἦλθον
575 1338 654 1401 είς
679 1337 746 1391 τά
780 1337 918 1406 βάθη
947 1337 1047 1406 τῆς
1077 1337 1374 1405 θαλάσσης.
1407 1353 1426 1386 s

304 1434 416 1484 Καὶ
440 1431 556 1494 πῶς
584 1448 666 1492 τις
695 1430 930 1492 ἐλπίζων
954 1430 1044 1480 ἐπὶ
1069 1429 1161 1480 τὸν
1189 1427 1321 1480 Θεὸν
1347 1426 1475 1493 τοὺς
1495 1416 1804 1493 ὀφθαλμοὺς

231 1523 498 1587 ἐκλείπει,
527 1523 621 1574 καὶ
647 1521 767 1590 οὐχὶ
794 1521 993 1589 μᾶλλον
1017 1517 1297 1589 νευροῦται
1332 1517 1424 1569 καὶ
1459 1515 1805 1586 ἰσχυρότερος

232 1615 474 1682 γίνεται;
536 1612 676 1664 Ἀλλ’
714 1611 1026 1681 ὀφθαλμοὺς
1071 1609 1263 1663 ἑαυτοῦ
1307 1609 1432 1671 τοὺς
1479 1607 1806 1670 ἀποστόλους

232 1708 416 1773 λέγει’
448 1704 577 1774 περὶ
609 1697 682 1757 ὧν
712 1706 768 1756 ἐν
802 1703 1043 1774 ’ᾼσμασι
1076 1702 1224 1770 λέγει
1252 1718 1266 1734 ο
1285 1703 1349 1754 οι
1379 1701 1672 1769 ὀφθαλμοί
1687 1715 1803 1752 σου

232 1792 586 1862 περιστερᾶς
605 1833 620 1858 ,
652 1793 750 1846 ἐπὶ
778 1791 1143 1860 πληρώματα
1175 1791 1427 1853 ὑδάτων,
1465 1791 1544 1852 είς
1576 1788 1674 1858 τὴν
1701 1789 1805 1841 δω-

239 1886 368 1954 ρεὰν
404 1885 496 1937 τοῦ
537 1884 939 1953 βαπτίσματος
965 1884 1084 1935 ἐκεῖ
1110 1883 1218 1952 γὰρ
1254 1881 1353 1950 τὴν
1383 1880 1673 1950 μετουσίαν
1709 1877 1802 1932 τοῦ

1907 697 2166 761 Quoniam
2198 709 2253 751 tu
2282 698 2419 752 Deus
2443 710 2636 765 noster,
2653 711 2700 755 et
2727 702 3082 755 nesciebamus
3107 715 3125 754 :
3153 700 3291 754 Deus
3309 698 3480 753 Israel

1907 789 2360 845 Salvator".'llie
2411 790 2785 847 fortitudinem
2840 808 2905 847 ac
2949 793 3204 846 virtutem
3255 791 3480 862 largitur

1907 882 2106 951 populo
2157 897 2222 937 ex
2277 883 2547 952 gentibus,
2587 893 2645 938 ut
2695 886 2764 939 ab
2805 901 2992 940 errore
3016 885 3244 948 resiliat,
3296 893 3351 938 et
3411 882 3478 936 ad

1905 974 2081 1043 ipsum
2112 984 2459 1030 convertatur
2486 993 2500 1027 :
2530 978 2621 1045 qui
2650 987 2903 1047 tanquam
2934 969 3166 1047 populus
3187 978 3305 1047 ejus
3325 975 3481 1031 Chri-

1907 1069 2070 1121 stiani
2099 1075 2322 1137 propter
2351 1068 2630 1123 Christum
2664 1079 3068 1140 nuncupantur.

2398 1243 2624 1299 PSALM
2632 1243 2717 1299 US
2755 1243 2990 1299 LXVIII.

1978 1334 2135 1389 Vens.
2167 1335 2219 1389 3.
2271 1354 2290 1386 ι
2325 1334 2455 1390 Veni
2485 1337 2538 1391 in
2568 1337 2913 1392 altitudinem
2942 1337 3129 1391 maris.
3151 1355 3168 1384 ι

1977 1426 2043 1480 Ει
2063 1427 2335 1495 quomodo
2357 1428 2481 1496 quis
2505 1443 2730 1496 sperans
2751 1429 2806 1482 in
2837 1428 3009 1484 Deum
3041 1428 3213 1482 oculis
3235 1427 3473 1490 deﬁciat,

1906 1525 1962 1572 et
1994 1533 2105 1572 non
2135 1519 2316 1587 potius
2347 1518 2732 1573 corroboretur
2777 1535 2844 1574 ac
2886 1519 3082 1574 fortior
3109 1518 3340 1574 evadat?
3373 1517 3479 1572 Ve-

1907 1625 2025 1663 rum
2055 1611 2241 1665 oculos
2271 1626 2399 1666 suos
2420 1620 2580 1666 vocat
2605 1613 2911 1682 apostolos;
2940 1612 3007 1666 de
3038 1612 3236 1680 quibus
3263 1612 3317 1666 in
3334 1609 3478 1665 Can—

1908 1700 2029 1755 ticis
2073 1703 2148 1755 ait
2196 1718 2211 1755 :
2263 1701 2416 1756 Oculi
2466 1704 2543 1756 tui
2586 1703 2881 1767 columbae,
2928 1719 3087 1771 super
3132 1702 3483 1770 plenitudines

1907 1807 2167 1860 aquarum
2185 1791 2250 1857 ³⁸,
2285 1790 2573 1864 [alludens]
2621 1793 2689 1847 ad
2735 1794 2940 1847 donum
2983 1791 3326 1861 baptismatis
3358 1807 3370 1842 :
3408 1789 3482 1844 ibi

1905 1881 2054 1933 enim
2085 1879 2320 1950 Spiritus
2348 1881 2820 1950 participationem
2845 1879 3076 1950 praebuit
3109 1878 3479 1934 credentibus.

237 1948 548 2045 ίΙνεύματος
581 1948 820 2046 παρέσχε
847 1977 958 2036 τοῖς
984 1948 1348 2026 πιστεύουσιν.
1372 1948 1528 2025 Θῦτω
1554 1972 1694 2024 κατὰ
1712 1971 1801 2025 τὸν

1908 1970 1994 2026 Sic
2021 1948 2262 2041 tempore
2288 1948 2563 2042 passionis
2587 1948 2928 2036 defecerunt,
2970 1980 3026 2027 et
3059 1970 3303 2040 dissipati
3332 1977 3479 2027 sunt.

236 2069 424 2137 καιρὸν
455 2064 548 2119 τοῦ
583 2065 790 2128 πάθους
819 2064 1066 2128 ἐξέλιπόν
1095 2080 1152 2116 τε
1207 2063 1299 2115 καὶ
1342 2061 1801 2133 ἐσκορπίσθησαν,

236 2158 466 2228 ὁρῶντες
495 2158 728 2226 Χριστὸν
757 2156 851 2208 ἐπὶ
878 2155 968 2208 τὸν
991 2154 1122 2207 Θεὸν
1143 2153 1233 2206 τὸν
1255 2153 1468 2222 Πατέρα
1495 2153 1585 2204 τὸν
1608 2154 1805 2205 οἰκεῖον

237 2251 536 2314 ἐλπίζοντα,
565 2249 658 2302 καὶ
706 2247 932 2316 λέγοντα
953 2262 967 2275 ·
1009 2245 1200 2310 Ἐἱλωῆ
1232 2245 1420 2308 Ἑλωῒ,
1454 2245 1804 2313 λαμασαϐιι-

238 2342 429 2412 χθανή
452 2357 466 2372 ·
507 2341 734 2411 ἠγνόουν
763 2340 870 2409 γὰρ
900 2340 982 2393 ὅτι
1016 2339 1115 2409 τὴν
1158 2337 1388 2406 δύναμιν
1419 2336 1517 2407 τὴν
1543 2335 1749 2389 οἰκείαν
1778 2336 1806 2387 ὁ

236 2435 368 2497 θεὸς
401 2432 768 2498 συνέστελλεν,
803 2431 942 2486 ὥστε
972 2429 1440 2502 καιρὸνιγενέσθαι
1478 2429 1585 2491 τοῖς
1628 2427 1802 2496 παθή-

242 2542 422 2596 μασιν.

313 2637 329 2669 ι
353 2614 792 2687 Ἐπληθύνθησαν
818 2613 957 2683 ὑπὲρ
983 2612 1081 2676 τὰς
1109 2613 1320 2683 τρίχας.
1357 2632 1376 2664 ι·

309 2709 513 2780 Τρίχας
551 2706 744 2761 ἐαυτοῦ
785 2706 912 2768 τοὺς
957 2706 1180 2768 πιστοὺς
1209 2705 1601 2776 λέγει.Ὤσπερ
1633 2705 1741 2773 γὰρ
1771 2705 1803 2773 ή

240 2802 449 2870 κεφαλὴ
481 2800 574 2854 ἐπὶ
596 2801 714 2860 ταῖς
743 2795 937 2867 θριξὶν,
964 2795 1107 2848 οὕτω
1133 2795 1228 2849 καὶ
1255 2797 1284 2848 ό
1311 2796 1544 2866 Χριστὸς
1576 2797 1666 2849 ἐπὶ
1695 2798 1806 2858 τοῖς

244 2894 452 2954 πιστοῖς
480 2889 822 2959 σεμνύνεται.

318 3002 335 3033 ι
358 2980 887 3051 Ἀπηλλοτριωμένος
920 2979 1201 3050 ἐγενήθην.
1234 2998 1253 3030 ιι

310 3072 466 3134 Ξένος
491 3072 683 3139 γέγονε
717 3071 860 3124 κατὰ
884 3071 974 3124 τὸν
999 3070 1187 3138 καιρὸν
1207 3067 1300 3121 τοῦ
1321 3068 1547 3130 πάθους,
1565 3069 1654 3120 ὅτε
1674 3067 1806 3120 παν-

239 3178 330 3223 τες
359 3162 408 3214 οί
441 3161 677 3229 μαθηταὶ
701 3159 864 3212 αὐτοῦ
895 3159 1122 3226 ἀφέντες
1145 3157 1306 3210 αὑτὸν
1339 3157 1558 3226 ἔφυγον.
1582 3157 1807 3228 Μητέρα

1903 2063 2150 2118 videntes
2175 2063 2450 2118 Christum
2481 2064 2534 2118 in
2563 2064 2728 2118 Deum
2752 2063 2964 2117 Patrem
2989 2078 3148 2118 suum
3171 2070 3478 2132 sperantem

1903 2163 1957 2208 et
1976 2155 2247 2209 dicentem
2279 2172 2292 2207 :
2317 2155 2435 2208 Eloi
2457 2198 2471 2220 ,
2495 2155 2636 2221 Eloi,
2678 2154 2876 2208 tamma
2903 2153 3252 2207 sabacltthani
3269 2153 3314 2184 ”
3341 2170 3355 2206 :
3382 2166 3480 2205 ne-

1904 2246 2147 2300 sciebant
2186 2261 2384 2312 nempe
2433 2249 2600 2300 Deum
2649 2247 2908 2300 virtutem
2939 2245 3215 2314 propriam
3263 2254 3480 2298 contra-

1905 2337 2072 2405 xisse,
2100 2349 2158 2393 ut
2186 2338 2566 2410 opportunitas
2596 2338 2820 2393 daretur
2850 2338 3108 2407 patiendi.

1978 2598 2138 2652 Vens.
2168 2599 2218 2652 5.
2268 2616 2286 2648 ι
2316 2598 2653 2668 Multiplicati
2683 2608 2812 2653 sunt
2837 2613 3003 2668 super
3029 2599 3274 2668 capillos.
3301 2618 3318 2650 I

1972 2690 2208 2760 Capillos
2252 2705 2380 2745 suos
2404 2700 2564 2746 vocat
2593 2692 2798 2746 fideles.
2831 2691 2987 2746 Sicut
3028 2691 3176 2744 enim
3217 2700 3383 2759 caput
3425 2692 3479 2744 in

1904 2781 2131 2850 capillis,
2158 2781 2230 2835 ita
2255 2785 2418 2836 etiam
2440 2781 2690 2836 Christus
2716 2783 2772 2836 in
2806 2782 3062 2837 fidelibus
3089 2781 3442 2854 glorificatur.

1974 2959 2134 3012 Vens.
2168 2958 2220 3012 9.
2269 2979 2285 3009 ι
2308 2959 2588 3014 Alienatus
2613 2959 2790 3015 factus
2819 2977 2961 3015 sum.
3001 2981 3020 3012 ι

1974 3051 2296 3123 Peregrinus
2341 3053 2515 3108 factus
2540 3063 2625 3107 est
2649 3063 2897 3123 tempore
2928 3055 3220 3123 passionis,
3261 3057 3480 3124 quando

1905 3161 2098 3200 omnes
2138 3146 2392 3215 discipuli
2439 3147 2556 3216 ejus
2596 3147 2940 3201 dimittentes
2989 3146 3169 3216 ipsum
3201 3147 3477 3219 fugerunt.

240 3253 299 3305 δὲ
331 3253 540 3321 νοήσεις
569 3252 666 3320 τὴν
694 3251 804 3303 τῶν
839 3250 1107 3303 Ἰουδαίων
1131 3249 1474 3319 Συναγωγὴν,
1500 3250 1594 3301 καὶ
1627 3251 1806 3301 πᾶσαν

1909 3235 2129 3290 Matrem
2171 3246 2350 3291 autem
2377 3237 2648 3308 intelliges
2672 3236 3009 3308 Synagogam
3048 3237 3358 3292 Iudaeorum
3381 3279 3394 3299 ,
3427 3248 3485 3292 et

240 3343 338 3414 τὴν
358 3343 498 3395 κατὰ
523 3343 698 3412 σάρκα
726 3342 1042 3409 συγγένειαν
1067 3341 1175 3394 τῶν
1202 3344 1265 3394 ἐκ
1291 3343 1594 3411 περιτομῆς
1612 3357 1629 3372 ·
1658 3341 1806 3404 υἱοὺς

1910 3341 2128 3380 omnem
2157 3327 2454 3381 secundum
2487 3342 2708 3381 carnem
2753 3329 3135 3395 cognationem
3167 3343 3356 3383 eorum
3387 3331 3480 3399 qui

241 3432 300 3485 δὲ
334 3431 555 3500 ταύτης,
589 3433 714 3493 τοὺς
737 3434 1144 3502 ἀρνησαμένους
1167 3431 1347 3500 αὑτὸν,
1381 3432 1472 3484 καὶ
1501 3430 1807 3501 εἰρηκότας·

250 3523 467 3577 Τοῦτον
489 3523 556 3576 δὲ
582 3525 692 3576 οὐκ
721 3523 964 3590 οἴδαμεν
988 3524 1170 3575 πόθεν
1191 3523 1343 3576 ἐστι.
1377 3522 1536 3575 Ξένον
1567 3522 1624 3575 δὲ
1648 3522 1810 3574 πάλιν

244 3613 471 3684 ἡγοῦντο
519 3613 767 3682 λέγοντες
788 3630 801 3643 ·
833 3615 915 3666 Οὐ
951 3611 1150 3678 καλῶς
1181 3611 1455 3680 λέγομεν,
1497 3612 1586 3665 ὅτι
1617 3615 1810 3682 Σαμα-

232 3707 440 3774 ,ρείτης
465 3701 538 3767 εἴ,
575 3705 670 3759 καί
702 3705 1008 3772 δαιμόνιον
1038 3703 1194 3771 ἔχεις
1205 3719 1224 3768 ;
1265 3703 1421 3757 Οῦτω
1450 3704 1595 3770 ξένος
1619 3704 1807 3771 γέγονε

242 3801 354 3859 τοῖς
384 3798 518 3860 υἱοῖς
540 3783 643 3867 τῆς
678 3795 883 3866 μητρὸς
917 3795 1105 3849 αὐτοῦ.

318 3996 338 4028 ι
369 3978 476 4030 Καὶ
504 3977 704 4046 ἐθέμην
735 3975 795 4028 τὸ
826 3974 1030 4043 ἔνδυμά
1059 3992 1161 4044 μου
1187 3973 1405 4026 σάκκον.
1431 3992 1450 4022 ι

316 4070 526 4121 Σάκκον
555 4069 661 4138 γάρ
689 4068 905 4138 ἀληθῶς
931 4068 993 4120 τὸ
1011 4066 1183 4137 τραχὺ
1211 4069 1309 4136 τῆς
1335 4065 1608 4143 ἡμετέρας
1634 4066 1808 4135 ἀμαρ-

244 4160 362 4220 τίας
399 4159 707 4212 ἐνεδύσατο.
1355 4161 1357 4163 ’

321 4269 341 4300 ι
368 4247 502 4301 Κατ’
527 4248 660 4316 ἐμοῦ
688 4246 1026 4317 ὴδολέσχουν.
1057 4265 1074 4295 ι

316 4340 455 4402 Τοὺς
487 4339 810 4402 Ἰουδαῖκοὺς
838 4339 1106 4408 ἄρχοντας
1134 4337 1300 4406 λέγει.
1318 4339 1404 4390 Ἐν
1435 4341 1500 4408 τῇ
1531 4337 1670 4407 πύλῃ
1699 4336 1809 4407 γὰρ

1911 3425 2039 3471 sunt
2082 3417 2149 3470 de
2189 3418 2634 3484 circumcisione;
2686 3419 2826 3472 ﬁlios
2856 3435 2986 3473 vero
3018 3420 3203 3488 hujus,
3239 3420 3360 3474 illos
3389 3421 3481 3490 qui

1911 3506 2086 3576 ipsum
2130 3517 2468 3578 negaverunt
2494 3518 2550 3563 et
2577 3510 2834 3564 dixerunt
2867 3510 3065 3564 :Hunc
3093 3521 3270 3564 autem
3313 3513 3482 3564 nesci-

1911 3616 2025 3652 mus
2051 3601 2194 3652 unde
2222 3602 2287 3654 sit
2307 3602 2374 3654 “.
2399 3601 2606 3656 Rursus
2639 3611 2823 3656 autem
2857 3605 3204 3673 peregrinum
3237 3604 3480 3658 arbitrati

1909 3699 2037 3742 sunt
2071 3691 2315 3745 dicentes
2347 3709 2360 3746 :
2393 3692 2580 3745 Nonne
2611 3692 2736 3745 bene
2760 3694 2998 3756 dicimus,
3028 3695 3153 3762 quia
3177 3693 3481 3748 Samarita-

1910 3796 2006 3833 nus
2034 3797 2086 3834 es
2113 3790 2168 3834 tu
2192 3821 2207 3844 ,
2236 3790 2284 3835 et
2312 3783 2630 3836 damonium
2660 3783 2818 3836 habes
2836 3784 2920 3836 “7
2951 3783 3026 3837 Ita
3053 3785 3373 3854 peregrinus
3402 3786 3482 3839 fa-

1908 3881 2030 3926 ctus
2058 3881 2142 3927 est
2171 3873 2292 3926 filiis
2320 3874 2509 3927 matris
2537 3887 2669 3927 suae.

1979 3961 2140 4016 Vens.
2167 3963 2252 4017 12.
2278 3964 2373 4018 «Et
2399 3964 2552 4032 posui
2571 3966 2955 4019 vestimentum
2985 3981 3167 4020 meum
3189 3968 3474 4022 cilicium.»

1978 4053 2225 4109 Cilicium
2257 4070 2384 4110 vere
2420 4071 2674 4126 asperum
2711 4057 2920 4127 peccati
2956 4058 3126 4112 nostri
3154 4060 3352 4114 induit.

1979 4238 2142 4292 Vens.
2178 4237 2264 4292 15.
2310 4257 2328 4288 ιι
2357 4237 2652 4291 Adversum
2684 4253 2770 4292 me
2793 4238 3172 4309 loquebantur.
3210 4258 3227 4290 ι

1982 4324 2264 4394 Principes
2290 4325 2544 4379 Judaicos
2579 4326 2728 4380 dicit.
2761 4325 3043 4396 Siquidem
3070 4330 3237 4382 moris
3266 4339 3385 4383 erat
3422 4341 3476 4384 ut

243 4433 362 4495 εθος
391 4427 458 4500 ἦν
478 4433 576 4498 τὴν
592 4431 702 4482 τῶν
733 4429 1003 4482 Ἰουδαίων
1030 4429 1316 4498 γερουσίαν
1347 4428 1675 4493 καθέζεσθαι
1692 4445 1706 4459 ·
1733 4429 1806 4490 ὡς

1908 4417 2217 4473 Judaeorum
2254 4417 2500 4471 seniores
2529 4418 2585 4471 in
2627 4426 2782 4500 porta
2827 4419 3101 4485 sederent,
3142 4420 3283 4474 sicut
3313 4421 3368 4474 in
3400 4421 3482 4475 hi-

242 4526 309 4575 ἐκ
341 4525 438 4590 τῆς
472 4520 712 4590 ἱστορίας
747 4520 844 4587 τῆς
888 4520 1027 4572 κατά
1068 4520 1166 4590 τὴν
1195 4519 1349 4573 Ῥοὺθ
1392 4522 1487 4572 καὶ
1533 4519 1625 4572 τὸν
1673 4519 1808 4583 Βοὺζ

243 4611 500 4682 κειμένης
536 4611 861 4680 εὑρήσομεν.

320 4720 339 4753 ι
369 4701 478 4753 Καὶ
506 4703 585 4762 είς
614 4700 714 4770 ἐμὲ
748 4700 974 4769 ῑψαλλον
1002 4703 1050 4753 ot
1077 4701 1339 4763 πίνοντες.
1374 4721 1394 4753 ι

315 4794 472 4845 Ποῐον
505 4787 645 4845 οἶνον
668 4808 683 4857 ;
707 4793 810 4844 Τὸν
851 4793 1381 4860 μυστικόν.Ἐκεῖνοι
1418 4791 1525 4862 γάρ
1557 4793 1660 4844 οὐκ
1688 4792 1810 4861 ὴδοο

242 4883 488 4950 ὶέσχουν,
519 4880 633 4935 ἀλλ’
657 4880 911 4949 ἔψαλλον*
961 4881 1036 4944 ὡς
1083 4881 1214 4951 περὶ
1258 4881 1392 4934 Θεοῦ
1442 4883 1533 4935 τοῦ
1572 4883 1806 4954 Χριστοῦ

240 4977 368 5035 τοὺς
402 4973 604 5044 ὕμνους
632 4975 761 5037 τοὺς
787 4974 1157 5043 προφητικοὺς
1187 4972 1456 5040 λέγοντες.

319 5064 438 5118 Ἐτι
473 5067 597 5134 περὶ
629 5065 738 5116 τῶν
769 5065 1037 5117 Ἰουδαίων
1067 5064 1232 5131 λέγει,
1267 5064 1460 5127 οἵτινες
1497 5065 1658 5118 αὐτὸν
1687 5064 1808 5134 ἐμί-

245 5173 391 5219 σουν,
415 5156 489 5217 ὡς
520 5157 599 5218 εἰς
629 5154 916 5224 πρόσωπον
944 5153 1119 5208 αὐτῶν
1144 5155 1432 5223 ἐλέγχοντα
1461 5152 1556 5223 τὴν
1586 5154 1813 5224 ὑπόκρι-

246 5263 330 5298 σιν
348 5264 364 5278 ·
394 5247 450 5297 ἐν
479 5243 792 5315 βάθειδὲτδ»
814 5243 954 5314 ὕδωρ
982 5244 1081 5314 τῆς
1113 5245 1307 5306 κακίας
1336 5244 1649 5314 ἐκέκτηντο,
1669 5244 1810 5297 ὥστε

245 5337 375 5390 ποτὲ
423 5336 521 5404 μὲν
549 5335 708 5388 αὑτὸν
734 5335 942 5401 Ῥαὸδὶ,
972 5334 1102 5387 ποτὲ
1126 5335 1186 5387 δὲ
1211 5335 1382 5405 ἀληθῆ
1418 5334 1512 5387 καὶ
1540 5335 1646 5387 ἀπὸ
1677 5335 1811 5388 Θεοῦ

245 5427 670 5498 προσαγορεύειν
697 5426 978 5497 ἄνθρωπον
997 5465 1013 5492 ,
1047 5426 1142 5497 τὴν
1172 5428 1436 5496 πονηρίαν
1467 5429 1526 5479 ἐν
1555 5426 1631 5496 τῷ
1658 5425 1811 5497 βάθει

241 5521 344 5588 τῆς
374 5519 599 5589 καρδίας
625 5517 1088 5588 ἀποκρύπτοντες.

315 5808 359 5838 ⁸⁷
396 5806 496 5858 lsa.
528 5820 645 5868 ην,
683 5805 767 5859 15.
844 5805 888 5836 ⁸⁸
914 5805 1069 5859 Cant.
1115 5821 1168 5871 v,
1225 5803 1309 5857 l2.
1385 5798 1612 5857 "Marc.
1654 5817 1744 5867 xv,
1787 5802 1806 5855 Ξ

1953 5803 1997 5834 ⁸⁸
2020 5801 2174 5857 Joan.
2202 5818 2279 5870 Is,
2312 5802 2401 5857 29.
2459 5805 2498 5836 ⁶¹
2519 5803 2678 5859 Joan.
2707 5820 2826 5870 vm,
2862 5803 2950 5860 48.

249 5879 292 5909 ⁸³
337 5876 519 5929 Matth.
555 5891 682 5940 xm,
724 5874 802 5928 l6.

1909 4507 2074 4564 storia
2100 4506 2250 4560 Ruth
2276 4515 2332 4560 et
2359 4507 2500 4560 Booz
2523 4497 2878 4576 reperiemus.

1988 4700 2141 4757 Vens.
2174 4702 2260 4755 15.
2296 4717 2320 4751 σ
2345 4698 2413 4755 Et
2436 4700 2490 4753 in
2525 4715 2610 4755 me
2635 4702 2941 4772 psallebant
2972 4706 3062 4773 qui
3094 4706 3371 4764 bibebant.
3405 4729 3422 4762 ι

1983 4792 2151 4859 Quale
2180 4792 2366 4847 vinum
2389 4795 2412 4847 ?
2435 4791 2738 4863 Mysticum.
2768 4795 2849 4848 Illi
2876 4797 3021 4850 enim
3055 4812 3164 4852 non
3201 4801 3486 4870 nugaban-

1913 4893 2019 4950 tur,
2039 4885 2141 4940 sed
2184 4884 2486 4954 psallebant
2513 4903 2526 4938 :
2562 4900 2761 4957 nempe
2787 4887 2855 4941 de
2884 4887 2994 4941 Deo
3012 4888 3231 4945 Christo
3253 4891 3481 4962 hymnos

1918 4977 2262 5047 propheticos
2286 4977 2600 5032 recitantes.

1982 5067 2176 5120 Adhuc
2223 5067 2290 5121 de
2339 5065 2540 5121 Judaais
2566 5066 2693 5136 agit,
2717 5067 2807 5136 qui
2859 5067 3037 5137 ipsum
3073 5070 3318 5136 oderant,
3365 5080 3484 5126 tan-

1910 5173 2071 5225 quam
2104 5158 2195 5226 qui
2229 5157 2285 5211 in
2325 5156 2517 5212 faciem
2551 5157 2792 5226 ipsorum
2847 5160 3153 5228 hypocrisin
3183 5162 3485 5234 redargue-

1910 5245 2005 5300 bat
2040 5264 2054 5300 :
2089 5246 2143 5299 in
2178 5246 2448 5315 profundo
2487 5255 2670 5316 autem
2717 5263 2911 5316 aquam
2964 5249 3184 5305 malitiae
3221 5254 3487 5307 reconde-

1911 5338 2076 5403 bant,
2114 5338 2185 5393 ita
2213 5347 2273 5393 ut
2300 5354 2690 5408 nonnunquam
2737 5340 2957 5408 quidem
2999 5339 3174 5407 ipsum
3221 5342 3483 5408 Rahbi",

1911 5429 2200 5497 aliquando
2223 5445 2352 5484 vero
2377 5444 2624 5483 veracem
2649 5438 2702 5483 et
2733 5429 3004 5484 hominem
3044 5445 3074 5483 a
3105 5430 3214 5485 Deo
3252 5432 3484 5486 missum

1915 5519 2241 5584 dicerent“,
2282 5519 2672 5591 malignitatem
2723 5519 2778 5574 in
2819 5517 2988 5574 fundo
3035 5521 3218 5577 cordis
3255 5522 3485 5576 abscon-

1916 5610 2128 5664 dentes.

3053 5805 3098 5836 ⁶¹
3127 5802 3286 5860 Joan.
3311 5820 3395 5872 ιιι,
3424 5803 3480 5858 9.
