4156 6452
198 441 335 510 1233

1341 464 1806 525 FRAGMENTA
1848 469 1929 529 ΙΝ
1970 470 2325 534 PSALMOS.

3310 481 3445 552 1234

191 556 670 632 ἀκολουθήσωμεν.
690 558 849 620 Οὗτοι
872 569 1052 623 τοίνυν
1075 570 1443 641 αίσχύνονται,
1464 577 1592 631 ὅταν
1618 579 1752 648 ἡμᾶς

191 647 479 672 Λ.Ι..Χ,-1-.
647 657 693 672 ιι
767 660 794 672 ο
973 664 985 672 ι
1052 664 1064 672 .
1118 664 1142 672 -
1209 667 1219 672 -
1309 666 1332 672 Α
1401 668 1460 672 --Α
1600 670 1605 672 .

1868 583 2046 653 itaque
2073 587 2502 654 confunduntur,
2530 592 2747 661 quando
2774 611 2882 652 nos
2901 597 3112 671 insidiis
3149 601 3261 656 suis
3287 602 3441 672 longe

189 647 553 722 ὑψηλοτέρους
577 657 708 711 πολὺ
735 660 834 730 τῆς
854 664 986 733 παρ’
1005 664 1183 717 αὐτῶν
1205 666 1500 738 ἐπιϐουλῆς
1527 670 1621 723 καὶ
1639 647 1767 725 κατε

187 743 483 812 ορθοῦντας
513 749 838 809 θεάσωνται.

266 853 285 884 ι
309 835 811 912 ’Δποστραφείησαν
845 850 1183 917 παραυτίκα.
1212 869 1231 902 ι

258 928 620 996 Παραυτίκα,
655 934 937 991 τουτέστιν
967 939 1190 1002 εὐθέως,
1227 939 1323 992 καὶ
1354 939 1623 1009 ἀναϐολῆς
1656 959 1765 1010 χω-

187 1014 293 1082 ρίς.
308 1017 468 1082 Τίνας
498 1021 554 1073 δὲ
577 1025 633 1074 ὲν
652 1026 807 1094 τάχει
828 1031 1292 1099 καταισχυνθῆναι
1315 1031 1565 1100 βούλεται
1587 1048 1601 1095 ;
1625 1032 1766 1094 Τοὺς

183 1104 470 1174 λέγοντας·
503 1109 681 1183 Εὖγε,
710 1112 884 1187 εὖγε·
928 1123 1170 1174 τουτέστι
1222 1124 1347 1186 τοὺς
1397 1123 1759 1191 ὲγγελῶντας,

181 1200 309 1263 τοὺς
353 1203 765 1275 κολακεύοντας,
800 1213 928 1275 τοὺς
965 1214 1312 1280 ἀπατῶντας,
1346 1216 1472 1279 τοὺς
1501 1216 1762 1285 ἀποδεχο-

183 1295 379 1356 μένους
409 1294 483 1357 ὼς
511 1297 690 1364 ἀγαθά
719 1299 788 1352 τά
812 1299 1050 1373 βλαϐερὰ
1071 1305 1166 1357 καὶ
1188 1304 1483 1374 θανάσιμα.
1512 1303 1658 1373 Πλὴν
1680 1303 1761 1356 δτι

180 1381 307 1444 τοὺς
339 1385 439 1453 μὲν
465 1391 690 1459 νοητοὺς
723 1392 950 1463 ἐχθροὺς
981 1397 1447 1466 καταισχυνθῆναι
1488 1396 1582 1450 καὶ
1625 1397 1761 1448 ἀπο-

182 1477 489 1545 στραφῆναι
515 1479 697 1549 μόνον,
721 1485 847 1548 τοὺς
872 1485 928 1538 δὲ
958 1485 1358 1554 αίσθητοὺςδιά
1379 1489 1574 1557 τάχους
1595 1503 1762 1556 προσ-

178 1562 399 1631 εύχεται
421 1582 434 1595 °
458 1569 814 1643 εὐκολώτεροι
833 1575 941 1643 γὰρ
962 1569 1130 1641 οὗτοι,
1149 1577 1223 1640 ὡς
1248 1576 1466 1646 ἀδελφοὶ
1484 1578 1550 1646 τῇ
1576 1575 1760 1645 φύσει,

177 1654 274 1706 καὶ
300 1656 603 1725 ὁμογενεῖς,
631 1664 725 1716 καὶ
750 1665 1035 1735 ὁμόφυλοι.

254 1765 271 1796 ι
298 1748 772 1816 Ἀγαλλιάσθωσαν
806 1758 905 1811 καὶ
939 1759 1420 1828 εὐφρανθήτωσαν.
1454 1776 1472 1810 t

248 1837 520 1910 Σωτήριον
555 1844 646 1896 τοῦ
698 1847 911 1917 Πατρδς
956 1849 996 1900 ὑ-
1027 1851 1260 1919 Χριστὸς
1308 1851 1656 1922 ὀνομάζεται·
1696 1849 1754 1901 ὲν

176 1930 327 2000 αὑτῷ
372 1933 482 2003 γὰρ
537 1936 632 1989 τοῦ
689 1938 883 2005 γένους
909 1940 1018 1991 τῶν
1058 1940 1362 2010 ἀνθρώπων
1501 1941 1744 2012 σωτηρία
1782 1920 1821 1975 Β

176 2021 695 2093 τέττρακταιθΟθεν
721 2032 816 2083 καὶ
839 2031 1063 2103 Συμεὼν
1089 2033 1378 2088 ἀπολαϐὼν
1402 2036 1491 2088 τὸν
1509 2032 1745 2103 Χριστὸν

177 2116 237 2167 ὲν
265 2120 383 2181 ταῖς
414 2119 680 2187 ἀγκάλαις
707 2124 856 2192 ἔλεγε
878 2141 890 2154 ·
927 2126 1055 2179 Νῦν
1083 2127 1370 2192 ἀπολύεις
1391 2127 1496 2181 τὸν
1521 2126 1746 2180 δοῦλόν

176 2218 313 2268 σου,
350 2209 642 2277 Δέσποτα,
669 2214 818 2268 κατὰ
847 2214 912 2268 τὸ
934 2215 1102 2282 ῥῆμά
1125 2232 1263 2293 σου,
1284 2218 1352 2270 ἐν
1378 2214 1606 2285 εἰρήνῃ·
1657 2214 1746 2268 ὅτι

174 2294 339 2350 εἶδον
365 2302 419 2352 οἱ
449 2302 742 2372 ὀφθαλμοί
759 2324 877 2374 μου
895 2307 959 2359 τὸ
983 2307 1280 2374 Σωτήριόν
1307 2323 1444 2363 σου.
1479 2309 1543 2361 Οἱ
1566 2307 1746 2361 τοίνυν

176 2387 335 2441 τοῦτο
370 2392 696 2460 ἀγαπῶντες
733 2396 794 2449 τὸ
817 2399 1126 2469 σωτήριον,
1163 2400 1455 2462 διαπαντὸς
1487 2401 1578 2456 τὸν
1613 2400 1744 2453 Θεὸν

178 2482 558 2550 μεγαλύνουσι,
614 2489 856 2542 τουτέστι
917 2491 1250 2556 δοξάζουσιν·
1301 2494 1497 2557 ὅτι,τά
1553 2493 1746 2548 εἴδωλα

175 2573 587 2643 καταλιπόντες,
603 2580 693 2633 τὸν
712 2580 844 2633 Θεὸν
870 2582 1186 2653 ἠγάπησαν,
1206 2586 1298 2638 τὸν
1312 2585 1483 2650 ϐντως
1508 2585 1745 2650 σώζοντα

173 2662 269 2713 καὶ
304 2663 705 2737 λυτρούμενον.⁶

253 2769 270 2802 ι
298 2753 497 2825 Βοηθός
540 2776 640 2828 μου
666 2764 757 2815 καὶ
789 2764 992 2834 ρύστης
1025 2781 1126 2834 μου
1159 2760 1208 2818 εἷ
1243 2767 1326 2819 σύ.
1370 2785 1387 2817 ι

247 2930 373 2984 Ὅτε
393 2932 501 3004 γάρ
541 2935 721 3004 πάσης
747 2938 1094 3011 ἀνθρωπίνης
1118 2940 1372 3012 βοηθείας
1399 2944 1741 3015 ἐκπέσωμεν,

170 3021 293 3074 τότε
321 3023 414 3076 τὸν
430 3025 562 3078 Θεὸν
588 3029 709 3081 ἀντὶ
738 3030 955 3083 πάντων
993 3032 1318 3102 εὑρήσομεν.
1353 3035 1515 3108 Ἴσως
1556 3035 1611 3088 δὲ
1647 3037 1744 3089 καὶ

169 3117 238 3166 ἐκ
260 3115 551 3185 προσώπου
578 3120 750 3173 ταῦτα
779 3122 873 3174 τοῦ
921 3122 1054 3175 λαοῦ
1077 3124 1187 3176 τῶν
1211 3124 1380 3176 ἐθνῶν
1410 3126 1740 3195 διαλέγεται⁹

164 3201 214 3272 ᾧ
248 3207 343 3260 καὶ
385 3211 492 3272 πᾶς
539 3212 566 3262 ὁ
607 3211 822 3282 ψαλμὸς
873 3214 1098 3283 πρέπει·
1146 3217 1592 3286 παρακαλοῦντος
1646 3221 1742 3273 καὶ

165 3298 588 3368 ἐπιταχύνοντος
621 3277 740 3354 -τού
818 3277 1054 3373 Χριστοῦ
1130 3277 1238 3376 τὴν.
1299 3277 1588 3377 βοήθειαν,
1648 3277 1813 3365 καὶϐ

167 3390 637 3460 καταισχυνθῆναι
666 3394 790 3456 τοὺς
831 3397 1053 3465 νοητοὺς
1099 3397 1351 3468 ἐχθροὺς,
1382 3399 1584 3471 δηλαδὴ
1615 3404 1741 3465 τοὺς

163 3481 453 3551 δαίμονας,
489 3483 654 3536 πολὺν
686 3487 1159 3555 τετυραννηκότας
1181 3489 1392 3560 χρόνον,
1428 3491 1551 3544 καθ’
1585 3493 1742 3563 ἡμῶν

167 3571 532 3636 ίκετεύοντος.
566 3569 735 3638 Οὗτος
761 3578 789 3630 ὁ
816 3577 946 3641 λαὸς
985 3579 1199 3649 πτωχὸς
1229 3581 1324 3633 καὶ⁵
1356 3581 1546 3652 πένηςυ
1591 3600 1740 3637 πτω-

166 3662 262 3731 χὸς
290 3662 378 3716 διὰ
427 3663 526 3735 τὴν
557 3666 859 3738 ἁμαρτίαν,
894 3669 1062 3740 πένης
1097 3669 1183 3723 διά
1213 3672 1314 3742 τὴν
1349 3671 1628 3730 ἀσέϐειαν.

243 3835 463 3906 Βοηθὸς,
497 3837 573 3900 ὡς
628 3839 848 3909 ἰσχυρὸς
900 3841 1126 3912 ρύστης,
1161 3843 1238 3906 ῶς
1289 3843 1453 3908 αύτδς
1487 3846 1743 3915 ἐνέχυρον

167 3926 312 3995 ὑπὲρ
344 3927 500 3997 ἡμῶν
525 3928 602 3998 τῷ
638 3929 1016 4001 θανάτῳεπρὸς
1057 3935 1276 4001 μικρὸν,
1306 3933 1445 3988 ὥστε
1478 3935 1742 4005 ῥυσθῆναι

166 4017 270 4086 τὴν
308 4020 582 4090 ἡμετέραν
606 4022 980 4092 αἰχμαλωσίαν
998 4022 1293 4091 διδόμενος.
1309 4025 1404 4092 Μὴ
1424 4025 1739 4093 χρονίσῃς.

183 4106 558 4173 Ἀπέγνωσται
586 4109 696 4179 γὰρ
724 4112 874 4177 παρά
905 4111 1126 4163 πάντων
1153 4111 1352 4181 ίατρῶν
1375 4113 1402 4164 ὀ
1433 4112 1738 4183 ἄρρωστος.

167 4195 369 4265 Διόπερ
391 4198 486 4248 καὶ
525 4199 553 4251 ὁ
594 4197 918 4267 ’Δμϐακοὺμ
935 4199 1139 4267 ἐλεγενο
1163 4200 1284 4252 Ἔτι
1313 4200 1529 4270 μικρὸν,
1561 4199 1743 4254 Ὅσον

169 4286 206 4338 ὀ
231 4284 552 4353 ἐρχόμενος
607 4285 760 4352 ἥξει,
809 4287 906 4340 καί
937 4289 1010 4340 οὑ
1044 4289 1334 4358 χρονίσει·
1362 4288 1457 4342 τοῦ
1487 4289 1741 4362 Σωτῆρος

169 4377 514 4447 ἐπιταχύνων
544 4377 644 4448 τὴν
668 4378 870 4448 ἄφιξιν.

785 4493 1077 4546 ΨΑΔΜΟΣ
1119 4495 1194 4548 0'.

248 4598 269 4629 l
318 4581 408 4634 'Ev
432 4583 495 4650 τῇ
522 4581 838 4652 δικαιοσύνῃ
859 4599 954 4635 σου
991 4583 1150 4653 ῥῦσαί
1180 4601 1268 4654 με.
1297 4603 1313 4636 ι

253 4671 439 4735 Καλῶς
491 4673 624 4741 πρὸς
671 4673 755 4738 τὸ,
778 4675 864 4741 μὴ
890 4676 1416 4743 καταισχυνθείην,
1451 4677 1521 4730 ἐν
1556 4677 1628 4745 τῇ
1654 4677 1740 4732 δι-

170 4762 473 4828 καιοσύνῃ
503 4776 639 4816 σου.
675 4763 738 4814 Et
769 4763 878 4832 γὰρ
925 4764 1021 4816 καὶ
1072 4766 1152 4828 είς
1184 4764 1246 4817 σὲ
1289 4766 1560 4835 ἥμαρτον,
1605 4766 1740 4821 ἀλλά

168 4853 378 4906 τούτων
436 4871 504 4922 με
553 4854 776 4918 δικαίως
837 4854 1187 4921 ἀπαλλάξειςο
1232 4857 1315 4909 δτι
1368 4873 1428 4910 τε
1480 4858 1739 4928 οὐδεμίαν

172 4943 358 5014 ἔχουσι
397 4944 598 5013 γνῶσιν
627 4946 726 5018 τῆς
755 4947 850 5016 σῆς
892 4947 1093 5017 ίσχύος,
1139 4947 1235 5000 καὶ
1269 4949 1349 5000 ὅτι
1387 4948 1564 5020 μάτην
1589 4949 1738 5020 ἡμᾶς

173 5036 444 5091 ἀδικοῦσι.

179 5147 199 5176 ε
243 5127 442 5180 κλῖνον
468 5128 603 5195 πρός
631 5145 697 5197 με
720 5129 782 5181 τὸ
812 5127 908 5193 οὖς
941 5146 1056 5186 σου.
1100 5149 1118 5182 ι

245 5218 554 5286 Τουτέστιν,
582 5217 658 5283 ὦς
686 5221 903 5274 ἀσθενεῖ
929 5223 1325 5294 συγκατάϐηθι.
1359 5224 1552 5278 Κλῖνον
1573 5225 1634 5280 τὺ
1654 5220 1747 5291 οὖς

175 5326 271 5362 σου
298 5309 373 5372 ῶς
397 5311 730 5383 ἁμαρτωλῷ,
773 5314 870 5367 καὶ
901 5314 977 5383 μὴ
1013 5313 1301 5386 δυναμένῳ
1331 5318 1430 5370 σὺν
1462 5319 1746 5390 παρρησίᾳ

174 5401 601 5470 προσεύξασθαιο
652 5403 708 5474 ἢ,
764 5405 823 5457 τδ
884 5405 1014 5474 γοῦν
1066 5407 1451 5479 ἀληθέστερον,
1503 5409 1744 5478 ἐγγισον.

173 5492 311 5545 Οὐδὲ
338 5493 448 5564 γάρ
483 5494 641 5564 ἡμεῖς
669 5495 889 5564 ἐγγίσαι
924 5496 1001 5567 τῷ
1040 5494 1157 5567 Θεῷ
1190 5499 1497 5569 χωροῦμεν,
1519 5500 1621 5555 ea»
1650 5502 1747 5573 μὴ,

172 5596 202 5639 ο
227 5587 505 5657 πανταχοῦ
551 5587 763 5659 παρὼν,
791 5589 958 5656 ἐγγὺς
989 5588 1146 5659 ἡμῶν
1183 5591 1409 5662 γένηται
1431 5595 1496 5664 τῇ
1530 5610 1752 5664 συμπα-

175 5677 323 5749 θείᾳ.

247 5855 290 5883 ⁶⁶
319 5854 448 5910 Luc.
476 5871 539 5922 ιι,
567 5855 657 5912 29.
737 5859 779 5890 ⁸⁷
809 5856 1007 5916 Habac.
1036 5876 1091 5923 ιι,
1124 5861 1176 5916 5.

1871 681 2178 749 superiores
2199 690 2254 736 et
2285 693 2429 738 recte
2455 700 2613 756 agere
2649 693 3052 758 conspexerint.

1938 848 2097 906 Vens.
2124 856 2176 909 4r.
2223 872 2244 905 ι
2277 858 2604 914 Avertantur
2629 865 2833 919 statim.
2869 885 2888 917 ιι

1939 944 2156 1012 Statim,
2179 947 2231 1002 id
2255 958 2339 1004 est
2368 951 2534 1016 illico,
2561 963 2616 1008 et
2644 955 2762 1011 sine
2786 957 3065 1014 dilatione.
3089 960 3235 1026 Quos
3257 972 3437 1018 autem

1865 1034 2150 1090 confestim
2176 1040 2287 1093 vult
2316 1043 2676 1098 erubescere?
2695 1047 2797 1112 Qui
2827 1049 3018 1105 dicunt
3045 1068 3058 1104 :
3083 1051 3248 1122 Euge,
3274 1070 3437 1123 euge;

1865 1124 1917 1178 id
1938 1137 2039 1189 est,
2056 1128 2330 1196 irrisores,
2355 1135 2682 1204 adulatores,
2700 1138 3044 1209 impostores,
3067 1143 3160 1212 qui
3181 1158 3436 1215 tanquam

1864 1215 2025 1283 bona,
2062 1234 2123 1272 ea
2173 1236 2294 1289 quae
2337 1226 2496 1279 noxia
2540 1239 2594 1282 et
2636 1230 2887 1286 mortalia
2931 1244 3077 1297 sunt,
3109 1237 3434 1306 suscipiunt.

1866 1306 2247 1368 Verumtamen
2286 1315 2557 1382 spiritales
2586 1320 2802 1387 quidem
2832 1323 3082 1378 inimicos
3108 1327 3435 1381 erubescere

1861 1400 2123 1457 duntaxat
2148 1412 2202 1458 et
2226 1407 2419 1469 averti,
2467 1409 2562 1464 sed
2589 1413 2873 1468 sensibiles
2902 1415 3023 1470 illos
3052 1431 3176 1470 cum
3210 1416 3437 1472 festina-

1862 1493 2009 1548 tione
2051 1497 2222 1550 averti
2268 1507 2462 1570 rogat:
2490 1499 2544 1553 hi
2589 1503 2736 1556 enim
2785 1505 2956 1575 magis
2998 1505 3211 1572 lubrici,
3246 1514 3432 1575 utpote

1861 1594 2054 1640 natura
2090 1586 2303 1654 fratres,
2331 1600 2385 1644 et
2411 1592 2655 1661 ejusdem
2682 1596 2933 1666 generis,
2961 1606 3015 1652 et
3038 1599 3394 1654 contribules.

1930 1760 2088 1817 Vens.
2112 1764 2164 1817 5.
2211 1783 2230 1816 ι
2261 1765 2544 1822 Exsultent
2572 1779 2626 1823 et
2648 1770 2920 1825 lzetentur.
2954 1791 2974 1832 r,
3065 1765 3068 1768 ’

1931 1851 2181 1909 Salutare
2229 1855 2406 1911 Patris
2468 1870 2813 1930 nuncupatur
2876 1863 3166 1918 Christus:
3213 1866 3268 1918 in
3310 1863 3428 1934 ipso

1847 1941 1991 1996 enim
2020 1945 2234 2014 generis
2259 1947 2480 2002 humani
2508 1950 2654 2006 salus
2686 1951 2823 2005 facta
2855 1961 2957 2007 est.
2998 1953 3153 2009 Unde
3209 1964 3265 2010 et
3329 1957 3419 2011 bi—

1847 2048 2004 2087 meon
2031 2034 2308 2092 Christum
2339 2039 2396 2093 in
2426 2041 2579 2095 ulnas
2606 2042 2897 2111 excipiens
2923 2045 3060 2100 dixit
3095 2065 3106 2100 :
3144 2045 3300 2100 Nunc
3340 2048 3425 2102 di.-

1847 2125 2012 2179 mittis
2040 2144 2242 2181 servum
2330 2141 2496 2196 tuum,
2576 2132 2812 2198 Domine,
2870 2137 3154 2189 secundum
3215 2138 3428 2190 verbum

1845 2224 2014 2278 tuum.
2065 2220 2120 2272 in
2168 2238 2319 2289 pace,
2380 2224 2508 2292 quia
2561 2226 2800 2278 viderunt
2865 2225 3004 2280 oculi
3048 2229 3148 2282 mei
3188 2227 3425 2284 salutare

1847 2315 1994 2361 tuum
2028 2311 2094 2364 “.
2155 2311 2258 2377 Qui
2317 2314 2479 2384 igitur
2520 2316 2756 2371 salutare
2813 2319 2916 2372 hoc
2939 2319 3188 2391 diligunt,
3211 2336 3425 2390 semper

1845 2399 2016 2454 Deum
2045 2404 2411 2474 magniﬁcam,
2432 2407 2487 2462 id
2517 2417 2601 2462 est
2616 2408 2956 2479 gloriﬁcant;
2987 2412 3268 2480 quoniam,
3291 2414 3421 2466 reli-

1845 2492 2143 2561 ctisidolis,
2169 2497 2335 2553 Deum
2390 2499 2830 2572 dilexerunt,qui
2884 2518 3011 2559 vere
3063 2501 3310 2559 Salvator
3337 2514 3423 2560 est

1845 2598 1907 2637 ac
1960 2582 2306 2658 Redemptor.

1915 2762 2074 2817 Vens.
2107 2765 2158 2817 7.
2189 2783 2205 2815 ι
2243 2767 2471 2836 Adjutor
2531 2785 2686 2824 meus
2741 2780 2796 2825 et
2851 2770 3110 2824 liberator
3154 2785 3307 2825 meus
3360 2783 3423 2824 es

1849 2860 1924 2905 lu.
1954 2872 1972 2903 ι

1915 2944 2143 3010 Quando
2197 2950 2341 3004 enim
2406 2953 2552 3006 omni
2620 2954 2855 3008 humana
2893 2969 2996 3023 ope
3030 2955 3417 3020 exciderimus,

1845 3040 1975 3087 tunc
1995 3033 2165 3089 Deum
2193 3053 2292 3106 pro
2318 3040 2572 3096 omnibus
2605 3043 2960 3111 reperiemus.
2995 3043 3264 3098 Fortassis
3293 3059 3420 3097 vero

1845 3123 2010 3178 etiam
2039 3139 2106 3179 ex
2135 3142 2367 3196 persona
2397 3130 2578 3200 populi
2604 3132 2845 3203 gentium
2879 3133 2995 3188 haec
3027 3134 3421 3199 edisserit;cui

1846 3215 2008 3269 etiam
2033 3225 2179 3271 totus
2208 3218 2297 3273 hic
2318 3221 2561 3289 psalmus
2591 3223 2880 3287 convenit;
2912 3224 3133 3279 Christo
3158 3225 3430 3279 nimirum.

1847 3307 2135 3363 iuvocante
2161 3312 2581 3368 etaccelerante
2621 3315 2902 3381 auxilium,
2942 3325 3104 3385 atque
3149 3316 3428 3386 spiritales

1849 3394 2119 3460 inimicos,
2155 3397 2367 3452 scilicet
2391 3399 2692 3466 daemonas,
2747 3401 2839 3470 qui
2868 3402 3028 3472 longo
3053 3412 3297 3471 tempore
3337 3413 3416 3471 ty-

1849 3483 2073 3537 rannice
2094 3498 2194 3537 nos
2219 3498 2626 3554 oppresserant,
2669 3486 2930 3542 confundi
2962 3490 3290 3558 postulante.
3322 3490 3420 3544 Hic

1848 3573 2084 3642 populus
2143 3590 2348 3646 egenus
2402 3586 2457 3630 et
2509 3593 2723 3647 pauper.
2763 3588 2845 3633 est
2907 3595 2920 3630 :
2971 3595 3174 3650 egenus
3201 3581 3418 3650 quidem

1848 3675 2072 3732 propter
2100 3674 2403 3734 peccatum,
2443 3682 2658 3737 pauper.
2708 3679 3116 3739 veropropter
3167 3670 3420 3739 impieta-

1850 3759 1979 3807 tem.

1919 3844 2169 3913 Adjutor,
2201 3857 2461 3916 tanquam
2487 3847 2642 3903 fortis
2700 3849 2981 3914 liberator,
3009 3859 3070 3905 ut
3097 3850 3189 3920 qui
3213 3862 3414 3906 semet-

1848 3933 2024 4003 ipsum
2078 3951 2244 4006 parvo
2274 3947 2517 4008 tempore
2563 3955 2662 4010 pro
2693 3941 2851 3995 nobis
2902 3941 2958 3996 in
3013 3942 3208 4012 pignus
3257 3944 3420 3996 morti

1847 4024 2078 4092 dederit,
2134 4037 2191 4080 ut
2243 4029 2616 4097 captivitatem
2669 4040 2916 4086 nostram
2969 4032 3283 4086 redimeret.
3339 4031 3420 4085 Ne

1849 4117 2163 4172 tardaveris.
2190 4120 2439 4175 Inﬁrmus
2467 4122 2612 4175 enim
2639 4124 2708 4176 ab
2722 4124 2981 4177 omnibus
3010 4122 3233 4178 medicis
3261 4124 3421 4192 depo-

1848 4205 1989 4260 situs
2012 4216 2115 4262 est.
2136 4208 2366 4278 Propter
2384 4211 2530 4280 quod
2550 4211 2715 4265 etiam
2743 4212 3000 4266 Habacuc
3027 4213 3157 4266 dicit
3187 4228 3199 4263 ε
3227 4211 3420 4267 Adhuc

1848 4297 2142 4363 modicum,
2182 4300 2307 4369 quia
2325 4303 2534 4354 veniens
2555 4303 2742 4367 veniet,
2797 4312 2847 4356 et
2906 4318 3007 4355 non
3066 4303 3302 4356 tardabit
3336 4305 3416 4368 ";

1848 4387 2143 4444 Salvatoris
2165 4390 2458 4446 adventum
2492 4392 2820 4448 accelerans.
2880 4453 2886 4460 _

2373 4504 2692 4560 PSALMUS
2731 4505 2891 4561 LXX.

1777 4623 1822 4680 ο
1918 4593 2080 4649 Vites.
2111 4594 2166 4648 Ξ.
2193 4613 2213 4645 ι
2244 4594 2303 4648 ln
2329 4595 2537 4664 iustitia
2567 4603 2658 4650 tua
2677 4596 2844 4651 libera
2870 4613 2976 4652 me.
3004 4618 3024 4649 ι

1918 4684 2148 4741 Pulchre
2174 4687 2241 4742 ad
2276 4687 2427 4750 illud,
2461 4704 2564 4741 non
2589 4689 2896 4759 confundor,
2929 4689 3173 4756 addit,in
3204 4690 3416 4758 justilia

1848 4791 1961 4832 tua.
1996 4778 2111 4832 Etsi
2138 4777 2283 4833 enim
2309 4779 2365 4832 in
2389 4786 2441 4832 te
2473 4780 2833 4847 peccaverim,
2860 4788 3040 4834 tamen
3075 4783 3142 4834 ab
3182 4780 3268 4835 his
3331 4796 3419 4833 me

1843 4869 1989 4939 juste
2013 4869 2272 4924 liberabis
2295 4887 2308 4922 :
2336 4869 2464 4938 quia
2481 4870 2685 4924 nullam
2713 4871 2920 4924 habent
2956 4870 3296 4926 fortitudinis
3315 4878 3420 4925 tua:

1845 4959 2116 5024 notitiam,
2151 4969 2208 5014 et
2235 4967 2443 5016 temere
2459 4961 2616 5016 nobis
2644 4962 2895 5031 injuriam
2931 4960 3155 5017 faciunt.

1924 5154 1943 5186 ι
1974 5133 2176 5190 Inclina
2197 5137 2268 5192 ad
2294 5153 2382 5192 me
2406 5151 2593 5191 aurem
2617 5145 2787 5192 tuam.
2829 5157 2846 5189 ν
3146 5199 3149 5203 _

1921 5227 1976 5282 Id
2006 5235 2107 5292 est,
2136 5237 2390 5297 tanquam
2424 5229 2639 5282 inﬁrmo
2668 5228 3070 5286 condescende.
3101 5230 3304 5285 Inclina
3327 5246 3422 5285 au-

1850 5335 1964 5375 rem
1998 5328 2145 5374 tuam
2169 5330 2422 5389 tanquam
2462 5321 2755 5389 peccatori,
2791 5327 2847 5374 et
2899 5335 3008 5374 non
3043 5320 3240 5374 valenti
3263 5335 3421 5374 orare

1851 5427 1976 5466 cum
2010 5411 2236 5476 ﬁducia;
2268 5411 2373 5475 vel,
2411 5411 2574 5479 quod,
2625 5411 2808 5465 verius
2868 5419 2975 5475 est,
3019 5411 3417 5480 appropinqua.

1846 5502 2034 5573 Neque
2058 5504 2202 5557 enim
2233 5518 2334 5557 nos
2373 5503 2440 5556 ad
2492 5503 2662 5557 Deum
2720 5503 3163 5573 appropinquare
3219 5515 3421 5570 possu-

1850 5610 1990 5658 mus,
2024 5595 2126 5648 nisi
2163 5595 2230 5658 is,
2253 5598 2345 5664 qui
2372 5594 2625 5648 omnibus
2656 5609 2897 5663 praesens
2960 5593 3135 5660 adest,
3195 5592 3423 5664 prOpiu-

1851 5703 1991 5758 quus
2029 5687 2186 5743 nobis
2209 5687 2300 5742 ﬁat
2345 5703 2443 5757 per
2482 5686 2939 5756 compassioncm.
