4156 6452
787 445 923 513 1235
1966 454 2322 513 IIESYCHII
2381 457 2852 516 PRESBYTERI
3941 455 4060 519 126

862 565 1018 618 \Lns.
1048 566 1100 617 '5.
1127 585 1144 615 ι
1174 564 1301 618 Esto
1326 567 1459 620 mibi
1490 568 1545 621 in
1575 569 1739 622 Deum
1765 581 2152 638 protectorem.
2197 591 2214 622 ι
2387 577 2432 632 Α

2005 587 2152 625 trem.
2197 591 2214 622 3
2387 577 2432 632 Α
2537 592 2555 624 ι
2589 573 2754 625 Γενοῦ
2786 590 2876 642 μοι
2909 576 2988 635 εἰς
3013 571 3147 625 Θεὸν
3175 571 3646 642 ύπεραστειστήν.»

855 651 1201 706 l’eccatorcm
1233 654 1477 724 iniquum
1510 669 1563 712 et
1585 659 1845 727 injustum
1869 672 2023 715 vocat
2051 662 2354 724 diabolum;

2546 665 2893 736 Ἀμαρτωλδν
2946 665 3261 735 παράνομόν
3297 681 3358 716 τε
3394 665 3490 717 καὶ
3520 664 3718 717 ἄδικον
3750 662 3925 716 καλεῖ
3976 663 4053 715 τὸν

786 755 948 814 atque
978 763 1040 798 ex
1064 747 1184 815 ejus
1219 764 1382 802 manu
1417 751 1641 814 (scilicet
1673 755 1901 821 peccati,
1934 755 2079 823 quod
2115 755 2168 807 in
2221 755 2358 808 insi-

2457 759 2724 813 διάϐολον·
2755 760 2818 812 ὲκ
2866 759 3050 828 χειρός
3079 775 3140 811 τι
3169 756 3334 811 αὐτοῦ
3377 757 3644 828 ρυσθῆναι
3685 755 3931 824 ιδηλώὴ
3966 757 4045 819 τῆς

786 841 888 893 diis
914 842 1042 895 latet
1066 843 1425 913 voluptatum)
1459 846 1697 912 postulat
1721 847 1960 903 liberari.
1993 847 2146 913 Quod
2167 849 2210 902 si
2228 864 2357 902 vero

2459 851 2757 922 ἁμαρτίας,
2798 849 2866 919 ἣν
2917 852 2974 901 ὲν
3004 853 3127 913 ταῖς
3162 849 3468 919 μεθοδείαις
3515 850 3633 919 ἔχει
3671 848 3797 902 τῶν
3827 847 4044 917 ὴδονιῖνιι

783 933 945 986 etiam
977 949 1005 987 a
1040 936 1418 1004 peccatoribus
1450 936 1667 991 liberari
1705 947 1871 1007 petat,
1906 939 2068 993 etiam
2094 940 2198 994 hoc
2226 941 2357 994 bea-

2459 942 2846 1013 ττροσεύχεται.
2887 943 2950 997 El
2978 943 3033 995 δὲ
3061 944 3158 996 καὶ
3182 941 3487 1013 ἀνθρώπων
3525 941 3896 1011 ἁμαρτωλῶν
3915 941 4045 1003 λέγει

787 1037 899 1078 tum
938 1039 1042 1080 est.
1076 1027 1207 1080 Nam
1243 1028 1286 1082 si
1315 1027 1534 1095 quidem
1576 1029 1830 1084 inimicus
1856 1041 2110 1100 peccator
2145 1032 2234 1092 sit.
2263 1032 2358 1084 mi-

2459 1035 2749 1105 ρυσθῆναι,
2783 1035 2879 1088 καὶ
2917 1034 3077 1088 τοῦτο
3129 1035 3422 1104 μακάριον.
3455 1035 3516 1086 Ei
3546 1035 3651 1103 μὲν
3695 1033 3819 1102 γὰρ
3868 1033 4045 1102 ἐχθρὸς

787 1118 932 1174 nime
966 1121 1166 1190 parcit;
1215 1121 1262 1173 si
1289 1137 1421 1175 vero
1450 1123 1680 1185 amicus,
1708 1123 1872 1176 etiam
1907 1123 1987 1176 sic
2009 1125 2185 1194 gravis
2217 1133 2302 1177 est
2339 1140 2350 1174 :

2456 1130 2484 1180 ὁ
2532 1127 2876 1196 ἁμαρτωλὸς,
2927 1127 2988 1178 ού
3041 1127 3307 1195 φείδεται·
3354 1128 3402 1179 εί
3440 1125 3494 1178 δὲ
3523 1126 3707 1192 φίλος,
3754 1126 3934 1194 βαρὺς
3966 1127 4042 1174 καὶ

787 1226 910 1263 nam
971 1211 1150 1280 qualia
1204 1210 1321 1280 ipse
1371 1213 1630 1266 nimirum
1687 1213 2149 1276 comminiscitur,
2227 1214 2354 1267 talia

2456 1219 2649 1283 οὕτως·
2677 1215 2767 1274 οἷα
2797 1220 2907 1289 γὰρ
2942 1219 3104 1282 αὐτὸς
3149 1220 3258 1291 ἄρα
3295 1218 3679 1288 συμϐουλεύει,
3723 1221 3847 1279 τοῖς
3885 1218 4043 1285 φίλοις

787 1303 948 1356 etiam
963 1304 1154 1359 amicis
1176 1306 1386 1358 suadet.
1419 1307 1461 1358 Α
1495 1316 1781 1374 peccatore
1801 1307 1962 1376 igitur
1982 1315 2089 1359 tam
2126 1306 2354 1361 inimico

2455 1316 2550 1366 καὶ
2584 1312 2973 1382 προτρέπεται.
3023 1310 3380 1381 Ἀμαρτωλοῦ
3408 1309 3587 1362 τοίνυν
3627 1308 3843 1379 ἐχθροῦ
3877 1326 3934 1359 τε
3965 1310 4041 1358 καὶ

784 1411 945 1462 quam
1007 1397 1182 1450 amico
1239 1397 1404 1450 etiam
1434 1400 2204 1464 nosoremusliberari;cum
2265 1400 2354 1454 hic

2454 1401 2610 1470 φίλου
2659 1399 2921 1470 ῥυσθῆναι
2970 1401 3064 1452 καὶ
3107 1401 3271 1470 ἡμεῖς
3306 1399 3776 1471 προσευξώμεθα·
3809 1399 3907 1450 τοῦ
3956 1399 4039 1465 μὲν

782 1482 1002 1549 quidem
1040 1499 1138 1551 per
1175 1484 1488 1550 amicitiam,
1517 1487 1604 1541 ille
1650 1503 1779 1541 vero
1803 1505 1900 1558 per
1929 1492 2227 1559 potentiam
2255 1506 2350 1544 seu

2452 1495 2539 1548 διὰ
2577 1494 2782 1564 φιλίας,
2804 1494 2897 1547 τοῦ
2931 1494 2986 1546 δὲ
3017 1494 3364 1559 δυναστείας,
3390 1495 3664 1564 ἑκατέρας
3701 1494 3904 1546 ἀδίκου
3960 1495 4038 1543 zz".

786 1573 1116 1638 violentiam,
1159 1583 1388 1643 uterque
1413 1585 1592 1628 autem
1620 1577 1872 1645 nequiter
1905 1589 1959 1631 et
2011 1577 2195 1648 inique
2247 1594 2348 1632 no-

1502 1590 1592 1628 .em
1620 1577 1872 1645 nequiter
1905 1589 1959 1631 et
2011 1577 2195 1648 inique
2247 1594 2348 1632 no-
2453 1588 2770 1658 παρανόμου
2799 1586 3143 1655 βλάπτοντος.

784 1673 922 1717 eoat.

856 1752 1017 1809 Vsus.
1042 1756 1092 1810 8.
1134 1774 1151 1806 ς
1189 1755 1480 1826 Replealur
1520 1773 1582 1811 os
1617 1773 1798 1812 meum
1823 1759 2001 1813 laude.
2043 1779 2062 1810 ι

2525 1780 2544 1812 ι
2586 1760 2939 1831 Πληρωθήτω
2965 1760 3026 1812 τὸ
3057 1762 3233 1831 στόμα
3270 1777 3372 1829 μου
3398 1760 3685 1822 αἰνέσεως.
3728 1777 3749 1809 3

853 1845 1022 1898 Nemo
1050 1845 1218 1899 Deum
1251 1847 1333 1900 vel
1355 1861 1417 1900 ea
1444 1863 1566 1917 quae
1600 1846 1693 1902 Dei
1718 1857 1844 1902 sunt
1892 1849 2111 1902 laudare
2143 1856 2340 1918 potest,
2382 1911 2420 1922 ﬂ

2394 1911 2420 1922 Α
2521 1853 2712 1916 Οὐδεὶς
2759 1853 3000 1922 ὑμνῆσαι
3035 1849 3128 1903 τὸν
3172 1850 3306 1903 Θεὸν
3336 1850 3457 1902 οὐδὲ
3501 1849 3569 1901 τὰ
3599 1848 3697 1900 τοῦ
3732 1847 3904 1908 Θεοῦ,
3956 1847 4035 1898 ἐὰν

784 1937 888 1989 nisi
913 1938 980 1991 ab
1012 1937 1130 2007 ipso
1159 1939 1427 2008 sapientia
1463 1911 1521 1993 et
1546 1939 1704 1994 laude
1730 1940 1969 2009 repletus
1991 1911 2176 1993 fuerit.
2202 1938 2343 2005 Quid
2381 1911 2422 1969 Β

2389 1911 2422 1969 Β
2453 1947 2528 2018 μὴ
2551 1911 2812 2016 πληρωθῇ
2835 1911 2908 1996 πα
2917 1943 2966 2014 ρ’
2987 1941 3154 1998 αὐτοῦ
3180 1943 3368 2010 σοφίας
3385 1943 3788 2004 καὶαίνέσεως,
3805 1941 4030 1992 δύναται.

784 2045 943 2099 porro
972 2030 1192 2085 laudare
1213 2032 1398 2101 cupit?
1426 2032 1518 2086 Dei
1539 2033 1760 2103 gloriam
1783 2043 1839 2085 et
1869 2031 2341 2102 magniﬁcentiam;

2447 2039 2489 2089 Τ
2496 2039 2510 2088 ί
2539 2037 2595 2090 δὲ
2621 2038 2863 2107 ὑμνῆσαι
2893 2035 3176 2106 βούλεταις
3203 2034 3374 2098 Δόξαν
3397 2033 3532 2086 Θεοῦ
3563 2034 3660 2084 καὶ
3687 2033 4032 2101 μεγαλοπρέ-

781 2125 831 2176 id
872 2134 955 2178 est
982 2124 1246 2195 magnalia
1274 2124 1389 2187 Dei,
1417 2133 1471 2178 et
1520 2125 1779 2180 miracula
1828 2126 1982 2179 valde
2027 2124 2340 2196 gloriﬁcata,

2445 2143 2626 2180 πειαν·
2652 2127 2898 2179 τουτέστι
2927 2126 2996 2179 τὰ
3029 2125 3242 2196 μεγάλα
3275 2123 3367 2178 τοῦ
3402 2123 3563 2186 Θεοῦ,
3608 2123 3710 2175 καὶ
3744 2122 3872 2174 λίαν
3906 2122 4032 2173 δεξο-

778 2217 844 2269 de
874 2216 1071 2285 quibus
1100 2217 1234 2270 dixit
1271 2232 1284 2268 :
1319 2216 1492 2281 Quam
1515 2218 1856 2288 magniﬁcam
1877 2228 1996 2271 sunt
2032 2235 2192 2281 opera
2227 2228 2339 2280 tua,

2444 2221 2686 2291 ξασμένα
2717 2219 2992 2290 θαύματα,
3028 2218 3157 2288 περὶ
3183 2211 3259 2271 ὧν
3287 2217 3472 2282 ἔλεγεν
3489 2233 3506 2291 ’Δ
3526 2218 3622 2280 Ὡς
3653 2216 4031 2283 ἐμεγαιύνθη

778 2309 998 2362 Domine
1028 2311 1241 2363 !omnia
1265 2312 1320 2364 in
1339 2311 1599 2378 sapientia
1629 2313 1796 2380 fecisti
1819 2313 1884 2363 ".

2442 2287 2513 2366 rd
2546 2287 2689 2382 ἔργα
2717 2287 2856 2373 σού,
2890 2311 3066 2378 Κύριε
3086 2287 3331 2363 {mir-ra
3381 2309 3452 2361 ἐν
3486 2287 3679 2376 ὄοφίᾳ
3715 2307 4032 2371 ἐποίησας.

853 2419 870 2451 ‹
910 2400 979 2454 Ut
1007 2412 1218 2455 cantem
1246 2401 1469 2471 gloriam
1500 2411 1666 2457 tuam.
1707 2421 1725 2452 3

2518 2426 2536 2457 ‹
2577 2407 2766 2468 Ὅπως
2796 2406 3022 2476 ὑμνήσω
3048 2404 3149 2474 τὴν
3181 2402 3340 2467 δόξαν
3375 2419 3492 2455 σου.
3535 2420 3552 2454 3

849 2493 1300 2563 Magniﬁcentiam
1327 2505 1477 2548 vocat
1500 2493 1761 2563 Spiritum
1787 2512 1799 2546 :
1822 2496 1874 2547 in
1910 2494 2028 2566 ipso
2056 2496 2200 2549 enim
2226 2513 2341 2550 ma-

2511 2497 3007 2565 Μεγαλοπρέπειαν
3032 2495 3094 2547 τὸ
3114 2494 3336 2564 Πνεῦμα
3362 2493 3540 2546 καλεῖ·
3571 2493 3631 2543 ὲν
3654 2489 3818 2558 αὐτῷ
3845 2487 3954 2555 γὰρ
3973 2485 4034 2536 τὲ

776 2601 875 2653 gum
911 2584 1002 2637 Dei
1040 2584 1298 2638 miracula
1326 2600 1600 2654 Operaque
1637 2585 1792 2639 ﬁunt.
1824 2584 2015 2639 Totam
2037 2603 2168 2642 vero
2197 2588 2339 2642 dicm

2445 2588 2658 2656 μεγάλα
2715 2586 2810 2640 τοῦ
2864 2585 3000 2638 Θεοῦ
3054 2584 3312 2654 θαύματα
3360 2582 3458 2636 καὶ
3502 2582 3571 2634 τὰ
3623 2579 4036 2648 κατορθώματα

777 2683 935 2730 vocat
960 2677 1101 2729 hanc
1131 2676 1296 2729 vitam
1325 2686 1586 2730 nostram.

2441 2680 2672 2750 γίνεται.
2723 2681 2969 2750 Ἦμέραν
3020 2678 3076 2731 δὲ
3128 2678 3258 2746 ὃλην
3290 2676 3380 2730 τὸν
3427 2675 3544 2746 βίον
3601 2674 3696 2726 τὸν
3742 2673 4033 2743 ἡμέτερον.

848 2765 1008 2820 Vitas.
1042 2767 1127 2820 l0.
1163 2785 1182 2818 ι
1218 2765 1356 2832 Quia
1388 2766 1643 2821 dixerunt
1670 2767 1875 2827 inimici
1925 2769 2212 2823 meimihi.
2246 2790 2262 2820 3

1925 2769 2032 2822 mei
2057 2769 2212 2823 mihi.
2246 2790 2262 2820 3
2521 2793 2538 2824 ε
2573 2775 2694 2826 Ὅτι
2723 2772 2874 2825 εἷπον
2911 2774 2960 2824 οἱ
2985 2771 3167 2841 ἐχθροί
3192 2787 3292 2839 μου
3317 2767 3461 2838 ἐμοί.
3503 2785 3521 2818 3

845 2858 1126 2912 Damones
1141 2857 1452 2911 custodiunt
1480 2857 1686 2910 animas
1730 2870 1946 2911 nostras
1976 2874 2082 2912 non
2114 2860 2180 2912 ad
2242 2861 2342 2913 bo-

2511 2864 2880 2918 Φυλάσσουσιν
2898 2861 3054 2932 ἡμῶν
3083 2860 3181 2922 τὰς
3200 2859 3401 2928 ψυχὰς,
3425 2857 3525 2909 οὑκ
3549 2856 3632 2917 είς
3661 2853 3905 2920 ἀγαθὸν,
3927 2847 4037 2902 ἀλλ’

776 2965 926 3012 num,
967 2948 1060 3002 sed
1125 2948 1190 3002 ad
1252 2948 1474 3012 malum,
1522 2949 2004 3014 observanteseas,
2030 2958 2086 3003 et
2113 2960 2173 3004 ut
2221 2951 2341 3004 illa-

2443 2958 2522 3019 είς
2557 2955 2724 3008 κακὸν
2755 2954 2806 3006 οἱ
2827 2952 3103 3021 δαίμονες,
3130 2949 3520 3020 ἐπιτηροῦντες
3545 2946 3746 3011 αὑτὰς,
3775 2945 3926 2998 ὥστε
3952 2947 4037 2993 καὶ

773 3050 976 3110 queent
999 3040 1319 3094 insidiantes
1355 3059 1366 3093 :
1405 3040 1459 3092 hi
1485 3049 1738 3109 namque,
1764 3041 1982 3110 quando
2021 3043 2178 3096 nobis
2205 3043 2339 3097 insi-

2443 3046 2773 3115 παγιδεῦσαι
2792 3042 3185 3114 ἐνεδρεύοντες·
3205 3036 3354 3096 οὗτοι
3372 3040 3503 3110 γὰρ,
3521 3041 3653 3092 ὅταν
3677 3040 3839 3105 ἡμᾶς
3867 3038 4035 3103 τηρὴ-

775 3135 891 3188 dias
938 3132 1232 3188 struxerint
1252 3149 1347 3202 per
1373 3141 1677 3201 peccatum,
1707 3142 1762 3187 et
1789 3135 1854 3187 ad
1881 3134 2083 3189 bonum
2109 3152 2344 3204 operan-

2447 3155 2641 3201 σαντες
2687 3136 2778 3190 διὰ
2823 3136 2924 3205 τὴν
2976 3135 3274 3205 ἁμαρτίαν,
3322 3133 3418 3185 καὶ
3463 3130 3601 3200 πρὸς
3653 3129 4035 3196 ἀγαθοεργίες

776 3229 903 3281 dum
931 3226 1135 3281 debiles
1163 3225 1566 3295 conspexerint,
1623 3225 1774 3294 quasi
1814 3226 2102 3282 derelictos
2127 3243 2157 3281 a
2209 3228 2339 3294 Deo,
2370 3254 2412 3310 ε

2389 3254 2412 3310 3
2445 3232 2851 3300 ἀσθενήσαντας
2880 3228 3082 3291 ίδωσιν,
3119 3227 3194 3289 ὡς
3224 3224 3686 3293 καταληφθέντων
3728 3222 3839 3274 ὑπὸ
3872 3219 4030 3276 Θεοῦ,

775 3335 883 3372 non
903 3319 1075 3371 solum
1100 3333 1200 3371 nos
1225 3316 1479 3386 persequi
1521 3316 1658 3370 facta
1699 3319 2099 3387 conspiratione
2128 3321 2337 3387 volunt,

2449 3325 2505 3376 ὲν
2528 3321 2751 3392 ὁμονοίᾳ
2786 3320 3067 3390 βούλονται
3091 3319 3151 3370 ού
3186 3318 3347 3385 μόνον
3379 3315 3744 3380 καταδιῶξαι,
3781 3312 3927 3365 ἀλλὰ
3950 3311 4035 3363 καὶ

775 3411 868 3467 sed
909 3411 1069 3466 etiam
1122 3409 1586 3478 comprehendere
1632 3420 1913 3480 satagunt;
1975 3414 2339 3482 putantenim

2448 3413 2781 3466 καταλαϐεῖν
2832 3412 3248 3476 σπουδάζοντες·
3302 3408 3521 3462 δοκοῦσι
3565 3408 3675 3476 γὰρ
3727 3407 3834 3458 οὐκ
3899 3403 4035 3458 εἶναι

776 3517 885 3555 non
915 3515 1036 3553 esse
1062 3499 1154 3568 qui
1185 3513 1286 3552 nos
1312 3499 1525 3553 liberet.

1202 3513 1286 3550 nos
1312 3499 1525 3553 liberet.
2447 3508 2538 3560 τὸν
2562 3506 2843 3578 ῥυόμενον.

847 3589 1007 3645 Vens.
1038 3590 1122 3643 12.
1152 3609 1169 3640 ι
1201 3589 1343 3644 Deus
1373 3606 1544 3655 meus,
1575 3607 1642 3645 ne
1667 3593 1937 3662 elongeris
1968 3609 1996 3646 a
2033 3607 2141 3647 me.
2175 3611 2193 3644 ι

2098 3609 2141 3647 Β.
2175 3611 2193 3644 ο
2523 3617 2542 3650 ς
2588 3599 2646 3650 '0
2671 3598 2803 3662 Θεὸς
2833 3616 2960 3668 μου,
2987 3597 3061 3667 μὴ
3089 3597 3373 3668 μακρύνῃς
3398 3596 3492 3649 ἀπ’
3519 3593 3676 3664 ἐμοῦ.
3720 3614 3739 3644 3

847 3682 915 3736 Et
976 3681 1249 3750 quomodo
1301 3679 1442 3735 Deus
1492 3697 1658 3751 super
1689 3697 1881 3737 omnes
1920 3684 2050 3736 etin
2083 3684 2340 3738 omnibus

2519 3687 2631 3740 Καὶ
2654 3688 2772 3750 πῶς
2800 3690 2829 3741 ό
2860 3687 2990 3748 Θεὸς
3023 3688 3115 3739 ἐπὶ
3139 3686 3358 3740 πάντων
3379 3686 3474 3737 καὶ
3497 3687 3554 3736 ὲν
3581 3685 3718 3735 πᾶσι
3756 3682 4035 3752 μακρύνε-

774 3771 1076 3840 elongatur,
1123 3769 1226 3823 nisi
1256 3770 1474 3837 quando
1493 3785 1593 3823 nos
1621 3771 1740 3840 ejus
1780 3774 2068 3840 praasentia
2122 3773 2338 3842 indigna

2446 3798 2558 3843 ται,
2589 3780 2798 3852 sirm]
2828 3781 2956 3832 ὅταν
2980 3780 3141 3849 ἡμεῖς
3161 3779 3260 3846 τῆς
3283 3775 3449 3829 αὑτοῦ
3483 3775 3800 3844 παρουσίας
3834 3778 4033 3841 ἀνάξια

772 3863 1142 3934 gesserimus?
1168 3861 1309 3916 sicut
1343 3876 1442 3930 per
1490 3865 1860 3932 propheticam
1887 3865 2122 3936 linguam
2149 3866 2215 3920 ad
2241 3865 2340 3920 .Iu-

2449 3869 2747 3943 πράξωμεν
2764 3890 2778 3938 ;
2800 3871 2990 3940 ὥσπερ
3008 3869 3096 3923 διὰ
3128 3869 3227 3938 τῆς
3245 3868 3592 3938 προφητικῆς
3611 3867 3872 3937 γλώττης
3907 3868 4039 3936 πρὸς

772 3958 917 4010 όεεοε
947 3956 1124 4009 dixit:
1191 3952 1414 4006 Peccata
1469 3965 1648 4008 vestra
1686 3956 1934 4010 dividunt
1990 3957 2132 4010 inter
2159 3973 2253 4012 vos
2285 3967 2340 4012 et

2460 3963 2747 4027 Ἰουδαίους
2787 3964 2991 4030 ἔλεγεν·
3016 3962 3083 4014 Ai
3105 3959 3374 4030 ἁμαρτίαι
3413 3958 3566 4028 ὑμῶν
3596 3958 3891 4012 διιστῶσιν
3912 3961 4038 4012 ἀνει-

774 4051 941 4108 Deum
970 4051 1035 4101 ".

2452 4057 2616 4126 μέσον
2646 4055 2801 4124 ὑμῶν
2838 4053 2932 4107 καὶ
2953 4051 3047 4106 τοῦ
3087 4051 3246 4108 Θεοῦ.

841 4143 1121 4200 Υειιε.21.
1157 4164 1176 4196 ι
1230 4145 1596 4218 Multiplicasti
1650 4159 1812 4213 super
1870 4156 1955 4196 me
1988 4138 2339 4210 magniﬁcen-

2216 4154 2339 4194 cen-
2523 4163 2542 4196 ι
2589 4143 2950 4204 Ἐπλεόνασας
2995 4142 3080 4193 ἐπ’
3111 4140 3212 4209 ἐμὲ
3240 4140 3341 4211 τὴν
3376 4140 3797 4212 μεγαλωσύνην.
3836 4159 3857 4192 3

773 4250 922 4292 llam.
962 4253 980 4285 3

844 4330 1237 4403 Magniﬁcentia
1277 4329 1372 4383 Dei
1403 4338 1486 4384 est
1502 4330 1622 4398 ejus
1673 4330 1738 4382 ad
1769 4343 1871 4382 nos
1901 4325 2293 4381 condescensio
2322 4340 2334 4374 :

2517 4318 2894 4388 Μεγαλωσύνη
2924 4315 3058 4369 Θεοῦ
3091 4317 3124 4384 ἡ
3142 4315 3281 4386 πρὸς
3310 4316 3460 4385 ἡμᾶς
3496 4315 3940 4382 συγκατάϐασις·
3961 4316 4037 4378 ὡς

770 4426 910 4478 sicut
933 4424 1076 4477 enim
1101 4422 1369 4476 maximus
1386 4428 1572 4474 manet
1599 4435 1850 4490 magnus,
1898 4429 1953 4472 et
1976 4419 2186 4489 pusillis
2204 4431 2339 4471 con-

2447 4414 2554 4481 γὰρ
2582 4411 2838 4480 μέγιστος
2864 4408 3014 4478 μένει
3040 4408 3236 4478 μέγας,
3258 4408 3354 4462 καὶ
3376 4409 3488 4471 τοῖς
3533 4408 3757 4477 μικροῖς
3788 4423 4037 4472 συγκατ-

767 4514 1073 4569 descendit.
1107 4511 1390 4578 Quomodo
1428 4521 1608 4564 autem
1669 4526 1821 4564 suam
1877 4511 1944 4564 ad
1996 4524 2096 4563 nos
2143 4509 2341 4561 conde-

2448 4507 2692 4575 ἐρχεται.
2751 4502 2875 4563 Πῶς
2928 4500 2986 4552 δὲ
3061 4500 3159 4569 τὴν
3214 4500 3352 4570 πρὸς
3408 4501 3555 4569 ἡμᾶς
3615 4498 4036 4566 συγκατάϐασιν

768 4606 1110 4661 scensionem
1129 4603 1540 4674 multiplicavit?
1591 4601 1819 4669 Quando
1857 4604 2112 4657 nimirum
2161 4603 2324 4658 homo
2357 4602 2398 4656 D

2392 4595 2791 4659 ιὲπλεόνασενς
2835 4594 3005 4646 Ὅταν
3067 4592 3311 4662 δηλονότι
3363 4592 3656 4660 γενόμενος
3712 4588 4033 4660 ἄνθρωπος,

767 4700 964 4762 lactus,
995 4697 1070 4750 ita
1103 4711 1202 4750 nos
1227 4710 1291 4749 ex
1316 4710 1505 4749 errore
1551 4695 1817 4750 reducens
1877 4711 1985 4749 non
2038 4699 2232 4753 terruit
2278 4709 2336 4754 ut

2443 4690 2585 4742 οὕτω
2603 4705 2661 4739 τε
2680 4688 2829 4757 ἡμᾶς
2854 4687 2918 4738 ὲκ
2945 4689 3045 4755 τῆς
3070 4687 3281 4756 πλάνης
3315 4684 3655 4754 ἐπιστρέψας
3696 4684 3800 4736 οὐκ
3833 4683 4035 4752 #4661;-

765 4804 973 4854 servos,
1007 4788 1102 4842 sed
1122 4787 1434 4842 consolatus
1458 4795 1539 4842 est
1566 4795 1622 4840 ut
1649 4785 1808 4842 ﬁlios.

2446 4796 2535 4833 σεν
2560 4780 2633 4843 ὼς
2659 4779 2897 4843 δούλους,
2930 4778 3045 4832 ἀλλ’
3068 4777 3142 4840 ὡς
3165 4778 3311 4838 υἱοὺς
3335 4775 3733 4846 παρεκάλεσεν.

842 4878 1119 4953 “15.9.2.
1160 4898 1178 4930 ‹
1203 4878 1336 4933 Nam
1359 4887 1413 4932 et
1438 4893 1538 4949 ego
1572 4879 1892 4935 conﬁtebor.
1941 4900 1961 4934 3

2520 4890 2538 4922 ‹
2572 4871 2680 4923 Καὶ
2703 4871 2812 4940 γὰρ
2833 4868 2942 4939 ἐγὼ
2965 4868 3432 4939 ὲξομολογήσομαί
3455 4886 3558 4921 σοι.
3603 4887 3623 4920 3

833 4970 949 5025 Non
984 4983 1091 5025 tam
1119 4973 1170 5027 in
1204 4971 1495 5026 sensilibus
1515 4971 1887 5028 instrumentis
1911 4989 2070 5043 quam
2101 4975 2154 5028 in
2176 4977 2338 5030 corde

2520 4962 2595 5014 Ού
2621 4961 2876 5015 τοσοῦτον
2898 4963 3009 5023 τοῖς
3038 4961 3317 5030 αἰσθητοῖς
3341 4961 3460 5014 ὅσον
3477 4961 3534 5011 έν
3552 4959 3755 5030 καρδίᾳ
3781 4959 4028 5028 καθαρᾷ,

764 5078 900 5131 puro
929 5071 984 5117 et
1008 5063 1187 5133 lingua
1221 5073 1539 5133 temperata,
1558 5073 1611 5116 et
1633 5061 1708 5116 nil
1733 5078 1762 5116 a
1783 5066 2070 5120 sanctitate
2096 5067 2334 5121 alienum

2444 5056 2503 5106 ὲν
2567 5054 2782 5124 γλώττῃ
2843 5051 3220 5124 σωφρονούσῃ,
3275 5053 3370 5104 καὶ
3431 5051 3598 5121 μηδὲν
3659 5050 4025 5124 φθεγγομένη

764 5156 1094 5224 proferente.
1157 5153 1281 5209 Haec
1332 5155 1478 5209 enim
1512 5170 1699 5211 revera
1748 5171 1874 5211 vasa
1907 5159 2098 5227 psalmi
2142 5163 2336 5216 merito

2441 5146 2751 5216 ἁγιωσύνης
2799 5145 3102 5217 ἀλλότριον.
3163 5143 3352 5196 Ταῦτα
3397 5142 3506 5212 γὰρ
3564 5142 3784 5213 ἀληθῶς
3855 5146 4024 5212 σκεύη

762 5248 1122 5317 appellantur.

2439 5238 2656 5309 ψαλμοῦ
2695 5237 2918 5301 δικαίως
2947 5238 3293 5309 ὀνομάζεται.

1296 5339 1612 5401 PSALMUS
1660 5345 1843 5401 LXXI.

1808 5348 1843 5401 ι,
3003 5332 3296 5389 ΨΑΛΜΟΣ
3325 5337 3447 5389 OA'.

830 5431 990 5486 Vsus.
1020 5433 1074 5487 6.
1112 5453 1130 5485 ι
1156 5434 1458 5491 Descendet
1485 5438 1626 5493 sicut
1649 5439 1824 5507 pluvia
1861 5441 1913 5494 in
1940 5442 2130 5495 vellus.
2170 5462 2186 5492 ι

2013 5442 2130 5495 llus.
2170 5462 2186 5492 3
2520 5451 2538 5484 ι
2579 5428 3063 5501 Καταϐήσεταιὼς
3085 5430 3238 5493 ύετὺς
3268 5430 3362 5482 ἐπὶ
3403 5429 3592 5484 πόκον.
3637 5449 3654 5480 3

834 5525 971 5578 Dicit
996 5525 1267 5597 Unigeniti
1300 5527 1355 5581 in
1386 5527 1611 5598 Deipara
1630 5529 1849 5603 Virgine
1869 5534 2326 5588 exinanitionem:

2514 5523 2624 5594 Τὴν
2648 5524 2876 5576 κένωσιν
2904 5522 2998 5576 τοῦ
3025 5522 3363 5590 Μονογενοῦς
3393 5522 3494 5592 τὴν
3522 5525 3601 5586 είς
3628 5522 3730 5591 τὴν
3754 5521 4019 5575 Θεοτόκον

765 5616 936 5670 vellus
961 5623 1143 5670 autem
1171 5628 1389 5674 uterum
1417 5621 1538 5691 ejus
1561 5625 1752 5679 merito
1805 5627 2139 5697 nuncupavit
2162 5645 2175 5692 ;
2202 5628 2327 5697 quia

2441 5620 2716 5689 Παρθένον
2745 5618 2914 5686 λέγει·
2944 5617 3113 5670 πόκον
3141 5616 3198 5669 δὲ
3219 5617 3386 5687 αὐτῆς
3410 5616 3511 5686 τὴν
3525 5615 3773 5685 γαστέρα
3791 5613 4018 5673 δικαίως

766 5708 858 5762 Dei
885 5706 1044 5764 Verbi
1091 5710 1383 5766 adventum
1425 5715 1609 5782 quiete
1658 5731 1721 5770 ac
1765 5717 1880 5772 sine
1907 5720 2160 5787 strepitu,
2220 5734 2328 5774 non

2438 5713 2716 5766 ἐκάλεσεν·
2763 5711 2950 5778 ἐπειδὴ
3004 5709 3097 5762 τοῦ
3147 5708 3282 5763 Θεοῦ
3332 5708 3506 5776 Λόγου
3559 5707 3660 5778 τὴν
3709 5706 4014 5778 ἐπιδημίαν

841 5884 884 5918 ⁸⁸
908 5889 1046 5948 Psal.
1074 5905 1185 5954 cut,
1225 5894 1315 5947 2i.
1394 5893 1436 5926 ⁸ο
1462 5892 1560 5947 lsa.
1595 5911 1701 5963 LIX,
1732 5896 1787 5948 ‘2.
