4156 6452
154 403 284 465 123Ἱ

1276 395 1739 457 FRAGMENTA
1774 395 1857 455 ΙΝ
1896 396 2254 485 ΡεᾼιΜοε.

3266 402 3397 469 Ῑ238

147 516 326 587 ήσυχῆ
356 511 452 565 καὶ
478 508 761 582 ἀψοφητὶ,
796 510 1049 579 καθάπερ
1077 508 1242 572 πόκος
1269 510 1362 562 τὸν
1391 511 1568 577 ὑετὸν,
1610 509 1725 563 ἐδέ-

1850 527 1987 566 .ecus
2018 528 2082 567 ac
2116 512 2288 566 vellus
2304 510 2564 580 pluviam,
2590 510 2852 582 suscepit.
2890 508 3191 582 llocipsum
3217 523 3395 569 autem

148 609 296 671 ξατο.
318 606 391 657 Τὸ
417 604 460 657 δ’
489 604 621 657 αὐτὸ
647 602 746 658 καὶ
767 602 859 656 ἐπ)⁸
888 601 997 655 τῶν
1028 602 1303 667 σταγόνων
1329 604 1494 673 ὲρείς.

220 719 237 752 ι
283 699 547 752 Ἐνώπιον
565 696 731 750 αὐτοῦ
759 694 1159 768 προσπεσοῦνται
1200 695 1476 760 Αἰθίοπες.
1527 713 1545 746 ι

214 792 331 845 Νῦν
357 791 459 862 μὲν
490 790 728 852 ἑκόντες,
776 792 832 842 ἐν
867 788 922 842 δέ
961 787 1038 858 τῷ
1080 789 1328 858 μέλλοντι
1356 790 1451 843 καὶ
1480 790 1726 852 ἄκοντες.

139 882 313 935 Οὐπω
348 883 481 951 γάρ.
519 880 665 934 κατὰ
715 880 808 933 τὸν
844 875 1193 944 Ἀπόστολον,
1236 880 1452 951 ὁρῶμεν
1481 880 1631 950 αὐτῷ
1663 880 1732 934 τὰ

142 975 327 1026 πάντα
360 971 799 1041 ὑποτεταγμένα.
830 971 989 1025 ’Δλλὰ
1013 973 1146 1025 τότε
1175 971 1394 1040 κάμψει
1423 970 1582 1037 αὺτῷ
1611 969 1734 1027 πᾶν

137 1066 293 1132 γόνυ
319 1064 721 1132 ἐπουρανίων,
745 1063 841 1120 καί
860 1065 1158 1133 ἐπιγείων,
1179 1063 1276 1117 καὶ
1302 1063 1730 1132 καταχθονίων.

151 1159 210 1210 Ἐ
219 1157 383 1228 Αθροὶ
413 1158 473 1210 δέ
498 1156 666 1211 αὐτοῦ
701 1157 974 1227 λείχοντες
1013 1155 1166 1227 χοῦν,
1190 1158 1239 1210 οἱ
1272 1156 1370 1219 τὰς
1399 1156 1497 1226 τῆς
1533 1156 1733 1225 σαρκὸς

136 1250 493 1320 ἡδυπαθείας
516 1249 806 1319 τιμῶντες.

218 1337 237 1393 i
292 1343 393 1395 Ἐκ
417 1342 579 1396 τόκου
617 1342 713 1396 καὶ
733 1342 790 1407 ἐξ
814 1340 1049 1404 ἀδικίας.
1076 1360 1094 1393 ι

213 1435 414 1486 Πείσει
466 1435 666 1495 τοίνυν,
714 1433 871 1502 φησὶ,
927 1433 1052 1495 τούς
1096 1432 1279 1503 ἀδικίᾳ
1320 1434 1416 1487 καὶ
1454 1433 1736 1502 πλεονεξίᾳ

135 1530 474 1597 χαίροντας,
515 1526 650 1597 ἐλέῳ
678 1527 770 1579 καὶ
802 1524 1186 1595 φιλανθρωπίᾳ
1218 1524 1539 1593 κεχρῆσθαι.
1567 1523 1737 1577 Τοῦτο

134 1620 191 1669 δὲ
214 1612 289 1688 ἦν
336 1618 484 1686 ὅπερ
531 1615 917 1685 ἐπεσημήνατο
963 1615 996 1685 ἡ
1038 1613 1132 1667 τοῦ
1180 1614 1517 1681 Εὐαγγελίου
1550 1612 1737 1683 Γραφὴ

138 1709 405 1777 φήσασου
470 1709 729 1771 Τούτους
758 1706 901 1770 τοὺς
940 1705 1169 1759 δώδεκα
1198 1704 1521 1770 ἐξελέξατο
1551 1709 1582 1760 ό
1621 1707 1737 1771 ’1η-

134 1799 322 1864 σοῦς,
354 1798 473 1865 οὓς
495 1798 595 1851 καὶ
626 1798 1014 1863 ἀποστόλους
1045 1798 1381 1866 ὠνόμασεν.

219 1912 239 1942 ι
273 1891 394 1944 Καὶ
421 1890 643 1959 ἔντιμον
664 1889 725 1942 τὸ
744 1889 915 1959 ὄνομα
944 1888 1145 1942 αὐτῶν.
1188 1908 1207 1940 ι

216 1983 389 2035 Ποῖον
416 1981 621 2051 ὅνομα;
665 1982 724 2031 '0
749 1980 1004 2051 Χριστὸς,
1038 1980 1132 2048 ἀφ’
1178 1974 1238 2034 οὐ
1284 1980 1603 2050 Χριστιανοὶ
1646 1996 1741 2032 κε-

140 2073 439 2145 κλήμεθα.
466 2073 622 2128 Οὕτω
648 2074 757 2143 γὰρ
783 2073 1001 2143 ἔντιμον
1024 2073 1084 2126 τὸ
1104 2073 1274 2142 ὄνομα
1313 2074 1479 2126 αὐτοῦ
1509 2073 1741 2126 ἐνώπιον

139 2164 255 2216 τῶν
290 2164 361 2217 δι’
393 2162 564 2218 αὐτοῦ
598 2163 880 2216 σωθέντων
911 2164 1006 2217 καὶ
1036 2164 1445 2217 πιστευσάντων
1475 2163 1745 2233 καθέστη-

143 2272 268 2311 κεν·
313 2256 471 2311 ὥστε
501 2258 631 2320 τοὺς
681 2258 779 2324 μὲν
814 2257 1073 2321 πλούτου,
1113 2260 1241 2320 τοὺς
1294 2258 1351 2310 δὲ
1391 2257 1568 2322 ἀξίας,
1618 2259 1745 2321 τούς

141 2350 203 2402 δὲ
266 2346 372 2401 καὶ
429 2347 604 2419 αὐτῆς
664 2349 761 2417 τῆς
821 2347 966 2418 ζωῆς
1019 2350 1458 2420 καταφρονῆσαι,
1529 2349 1616 2403 ἵνα
1669 2348 1745 2420 μὴ

143 2443 211 2495 τὸ
259 2442 380 2496 τῶν
439 2442 788 2512 Χριστιανῶν
847 2441 1189 2513 ἀρνήσασθαι
1236 2441 1603 2512 ὑπομείνωσιν
1633 2441 1743 2495 ὅνο-

153 2552 257 2604 μα.

230 2645 250 2676 ι
290 2626 408 2679 Καὶ
444 2624 837 2697 προσεύξονται
868 2624 999 2693 περὶ
1027 2624 1215 2677 αὐτοῦ.
1258 2643 1275 2673 ι

227 2718 375 2772 Οὐδέ
427 2718 538 2787 γὰρ
577 2720 634 2770 ἐν
678 2717 1000 2787 ἐκκλησίαις
1032 2717 1213 2786 μόνον,
1245 2715 1381 2769 ἀλλὰ
1414 2717 1507 2769 καὶ
1532 2716 1589 2767 ἐν
1618 2716 1748 2782 ἀγο-

156 2811 286 2875 ραῖς
319 2810 424 2862 καὶ
460 2809 518 2860 ἐν
546 2808 717 2870 οἴκοις
749 2807 1014 2877 διηνεκῶς
1035 2808 1068 2876 ἡ
1100 2806 1194 2859 τοῦ
1229 2805 1471 2878 Χριστοῦ
1505 2807 1747 2874 εὐλογία,

153 2901 419 2953 τουτέστι
465 2898 763 2967 δοξολογία,
794 2898 947 2970 παρὰ
974 2898 1083 2952 τῶν
1114 2900 1195 2961 είς
1225 2899 1386 2953 αὐτὸν
1450 2914 1750 2953 πεπιστευ-

158 2991 343 3045 κότων
373 2989 731 3061 κηρύττεται.

240 3104 258 3134 ι
299 3085 418 3137 Καὶ
452 3082 906 3154 εὐλογηθήσονται
932 3084 990 3135 ἐν
1012 3082 1158 3153 αὐτῷ
1182 3085 1351 3135 πᾶσαι
1380 3084 1436 3134 αί
1467 3081 1630 3151 φυλού⁵
1653 3082 1751 3152 τῆς

160 3178 289 3246 γῆς.
338 3197 356 3228 ι

236 3269 425 3319 Πᾶσαι
462 3267 569 3334 γὰρ
602 3265 783 3333 φυλαὶ,
818 3267 987 3318 πᾶσαι
1017 3264 1257 3333 γλῶσσαι
1280 3265 1371 3318 καὶ
1401 3265 1594 3335 χῶραι,
1619 3265 1752 3333 πρό-

162 3374 327 3426 τερον
359 3357 421 3407 ἐν
474 3357 537 3424 τῇ
584 3354 758 3424 πλάνῃ
788 3353 1093 3421 διάγουσαι,
1145 3353 1238 3405 νῦν
1294 3352 1599 3421 συμφώνως
1653 3353 1754 3421 τὴν

162 3449 431 3517 εὐλογίαν
459 3447 724 3511 ἐδέξαντοο
743 3447 863 3499 ὅθεν
891 3446 1052 3498 αὐτὸν
1088 3446 1182 3498 καὶ
1214 3444 1569 3515 μακαριοῦσι’
1602 3445 1754 3495 ποῖον

165 3540 573 3610 μακαρισμὸν,
626 3539 656 3607 ἢ
720 3537 937 3601 πάντως
983 3537 1075 3589 τὸν
1133 3537 1194 3588 ἐν
1247 3539 1357 3596 τοῖς
1406 3534 1755 3602 Εὐαγγελίοις

167 3634 455 3700 κείμενονσ
483 3630 759 3697 Μακαρία
788 3630 827 3694 ἠ
854 3630 1052 3683 κοιλία
1075 3629 1112 3695 ἠ
1139 3625 1510 3693 βαστάσασά
1532 3643 1625 3690 σε,
1655 3625 1752 3678 καί

169 3724 395 3781 μαστοὶ
429 3722 535 3786 οῦς
561 3721 867 3787 ἐθήλασας
888 3738 906 3785 ἐ

246 3839 264 3867 ι
315 3813 628 3883 Εὐλογητὸς
664 3812 866 3881 Κύριος
888 3810 1068 3873 ὁΘεὸς
1093 3810 1185 3862 τοῦ
1233 3808 1470 3879 Ἰσραήλ.
1513 3826 1531 3859 ι

238 3908 347 3961 Διὰ
380 3905 435 3959 τί
477 3904 535 3958 δέ
571 3903 913 3968 διπλασιάζει
944 3902 1025 3966 τὸ,
1061 3901 1345 3966 Peracto;
1406 3900 1757 3969 Ἐπιταχῦναι

163 3999 269 4068 τὴν
302 3995 593 4067 ἡμετέραν
651 3994 964 4062 ἐλευθερίαν
1014 3992 1338 4063 βουλόμενος
1391 3991 1485 4044 καὶ
1513 3991 1611 4062 τὴν
1649 3990 1758 4042 τῶν

162 4091 412 4145 δικαίων
439 4088 651 4141 ἐλπίδα.
690 4087 858 4138 Ὅταν
882 4083 991 4154 γὰρ
1021 4086 1054 4157 ἡ
1090 4085 1162 4154 γῆ
1190 4082 1455 4154 πληρωθῇ
1476 4082 1577 4149 τῆς
1601 4081 1759 4151 δόξης

164 4183 263 4236 τοῦ
297 4178 566 4251 Χριστοῦ,
591 4177 710 4231 τότε
751 4177 781 4229 δ
809 4175 1001 4248 παρὼν
1038 4176 1241 4246 κόσμος
1282 4175 1637 4237 συντελεῖται,
1668 4172 1760 4224 καὶ

164 4277 196 4344 η
227 4270 492 4344 βασιλεία
515 4268 626 4323 τῶν
654 4267 901 4339 οὐρανῶν
924 4268 1304 4338 ἐμφανίσεται.

750 4357 892 4409 ΨΔΛ
900 4356 1042 4410 MU}:
1076 4355 1198 4411 OB'.

247 4473 266 4504 ι
319 4453 413 4515 Ὠς
439 4451 640 4519 ἀγαθὸς
668 4452 697 4504 ὁ
722 4450 854 4512 Θεὸς
886 4447 963 4518 τῷ
996 4447 1246 4518 Ἰσραήλί
1281 4466 1300 4500 ι

1828 604 1993 658 etiam
2024 606 2091 660 de
2118 604 2414 661 stillicidiis
2443 605 2612 662 dices.

1907 692 2066 747 Vens.
2103 696 2155 748 9.
2188 712 2206 746 ι
2244 693 2442 749 Coram
2463 698 2555 751 illo
2583 700 3192 769 procidenUEthiopes.
3236 715 3254 744 ι

1898 783 2053 840 Nunc
2074 787 2294 860 quidem
2326 788 2646 858 voluntarii;
2699 793 2754 847 in
2792 791 2976 846 futuro
2994 802 3175 845 autem
3201 790 3401 844 saeculo

1830 882 1992 935 etiam
2017 882 2191 936 inviti.
2238 884 2492 939 Nondum
2516 888 2682 953 enim,
2737 884 3037 942 secundum
3061 883 3396 953 Apostolum,

1832 970 2082 1026 videmus
2106 973 2204 1041 ipsi
2227 976 2412 1029 omnia
2444 976 2709 1047 subjecta.
2745 978 2851 1031 Sed
2883 987 3012 1032 tunc
3047 974 3402 1044 ﬂecteturipxi

1834 1080 1984 1118 omne
2016 1081 2171 1135 genu,
2204 1068 2510 1133 cwlestium,
2537 1070 2865 1123 terrestrium
2916 1079 2964 1122 et
2988 1064 3397 1138 infernarum".

1835 1155 2043 1210 Inimici
2073 1166 2255 1211 autem
2288 1160 2407 1227 ejus
2432 1160 2523 1228 qui
2552 1162 2832 1231 pulverem
2888 1161 3118 1231 lingunt,
3143 1166 3271 1213 sunt
3321 1155 3401 1209 illi

1835 1247 1924 1315 qui
1953 1248 2132 1302 carnis
2166 1226 2532 1316 voluptatibus
2550 1226 2718 1305 dediti
2738 1226 2920 1305 sunt."
2944 1272 2955 1293 ς

1905 1339 2064 1396 Vens.
2100 1341 2186 1397 14.
2229 1361 2247 1393 ι
2279 1341 2354 1396 Ex
2386 1358 2547 1397 usura
2590 1344 2968 1412 etiniquitate.
3009 1362 3027 1394 ι

1907 1431 2191 1488 Permittet
2210 1433 2391 1505 igitur,
2418 1434 2617 1503 inquit,
2639 1449 2733 1488 eos
2756 1434 2847 1502 qui
2896 1432 3161 1503 injustitia
3187 1445 3243 1491 et
3282 1452 3405 1490 ava-

1839 1525 1959 1579 ritia
1991 1526 2298 1596 gaudebant
2327 1526 2696 1580 misericordia
2733 1534 2789 1579 et
2815 1525 3105 1580 clementia
3128 1526 3256 1580 frui.
3292 1526 3407 1581 lloc

1838 1628 2019 1673 autem
2042 1628 2160 1673 erat
2188 1619 2241 1673 id
2272 1618 2417 1687 quod
2443 1618 2749 1673 insinuabat
2777 1618 3089 1688 evangelica
3125 1617 3405 1688 Scriptura

1838 1709 2064 1764 dicens:
2089 1708 2263 1780 Elegit
2292 1710 2562 1764 duodecim
2591 1725 2655 1763 ex
2680 1709 2804 1778 ipsis
2834 1709 3005 1774 Iesus,
3031 1698 3165 1779 quos
3195 1720 3244 1764 et
3277 1726 3409 1778 apo-

1837 1802 1994 1856 stolos
2019 1803 2301 1857 nominavit
2325 1805 2389 1859 ".
2900 1814 2901 1817 “

1915 1915 1932 1946 ι
1966 1896 2033 1949 Ει
2061 1896 2379 1950 honorabile
2407 1911 2601 1950 nomen
2623 1910 2836 1951 eorum.
2884 1913 2901 1945 ι

1913 1984 2081 2051 Quale
2104 1985 2626 2053 nomen?Christus,
2669 2003 2697 2041 a
2748 2004 2858 2058 quo
2893 1989 3189 2045 Christiani
3222 1988 3409 2057 appel-

1843 2078 1933 2131 lati
1962 2093 2171 2132 sumus.
2199 2078 2330 2132 'l'am
2360 2080 2503 2133 enim
2526 2080 2844 2136 honorabile
2897 2091 2981 2136 est
3042 2095 3243 2135 nomen
3293 2080 3411 2143 ejus

1794 2226 1818 2245 Ὢ
1844 2171 1897 2223 in
1924 2180 2221 2240 conspectu
2251 2186 2440 2225 eorum
2468 2172 2559 2241 qni
2589 2188 2683 2241 per
2725 2174 2900 2243 ipsum
2929 2174 3127 2228 servati
3153 2180 3301 2233 sunt,
3351 2186 3412 2224 ac

1847 2261 2225 2326 crediderunt;
2261 2271 2319 2316 ut
2341 2262 2431 2317 alii
2458 2263 2673 2332 quidem
2698 2264 2933 2329 divitias,
2964 2266 3052 2319 alii
3076 2280 3203 2319 vero
3234 2262 3411 2333 digni-

1850 2362 2009 2419 tates,
2040 2352 2129 2407 alii
2159 2353 2391 2424 denique
2414 2354 2578 2410 vitam
2609 2356 2778 2425 ipsam
2836 2356 3283 2425 contempserint,
3344 2369 3415 2408 ne

1846 2443 2276 2500 Christianorum
2306 2461 2506 2500 nomen
2538 2462 2762 2518 negasse
2790 2457 3130 2516 putarentur.

1923 2627 2085 2682 Vens.
2109 2628 2195 2683 15.
2228 2646 2246 2679 ι
2278 2628 2348 2683 Et
2375 2628 2678 2682 adorabunt
2708 2628 2776 2683 de
2808 2630 2947 2699 ipso.
2988 2647 3008 2681 ›

1917 2717 2037 2771 Non
2067 2716 2243 2771 solum
2272 2716 2418 2771 enim
2446 2716 2498 2769 in
2523 2718 2787 2783 ecclesiis,
2821 2719 2917 2772 sed
2939 2718 3105 2772 etiam
3129 2719 3183 2772 in
3214 2720 3418 2789 compi-

1852 2808 1922 2863 tis
1975 2816 2031 2862 et
2086 2808 2139 2861 in
2171 2806 2421 2861 domibus
2461 2807 2676 2863 assidue
2714 2807 2921 2864 Christi
2977 2810 3309 2874 benedictio,
3368 2812 3418 2864 id

1851 2909 1935 2955 est
1987 2899 2287 2955 honoriﬁca
2348 2900 2700 2971 praedicatio,
2762 2902 2825 2955 ﬁt
2879 2918 2910 2956 a
2958 2903 3304 2959 credentibus
3365 2904 3420 2957 in

1852 3007 2048 3061 ipsum.

1926 3082 2086 3139 Vens.
2115 3085 2201 3138 l7.
2239 3104 2257 3135 ι
2304 3083 2368 3138 Et
2398 3084 2793 3139 benedicentur
2846 3086 2897 3139 in
2935 3087 3058 3156 ipso
3087 3103 3276 3143 omnes
3322 3087 3418 3140 tri-

1781 3178 1823 3235 C
1856 3179 1956 3232 bus
1976 3187 2147 3230 terrae.
2181 3196 2199 3245 ῃ

1926 3266 2127 3321 Omnes
2160 3265 2304 3320 enim
2337 3265 2533 3327 tribus.
2571 3281 2762 3320 omnes
2818 3267 3013 3336 linguaz
3066 3283 3128 3319 ac
3151 3268 3415 3336 regiones,

1856 3374 1977 3427 qua?
2008 3358 2160 3427 prius
2185 3360 2236 3410 in
2265 3373 2452 3411 errore
2485 3360 2865 3421 versabantur,
2911 3375 3058 3413 nunc
3079 3360 3421 3413 concorditer

1858 3447 2295 3502 benedictionem
2347 3457 2672 3515 receperunt
2718 3466 2730 3501 :
2790 3447 2931 3501 unde
2976 3447 3152 3514 ipsum
3209 3460 3421 3515 quoque

1858 3542 2074 3593 beatum
2107 3539 2438 3607 praedicant:
2480 3540 2622 3608 quali
2656 3539 3030 3595 beatitudine?
3066 3540 3167 3593 nisi
3201 3541 3424 3594 omnino

1857 3632 1945 3685 illa
1980 3646 2100 3699 qua:
2132 3632 2183 3683 in
2205 3628 2511 3697 Evangeliis
2535 3631 2762 3683 habetur
2794 3646 2805 3682 :
2836 3628 3028 3683 Beatus
3053 3640 3228 3683 venter
3254 3632 3340 3699 qui
3378 3640 3422 3680 te

1860 3723 2106 3789 portavit,
2145 3734 2189 3774 et
2229 3721 2387 3773 ubera
2419 3735 2533 3789 quia
2554 3719 2741 3772 suxisti
2764 3720 2831 3772 τ’.

1930 3809 2090 3863 Vsus.
2120 3810 2201 3863 l8.
2233 3828 2250 3858 ι
2287 3810 2605 3863 Benedictus
2633 3807 2893 3862 Dominus
2928 3809 3068 3862 Deus
3094 3809 3276 3863 Israel.
3318 3829 3334 3858 ο

1929 3900 2037 3955 Cur
2063 3909 2241 3954 autem
2276 3900 2515 3971 geminat
2535 3900 2668 3954 illud
2693 3898 2812 3954 Fiat
2841 3900 2865 3952 ?
2888 3899 3096 3968 Nempe
3131 3900 3425 3954 accelerari

1858 3993 2084 4062 cupiens
2144 4002 2386 4046 nostram
2463 3992 2765 4046 libertatem
2832 4006 2895 4045 ac
2929 4006 3083 4060 spem
3132 3991 3424 4059 justorum.

1860 4085 2089 4148 Quando
2113 4086 2258 4139 enim
2293 4092 2433 4139 terra
2463 4084 2665 4139 Christi
2724 4085 2889 4155 gloria
2921 4084 3085 4137 fuerit
3114 4084 3425 4152 adimplet-.1,

1863 4188 1992 4231 tunc
2022 4192 2265 4245 praesens
2292 4175 2528 4231 mundus
2571 4175 3059 4236 consummabitur,
3122 4190 3184 4227 ac
3204 4190 3429 4245 regnum

1863 4269 2121 4323 caelorum
2151 4266 2602 4323 manifestabitur.

2373 4356 2692 4412 PSALMUS
2723 4355 2935 4412 LXXII.

1939 4450 2094 4507 Vens.
2130 4452 2179 4504 1.
2217 4468 2236 4500 ι
2267 4448 2438 4515 Quam
2464 4448 2641 4503 bonus
2669 4448 2813 4501 Deus
2837 4446 3026 4500 Israel!
3058 4466 3075 4497 ι

240 4541 433 4605 Πόδας
463 4543 556 4594 καὶ
584 4540 895 4609 διαδήματα
930 4537 1028 4599 τὰς
1064 4536 1369 4607 πρακτικὰς
1409 4533 1634 4605 πορείας
1662 4534 1750 4587 καῖ

1932 4540 2106 4595 Pedes
2134 4554 2197 4593 ac
2227 4554 2447 4610 gressus
2473 4545 2631 4591 vocat
2682 4537 2952 4607 practicos
2998 4551 3319 4606 progressus
3370 4551 3433 4591 ac

164 4634 238 4686 τὰ
271 4633 385 4701 τῆς
414 4631 651 4694 διανοίας
694 4627 1116 4699 προσαγορεύων
1146 4628 1446 4699 κινήματα,
1481 4625 1555 4689 ὡς
1595 4624 1759 4686 αὐτὸς

163 4731 329 4800 ἡμᾶς
362 4731 422 4781 ἐν
446 4728 616 4798 ἐτέρῳ
649 4728 802 4795 μέρει
837 4726 936 4794 τῆς
965 4722 1073 4777 τῶν
1111 4721 1364 4793 Ψαλμῶν
1418 4719 1759 4793 προφητείας

166 4819 417 4886 ἐδίδαξε,
454 4819 692 4886 Λύχνος
722 4816 847 4881 τοῖς
868 4815 1015 4869 ποσί
1038 4832 1160 4884 μου
1200 4816 1234 4867 ὀ
1261 4814 1446 4882 νόμος
1493 4827 1631 4875 σου,
1663 4809 1762 4861 καὶ

165 4910 310 4982 φῶς
352 4908 486 4975 ταῖς
507 4909 727 4977 τρίϐοις
753 4925 893 4975 μου,
920 4906 1114 4973 λέγων.
1159 4904 1268 4957 Καὶ
1315 4904 1495 4956 πάλιν·
1532 4901 1604 4957 Τὰ
1636 4898 1761 4952 δια-

166 4997 423 5067 Eduard
447 5014 566 5065 μου
598 4997 965 5049 κατεύθυνον
1017 4992 1166 5047 κατὰ
1190 4994 1257 5045 τὸ
1288 4992 1497 5059 λόγιόν
1518 5005 1656 5044 σου.
1688 4992 1762 5045 Οὐ

172 5092 292 5160 μὴν
328 5088 600 5157 ἐσαλεύθη
646 5088 770 5147 τούς
807 5085 991 5148 πόδαςο
1036 5084 1301 5148 τουτέστι,
1342 5083 1441 5153 τὴν
1486 5082 1764 5135 πολιτείαν

169 5184 273 5233 ἐπὶ
298 5179 368 5232 τὸ
396 5181 577 5248 χεῖρον
613 5179 712 5229 οὐν
753 5175 1000 5246 ἔτρεψεν,
1034 5175 1154 5228 οὐδὲ
1197 5173 1428 5245 ἐξεχύθη
1469 5174 1535 5227 τά
1569 5174 1764 5243 διαϐή-

171 5286 363 5340 ματα’
419 5270 539 5322 οὐδέ
589 5269 696 5341 γὰρ
745 5269 844 5333 τὰς
872 5270 1047 5341 ὁρμὰς
1093 5270 1192 5341 τῆς
1228 5270 1406 5341 ψυχῆς
1427 5270 1505 5329 εἰς
1532 5270 1769 5323 ἀσωτίαν

170 5362 445 5435 ἔτρεψεν.

256 5470 281 5505 ι
336 5451 461 5503 ’Ότι
489 5451 588 5503 οὐκ
617 5450 761 5504 ἐστιν
788 5451 1071 5512 ἁνάνευσις
1104 5452 1162 5502 ἐν
1185 5450 1262 5521 τῷ
1286 5450 1519 5519 θανάτῳ.
1561 5470 1580 5503 ›

256 5541 344 5595 Οὐ
373 5542 477 5612 γὰρ
504 5540 650 5593 ἔστιν
673 5542 958 5605 ἁνάνευσις
982 5543 1045 5594 ἐκ
1071 5544 1164 5594 τοῦ
1192 5541 1420 5619 θανάτου
1450 5542 1550 5610 τῆς
1582 5543 1763 5613 ἁμαρ-

169 5636 230 5688 τέ
250 5650 337 5696 ις,
377 5633 561 5698 σαφῶς
593 5633 732 5685 δὲτὸ
764 5634 1055 5704 εἰρημένον
1079 5637 1135 5686 ἐν
1165 5633 1491 5704 Παροιμίαις
1524 5635 1766 5703 πάσχου-

258 5816 310 5847 τ⁰
347 5810 545 5885 Philip.
572 5829 632 5878 ιι,
667 5814 747 5869 10.
823 5815 865 5846 ⁷³
898 5812 1031 5869 Luc.
1061 5829 1133 5878 γι,
1173 5814 1250 5867 15.

1328 5814 1370 5844 ⁷²
1399 5812 1526 5865 Luc.
1562 5830 1633 5878 XI,
1666 5814 1753 5867 ΞΠ.

1865 4634 2064 4688 mentis
2094 4631 2379 4694 motiones,
2415 4637 2575 4699 prout
2597 4630 2710 4697 ipse
2744 4644 2843 4683 uos
2896 4628 2951 4681 in
2973 4628 3077 4681 alia
3136 4628 3434 4697 prophetia:

1867 4728 2201 4782 l’salmorum
2221 4733 2372 4795 parte
2398 4722 2583 4777 docuit
2628 4722 2815 4775 dicens
2860 4737 2872 4771 :
2939 4721 3177 4774 Lucerna
3222 4720 3434 4788 pedibus

1868 4818 1995 4872 meis
2026 4817 2110 4870 lea:
2139 4826 2229 4867 tua
2254 4810 2504 4884 [Vulgata
2559 4809 2771 4863 verbum
2828 4807 3023 4878 tuum],
3070 4817 3117 4861 et
3150 4808 3322 4861 lumen
3350 4824 3433 4861 sc-

1870 4909 2011 4962 mitis
2034 4906 2180 4960 meis.
2223 4904 2291 4958 Et
2323 4902 2517 4955 iterum
2554 4918 2566 4954 ι
2599 4899 2818 4954 Crestus
2861 4917 3001 4954 meos
3044 4900 3211 4969 dirige
3247 4914 3432 4952 secun-

1870 5004 1994 5050 dum
2020 4994 2284 5066 eloquium
2318 5002 2466 5045 tuum
2491 4991 2551 5043 ⁷³.
2594 4990 2756 5066 [laud
2775 5006 2905 5044 sane
2940 4990 3069 5043 moti
3105 4989 3432 5059 suntpedes;

1874 5089 1924 5142 id
1955 5097 2060 5149 est,
2095 5088 2220 5141 vitae
2250 5085 2560 5139 institutum
2579 5082 2643 5136 ad
2676 5083 2877 5137 malum
2930 5097 3038 5136 non
3060 5081 3302 5143 divertit,
3334 5096 3428 5133 nc-

1880 5194 1984 5249 que
2010 5178 2164 5234 eﬂusi
2189 5186 2319 5232 sunt
2365 5188 2582 5246 gressus
2618 5189 2632 5226 :
2668 5187 2795 5227 nam
2856 5171 3023 5226 animi
3064 5171 3296 5240 impetus
3324 5184 3435 5223 non

1870 5272 2068 5328 laxavit
2107 5269 2172 5324 ad
2211 5270 2710 5337 intemperantiam.

1943 5443 2105 5498 Vens.
2134 5443 2187 5496 4.
2221 5461 2238 5493 ι
2268 5442 2403 5507 Quia
2430 5457 2539 5495 non
2572 5450 2656 5495 est
2682 5447 2963 5509 respectus
2994 5438 3046 5492 in
3076 5446 3268 5491 morte.
3309 5455 3326 5486 ι

1942 5535 2059 5591 Non
2087 5536 2234 5590 enim
2264 5544 2347 5589 est
2368 5541 2655 5603 respectus
2680 5546 2745 5585 ex
2778 5538 2956 5585 morte
3024 5528 3257 5600 peccati.
3310 5528 3441 5581 Ιέιι-

1874 5631 2059 5700 spicue
2087 5635 2267 5682 autem
2293 5627 2571 5697 patiuntur
2598 5624 2650 5680 id
2673 5624 2816 5695 quod
2836 5622 2889 5677 in
2911 5620 3219 5677 Proverbiis
3234 5620 3437 5675 dictum

1828 5814 1871 5839 "
1906 5811 2039 5863 Paul.
2078 5826 2261 5873 cum,
2296 5808 2409 5861 1οὸ.
