4156 6452
772 320 906 396 1239

1950 346 2310 417 HESYCHII
2368 359 2839 423 PRESBYTERI

3913 373 4050 439 1240

766 456 851 498 est
876 486 889 498 .
931 446 1134 516 Impius
1167 468 1283 506 cum
1302 454 1543 508 inciderit
1573 451 1828 530 [Vulgata
1873 466 2092 538 uenerit]
2125 469 2179 520 in
2219 484 2320 536 pro-

2447 486 2548 522 σιν’
2608 472 2854 540 Ἀσεσὴς
2893 472 3176 541 ἐμπεσὼν
3220 476 3308 542 εἰς
3363 479 3525 546 ,βάθη
3570 482 3805 547 κακῶν,
3861 503 4045 538 κατι.-

766 537 989 607 fundum
1023 544 1302 611 malorum,
1327 553 1608 602 contemnit
1641 552 1702 606 "".

839 629 1026 700 Neque
1072 635 1306 691 humana
1348 641 1454 708 pati
1504 644 1798 698 sustinent.
1831 646 2022 703 Cernis
2074 662 2338 720 quantum

765 720 832 773 ad
863 723 1160 779 claritatem
1191 731 1623 788 conferatetiam
1690 739 1848 791 unica
1873 740 2040 794 dictio
2070 743 2148 796 rei
2172 760 2340 814 appo-

765 813 885 867 sita.
921 814 1140 873 Poterat
1177 822 1324 875 enim
1357 825 1576 890 dixisse,
1603 826 1659 880 ln
1701 830 1979 886 laboribus
2010 850 2123 888 non
2169 813 2334 903 sunt;

764 905 817 956 in
845 905 1106 963 laboribus
1138 913 1405 968 hominum
1425 918 1693 987 adjunxit.
1731 919 2016 978 Hominem
2046 937 2228 982 autem
2251 931 2338 984 hic

764 996 1002 1066 intellige
1057 1002 1149 1070 qui
1208 1006 1445 1060 custodit
1514 1009 1832 1079 dignitatem
1910 1018 2083 1084 partis
2173 1021 2337 1072 ratio-

764 1089 922 1154 nalis,
981 1099 1036 1144 et
1091 1094 1384 1152 virtutibus
1436 1108 1520 1154 est
1581 1103 1877 1170 pratditus;
1933 1107 2020 1161 vel
2050 1123 2176 1162 eum
2218 1113 2332 1179 qui,

760 1182 978 1247 quando
1005 1185 1354 1253 aberraverit,
1386 1206 1483 1259 per
1507 1194 1886 1261 paenitentiam
1945 1199 2142 1254 iterum
2199 1202 2335 1256 diri-

760 1271 904 1339 gitur
935 1275 1002 1328 ad
1025 1276 1214 1335 Deum.
1247 1280 1303 1334 ln
1336 1282 1483 1338 hisce
1535 1286 1819 1344 hominum
1882 1293 2164 1350 laboribus
2221 1314 2332 1351 non

759 1374 887 1418 sunt
909 1377 1240 1434 peccatores,
1265 1389 1444 1444 neque
1474 1389 1596 1432 cum
1629 1381 1942 1438 hominibus
1969 1385 2328 1457 ﬂagellantur:

757 1453 934 1522 idest,
964 1475 1087 1514 cum
1110 1463 1272 1532 justis
1325 1483 1433 1521 non
1497 1471 1741 1526 laborant
1787 1483 1844 1529 et
1891 1453 2220 1547 operantur;
2265 1483 2333 1536 de

755 1546 955 1612 quibus
983 1551 1146 1605 etlam
1181 1554 1382 1610 dicitur
1412 1576 1426 1611 :
1456 1559 1816 1632 Unusquisque
1837 1570 2109 1635 propriam
2132 1587 2331 1625 merce-

755 1640 873 1690 dem
894 1643 1112 1709 accipiet
1140 1649 1426 1702 secundum
1441 1667 1593 1706 suum
1633 1655 1864 1710 laborem
1889 1658 1952 1712 ".
1984 1659 2168 1730 Neque
2207 1679 2332 1718 cum

757 1727 1069 1788 labentibus
1092 1744 1147 1790 et
1167 1752 1316 1806 spem
1348 1742 1537 1796 salutis
1565 1745 1897 1802 habentibus
1934 1727 2274 1820 ﬂagellantur
2316 1773 2327 1806 :

2482 580 2670 629 parsi.

2443 581 2670 631 φρονει.

2512 658 2646 711 Οὐδὲ
2680 658 2748 710 τὰ
2779 657 3099 729 ἀνθρώπινα
3145 659 3339 713 παθεῖν
3367 662 3756 732 ὑπομένουσιν.
3795 665 4042 737 Θεωρεῖς

2441 749 2630 818 ἡλίκον
2663 751 2744 813 είς
2773 753 3074 822 σαφήνειαν
3096 751 3323 805 δύναται
3359 753 3454 804 καὶ
3485 754 3629 817 λέξις
3661 756 3767 824 μία
3799 773 4040 820 προστεο

2440 837 2596 893 θεῖσα
2629 838 2706 908 τῷ
2753 841 3057 910 πράγματι.
3105 838 3257 905 Ἐξδν
3310 843 3419 912 γὰρ
3469 844 3666 905 είπεῐν,
3719 845 3812 896 Ἔν
3849 847 4038 907 κόπις

2438 931 2538 983 οὐκ
2573 933 2733 996 είσὶν,
2755 926 2861 984 Ἐν
2884 931 3097 998 κόποις
3121 931 3472 998 ἀνθρώπων,
3503 934 3887 1004 προσέθηκεν.
3909 938 4032 987 Ἀν-

2439 1023 2654 1092 θρωπον
2677 1021 2734 1076 δέ
2773 1022 3006 1076 ἐνταῦθα
3029 1025 3140 1077 νόει
3165 1024 3259 1076 τὸν
3287 1025 3633 1093 φυλάττοντα
3671 1026 3773 1078 τοῦ
3810 1028 4029 1093 λογικοῦ

2436 1115 2496 1167 τὸ
2524 1114 2758 1185 ἀξίωμα,
2781 1115 2875 1168 τόν
2888 1131 2944 1168 τε
2963 1118 3020 1168 ἐν
3039 1117 3257 1187 ἀρεταῖς
3277 1117 3429 1169 δνταο
3456 1117 3488 1186 ἢ
3508 1117 3620 1183 τὸν,
3645 1120 3784 1171 ὅταν
3802 1121 4026 1187 πταίσῃ,

2436 1206 2523 1259 διὰ
2572 1207 2858 1276 μετανοίας
2907 1207 3004 1278 τῆς
3041 1209 3447 1278 ἐπιφερομένης
3484 1209 3636 1280 παρὰ
3683 1209 3831 1262 Θεοῦ
3885 1210 4026 1278 διορ-

2437 1294 2714 1364 θούμενον.
2780 1298 2868 1350 Ἐν
2895 1298 3106 1360 τούτοις
3147 1298 3353 1351 τούτων
3399 1301 3590 1361 κόποις
3648 1302 3756 1353 οὐκ
3786 1303 3932 1353 είσὶν
3980 1305 4024 1352 οἱ

2403 1380 2406 1382 ’
2436 1386 2770 1455 ἁμαρτωλοὶ,
2792 1387 2912 1439 ούδέ
2951 1388 3088 1457 μετὰ
3113 1387 3416 1459 ἀνθρώπων
3452 1391 3845 1457 μαστίζονται·
3881 1409 4024 1443 τουτ-

2434 1479 2603 1539 έστιν,
2639 1481 2700 1532 ού
2760 1482 2900 1550 μετὰ
2957 1482 3180 1536 δικαίων
3233 1483 3469 1535 κοπιῶσι
3520 1484 3615 1535 καὶ
3666 1485 4016 1553 ἐργάζονται·

2434 1573 2526 1623 καὶ
2569 1575 2698 1644 περὶ
2727 1567 2803 1626 ὧν
2835 1574 3049 1645 εἴρηται
3074 1590 3089 1604 °
3124 1576 3422 1640 Ἕκαστος
3453 1576 3561 1628 τὸν
3588 1575 3754 1628 [dior
3795 1578 4020 1644 μισθὸ-

2432 1663 2693 1732 λήψεται
2746 1665 2982 1718 καὶτὸν
3042 1667 3199 1719 lator
3257 1667 3470 1720 κόπον.
3521 1667 3656 1718 Οὐδὲ
3721 1668 3870 1736 μετὰ
3922 1667 4019 1718 τῶν

2433 1756 2833 1826 ὀλισθησάντων
2881 1759 2974 1810 καὶ
3006 1756 3199 1811 ἐλπίδα
3233 1757 3503 1828 σωτηρίας
3553 1759 3797 1828 ἐχόντων
3828 1763 4020 1827 pacti-

756 1821 820 1874 ad
855 1838 992 1891 quos
1012 1827 1272 1897 scriptum
1309 1845 1393 1887 est
1423 1852 1436 1887 :
1471 1833 1636 1899 Quem
1657 1839 1828 1909 diligit
1877 1841 2132 1897 Dominus
2165 1847 2320 1900 casti-

2431 1821 2637 1912 Cov-cat'
2703 1851 2782 1912 είς
2836 1849 2930 1913 οὓς
2981 1854 3327 1921 γέγραπται’
3368 1821 3489 1904 "'Or
3544 1849 3756 1919 ἀγαπᾷ
3805 1855 4017 1919 Κύριος

755 1923 878 1982 gat;
899 1915 1138 1986 ﬂagellat
1167 1933 1346 1976 autem
1376 1941 1579 1981 omnem
1623 1931 1792 1997 ﬁlium
1836 1951 1987 2002 quem
2009 1939 2228 2004 suscipit
2259 1941 2322 1992 ⁷⁸.

827 2116 991 2174 Vens.
1023 2121 1073 2176 6.
1106 2140 1125 2174 ι
1165 2123 1567 2185 Circumamicti
1593 2143 1720 2187 sunt
1744 2135 2051 2205 iniquitate.
2092 2159 2109 2190 ι

821 2211 897 2264 De
921 2213 1117 2282 quibus
1142 2229 1458 2287 oportuerat
1491 2225 1836 2290 erubescere,
1880 2229 1933 2282 in
1971 2230 2054 2285 his
2085 2233 2324 2302 glorian-

754 2311 860 2365 tur,
904 2305 976 2359 ita
1010 2317 1068 2361 ut
1095 2311 1246 2377 quasi
1306 2316 1635 2384 tegumentis
1667 2325 1721 2371 et
1747 2321 2062 2376 umbraculo
2111 2325 2324 2380 delictis

751 2402 993 2449 utantur.
1017 2397 1249 2454 Pulchre
1277 2413 1459 2457 autem
1482 2405 1582 2458 sibi
1614 2417 1803 2462 mutuo
1837 2411 1954 2465 haec
1978 2413 2175 2469 delicta
2193 2433 2323 2470 con-

746 2483 923 2551 junxit
955 2503 968 2538 :
997 2490 1251 2556 quoniam
1280 2493 1529 2551 homines
1560 2509 1616 2552 ut
1647 2500 1936 2568 plurimum
1973 2521 2037 2558 ex
2067 2509 2319 2575 superbia

751 2575 804 2627 in
832 2575 1173 2646 iniquitatem
1208 2585 1343 2638 etin
1375 2589 1661 2643 avaritiam
1699 2595 2087 2661 prolabuntur.

816 2743 935 2806 Non
971 2768 1195 2823 possunt
1225 2766 1405 2815 autem
1428 2763 1804 2821 haereticorum
1836 2770 1918 2824 vel
1934 2773 2318 2831 maledicorum

747 2842 912 2897 verba
941 2844 1032 2898 diu
1059 2850 1385 2916 praevalere;
1424 2855 1518 2907 sed
1537 2865 1736 2911 terram
1767 2870 2172 2930 pertranseunt,
2193 2883 2319 2922 cum

749 2949 946 3001 paucos
992 2938 1203 3008 aliquos
1248 2959 1342 3010 per
1382 2954 1733 3003 transennam
1789 2952 2048 3010 laserint.
2111 2958 2319 3016 Fideles

748 3027 852 3082 hoc
901 3029 1286 3101 intelligentes,
1323 3036 1448 3091 licet
1490 3041 1698 3094 seducti
1742 3043 1965 3112 fuerint,
2026 3061 2318 3107 revertun-

749 3129 872 3173 tur:
901 3121 968 3176 de
993 3125 1190 3192 quibus
1213 3131 1496 3197 sequentia
1516 3133 1713 3188 cecinit
1747 3135 2046 3195 Psalmista.

824 3288 1078 3352 νεεδ.ίᾶ
1113 3319 1132 3350 ι
1161 3301 1227 3355 Ει
1259 3303 1369 3358 dixi
1405 3322 1418 3358 :
1448 3307 1591 3378 Ergo
1618 3310 1737 3365 sine
1767 3329 1930 3369 causa
1957 3318 2308 3386 justiﬁcavl.»

817 3385 875 3440 Id
901 3399 1006 3456 est,
1039 3391 1179 3463 Ergo
1201 3393 1400 3450 frustra
1435 3402 1810 3471 cogitationes,
1844 3385 2042 3465 frustra
2072 3414 2316 3470 actiones

747 3480 1057 3548 emundavi,
1111 3493 1166 3538 et
1194 3501 1291 3540 cor
1338 3489 1557 3558 quidem
1604 3494 1917 3565 justiﬂcavi,
1976 3503 2110 3557 nihil
2137 3506 2192 3559 in
2252 3523 2318 3562 eo

748 3568 1015 3637 injustum
1046 3577 1321 3646 cogitans;
1355 3596 1549 3638 manus
1586 3597 1768 3641 autem
1819 3590 1959 3645 inter
1994 3594 2316 3655 innocentes

747 3660 876 3724 lavi,
909 3663 964 3717 in
997 3665 1155 3722 bonis
1187 3670 1443 3726 nimirum
1474 3676 1801 3745 actionibus,
1822 3698 1943 3752 qua:
1961 3699 2075 3740 non
2108 3688 2314 3748 habent

747 3753 911 3808 vitam
949 3771 1014 3810 ex
1052 3772 1276 3827 peccato
1319 3780 1332 3815 :
1373 3764 1423 3818 id
1449 3775 1549 3831 est,
1576 3769 1834 3826 damnum
1868 3789 1977 3829 non
2004 3783 2255 3847 reputavi
2295 3801 2307 3836 :

745 3846 1010 3916 siquidem
1055 3852 1311 3908 damnum
1368 3874 1555 3914 revera
1609 3863 1805 3920 animat
1856 3877 1941 3940 est
2005 3881 2310 3940 peccatum,

744 3941 887 4008 quod
921 3941 1011 3997 Dei
1043 3947 1337 4004 amicitiam
1364 3951 1531 4019 laedit,
1562 3970 1682 4024 quae
1713 3967 1794 4012 est
1816 3939 2021 4018 bonum
2049 3939 2314 4034 praestan-

746 4031 1035 4089 tissimum.

818 4121 981 4180 Vens.
1012 4127 1099 4181 M.
1126 4147 1145 4180 ι
1171 4131 1238 4184 Et
1274 4131 1347 4187 fui
1371 4130 1686 4205 ﬂagellatus.
1729 4161 1747 4192 ι

817 4213 918 4278 Qui
955 4216 1100 4270 enim
1138 4219 1376 4290 seipsum
1404 4222 1634 4294 ﬂagellat
1663 4243 1762 4297 pro
1805 4231 2018 4288 delictis
2067 4236 2201 4298 suis,
2258 4248 2314 4292 et

744 4308 1017 4376 propriam
1046 4313 1525 4380 reprehensionem
1551 4321 1603 4372 in
1660 4323 1967 4388 matutinis,
1997 4327 2204 4382 scilicet
2259 4330 2314 4384 in

743 4398 968 4463 lumine,
989 4410 1044 4456 et
1080 4418 1190 4457 non
1217 4405 1270 4457 in
1306 4407 1569 4473 tenebris,
1604 4410 1852 4474 collocat.
1899 4415 1987 4472 hic
2023 4419 2075 4472 in
2108 4422 2314 4491 cogita-

2427 1941 2726 1994 παιδεύει·
2771 1942 3053 2012 μαστιγοῖ
3117 1942 3186 1995 δὲ
3229 1941 3426 1995 πάντα
3487 1943 3622 1995 υἱὸν
3663 1942 3745 1994 ὃν
3773 1943 4020 2011 παραδέ-

2430 2047 2592 2101 χεται
2603 2072 2616 2085 .

2508 2139 2528 2174 t
2557 2122 2952 2193 Περιεόάλοντο
2987 2121 3222 2178 ἀδικίαν.
3270 2144 3286 2176 ι

2507 2215 2624 2282 Ἐφ’
2653 2210 2732 2278 οἷς
2787 2216 2954 2286 ἐχρῆν
2995 2217 3370 2287 αἰσχύνεσθαι,
3407 2218 3500 2271 ἐπὶ
3555 2212 3775 2281 τούτοις
3821 2219 4018 2288 σεμνέ-

2425 2325 2627 2369 νοντσι,
2662 2307 2803 2361 ὥστε
2863 2309 3117 2380 καθάπερ
3149 2309 3524 2380 περιὸολαίοις
3551 2312 3646 2363 καὶ
3687 2313 3878 2381 σκέπῃ
3913 2315 4018 2372 τοῖς

2425 2401 2864 2472 πλημμελήμασι
2892 2403 3223 2473 χρήσασθαι.
3257 2403 3455 2466 Καλῶς
3475 2402 3532 2456 δὲ
3555 2403 3818 2471 ἀλλήλοις
3847 2405 4018 2455 ταῦτα

2425 2496 2625 2564 συνῆψε
2682 2497 2749 2548 τὰ
2803 2496 3269 2566 πλημμελήματα·
3331 2495 3438 2548 ἀπὸ
3488 2496 3598 2566 γὰρ
3655 2497 3759 2566 τῆς
3809 2498 4021 2565 ὑπερη-

2424 2588 2620 2654 φανίας
2674 2590 2752 2651 είς
2775 2589 2988 2641 ἀδικίαν
3017 2589 3091 2652 ὼς
3114 2590 3182 2640 τὰ
3212 2588 3381 2657 πολλὰ
3432 2592 3526 2641 καὶ
3582 2590 3662 2651 εἰς
3694 2588 4020 2655 πλεονεξίαν

2422 2678 2517 2731 ἄνθ
2525 2698 2698 2750 ρωποι
2725 2681 3004 2735 πίπτουσι.

2497 2771 2570 2822 Ού
2600 2761 2821 2825 δύναται
2854 2773 2910 2825 δὲ
2944 2774 3053 2826 τῶν
3100 2775 3398 2845 αἱρετικῶν
3431 2775 3464 2845 ἢ
3498 2775 3609 2828 τῶν
3667 2774 4020 2845 βλασς-«ἡμων

2421 2863 2738 2932 ἐπικρατεῖν
2796 2865 2923 2934 ἄχρι
2971 2865 3166 2918 πολλοῦ
3197 2867 3266 2918 τὰ
3307 2867 3551 2936 ῥήματα·
3581 2867 3908 2936 διέρχονται
3964 2867 4018 2915 δὲ

2418 2955 2517 3023 τὴν
2545 2953 2671 3023 γῆν,
2704 2953 2917 3022 ὀλίγους
2978 2958 3131 3018 τινας
3181 2958 3323 3011 κατὰ
3383 2958 3618 3029 πάροδον
3673 2958 4015 3027 βλάπτοντα.

2421 3045 2592 3098 Τοῦτο
2621 3046 2892 3110 συνιέντες
2920 3048 2970 3099 οἱ
3000 3049 3204 3110 πιστοὶ,
3231 3048 3334 3101 κᾶν
3366 3049 3573 3119 τύχωσι
3605 3049 4017 3120 πλανηθέντες,

2350 3170 2388 3225 c
2422 3138 2836 3208 ἐπιστρέφουσι’,
2873 3140 3000 3209 περὶ
3034 3134 3108 3194 ὧν
3139 3142 3206 3194 τὰ
3234 3141 3360 3212 ἐξῆς
3389 3143 3416 3194 ὁ
3446 3141 3757 3211 Ψαλμῳδὸς
3800 3142 4018 3211 ἐμελῴο

2422 3230 2570 3283 δησε.

2493 3247 2570 3283 σε.

2452 3247 2516 3371 ης
2551 3321 2660 3372 Καὶ
2687 3317 2834 3374 εἶπα·
2862 3323 3003 3394 ’Δρα
3055 3323 3299 3392 ματαίως
3338 3324 3654 3379 ἐδικαίωσα.
3691 3343 3711 3376 ι

2495 3406 2810 3479 Τουτέστιν,
2857 3415 3001 3486 ΙΙ’Δρα
3062 3417 3241 3486 μάτην
3288 3413 3413 3479 τοὺς
3445 3416 3766 3487 λογισμοὺς,
3831 3417 4018 3486 μάτην

2422 3503 2522 3567 τὰς
2574 3504 2801 3576 πράξεις
2857 3507 3125 3578 ἐκάθηρα,
3175 3507 3270 3560 καὶ
3316 3508 3417 3578 τὴν
3473 3508 3704 3577 καρδίαν
3754 3508 3862 3577 μὲν
3909 3510 4018 3560 ἐδι-

2423 3595 2655 3659 καίωσα,
2709 3596 2874 3668 μηδὲν
2916 3600 2974 3650 ἐν
3025 3599 3162 3668 αὐτῇ
3227 3597 3578 3667 λογιζόμενος
3635 3598 3849 3651 ἄδικον·
3917 3600 4018 3660 τὰς

2423 3690 2609 3759 χεῖρας
2645 3688 2702 3741 δέ
2730 3691 2787 3741 ἐν
2810 3689 3004 3752 ἀθώοις
3039 3690 3262 3753 ἐπλυνα,
3287 3694 3343 3743 ἐν
3373 3690 3604 3758 ἀγαθαῖς
3625 3689 3830 3758 δηλαδὴ
3873 3692 4018 3760 πρά-

2425 3777 2537 3844 ξεσι
2563 3782 2683 3843 ταῖς
2706 3781 2806 3833 οὐκ
2853 3780 3103 3851 ἐχούσαις
3122 3783 3223 3853 τὴν
3250 3782 3309 3846 ἐξ
3333 3783 3607 3853 ἁμαρτίας
3631 3781 3798 3850 ζωήν.
3835 3781 4017 3832 Ten-:-

2423 3871 2560 3935 ἐστι,
2587 3869 2801 3942 Ζημίαν
2844 3872 2902 3924 ού
2931 3871 3330 3941 διελογιζόμηνο
3363 3871 3534 3942 ζημία
3562 3871 3671 3941 γὰρ
3702 3870 3882 3933 ὅντως
3911 3871 4018 3940 ψυ-

2421 3962 2521 4032 χῆς
2561 3963 2593 4032 ἡ
2626 3961 2894 4031 ἁμαρτία,
2935 3962 3070 4015 Θεοῦ
3105 3963 3286 4032 φιλίαν
3316 3962 3490 4036 αὐτὴν
3536 3962 3841 4034 ζημιοῦσα,
3903 3965 4016 4016 τῶν

2421 4053 2642 4121 ἀγαθῶν
2665 4051 2725 4104 τὸ
2752 4052 3057 4105 κάλλιστον.

2498 4162 2515 4194 ι
2556 4142 2668 4196 Καὶ
2699 4143 2970 4213 ἐγενόμην
3001 4144 3510 4215 μεμαστιγωμένος.
3547 4161 3567 4196 ι

2506 4235 2566 4286 '0
2590 4233 2698 4304 γὰρ
2723 4235 2913 4288 ἐαυτὸν
2946 4234 3224 4304 μαστιγῶν
3251 4237 3336 4305 ἐφ’
3362 4230 3444 4297 οἷς
3471 4234 3895 4305 ἐπλημμέλησε,
3918 4239 4016 4289 καὶ

2420 4326 2511 4380 τδν
2538 4327 2738 4380 οίκεῖον
2767 4327 2988 4396 ἔλεγχον
3016 4328 3096 4389 είς
3130 4327 3229 4390 τὰς
3253 4328 3491 4397 πρωῖας,
3517 4330 3574 4380 ἐν
3602 4328 3744 4397 φωτὶ
3773 4328 4014 4398 δηλαδὴ,

2422 4420 2514 4473 καὶ
2557 4420 2657 4473 οὐκ
2700 4420 2758 4472 ἐν
2807 4422 3002 4489 σκότῳ,
3034 4419 3332 4491 τιθέμενος,
3391 4414 3546 4484 οὗτος
3598 4422 3657 4473 ἐν
3716 4422 4015 4491 λογισμοῖς

743 4489 980 4544 tionibus
1009 4501 1063 4546 et
1091 4495 1400 4551 actionibus
1433 4514 1601 4567 purus
1639 4503 1872 4560 exsistit.
1935 4489 2313 4577 Reprehendi-

2424 4497 2715 4582 καθαρεύει
2745 4494 2841 4565 καὶ
2883 4489 3170 4584 πράξεσιν.
3213 4512 3524 4582 Ἐλέγχεται
3550 4512 3606 4565 δέ
3643 4515 3700 4564 ἐν
3733 4489 4012 4582 φωτὶνμέν

741 4584 1029 4635 turautem
1054 4582 1106 4636 in
1126 4583 1352 4651 lumine,
1377 4589 1467 4657 qui
1517 4591 1817 4649 libertatem
1872 4600 2077 4666 praebet
2139 4603 2313 4660 incre-

741 4673 1020 4740 pantibus,
1053 4676 1272 4743 sapiens
1296 4678 1426 4733 illud
1457 4683 1736 4739 oraculum
1797 4689 2116 4756 observans,
2166 4697 2312 4762 quod

741 4763 796 4815 in
821 4761 1129 4819 Proverbiis
1166 4767 1367 4824 dicitdr
1396 4789 1409 4823 :
1437 4771 1610 4843 Argue
1654 4779 1964 4847 sapientem,
2015 4795 2063 4836 et
2132 4761 2314 4856 diliget

741 4861 790 4905 te
819 4849 985 4908 ".‘ln
1002 4856 1244 4912 tenebris
1266 4873 1396 4916 vero
1418 4872 1665 4919 versatur
1723 4867 1770 4921 is
1796 4869 1886 4938 qui
1907 4883 2197 4929 monentes
2226 4876 2313 4929 fu-

741 4944 847 5013 git;
877 4944 929 4998 in
958 4961 1113 5014 quem
1143 4951 1276 5005 alter
1305 4954 1606 5009 versiculus
1620 4957 1901 5015 Proverbii
1932 4965 2188 5032 quadrat:
2215 4967 2313 5020 Ar-

738 5052 838 5103 gue
869 5035 1174 5100 stultum,”
1194 5041 1410 5109 adjiciat
1442 5053 1498 5096 ut
1529 5047 1696 5100 oderit
1717 5058 1783 5103 te.

806 5123 1077 5185 V2353].
1106 5150 1124 5182 ι
1159 5134 1423 5199 Quoniam
1447 5136 1836 5195 inﬂammatum
1864 5153 1947 5198 est
1966 5161 2058 5200 cor
2075 5164 2307 5204 meum.»

811 5213 1061 5281 lpsemet,
1091 5217 1291 5286 inquit,
1321 5221 1484 5276 etiam
1512 5225 1577 5278 ad
1597 5226 1823 5282 nihilum
1843 5232 2092 5301 redigor;
2128 5236 2178 5290 id
2208 5247 2312 5302 est,

742 5302 954 5371 fragilis
975 5305 1205 5362 eﬂ'ectus
1235 5323 1393 5376 sum;
1443 5316 1882 5385 quandoquidem
1914 5321 2309 5381 inﬂammatum

738 5399 824 5444 est
845 5401 938 5444 eor
967 5405 1149 5447 meum
1185 5395 1239 5448 in
1270 5399 1572 5467 avaritiam,
1605 5406 1951 5461 manifestum
1987 5426 2204 5481 quoque
2226 5425 2309 5469 est

739 5489 902 5537 renes
931 5495 1080 5539 meos
1102 5487 1413 5546 immutatos
1427 5507 1580 5558 esse;
1608 5495 1846 5569 intellige
1867 5509 2050 5555 autem
2086 5503 2152 5557 ad
2183 5505 2307 5558 libi-

738 5570 942 5630 dinem.
975 5575 1206 5643 Quando
1231 5584 1376 5638 enim
1410 5586 1605 5658 aliquis
1652 5602 1998 5660 peccatorum
2051 5596 2309 5654 felicitate

2418 4606 2446 4656 ὁ
2478 4603 2787 4674 παρρησίας
2820 4604 3135 4674 μεταδιδοὺς
3169 4606 3280 4667 τοῖς
3310 4604 3648 4673 ἐλέγχουσιν,
3683 4608 3710 4655 ὁ
3741 4606 3806 4657 τὸ
3839 4606 4013 4674 σοφὸν

2421 4696 2598 4749 ἐκεῖνο
2614 4697 2794 4764 λόγιον
2821 4696 3122 4767 ἐπιτηρῶν,
3153 4697 3291 4766 ὅπερ
3321 4699 3379 4748 ἐν
3407 4699 3737 4767 Παροιμίαις
3760 4700 4009 4770 εἴρηται·

2423 4784 2707 4856 Ἐλεγξαι
2746 4788 2964 4855 σοφὸν,
3008 4788 3108 4840 καὶ
3136 4787 3438 4857 ἀγαπήσει
3461 4805 3555 4842 σε.
3603 4788 3692 4841 Ἐν
3736 4793 3926 4861 σκότῳ
3955 4793 4012 4846 δὲ

2418 4880 2446 4930 ὁ
2473 4879 2691 4946 φεύγων
2721 4880 2847 4942 τοὺς
2872 4879 3254 4950 ἐντρέποντας·
3282 4881 3361 4940 εἰς
3395 4879 3456 4932 ὃν
3478 4882 3505 4932 ὁ
3530 4881 3788 4949 δεύτερος
3815 4885 4010 4953 στίχος

2420 4969 2515 5038 τῆς
2549 4964 2852 5038 Παροιμίας
2875 4968 3117 5041 ἥρμοσεν
3147 4987 3163 5004 ⁸
3198 4974 3452 5042 Ἔλεγχε
3472 4973 3576 5026 τὸν
3602 4973 3864 5041 ἄφρονα,
3911 4981 4011 5029 καὶ

2420 5058 2753 5127 προσθήσει
2771 5061 2877 5115 τοῦ
2898 5061 3053 5130 μισῆ
3060 5063 3166 5115 σαί
3190 5079 3284 5116 σε.

2497 5167 2514 5199 ι
2557 5151 2677 5202 ’Ότι
2707 5149 2975 5221 ἐξεκαύθη
3006 5153 3039 5222 ή
3072 5151 3267 5221 καρδία
3304 5169 3429 5221 μου.
3475 5171 3493 5202 ι

2457 5220 2462 5224 θ
2503 5240 2916 5311 Ἐξουδένωμαι,
2942 5220 3096 5312 φησὶ,
3121 5220 3215 5296 καὶ
3237 5220 3420 5305 αὑτός·
3447 5243 3753 5306 τουτέστιν,
3788 5245 3884 5298 Ἐν
3914 5249 4005 5301 εὐ-

2421 5331 2601 5401 τελείᾳ
2646 5335 2868 5402 γέγονα·
2922 5334 3109 5406 ἐπειδὴ
3141 5335 3409 5404 ἐξεκαύθη
3439 5337 3472 5405 ἡ
3538 5335 3735 5405 καρδία
3772 5353 3880 5404 μου
3924 5341 4004 5401 εἰς

2418 5420 2754 5486 πλεονεξίαν,
2786 5421 3010 5496 εὓδηλον
3041 5428 3135 5478 καὶ
3164 5425 3214 5477 ot
3237 5426 3426 5496 νεφροί
3459 5443 3562 5495 μου
3588 5425 3996 5496 ὶδιλλςικιλῦθησα-ιι⁵

2417 5514 2496 5575 είς
2547 5515 2740 5585 ἡδονὰς
2763 5510 2827 5569 δὲ
2861 5516 3073 5587 νόησον.
3117 5518 3287 5569 Ὅταν
3337 5519 3443 5588 γάρ
3475 5535 3557 5582 τις
3602 5518 3705 5571 ὑπὸ
3741 5520 3843 5588 τῆς
3890 5521 4001 5574 τῶν

2420 5602 2760 5672 ἁμαρτωλῶν
2793 5606 3049 5678 εὐθηνίας
3101 5607 3376 5674 δολωθεὶς,
3414 5609 3669 5681 ἐρεθισθῇ
3723 5611 3865 5684 πρὸς
3896 5612 4000 5683 τὴν

810 5768 854 5805 ’⁸
875 5775 1030 5832 Prov.
1060 5796 1210 5846 mn,
1244 5784 1297 5836 5.
1376 5785 1422 5817 "
1450 5785 1469 5839 l
1497 5784 1621 5843 Cor.
1658 5806 1735 5855 Ili,
1765 5791 1813 5845 8.
1892 5793 1937 5821 ⁷³
1969 5791 2131 5848 Hebr.
2169 5811 2263 5861 λιι,
2302 5796 2320 5849 ε

2432 5799 2474 5829 ⁷⁷
2503 5799 2660 5854 Prov.
2695 5818 2774 5870 Ix,
2795 5801 2846 5857 8.
