  <div class='ocr_page' id='page_1' title='image "/cluster/home/n/w/nwhite01/storage/ocr_20150623/93/nnc1.0046980059/603.png"; bbox 0 0 4156 6452; ppageno 0'>
   <div class='ocr_carea' id='block_1_1' title="bbox 663 321 802 383">
    <p class='ocr_par' dir='ltr' id='par_1_1' title="bbox 663 321 802 383">
     <span class='ocr_line' id='line_1_1' title="bbox 663 321 802 383; baseline -0.029 0"><span class='ocrx_word' id='word_1_1' title='bbox 663 321 802 383; x_wconf 68' lang='grc'><strong>124⁸3</strong></span> 
     </span>
    </p>
   </div>
   <div class='ocr_carea' id='block_1_2' title="bbox 1842 313 2717 378">
    <p class='ocr_par' dir='ltr' id='par_1_2' title="bbox 1842 313 2717 378">
     <span class='ocr_line' id='line_1_2' title="bbox 1842 313 2717 378; baseline -0.008 0"><span class='ocrx_word' id='word_1_2' title='bbox 1842 315 2201 378; x_wconf 83' lang='lat' dir='ltr'><strong>HESYCHII</strong></span> <span class='ocrx_word' id='word_1_3' title='bbox 2253 313 2717 375; x_wconf 75' lang='lat' dir='ltr'><strong>PRESBYTER]</strong></span> 
     </span>
    </p>
   </div>
   <div class='ocr_carea' id='block_1_3' title="bbox 3792 312 3932 375">
    <p class='ocr_par' dir='ltr' id='par_1_3' title="bbox 3792 312 3932 375">
     <span class='ocr_line' id='line_1_3' title="bbox 3792 312 3932 375; baseline 0 -3"><span class='ocrx_word' id='word_1_4' title='bbox 3792 312 3932 375; x_wconf 65' lang='grc'><strong>1244</strong></span> 
     </span>
    </p>
   </div>
   <div class='ocr_carea' id='block_1_4' title="bbox 650 421 2237 499">
    <p class='ocr_par' dir='ltr' id='par_1_4' title="bbox 650 427 2219 499">
     <span class='ocr_line' id='line_1_4' title="bbox 650 427 2219 499; baseline -0.003 -15"><span class='ocrx_word' id='word_1_5' title='bbox 650 446 809 498; x_wconf 87' lang='lat' dir='ltr'><strong>aqua,</strong></span> <span class='ocrx_word' id='word_1_6' title='bbox 844 443 967 483; x_wconf 87' lang='lat' dir='ltr'><strong>cum</strong></span> <span class='ocrx_word' id='word_1_7' title='bbox 1005 428 1119 499; x_wconf 87' lang='lat' dir='ltr'><strong>ipse</strong></span> <span class='ocrx_word' id='word_1_8' title='bbox 1137 430 1440 499; x_wconf 73' lang='lat' dir='ltr'><strong>baptizatus</strong></span> <span class='ocrx_word' id='word_1_9' title='bbox 1480 427 1601 491; x_wconf 78' lang='lat' dir='ltr'><strong>fuit,</strong></span> <span class='ocrx_word' id='word_1_10' title='bbox 1623 437 1679 482; x_wconf 90' lang='lat' dir='ltr'><strong>et</strong></span> <span class='ocrx_word' id='word_1_11' title='bbox 1703 428 2017 482; x_wconf 88' lang='lat' dir='ltr'><strong>hominibus</strong></span> <span class='ocrx_word' id='word_1_12' title='bbox 2040 427 2219 496; x_wconf 85' lang='lat' dir='ltr'><strong>bapti-</strong></span> 
     </span>
    </p>
   </div>
   <div class='ocr_carea' id='block_1_5' title="bbox 2342 421 3933 499">
    <p class='ocr_par' dir='ltr' id='par_1_5' title="bbox 2342 421 3933 492">
     <span class='ocr_line' id='line_1_5' title="bbox 2342 421 3933 492; baseline -0.006 -14"><span class='ocrx_word' id='word_1_13' title='bbox 2342 423 2663 489; x_wconf 67' lang='grc' dir='ltr'>ιαπτισθεὶς,</span> <span class='ocrx_word' id='word_1_14' title='bbox 2718 422 2809 475; x_wconf 69' lang='grc' dir='ltr'>καὶ</span> <span class='ocrx_word' id='word_1_15' title='bbox 2860 422 3133 491; x_wconf 66' lang='grc' dir='ltr'>παραδοὺς</span> <span class='ocrx_word' id='word_1_16' title='bbox 3214 426 3315 481; x_wconf 54' lang='grc' dir='ltr'>τοῖς</span> <span class='ocrx_word' id='word_1_17' title='bbox 3360 421 3676 491; x_wconf 80' lang='grc' dir='ltr'>ἀνθρώποις</span> <span class='ocrx_word' id='word_1_18' title='bbox 3727 422 3933 492; x_wconf 79' lang='grc' dir='ltr'>βαπτί-</span> 
     </span>
    </p>
   </div>
   <div class='ocr_carea' id='block_1_6' title="bbox 649 518 2225 589">
    <p class='ocr_par' dir='ltr' id='par_1_6' title="bbox 649 518 2225 589">
     <span class='ocr_line' id='line_1_6' title="bbox 649 518 2225 589; baseline -0.002 -15"><span class='ocrx_word' id='word_1_19' title='bbox 649 536 826 574; x_wconf 67' lang='lat' dir='ltr'><strong>sinum</strong></span> <span class='ocrx_word' id='word_1_20' title='bbox 853 521 1093 575; x_wconf 76' lang='lat' dir='ltr'><strong>tradidit.</strong></span> <span class='ocrx_word' id='word_1_21' title='bbox 1119 521 1288 575; x_wconf 85' lang='lat' dir='ltr'><strong>Porro</strong></span> <span class='ocrx_word' id='word_1_22' title='bbox 1322 518 1683 589; x_wconf 73' lang='lat' dir='ltr'><strong>spiritualium</strong></span> <span class='ocrx_word' id='word_1_23' title='bbox 1731 518 2032 572; x_wconf 85' lang='lat' dir='ltr'><strong>draconum</strong></span> <span class='ocrx_word' id='word_1_24' title='bbox 2061 526 2225 586; x_wconf 85' lang='lat' dir='ltr'><strong>caput</strong></span> 
     </span>
    </p>
   </div>
   <div class='ocr_carea' id='block_1_7' title="bbox 648 621 1077 680">
    <p class='ocr_par' dir='ltr' id='par_1_7' title="bbox 648 621 1077 680">
     <span class='ocr_line' id='line_1_7' title="bbox 648 621 1077 680; baseline -0.002 -15"><span class='ocrx_word' id='word_1_25' title='bbox 648 623 733 665; x_wconf 77' lang='lat' dir='ltr'><strong>est</strong></span> <span class='ocrx_word' id='word_1_26' title='bbox 773 621 1077 680; x_wconf 84' lang='lat' dir='ltr'><strong>peccatum.</strong></span> 
     </span>
    </p>
   </div>
   <div class='ocr_carea' id='block_1_8' title="bbox 724 700 2112 772">
    <p class='ocr_par' dir='ltr' id='par_1_8' title="bbox 724 700 2112 772">
     <span class='ocr_line' id='line_1_8' title="bbox 724 700 2112 772; baseline 0.002 -21"><span class='ocrx_word' id='word_1_27' title='bbox 724 704 881 757; x_wconf 79' lang='lat' dir='ltr'><strong>Vens.</strong></span> <span class='ocrx_word' id='word_1_28' title='bbox 914 703 1000 757; x_wconf 72' lang='lat'><strong>15.</strong></span> <span class='ocrx_word' id='word_1_29' title='bbox 1039 723 1057 753; x_wconf 75' lang='grc' dir='ltr'><strong>ι</strong></span> <span class='ocrx_word' id='word_1_30' title='bbox 1082 700 1161 756; x_wconf 87' lang='lat' dir='ltr'><strong>Tu</strong></span> <span class='ocrx_word' id='word_1_31' title='bbox 1196 702 1447 772; x_wconf 88' lang='lat' dir='ltr'><strong>dirupisti</strong></span> <span class='ocrx_word' id='word_1_32' title='bbox 1478 702 1658 759; x_wconf 81' lang='lat' dir='ltr'><strong>fontes</strong></span> <span class='ocrx_word' id='word_1_33' title='bbox 1680 714 1736 758; x_wconf 90' lang='lat' dir='ltr'><strong>et</strong></span> <span class='ocrx_word' id='word_1_34' title='bbox 1765 713 2056 759; x_wconf 86' lang='lat' dir='ltr'><strong>torrentes.</strong></span> <span class='ocrx_word' id='word_1_35' title='bbox 2094 722 2112 754; x_wconf 69' lang='grc' dir='ltr'><strong>ι</strong></span> 
     </span>
    </p>
   </div>
   <div class='ocr_carea' id='block_1_9' title="bbox 721 792 2225 864">
    <p class='ocr_par' dir='ltr' id='par_1_9' title="bbox 721 792 2225 864">
     <span class='ocr_line' id='line_1_9' title="bbox 721 792 2225 864; baseline 0.003 -19"><span class='ocrx_word' id='word_1_36' title='bbox 721 792 1190 858; x_wconf 84' lang='lat' dir='ltr'><strong>Quemadmodum</strong></span> <span class='ocrx_word' id='word_1_37' title='bbox 1220 796 1366 848; x_wconf 90' lang='lat' dir='ltr'><strong>enim</strong></span> <span class='ocrx_word' id='word_1_38' title='bbox 1391 795 1505 863; x_wconf 90' lang='lat' dir='ltr'><strong>ipse</strong></span> <span class='ocrx_word' id='word_1_39' title='bbox 1537 811 1634 864; x_wconf 90' lang='lat' dir='ltr'><strong>per</strong></span> <span class='ocrx_word' id='word_1_40' title='bbox 1682 793 1943 864; x_wconf 87' lang='lat' dir='ltr'><strong>Spiritum</strong></span> <span class='ocrx_word' id='word_1_41' title='bbox 1977 804 2225 850; x_wconf 88' lang='lat' dir='ltr'><strong>sanctum</strong></span> 
     </span>
    </p>
   </div>
   <div class='ocr_carea' id='block_1_10' title="bbox 652 886 2227 957">
    <p class='ocr_par' dir='ltr' id='par_1_10' title="bbox 652 886 2227 957">
     <span class='ocr_line' id='line_1_10' title="bbox 652 886 2227 957; baseline 0.004 -20"><span class='ocrx_word' id='word_1_42' title='bbox 652 887 853 955; x_wconf 78' lang='lat' dir='ltr'><strong>gratias</strong></span> <span class='ocrx_word' id='word_1_43' title='bbox 883 886 1143 950; x_wconf 85' lang='lat' dir='ltr'><strong>infundit,</strong></span> <span class='ocrx_word' id='word_1_44' title='bbox 1178 889 1251 941; x_wconf 89' lang='lat' dir='ltr'><strong>ita</strong></span> <span class='ocrx_word' id='word_1_45' title='bbox 1281 887 1519 943; x_wconf 79' lang='lat' dir='ltr'><strong>exsiccat</strong></span> <span class='ocrx_word' id='word_1_46' title='bbox 1546 896 1600 943; x_wconf 90' lang='lat' dir='ltr'><strong>et</strong></span> <span class='ocrx_word' id='word_1_47' title='bbox 1636 887 1813 942; x_wconf 84' lang='lat' dir='ltr'><strong>aufert</strong></span> <span class='ocrx_word' id='word_1_48' title='bbox 1833 902 2070 951; x_wconf 81' lang='lat' dir='ltr'><strong>errores,</strong></span> <span class='ocrx_word' id='word_1_49' title='bbox 2089 903 2227 957; x_wconf 89' lang='lat' dir='ltr'><strong>quos</strong></span> 
     </span>
    </p>
   </div>
   <div class='ocr_carea' id='block_1_11' title="bbox 654 978 2225 1050">
    <p class='ocr_par' dir='ltr' id='par_1_11' title="bbox 654 978 2225 1050">
     <span class='ocr_line' id='line_1_11' title="bbox 654 978 2225 1050; baseline 0.001 -19"><span class='ocrx_word' id='word_1_50' title='bbox 654 979 840 1046; x_wconf 87' lang='lat' dir='ltr'><strong>utique</strong></span> <span class='ocrx_word' id='word_1_51' title='bbox 868 981 1032 1033; x_wconf 89' lang='lat' dir='ltr'><strong>etiam</strong></span> <span class='ocrx_word' id='word_1_52' title='bbox 1059 978 1248 1033; x_wconf 82' lang='lat' dir='ltr'><strong>ﬂuvios</strong></span> <span class='ocrx_word' id='word_1_53' title='bbox 1277 979 1476 1033; x_wconf 87' lang='lat' dir='ltr'><strong>Etham</strong></span> <span class='ocrx_word' id='word_1_54' title='bbox 1502 981 1625 1050; x_wconf 86' lang='lat' dir='ltr'><strong>jure</strong></span> <span class='ocrx_word' id='word_1_55' title='bbox 1671 979 1872 1033; x_wconf 89' lang='lat' dir='ltr'><strong>merito</strong></span> <span class='ocrx_word' id='word_1_56' title='bbox 1915 979 2225 1049; x_wconf 84' lang='lat' dir='ltr'><strong>appellavit.</strong></span> 
     </span>
    </p>
   </div>
   <div class='ocr_carea' id='block_1_12' title="bbox 657 1067 2226 1138">
    <p class='ocr_par' dir='ltr' id='par_1_12' title="bbox 657 1067 2226 1138">
     <span class='ocr_line' id='line_1_12' title="bbox 657 1067 2226 1138; baseline 0.002 -18"><span class='ocrx_word' id='word_1_57' title='bbox 657 1067 848 1121; x_wconf 85' lang='lat' dir='ltr'><strong>Etham</strong></span> <span class='ocrx_word' id='word_1_58' title='bbox 892 1069 1037 1122; x_wconf 89' lang='lat' dir='ltr'><strong>enim</strong></span> <span class='ocrx_word' id='word_1_59' title='bbox 1088 1069 1259 1123; x_wconf 91' lang='lat' dir='ltr'><strong>rubus</strong></span> <span class='ocrx_word' id='word_1_60' title='bbox 1303 1084 1401 1124; x_wconf 89' lang='lat' dir='ltr'><strong>seu</strong></span> <span class='ocrx_word' id='word_1_61' title='bbox 1432 1068 1604 1124; x_wconf 87' lang='lat' dir='ltr'><strong>sentis</strong></span> <span class='ocrx_word' id='word_1_62' title='bbox 1649 1068 2062 1138; x_wconf 83' lang='lat' dir='ltr'><strong>interpretatur,</strong></span> <span class='ocrx_word' id='word_1_63' title='bbox 2124 1068 2226 1123; x_wconf 85' lang='lat' dir='ltr'><strong>ista</strong></span> 
     </span>
    </p>
   </div>
   <div class='ocr_carea' id='block_1_13' title="bbox 656 1158 2227 1230">
    <p class='ocr_par' dir='ltr' id='par_1_13' title="bbox 656 1158 2227 1230">
     <span class='ocr_line' id='line_1_13' title="bbox 656 1158 2227 1230; baseline 0.003 -20"><span class='ocrx_word' id='word_1_64' title='bbox 656 1160 835 1228; x_wconf 82' lang='lat' dir='ltr'><strong>planta</strong></span> <span class='ocrx_word' id='word_1_65' title='bbox 860 1169 1042 1214; x_wconf 88' lang='lat' dir='ltr'><strong>autem</strong></span> <span class='ocrx_word' id='word_1_66' title='bbox 1068 1161 1127 1214; x_wconf 88' lang='lat' dir='ltr'><strong>in</strong></span> <span class='ocrx_word' id='word_1_67' title='bbox 1147 1161 1334 1216; x_wconf 85' lang='lat' dir='ltr'><strong>divina</strong></span> <span class='ocrx_word' id='word_1_68' title='bbox 1359 1160 1638 1230; x_wconf 84' lang='lat' dir='ltr'><strong>Scriptura</strong></span> <span class='ocrx_word' id='word_1_69' title='bbox 1658 1168 1881 1230; x_wconf 85' lang='lat' dir='ltr'><strong>propter</strong></span> <span class='ocrx_word' id='word_1_70' title='bbox 1904 1160 2079 1214; x_wconf 86' lang='lat' dir='ltr'><strong>malos</strong></span> <span class='ocrx_word' id='word_1_71' title='bbox 2107 1158 2227 1214; x_wconf 79' lang='lat' dir='ltr'><strong>fru-</strong></span> 
     </span>
    </p>
   </div>
   <div class='ocr_carea' id='block_1_14' title="bbox 656 1253 1213 1323">
    <p class='ocr_par' dir='ltr' id='par_1_14' title="bbox 656 1253 1213 1323">
     <span class='ocr_line' id='line_1_14' title="bbox 656 1253 1213 1323; baseline 0.004 -18"><span class='ocrx_word' id='word_1_72' title='bbox 656 1261 775 1305; x_wconf 87' lang='lat' dir='ltr'><strong>ctus</strong></span> <span class='ocrx_word' id='word_1_73' title='bbox 811 1253 1213 1323; x_wconf 77' lang='lat' dir='ltr'><strong>perstringitur.</strong></span> 
     </span>
    </p>
   </div>
   <div class='ocr_carea' id='block_1_15' title="bbox 734 1341 2049 1409">
    <p class='ocr_par' dir='ltr' id='par_1_15' title="bbox 734 1341 2049 1409">
     <span class='ocr_line' id='line_1_15' title="bbox 734 1341 2049 1409; baseline 0 -15"><span class='ocrx_word' id='word_1_74' title='bbox 734 1341 894 1397; x_wconf 82' lang='lat' dir='ltr'><strong>Vens.</strong></span> <span class='ocrx_word' id='word_1_75' title='bbox 920 1345 1004 1398; x_wconf 76' lang='lat'><strong>16.</strong></span> <span class='ocrx_word' id='word_1_76' title='bbox 1036 1363 1054 1394; x_wconf 72' lang='grc' dir='ltr'><strong>ι</strong></span> <span class='ocrx_word' id='word_1_77' title='bbox 1098 1344 1247 1397; x_wconf 87' lang='lat' dir='ltr'><strong>Tuus</strong></span> <span class='ocrx_word' id='word_1_78' title='bbox 1270 1352 1354 1397; x_wconf 89' lang='lat' dir='ltr'><strong>est</strong></span> <span class='ocrx_word' id='word_1_79' title='bbox 1384 1343 1520 1409; x_wconf 92' lang='lat' dir='ltr'><strong>dies,</strong></span> <span class='ocrx_word' id='word_1_80' title='bbox 1565 1352 1620 1397; x_wconf 91' lang='lat' dir='ltr'><strong>et</strong></span> <span class='ocrx_word' id='word_1_81' title='bbox 1643 1352 1732 1396; x_wconf 87' lang='lat' dir='ltr'><strong>tua</strong></span> <span class='ocrx_word' id='word_1_82' title='bbox 1755 1350 1839 1396; x_wconf 86' lang='lat' dir='ltr'><strong>est</strong></span> <span class='ocrx_word' id='word_1_83' title='bbox 1860 1357 1989 1397; x_wconf 82' lang='lat' dir='ltr'><strong>nox.</strong></span> <span class='ocrx_word' id='word_1_84' title='bbox 2031 1360 2049 1394; x_wconf 83' lang='grc'><strong>›</strong></span> 
     </span>
    </p>
   </div>
   <div class='ocr_carea' id='block_1_16' title="bbox 731 1432 2228 1498">
    <p class='ocr_par' dir='ltr' id='par_1_16' title="bbox 731 1432 2228 1498">
     <span class='ocr_line' id='line_1_16' title="bbox 731 1432 2228 1498; baseline -0.001 -11"><span class='ocrx_word' id='word_1_85' title='bbox 731 1433 1043 1487; x_wconf 78' lang='lat' dir='ltr'><strong>Creatorem</strong></span> <span class='ocrx_word' id='word_1_86' title='bbox 1075 1445 1341 1489; x_wconf 64' lang='lat' dir='ltr'><strong>creaturae</strong></span> <span class='ocrx_word' id='word_1_87' title='bbox 1370 1450 1483 1488; x_wconf 71' lang='lat' dir='ltr'><strong>sua:</strong></span> <span class='ocrx_word' id='word_1_88' title='bbox 1544 1448 1843 1488; x_wconf 89' lang='lat' dir='ltr'><strong>memorem</strong></span> <span class='ocrx_word' id='word_1_89' title='bbox 1875 1432 2075 1498; x_wconf 87' lang='lat' dir='ltr'><strong>reddit,</strong></span> <span class='ocrx_word' id='word_1_90' title='bbox 2127 1447 2228 1485; x_wconf 92' lang='lat' dir='ltr'><strong>ne-</strong></span> 
     </span>
    </p>
   </div>
   <div class='ocr_carea' id='block_1_17' title="bbox 662 1522 2227 1593">
    <p class='ocr_par' dir='ltr' id='par_1_17' title="bbox 662 1522 2227 1593">
     <span class='ocr_line' id='line_1_17' title="bbox 662 1522 2227 1593; baseline 0 -18"><span class='ocrx_word' id='word_1_91' title='bbox 662 1537 930 1591; x_wconf 87' lang='lat' dir='ltr'><strong>quaquam</strong></span> <span class='ocrx_word' id='word_1_92' title='bbox 954 1524 1175 1591; x_wconf 89' lang='lat' dir='ltr'><strong>quidem</strong></span> <span class='ocrx_word' id='word_1_93' title='bbox 1201 1524 1328 1593; x_wconf 83' lang='lat' dir='ltr'><strong>ejus‘</strong></span> <span class='ocrx_word' id='word_1_94' title='bbox 1350 1524 1601 1586; x_wconf 90' lang='lat' dir='ltr'><strong>oblitum,</strong></span> <span class='ocrx_word' id='word_1_95' title='bbox 1631 1523 1725 1578; x_wconf 90' lang='lat' dir='ltr'><strong>sed</strong></span> <span class='ocrx_word' id='word_1_96' title='bbox 1761 1523 1946 1577; x_wconf 89' lang='lat' dir='ltr'><strong>volens</strong></span> <span class='ocrx_word' id='word_1_97' title='bbox 1970 1522 2115 1575; x_wconf 89' lang='lat' dir='ltr'><strong>illam</strong></span> <span class='ocrx_word' id='word_1_98' title='bbox 2170 1522 2227 1575; x_wconf 90' lang='lat' dir='ltr'><strong>in</strong></span> 
     </span>
    </p>
   </div>
   <div class='ocr_carea' id='block_1_18' title="bbox 660 1613 2229 1683">
    <p class='ocr_par' dir='ltr' id='par_1_18' title="bbox 660 1613 2229 1683">
     <span class='ocr_line' id='line_1_18' title="bbox 660 1613 2229 1683; baseline 0.001 -18"><span class='ocrx_word' id='word_1_99' title='bbox 660 1614 910 1667; x_wconf 87' lang='lat' dir='ltr'><strong>omnibus</strong></span> <span class='ocrx_word' id='word_1_100' title='bbox 932 1614 1201 1678; x_wconf 81' lang='lat' dir='ltr'><strong>conﬁteri,</strong></span> <span class='ocrx_word' id='word_1_101' title='bbox 1230 1615 1372 1683; x_wconf 91' lang='lat' dir='ltr'><strong>quod</strong></span> <span class='ocrx_word' id='word_1_102' title='bbox 1399 1614 1519 1683; x_wconf 89' lang='lat' dir='ltr'><strong>ejus</strong></span> <span class='ocrx_word' id='word_1_103' title='bbox 1547 1624 1799 1668; x_wconf 86' lang='lat' dir='ltr'><strong>creatura</strong></span> <span class='ocrx_word' id='word_1_104' title='bbox 1829 1613 1923 1677; x_wconf 85' lang='lat' dir='ltr'><strong>sit,</strong></span> <span class='ocrx_word' id='word_1_105' title='bbox 1958 1628 2083 1667; x_wconf 88' lang='lat' dir='ltr'><strong>cum</strong></span> <span class='ocrx_word' id='word_1_106' title='bbox 2118 1621 2229 1667; x_wconf 91' lang='lat' dir='ltr'><strong>tam</strong></span> 
     </span>
    </p>
   </div>
   <div class='ocr_carea' id='block_1_19' title="bbox 659 1702 2229 1773">
    <p class='ocr_par' dir='ltr' id='par_1_19' title="bbox 659 1702 2229 1773">
     <span class='ocr_line' id='line_1_19' title="bbox 659 1702 2229 1773; baseline 0 -18"><span class='ocrx_word' id='word_1_107' title='bbox 659 1703 1011 1773; x_wconf 88' lang='lat' dir='ltr'><strong>multiplicem</strong></span> <span class='ocrx_word' id='word_1_108' title='bbox 1034 1719 1099 1759; x_wconf 90' lang='lat' dir='ltr'><strong>ac</strong></span> <span class='ocrx_word' id='word_1_109' title='bbox 1132 1704 1341 1758; x_wconf 86' lang='lat' dir='ltr'><strong>varium</strong></span> <span class='ocrx_word' id='word_1_110' title='bbox 1364 1704 1615 1758; x_wconf 88' lang='lat' dir='ltr'><strong>ordinem</strong></span> <span class='ocrx_word' id='word_1_111' title='bbox 1636 1703 1859 1769; x_wconf 89' lang='lat' dir='ltr'><strong>habeat,</strong></span> <span class='ocrx_word' id='word_1_112' title='bbox 1891 1711 1951 1757; x_wconf 90' lang='lat' dir='ltr'><strong>ut</strong></span> <span class='ocrx_word' id='word_1_113' title='bbox 1972 1702 2089 1758; x_wconf 90' lang='lat' dir='ltr'><strong>dies</strong></span> <span class='ocrx_word' id='word_1_114' title='bbox 2104 1702 2229 1772; x_wconf 88' lang='lat' dir='ltr'><strong>qui-</strong></span> 
     </span>
    </p>
   </div>
   <div class='ocr_carea' id='block_1_20' title="bbox 2330 512 3935 587">
    <p class='ocr_par' dir='ltr' id='par_1_20' title="bbox 2330 512 3935 587">
     <span class='ocr_line' id='line_1_20' title="bbox 2330 512 3935 587; baseline -0.003 -20"><span class='ocrx_word' id='word_1_115' title='bbox 2330 514 2539 581; x_wconf 78' lang='grc' dir='ltr'>ζεσθαι.</span> <span class='ocrx_word' id='word_1_116' title='bbox 2580 512 2803 584; x_wconf 75' lang='grc' dir='ltr'>Κεφαλὴ</span> <span class='ocrx_word' id='word_1_117' title='bbox 2851 513 2905 565; x_wconf 78' lang='grc' dir='ltr'>δὲ</span> <span class='ocrx_word' id='word_1_118' title='bbox 2935 512 3043 562; x_wconf 63' lang='grc' dir='ltr'><strong>τῶν</strong></span> <span class='ocrx_word' id='word_1_119' title='bbox 3096 513 3299 573; x_wconf 61' lang='grc' dir='ltr'>νοητῶγ</span> <span class='ocrx_word' id='word_1_120' title='bbox 3332 512 3649 569; x_wconf 72' lang='grc' dir='ltr'>δρακόντων</span> <span class='ocrx_word' id='word_1_121' title='bbox 3680 516 3715 584; x_wconf 81' lang='grc' dir='ltr'>ἡ</span> <span class='ocrx_word' id='word_1_122' title='bbox 3750 516 3935 587; x_wconf 68' lang='grc' dir='ltr'>ἁμαρ.</span> 
     </span>
    </p>
   </div>
   <div class='ocr_carea' id='block_1_21' title="bbox 2327 606 2440 660">
    <p class='ocr_par' dir='ltr' id='par_1_21' title="bbox 2327 606 2440 660">
     <span class='ocr_line' id='line_1_21' title="bbox 2327 606 2440 660; baseline 0 -1"><span class='ocrx_word' id='word_1_123' title='bbox 2327 606 2440 660; x_wconf 79' lang='grc' dir='ltr'><strong>τὶα.</strong></span> 
     </span>
    </p>
   </div>
   <div class='ocr_carea' id='block_1_22' title="bbox 2405 696 3627 772">
    <p class='ocr_par' dir='ltr' id='par_1_22' title="bbox 2405 696 3627 772">
     <span class='ocr_line' id='line_1_22' title="bbox 2405 696 3627 772; baseline 0.001 -24"><span class='ocrx_word' id='word_1_124' title='bbox 2405 716 2424 748; x_wconf 77' lang='grc' dir='ltr'><strong>ι</strong></span> <span class='ocrx_word' id='word_1_125' title='bbox 2453 696 2839 772; x_wconf 51' lang='grc' dir='ltr'>Σὺ-διέῤῥηξας</span> <span class='ocrx_word' id='word_1_126' title='bbox 2875 698 3058 766; x_wconf 67' lang='grc' dir='ltr'>πηγὰς</span> <span class='ocrx_word' id='word_1_127' title='bbox 3087 700 3177 752; x_wconf 72' lang='grc' dir='ltr'>καὶ</span> <span class='ocrx_word' id='word_1_128' title='bbox 3207 700 3564 772; x_wconf 70' lang='grc' dir='ltr'>χειμάρρους.</span> <span class='ocrx_word' id='word_1_129' title='bbox 3609 720 3627 749; x_wconf 70' lang='grc' dir='ltr'><strong>ι</strong></span> 
     </span>
    </p>
   </div>
   <div class='ocr_carea' id='block_1_23' title="bbox 2400 763 3930 861">
    <p class='ocr_par' dir='ltr' id='par_1_23' title="bbox 2400 763 3930 861">
     <span class='ocr_line' id='line_1_23' title="bbox 2400 763 3930 861; baseline -0.002 -17"><span class='ocrx_word' id='word_1_130' title='bbox 2400 763 2763 861; x_wconf 47' lang='grc' dir='ltr'><strong>ὀυὲήᾱρ</strong></span> <span class='ocrx_word' id='word_1_131' title='bbox 2799 763 2974 852; x_wconf 50' lang='lat' dir='ltr'><strong>ante;</strong></span> <span class='ocrx_word' id='word_1_132' title='bbox 3018 763 3237 856; x_wconf 66' lang='grc' dir='ltr'>ἐνεργεῖ</span> <span class='ocrx_word' id='word_1_133' title='bbox 3271 763 3492 843; x_wconf 48' lang='grc' dir='ltr'>διὰ-τοῦ</span> <span class='ocrx_word' id='word_1_134' title='bbox 3536 789 3706 854; x_wconf 78' lang='grc' dir='ltr'>ἁγίου</span> <span class='ocrx_word' id='word_1_135' title='bbox 3754 790 3930 842; x_wconf 70' lang='grc' dir='ltr'>Πνεῦ-</span> 
     </span>
    </p>
   </div>
   <div class='ocr_carea' id='block_1_24' title="bbox 2333 880 3928 954">
    <p class='ocr_par' dir='ltr' id='par_1_24' title="bbox 2333 880 3928 954">
     <span class='ocr_line' id='line_1_24' title="bbox 2333 880 3928 954; baseline -0.003 -18"><span class='ocrx_word' id='word_1_136' title='bbox 2333 898 2502 954; x_wconf 87' lang='grc' dir='ltr'>ματος</span> <span class='ocrx_word' id='word_1_137' title='bbox 2524 883 2591 935; x_wconf 83' lang='grc' dir='ltr'>τὰ</span> <span class='ocrx_word' id='word_1_138' title='bbox 2628 881 2965 951; x_wconf 80' lang='grc' dir='ltr'><strong>χαρίσματα,</strong></span> <span class='ocrx_word' id='word_1_139' title='bbox 2993 880 3136 932; x_wconf 74' lang='grc' dir='ltr'>οὕτω</span> <span class='ocrx_word' id='word_1_140' title='bbox 3176 881 3423 949; x_wconf 77' lang='grc' dir='ltr'><strong>ξηραίνει</strong></span> <span class='ocrx_word' id='word_1_141' title='bbox 3457 882 3555 933; x_wconf 76' lang='grc' dir='ltr'>καὶ</span> <span class='ocrx_word' id='word_1_142' title='bbox 3584 882 3821 949; x_wconf 80' lang='grc' dir='ltr'>ἀναιρεῖ</span> <span class='ocrx_word' id='word_1_143' title='bbox 3862 884 3928 932; x_wconf 66' lang='grc' dir='ltr'>τὰ</span> 
     </span>
    </p>
   </div>
   <div class='ocr_carea' id='block_1_25' title="bbox 2328 971 3932 1041">
    <p class='ocr_par' dir='ltr' id='par_1_25' title="bbox 2328 971 3932 1041">
     <span class='ocr_line' id='line_1_25' title="bbox 2328 971 3932 1041; baseline -0.002 -15"><span class='ocrx_word' id='word_1_144' title='bbox 2328 973 2424 1026; x_wconf 89' lang='grc' dir='ltr'><strong>τοῦ</strong></span> <span class='ocrx_word' id='word_1_145' title='bbox 2446 973 2672 1035; x_wconf 80' lang='grc' dir='ltr'><strong>πλάνου,</strong></span> <span class='ocrx_word' id='word_1_146' title='bbox 2704 972 2850 1041; x_wconf 76' lang='grc' dir='ltr'>ἅπερ</span> <span class='ocrx_word' id='word_1_147' title='bbox 2874 972 2937 1040; x_wconf 81' lang='grc' dir='ltr'>δὴ</span> <span class='ocrx_word' id='word_1_148' title='bbox 2967 974 3054 1024; x_wconf 57' lang='grc' dir='ltr'>καὶ</span> <span class='ocrx_word' id='word_1_149' title='bbox 3090 971 3149 1023; x_wconf 69' lang='grc' dir='ltr'>τὸ</span> <span class='ocrx_word' id='word_1_150' title='bbox 3177 973 3459 1040; x_wconf 86' lang='grc' dir='ltr'>ποταμοὺς</span> <span class='ocrx_word' id='word_1_151' title='bbox 3484 971 3668 1040; x_wconf 78' lang='grc' dir='ltr'>Ἐθὰμ</span> <span class='ocrx_word' id='word_1_152' title='bbox 3700 972 3932 1033; x_wconf 74' lang='grc' dir='ltr'>εἰκότως</span> 
     </span>
    </p>
   </div>
   <div class='ocr_carea' id='block_1_26' title="bbox 2287 1045 3930 1134">
    <p class='ocr_par' dir='ltr' id='par_1_26' title="bbox 2287 1045 3930 1134">
     <span class='ocr_line' id='line_1_26' title="bbox 2287 1045 3930 1134; baseline -0.004 -17"><span class='ocrx_word' id='word_1_153' title='bbox 2287 1045 2796 1134; x_wconf 44' lang='grc' dir='ltr'>λπροσηγόρευσεν.</span> <span class='ocrx_word' id='word_1_154' title='bbox 2825 1061 3006 1131; x_wconf 69' lang='grc' dir='ltr'>Ἠθὰμ</span> <span class='ocrx_word' id='word_1_155' title='bbox 3024 1063 3133 1133; x_wconf 85' lang='grc' dir='ltr'>γὰρ</span> <span class='ocrx_word' id='word_1_156' title='bbox 3152 1061 3348 1126; x_wconf 73' lang='grc' dir='ltr'>,βάτος</span> <span class='ocrx_word' id='word_1_157' title='bbox 3372 1060 3777 1131; x_wconf 76' lang='grc' dir='ltr'>ἑρμηνεύεται.</span> <span class='ocrx_word' id='word_1_158' title='bbox 3806 1060 3930 1111; x_wconf 67' lang='grc' dir='ltr'><strong>Ἐπὶ</strong></span> 
     </span>
    </p>
   </div>
   <div class='ocr_carea' id='block_1_27' title="bbox 2330 1150 3933 1224">
    <p class='ocr_par' dir='ltr' id='par_1_27' title="bbox 2330 1150 3933 1224">
     <span class='ocr_line' id='line_1_27' title="bbox 2330 1150 3933 1224; baseline -0.006 -15"><span class='ocrx_word' id='word_1_159' title='bbox 2330 1155 2557 1224; x_wconf 84' lang='grc' dir='ltr'>φαύλοις</span> <span class='ocrx_word' id='word_1_160' title='bbox 2596 1154 2654 1207; x_wconf 78' lang='grc' dir='ltr'>δὲ</span> <span class='ocrx_word' id='word_1_161' title='bbox 2693 1152 2851 1207; x_wconf 86' lang='grc' dir='ltr'>τοῦτο</span> <span class='ocrx_word' id='word_1_162' title='bbox 2890 1155 3125 1223; x_wconf 82' lang='grc' dir='ltr'>καρποῖς</span> <span class='ocrx_word' id='word_1_163' title='bbox 3174 1153 3323 1208; x_wconf 73' lang='grc' dir='ltr'>παρὰ</span> <span class='ocrx_word' id='word_1_164' title='bbox 3370 1154 3437 1222; x_wconf 82' lang='grc' dir='ltr'><strong>τῇ</strong></span> <span class='ocrx_word' id='word_1_165' title='bbox 3470 1150 3593 1221; x_wconf 78' lang='grc' dir='ltr'>θείᾳ</span> <span class='ocrx_word' id='word_1_166' title='bbox 3632 1151 3843 1220; x_wconf 74' lang='grc' dir='ltr'>Γραφῇ</span> <span class='ocrx_word' id='word_1_167' title='bbox 3878 1150 3933 1202; x_wconf 80' lang='grc' dir='ltr'><strong>τδ</strong></span> 
     </span>
    </p>
   </div>
   <div class='ocr_carea' id='block_1_28' title="bbox 2330 1244 2873 1316">
    <p class='ocr_par' dir='ltr' id='par_1_28' title="bbox 2330 1244 2873 1316">
     <span class='ocr_line' id='line_1_28' title="bbox 2330 1244 2873 1316; baseline -0.004 -18"><span class='ocrx_word' id='word_1_168' title='bbox 2330 1246 2499 1316; x_wconf 80' lang='grc' dir='ltr'>φυτὸν</span> <span class='ocrx_word' id='word_1_169' title='bbox 2526 1244 2873 1299; x_wconf 74' lang='grc' dir='ltr'>διαϐάλλεται</span> 
     </span>
    </p>
   </div>
   <div class='ocr_carea' id='block_1_29' title="bbox 2406 1332 3525 1406">
    <p class='ocr_par' dir='ltr' id='par_1_29' title="bbox 2406 1332 3525 1406">
     <span class='ocr_line' id='line_1_29' title="bbox 2406 1332 3525 1406; baseline -0.004 -19"><span class='ocrx_word' id='word_1_170' title='bbox 2406 1354 2425 1386; x_wconf 78' lang='grc' dir='ltr'><strong>ι</strong></span> <span class='ocrx_word' id='word_1_171' title='bbox 2450 1336 2523 1406; x_wconf 82' lang='grc' dir='ltr'><strong>Σή</strong></span> <span class='ocrx_word' id='word_1_172' title='bbox 2544 1336 2691 1387; x_wconf 72' lang='grc' dir='ltr'>ἔστιν</span> <span class='ocrx_word' id='word_1_173' title='bbox 2721 1335 2755 1404; x_wconf 73' lang='grc' dir='ltr'><strong>ἡ</strong></span> <span class='ocrx_word' id='word_1_174' title='bbox 2784 1334 2987 1405; x_wconf 79' lang='grc' dir='ltr'>ήμέρα,</span> <span class='ocrx_word' id='word_1_175' title='bbox 3014 1334 3079 1400; x_wconf 74' lang='grc' dir='ltr'>σή</span> <span class='ocrx_word' id='word_1_176' title='bbox 3102 1333 3249 1383; x_wconf 68' lang='grc' dir='ltr'>ἐστιν</span> <span class='ocrx_word' id='word_1_177' title='bbox 3296 1337 3327 1399; x_wconf 74' lang='grc' dir='ltr'>ἡ</span> <span class='ocrx_word' id='word_1_178' title='bbox 3362 1332 3478 1396; x_wconf 72' lang='grc' dir='ltr'>νύξ.</span> <span class='ocrx_word' id='word_1_179' title='bbox 3507 1351 3525 1382; x_wconf 73' lang='grc' dir='ltr'><strong>ι</strong></span> 
     </span>
    </p>
   </div>
   <div class='ocr_carea' id='block_1_30' title="bbox 2412 1428 3932 1501">
    <p class='ocr_par' dir='ltr' id='par_1_30' title="bbox 2412 1428 3932 1501">
     <span class='ocr_line' id='line_1_30' title="bbox 2412 1428 3932 1501; baseline -0.005 -15"><span class='ocrx_word' id='word_1_180' title='bbox 2412 1432 2847 1501; x_wconf 81' lang='grc' dir='ltr'>’Δναμιμνήσκει</span> <span class='ocrx_word' id='word_1_181' title='bbox 2889 1431 2985 1499; x_wconf 76' lang='grc' dir='ltr'><strong>τῆς</strong></span> <span class='ocrx_word' id='word_1_182' title='bbox 3014 1429 3208 1483; x_wconf 76' lang='grc' dir='ltr'>ἑαυτοῦ</span> <span class='ocrx_word' id='word_1_183' title='bbox 3248 1429 3615 1499; x_wconf 80' lang='grc' dir='ltr'><strong>δημιουργίας</strong></span> <span class='ocrx_word' id='word_1_184' title='bbox 3657 1428 3757 1481; x_wconf 76' lang='grc' dir='ltr'><strong>τὸν</strong></span> <span class='ocrx_word' id='word_1_185' title='bbox 3822 1428 3932 1480; x_wconf 76' lang='grc' dir='ltr'>κτί-</span> 
     </span>
    </p>
   </div>
   <div class='ocr_carea' id='block_1_31' title="bbox 2333 1520 3933 1591">
    <p class='ocr_par' dir='ltr' id='par_1_31' title="bbox 2333 1520 3933 1591">
     <span class='ocr_line' id='line_1_31' title="bbox 2333 1520 3933 1591; baseline -0.004 -13"><span class='ocrx_word' id='word_1_186' title='bbox 2333 1540 2521 1587; x_wconf 88' lang='grc' dir='ltr'>σαντα,</span> <span class='ocrx_word' id='word_1_187' title='bbox 2551 1522 2949 1591; x_wconf 79' lang='grc' dir='ltr'>ὲκλελησμένον</span> <span class='ocrx_word' id='word_1_188' title='bbox 2994 1521 3090 1589; x_wconf 75' lang='grc' dir='ltr'>μὲν</span> <span class='ocrx_word' id='word_1_189' title='bbox 3126 1520 3405 1589; x_wconf 63' lang='grc' dir='ltr'>οὐδαμῶς,</span> <span class='ocrx_word' id='word_1_190' title='bbox 3439 1520 3839 1591; x_wconf 80' lang='grc' dir='ltr'>ὁμολογεῖσθαι</span> <span class='ocrx_word' id='word_1_191' title='bbox 3880 1521 3933 1572; x_wconf 76' lang='grc' dir='ltr'>δὲ</span> 
     </span>
    </p>
   </div>
   <div class='ocr_carea' id='block_1_32' title="bbox 2331 1611 3933 1684">
    <p class='ocr_par' dir='ltr' id='par_1_32' title="bbox 2331 1611 3933 1684">
     <span class='ocr_line' id='line_1_32' title="bbox 2331 1611 3933 1684; baseline -0.002 -18"><span class='ocrx_word' id='word_1_192' title='bbox 2331 1614 2504 1684; x_wconf 80' lang='grc' dir='ltr'>αὐτὴν</span> <span class='ocrx_word' id='word_1_193' title='bbox 2546 1611 2697 1683; x_wconf 79' lang='grc' dir='ltr'>παρὰ</span> <span class='ocrx_word' id='word_1_194' title='bbox 2739 1612 2980 1673; x_wconf 73' lang='grc' dir='ltr'>πάντων,</span> <span class='ocrx_word' id='word_1_195' title='bbox 3040 1617 3109 1676; x_wconf 66' lang='grc' dir='ltr'>ὥς</span> <span class='ocrx_word' id='word_1_196' title='bbox 3162 1612 3327 1665; x_wconf 73' lang='grc' dir='ltr'>αὑτοῦ</span> <span class='ocrx_word' id='word_1_197' title='bbox 3370 1612 3578 1681; x_wconf 81' lang='grc' dir='ltr'><strong>κτίσμα</strong></span> <span class='ocrx_word' id='word_1_198' title='bbox 3636 1612 3933 1680; x_wconf 80' lang='grc' dir='ltr'>τυγχάνει,</span> 
     </span>
    </p>
   </div>
   <div class='ocr_carea' id='block_1_33' title="bbox 2336 1703 3926 1776">
    <p class='ocr_par' dir='ltr' id='par_1_33' title="bbox 2336 1703 3926 1776">
     <span class='ocr_line' id='line_1_33' title="bbox 2336 1703 3926 1776; baseline -0.003 -17"><span class='ocrx_word' id='word_1_199' title='bbox 2336 1705 2682 1776; x_wconf 74' lang='grc' dir='ltr'>βουλόμενος,</span> <span class='ocrx_word' id='word_1_200' title='bbox 2736 1703 2939 1774; x_wconf 81' lang='grc' dir='ltr'>πολλὴν</span> <span class='ocrx_word' id='word_1_201' title='bbox 2995 1704 3138 1757; x_wconf 72' lang='grc' dir='ltr'>οὕτω</span> <span class='ocrx_word' id='word_1_202' title='bbox 3198 1704 3352 1768; x_wconf 66' lang='grc' dir='ltr'>τάξιν</span> <span class='ocrx_word' id='word_1_203' title='bbox 3401 1706 3498 1759; x_wconf 83' lang='grc' dir='ltr'>καὶ</span> <span class='ocrx_word' id='word_1_204' title='bbox 3563 1704 3926 1773; x_wconf 71' lang='grc' dir='ltr'>παντοδαπὴν</span> 
     </span>
    </p>
   </div>
   <div class='ocr_carea' id='block_1_34' title="bbox 659 1764 2237 1868">
    <p class='ocr_par' dir='ltr' id='par_1_34' title="bbox 659 1793 2235 1859">
     <span class='ocr_line' id='line_1_34' title="bbox 659 1793 2235 1859; baseline -0.001 -10"><span class='ocrx_word' id='word_1_205' title='bbox 659 1796 783 1849; x_wconf 85' lang='lat' dir='ltr'><strong>dem</strong></span> <span class='ocrx_word' id='word_1_206' title='bbox 814 1795 960 1850; x_wconf 88' lang='lat' dir='ltr'><strong>nocti</strong></span> <span class='ocrx_word' id='word_1_207' title='bbox 992 1795 1267 1859; x_wconf 89' lang='lat' dir='ltr'><strong>succedat,</strong></span> <span class='ocrx_word' id='word_1_208' title='bbox 1293 1797 1467 1851; x_wconf 62' lang='lat' dir='ltr'><strong>aestati</strong></span> <span class='ocrx_word' id='word_1_209' title='bbox 1484 1811 1615 1851; x_wconf 88' lang='lat' dir='ltr'><strong>vero</strong></span> <span class='ocrx_word' id='word_1_210' title='bbox 1641 1812 1738 1850; x_wconf 85' lang='lat' dir='ltr'><strong>ver</strong></span> <span class='ocrx_word' id='word_1_211' title='bbox 1766 1795 1940 1857; x_wconf 90' lang='lat' dir='ltr'><strong>cedat,</strong></span> <span class='ocrx_word' id='word_1_212' title='bbox 1989 1793 2235 1849; x_wconf 88' lang='lat' dir='ltr'><strong>terminis</strong></span> 
     </span>
    </p>
   </div>
   <div class='ocr_carea' id='block_1_35' title="bbox 2342 1764 3931 1868">
    <p class='ocr_par' dir='ltr' id='par_1_35' title="bbox 2342 1764 3931 1868">
     <span class='ocr_line' id='line_1_35' title="bbox 2342 1764 3931 1868; baseline -0.003 -18"><span class='ocrx_word' id='word_1_213' title='bbox 2342 1764 2588 1868; x_wconf 52' lang='grc' dir='ltr'>ἔχουσαν,</span> <span class='ocrx_word' id='word_1_214' title='bbox 2728 1797 2826 1867; x_wconf 83' lang='grc' dir='ltr'>τὴν</span> <span class='ocrx_word' id='word_1_215' title='bbox 2853 1764 2953 1866; x_wconf 59' lang='grc' dir='ltr'><strong>μέν</strong></span> <span class='ocrx_word' id='word_1_216' title='bbox 2982 1798 3195 1866; x_wconf 77' lang='grc' dir='ltr'>ἡμέραν</span> <span class='ocrx_word' id='word_1_217' title='bbox 3224 1764 3296 1865; x_wconf 60' lang='lat' dir='ltr'><strong>cii</strong></span> <span class='ocrx_word' id='word_1_218' title='bbox 3332 1799 3491 1849; x_wconf 78' lang='grc' dir='ltr'>νυκτὶ</span> <span class='ocrx_word' id='word_1_219' title='bbox 3538 1764 3931 1866; x_wconf 72' lang='grc' dir='ltr'>παραχωρεῖν,</span> 
     </span>
    </p>
   </div>
   <div class='ocr_carea' id='block_1_36' title="bbox 660 1885 2234 1957">
    <p class='ocr_par' dir='ltr' id='par_1_36' title="bbox 660 1885 2234 1957">
     <span class='ocr_line' id='line_1_36' title="bbox 660 1885 2234 1957; baseline -0.002 -16"><span class='ocrx_word' id='word_1_220' title='bbox 660 1904 877 1957; x_wconf 89' lang='lat' dir='ltr'><strong>quoque</strong></span> <span class='ocrx_word' id='word_1_221' title='bbox 906 1895 1049 1941; x_wconf 84' lang='lat' dir='ltr'><strong>terra</strong></span> <span class='ocrx_word' id='word_1_222' title='bbox 1066 1887 1563 1953; x_wconf 88' lang='lat' dir='ltr'><strong>circumscribatur,</strong></span> <span class='ocrx_word' id='word_1_223' title='bbox 1602 1888 1731 1942; x_wconf 88' lang='lat' dir='ltr'><strong>licet</strong></span> <span class='ocrx_word' id='word_1_224' title='bbox 1760 1896 1987 1957; x_wconf 86' lang='lat' dir='ltr'><strong>propter</strong></span> <span class='ocrx_word' id='word_1_225' title='bbox 2015 1885 2234 1955; x_wconf 79' lang='lat' dir='ltr'><strong>magni-</strong></span> 
     </span>
    </p>
   </div>
   <div class='ocr_carea' id='block_1_37' title="bbox 662 1974 2235 2046">
    <p class='ocr_par' dir='ltr' id='par_1_37' title="bbox 662 1974 2235 2046">
     <span class='ocr_line' id='line_1_37' title="bbox 662 1974 2235 2046; baseline 0.002 -18"><span class='ocrx_word' id='word_1_226' title='bbox 662 1976 906 2030; x_wconf 90' lang='lat' dir='ltr'><strong>tudinem</strong></span> <span class='ocrx_word' id='word_1_227' title='bbox 945 1978 1192 2032; x_wconf 88' lang='lat' dir='ltr'><strong>videatur</strong></span> <span class='ocrx_word' id='word_1_228' title='bbox 1230 1974 1520 2033; x_wconf 78' lang='lat' dir='ltr'><strong>immensa.</strong></span> <span class='ocrx_word' id='word_1_229' title='bbox 1546 1977 1789 2043; x_wconf 83' lang='lat' dir='ltr'><strong>Quorum</strong></span> <span class='ocrx_word' id='word_1_230' title='bbox 1810 1976 2235 2046; x_wconf 85' lang='lat' dir='ltr'><strong>unumquodque</strong></span> 
     </span>
    </p>
   </div>
   <div class='ocr_carea' id='block_1_38' title="bbox 665 2068 2231 2140">
    <p class='ocr_par' dir='ltr' id='par_1_38' title="bbox 665 2068 2231 2140">
     <span class='ocr_line' id='line_1_38' title="bbox 665 2068 2231 2140; baseline 0.004 -21"><span class='ocrx_word' id='word_1_231' title='bbox 665 2068 831 2122; x_wconf 72' lang='lat' dir='ltr'><strong>[trum</strong></span> <span class='ocrx_word' id='word_1_232' title='bbox 875 2069 1190 2123; x_wconf 85' lang='lat' dir='ltr'><strong>Creatorem</strong></span> <span class='ocrx_word' id='word_1_233' title='bbox 1242 2085 1423 2137; x_wconf 88' lang='lat' dir='ltr'><strong>suum,</strong></span> <span class='ocrx_word' id='word_1_234' title='bbox 1489 2071 1583 2140; x_wconf 87' lang='lat' dir='ltr'><strong>qui</strong></span> <span class='ocrx_word' id='word_1_235' title='bbox 1612 2072 1728 2126; x_wconf 66' lang='lat' dir='ltr'><strong>hanc</strong></span> <span class='ocrx_word' id='word_1_236' title='bbox 1759 2070 1895 2126; x_wconf 87' lang='lat' dir='ltr'><strong>scite</strong></span> <span class='ocrx_word' id='word_1_237' title='bbox 1940 2069 2231 2139; x_wconf 88' lang='lat' dir='ltr'><strong>disposuit,</strong></span> 
     </span>
    </p>
   </div>
   <div class='ocr_carea' id='block_1_39' title="bbox 664 2158 1001 2213">
    <p class='ocr_par' dir='ltr' id='par_1_39' title="bbox 664 2158 1001 2213">
     <span class='ocr_line' id='line_1_39' title="bbox 664 2158 1001 2213; baseline -0.003 -1"><span class='ocrx_word' id='word_1_238' title='bbox 664 2158 1001 2213; x_wconf 78' lang='lat' dir='ltr'><strong>manifestat.</strong></span> 
     </span>
    </p>
   </div>
   <div class='ocr_carea' id='block_1_40' title="bbox 727 2250 1671 2308">
    <p class='ocr_par' dir='ltr' id='par_1_40' title="bbox 727 2250 1671 2308">
     <span class='ocr_line' id='line_1_40' title="bbox 727 2250 1671 2308; baseline 0.001 -6"><span class='ocrx_word' id='word_1_239' title='bbox 727 2250 886 2305; x_wconf 91' lang='lat' dir='ltr'><strong>Vens.</strong></span> <span class='ocrx_word' id='word_1_240' title='bbox 921 2252 1043 2306; x_wconf 63' lang='lat'><strong>19.:</strong></span> <span class='ocrx_word' id='word_1_241' title='bbox 1086 2251 1165 2307; x_wconf 89' lang='lat' dir='ltr'><strong>Ne</strong></span> <span class='ocrx_word' id='word_1_242' title='bbox 1202 2254 1383 2307; x_wconf 89' lang='lat' dir='ltr'><strong>tradas</strong></span> <span class='ocrx_word' id='word_1_243' title='bbox 1410 2253 1621 2308; x_wconf 87' lang='lat' dir='ltr'><strong>bestiis.</strong></span> <span class='ocrx_word' id='word_1_244' title='bbox 1652 2273 1671 2303; x_wconf 84' lang='lat' dir='ltr'><strong>r</strong></span> 
     </span>
    </p>
   </div>
   <div class='ocr_carea' id='block_1_41' title="bbox 731 2333 2235 2415">
    <p class='ocr_par' dir='ltr' id='par_1_41' title="bbox 731 2333 2235 2415">
     <span class='ocr_line' id='line_1_41' title="bbox 731 2333 2235 2415; baseline 0 -18"><span class='ocrx_word' id='word_1_245' title='bbox 731 2344 1005 2414; x_wconf 83' lang='lat' dir='ltr'><strong>Pauperes</strong></span> <span class='ocrx_word' id='word_1_246' title='bbox 1033 2333 1190 2399; x_wconf 75' lang='lat' dir='ltr'><strong>vocat</strong></span> <span class='ocrx_word' id='word_1_247' title='bbox 1211 2353 1544 2415; x_wconf 89' lang='lat' dir='ltr'><strong>peccatores,</strong></span> <span class='ocrx_word' id='word_1_248' title='bbox 1572 2345 1665 2414; x_wconf 91' lang='lat' dir='ltr'><strong>qui</strong></span> <span class='ocrx_word' id='word_1_249' title='bbox 1700 2344 1878 2399; x_wconf 87' lang='lat' dir='ltr'><strong>nullas</strong></span> <span class='ocrx_word' id='word_1_250' title='bbox 1902 2344 2109 2399; x_wconf 89' lang='lat' dir='ltr'><strong>habent</strong></span> <span class='ocrx_word' id='word_1_251' title='bbox 2147 2343 2235 2398; x_wconf 86' lang='lat' dir='ltr'><strong>di-</strong></span> 
     </span>
    </p>
   </div>
   <div class='ocr_carea' id='block_1_42' title="bbox 666 2433 2233 2507">
    <p class='ocr_par' dir='ltr' id='par_1_42' title="bbox 666 2433 2233 2507">
     <span class='ocr_line' id='line_1_42' title="bbox 666 2433 2233 2507; baseline 0.001 -21"><span class='ocrx_word' id='word_1_252' title='bbox 666 2433 825 2486; x_wconf 84' lang='lat' dir='ltr'><strong>vitias</strong></span> <span class='ocrx_word' id='word_1_253' title='bbox 860 2433 1112 2502; x_wconf 65' lang='lat' dir='ltr'><strong>iustitia),</strong></span> <span class='ocrx_word' id='word_1_254' title='bbox 1148 2435 1243 2489; x_wconf 90' lang='lat' dir='ltr'><strong>sed</strong></span> <span class='ocrx_word' id='word_1_255' title='bbox 1268 2450 1487 2490; x_wconf 91' lang='lat' dir='ltr'><strong>omnem</strong></span> <span class='ocrx_word' id='word_1_256' title='bbox 1539 2445 1820 2507; x_wconf 87' lang='lat' dir='ltr'><strong>paternam</strong></span> <span class='ocrx_word' id='word_1_257' title='bbox 1868 2435 2233 2490; x_wconf 87' lang='lat' dir='ltr'><strong>substantiam</strong></span> 
     </span>
    </p>
   </div>
   <div class='ocr_carea' id='block_1_43' title="bbox 666 2510 2234 2596">
    <p class='ocr_par' dir='ltr' id='par_1_43' title="bbox 666 2510 2234 2596">
     <span class='ocr_line' id='line_1_43' title="bbox 666 2510 2234 2596; baseline 0.003 -18"><span class='ocrx_word' id='word_1_258' title='bbox 666 2510 998 2579; x_wconf 79' lang='lat' dir='ltr'><strong>devorarunt</strong></span> <span class='ocrx_word' id='word_1_259' title='bbox 1028 2526 1260 2580; x_wconf 89' lang='lat' dir='ltr'><strong>:horum</strong></span> <span class='ocrx_word' id='word_1_260' title='bbox 1290 2526 1453 2588; x_wconf 85' lang='lat' dir='ltr'><strong>Deus,</strong></span> <span class='ocrx_word' id='word_1_261' title='bbox 1486 2527 1563 2582; x_wconf 89' lang='lat' dir='ltr'><strong>uti</strong></span> <span class='ocrx_word' id='word_1_262' title='bbox 1609 2544 1708 2596; x_wconf 90' lang='lat' dir='ltr'><strong>par</strong></span> <span class='ocrx_word' id='word_1_263' title='bbox 1724 2536 1826 2591; x_wconf 83' lang='lat' dir='ltr'><strong>est,</strong></span> <span class='ocrx_word' id='word_1_264' title='bbox 1858 2527 2061 2582; x_wconf 90' lang='lat' dir='ltr'><strong>oblitus</strong></span> <span class='ocrx_word' id='word_1_265' title='bbox 2112 2542 2234 2582; x_wconf 90' lang='lat' dir='ltr'><strong>esse</strong></span> 
     </span>
    </p>
   </div>
   <div class='ocr_carea' id='block_1_44' title="bbox 666 2615 2233 2689">
    <p class='ocr_par' dir='ltr' id='par_1_44' title="bbox 666 2615 2233 2689">
     <span class='ocr_line' id='line_1_44' title="bbox 666 2615 2233 2689; baseline 0.002 -21"><span class='ocrx_word' id='word_1_266' title='bbox 666 2624 904 2684; x_wconf 83' lang='lat' dir='ltr'><strong>putatur,</strong></span> <span class='ocrx_word' id='word_1_267' title='bbox 944 2615 1072 2669; x_wconf 88' lang='lat' dir='ltr'><strong>dum</strong></span> <span class='ocrx_word' id='word_1_268' title='bbox 1097 2615 1509 2688; x_wconf 75' lang='lat' dir='ltr'><strong>longanimitate</strong></span> <span class='ocrx_word' id='word_1_269' title='bbox 1560 2619 1750 2681; x_wconf 86' lang='lat' dir='ltr'><strong>utitur,</strong></span> <span class='ocrx_word' id='word_1_270' title='bbox 1800 2624 1856 2674; x_wconf 88' lang='lat' dir='ltr'><strong>et</strong></span> <span class='ocrx_word' id='word_1_271' title='bbox 1906 2617 2233 2689; x_wconf 87' lang='lat' dir='ltr'><strong>supplicium</strong></span> 
     </span>
    </p>
   </div>
   <div class='ocr_carea' id='block_1_45' title="bbox 667 2705 1144 2775">
    <p class='ocr_par' dir='ltr' id='par_1_45' title="bbox 667 2705 1144 2775">
     <span class='ocr_line' id='line_1_45' title="bbox 667 2705 1144 2775; baseline 0.004 -18"><span class='ocrx_word' id='word_1_272' title='bbox 667 2706 905 2775; x_wconf 86' lang='lat' dir='ltr'><strong>ipsorum</strong></span> <span class='ocrx_word' id='word_1_273' title='bbox 936 2705 1144 2760; x_wconf 79' lang='lat' dir='ltr'><strong>diﬂ‘ert.</strong></span> 
     </span>
    </p>
   </div>
   <div class='ocr_carea' id='block_1_46' title="bbox 1161 2796 1746 2854">
    <p class='ocr_par' dir='ltr' id='par_1_46' title="bbox 1161 2796 1746 2854">
     <span class='ocr_line' id='line_1_46' title="bbox 1161 2796 1746 2854; baseline -0.002 -1"><span class='ocrx_word' id='word_1_274' title='bbox 1161 2797 1476 2854; x_wconf 79' lang='lat' dir='ltr'><strong>PSALMUS</strong></span> <span class='ocrx_word' id='word_1_275' title='bbox 1512 2796 1746 2853; x_wconf 84' lang='lat' dir='ltr'><strong>LXXIV.</strong></span> 
     </span>
    </p>
   </div>
   <div class='ocr_carea' id='block_1_47' title="bbox 746 2890 1845 2956">
    <p class='ocr_par' dir='ltr' id='par_1_47' title="bbox 746 2890 1845 2956">
     <span class='ocr_line' id='line_1_47' title="bbox 746 2890 1845 2956; baseline -0.002 -12"><span class='ocrx_word' id='word_1_276' title='bbox 746 2890 900 2946; x_wconf 88' lang='lat' dir='ltr'><strong>Vens.</strong></span> <span class='ocrx_word' id='word_1_277' title='bbox 934 2892 988 2945; x_wconf 78' lang='lat'><strong>2.</strong></span> <span class='ocrx_word' id='word_1_278' title='bbox 1014 2910 1032 2943; x_wconf 72' lang='grc' dir='ltr'><strong>ι</strong></span> <span class='ocrx_word' id='word_1_279' title='bbox 1059 2890 1450 2946; x_wconf 77' lang='lat' dir='ltr'><strong>Conﬁtebimur</strong></span> <span class='ocrx_word' id='word_1_280' title='bbox 1484 2892 1601 2956; x_wconf 85' lang='lat' dir='ltr'><strong>tibi,</strong></span> <span class='ocrx_word' id='word_1_281' title='bbox 1637 2891 1799 2946; x_wconf 88' lang='lat' dir='ltr'><strong>Deus.</strong></span> <span class='ocrx_word' id='word_1_282' title='bbox 1827 2909 1845 2942; x_wconf 77' lang='grc' dir='ltr'><strong>ι</strong></span> 
     </span>
    </p>
   </div>
   <div class='ocr_carea' id='block_1_48' title="bbox 744 2982 2234 3053">
    <p class='ocr_par' dir='ltr' id='par_1_48' title="bbox 744 2982 2234 3053">
     <span class='ocr_line' id='line_1_48' title="bbox 744 2982 2234 3053; baseline 0.001 -18"><span class='ocrx_word' id='word_1_283' title='bbox 744 2982 977 3036; x_wconf 77' lang='lat' dir='ltr'><strong>Advorte</strong></span> <span class='ocrx_word' id='word_1_284' title='bbox 994 2983 1160 3048; x_wconf 87' lang='lat' dir='ltr'><strong>clare,</strong></span> <span class='ocrx_word' id='word_1_285' title='bbox 1174 2983 1319 3052; x_wconf 88' lang='lat' dir='ltr'><strong>quod</strong></span> <span class='ocrx_word' id='word_1_286' title='bbox 1342 2982 1615 3037; x_wconf 80' lang='lat' dir='ltr'><strong>confessio</strong></span> <span class='ocrx_word' id='word_1_287' title='bbox 1631 2982 1852 3052; x_wconf 91' lang='lat' dir='ltr'><strong>quidem</strong></span> <span class='ocrx_word' id='word_1_288' title='bbox 1874 2982 2234 3053; x_wconf 88' lang='lat' dir='ltr'><strong>plurimorum</strong></span> 
     </span>
    </p>
   </div>
   <div class='ocr_carea' id='block_1_49' title="bbox 2333 1887 3935 1960">
    <p class='ocr_par' dir='ltr' id='par_1_49' title="bbox 2333 1887 3935 1960">
     <span class='ocr_line' id='line_1_49' title="bbox 2333 1887 3935 1960; baseline -0.002 -17"><span class='ocrx_word' id='word_1_289' title='bbox 2333 1888 2420 1959; x_wconf 82' lang='grc' dir='ltr'><strong>τῷ</strong></span> <span class='ocrx_word' id='word_1_290' title='bbox 2469 1889 2619 1960; x_wconf 84' lang='grc' dir='ltr'>θέρει</span> <span class='ocrx_word' id='word_1_291' title='bbox 2652 1888 2709 1941; x_wconf 84' lang='grc' dir='ltr'>δὲ</span> <span class='ocrx_word' id='word_1_292' title='bbox 2748 1887 2810 1941; x_wconf 80' lang='grc' dir='ltr'>τὸ</span> <span class='ocrx_word' id='word_1_293' title='bbox 2847 1887 2946 1958; x_wconf 80' lang='grc' dir='ltr'><strong>έαρ</strong></span> <span class='ocrx_word' id='word_1_294' title='bbox 2972 1887 3390 1953; x_wconf 81' lang='grc' dir='ltr'><strong>ὑπεξίστασθαι,</strong></span> <span class='ocrx_word' id='word_1_295' title='bbox 3412 1891 3561 1960; x_wconf 83' lang='grc' dir='ltr'>ὅροις</span> <span class='ocrx_word' id='word_1_296' title='bbox 3604 1888 3935 1958; x_wconf 70' lang='grc' dir='ltr'>μετρεῖσθαι</span> 
     </span>
    </p>
   </div>
   <div class='ocr_carea' id='block_1_50' title="bbox 2331 1980 3936 2055">
    <p class='ocr_par' dir='ltr' id='par_1_50' title="bbox 2331 1980 3936 2055">
     <span class='ocr_line' id='line_1_50' title="bbox 2331 1980 3936 2055; baseline -0.001 -21"><span class='ocrx_word' id='word_1_297' title='bbox 2331 1983 2434 2055; x_wconf 81' lang='grc' dir='ltr'>τὴν</span> <span class='ocrx_word' id='word_1_298' title='bbox 2479 1985 2606 2051; x_wconf 80' lang='grc' dir='ltr'>γῆν,</span> <span class='ocrx_word' id='word_1_299' title='bbox 2652 1980 2903 2049; x_wconf 76' lang='grc' dir='ltr'>καίτοιγε</span> <span class='ocrx_word' id='word_1_300' title='bbox 2942 1980 3030 2032; x_wconf 83' lang='grc' dir='ltr'><strong>διὰ</strong></span> <span class='ocrx_word' id='word_1_301' title='bbox 3079 1980 3141 2032; x_wconf 87' lang='grc' dir='ltr'>τὸ</span> <span class='ocrx_word' id='word_1_302' title='bbox 3184 1980 3416 2051; x_wconf 84' lang='grc' dir='ltr'>μέγεθος</span> <span class='ocrx_word' id='word_1_303' title='bbox 3469 1980 3749 2034; x_wconf 84' lang='grc' dir='ltr'>δοκοῦσαν</span> <span class='ocrx_word' id='word_1_304' title='bbox 3806 1981 3936 2048; x_wconf 79' lang='grc' dir='ltr'>ἁμέ·</span> 
     </span>
    </p>
   </div>
   <div class='ocr_carea' id='block_1_51' title="bbox 2331 2066 3937 2143">
    <p class='ocr_par' dir='ltr' id='par_1_51' title="bbox 2331 2066 3937 2143">
     <span class='ocr_line' id='line_1_51' title="bbox 2331 2066 3937 2143; baseline 0 -18"><span class='ocrx_word' id='word_1_305' title='bbox 2331 2066 2661 2143; x_wconf 67' lang='grc' dir='ltr'>τρητονῖον</span> <span class='ocrx_word' id='word_1_306' title='bbox 2685 2071 2919 2124; x_wconf 74' lang='grc' dir='ltr'>ἕκαστον</span> <span class='ocrx_word' id='word_1_307' title='bbox 2949 2072 3295 2141; x_wconf 83' lang='grc' dir='ltr'>Δημιουργὸν</span> <span class='ocrx_word' id='word_1_308' title='bbox 3319 2071 3413 2125; x_wconf 79' lang='grc' dir='ltr'><strong>τὸν</strong></span> <span class='ocrx_word' id='word_1_309' title='bbox 3433 2071 3590 2137; x_wconf 77' lang='grc' dir='ltr'>Θεὸν,</span> <span class='ocrx_word' id='word_1_310' title='bbox 3620 2071 3937 2141; x_wconf 68' lang='grc' dir='ltr'>ἐπιστημόο</span> 
     </span>
    </p>
   </div>
   <div class='ocr_carea' id='block_1_52' title="bbox 2334 2158 3389 2227">
    <p class='ocr_par' dir='ltr' id='par_1_52' title="bbox 2334 2158 3389 2227">
     <span class='ocr_line' id='line_1_52' title="bbox 2334 2158 3389 2227; baseline -0.003 -13"><span class='ocrx_word' id='word_1_311' title='bbox 2334 2179 2439 2224; x_wconf 83' lang='grc' dir='ltr'>νιος</span> <span class='ocrx_word' id='word_1_312' title='bbox 2470 2160 2609 2214; x_wconf 81' lang='grc' dir='ltr'>αὐτὰ</span> <span class='ocrx_word' id='word_1_313' title='bbox 2648 2159 3066 2227; x_wconf 81' lang='grc' dir='ltr'>διαταξάμενον,</span> <span class='ocrx_word' id='word_1_314' title='bbox 3098 2158 3389 2213; x_wconf 82' lang='grc' dir='ltr'>δείκνυσιν.</span> 
     </span>
    </p>
   </div>
   <div class='ocr_carea' id='block_1_53' title="bbox 2411 2248 3291 2321">
    <p class='ocr_par' dir='ltr' id='par_1_53' title="bbox 2411 2248 3291 2321">
     <span class='ocr_line' id='line_1_53' title="bbox 2411 2248 3291 2321; baseline -0.005 -17"><span class='ocrx_word' id='word_1_315' title='bbox 2411 2271 2429 2304; x_wconf 77' lang='grc' dir='ltr'><strong>ι</strong></span> <span class='ocrx_word' id='word_1_316' title='bbox 2456 2252 2548 2320; x_wconf 82' lang='grc' dir='ltr'><strong>Μὴ</strong></span> <span class='ocrx_word' id='word_1_317' title='bbox 2571 2248 2838 2321; x_wconf 83' lang='grc' dir='ltr'>παραδῷς</span> <span class='ocrx_word' id='word_1_318' title='bbox 2866 2253 2977 2313; x_wconf 89' lang='grc' dir='ltr'>τοῖς</span> <span class='ocrx_word' id='word_1_319' title='bbox 3004 2250 3235 2320; x_wconf 81' lang='grc' dir='ltr'>θηρίοις,</span> <span class='ocrx_word' id='word_1_320' title='bbox 3274 2268 3291 2300; x_wconf 75' lang='lat' dir='ltr'><strong>r</strong></span> 
     </span>
    </p>
   </div>
   <div class='ocr_carea' id='block_1_54' title="bbox 2406 2341 3944 2413">
    <p class='ocr_par' dir='ltr' id='par_1_54' title="bbox 2406 2341 3944 2413">
     <span class='ocr_line' id='line_1_54' title="bbox 2406 2341 3944 2413; baseline -0.002 -17"><span class='ocrx_word' id='word_1_321' title='bbox 2406 2345 2652 2412; x_wconf 82' lang='grc' dir='ltr'>Πένητας</span> <span class='ocrx_word' id='word_1_322' title='bbox 2714 2343 2842 2404; x_wconf 79' lang='grc' dir='ltr'>τοὺς</span> <span class='ocrx_word' id='word_1_323' title='bbox 2900 2342 3260 2413; x_wconf 76' lang='grc' dir='ltr'>ἁμαρτωλοὺς</span> <span class='ocrx_word' id='word_1_324' title='bbox 3309 2341 3487 2402; x_wconf 81' lang='grc' dir='ltr'>καλεῖ,</span> <span class='ocrx_word' id='word_1_325' title='bbox 3542 2342 3674 2403; x_wconf 80' lang='grc' dir='ltr'>τοὺς</span> <span class='ocrx_word' id='word_1_326' title='bbox 3729 2342 3944 2411; x_wconf 70' lang='grc' dir='ltr'>μηδένα</span> 
     </span>
    </p>
   </div>
   <div class='ocr_carea' id='block_1_55' title="bbox 2335 2431 3944 2502">
    <p class='ocr_par' dir='ltr' id='par_1_55' title="bbox 2335 2431 3944 2502">
     <span class='ocr_line' id='line_1_55' title="bbox 2335 2431 3944 2502; baseline -0.002 -16"><span class='ocrx_word' id='word_1_327' title='bbox 2335 2433 2562 2487; x_wconf 88' lang='grc' dir='ltr'>πλοῦτον</span> <span class='ocrx_word' id='word_1_328' title='bbox 2581 2432 2930 2502; x_wconf 82' lang='grc' dir='ltr'>δικαιοσύνης</span> <span class='ocrx_word' id='word_1_329' title='bbox 2957 2432 3203 2502; x_wconf 74' lang='grc' dir='ltr'>ἔχοντας,</span> <span class='ocrx_word' id='word_1_330' title='bbox 3238 2433 3418 2486; x_wconf 75' lang='grc' dir='ltr'>πᾶσαν</span> <span class='ocrx_word' id='word_1_331' title='bbox 3452 2431 3511 2485; x_wconf 70' lang='grc' dir='ltr'>δὲ</span> <span class='ocrx_word' id='word_1_332' title='bbox 3536 2432 3639 2501; x_wconf 79' lang='grc' dir='ltr'>τὴν</span> <span class='ocrx_word' id='word_1_333' title='bbox 3668 2432 3944 2502; x_wconf 76' lang='grc' dir='ltr'>πατρῴαν</span> 
     </span>
    </p>
   </div>
   <div class='ocr_carea' id='block_1_56' title="bbox 2335 2524 3945 2595">
    <p class='ocr_par' dir='ltr' id='par_1_56' title="bbox 2335 2524 3945 2595">
     <span class='ocr_line' id='line_1_56' title="bbox 2335 2524 3945 2595; baseline -0.001 -16"><span class='ocrx_word' id='word_1_334' title='bbox 2335 2525 2753 2594; x_wconf 69' lang='grc' dir='ltr'>καταφαγόντας</span> <span class='ocrx_word' id='word_1_335' title='bbox 2820 2524 3093 2595; x_wconf 81' lang='grc' dir='ltr'>ὓπαρξιν·</span> <span class='ocrx_word' id='word_1_336' title='bbox 3157 2524 3363 2577; x_wconf 83' lang='grc' dir='ltr'>τούτων</span> <span class='ocrx_word' id='word_1_337' title='bbox 3425 2528 3453 2576; x_wconf 85' lang='grc' dir='ltr'><strong>ὀ</strong></span> <span class='ocrx_word' id='word_1_338' title='bbox 3509 2524 3643 2588; x_wconf 72' lang='grc' dir='ltr'>Θεὸς</span> <span class='ocrx_word' id='word_1_339' title='bbox 3710 2526 3945 2588; x_wconf 80' lang='grc' dir='ltr'>εἰκότως</span> 
     </span>
    </p>
   </div>
   <div class='ocr_carea' id='block_1_57' title="bbox 2335 2606 3941 2684">
    <p class='ocr_par' dir='ltr' id='par_1_57' title="bbox 2335 2606 3941 2684">
     <span class='ocr_line' id='line_1_57' title="bbox 2335 2606 3941 2684; baseline -0.002 -15"><span class='ocrx_word' id='word_1_340' title='bbox 2335 2615 2691 2684; x_wconf 70' lang='grc' dir='ltr'>ἐπιλελῆσθαι</span> <span class='ocrx_word' id='word_1_341' title='bbox 2744 2615 3025 2683; x_wconf 71' lang='grc' dir='ltr'>νομίζεται</span> <span class='ocrx_word' id='word_1_342' title='bbox 3091 2612 3485 2683; x_wconf 81' lang='grc' dir='ltr'>μακροθυμῶν,</span> <span class='ocrx_word' id='word_1_343' title='bbox 3528 2616 3625 2667; x_wconf 64' lang='grc' dir='ltr'>καὶ</span> <span class='ocrx_word' id='word_1_344' title='bbox 3687 2615 3785 2684; x_wconf 80' lang='grc' dir='ltr'>τὴν</span> <span class='ocrx_word' id='word_1_345' title='bbox 3845 2606 3941 2666; x_wconf 72' lang='grc' dir='ltr'><strong>ἐπ’</strong></span> 
     </span>
    </p>
   </div>
   <div class='ocr_carea' id='block_1_58' title="bbox 2336 2698 3202 2776">
    <p class='ocr_par' dir='ltr' id='par_1_58' title="bbox 2336 2698 3202 2776">
     <span class='ocr_line' id='line_1_58' title="bbox 2336 2698 3202 2776; baseline -0.009 -14"><span class='ocrx_word' id='word_1_346' title='bbox 2336 2709 2519 2769; x_wconf 83' lang='grc' dir='ltr'>αὐτοῖς</span> <span class='ocrx_word' id='word_1_347' title='bbox 2554 2706 2709 2776; x_wconf 87' lang='grc' dir='ltr'>δίκην</span> <span class='ocrx_word' id='word_1_348' title='bbox 2742 2698 3001 2776; x_wconf 67' lang='grc' dir='ltr'>ὑπεράθέ</span> <span class='ocrx_word' id='word_1_349' title='bbox 3015 2722 3202 2771; x_wconf 81' lang='grc' dir='ltr'>μενος.</span> 
     </span>
    </p>
   </div>
   <div class='ocr_carea' id='block_1_59' title="bbox 2906 2796 3345 2850">
    <p class='ocr_par' dir='ltr' id='par_1_59' title="bbox 2906 2796 3345 2850">
     <span class='ocr_line' id='line_1_59' title="bbox 2906 2796 3345 2850; baseline -0.007 0"><span class='ocrx_word' id='word_1_350' title='bbox 2906 2796 3204 2850; x_wconf 80' lang='grc' dir='ltr'><strong>ΨΔΛΜΟΣ</strong></span> <span class='ocrx_word' id='word_1_351' title='bbox 3234 2796 3345 2847; x_wconf 60' lang='grc' dir='ltr'><strong>ΟΔτ.</strong></span> 
     </span>
    </p>
   </div>
   <div class='ocr_carea' id='block_1_60' title="bbox 2413 2887 3431 2961">
    <p class='ocr_par' dir='ltr' id='par_1_60' title="bbox 2413 2887 3431 2961">
     <span class='ocr_line' id='line_1_60' title="bbox 2413 2887 3431 2961; baseline -0.001 -21"><span class='ocrx_word' id='word_1_352' title='bbox 2413 2906 2433 2939; x_wconf 76' lang='grc' dir='ltr'><strong>ε</strong></span> <span class='ocrx_word' id='word_1_353' title='bbox 2462 2887 3011 2961; x_wconf 79' lang='grc' dir='ltr'>Ἐξομολογησόμεθα</span> <span class='ocrx_word' id='word_1_354' title='bbox 3032 2906 3134 2950; x_wconf 75' lang='grc' dir='ltr'>σοι,</span> <span class='ocrx_word' id='word_1_355' title='bbox 3164 2889 3193 2940; x_wconf 81' lang='grc' dir='ltr'><strong>ὁ</strong></span> <span class='ocrx_word' id='word_1_356' title='bbox 3223 2888 3377 2952; x_wconf 80' lang='grc' dir='ltr'>Θεός.</span> <span class='ocrx_word' id='word_1_357' title='bbox 3413 2907 3431 2939; x_wconf 67' lang='grc' dir='ltr'><strong>ι</strong></span> 
     </span>
    </p>
   </div>
   <div class='ocr_carea' id='block_1_61' title="bbox 2411 2986 3946 3057">
    <p class='ocr_par' dir='ltr' id='par_1_61' title="bbox 2411 2986 3946 3057">
     <span class='ocr_line' id='line_1_61' title="bbox 2411 2986 3946 3057; baseline 0.001 -19"><span class='ocrx_word' id='word_1_358' title='bbox 2411 2987 2655 3057; x_wconf 82' lang='grc' dir='ltr'>Πρόσχες</span> <span class='ocrx_word' id='word_1_359' title='bbox 2682 2988 2888 3055; x_wconf 81' lang='grc' dir='ltr'>σαφῶς,</span> <span class='ocrx_word' id='word_1_360' title='bbox 2911 2989 2993 3040; x_wconf 87' lang='grc' dir='ltr'>ὅτι</span> <span class='ocrx_word' id='word_1_361' title='bbox 3016 2989 3077 3040; x_wconf 78' lang='grc' dir='ltr'>τὸ</span> <span class='ocrx_word' id='word_1_362' title='bbox 3104 2988 3203 3056; x_wconf 81' lang='grc' dir='ltr'>μὲν</span> <span class='ocrx_word' id='word_1_363' title='bbox 3231 2986 3686 3056; x_wconf 74' lang='grc' dir='ltr'>ἐξομολογεῖσθαι</span> <span class='ocrx_word' id='word_1_364' title='bbox 3707 2987 3946 3050; x_wconf 81' lang='grc' dir='ltr'>πολλῶν,</span> 
     </span>
    </p>
   </div>
   <div class='ocr_carea' id='block_1_62' title="bbox 670 3073 2237 3156">
    <p class='ocr_par' dir='ltr' id='par_1_62' title="bbox 670 3073 2234 3137">
     <span class='ocr_line' id='line_1_62' title="bbox 670 3073 2234 3137; baseline 0 -10"><span class='ocrx_word' id='word_1_365' title='bbox 670 3074 760 3136; x_wconf 86' lang='lat' dir='ltr'><strong>sit,</strong></span> <span class='ocrx_word' id='word_1_366' title='bbox 792 3075 1065 3127; x_wconf 85' lang='lat' dir='ltr'><strong>enarratio</strong></span> <span class='ocrx_word' id='word_1_367' title='bbox 1088 3089 1216 3128; x_wconf 93' lang='lat' dir='ltr'><strong>vero</strong></span> <span class='ocrx_word' id='word_1_368' title='bbox 1245 3074 1573 3128; x_wconf 79' lang='lat' dir='ltr'><strong>mirabilium</strong></span> <span class='ocrx_word' id='word_1_369' title='bbox 1607 3073 1723 3137; x_wconf 89' lang='lat' dir='ltr'><strong>Dei,</strong></span> <span class='ocrx_word' id='word_1_370' title='bbox 1763 3076 1927 3128; x_wconf 91' lang='lat' dir='ltr'><strong>unius</strong></span> <span class='ocrx_word' id='word_1_371' title='bbox 1990 3074 2150 3129; x_wconf 79' lang='lat' dir='ltr'><strong>fuerit</strong></span> <span class='ocrx_word' id='word_1_372' title='bbox 2204 3090 2234 3127; x_wconf 90' lang='lat' dir='ltr'><strong>e</strong></span> 
     </span>
    </p>
   </div>
   <div class='ocr_carea' id='block_1_63' title="bbox 2342 3073 3949 3156">
    <p class='ocr_par' dir='ltr' id='par_1_63' title="bbox 2342 3076 3949 3148">
     <span class='ocr_line' id='line_1_63' title="bbox 2342 3076 3949 3148; baseline 0.001 -19"><span class='ocrx_word' id='word_1_373' title='bbox 2342 3076 2471 3129; x_wconf 78' lang='grc' dir='ltr'>τὸδὲ</span> <span class='ocrx_word' id='word_1_374' title='bbox 2497 3078 2805 3147; x_wconf 86' lang='grc' dir='ltr'>διηγεῖσθαι</span> <span class='ocrx_word' id='word_1_375' title='bbox 2836 3079 2931 3132; x_wconf 85' lang='grc' dir='ltr'><strong>σοῦ</strong></span> <span class='ocrx_word' id='word_1_376' title='bbox 2962 3080 3056 3130; x_wconf 88' lang='grc' dir='ltr'><strong>τοῦ</strong></span> <span class='ocrx_word' id='word_1_377' title='bbox 3091 3078 3229 3132; x_wconf 90' lang='grc' dir='ltr'>Θεοῦ</span> <span class='ocrx_word' id='word_1_378' title='bbox 3277 3083 3344 3132; x_wconf 70' lang='grc' dir='ltr'><strong>τὰ</strong></span> <span class='ocrx_word' id='word_1_379' title='bbox 3377 3079 3687 3148; x_wconf 83' lang='grc' dir='ltr'>θαυμάσια.</span> <span class='ocrx_word' id='word_1_380' title='bbox 3722 3081 3848 3144; x_wconf 75' lang='grc' dir='ltr'>ἑνὸς</span> <span class='ocrx_word' id='word_1_381' title='bbox 3888 3084 3949 3131; x_wconf 75' lang='grc' dir='ltr'>ἐκ</span> 
     </span>
    </p>
   </div>
   <div class='ocr_carea' id='block_1_64' title="bbox 674 3163 2233 3232">
    <p class='ocr_par' dir='ltr' id='par_1_64' title="bbox 674 3163 2233 3232">
     <span class='ocr_line' id='line_1_64' title="bbox 674 3163 2233 3232; baseline 0.002 -18"><span class='ocrx_word' id='word_1_382' title='bbox 674 3164 872 3226; x_wconf 80' lang='lat' dir='ltr'><strong>multis,</strong></span> <span class='ocrx_word' id='word_1_383' title='bbox 900 3163 1207 3218; x_wconf 80' lang='lat' dir='ltr'><strong>confitentis</strong></span> <span class='ocrx_word' id='word_1_384' title='bbox 1231 3172 1393 3232; x_wconf 92' lang='lat' dir='ltr'><strong>atque</strong></span> <span class='ocrx_word' id='word_1_385' title='bbox 1425 3164 1764 3227; x_wconf 89' lang='lat' dir='ltr'><strong>invocantis;</strong></span> <span class='ocrx_word' id='word_1_386' title='bbox 1822 3178 1993 3232; x_wconf 85' lang='lat' dir='ltr'><strong>quare</strong></span> <span class='ocrx_word' id='word_1_387' title='bbox 2050 3163 2233 3232; x_wconf 89' lang='lat' dir='ltr'><strong>priora</strong></span> 
     </span>
    </p>
   </div>
   <div class='ocr_carea' id='block_1_65' title="bbox 672 3252 2237 3324">
    <p class='ocr_par' dir='ltr' id='par_1_65' title="bbox 672 3252 2237 3324">
     <span class='ocr_line' id='line_1_65' title="bbox 672 3252 2237 3324; baseline 0.001 -21"><span class='ocrx_word' id='word_1_388' title='bbox 672 3254 886 3321; x_wconf 79' lang='lat' dir='ltr'><strong>quidem</strong></span> <span class='ocrx_word' id='word_1_389' title='bbox 918 3254 971 3306; x_wconf 89' lang='lat' dir='ltr'><strong>in</strong></span> <span class='ocrx_word' id='word_1_390' title='bbox 1005 3269 1231 3323; x_wconf 89' lang='lat' dir='ltr'><strong>persona</strong></span> <span class='ocrx_word' id='word_1_391' title='bbox 1259 3255 1450 3324; x_wconf 88' lang='lat' dir='ltr'><strong>plurali</strong></span> <span class='ocrx_word' id='word_1_392' title='bbox 1482 3254 1687 3322; x_wconf 85' lang='lat' dir='ltr'><strong>posuit.</strong></span> <span class='ocrx_word' id='word_1_393' title='bbox 1721 3252 2109 3308; x_wconf 86' lang='lat' dir='ltr'><strong>Verumtamen</strong></span> <span class='ocrx_word' id='word_1_394' title='bbox 2135 3256 2237 3309; x_wconf 85' lang='lat' dir='ltr'><strong>dn—</strong></span> 
     </span>
    </p>
   </div>
   <div class='ocr_carea' id='block_1_66' title="bbox 673 3328 2237 3417">
    <p class='ocr_par' dir='ltr' id='par_1_66' title="bbox 673 3328 2237 3417">
     <span class='ocr_line' id='line_1_66' title="bbox 673 3328 2237 3417; baseline 0.001 -17"><span class='ocrx_word' id='word_1_395' title='bbox 673 3349 866 3416; x_wconf 76' lang='lat' dir='ltr'><strong>plicem</strong></span> <span class='ocrx_word' id='word_1_396' title='bbox 921 3328 1085 3403; x_wconf 67' lang='lat' dir='ltr'><strong>etiam</strong></span> <span class='ocrx_word' id='word_1_397' title='bbox 1146 3348 1545 3403; x_wconf 80' lang='lat' dir='ltr'><strong>confessionem</strong></span> <span class='ocrx_word' id='word_1_398' title='bbox 1606 3348 1719 3401; x_wconf 89' lang='lat' dir='ltr'><strong>Deo</strong></span> <span class='ocrx_word' id='word_1_399' title='bbox 1760 3347 2017 3408; x_wconf 87' lang='lat' dir='ltr'><strong>oblaturi,</strong></span> <span class='ocrx_word' id='word_1_400' title='bbox 2060 3349 2237 3417; x_wconf 88' lang='lat' dir='ltr'><strong>ipsum</strong></span> 
     </span>
    </p>
   </div>
   <div class='ocr_carea' id='block_1_67' title="bbox 675 3438 2239 3508">
    <p class='ocr_par' dir='ltr' id='par_1_67' title="bbox 675 3438 2239 3508">
     <span class='ocr_line' id='line_1_67' title="bbox 675 3438 2239 3508; baseline 0.002 -16"><span class='ocrx_word' id='word_1_401' title='bbox 675 3443 927 3494; x_wconf 85' lang='lat' dir='ltr'><strong>invocare</strong></span> <span class='ocrx_word' id='word_1_402' title='bbox 962 3440 1252 3503; x_wconf 85' lang='lat' dir='ltr'><strong>debemus;</strong></span> <span class='ocrx_word' id='word_1_403' title='bbox 1284 3456 1444 3494; x_wconf 92' lang='lat' dir='ltr'><strong>unam</strong></span> <span class='ocrx_word' id='word_1_404' title='bbox 1498 3439 1716 3508; x_wconf 88' lang='lat' dir='ltr'><strong>quidem</strong></span> <span class='ocrx_word' id='word_1_405' title='bbox 1766 3438 1967 3501; x_wconf 85' lang='lat' dir='ltr'><strong>verbis,</strong></span> <span class='ocrx_word' id='word_1_406' title='bbox 2015 3441 2239 3495; x_wconf 89' lang='lat' dir='ltr'><strong>alteram</strong></span> 
     </span>
    </p>
   </div>
   <div class='ocr_carea' id='block_1_68' title="bbox 675 3531 2241 3603">
    <p class='ocr_par' dir='ltr' id='par_1_68' title="bbox 675 3531 2241 3603">
     <span class='ocr_line' id='line_1_68' title="bbox 675 3531 2241 3603; baseline 0.001 -17"><span class='ocrx_word' id='word_1_407' title='bbox 675 3549 805 3587; x_wconf 90' lang='lat' dir='ltr'><strong>vero</strong></span> <span class='ocrx_word' id='word_1_408' title='bbox 832 3534 1091 3603; x_wconf 87' lang='lat' dir='ltr'><strong>operibus</strong></span> <span class='ocrx_word' id='word_1_409' title='bbox 1115 3534 1441 3587; x_wconf 77' lang='lat' dir='ltr'><strong>exhibentes</strong></span> <span class='ocrx_word' id='word_1_410' title='bbox 1464 3551 1479 3586; x_wconf 89' lang='lat'><strong>:</strong></span> <span class='ocrx_word' id='word_1_411' title='bbox 1502 3533 1682 3587; x_wconf 79' lang='lat' dir='ltr'><strong>verbis</strong></span> <span class='ocrx_word' id='word_1_412' title='bbox 1705 3531 1922 3600; x_wconf 89' lang='lat' dir='ltr'><strong>quidem</strong></span> <span class='ocrx_word' id='word_1_413' title='bbox 1955 3533 2007 3586; x_wconf 91' lang='lat' dir='ltr'><strong>in</strong></span> <span class='ocrx_word' id='word_1_414' title='bbox 2034 3534 2241 3587; x_wconf 85' lang='lat' dir='ltr'><strong>oratio-</strong></span> 
     </span>
    </p>
   </div>
   <div class='ocr_carea' id='block_1_69' title="bbox 677 3626 2241 3697">
    <p class='ocr_par' dir='ltr' id='par_1_69' title="bbox 677 3626 2241 3697">
     <span class='ocr_line' id='line_1_69' title="bbox 677 3626 2241 3697; baseline 0.002 -17"><span class='ocrx_word' id='word_1_415' title='bbox 677 3642 767 3687; x_wconf 88' lang='lat' dir='ltr'><strong>ne,</strong></span> <span class='ocrx_word' id='word_1_416' title='bbox 821 3628 1081 3697; x_wconf 83' lang='lat' dir='ltr'><strong>operibus</strong></span> <span class='ocrx_word' id='word_1_417' title='bbox 1134 3642 1265 3681; x_wconf 84' lang='lat' dir='ltr'><strong>vero</strong></span> <span class='ocrx_word' id='word_1_418' title='bbox 1303 3626 1462 3680; x_wconf 89' lang='lat' dir='ltr'><strong>abiis</strong></span> <span class='ocrx_word' id='word_1_419' title='bbox 1502 3626 1845 3686; x_wconf 87' lang='lat' dir='ltr'><strong>recedentes.</strong></span> <span class='ocrx_word' id='word_1_420' title='bbox 1887 3642 1987 3695; x_wconf 91' lang='lat' dir='ltr'><strong>pro</strong></span> <span class='ocrx_word' id='word_1_421' title='bbox 2045 3627 2241 3696; x_wconf 87' lang='lat' dir='ltr'><strong>quibus</strong></span> 
     </span>
    </p>
   </div>
   <div class='ocr_carea' id='block_1_70' title="bbox 676 3715 2242 3785">
    <p class='ocr_par' dir='ltr' id='par_1_70' title="bbox 676 3715 2242 3785">
     <span class='ocr_line' id='line_1_70' title="bbox 676 3715 2242 3785; baseline 0 -12"><span class='ocrx_word' id='word_1_422' title='bbox 676 3717 918 3773; x_wconf 80' lang='lat' dir='ltr'><strong>conﬁteri</strong></span> <span class='ocrx_word' id='word_1_423' title='bbox 948 3732 1012 3772; x_wconf 90' lang='lat' dir='ltr'><strong>ac</strong></span> <span class='ocrx_word' id='word_1_424' title='bbox 1038 3717 1307 3785; x_wconf 74' lang='lat' dir='ltr'><strong>poenitere</strong></span> <span class='ocrx_word' id='word_1_425' title='bbox 1335 3732 1435 3770; x_wconf 93' lang='lat' dir='ltr'><strong>nos</strong></span> <span class='ocrx_word' id='word_1_426' title='bbox 1463 3715 1717 3770; x_wconf 91' lang='lat' dir='ltr'><strong>dicimus.</strong></span> <span class='ocrx_word' id='word_1_427' title='bbox 1773 3715 1864 3771; x_wconf 91' lang='lat' dir='ltr'><strong>Sic</strong></span> <span class='ocrx_word' id='word_1_428' title='bbox 1897 3718 2044 3771; x_wconf 88' lang='lat' dir='ltr'><strong>enim</strong></span> <span class='ocrx_word' id='word_1_429' title='bbox 2097 3717 2242 3773; x_wconf 79' lang='lat' dir='ltr'><strong>Deus</strong></span> 
     </span>
    </p>
   </div>
   <div class='ocr_carea' id='block_1_71' title="bbox 678 3807 2242 3876">
    <p class='ocr_par' dir='ltr' id='par_1_71' title="bbox 678 3807 2242 3876">
     <span class='ocr_line' id='line_1_71' title="bbox 678 3807 2242 3876; baseline 0.001 -15"><span class='ocrx_word' id='word_1_430' title='bbox 678 3816 942 3871; x_wconf 88' lang='lat' dir='ltr'><strong>nostram,</strong></span> <span class='ocrx_word' id='word_1_431' title='bbox 971 3814 1159 3876; x_wconf 88' lang='lat' dir='ltr'><strong>utpote</strong></span> <span class='ocrx_word' id='word_1_432' title='bbox 1187 3808 1540 3875; x_wconf 89' lang='lat' dir='ltr'><strong>mundorum,</strong></span> <span class='ocrx_word' id='word_1_433' title='bbox 1594 3807 1999 3862; x_wconf 87' lang='lat' dir='ltr'><strong>invocationem</strong></span> <span class='ocrx_word' id='word_1_434' title='bbox 2046 3809 2242 3863; x_wconf 88' lang='lat' dir='ltr'><strong>admit-</strong></span> 
     </span>
    </p>
   </div>
   <div class='ocr_carea' id='block_1_72' title="bbox 679 3900 2243 3972">
    <p class='ocr_par' dir='ltr' id='par_1_72' title="bbox 679 3900 2243 3972">
     <span class='ocr_line' id='line_1_72' title="bbox 679 3900 2243 3972; baseline 0.001 -17"><span class='ocrx_word' id='word_1_435' title='bbox 679 3903 765 3956; x_wconf 86' lang='lat' dir='ltr'><strong>tit.</strong></span> <span class='ocrx_word' id='word_1_436' title='bbox 787 3900 1056 3954; x_wconf 68' lang='lat' dir='ltr'><strong>Caeterum</strong></span> <span class='ocrx_word' id='word_1_437' title='bbox 1088 3909 1275 3955; x_wconf 90' lang='lat' dir='ltr'><strong>monet</strong></span> <span class='ocrx_word' id='word_1_438' title='bbox 1302 3915 1522 3970; x_wconf 88' lang='lat' dir='ltr'><strong>quoque</strong></span> <span class='ocrx_word' id='word_1_439' title='bbox 1560 3909 1621 3956; x_wconf 93' lang='lat' dir='ltr'><strong>ut</strong></span> <span class='ocrx_word' id='word_1_440' title='bbox 1671 3916 1995 3956; x_wconf 88' lang='lat' dir='ltr'><strong>enarremus</strong></span> <span class='ocrx_word' id='word_1_441' title='bbox 2024 3903 2243 3972; x_wconf 87' lang='lat' dir='ltr'><strong>propria</strong></span> 
     </span>
    </p>
   </div>
   <div class='ocr_carea' id='block_1_73' title="bbox 680 3992 2246 4064">
    <p class='ocr_par' dir='ltr' id='par_1_73' title="bbox 680 3992 2246 4064">
     <span class='ocr_line' id='line_1_73' title="bbox 680 3992 2246 4064; baseline 0.003 -19"><span class='ocrx_word' id='word_1_442' title='bbox 680 3992 970 4054; x_wconf 82' lang='lat' dir='ltr'><strong>mirabilia,</strong></span> <span class='ocrx_word' id='word_1_443' title='bbox 1010 4008 1132 4061; x_wconf 68' lang='lat' dir='ltr'><strong>quae</strong></span> <span class='ocrx_word' id='word_1_444' title='bbox 1190 3993 1247 4048; x_wconf 93' lang='lat' dir='ltr'><strong>in</strong></span> <span class='ocrx_word' id='word_1_445' title='bbox 1289 3992 1585 4064; x_wconf 89' lang='lat' dir='ltr'><strong>Scripturis</strong></span> <span class='ocrx_word' id='word_1_446' title='bbox 1643 3993 1907 4050; x_wconf 83' lang='lat' dir='ltr'><strong>divinitus</strong></span> <span class='ocrx_word' id='word_1_447' title='bbox 1965 3994 2246 4063; x_wconf 79' lang='lat' dir='ltr'><strong>inspiratis</strong></span> 
     </span>
    </p>
   </div>
   <div class='ocr_carea' id='block_1_74' title="bbox 681 4082 1053 4134">
    <p class='ocr_par' dir='ltr' id='par_1_74' title="bbox 681 4082 1053 4134">
     <span class='ocr_line' id='line_1_74' title="bbox 681 4082 1053 4134; baseline 0 0"><span class='ocrx_word' id='word_1_448' title='bbox 681 4082 1053 4134; x_wconf 77' lang='lat' dir='ltr'><strong>continentur.</strong></span> 
     </span>
    </p>
   </div>
   <div class='ocr_carea' id='block_1_75' title="bbox 754 4169 1856 4241">
    <p class='ocr_par' dir='ltr' id='par_1_75' title="bbox 754 4169 1856 4241">
     <span class='ocr_line' id='line_1_75' title="bbox 754 4169 1856 4241; baseline -0.001 -16"><span class='ocrx_word' id='word_1_449' title='bbox 754 4172 911 4225; x_wconf 89' lang='lat' dir='ltr'><strong>Vens.</strong></span> <span class='ocrx_word' id='word_1_450' title='bbox 949 4173 1002 4224; x_wconf 81' lang='grc'><strong>5.</strong></span> <span class='ocrx_word' id='word_1_451' title='bbox 1038 4190 1055 4221; x_wconf 79' lang='grc' dir='ltr'><strong>ι</strong></span> <span class='ocrx_word' id='word_1_452' title='bbox 1083 4169 1218 4224; x_wconf 89' lang='lat' dir='ltr'><strong>Cum</strong></span> <span class='ocrx_word' id='word_1_453' title='bbox 1252 4186 1515 4239; x_wconf 88' lang='lat' dir='ltr'><strong>accepero</strong></span> <span class='ocrx_word' id='word_1_454' title='bbox 1555 4180 1792 4241; x_wconf 91' lang='lat' dir='ltr'><strong>tempus.</strong></span> <span class='ocrx_word' id='word_1_455' title='bbox 1837 4190 1856 4224; x_wconf 76' lang='grc' dir='ltr'><strong>ι</strong></span> 
     </span>
    </p>
   </div>
   <div class='ocr_carea' id='block_1_76' title="bbox 754 4258 2247 4328">
    <p class='ocr_par' dir='ltr' id='par_1_76' title="bbox 754 4258 2247 4328">
     <span class='ocr_line' id='line_1_76' title="bbox 754 4258 2247 4328; baseline 0.001 -15"><span class='ocrx_word' id='word_1_456' title='bbox 754 4258 994 4328; x_wconf 86' lang='lat' dir='ltr'><strong>Tempus</strong></span> <span class='ocrx_word' id='word_1_457' title='bbox 1035 4269 1190 4315; x_wconf 87' lang='lat' dir='ltr'><strong>vocat</strong></span> <span class='ocrx_word' id='word_1_458' title='bbox 1247 4258 1506 4313; x_wconf 73' lang='lat' dir='ltr'><strong>steculum</strong></span> <span class='ocrx_word' id='word_1_459' title='bbox 1575 4258 1842 4313; x_wconf 79' lang='lat' dir='ltr'><strong>futurum.</strong></span> <span class='ocrx_word' id='word_1_460' title='bbox 1886 4261 2046 4317; x_wconf 87' lang='lat' dir='ltr'><strong>Nunc</strong></span> <span class='ocrx_word' id='word_1_461' title='bbox 2098 4263 2247 4316; x_wconf 88' lang='lat' dir='ltr'><strong>enim</strong></span> 
     </span>
    </p>
   </div>
   <div class='ocr_carea' id='block_1_77' title="bbox 685 4349 2250 4422">
    <p class='ocr_par' dir='ltr' id='par_1_77' title="bbox 685 4349 2250 4422">
     <span class='ocr_line' id='line_1_77' title="bbox 685 4349 2250 4422; baseline 0.005 -20"><span class='ocrx_word' id='word_1_462' title='bbox 685 4365 794 4402; x_wconf 86' lang='lat' dir='ltr'><strong>non</strong></span> <span class='ocrx_word' id='word_1_463' title='bbox 836 4350 1000 4403; x_wconf 86' lang='lat' dir='ltr'><strong>habet</strong></span> <span class='ocrx_word' id='word_1_464' title='bbox 1028 4358 1240 4419; x_wconf 89' lang='lat' dir='ltr'><strong>tempus</strong></span> <span class='ocrx_word' id='word_1_465' title='bbox 1265 4349 1684 4418; x_wconf 86' lang='lat' dir='ltr'><strong>nosjndicandi.</strong></span> <span class='ocrx_word' id='word_1_466' title='bbox 1719 4366 1842 4405; x_wconf 88' lang='lat' dir='ltr'><strong>cum</strong></span> <span class='ocrx_word' id='word_1_467' title='bbox 1863 4352 2016 4406; x_wconf 89' lang='lat' dir='ltr'><strong>multi</strong></span> <span class='ocrx_word' id='word_1_468' title='bbox 2054 4368 2250 4422; x_wconf 85' lang='lat' dir='ltr'><strong>pecca-</strong></span> 
     </span>
    </p>
   </div>
   <div class='ocr_carea' id='block_1_78' title="bbox 2347 3164 3952 3239">
    <p class='ocr_par' dir='ltr' id='par_1_78' title="bbox 2347 3164 3952 3239">
     <span class='ocr_line' id='line_1_78' title="bbox 2347 3164 3952 3239; baseline 0.001 -19"><span class='ocrx_word' id='word_1_469' title='bbox 2347 3168 2556 3222; x_wconf 78' lang='grc' dir='ltr'>πολλῶν</span> <span class='ocrx_word' id='word_1_470' title='bbox 2586 3164 2675 3239; x_wconf 77' lang='grc' dir='ltr'>ἦν,</span> <span class='ocrx_word' id='word_1_471' title='bbox 2711 3169 3210 3238; x_wconf 79' lang='grc' dir='ltr'>ὲξομολογουμένου</span> <span class='ocrx_word' id='word_1_472' title='bbox 3246 3176 3340 3222; x_wconf 82' lang='grc' dir='ltr'><strong>καὶ</strong></span> <span class='ocrx_word' id='word_1_473' title='bbox 3368 3170 3841 3237; x_wconf 69' lang='grc' dir='ltr'>ἐπικαλουμένου·</span> <span class='ocrx_word' id='word_1_474' title='bbox 3872 3171 3952 3223; x_wconf 77' lang='grc' dir='ltr'>διὸ</span> 
     </span>
    </p>
   </div>
   <div class='ocr_carea' id='block_1_79' title="bbox 2354 3264 3953 3337">
    <p class='ocr_par' dir='ltr' id='par_1_79' title="bbox 2354 3264 3953 3337">
     <span class='ocr_line' id='line_1_79' title="bbox 2354 3264 3953 3337; baseline -0.001 -19"><span class='ocrx_word' id='word_1_475' title='bbox 2354 3264 2695 3334; x_wconf 73' lang='grc' dir='ltr'>πληθυντικῷ</span> <span class='ocrx_word' id='word_1_476' title='bbox 2731 3266 2835 3333; x_wconf 80' lang='grc' dir='ltr'>μὲν</span> <span class='ocrx_word' id='word_1_477' title='bbox 2872 3265 3151 3336; x_wconf 84' lang='grc' dir='ltr'>προσώπῳ</span> <span class='ocrx_word' id='word_1_478' title='bbox 3204 3268 3271 3318; x_wconf 86' lang='grc' dir='ltr'>τὰ</span> <span class='ocrx_word' id='word_1_479' title='bbox 3302 3266 3561 3337; x_wconf 84' lang='grc' dir='ltr'>πρότερα</span> <span class='ocrx_word' id='word_1_480' title='bbox 3606 3266 3756 3332; x_wconf 82' lang='grc' dir='ltr'>Πλὴν</span> <span class='ocrx_word' id='word_1_481' title='bbox 3810 3266 3953 3317; x_wconf 71' lang='grc' dir='ltr'><strong>ἀλλὰ</strong></span> 
     </span>
    </p>
   </div>
   <div class='ocr_carea' id='block_1_80' title="bbox 2346 3356 3951 3428">
    <p class='ocr_par' dir='ltr' id='par_1_80' title="bbox 2346 3356 3951 3428">
     <span class='ocr_line' id='line_1_80' title="bbox 2346 3356 3951 3428; baseline -0.002 -19"><span class='ocrx_word' id='word_1_482' title='bbox 2346 3360 2438 3409; x_wconf 72' lang='grc' dir='ltr'>καὶ</span> <span class='ocrx_word' id='word_1_483' title='bbox 2493 3356 2683 3426; x_wconf 87' lang='grc' dir='ltr'>διπλῆν</span> <span class='ocrx_word' id='word_1_484' title='bbox 2731 3357 3120 3428; x_wconf 71' lang='grc' dir='ltr'>ἐξομολόγησιν</span> <span class='ocrx_word' id='word_1_485' title='bbox 3175 3357 3251 3427; x_wconf 82' lang='grc' dir='ltr'>τῷ</span> <span class='ocrx_word' id='word_1_486' title='bbox 3311 3357 3429 3426; x_wconf 87' lang='grc' dir='ltr'><strong>Θεῷ</strong></span> <span class='ocrx_word' id='word_1_487' title='bbox 3488 3359 3831 3427; x_wconf 65' lang='grc' dir='ltr'>προσφέρειν</span> <span class='ocrx_word' id='word_1_488' title='bbox 3904 3360 3951 3407; x_wconf 75' lang='grc' dir='ltr'>οἱ</span> 
     </span>
    </p>
   </div>
   <div class='ocr_carea' id='block_1_81' title="bbox 2352 3446 3954 3519">
    <p class='ocr_par' dir='ltr' id='par_1_81' title="bbox 2352 3446 3954 3519">
     <span class='ocr_line' id='line_1_81' title="bbox 2352 3446 3954 3519; baseline 0 -21"><span class='ocrx_word' id='word_1_489' title='bbox 2352 3448 2658 3515; x_wconf 81' lang='grc' dir='ltr'>μέλλοντες,</span> <span class='ocrx_word' id='word_1_490' title='bbox 2689 3450 2851 3501; x_wconf 75' lang='grc' dir='ltr'>αὑτὸν</span> <span class='ocrx_word' id='word_1_491' title='bbox 2908 3448 3286 3502; x_wconf 75' lang='grc' dir='ltr'>ἐπικαλεῖσθαι</span> <span class='ocrx_word' id='word_1_492' title='bbox 3338 3446 3639 3519; x_wconf 74' lang='grc' dir='ltr'>χρῄζομεψ</span> <span class='ocrx_word' id='word_1_493' title='bbox 3688 3450 3790 3514; x_wconf 76' lang='grc' dir='ltr'>τὴν</span> <span class='ocrx_word' id='word_1_494' title='bbox 3854 3449 3954 3515; x_wconf 67' lang='grc' dir='ltr'>μὲν</span> 
     </span>
    </p>
   </div>
   <div class='ocr_carea' id='block_1_82' title="bbox 2345 3537 3949 3611">
    <p class='ocr_par' dir='ltr' id='par_1_82' title="bbox 2345 3537 3949 3611">
     <span class='ocr_line' id='line_1_82' title="bbox 2345 3537 3949 3611; baseline -0.001 -21"><span class='ocrx_word' id='word_1_495' title='bbox 2345 3541 2458 3601; x_wconf 84' lang='grc' dir='ltr'>τοῖς</span> <span class='ocrx_word' id='word_1_496' title='bbox 2488 3537 2685 3605; x_wconf 78' lang='grc' dir='ltr'>λόγοις,</span> <span class='ocrx_word' id='word_1_497' title='bbox 2721 3539 2821 3609; x_wconf 78' lang='grc' dir='ltr'>τὴν</span> <span class='ocrx_word' id='word_1_498' title='bbox 2854 3540 2913 3592; x_wconf 81' lang='grc' dir='ltr'>δὲ</span> <span class='ocrx_word' id='word_1_499' title='bbox 2946 3542 3057 3601; x_wconf 82' lang='grc' dir='ltr'>τοῖς</span> <span class='ocrx_word' id='word_1_500' title='bbox 3089 3541 3294 3611; x_wconf 81' lang='grc' dir='ltr'><strong>ἔργοις⁸</strong></span> <span class='ocrx_word' id='word_1_501' title='bbox 3334 3540 3516 3608; x_wconf 85' lang='grc' dir='ltr'>λόγοις</span> <span class='ocrx_word' id='word_1_502' title='bbox 3554 3541 3651 3609; x_wconf 81' lang='grc' dir='ltr'>μὲν</span> <span class='ocrx_word' id='word_1_503' title='bbox 3680 3544 3740 3592; x_wconf 84' lang='grc' dir='ltr'>ὲν</span> <span class='ocrx_word' id='word_1_504' title='bbox 3771 3556 3949 3608; x_wconf 83' lang='grc' dir='ltr'>προσ-</span> 
     </span>
    </p>
   </div>
   <div class='ocr_carea' id='block_1_83' title="bbox 2351 3624 3957 3701">
    <p class='ocr_par' dir='ltr' id='par_1_83' title="bbox 2351 3624 3957 3701">
     <span class='ocr_line' id='line_1_83' title="bbox 2351 3624 3957 3701; baseline -0.012 -3"><span class='ocrx_word' id='word_1_505' title='bbox 2351 3630 2509 3699; x_wconf 65' lang='lat' dir='ltr'><strong>eum.</strong></span> <span class='ocrx_word' id='word_1_506' title='bbox 2535 3627 2720 3700; x_wconf 76' lang='grc' dir='ltr'>ἔργοις</span> <span class='ocrx_word' id='word_1_507' title='bbox 2762 3631 2818 3682; x_wconf 82' lang='grc' dir='ltr'>δὲ</span> <span class='ocrx_word' id='word_1_508' title='bbox 2861 3631 3271 3701; x_wconf 78' lang='grc' dir='ltr'>ἀναχωροῦντες</span> <span class='ocrx_word' id='word_1_509' title='bbox 3328 3633 3553 3684; x_wconf 77' lang='grc' dir='ltr'>ἐκείνων</span> <span class='ocrx_word' id='word_1_510' title='bbox 3601 3632 3685 3696; x_wconf 77' lang='grc' dir='ltr'><strong>ἐφ’</strong></span> <span class='ocrx_word' id='word_1_511' title='bbox 3717 3624 3802 3692; x_wconf 74' lang='grc' dir='ltr'><strong>οἷς</strong></span> <span class='ocrx_word' id='word_1_512' title='bbox 3866 3630 3957 3693; x_wconf 78' lang='grc' dir='ltr'><strong>ἐξ·</strong></span> 
     </span>
    </p>
   </div>
   <div class='ocr_carea' id='block_1_84' title="bbox 2348 3722 3957 3792">
    <p class='ocr_par' dir='ltr' id='par_1_84' title="bbox 2348 3722 3957 3792">
     <span class='ocr_line' id='line_1_84' title="bbox 2348 3722 3957 3792; baseline -0.002 -17"><span class='ocrx_word' id='word_1_513' title='bbox 2348 3722 2729 3791; x_wconf 79' lang='grc' dir='ltr'>ομολογεῖσθαι</span> <span class='ocrx_word' id='word_1_514' title='bbox 2765 3726 2866 3776; x_wconf 69' lang='grc' dir='ltr'>καὶ</span> <span class='ocrx_word' id='word_1_515' title='bbox 2906 3724 3604 3792; x_wconf 82' lang='grc' dir='ltr'>μεταμελείσθαιλέγομεν.</span> <span class='ocrx_word' id='word_1_516' title='bbox 3636 3723 3799 3775; x_wconf 83' lang='grc' dir='ltr'>Οὓτω</span> <span class='ocrx_word' id='word_1_517' title='bbox 3845 3722 3957 3788; x_wconf 72' lang='grc' dir='ltr'>γὰρ</span> 
     </span>
    </p>
   </div>
   <div class='ocr_carea' id='block_1_85' title="bbox 2349 3813 3954 3885">
    <p class='ocr_par' dir='ltr' id='par_1_85' title="bbox 2349 3813 3954 3885">
     <span class='ocr_line' id='line_1_85' title="bbox 2349 3813 3954 3885; baseline -0.002 -18"><span class='ocrx_word' id='word_1_518' title='bbox 2349 3814 2506 3885; x_wconf 82' lang='grc' dir='ltr'>ήμῶν</span> <span class='ocrx_word' id='word_1_519' title='bbox 2523 3815 2551 3866; x_wconf 81' lang='grc' dir='ltr'>ὁ</span> <span class='ocrx_word' id='word_1_520' title='bbox 2565 3814 2721 3877; x_wconf 81' lang='grc' dir='ltr'>Θεὸς,</span> <span class='ocrx_word' id='word_1_521' title='bbox 2735 3815 2808 3876; x_wconf 84' lang='grc' dir='ltr'><strong>ὡς</strong></span> <span class='ocrx_word' id='word_1_522' title='bbox 2835 3814 3244 3885; x_wconf 82' lang='grc' dir='ltr'>καθαρθέντων,</span> <span class='ocrx_word' id='word_1_523' title='bbox 3265 3815 3363 3884; x_wconf 83' lang='grc' dir='ltr'><strong>τὴν</strong></span> <span class='ocrx_word' id='word_1_524' title='bbox 3397 3815 3688 3882; x_wconf 72' lang='grc' dir='ltr'>ἐπίκλησιν</span> <span class='ocrx_word' id='word_1_525' title='bbox 3706 3813 3954 3882; x_wconf 79' lang='grc' dir='ltr'>δέχεται.</span> 
     </span>
    </p>
   </div>
   <div class='ocr_carea' id='block_1_86' title="bbox 2361 3905 3958 3975">
    <p class='ocr_par' dir='ltr' id='par_1_86' title="bbox 2361 3905 3958 3975">
     <span class='ocr_line' id='line_1_86' title="bbox 2361 3905 3958 3975; baseline 0 -17"><span class='ocrx_word' id='word_1_526' title='bbox 2361 3905 2677 3975; x_wconf 86' lang='grc' dir='ltr'>Ἐπιτρέπει</span> <span class='ocrx_word' id='word_1_527' title='bbox 2702 3906 2758 3957; x_wconf 81' lang='grc' dir='ltr'>δὲ</span> <span class='ocrx_word' id='word_1_528' title='bbox 2786 3907 2879 3959; x_wconf 83' lang='grc' dir='ltr'>καὶ</span> <span class='ocrx_word' id='word_1_529' title='bbox 2908 3907 3216 3974; x_wconf 80' lang='grc' dir='ltr'>διηγεῖσθαι</span> <span class='ocrx_word' id='word_1_530' title='bbox 3242 3907 3311 3959; x_wconf 79' lang='grc' dir='ltr'><strong>τὰ</strong></span> <span class='ocrx_word' id='word_1_531' title='bbox 3324 3908 3501 3958; x_wconf 80' lang='grc' dir='ltr'>οἰκεῖα</span> <span class='ocrx_word' id='word_1_532' title='bbox 3517 3905 3826 3974; x_wconf 79' lang='grc' dir='ltr'>θαυμάσια,</span> <span class='ocrx_word' id='word_1_533' title='bbox 3854 3906 3958 3958; x_wconf 80' lang='grc' dir='ltr'>ὃσα</span> 
     </span>
    </p>
   </div>
   <div class='ocr_carea' id='block_1_87' title="bbox 2350 3995 3653 4067">
    <p class='ocr_par' dir='ltr' id='par_1_87' title="bbox 2350 3995 3653 4067">
     <span class='ocr_line' id='line_1_87' title="bbox 2350 3995 3653 4067; baseline 0.002 -20"><span class='ocrx_word' id='word_1_534' title='bbox 2350 3997 2471 4058; x_wconf 81' lang='grc' dir='ltr'>ταῖς</span> <span class='ocrx_word' id='word_1_535' title='bbox 2498 3996 2742 4067; x_wconf 80' lang='grc' dir='ltr'>Γραφαῖς</span> <span class='ocrx_word' id='word_1_536' title='bbox 2769 3999 2889 4058; x_wconf 85' lang='grc' dir='ltr'>ταῖς</span> <span class='ocrx_word' id='word_1_537' title='bbox 2918 3995 3301 4057; x_wconf 81' lang='grc' dir='ltr'>θεοπνεύστοις</span> <span class='ocrx_word' id='word_1_538' title='bbox 3334 3997 3653 4067; x_wconf 71' lang='grc' dir='ltr'>ἐμφέρεται.</span> 
     </span>
    </p>
   </div>
   <div class='ocr_carea' id='block_1_88' title="bbox 2428 4087 3136 4157">
    <p class='ocr_par' dir='ltr' id='par_1_88' title="bbox 2428 4087 3136 4157">
     <span class='ocr_line' id='line_1_88' title="bbox 2428 4087 3136 4157; baseline -0.001 -19"><span class='ocrx_word' id='word_1_539' title='bbox 2428 4107 2447 4138; x_wconf 86' lang='grc'><strong><em>‹</em></strong></span> <span class='ocrx_word' id='word_1_540' title='bbox 2491 4087 2659 4139; x_wconf 88' lang='grc' dir='ltr'>Ὅταν</span> <span class='ocrx_word' id='word_1_541' title='bbox 2681 4087 2836 4139; x_wconf 73' lang='grc' dir='ltr'>λάϐω</span> <span class='ocrx_word' id='word_1_542' title='bbox 2866 4089 3075 4157; x_wconf 70' lang='grc' dir='ltr'>καιρόν.</span> <span class='ocrx_word' id='word_1_543' title='bbox 3120 4107 3136 4137; x_wconf 77' lang='grc' dir='ltr'><strong>ι</strong></span> 
     </span>
    </p>
   </div>
   <div class='ocr_carea' id='block_1_89' title="bbox 2425 4174 3957 4248">
    <p class='ocr_par' dir='ltr' id='par_1_89' title="bbox 2425 4174 3957 4248">
     <span class='ocr_line' id='line_1_89' title="bbox 2425 4174 3957 4248; baseline -0.002 -19"><span class='ocrx_word' id='word_1_544' title='bbox 2425 4177 2529 4230; x_wconf 79' lang='grc' dir='ltr'><strong>Τὸν</strong></span> <span class='ocrx_word' id='word_1_545' title='bbox 2566 4180 2757 4248; x_wconf 69' lang='grc' dir='ltr'>καιρὸν</span> <span class='ocrx_word' id='word_1_546' title='bbox 2801 4180 2954 4245; x_wconf 80' lang='grc' dir='ltr'>λέγει</span> <span class='ocrx_word' id='word_1_547' title='bbox 3003 4179 3096 4232; x_wconf 79' lang='grc' dir='ltr'><strong>τὸν</strong></span> <span class='ocrx_word' id='word_1_548' title='bbox 3142 4179 3315 4231; x_wconf 69' lang='grc' dir='ltr'>αἰῶνα</span> <span class='ocrx_word' id='word_1_549' title='bbox 3366 4178 3457 4230; x_wconf 78' lang='grc' dir='ltr'>τὸν</span> <span class='ocrx_word' id='word_1_550' title='bbox 3506 4176 3796 4244; x_wconf 80' lang='grc' dir='ltr'>μέλλοντα.</span> <span class='ocrx_word' id='word_1_551' title='bbox 3837 4174 3957 4229; x_wconf 76' lang='grc' dir='ltr'>Νῦν</span> 
     </span>
    </p>
   </div>
   <div class='ocr_carea' id='block_1_90' title="bbox 2354 4268 3957 4341">
    <p class='ocr_par' dir='ltr' id='par_1_90' title="bbox 2354 4268 3957 4341">
     <span class='ocr_line' id='line_1_90' title="bbox 2354 4268 3957 4341; baseline 0 -19"><span class='ocrx_word' id='word_1_552' title='bbox 2354 4269 2462 4337; x_wconf 75' lang='grc' dir='ltr'><strong>γὰρ</strong></span> <span class='ocrx_word' id='word_1_553' title='bbox 2500 4270 2601 4322; x_wconf 82' lang='grc' dir='ltr'>οὐκ</span> <span class='ocrx_word' id='word_1_554' title='bbox 2645 4269 2759 4339; x_wconf 71' lang='grc' dir='ltr'>ἔχει</span> <span class='ocrx_word' id='word_1_555' title='bbox 2810 4270 3003 4340; x_wconf 78' lang='grc' dir='ltr'>καιρὸν</span> <span class='ocrx_word' id='word_1_556' title='bbox 3035 4269 3192 4341; x_wconf 81' lang='grc' dir='ltr'>ἡμῶν</span> <span class='ocrx_word' id='word_1_557' title='bbox 3239 4272 3272 4340; x_wconf 84' lang='grc' dir='ltr'>ή</span> <span class='ocrx_word' id='word_1_558' title='bbox 3321 4271 3538 4339; x_wconf 83' lang='grc' dir='ltr'>κρίσις,</span> <span class='ocrx_word' id='word_1_559' title='bbox 3590 4268 3806 4321; x_wconf 82' lang='grc' dir='ltr'>πολλῶν</span> <span class='ocrx_word' id='word_1_560' title='bbox 3852 4271 3957 4339; x_wconf 79' lang='grc' dir='ltr'>μὲν</span> 
     </span>
    </p>
   </div>
   <div class='ocr_carea' id='block_1_91' title="bbox 2356 4360 3957 4431">
    <p class='ocr_par' dir='ltr' id='par_1_91' title="bbox 2356 4360 3957 4431">
     <span class='ocr_line' id='line_1_91' title="bbox 2356 4360 3957 4431; baseline 0.001 -17"><span class='ocrx_word' id='word_1_561' title='bbox 2356 4360 2719 4429; x_wconf 80' lang='grc' dir='ltr'>ἁμαρτωλῶν,</span> <span class='ocrx_word' id='word_1_562' title='bbox 2749 4362 2961 4414; x_wconf 84' lang='grc' dir='ltr'>πολλῶν</span> <span class='ocrx_word' id='word_1_563' title='bbox 2989 4362 3045 4416; x_wconf 70' lang='grc' dir='ltr'>δὲ</span> <span class='ocrx_word' id='word_1_564' title='bbox 3075 4362 3301 4416; x_wconf 87' lang='grc' dir='ltr'>δικαίων</span> <span class='ocrx_word' id='word_1_565' title='bbox 3335 4360 3840 4431; x_wconf 73' lang='grc' dir='ltr'>μεταϐαλλομένων</span> <span class='ocrx_word' id='word_1_566' title='bbox 3874 4364 3957 4425; x_wconf 79' lang='grc' dir='ltr'>εἰς</span> 
     </span>
    </p>
   </div>
   <div class='ocr_carea' id='block_1_92' title="bbox 685 4437 2610 4521">
    <p class='ocr_par' dir='ltr' id='par_1_92' title="bbox 685 4437 2610 4521">
     <span class='ocr_line' id='line_1_92' title="bbox 685 4437 2610 4521; baseline 0.002 -28"><span class='ocrx_word' id='word_1_567' title='bbox 685 4448 833 4493; x_wconf 90' lang='lat' dir='ltr'><strong>tores</strong></span> <span class='ocrx_word' id='word_1_568' title='bbox 861 4446 918 4493; x_wconf 90' lang='lat' dir='ltr'><strong>et</strong></span> <span class='ocrx_word' id='word_1_569' title='bbox 933 4439 1085 4492; x_wconf 85' lang='lat' dir='ltr'><strong>multi</strong></span> <span class='ocrx_word' id='word_1_570' title='bbox 1117 4438 1391 4507; x_wconf 84' lang='lat' dir='ltr'><strong>itemjusti</strong></span> <span class='ocrx_word' id='word_1_571' title='bbox 1413 4438 1466 4491; x_wconf 91' lang='lat' dir='ltr'><strong>in</strong></span> <span class='ocrx_word' id='word_1_572' title='bbox 1491 4437 1810 4493; x_wconf 87' lang='lat' dir='ltr'><strong>alterutrum</strong></span> <span class='ocrx_word' id='word_1_573' title='bbox 1842 4446 2251 4495; x_wconf 84' lang='lat' dir='ltr'><strong>convertantur.</strong></span> <span class='ocrx_word' id='word_1_574' title='bbox 2287 4442 2330 4497; x_wconf 89' lang='lat' dir='ltr'><strong>D</strong></span> <span class='ocrx_word' id='word_1_575' title='bbox 2362 4451 2610 4521; x_wconf 79' lang='grc' dir='ltr'>θάτερον,</span> 
     </span>
    </p>
   </div>
   <div class='ocr_carea' id='block_1_93' title="bbox 758 4527 2006 4598">
    <p class='ocr_par' dir='ltr' id='par_1_93' title="bbox 758 4527 2006 4598">
     <span class='ocr_line' id='line_1_93' title="bbox 758 4527 2006 4598; baseline -0.002 -16"><span class='ocrx_word' id='word_1_576' title='bbox 758 4528 917 4584; x_wconf 83' lang='lat' dir='ltr'><strong>Vens.</strong></span> <span class='ocrx_word' id='word_1_577' title='bbox 949 4530 1002 4582; x_wconf 85' lang='lat'><strong>7.</strong></span> <span class='ocrx_word' id='word_1_578' title='bbox 1041 4548 1060 4579; x_wconf 72' lang='grc' dir='ltr'><strong>ι</strong></span> <span class='ocrx_word' id='word_1_579' title='bbox 1093 4527 1362 4594; x_wconf 83' lang='lat' dir='ltr'><strong>Quoniam</strong></span> <span class='ocrx_word' id='word_1_580' title='bbox 1390 4544 1570 4598; x_wconf 88' lang='lat' dir='ltr'><strong>neque</strong></span> <span class='ocrx_word' id='word_1_581' title='bbox 1588 4528 1656 4583; x_wconf 85' lang='lat' dir='ltr'><strong>ab</strong></span> <span class='ocrx_word' id='word_1_582' title='bbox 1685 4528 1946 4584; x_wconf 81' lang='lat' dir='ltr'><strong>exitibus.</strong></span> <span class='ocrx_word' id='word_1_583' title='bbox 1989 4548 2006 4580; x_wconf 73' lang='grc' dir='ltr'><strong>ι</strong></span> 
     </span>
    </p>
   </div>
   <div class='ocr_carea' id='block_1_94' title="bbox 760 4619 2252 4690">
    <p class='ocr_par' dir='ltr' id='par_1_94' title="bbox 760 4619 2252 4690">
     <span class='ocr_line' id='line_1_94' title="bbox 760 4619 2252 4690; baseline -0.001 -15"><span class='ocrx_word' id='word_1_584' title='bbox 760 4621 893 4682; x_wconf 87' lang='lat' dir='ltr'><strong>lloc,</strong></span> <span class='ocrx_word' id='word_1_585' title='bbox 923 4621 1117 4689; x_wconf 88' lang='lat' dir='ltr'><strong>inquit,</strong></span> <span class='ocrx_word' id='word_1_586' title='bbox 1152 4629 1237 4674; x_wconf 89' lang='lat' dir='ltr'><strong>est</strong></span> <span class='ocrx_word' id='word_1_587' title='bbox 1272 4636 1342 4674; x_wconf 79' lang='lat' dir='ltr'><strong>ex</strong></span> <span class='ocrx_word' id='word_1_588' title='bbox 1376 4620 1697 4690; x_wconf 89' lang='lat' dir='ltr'><strong>probatione</strong></span> <span class='ocrx_word' id='word_1_589' title='bbox 1718 4628 1878 4689; x_wconf 87' lang='lat' dir='ltr'><strong>atque</strong></span> <span class='ocrx_word' id='word_1_590' title='bbox 1913 4620 2128 4690; x_wconf 85' lang='lat' dir='ltr'><strong>judicio</strong></span> <span class='ocrx_word' id='word_1_591' title='bbox 2157 4619 2252 4673; x_wconf 89' lang='lat' dir='ltr'><strong>Dei</strong></span> 
     </span>
    </p>
   </div>
   <div class='ocr_carea' id='block_1_95' title="bbox 691 4711 2252 4781">
    <p class='ocr_par' dir='ltr' id='par_1_95' title="bbox 691 4711 2252 4781">
     <span class='ocr_line' id='line_1_95' title="bbox 691 4711 2252 4781; baseline 0 -16"><span class='ocrx_word' id='word_1_592' title='bbox 691 4711 982 4765; x_wconf 73' lang='lat' dir='ltr'><strong>exultantis</strong></span> <span class='ocrx_word' id='word_1_593' title='bbox 1039 4719 1095 4765; x_wconf 90' lang='lat' dir='ltr'><strong>et</strong></span> <span class='ocrx_word' id='word_1_594' title='bbox 1150 4711 1487 4765; x_wconf 88' lang='lat' dir='ltr'><strong>humiliantis</strong></span> <span class='ocrx_word' id='word_1_595' title='bbox 1549 4726 1932 4781; x_wconf 85' lang='lat' dir='ltr'><strong>quemcunque</strong></span> <span class='ocrx_word' id='word_1_596' title='bbox 1988 4712 2252 4767; x_wconf 90' lang='lat' dir='ltr'><strong>voluerit:</strong></span> 
     </span>
    </p>
   </div>
   <div class='ocr_carea' id='block_1_96' title="bbox 694 4804 2256 4875">
    <p class='ocr_par' dir='ltr' id='par_1_96' title="bbox 694 4804 2256 4875">
     <span class='ocr_line' id='line_1_96' title="bbox 694 4804 2256 4875; baseline 0 -18"><span class='ocrx_word' id='word_1_597' title='bbox 694 4804 947 4857; x_wconf 76' lang='lat' dir='ltr'><strong>Dominus</strong></span> <span class='ocrx_word' id='word_1_598' title='bbox 981 4805 1128 4858; x_wconf 90' lang='lat' dir='ltr'><strong>enim</strong></span> <span class='ocrx_word' id='word_1_599' title='bbox 1158 4820 1443 4873; x_wconf 83' lang='lat' dir='ltr'><strong>pauperem</strong></span> <span class='ocrx_word' id='word_1_600' title='bbox 1477 4805 1604 4875; x_wconf 78' lang='lat' dir='ltr'><strong>facit</strong></span> <span class='ocrx_word' id='word_1_601' title='bbox 1636 4814 1684 4858; x_wconf 84' lang='lat' dir='ltr'><strong>et</strong></span> <span class='ocrx_word' id='word_1_602' title='bbox 1718 4806 1873 4868; x_wconf 83' lang='lat' dir='ltr'><strong>ditat,</strong></span> <span class='ocrx_word' id='word_1_603' title='bbox 1932 4805 2175 4858; x_wconf 83' lang='lat' dir='ltr'><strong>humiliat</strong></span> <span class='ocrx_word' id='word_1_604' title='bbox 2207 4814 2256 4858; x_wconf 84' lang='lat' dir='ltr'><strong>et</strong></span> 
     </span>
    </p>
   </div>
   <div class='ocr_carea' id='block_1_97' title="bbox 692 4896 2257 4965">
    <p class='ocr_par' dir='ltr' id='par_1_97' title="bbox 692 4896 2257 4965">
     <span class='ocr_line' id='line_1_97' title="bbox 692 4896 2257 4965; baseline 0.001 -16"><span class='ocrx_word' id='word_1_605' title='bbox 692 4896 894 4949; x_wconf 76' lang='lat' dir='ltr'><strong>exultat</strong></span> <span class='ocrx_word' id='word_1_606' title='bbox 932 4897 1014 4960; x_wconf 72' lang='grc' dir='ltr'><strong>Ι¹ί’;</strong></span> <span class='ocrx_word' id='word_1_607' title='bbox 1054 4912 1162 4949; x_wconf 84' lang='grc' dir='ltr'>ηοη</span> <span class='ocrx_word' id='word_1_608' title='bbox 1202 4903 1385 4950; x_wconf 90' lang='lat' dir='ltr'><strong>tamen</strong></span> <span class='ocrx_word' id='word_1_609' title='bbox 1441 4896 1645 4965; x_wconf 79' lang='lat' dir='ltr'><strong>absque</strong></span> <span class='ocrx_word' id='word_1_610' title='bbox 1679 4897 1888 4951; x_wconf 85' lang='lat' dir='ltr'><strong>ratione</strong></span> <span class='ocrx_word' id='word_1_611' title='bbox 1930 4914 1944 4950; x_wconf 90' lang='lat'><strong>:</strong></span> <span class='ocrx_word' id='word_1_612' title='bbox 1981 4896 2077 4951; x_wconf 86' lang='lat' dir='ltr'><strong>sed</strong></span> <span class='ocrx_word' id='word_1_613' title='bbox 2137 4897 2257 4951; x_wconf 89' lang='lat' dir='ltr'><strong>illos</strong></span> 
     </span>
    </p>
   </div>
   <div class='ocr_carea' id='block_1_98' title="bbox 695 4990 2255 5061">
    <p class='ocr_par' dir='ltr' id='par_1_98' title="bbox 695 4990 2255 5061">
     <span class='ocr_line' id='line_1_98' title="bbox 695 4990 2255 5061; baseline 0.002 -19"><span class='ocrx_word' id='word_1_614' title='bbox 695 4990 918 5054; x_wconf 79' lang='lat' dir='ltr'><strong>quidem</strong></span> <span class='ocrx_word' id='word_1_615' title='bbox 964 5006 1064 5057; x_wconf 85' lang='lat' dir='ltr'><strong>per</strong></span> <span class='ocrx_word' id='word_1_616' title='bbox 1116 4990 1351 5057; x_wconf 68' lang='lat' dir='ltr'><strong>divitias,</strong></span> <span class='ocrx_word' id='word_1_617' title='bbox 1417 4991 1540 5045; x_wconf 88' lang='lat' dir='ltr'><strong>illos</strong></span> <span class='ocrx_word' id='word_1_618' title='bbox 1576 5006 1707 5045; x_wconf 88' lang='lat' dir='ltr'><strong>vero</strong></span> <span class='ocrx_word' id='word_1_619' title='bbox 1740 5006 1837 5061; x_wconf 91' lang='lat' dir='ltr'><strong>per</strong></span> <span class='ocrx_word' id='word_1_620' title='bbox 1883 5000 2255 5059; x_wconf 86' lang='lat' dir='ltr'><strong>paupertatem</strong></span> 
     </span>
    </p>
   </div>
   <div class='ocr_carea' id='block_1_99' title="bbox 694 5082 997 5151">
    <p class='ocr_par' dir='ltr' id='par_1_99' title="bbox 694 5082 997 5151">
     <span class='ocr_line' id='line_1_99' title="bbox 694 5082 997 5151; baseline 0 -17"><span class='ocrx_word' id='word_1_621' title='bbox 694 5082 997 5151; x_wconf 88' lang='lat' dir='ltr'><strong>probantis.</strong></span> 
     </span>
    </p>
   </div>
   <div class='ocr_carea' id='block_1_100' title="bbox 1191 5171 1768 5227">
    <p class='ocr_par' dir='ltr' id='par_1_100' title="bbox 1191 5171 1768 5227">
     <span class='ocr_line' id='line_1_100' title="bbox 1191 5171 1768 5227; baseline -0.002 -1"><span class='ocrx_word' id='word_1_622' title='bbox 1191 5172 1498 5227; x_wconf 74' lang='lat' dir='ltr'><strong>PSALMUS</strong></span> <span class='ocrx_word' id='word_1_623' title='bbox 1537 5171 1768 5227; x_wconf 77' lang='lat' dir='ltr'><strong>LXXVI.</strong></span> 
     </span>
    </p>
   </div>
   <div class='ocr_carea' id='block_1_101' title="bbox 770 5262 2255 5334">
    <p class='ocr_par' dir='ltr' id='par_1_101' title="bbox 770 5262 2255 5334">
     <span class='ocr_line' id='line_1_101' title="bbox 770 5262 2255 5334; baseline 0.001 -21"><span class='ocrx_word' id='word_1_624' title='bbox 770 5262 935 5317; x_wconf 84' lang='lat' dir='ltr'><strong>Vens.</strong></span> <span class='ocrx_word' id='word_1_625' title='bbox 977 5264 1032 5315; x_wconf 85' lang='lat'><strong>5.</strong></span> <span class='ocrx_word' id='word_1_626' title='bbox 1080 5282 1097 5314; x_wconf 79' lang='grc' dir='ltr'><strong>ι</strong></span> <span class='ocrx_word' id='word_1_627' title='bbox 1137 5264 1586 5334; x_wconf 81' lang='lat' dir='ltr'><strong>Anticipaverunt</strong></span> <span class='ocrx_word' id='word_1_628' title='bbox 1620 5264 1835 5332; x_wconf 80' lang='lat' dir='ltr'><strong>vigilias</strong></span> <span class='ocrx_word' id='word_1_629' title='bbox 1890 5264 2034 5318; x_wconf 89' lang='lat' dir='ltr'><strong>oculi</strong></span> <span class='ocrx_word' id='word_1_630' title='bbox 2063 5266 2193 5318; x_wconf 87' lang='lat' dir='ltr'><strong>mei.</strong></span> <span class='ocrx_word' id='word_1_631' title='bbox 2240 5284 2255 5315; x_wconf 76' lang='grc' dir='ltr'><strong>ι</strong></span> 
     </span>
    </p>
   </div>
   <div class='ocr_carea' id='block_1_102' title="bbox 771 5354 2262 5429">
    <p class='ocr_par' dir='ltr' id='par_1_102' title="bbox 771 5354 2262 5429">
     <span class='ocr_line' id='line_1_102' title="bbox 771 5354 2262 5429; baseline 0.001 -20"><span class='ocrx_word' id='word_1_632' title='bbox 771 5354 1048 5423; x_wconf 88' lang='lat' dir='ltr'><strong>Optimum</strong></span> <span class='ocrx_word' id='word_1_633' title='bbox 1080 5355 1145 5409; x_wconf 84' lang='lat' dir='ltr'><strong>ad</strong></span> <span class='ocrx_word' id='word_1_634' title='bbox 1185 5358 1661 5429; x_wconf 84' lang='lat' dir='ltr'><strong>contemplandum</strong></span> <span class='ocrx_word' id='word_1_635' title='bbox 1705 5366 1918 5426; x_wconf 86' lang='lat' dir='ltr'><strong>tempus</strong></span> <span class='ocrx_word' id='word_1_636' title='bbox 1947 5366 2032 5411; x_wconf 88' lang='lat' dir='ltr'><strong>est</strong></span> <span class='ocrx_word' id='word_1_637' title='bbox 2065 5358 2262 5419; x_wconf 86' lang='lat' dir='ltr'><strong>noctis,</strong></span> 
     </span>
    </p>
   </div>
   <div class='ocr_carea' id='block_1_103' title="bbox 2431 4542 3215 4607">
    <p class='ocr_par' dir='ltr' id='par_1_103' title="bbox 2431 4542 3215 4607">
     <span class='ocr_line' id='line_1_103' title="bbox 2431 4542 3215 4607; baseline 0.001 -13"><span class='ocrx_word' id='word_1_638' title='bbox 2431 4562 2447 4594; x_wconf 77' lang='grc' dir='ltr'><strong>ι</strong></span> <span class='ocrx_word' id='word_1_639' title='bbox 2482 4544 2601 4596; x_wconf 78' lang='grc' dir='ltr'><strong>Ὀτι</strong></span> <span class='ocrx_word' id='word_1_640' title='bbox 2635 4542 2757 4595; x_wconf 81' lang='grc' dir='ltr'>οὔτε</span> <span class='ocrx_word' id='word_1_641' title='bbox 2791 4544 2900 4598; x_wconf 83' lang='grc' dir='ltr'><strong>ἀπὸ</strong></span> <span class='ocrx_word' id='word_1_642' title='bbox 2930 4545 3149 4607; x_wconf 79' lang='grc' dir='ltr'>ἐξόδων.</span> <span class='ocrx_word' id='word_1_643' title='bbox 3197 4562 3215 4594; x_wconf 72' lang='grc' dir='ltr'><strong>ι</strong></span> 
     </span>
    </p>
   </div>
   <div class='ocr_carea' id='block_1_104' title="bbox 2438 4633 3957 4704">
    <p class='ocr_par' dir='ltr' id='par_1_104' title="bbox 2438 4633 3957 4704">
     <span class='ocr_line' id='line_1_104' title="bbox 2438 4633 3957 4704; baseline 0.001 -18"><span class='ocrx_word' id='word_1_644' title='bbox 2438 4633 2535 4687; x_wconf 81' lang='grc' dir='ltr'>Ἐκ</span> <span class='ocrx_word' id='word_1_645' title='bbox 2577 4635 2676 4702; x_wconf 82' lang='grc' dir='ltr'>τῆς</span> <span class='ocrx_word' id='word_1_646' title='bbox 2707 4636 2803 4687; x_wconf 86' lang='grc' dir='ltr'><strong>τοῦ</strong></span> <span class='ocrx_word' id='word_1_647' title='bbox 2832 4635 2992 4700; x_wconf 89' lang='grc' dir='ltr'>Θεοῦ,</span> <span class='ocrx_word' id='word_1_648' title='bbox 3026 4635 3185 4704; x_wconf 77' lang='grc' dir='ltr'>φησὶ,</span> <span class='ocrx_word' id='word_1_649' title='bbox 3216 4634 3545 4702; x_wconf 86' lang='grc' dir='ltr'>δοκιμασίας</span> <span class='ocrx_word' id='word_1_650' title='bbox 3578 4633 3676 4686; x_wconf 71' lang='grc' dir='ltr'>καὶ</span> <span class='ocrx_word' id='word_1_651' title='bbox 3708 4634 3957 4704; x_wconf 83' lang='grc' dir='ltr'>κρίσεως</span> 
     </span>
    </p>
   </div>
   <div class='ocr_carea' id='block_1_105' title="bbox 2357 4724 3957 4796">
    <p class='ocr_par' dir='ltr' id='par_1_105' title="bbox 2357 4724 3957 4796">
     <span class='ocr_line' id='line_1_105' title="bbox 2357 4724 3957 4796; baseline 0 -17"><span class='ocrx_word' id='word_1_652' title='bbox 2357 4724 2617 4796; x_wconf 70' lang='grc' dir='ltr'>ὑψοῦντος</span> <span class='ocrx_word' id='word_1_653' title='bbox 2658 4728 2753 4779; x_wconf 77' lang='grc' dir='ltr'>καὶ</span> <span class='ocrx_word' id='word_1_654' title='bbox 2802 4726 3189 4789; x_wconf 83' lang='grc' dir='ltr'>ταπεινοῦντος</span> <span class='ocrx_word' id='word_1_655' title='bbox 3209 4726 3269 4779; x_wconf 84' lang='grc' dir='ltr'>ὃν</span> <span class='ocrx_word' id='word_1_656' title='bbox 3288 4725 3568 4795; x_wconf 73' lang='grc' dir='ltr'>βούλεται·</span> <span class='ocrx_word' id='word_1_657' title='bbox 3596 4726 3818 4792; x_wconf 81' lang='grc' dir='ltr'>Κύριος</span> <span class='ocrx_word' id='word_1_658' title='bbox 3843 4727 3957 4794; x_wconf 74' lang='grc' dir='ltr'><strong>γὰρ</strong></span> 
     </span>
    </p>
   </div>
   <div class='ocr_carea' id='block_1_106' title="bbox 2358 4810 3952 4883">
    <p class='ocr_par' dir='ltr' id='par_1_106' title="bbox 2358 4810 3952 4883">
     <span class='ocr_line' id='line_1_106' title="bbox 2358 4810 3952 4883; baseline -0.003 -16"><span class='ocrx_word' id='word_1_659' title='bbox 2358 4815 2626 4883; x_wconf 66' lang='grc' dir='ltr'>πτωχίζὲι</span> <span class='ocrx_word' id='word_1_660' title='bbox 2679 4813 2779 4867; x_wconf 77' lang='grc' dir='ltr'><strong>καί</strong></span> <span class='ocrx_word' id='word_1_661' title='bbox 2832 4815 3167 4878; x_wconf 71' lang='grc' dir='ltr'>πλοιιτίζει,</span> <span class='ocrx_word' id='word_1_662' title='bbox 3224 4812 3498 4867; x_wconf 77' lang='grc' dir='ltr'>ταπεινοῖ</span> <span class='ocrx_word' id='word_1_663' title='bbox 3535 4813 3634 4865; x_wconf 75' lang='grc' dir='ltr'><strong>καί</strong></span> <span class='ocrx_word' id='word_1_664' title='bbox 3691 4810 3952 4879; x_wconf 62' lang='grc' dir='ltr'><em>ἀνυψοῖ,</em></span> 
     </span>
    </p>
   </div>
   <div class='ocr_carea' id='block_1_107' title="bbox 2364 4900 3956 4980">
    <p class='ocr_par' dir='ltr' id='par_1_107' title="bbox 2364 4900 3956 4980">
     <span class='ocr_line' id='line_1_107' title="bbox 2364 4900 3956 4980; baseline -0.007 -16"><span class='ocrx_word' id='word_1_665' title='bbox 2364 4911 2425 4964; x_wconf 81' lang='grc' dir='ltr'>οὐ</span> <span class='ocrx_word' id='word_1_666' title='bbox 2454 4910 2558 4980; x_wconf 82' lang='grc' dir='ltr'>μὴν</span> <span class='ocrx_word' id='word_1_667' title='bbox 2584 4908 2793 4977; x_wconf 82' lang='grc' dir='ltr'>ἀλόγως</span> <span class='ocrx_word' id='word_1_668' title='bbox 2823 4925 2836 4940; x_wconf 79' lang='grc'><em>’</em></span> <span class='ocrx_word' id='word_1_669' title='bbox 2870 4908 3006 4960; x_wconf 71' lang='grc' dir='ltr'>ἀλλὰ</span> <span class='ocrx_word' id='word_1_670' title='bbox 3034 4908 3160 4969; x_wconf 72' lang='grc' dir='ltr'>τοὺς</span> <span class='ocrx_word' id='word_1_671' title='bbox 3193 4905 3291 4975; x_wconf 76' lang='grc' dir='ltr'>μὲν</span> <span class='ocrx_word' id='word_1_672' title='bbox 3325 4905 3412 4956; x_wconf 75' lang='grc' dir='ltr'>διὰ</span> <span class='ocrx_word' id='word_1_673' title='bbox 3446 4900 3702 4965; x_wconf 81' lang='grc' dir='ltr'>πλούτου,</span> <span class='ocrx_word' id='word_1_674' title='bbox 3736 4902 3871 4963; x_wconf 77' lang='grc' dir='ltr'>τοὺς</span> <span class='ocrx_word' id='word_1_675' title='bbox 3900 4900 3956 4953; x_wconf 79' lang='grc' dir='ltr'>δὲ</span> 
     </span>
    </p>
   </div>
   <div class='ocr_carea' id='block_1_108' title="bbox 2368 4992 3501 5070">
    <p class='ocr_par' dir='ltr' id='par_1_108' title="bbox 2368 4992 3501 5070">
     <span class='ocr_line' id='line_1_108' title="bbox 2368 4992 3501 5070; baseline -0.007 -17"><span class='ocrx_word' id='word_1_676' title='bbox 2368 5003 2454 5055; x_wconf 80' lang='grc' dir='ltr'>διὰ</span> <span class='ocrx_word' id='word_1_677' title='bbox 2488 5002 2678 5056; x_wconf 82' lang='grc' dir='ltr'>πενίαν</span> <span class='ocrx_word' id='word_1_678' title='bbox 2702 5000 3112 5070; x_wconf 75' lang='grc' dir='ltr'>δοκιμάζοντος.</span> <span class='ocrx_word' id='word_1_679' title='bbox 3494 4992 3501 4997; x_wconf 85' lang='grc'><em>’</em></span> 
     </span>
    </p>
   </div>
   <div class='ocr_carea' id='block_1_109' title="bbox 2907 5169 3382 5237">
    <p class='ocr_par' dir='ltr' id='par_1_109' title="bbox 2907 5169 3382 5237">
     <span class='ocr_line' id='line_1_109' title="bbox 2907 5169 3382 5237; baseline -0.002 -13"><span class='ocrx_word' id='word_1_680' title='bbox 2907 5173 3195 5225; x_wconf 77' lang='grc' dir='ltr'><strong>ΨΑΛΜΟΣ</strong></span> <span class='ocrx_word' id='word_1_681' title='bbox 3246 5169 3382 5237; x_wconf 69' lang='lat' dir='ltr'><strong>oq’.</strong></span> 
     </span>
    </p>
   </div>
   <div class='ocr_carea' id='block_1_110' title="bbox 2446 5259 3910 5334">
    <p class='ocr_par' dir='ltr' id='par_1_110' title="bbox 2446 5259 3910 5334">
     <span class='ocr_line' id='line_1_110' title="bbox 2446 5259 3910 5334; baseline -0.008 -17"><span class='ocrx_word' id='word_1_682' title='bbox 2446 5286 2461 5317; x_wconf 77' lang='grc' dir='ltr'><strong>ι</strong></span> <span class='ocrx_word' id='word_1_683' title='bbox 2500 5262 2979 5334; x_wconf 71' lang='grc' dir='ltr'>Προκατελάδοντο</span> <span class='ocrx_word' id='word_1_684' title='bbox 3018 5264 3267 5332; x_wconf 79' lang='grc' dir='ltr'>φυλακὰς</span> <span class='ocrx_word' id='word_1_685' title='bbox 3310 5265 3359 5316; x_wconf 81' lang='grc' dir='ltr'>οἱ</span> <span class='ocrx_word' id='word_1_686' title='bbox 3402 5259 3674 5330; x_wconf 76' lang='grc' dir='ltr'>ὀφθαλμοί</span> <span class='ocrx_word' id='word_1_687' title='bbox 3720 5275 3851 5327; x_wconf 85' lang='grc' dir='ltr'>μου.</span> <span class='ocrx_word' id='word_1_688' title='bbox 3892 5277 3910 5306; x_wconf 80' lang='grc' dir='ltr'><strong>ι</strong></span> 
     </span>
    </p>
   </div>
   <div class='ocr_carea' id='block_1_111' title="bbox 2440 5349 3956 5427">
    <p class='ocr_par' dir='ltr' id='par_1_111' title="bbox 2440 5349 3956 5427">
     <span class='ocr_line' id='line_1_111' title="bbox 2440 5349 3956 5427; baseline -0.006 -18"><span class='ocrx_word' id='word_1_689' title='bbox 2440 5360 2695 5427; x_wconf 73' lang='grc' dir='ltr'>’Ἄριστος</span> <span class='ocrx_word' id='word_1_690' title='bbox 2754 5359 2831 5418; x_wconf 76' lang='grc' dir='ltr'>εἰς</span> <span class='ocrx_word' id='word_1_691' title='bbox 2875 5357 3108 5427; x_wconf 79' lang='grc' dir='ltr'>θεωρίαν</span> <span class='ocrx_word' id='word_1_692' title='bbox 3147 5357 3175 5407; x_wconf 86' lang='grc' dir='ltr'>ὁ</span> <span class='ocrx_word' id='word_1_693' title='bbox 3213 5356 3313 5424; x_wconf 83' lang='grc' dir='ltr'>τῆς</span> <span class='ocrx_word' id='word_1_694' title='bbox 3349 5353 3541 5415; x_wconf 75' lang='grc' dir='ltr'>νυκτὸς</span> <span class='ocrx_word' id='word_1_695' title='bbox 3571 5349 3763 5420; x_wconf 73' lang='grc' dir='ltr'>καιρὸς</span> <span class='ocrx_word' id='word_1_696' title='bbox 3793 5386 3810 5411; x_wconf 94' lang='grc'><strong>,</strong></span> <span class='ocrx_word' id='word_1_697' title='bbox 3850 5351 3956 5401; x_wconf 68' lang='grc' dir='ltr'>οὐκ</span> 
     </span>
    </p>
   </div>
   <div class='ocr_carea' id='block_1_112' title="bbox 700 5438 2237 5517">
    <p class='ocr_par' dir='ltr' id='par_1_112' title="bbox 700 5445 2237 5516">
     <span class='ocr_line' id='line_1_112' title="bbox 700 5445 2237 5516; baseline 0.002 -19"><span class='ocrx_word' id='word_1_698' title='bbox 700 5460 828 5497; x_wconf 84' lang='lat' dir='ltr'><strong>cum</strong></span> <span class='ocrx_word' id='word_1_699' title='bbox 861 5459 967 5498; x_wconf 91' lang='lat' dir='ltr'><strong>non</strong></span> <span class='ocrx_word' id='word_1_700' title='bbox 1010 5445 1079 5499; x_wconf 88' lang='lat' dir='ltr'><strong>ad</strong></span> <span class='ocrx_word' id='word_1_701' title='bbox 1135 5446 1237 5500; x_wconf 87' lang='lat' dir='ltr'><strong>alia</strong></span> <span class='ocrx_word' id='word_1_702' title='bbox 1267 5448 1522 5503; x_wconf 85' lang='lat' dir='ltr'><strong>distrahit</strong></span> <span class='ocrx_word' id='word_1_703' title='bbox 1576 5462 1753 5516; x_wconf 91' lang='lat' dir='ltr'><strong>neque</strong></span> <span class='ocrx_word' id='word_1_704' title='bbox 1795 5446 2030 5508; x_wconf 89' lang='lat' dir='ltr'><strong>auditus,</strong></span> <span class='ocrx_word' id='word_1_705' title='bbox 2089 5461 2237 5515; x_wconf 7' lang='lat' dir='ltr'><strong>neque</strong></span> 
     </span>
    </p>
   </div>
   <div class='ocr_carea' id='block_1_113' title="bbox 2342 5438 3956 5517">
    <p class='ocr_par' dir='ltr' id='par_1_113' title="bbox 2368 5438 3956 5517">
     <span class='ocr_line' id='line_1_113' title="bbox 2368 5438 3956 5517; baseline 0 -17"><span class='ocrx_word' id='word_1_706' title='bbox 2368 5448 2708 5517; x_wconf 70' lang='grc' dir='ltr'>ἀφελκούσης</span> <span class='ocrx_word' id='word_1_707' title='bbox 2742 5448 2878 5517; x_wconf 83' lang='grc' dir='ltr'>πρὸς</span> <span class='ocrx_word' id='word_1_708' title='bbox 2918 5448 3085 5516; x_wconf 82' lang='grc' dir='ltr'>’ἐτερα</span> <span class='ocrx_word' id='word_1_709' title='bbox 3118 5446 3244 5500; x_wconf 78' lang='grc' dir='ltr'>οὕτε</span> <span class='ocrx_word' id='word_1_710' title='bbox 3289 5447 3387 5516; x_wconf 78' lang='grc' dir='ltr'>τῆς</span> <span class='ocrx_word' id='word_1_711' title='bbox 3427 5443 3596 5512; x_wconf 79' lang='grc' dir='ltr'>ἀκοῆς</span> <span class='ocrx_word' id='word_1_712' title='bbox 3619 5481 3635 5507; x_wconf 91' lang='grc'><strong>,</strong></span> <span class='ocrx_word' id='word_1_713' title='bbox 3682 5438 3815 5493; x_wconf 72' lang='grc' dir='ltr'>οὔτε</span> <span class='ocrx_word' id='word_1_714' title='bbox 3850 5438 3956 5506; x_wconf 75' lang='grc' dir='ltr'><strong>τῆς</strong></span> 
     </span>
    </p>
   </div>
   <div class='ocr_carea' id='block_1_114' title="bbox 707 5535 2262 5608">
    <p class='ocr_par' dir='ltr' id='par_1_114' title="bbox 707 5535 2262 5608">
     <span class='ocr_line' id='line_1_114' title="bbox 707 5535 2262 5608; baseline 0.001 -18"><span class='ocrx_word' id='word_1_715' title='bbox 707 5535 884 5602; x_wconf 83' lang='lat' dir='ltr'><strong>visus,</strong></span> <span class='ocrx_word' id='word_1_716' title='bbox 916 5536 1156 5608; x_wconf 76' lang='lat' dir='ltr'><strong>&#39;quorum</strong></span> <span class='ocrx_word' id='word_1_717' title='bbox 1214 5540 1531 5595; x_wconf 84' lang='lat' dir='ltr'><strong>alterutrum</strong></span> <span class='ocrx_word' id='word_1_718' title='bbox 1584 5547 1825 5594; x_wconf 86' lang='lat' dir='ltr'><strong>mentem</strong></span> <span class='ocrx_word' id='word_1_719' title='bbox 1850 5538 1916 5593; x_wconf 89' lang='lat' dir='ltr'><strong>ad</strong></span> <span class='ocrx_word' id='word_1_720' title='bbox 1970 5553 2026 5593; x_wconf 80' lang='lat' dir='ltr'><strong>se</strong></span> <span class='ocrx_word' id='word_1_721' title='bbox 2076 5538 2262 5603; x_wconf 87' lang='lat' dir='ltr'><strong>allicit,</strong></span> 
     </span>
    </p>
   </div>
   <div class='ocr_carea' id='block_1_115' title="bbox 779 5713 1306 5785">
    <p class='ocr_par' dir='ltr' id='par_1_115' title="bbox 779 5713 1306 5785">
     <span class='ocr_line' id='line_1_115' title="bbox 779 5713 1306 5785; baseline 0.002 -19"><span class='ocrx_word' id='word_1_722' title='bbox 779 5715 826 5745; x_wconf 76' lang='lat'><strong>”</strong></span> <span class='ocrx_word' id='word_1_723' title='bbox 861 5713 877 5766; x_wconf 92' lang='grc' dir='ltr'><strong>Ι</strong></span> <span class='ocrx_word' id='word_1_724' title='bbox 915 5714 1042 5785; x_wconf 72' lang='lat' dir='ltr'><strong>Heg.</strong></span> <span class='ocrx_word' id='word_1_725' title='bbox 1073 5732 1222 5775; x_wconf 63' lang='grc' dir='ltr'>χχιιι,</span> <span class='ocrx_word' id='word_1_726' title='bbox 1260 5718 1306 5769; x_wconf 83' lang='lat'><strong>7.</strong></span> 
     </span>
    </p>
   </div>
   <div class='ocr_carea' id='block_1_116' title="bbox 2368 5529 3956 5610">
    <p class='ocr_par' dir='ltr' id='par_1_116' title="bbox 2368 5529 3956 5610">
     <span class='ocr_line' id='line_1_116' title="bbox 2368 5529 3956 5610; baseline -0.001 -18"><span class='ocrx_word' id='word_1_727' title='bbox 2368 5540 2563 5609; x_wconf 50' lang='grc' dir='ltr'>ὅψεως,</span> <span class='ocrx_word' id='word_1_728' title='bbox 2599 5532 2672 5593; x_wconf 86' lang='grc' dir='ltr'><strong>ῶν</strong></span> <span class='ocrx_word' id='word_1_729' title='bbox 2696 5540 2934 5610; x_wconf 79' lang='grc' dir='ltr'>ἑκάτερα</span> <span class='ocrx_word' id='word_1_730' title='bbox 2958 5540 3047 5592; x_wconf 72' lang='grc' dir='ltr'><strong>τὸν</strong></span> <span class='ocrx_word' id='word_1_731' title='bbox 3082 5540 3208 5595; x_wconf 81' lang='grc' dir='ltr'>νοῦν</span> <span class='ocrx_word' id='word_1_732' title='bbox 3242 5542 3322 5602; x_wconf 77' lang='grc' dir='ltr'>εἰς</span> <span class='ocrx_word' id='word_1_733' title='bbox 3349 5536 3517 5608; x_wconf 74' lang='grc' dir='ltr'>αὐτὴν</span> <span class='ocrx_word' id='word_1_734' title='bbox 3547 5532 3817 5606; x_wconf 67' lang='grc' dir='ltr'>περισπᾷ,</span> <span class='ocrx_word' id='word_1_735' title='bbox 3850 5529 3956 5598; x_wconf 80' lang='grc' dir='ltr'><strong>τῆς</strong></span> 
     </span>
    </p>
   </div>
  </div>
