4156 6452
127 450 275 517 1245

1292 457 1756 519 FRAGMENTA
1794 459 1877 520 IN
1920 461 2275 526 PSALMOS.

3268 453 3400 520 1246

120 571 386 643 θεωρίας
453 576 766 645 ἀφέλκουσα
790 591 805 607 °
847 575 907 629 έν
929 575 1104 647 ταύτῃ
1150 575 1334 631 τοίνυν
1365 577 1720 647 ἠδολέσχησε,

1829 591 1946 630 eam
1977 577 2300 630 abstrahens
2348 589 2379 628 a
2432 572 2928 642 contemplatione:
2990 571 3045 625 in
3076 569 3179 625 hac
3234 569 3399 640 igitur

123 659 273 730 περὶ
310 663 424 727 τὰς
459 664 802 735 θεωρητικὰς
831 665 1076 736 κινήσεις
1097 664 1521 734 ἀσχολούμενος.
1557 665 1730 718 Τοῦτο

118 750 242 819 γὰρ
294 753 632 825 ἀδολεσχίαν
664 755 758 808 ἐπὶ
804 755 899 808 τοῦ
924 756 1196 827 παρόντος
1237 756 1491 827 εἰρῆσθαι
1527 757 1731 828 προλα-

118 839 334 905 ϐόντες
379 843 692 915 ἐδείξαμεν.
735 845 1004 900 Ἐσκαλλε
1045 845 1103 899 δὲ
1139 845 1237 898 νῦν
1272 847 1441 900 αὑτοῦ
1469 846 1530 898 16
1563 846 1729 899 πνεῦ-

121 949 250 998 μαο
305 935 638 1001 τουτέστιν,
718 937 1142 1008 έδυσχεραίνεν.
1188 937 1344 991 οὔπω
1402 938 1730 992 καταλαϐεῖν

122 1021 267 1091 περὶ
293 1023 517 1078 τούτων
545 1025 867 1094 δυνάμενον.
921 1027 979 1080 '0
1019 1025 1211 1096 παρὼν
1243 1026 1385 1096 βίος,
1414 1026 1481 1080 δι’
1507 1029 1729 1094 ἄγνοιαν

119 1113 254 1177 νὺξ,
293 1117 360 1169 έν
404 1111 481 1185 ᾧ,
506 1115 696 1187 φησὶν,
732 1118 831 1187 οὐχ
863 1117 1016 1188 ῦπνῳ
1058 1117 1354 1188 παρέδωκα
1385 1119 1507 1171 κατ’
1534 1118 1730 1181 ἀλλους

117 1206 296 1270 τινὰς
356 1208 600 1278 ἐμαυτὸν
639 1210 657 1279 (
667 1211 732 1262 οι
759 1208 869 1277 γὰρ
901 1208 1318 1274 καθεύδοντες,
1337 1209 1560 1273 νυκτὸς
1584 1213 1729 1264 καθ-

117 1296 406 1352 εύδουσι
427 1315 441 1328 ’
473 1300 571 1352 καί
607 1302 661 1353 οι
695 1299 1137 1368 μεθυσκόμενοι
1160 1338 1173 1363 ,
1215 1300 1439 1365 νυκτὸς
1466 1301 1729 1369 μεθύου-

116 1386 260 1456 σιν)
286 1403 302 1417 ο
346 1389 540 1458 νήφων
572 1389 628 1441 δὲ
663 1389 803 1458 μετὰ
830 1387 923 1440 τοῦ
955 1391 1120 1458 νόμου
1154 1389 1285 1460 περὶ
1298 1390 1418 1442 τῶν
1442 1391 1730 1460 πρακτέων

116 1475 497 1548 διελεγόμην.
549 1477 866 1548 Πρόσκαιρα
895 1477 1004 1547 γὰρ
1040 1473 1181 1532 εἶναι
1225 1480 1292 1532 τά
1332 1478 1575 1549 παρόντα
1622 1496 1722 1549 μα-

118 1564 265 1630 θὼν,
317 1567 429 1620 καὶ
463 1568 614 1630 τέλος
665 1568 825 1633 ἕξειν,
865 1569 1169 1621 κατέλαϐον
1211 1570 1279 1622 τὰ
1321 1569 1730 1639 περιεστηκότα

118 1658 313 1714 δεινά.
355 1661 691 1732 Γεωργικῷς
720 1661 777 1714 δὲ
801 1663 861 1716 τὸ
894 1663 1027 1733 ἐμὸν
1056 1663 1350 1716 ὲσκάλευον
1379 1663 1619 1733 πνεῦμα,
1641 1663 1726 1715 ἵνα

120 1749 386 1818 σπείρας
419 1753 476 1803 ὲν
500 1749 652 1818 αύτῷ
682 1749 886 1820 θερίσω
910 1751 1056 1822 ζωὴν
1084 1750 1323 1806 αἰώνιον.
1367 1753 1426 1804 '0
1460 1753 1728 1820 σπείρων

118 1842 243 1909 γὰρ
289 1842 390 1906 εὶς
439 1842 506 1894 τὸ
553 1843 809 1912 πνεῦμα,
853 1845 922 1898 ἐκ
967 1845 1075 1898 τοῦ
1121 1845 1461 1914 πνεύματος
1505 1847 1726 1914 θερίσει

118 1927 292 1995 ζωὴν
358 1930 626 1985 αἰώνιον.
694 1911 976 2004 ’Ᾰνωτέρω
1034 1934 1136 2004 μὲν
1170 1911 1285 1988 οῦν*
1309 1935 1525 2006 πνεῦμα
1566 1911 1723 2005 έλεγε
1755 1911 1800 1968 Β

119 2020 230 2086 τὴν
257 2020 456 2091 ψυχήν
476 2038 490 2051 °
522 2023 760 2078 ἐνταῦθα
789 2024 845 2079 δὲ
877 2026 939 2078 τὸ
969 2025 1190 2094 πνεῦμα
1221 2025 1316 2079 τοῦ
1342 2027 1633 2095 ἀνθρώπου
1668 2029 1727 2082 τὸ

121 2113 185 2162 έν
218 2112 411 2183 αὐτῷ,
450 2115 572 2184 μεθ’
608 2107 671 2169 οὗ
716 2119 750 2187 ή
781 2117 929 2187 ψυχὴ
967 2118 1187 2172 σκάλλει
1215 2137 1276 2172 τε
1310 2121 1408 2174 καὶ
1427 2120 1724 2191 ἀδολεσχεῦ

123 2203 188 2252 οὐ
247 2203 368 2273 γὰρ
420 2205 595 2274 δήπου
635 2206 698 2259 τὸ
741 2206 900 2276 σῶμα
941 2209 1078 2278 μετά
1111 2209 1211 2280 τῆς
1260 2210 1461 2280 ψυχῆς.
1512 2211 1577 2264 Ἦ
1634 2211 1728 2265 οῦν

124 2295 354 2362 κυρίως
397 2297 686 2367 ἀνθρώπου
721 2299 866 2371 ψυχὴ
901 2301 1185 2371 ἀδολεσχεῖ
1211 2302 1353 2373 μετὰ
1376 2303 1470 2357 τοῦ
1495 2304 1608 2371 νοῦ,
1633 2304 1728 2358 καὶ

130 2385 371 2439 σκάλλει
405 2386 466 2441 τὸ
500 2389 719 2459 πνεῦμα
745 2389 1181 2459 συνεζευγμένον
1218 2391 1296 2462 τῷ
1335 2390 1431 2462 νῷ.
1463 2395 1728 2461 Προσεύ-

126 2471 320 2544 ξομαι
373 2480 485 2551 γὰρ
531 2479 612 2546 τῷ
652 2483 970 2552 πνεύματι,
1019 2484 1430 2552 προσεύξομαι
1496 2485 1596 2539 καί
1648 2483 1730 2553 τῷ

132 2571 255 2622 νοτ.

212 2681 234 2714 1
265 2662 427 2734 Αὕτη
460 2666 493 2735 ἡ
527 2665 816 2728 ἀλλοίωσις
838 2666 938 2735 τῆς
963 2665 1145 2731 δεξιᾶς
1166 2666 1261 2720 τοῦ
1303 2667 1586 2737 Ὑψίστου.
1612 2686 1630 2719 ι

231 2756 302 2808 Ἦ
341 2755 499 2820 δεξιά
550 2757 606 2810 δὲ
651 2757 745 2810 τοῦ
797 2747 1010 2828 Πατρός
1042 2760 1071 2810 6
1099 2759 1410 2829 Μονογενὴς
1448 2759 1726 2828 ἄντικρυς,

135 2847 335 2918 ὥσπερ
369 2851 450 2911 είς
483 2849 544 2903 τὸ
567 2853 818 2920 κρεῖττον
847 2853 997 2920 ἡμᾶς
1027 2851 1354 2920 ὴλλοίωσεν.

216 2956 235 2990 ι
283 2939 605 3011 Ἐμνήσθην
633 2941 743 2995 τῶν
772 2941 948 3013 ἔργων
981 2943 1213 3014 Κυρίου.
1246 2961 1264 2994 ι

211 3032 519 3103 Θαυμάσια
567 3033 660 3087 τοῦ
711 3033 849 3087 Θεοῦ
895 3035 996 3104 μὲν
1026 3033 1198 3087 πολλά
1240 3033 1369 3104 ’περὶ⁵
1407 3035 1508 3103 τὴν
1552 3035 1730 3087 κτίσιν

139 3124 241 3178 καὶ
267 3125 442 3196 ἔτερα
459 3141 474 3155 '
501 3126 782 3197 ἐξαίρετον
806 3127 884 3193 δὲ,
915 3128 1017 3193 ὃτι,
1035 3126 1163 3197 χοῦν
1190 3126 1391 3189 λαϐὼν,
1417 3126 1554 3189 ζῶον
1579 3125 1730 3178 ἔθετο

140 3215 392 3283 λογικὸν,
416 3217 510 3269 καὶ
547 3218 755 3270 οίκείαν
786 3221 970 3272 είκόνα
1017 3217 1341 3287 κατέστησε.
1378 3217 1566 3272 Ταῦτα
1597 3218 1725 3288 περὶ
1755 3235 1798 3293 c

141 3309 295 3378 ἡμᾶς
345 3310 446 3362 ἀπ’
495 3310 669 3380 ἀρχῆς
707 3309 802 3363 τοῦ
843 3310 980 3363 Θεοῦ
1034 3310 1333 3380 θαυμάσια,
1383 3311 1527 3381 ἅπερ
1567 3309 1724 3380 ήμῶν

139 3401 308 3470 χάριν
345 3402 679 3471 εἰργάσατο⁸
717 3400 972 3469 φαίνεται
1002 3401 1110 3473 γάρ
1163 3402 1491 3472 παράδεισον
1525 3402 1725 3470 φυτεύ-

146 3509 267 3556 σας,
309 3487 436 3544 εῐτα
482 3492 646 3544 πάλιν
684 3491 1036 3554 ἀποκλείσας,
1085 3491 1472 3561 κατακλυσμὸν
1517 3494 1725 3560 ἐπαγα-

147 3585 284 3651 γὼν,
320 3584 392 3636 δι’
423 3581 482 3638 οῦ
507 3585 601 3637 καὶ
630 3587 977 3656 τιμωρεῖται,
1014 3585 1109 3637 καὶ
1146 3583 1331 3648 σώζει,
1366 3585 1428 3637 τὸ
1452 3584 1725 3655 ἡμέτερον

145 3676 383 3746 φύραμα
408 3676 645 3745 συγχέας
667 3677 775 3729 τῶν
814 3675 1296 3747 πυργοποιούντων
1324 3675 1420 3738 τάς
1451 3675 1720 3744 γλώσσας.

159 3768 322 3822 Ἀλλὰ
359 3771 456 3821 καὶ
497 3768 565 3820 δι’
596 3769 744 3838 ἡμᾶς
779 3769 1048 3836 φαίνεται,
1073 3767 1166 3820 ἐπὶ
1185 3766 1263 3837 τῷ
1301 3767 1516 3837 φυσικῷ
1547 3767 1722 3838 νόμῳ,

145 3860 316 3930 νόμον
349 3859 594 3930 γραπτὸν
633 3858 828 3928 εὑρὼν,
867 3860 960 3912 ἐπὶ
1009 3858 1186 3929 τούτῳ
1227 3857 1326 3929 τὴν
1364 3861 1722 3929 προφητείαν.

158 3950 600 4021 Ἐπιτηδεύματα
645 3950 755 4021 γὰρ
790 3948 964 4003 ταῦτα
1016 3948 1109 4002 τοῦ
1153 3949 1329 4012 Θεοῦ,
1389 3949 1559 4002 σῶσαι
1618 3967 1723 4021 μη-

146 4041 466 4111 χανωμένου
498 4042 558 4093 τὸ
597 4041 753 4109 γένος
783 4040 844 4094 τδ
877 4040 1184 4111 ἡμέτερον
1231 4041 1290 4092 ἐν
1321 4033 1405 4104 οἷς
1452 4041 1480 4093 6
1517 4042 1725 4110 προφή-

147 4148 247 4202 της
272 4134 572 4203 ἀδολεσχεῖ,
601 4134 658 4185 έν
681 4132 893 4195 τούτοις
921 4131 1102 4201 ζητῶν
1145 4132 1238 4184 ἐπὶ
1271 4131 1407 4185 πολὺ
1447 4133 1540 4185 καὶ
1574 4131 1724 4200 λογι-

150 4221 410 4291 ζόμενος,
457 4222 510 4275 τί
541 4221 704 4285 σώζει
761 4221 870 4274 τῶν
919 4219 1228 4291 εἰρημένων
1265 4220 1357 4274 τὸν
1414 4220 1719 4292 ἄνθρωπον.

151 4311 383 4383 Ἕτερον
429 4313 488 4366 δὲ
533 4314 685 4384 παρὰ
711 4311 887 4365 ταῦτα
937 4311 1136 4383 εὑρὼν,
1194 4311 1400 4376 εὐθέως
1440 4313 1723 4368 1.0610611-

152 4405 380 4474 ήγαγεν·

227 4516 246 4548 1
286 4497 384 4560 Τίς
426 4496 598 4566 μέγας
619 4495 692 4558 ὡς
719 4497 747 4548 6
777 4495 909 4558 Θεὸς
932 4493 1111 4565 ήμῶν;
1146 4512 1164 4544 ι

218 4588 294 4641 Ού
334 4589 644 4659 συγκρίνων
682 4587 829 4655 λέγει
874 4586 1187 4657 (σύγκρισιν
1218 4585 1326 4656 γὰρ
1369 4586 1397 4638 6
1423 4586 1721 4655 ἀπειρομε-
1751 4584 1801 4642 D

152 4677 318 4748 γέθης
363 4679 463 4731 οὐκ
517 4677 873 4748 ἐπιδέχεται),
931 4677 1117 4748 ὑμνῶν
1146 4677 1199 4728 δὲ
1257 4677 1351 4730 καὶ
1391 4677 1724 4745 θαυμάζωνο

153 4770 340 4840 ἐπειδὴ
383 4769 556 4839 μέγας
601 4768 701 4839 μὲν
746 4768 914 4832 ὅντως
948 4772 1042 4822 καὶ
1090 4768 1189 4840 τὴν
1238 4770 1423 4839 ἰσχὺν,
1469 4768 1643 4840 μέγας
1674 4769 1731 4822 δὲ

155 4862 249 4914 καὶ
305 4862 403 4932 τὴν
467 4861 916 4929 συγκατάϐασιν,
979 4860 1154 4929 μέγας
1219 4860 1311 4913 διά
1364 4861 1726 4924 δυναστείαν,

157 4947 328 5016 μέγας
377 4948 465 5002 διὰ
505 4950 605 5018 τὴν
643 4947 1088 5018 φιλανθρωπίαν,
1127 4947 1203 5010 ὡς
1237 4947 1478 5000 δείκνυσι
1522 4947 1591 5000 τὰ
1635 4949 1733 5000 ὲπ-

157 5039 425 5109 αγόμενα.

230 5150 248 5182 ι
296 5132 599 5202 Ὠδήγησας
623 5130 700 5191 ὡς
735 5129 987 5200 πρόϐατα
1014 5131 1105 5183 τὸν
1134 5131 1283 5184 λαόν.
1323 5149 1342 5182 ι

227 5229 301 5280 Ού
341 5227 517 5297 μάτην
544 5226 779 5279 ἐνταῦθα
808 5228 874 5296 τῇ
902 5229 1072 5280 εικόνι
1100 5227 1208 5280 τῶν
1245 5227 1533 5297 προϐάτων
1567 5228 1725 5296 ὲχρή-

158 5335 318 5372 σατοο
353 5320 467 5373 ἀλλ’
510 5319 697 5389 ἐπειδὴ
739 5318 920 5389 ῥάϐδῳ
961 5317 1134 5371 ταῦτα
1166 5319 1273 5372 ύπὸ
1307 5317 1412 5371 τῶν
1445 5317 1723 5387 ποιμένων

156 5408 456 5474 εὐθύνεται,
485 5409 672 5480 ὥσπερ
695 5409 791 5461 καὶ
824 5410 984 5478 ἡμεῖς
1019 5408 1095 5478 τῷ
1142 5407 1364 5478 σταυρῷ
1400 5407 1554 5478 παρά
1581 5408 1723 5477 X91-

159 5500 280 5553 στοῦ
309 5501 727 5571 ποιμαινόμεθα.
778 5499 940 5554 Ὅθεν
975 5501 1067 5552 καὶ
1095 5498 1190 5552 τοῦ
1235 5499 1501 5562 Μωσέως,
1547 5498 1626 5552 ἐτι
1665 5499 1722 5552 δὲ

160 5591 248 5643 καὶ
292 5592 383 5645 τοῦ
449 5592 660 5661 Ἀαρὼν
709 5590 1137 5663 ἐμνημόνευσεν,
1167 5591 1364 5651 οἵτινες
1399 5589 1570 5642 τύπον
1620 5589 1715 5642 τοῦ

1831 667 2192 731 exercitabar,
2224 666 2420 721 anxius
2448 665 2593 719 circa
2624 661 3078 733 contemplativas
3107 661 3393 715 motiones.

1830 756 1944 813 Hoc
1969 761 2115 813 enim
2141 757 2197 811 in
2217 755 2629 826 praesentiarum
2659 753 3107 810 exercitationem
3137 749 3398 821 appellari

1829 849 2082 918 superius
2108 847 2471 902 ostendimus.
2525 847 2679 900 Nunc
2705 855 2888 898 autem
2940 845 3186 911 spiritum
3236 857 3396 898 suum

1829 941 2111 1009 scopebat.
2141 954 2238 993 seu
2271 937 2572 992 sarriebat:
2599 937 2651 991 id
2683 947 2786 1002 est,
2826 951 2970 1006 aegre
2999 935 3226 997 ferebat,
3254 931 3397 1001 quod

1827 1031 2065 1086 necdum
2085 1032 2203 1085 haec
2247 1029 2542 1098 concipere
2573 1028 2798 1082 valeret.
2841 1029 3088 1082 Pmsens
3123 1025 3240 1077 haec
3285 1023 3396 1076 vita

1829 1132 2052 1193 propter
2091 1121 2455 1192 ignorantiam
2487 1135 2595 1174 nox
2620 1125 2725 1185 est,
2754 1119 2807 1172 in
2850 1133 2978 1187 qua,
3033 1116 3228 1185 inquit,
3260 1129 3394 1175 non.

1830 1220 1890 1265 ut
1920 1212 2087 1280 aliqui
2124 1212 2235 1276 alii,
2269 1225 2463 1265 somno
2513 1225 2602 1264 me
2663 1209 2859 1263 tradidi
2925 1207 3048 1277 (Qui
3101 1207 3240 1260 enim
3274 1210 3398 1257 dor-

1828 1305 2018 1364 miunt,
2046 1313 2192 1356 nocte
2221 1303 2523 1365 dormiunt;
2553 1309 2602 1355 et
2634 1302 2726 1372 qui
2755 1301 2884 1354 ebrii
2912 1309 3053 1363 sunt,
3087 1306 3234 1352 nocte
3271 1295 3400 1349 ebrii

1827 1393 2068 1461 sunt“);
2103 1392 2201 1445 sed
2256 1391 2476 1445 sobrius
2528 1406 2652 1445 cum
2700 1391 2818 1461 lege
2848 1390 2916 1444 de
2965 1391 3127 1443 rebus
3177 1384 3400 1456 agendis

1827 1483 2185 1538 disserebam.
2220 1481 2354 1535 Cum
2393 1480 2538 1535 enim
2579 1481 2869 1551 praesentia
2894 1478 3224 1534 didicissem
3277 1489 3400 1529 esse

1830 1575 2154 1646 temporaria
2180 1583 2236 1629 et
2261 1575 2423 1628 linem
2482 1574 2756 1638 habitura,
2801 1571 3057 1626 instantia
3089 1567 3230 1622 mala
3278 1582 3400 1620 sus-

1828 1668 1968 1738 cepi.
1991 1669 2074 1722 Ad
2107 1667 2328 1721 modum
2354 1676 2537 1720 autem
2570 1663 2912 1735 agricultura}
2943 1661 3191 1730 spiritum
3217 1671 3398 1711 meum

1829 1760 2145 1824 sarriebam,
2167 1767 2229 1813 ut
2264 1760 2320 1812 in
2347 1773 2414 1813 eo
2447 1756 2724 1811 seminans
2755 1761 3020 1806 meterem
3049 1750 3214 1802 vitam
3242 1756 3400 1799 arter-

1833 1868 1981 1907 nam.
2013 1850 2146 1905 Nam
2177 1851 2267 1921 qui
2299 1851 2524 1904 seminat
2569 1849 2624 1900 in
2661 1846 2872 1916 spiritu,
2903 1843 2968 1896 de
3014 1841 3204 1909 spiritu
3246 1846 3402 1891 metet

1829 1944 1994 1997 vitam
2059 1951 2315 1997 aeternam
2339 1939 2404 1993 υ.
2477 1936 2744 2006 Superius
2812 1933 3080 2003 siquidem
3150 1928 3399 1999 spiritum

1830 2033 2046 2090 vocavit
2077 2033 2355 2097 animam;
2389 2031 2479 2085 hic
2510 2038 2689 2083 autem
2718 2026 2967 2096 spiritum
3028 2022 3268 2077 hominis
3307 2020 3399 2089 qui

1829 2128 1884 2181 in
1920 2126 2038 2197 ipso
2070 2133 2173 2188 est,
2206 2139 2330 2178 cum
2359 2137 2468 2187 quo
2496 2120 2676 2174 anima
2721 2116 2896 2186 scopit
2920 2130 3016 2169 seu
3066 2112 3202 2167 fodit
3244 2119 3300 2165 et
3341 2125 3402 2164 se

1828 2227 2046 2274 exercet
2087 2218 2218 2288 (non
2253 2215 2397 2270 enim
2453 2228 2651 2283 corpus
2692 2225 2816 2267 cum
2847 2209 3026 2262 anima
3078 2206 3182 2259 hoc
3225 2200 3401 2272 facit).

1829 2309 2053 2380 Proprie
2107 2308 2272 2379 igitur
2338 2307 2522 2360 anima
2574 2301 2810 2357 hominis
2876 2305 3096 2356 exercet
3162 2309 3221 2350 se
3276 2309 3402 2347 cum

1829 2411 2030 2466 mente,
2056 2410 2112 2454 et
2135 2397 2564 2467 sarritspiritum
2593 2392 2763 2448 menti
2798 2389 3175 2461 coniunctum.
3231 2384 3402 2441 Orabo

1828 2494 1977 2549 enim
2011 2493 2225 2561 spiritu,
2266 2490 2427 2543 orabo
2455 2497 2504 2542 et
2532 2483 2782 2540 mente".

1899 2669 2065 2724 Vens.
2100 2668 2188 2723 ll.
2231 2685 2249 2719 1
2284 2664 2410 2720 Haec
2439 2662 2672 2718 mutatio
2701 2661 2940 2716 dextera:
2958 2655 3192 2714 Excelsi.
3229 2673 3248 2706 ι

1898 2761 2131 2813 Dextera
2170 2770 2353 2811 autem
2411 2755 2585 2809 Patris
2621 2762 2705 2808 est
2735 2751 3080 2819 Unigenitus,
3125 2747 3216 2818 qui
3246 2743 3399 2817 quasi

1831 2867 1863 2908 ο
1901 2853 2121 2907 diverso
2145 2865 2249 2904 nos
2283 2849 2338 2902 in
2366 2847 2564 2902 melius
2597 2845 2923 2898 immutavit.

1899 2943 2062 2998 Vens.
2101 2943 2186 2997 ιε.
2221 2961 2240 2993 1
2274 2940 2480 2995 Memor
2503 2937 2580 2992 fui
2611 2952 2840 3006 operum
2866 2933 3100 2988 Domini.
3143 2950 3161 2983 ι

1902 3035 2064 3088 Multa
2094 3033 2313 3103 quidem
2341 3039 2396 3085 et
2427 3030 2573 3084 varia
2625 3028 2719 3082 Dei
2756 3025 3026 3080 mirabilia
3056 3024 3203 3076 circa
3249 3035 3403 3075 crea-

1833 3125 2034 3179 tionem
2064 3122 2417 3184 acciderunt;
2449 3119 2542 3173 sed
2583 3118 2688 3172 hoc
2714 3116 2996 3180 eximium,
3030 3112 3402 3183 quod,pulve~

1831 3231 1944 3269 rem
1990 3213 2287 3283 accipiens,
2347 3209 2552 3264 animal
2626 3207 2886 3261 rationale
2953 3204 3280 3267 condiderit,
3347 3210 3403 3257 et

1831 3305 2107 3376 propriam
2172 3301 2464 3371 imaginem
2526 3297 2896 3354 constituerit.
2953 3295 3080 3350 Haec
3153 3303 3282 3349 sunt
3335 3293 3404 3348 ab

1832 3398 1987 3452 initio
2032 3394 2128 3449 Dei
2179 3394 2324 3448 circa
2363 3407 2463 3446 nos
2509 3390 2806 3453 mirabilia,
2859 3403 2979 3458 quae
3012 3387 3190 3442 nostri
3237 3398 3403 3440 causa

1833 3497 2095 3560 operatus
2137 3485 2277 3541 fuit:
2303 3492 2533 3554 apparet
2567 3483 2711 3536 enim
2742 3482 3054 3551 paradisum
3103 3480 3401 3548 plantasse,

1831 3579 2027 3636 deinde
2056 3577 2254 3632 iterum
2283 3574 2638 3640 destruxisse,
2670 3573 2938 3627 diluvium
2977 3569 3264 3630 inducens.
3305 3585 3406 3639 per

1829 3670 1976 3742 quod
2005 3682 2240 3723 massam
2295 3675 2537 3720 nostram
2576 3673 2631 3718 et
2666 3666 2825 3733 punit
2846 3671 2901 3716 et
2927 3671 3124 3725 servat,
3167 3661 3401 3716 confun-

1831 3762 1967 3817 dens
1990 3762 2203 3830 linguas
2229 3756 2551 3811 turrillcum.
2582 3753 2850 3807 Caterum
2877 3761 3099 3822 propter
3130 3767 3231 3806 nos
3264 3766 3400 3820 quo-

1831 3868 1938 3924 que
1995 3851 2233 3914 videtur,
2285 3855 2484 3917 prater
2537 3846 2712 3916 legem
2760 3844 3090 3905 naturalem,
3140 3843 3400 3912 scriptam

1831 3942 2007 4012 legem
2037 3936 2411 4001 adinvenisse,
2439 3944 2492 3989 et
2524 3943 2643 4003 post
2684 3934 2843 3996 hanc,
2878 3933 3242 4003 prophetiam.
3279 3931 3405 3986 Hac

1831 4030 1979 4085 enim
2006 4035 2135 4083 sunt
2155 4041 2320 4096 opera
2345 4023 2462 4088 Dei,
2497 4037 2668 4094 genus
2705 4031 2953 4077 nostrum
2998 4036 3217 4075 servare
3258 4029 3403 4074 sata-

1831 4121 2040 4190 gentis:
2064 4119 2121 4172 in
2161 4118 2358 4188 quibus
2384 4117 2649 4187 propheta
2681 4116 3037 4180 exercitatur,
3090 4130 3188 4169 seu
3226 4114 3403 4168 medi-

1832 4219 1996 4274 tatur,
2027 4209 2144 4264 baec
2168 4207 2449 4278 inquirens
2477 4215 2533 4260 et
2561 4206 2890 4276 recogitans,
2922 4204 3054 4274 quid
3112 4221 3178 4259 ex
3209 4203 3407 4274 praedi-

1831 4304 1938 4358 ctis
1966 4301 2242 4357 hominem
2269 4307 2471 4354 servet.
2494 4297 2629 4353 Cum
2659 4307 2839 4351 autem
2865 4308 3063 4366 praeter
3113 4297 3232 4352 lnec
3259 4296 3404 4350 aliud

1827 4395 2033 4466 aliquid
2065 4392 2378 4462 reperisset,
2398 4390 2579 4446 statim
2612 4388 2745 4443 illud
2773 4389 3056 4457 subiunxit
3082 4407 3096 4442 :

1898 4486 2061 4540 Vsus.
2092 4485 2178 4538 Η.
2207 4503 2225 4536 ι
2255 4483 2391 4549 Quis
2428 4497 2659 4551 magnus
2692 4481 2835 4535 sicut
2862 4479 3003 4534 Deus
3028 4480 3253 4535 noster?
3279 4498 3297 4529 ι

1895 4577 2014 4633 Non
2048 4576 2416 4646 comparando
2444 4574 2562 4629 haec
2591 4573 2722 4628 dicit
2744 4572 3036 4642 (siquidem
3082 4571 3128 4624 is
3150 4572 3243 4640 qui
3281 4571 3405 4624 inli-

1827 4670 1955 4724 nita
1981 4666 2371 4738 magnitudinis
2400 4674 2483 4720 est
2499 4662 2968 4733 comparationem
2987 4676 3096 4715 non
3121 4661 3402 4728 admittit),

1827 4761 1925 4815 sed
1983 4758 2293 4821 laudando,
2359 4765 2415 4810 et
2465 4754 2831 4809 admirando:
2896 4753 3155 4822 quoniam
3215 4767 3406 4806 revera

1828 4865 2056 4920 magnus
2077 4847 2301 4918 quidem
2327 4854 2413 4899 est
2442 4859 2538 4914 per
2570 4842 2970 4905 fortitudinem,
3017 4857 3249 4907 magnus
3276 4858 3405 4897 vero

1829 4942 1992 4996 etiam
2016 4955 2112 5010 per
2144 4937 2692 4999 condescensionem,
2717 4950 2944 5004 magnus
2975 4948 3071 5002 per
3098 4932 3407 5003 benignita-

1833 5045 1962 5099 tem,
2005 5031 2446 5099 sicutsequentia
2470 5029 2770 5082 declarant.

1903 5126 2065 5179 Vens.
2097 5124 2181 5178 ll.
2227 5143 2245 5176 1
2286 5121 2565 5176 Deduxisti
2595 5120 2734 5174 sicut
2757 5134 2888 5174 oves
2919 5120 3198 5190 populum.
3239 5138 3256 5170 ι

1911 5211 2030 5266 Non
2062 5221 2262 5265 temere
2287 5209 2374 5263 hic
2407 5223 2536 5262 usus
2568 5215 2647 5261 cst
2675 5206 2844 5277 ﬁgura
2887 5207 3068 5260 ovium
3089 5245 3103 5269 ,
3153 5205 3246 5258 sed
3277 5206 3400 5274 quia

1830 5307 1948 5361 istae
1979 5321 2009 5359 a
2034 5303 2346 5374 pastoribus
2385 5302 2532 5372 virga
2557 5301 2886 5371 diriguntur,
2919 5300 3062 5352 sicut
3106 5298 3270 5352 etiam
3300 5314 3401 5352 nos

1831 5414 1991 5455 cruce
2019 5413 2049 5451 a
2072 5395 2292 5450 Christo
2323 5396 2617 5466 pascimur.
2650 5394 2806 5448 Unde
2845 5392 3011 5446 etiam
3037 5392 3218 5446 adhuc
3253 5390 3400 5461 Moy-

1829 5493 1923 5556 sis,
1952 5491 2082 5561 quin
2117 5499 2172 5545 et
2209 5489 2438 5544 Aaronis
2489 5488 2824 5542 mentionem
2868 5485 3016 5549 fecit,
3077 5484 3168 5552 qui
3220 5483 3399 5538 crucis

1827 5585 2050 5653 ﬁguram
2105 5583 2390 5654 gestabant
2438 5581 2675 5650 virgam,
2736 5589 2815 5634 tot
2867 5578 3256 5632 miraculorum
3334 5575 3389 5628 in

164 5683 386 5755 σταυροῦ
420 5685 613 5758 ῥάϐδον
643 5684 917 5756 ἐκόμιζον,
943 5685 1050 5738 τῶν
1084 5685 1140 5736 ὲν
1165 5683 1424 5753 Αἰγύπτῳ
1458 5683 1550 5736 καὶ
1575 5683 1717 5737 κατά

1829 5676 2056 5749 Egypto
2087 5685 2143 5732 et
2193 5676 2246 5730 in
2286 5675 2506 5730 deserto
2533 5673 2871 5744 genitricem.
2919 5668 3389 5737 Quemadmodum

232 5895 277 5926 "
302 5894 318 5949 l
348 5895 541 5951 Thess.
573 5915 624 5961 ν,
663 5900 711 5951 7.
789 5898 833 5928 ⁸²
864 5898 1034 5951 Galat.
1063 5913 1134 5962 γι,
1165 5897 1215 5949 8.
1292 5896 1336 5928 ⁸³
1369 5896 1411 5950 ΙΙ
1449 5895 1574 5952 Cor.
1607 5911 1717 5961 xtv,
