4156 6452
164 422 299 485 1249

1304 423 1770 484 FRAGMENTA
1810 425 1890 484 IN
1927 425 2281 488 PSALMOS.

3285 432 3421 498 1250

158 527 461 603 προφητῶν
487 566 502 591 ,
544 526 731 595 σαφῶς
779 525 836 579 δὲ
883 528 977 580 καὶ
1018 527 1275 600 Συμεὼν,
1313 531 1492 586 λαϐὼν
1530 533 1588 584 ὲν
1626 533 1741 595 ταῖς

1847 532 2048 590 diserte
2088 533 2345 604 Symeon,
2396 538 2614 606 quando
2659 539 2836 609 ipsum
2877 539 2932 594 in
2979 538 3135 601 ulnas
3185 544 3422 613 excepit.

155 620 451 690 ἀγκάλαις,
479 616 748 685 ὠνόμασε.

228 728 249 762 ι
287 708 403 761 Καὶ
438 706 748 759 ἐνετείλατο
773 706 1028 776 νεφέλαις
1054 708 1422 779 ὑπεράνωθεν.
1453 730 1472 762 s

224 798 478 867 Νεφέλας
514 798 866 868 ύπεράνωθεν
898 799 997 863 τὰς
1026 801 1084 852 έν
1114 799 1304 870 ὑψηλῷ
1333 801 1510 868 λέγει’
1546 802 1741 872 διόπερ

150 888 325 949 αὐτὰς
377 887 475 939 καὶ
511 885 683 956 θύρας
732 887 985 956 ούρανοῦ,
1025 888 1102 951 ὡς
1159 888 1617 959 προϐεϐλημένας
1645 891 1740 944 τοῦ

148 975 387 1049 οὐρανοῦ
419 977 888 1049 προσηγόρευσεν.
920 979 1040 1031 Είσὶ
1068 980 1177 1051 γάρ
1203 997 1350 1045 τινες
1371 982 1478 1034 τῶν
1501 983 1740 1050 νεφελῶν

147 1069 456 1139 περίγειοι,
501 1068 645 1122 ὥστε
702 1069 799 1123 καὶ
855 1070 964 1122 τῶν
1015 1071 1159 1141 ὁρῶν
1208 1073 1378 1136 αὑτὰς
1423 1074 1741 1146 κατωτέρας

144 1158 538 1230 εὑρίσκεσθαι.

228 1268 250 1301 ι
281 1249 398 1301 Καὶ
431 1246 654 1318 ἔϐρεξεν
681 1249 767 1301 ἐπ’
798 1249 996 1313 αὐτοὺς
1019 1251 1153 1305 ὡσεὶ
1181 1250 1311 1322 χοῦν
1337 1252 1568 1324 σάρκας.
1612 1273 1631 1305 ι

220 1430 444 1485 Οὐκοῦν
474 1431 572 1484 καὶ
603 1431 762 1485 τοῦτο
803 1431 939 1486 πολὺ
969 1433 1170 1503 πλῆθος
1205 1434 1397 1505 νόησον
1424 1434 1556 1488 λαοῦ
1579 1452 1594 1465 ο
1621 1451 1746 1488 τοσ-

146 1523 313 1577 ούτου
381 1523 484 1593 μὲν
515 1524 606 1576 τὸν
635 1523 892 1594 ἀριθμὸν,
928 1525 1072 1578 οὕτω
1105 1525 1163 1577 δὲ
1207 1527 1628 1597 γαστριμάργου
1650 1543 1744 1581 κο-

152 1613 482 1683 ρεσθέντος·
531 1613 594 1666 οὐ
633 1613 772 1684 πρὸς
806 1615 1022 1686 ἡμέραν
1064 1617 1216 1685 μίαν,
1262 1615 1402 1668 ἀλλὰ
1426 1616 1564 1686 πρὸς
1592 1617 1746 1686 τριά-

149 1722 346 1770 κοντα,
399 1704 478 1769 ὡς
517 1705 726 1778 δυνήσῃ
759 1708 955 1776 μαθεῖν
993 1705 1091 1777 τὴν
1127 1707 1311 1776 βίϐλον
1340 1707 1452 1760 τῶν
1467 1707 1745 1779 Ἀριθμῶν

151 1795 590 1867 μετερχόμενος.

1914 708 2072 764 Vens.
2104 711 2194 765 25.
2226 730 2246 764 ι
2281 710 2346 764 Et
2381 715 2656 769 mandavit
2689 716 2928 771 nubibus
2959 718 3213 787 desuper.
3251 738 3269 770 ι

1910 798 2091 855 Nubes
2159 801 2396 870 desuper
2445 804 2696 874 intelligit
2750 819 2843 858 eas
2893 821 3012 874 qu-e
3081 809 3135 859 in
3188 809 3411 863 excelso

1839 889 2113 944 exsistunt
2140 909 2156 946 :
2189 906 2357 960 quare
2383 892 2526 961 ipsas
2555 895 2713 949 etiam
2743 895 2865 948 cmli
2921 897 3114 963 januas
3161 899 3415 966 appellat,

1841 990 2097 1048 tanquam
2149 982 2287 1038 coelo
2343 997 2665 1052 praetensas.
2724 985 3006 1055 Siquidem
3064 997 3196 1040 sunt
3254 989 3417 1043 etiam

1841 1070 2035 1138 aliqua:
2060 1072 2235 1127 nubes
2263 1083 2421 1128 terra!
2445 1076 2659 1141 vicinae,
2702 1077 2776 1130 ita
2808 1085 2868 1131 ut
2931 1077 3092 1132 etiam
3144 1080 3420 1134 montibus

1844 1159 2134 1216 inferiores
2154 1164 2529 1220 inveniantur.

1911 1249 2079 1306 Vens.
2122 1254 2214 1308 27.
2246 1273 2265 1306 ι
2309 1255 2376 1309 Ει
2427 1257 2564 1326 pluit
2593 1273 2762 1328 super
2802 1273 2899 1314 eos
2952 1243 3092 1314 sicut
3139 1259 3417 1330 pulverem

1841 1357 2055 1398 carnes.
2093 1365 2113 1396 ο

1912 1430 2082 1502 Igitur
2112 1435 2390 1502 copiosam
2422 1451 2641 1507 quoque
2670 1437 2812 1494 hanc
2854 1440 3256 1496 multitudinem
3289 1457 3422 1496 con-

1842 1524 2061 1590 sidera;
2094 1525 2240 1594 quod
2289 1542 2416 1581 cum
2453 1537 2605 1584 tanto
2652 1538 2800 1585 esset
2859 1544 3110 1596 numero,
3179 1532 3421 1602 adeoque

1841 1615 2020 1668 ventri
2049 1614 2254 1682 dedita,
2291 1617 2461 1673 fuerit
2487 1627 2666 1674 tamen
2701 1629 2977 1688 saturata;
3023 1623 3187 1692 idque
3216 1638 3326 1677 non
3349 1626 3419 1678 ad

1846 1719 2018 1759 unum
2043 1705 2191 1789 diem
2226 1706 2484 1775 aliquem,
2537 1711 2630 1765 sed
2661 1712 2727 1766 ad
2776 1713 3020 1782 triginta,
3079 1713 3158 1767 uti
3214 1715 3418 1783 poteris

1845 1811 2181 1866 cognoscere
2203 1797 2402 1852 librum
2435 1799 2800 1856 Numerorum
2837 1805 3227 1873 pervolvendo.

229 1906 252 1939 ι
294 1889 422 1942 Ἔτι
473 1888 575 1959 τῆς
619 1887 876 1960 βρώσεως
927 1887 1096 1957 οῠσης
1140 1887 1199 1940 ὲν
1250 1886 1329 1958 τῷ
1376 1887 1605 1958 στόματι
1650 1888 1741 1941 αύ-

1919 1884 2080 1941 Vuns.
2110 1887 2201 1942 50.
2235 1907 2254 1940 ι
2299 1889 2495 1945 Adhuc
2524 1907 2649 1946 esca
2673 1909 2870 1954 eorum,
2908 1903 3030 1949 erat
3060 1896 3115 1948 in
3145 1911 3240 1950 ore
3273 1895 3419 1966 ipso-

147 1997 281 2033 των.
329 1998 348 2030 ι

220 2070 334 2122 Καὶ
367 2069 710 2140 συμποδίσας
746 2069 807 2122 οὒ
829 2070 956 2132 τοὺς
994 2067 1288 2132 ἐκλεκτοὺς
1315 2070 1372 2123 ἐν
1403 2069 1627 2140 ἀρεταῖς
1652 2069 1740 2122 λο-

148 2160 347 2229 γάδας,
371 2162 510 2216 ἀλλά
537 2163 663 2226 τοὺς
702 2163 761 2216 ὲν
790 2164 995 2234 κακίαι
1032 2162 1139 2215 sict
1175 2162 1286 2234 γάρ
1312 2179 1458 2225 τινες
1492 2164 1551 2217 ἐν
1574 2178 1741 2233 πονη-

154 2255 248 2325 ρίᾳ
269 2254 570 2325 ἐξαίρετοι.

230 2365 249 2398 ι
310 2349 426 2401 Καὶ
489 2348 788 2419 ἠγάπησαν
860 2345 1025 2401 αὐτὸν
1081 2347 1140 2400 ὲν
1194 2345 1273 2416 τῷ
1347 2346 1573 2417 στόματι
1638 2346 1739 2400 αὖ·

153 2453 285 2490 των.
331 2455 351 2488 ι

224 2527 454 2591 Τούτοις
487 2527 652 2598 ὅμοια
670 2526 764 2580 καὶ
799 2527 1028 2591 Ἡσαΐας
1073 2527 1200 2589 τοὺς
1249 2527 1538 2591 Ἰουδαίους
1573 2525 1740 2597 ἐμέμ-

158 2619 296 2687 ψατο
320 2637 336 2651 ο
378 2622 444 2674 '0
466 2619 617 2686 λαὸς
658 2615 836 2685 οὗτος
883 2619 1009 2685 τοῖς
1039 2621 1275 2688 χείλεσι
1289 2635 1367 2688 με
1393 2618 1532 2689 τιμᾷ
1555 2658 1570 2682 ,
1599 2620 1638 2686 ἠ
1671 2619 1740 2672 δὲ

159 2711 370 2777 καρδία
414 2711 616 2764 αὐτῶν
659 2711 859 2779 πόρρω
900 2710 1114 2778 ἀπέχει
1164 2711 1266 2764 ἀπ’
1310 2710 1478 2778 ἐμοῦ.
1523 2710 1647 2774 Πῶς
1682 2710 1738 2763 δὲ

159 2799 317 2852 τοῦτο
372 2801 687 2871 ὲλέγχεταις
720 2801 956 2864 Πολλοὺς
1013 2802 1123 2871 γὰρ
1170 2802 1267 2855 καὶ
1323 2801 1418 2854 νῦν
1477 2804 1615 2872 μόνῃ
1668 2805 1735 2873 τῇ

160 2889 381 2961 γλώσσῃ
435 2889 711 2953 θεοσεϐεῖς
768 2891 1120 2960 εὑρίσκομεν,
1163 2891 1326 2955 ὅταν,
1388 2889 1463 2954 ῶς
1505 2908 1670 2960 φησιν
1712 2893 1741 2944 ό

162 2982 494 3052 προφήτης,
555 2982 613 3033 ὲν
666 2981 732 3048 τῇ
791 2980 1027 3051 διαθήκῃ
1083 2978 1252 3032 αὐτοῦ
1309 2977 1412 3050 μὴι
1451 2979 1738 3034 πιστωθῶ-

161 3085 267 3124 σιν.

243 3182 261 3213 ι
295 3164 408 3218 Οὐκ
431 3163 784 3234 ἐμνήσθησαν
805 3160 906 3230 τῆς
935 3161 1116 3232 χειρὸς
1142 3160 1331 3214 αὐτοῦ.
1377 3181 1395 3213 ι

1843 1992 1989 2031 rum.
2036 1997 2057 2030 ι

1911 2070 1980 2125 Ει
2004 2071 2339 2141 compedivit
2379 2088 2488 2127 non
2519 2074 2573 2128 in
2617 2075 2913 2131 virtutibus
2951 2079 3184 2134 eximios
3211 2095 3277 2135 ac
3329 2097 3415 2136 se-

1843 2159 2036 2227 lectos,
2075 2162 2171 2217 sed
2209 2163 2265 2218 in
2285 2164 2528 2219 malitia:
2566 2165 2834 2234 siquidem
2859 2178 2988 2224 sunt
3025 2170 3193 2241 aliqui
3223 2174 3417 2243 nequi-

1845 2249 1918 2304 tia
1948 2250 2351 2318 praecellentes.

1918 2339 2074 2396 Vens.
2106 2341 2195 2396 56.
2232 2360 2252 2394 ι
2282 2341 2349 2397 Ει
2378 2343 2691 2400 dilexerunt
2729 2360 2855 2400 eum
2889 2348 2942 2401 in
2979 2363 3073 2402 ore
3103 2364 3222 2404 suo.
3254 2369 3272 2401 ι

1913 2525 2076 2582 Hisce
2102 2528 2300 2583 similia
2328 2529 2493 2584 etiam
2518 2529 2688 2585 Isaias
2724 2528 2925 2587 Iudaeis
2969 2534 3201 2602 obiecit:
3236 2535 3418 2606 Popu-

1841 2619 1922 2673 lus
1955 2619 2052 2672 iste
2082 2619 2239 2673 labiis
2269 2637 2349 2674 me
2396 2622 2642 2687 honorat,
2675 2638 2764 2676 cor
2807 2634 2986 2678 autem
3039 2642 3217 2680 eorum
3269 2628 3419 2700 longe

1840 2709 2038 2762 abesta
2072 2710 2312 2764 meum“.
2344 2709 2630 2776 Quomodo
2690 2722 2872 2768 autem
2942 2716 3046 2770 hoc
3096 2720 3419 2788 exprobrat?

1839 2798 1977 2865 Quia
2038 2799 2246 2855 scilicet
2287 2800 2588 2855 etiamnum
2639 2803 2905 2872 plurimos
2957 2807 3266 2874 reperimus
3325 2809 3418 2878 qui

1839 2892 1955 2945 sola
1988 2891 2170 2961 lingua
2193 2892 2270 2960 pii
2306 2893 2438 2958 sint,
2471 2910 2617 2958 cum,
2650 2905 2709 2948 ut
2743 2896 2818 2950 ait
2855 2898 3143 2966 propheta,
3164 2900 3217 2955 in
3249 2909 3416 2955 testa-

1840 2989 2029 3036 mento
2063 2983 2185 3052 ejus
2208 2998 2319 3037 non
2344 2985 2455 3038 sint
2488 2987 2738 3041 stabiliti.

1911 3159 2075 3215 Vens.
2111 3161 2202 3217 42.
2242 3181 2260 3214 ι
2296 3161 2414 3218 Non
2475 3174 2604 3218 sunt
2643 3165 2910 3220 recordati
2971 3182 3166 3223 manus
3210 3169 3350 3238 ejus.
3391 3190 3408 3222 ι

229 3255 406 3326 Χεῖρα
434 3256 597 3310 πάλιν
627 3254 785 3320 Θεοῦ,
833 3253 1032 3324 δηλαδὴ
1070 3253 1166 3306 τοῦ
1202 3253 1441 3321 Πατρδς,
1477 3253 1568 3307 τὸν
1607 3256 1740 3327 Χρι-

1910 3251 2129 3306 Manum
2180 3254 2380 3308 iterum
2429 3255 2566 3320 Dei,
2623 3257 2830 3311 scilicet
2886 3255 3094 3322 Patris,
3137 3236 3412 3315 Chr—istum

167 3346 288 3398 στὸν
320 3348 547 3410 εἰκότως
579 3346 771 3400 καλεῖ·
812 3344 1000 3414 ἐπειδὴ
1024 3384 1040 3410 ,
1064 3343 1143 3396 Δι’
1172 3344 1359 3396 αὑτοῦ
1397 3344 1593 3397 πάντα
1611 3345 1740 3415 ἐτέ-

166 3453 321 3505 rato,
341 3439 449 3492 καὶ
478 3437 662 3507 χωρὶς
687 3434 875 3491 αὐτοῦ
902 3435 1140 3505 ἐγένετο
1169 3433 1313 3488 οὐδὲ
1339 3434 1409 3488 ἓν
1427 3451 1440 3463 ’
1475 3435 1615 3490 ὥστε
1647 3437 1742 3492 καὶ

166 3529 352 3599 ἕτερον
410 3531 700 3601 προφήτην
756 3528 973 3595 λέγειν’
1052 3526 1113 3580 Ἠ
1144 3525 1254 3595 γὰρ
1328 3526 1458 3594 χεὶρ
1517 3528 1740 3596 Κυρίου

168 3620 414 3690 ἐποίησε
476 3622 663 3675 ταῦτα
711 3619 929 3672 πάντα.
968 3616 1177 3669 Τούτου
1221 3615 1400 3670 τοίνυν
1437 3617 1537 3671 οὐκ
1576 3619 1742 3690 ἐμνή-

171 3711 371 3782 σθησαν
440 3714 592 3775 ὅστις
642 3711 840 3772 αὐτοὺς
888 3705 1234 3778 ὲλυτρώσατο
1282 3709 1347 3760 ὲκ
1390 3708 1573 3778 χειρὸς
1627 3708 1741 3762 θλί-

170 3801 370 3872 ϐοντος,
402 3805 551 3873 λέγει
586 3803 642 3856 δὲ
685 3801 778 3856 τοῦ
828 3799 1049 3870 Φαραὼ,
1092 3799 1233 3853 κατά
1263 3798 1360 3870 τὴν
1399 3799 1611 3869 ήμέραν
1641 3799 1742 3870 τῆς

171 3891 367 3958 ἐξόδου.

249 4003 269 4036 ι
314 3984 643 4054 Ἀποστολὴν
670 3983 737 4036 δι’
768 3980 1015 4049 ἀγγέλων
1043 3980 1315 4051 πονηρῶν.
1361 3999 1380 4031 ι

244 4076 314 4130 Οὐ
339 4077 437 4148 τήν
469 4075 630 4144 φύσιν
673 4073 947 4144 πονηρῶν,
979 4072 1072 4125 τὸν
1102 4071 1160 4124 δὲ
1203 4071 1404 4124 σκοπόν
1432 4085 1447 4102 ⁸
1482 4070 1602 4124 οὐδὲ
1630 4070 1738 4143 γὰρ

167 4167 430 4230 τοιούτοις
475 4165 729 4234 ἀγγέλοις
769 4165 798 4215 ὁ
827 4164 963 4227 Θεὸς
1000 4165 1086 4225 είς
1116 4163 1396 4216 διακονίαν
1435 4163 1736 4236 κέχρηταιο

171 4255 302 4310 ἀλλὰ
332 4259 603 4328 πονηροὺς
661 4255 1136 4326 προσηγόρευσεν,
1177 4253 1366 4324 ἐπειδὴ
1409 4272 1608 4318 πονους
1644 4255 1739 4310 καὶ

173 4347 440 4411 κακώσεις
475 4345 823 4410 κελευθέντες
856 4347 1143 4415 ἐπέφερον
1162 4344 1236 4406 ὼς
1263 4345 1358 4396 καὶ
1381 4344 1625 4415 πονηρὰν
1642 4345 1739 4415 τὴν

170 4439 378 4509 ἡμέραν
394 4441 495 4508 τῆς
510 4440 765 4508 κρίσεως,
781 4438 855 4500 ὡς
872 4437 1126 4505 ἀναγκῶν
1145 4437 1238 4490 καὶ
1251 4436 1427 4489 πόνων
1440 4439 1552 4500 τοῖς
1570 4438 1740 4508 ἁμαρ-

169 4528 354 4593 τωλοῖς
371 4531 668 4598 γέμουσαν,
701 4529 861 4591 αὐτὸς
877 4521 1030 4591 οὗτος
1060 4529 1089 4580 ὀ
1118 4526 1423 4617 Ψαλμῳδὸς
1448 4527 1701 4596 ὀνομάζει
1720 4542 1737 4562 ο
1768 4562 1814 4617 D

170 4621 295 4686 ιρησἰ
314 4624 418 4693 γὰρ
434 4619 609 4683 οὕτως
632 4635 645 4648 ·
666 4619 969 4688 Μακάριος
984 4615 1253 4672 όσυνιῶν
1269 4617 1623 4685 ἐπὶπτωχὸν
1637 4618 1738 4671 καὶ

171 4707 415 4776 πένητα,
433 4711 502 4763 ἐν
517 4709 708 4778 ᾑμέρᾳ
720 4707 954 4777 πονηρᾷ
965 4708 1218 4775 ῥύσεται
1232 4706 1421 4760 αὐτὸν
1442 4710 1474 4760 ό
1498 4707 1731 4773 Κύριος.

171 4798 342 4873 Πολλῇ
363 4803 460 4857 καὶ
482 4801 612 4872 περὶ
629 4802 755 4863 τοὺς
776 4798 1205 4870 παιδευομένους
1227 4799 1255 4850 ό
1273 4798 1404 4879 Θεὸς
1426 4797 1734 4867 φιλανθρω-

171 4890 266 4961 πίᾳ
297 4897 565 4964 κέχρηται
586 4932 601 4958 ,
629 4892 738 4945 ἀπὸ
762 4890 870 4944 τῶν
905 4889 1204 4943 ἐλαττόνων
1233 4887 1553 4958 ἀρχόμενος,
1591 4886 1735 4941 ὥστε

1841 3344 2038 3400 merito
2057 3354 2218 3400 vocat
2249 3363 2263 3399 :
2295 3347 2448 3416 quia,
2479 3347 2674 3401 Omnia
2709 3363 2800 3415 per
2830 3349 3000 3417 ipsum
3022 3351 3163 3419 facta
3193 3361 3332 3411 sunt.
3366 3361 3416 3406 et

1839 3437 1952 3490 sine
1981 3437 2094 3505 ipso
2123 3438 2323 3506 factum
2349 3447 2425 3492 est
2451 3438 2582 3490 nihil
2595 3439 2664 3504 '7;
2710 3440 2781 3492 ita
2805 3449 2865 3493 ut
2903 3439 3065 3492 etiam
3118 3441 3256 3495 alius
3290 3457 3413 3511 pro-

1842 3525 2003 3594 pheta
2031 3527 2207 3590 dicat:
2242 3525 2436 3582 Manus
2462 3528 2600 3580 enim
2649 3527 2864 3604 Domini
2895 3529 3014 3597 fecit
3055 3530 3163 3582 Iuec
3210 3534 3410 3586 omnia.

1840 3613 2007 3681 Igitur
2030 3629 2140 3668 non
2169 3623 2298 3670 sunt
2327 3616 2596 3670 recordati
2621 3617 2740 3686 ejus
2771 3619 2863 3686 qui
2902 3621 3051 3688 ipsos
3081 3619 3411 3676 liberaverat

1840 3705 1909 3759 de
1934 3719 2104 3758 manu
2128 3704 2464 3771 tribulantis,
2507 3707 2637 3763 dicit
2696 3718 2879 3764 autem
2929 3710 3295 3777 Pharaonem,
3355 3712 3407 3767 iu

1839 3795 1929 3851 die
1953 3796 2303 3863 egressionis.

1915 3966 2072 4023 Vens.
2113 3968 2202 4022 49.
2234 3986 2252 4019 ι
2299 3968 2670 4026 lmmissiones
2692 3987 2787 4042 per
2809 3973 3028 4043 angelos
3051 3975 3242 4030 malos.
3281 3993 3301 4027 ι

1909 4060 2028 4116 Non
2055 4069 2253 4117 natura
2279 4061 2428 4126 mali,
2460 4062 2553 4116 sed
2573 4063 2913 4118 intentione:
2945 4080 3071 4118 nam
3100 4065 3410 4120 istiusmodi

1840 4153 2049 4224 angelis
2073 4153 2220 4206 Deus
2260 4168 2602 4222 nequaquam
2644 4169 2777 4209 usus
2817 4154 3008 4209 fuisset
3065 4157 3130 4211 ad
3165 4157 3411 4214 ministe-

1839 4244 1982 4300 rium
2007 4243 2134 4299 :sed
2161 4258 2357 4312 pravos
2377 4244 2689 4312 appellavit,
2724 4245 2852 4314 quia
2882 4246 3098 4302 labores
3128 4258 3182 4303 et
3239 4249 3410 4304 mole-

1844 4335 1980 4389 stias
2014 4333 2157 4405 jussi
2184 4333 2526 4401 inferebant;
2587 4336 2665 4389 uti
2717 4345 2773 4390 et
2797 4338 2998 4391 malum
3017 4338 3209 4407 judicii
3243 4341 3408 4404 diem,

1841 4427 2046 4496 quippe
2104 4427 2484 4495 peccatoribus
2545 4426 2806 4481 refertum
2865 4428 3023 4482 malis
3051 4437 3107 4482 et
3154 4431 3404 4496 miseriis,

1841 4518 1985 4574 idem
2043 4516 2130 4569 hic
2161 4516 2444 4571 Psalmista
2491 4518 3173 4587 nuncupavitzaitenim:
3215 4521 3410 4576 Beatus

1841 4610 1931 4680 qui
1955 4608 2199 4678 intelligit
2223 4624 2381 4677 super
2408 4625 2624 4678 egenum
2662 4618 2708 4661 et
2741 4625 3043 4677 pauperem,
3081 4611 3136 4662 in
3158 4611 3243 4663 die
3266 4612 3406 4664 mala

1842 4701 2084 4754 liberabit
2119 4716 2237 4753 eum
2260 4698 2537 4752 Dominus.
2572 4697 2736 4753 Multa
2758 4700 2922 4756 etiam
2949 4700 3093 4754 circa
3123 4703 3409 4770 castigatos

1839 4793 2221 4848 benevolentia
2259 4806 2394 4845 usus
2426 4800 2510 4845 est
2539 4789 2700 4855 Deus,
2736 4805 2765 4844 a
2791 4791 3094 4848 minoribus
3122 4792 3406 4857 inclioans,

1841 4893 1902 4939 ut
1948 4884 2224 4940 emendati
2283 4885 2487 4954 majora
2540 4883 2856 4938 evaderent.
2923 4883 3131 4938 Idcirco
3173 4886 3409 4952 primum

171 4982 634 5050 σωφρονισθέντας
664 4979 920 5052 κερδᾶναι
952 4978 1021 5033 τὰ
1055 4977 1300 5047 μείζονα.
1331 4977 1430 5029 Διὰ
1459 4976 1616 5029 τοῦτο
1664 4977 1732 5031 τὰ

1840 4978 2084 5048 jumenta
2114 4975 2492 5046 Egyptiorum
2519 4974 2573 5028 iu
2608 4984 2786 5029 morte
2827 4975 3128 5042 conclusit;
3160 4974 3255 5029 sed
3286 4992 3409 5030 cum

170 5072 336 5144 κτήνη
375 5074 619 5144 πρότερα
653 5072 761 5125 τῶν
785 5069 1099 5138 Δίγυπτίων
1127 5067 1472 5121 συνέκλεισεν
1507 5069 1587 5130 εἰς
1631 5068 1730 5120 θά-

171 5176 351 5216 νατον’
406 5163 764 5233 ἀναισθήτους
812 5162 869 5218 δὲ
907 5161 1104 5231 εὑρὼν,
1148 5159 1378 5224 ἐπέταξε
1417 5160 1486 5212 τὰ
1525 5157 1732 5228 πρωτό-

1837 5067 2188 5122 insensibiles
2266 5066 2578 5134 reperiret,
2662 5068 2935 5134 percussit
3010 5065 3405 5136 primogenita,

1837 5172 2181 5227 nequaquam
2224 5157 2714 5226 primogenitorum
2763 5157 2978 5225 plagam
3031 5156 3306 5220 illaturus,
3363 5156 3406 5212 si

172 5266 318 5315 τοκα,
364 5256 504 5313 ὥστε
550 5253 650 5307 οὐκ
688 5253 752 5306 ἂν
800 5251 1027 5322 τὴντῶν
1076 5249 1436 5321 πρωτοτόκων
1479 5248 1729 5319 ἐπήγαγε

1840 5259 2014 5307 morte
2039 5265 2296 5320 pecorum
2319 5248 2385 5302 ad
2416 5248 2628 5318 frugem
2656 5247 2871 5303 adducti
2901 5247 3278 5317 resipuissent.

174 5339 402 5413 πληγὴν,
438 5342 588 5413 είτῷ
635 5341 850 5411 θανάτῳ
878 5339 988 5394 τῶν
1015 5339 1230 5409 κτηνῶν
1274 5337 1738 5409 σωφρονισθέντες

171 5429 457 5503 ἁνένηψαν.

247 5542 264 5574 ι
302 5526 407 5578 Καὶ
437 5525 723 5593 ὡδήγησεν
756 5521 956 5584 αὐτοὺς
984 5522 1070 5574 ἐπ’
1101 5519 1299 5574 ἐλπίδι.
1334 5539 1352 5571 s

239 5613 462 5682 Ἐλπίδι,
491 5616 654 5686 nota;
688 5614 796 5685 Τῆς
828 5612 966 5684 πρὸς
1001 5612 1129 5676 τοὺς
1160 5612 1402 5683 πατέρας
1442 5610 1743 5682 γενομένης

238 5810 352 5845 ⁸³·⁶⁶
387 5817 488 5870 Isa.
521 5829 670 5882 nix,
702 5813 785 5868 15.
865 5814 910 5846 ⁸⁷
933 5812 1088 5870 Joan.
1121 5829 1159 5877 ι,
1190 5813 1240 5866 5.

1914 5521 2078 5577 Vens.
2106 5520 2196 5574 55.
2225 5536 2244 5570 ι
2293 5516 2360 5572 Et
2383 5516 2606 5572 deduxit
2637 5531 2730 5570 eos
2757 5515 2813 5570 in
2844 5531 2960 5586 spe.
2997 5534 3015 5567 ›

1912 5613 2071 5680 Quali
2119 5612 2259 5682 spe?
2319 5609 2668 5666 Manifestum
2721 5609 2866 5678 quod
2921 5604 3298 5679 promissionis
3343 5605 3410 5660 ad
