4156 6452
752 387 877 454 1251

1921 373 2283 436 HESYCHII
2304 370 2771 434 PRESBYTER!

3939 357 4048 421 Ιίνἑὲ

749 511 935 571 patres
960 498 1135 552 facta.
1180 496 1266 549 Ait
1293 493 1437 546 enim
1462 488 1728 543 Abrahaz:
1761 487 1983 541 Sciendo
2012 487 2162 548 scies,
2191 484 2316 554 quia

2434 480 2777 548 ἐπαγγελίας,
2815 476 3062 546 εὔδηλον.
3083 475 3224 546 Φησὶ
3251 477 3358 547 γὰρ
3385 477 3465 547 τῷ
3495 473 3816 547 Ἀϐραάμ
3834 487 3854 505 ο
3881 474 4050 525 rma.

749 591 1080 660 peregrinum
1111 588 1206 638 erit
1236 600 1409 636 semen
1445 593 1589 635 tuum
1621 582 1676 632 in
1713 588 1853 631 terra
1884 594 1984 630 non
2009 577 2246 643 propria,
2269 585 2318 628 et

750 693 805 743 in
826 698 1123 742 servitutem
1149 686 1380 755 redigent
1412 700 1515 747 eos,
1545 692 1592 735 et
1623 681 1997 740 humiliabunt,
2030 687 2075 730 et
2095 677 2316 746 aﬂligent

753 799 837 834 eos
870 778 1269 848 quadringentis
1291 777 1477 828 annis:
1506 781 1707 842 gentem
1732 781 1909 823 autem
1934 771 2018 821 cui
2047 768 2318 821 servierint

747 870 1001 938 iudicabo
1031 887 1143 940 ego,
1177 878 1224 922 et
1259 868 1464 920 exibunt
1494 866 1592 917 huc
1622 880 1737 916 cum
1766 870 2031 930 apparatu
2066 858 2310 913 multo“.

757 965 869 1016 llac
896 963 1064 1032 igitur
1113 975 1208 1028 spe
1262 957 1431 1021 ducti,
1477 971 1586 1010 non
1653 955 1936 1018 timebant,
1990 954 2116 1005 dum
2171 963 2320 1003 mare

756 1055 996 1108 Rubrum
1031 1052 1237 1121 pedites
1259 1050 1671 1118 penransirent,
1702 1044 1844 1114 quod
1869 1044 2116 1097 inimicos
2131 1055 2320 1096 eorum

754 1145 1058 1213 cooperuit,
1108 1151 1273 1210 atque
1322 1155 1460 1209 aqua
1518 1136 1914 1207 superveniens
1971 1133 2320 1202 sepulchrum

754 1235 1021 1306 {Egyptiis
1051 1233 1279 1287 exstitit.

827 1390 992 1444 Vsus.
1021 1388 1108 1443 65.
1145 1405 1162 1438 ι
1203 1387 1442 1441 Juvenes
1463 1399 1653 1439 eorum
1683 1382 1920 1438 comedit
1951 1380 2108 1451 ignis.
2146 1397 2164 1429 ι

825 1483 1064 1536 .luvcnes
1095 1489 1252 1533 vocat
1274 1479 1328 1530 in
1353 1478 1466 1548 lege
1491 1484 1759 1544 potentes,
1783 1472 1931 1526 verbi
1955 1471 2146 1541 gratia,
2173 1469 2322 1524 Scri-

759 1574 856 1627 bas
877 1581 933 1626 et
959 1571 1280 1631 Phariszeos,
1310 1567 1401 1636 qui
1422 1567 1476 1618 in
1501 1565 1701 1618 virtute
1732 1563 2048 1616 litteratum
2075 1558 2325 1629 praeﬁde-

757 1665 922 1717 bant:
954 1661 1055 1714 hos
1115 1658 1398 1714 devoravit
1459 1656 1621 1727 ignis,
1655 1655 1746 1723 qui
1792 1662 1874 1707 est
1906 1652 2056 1706 zelus
2108 1650 2165 1704 in
2200 1665 2322 1715 nos,

760 1756 1005 1808 videntes
1038 1752 1182 1820 quod
1229 1750 1346 1805 sine
1375 1750 1506 1819 jugo
1542 1746 1698 1818 legali
1723 1745 2104 1815 justillcemur.
2144 1741 2324 1807 Quare

2419 589 2589 626 σκων
2619 571 2846 639 γνώσῃ,
2871 570 2959 622 ὅτι
2988 569 3279 636 πάροικον
3304 569 3478 621 ἔσται
3507 569 3581 620 τὸ
3623 564 3925 632 σπέρμα
3953 579 4052 616 σου

2418 665 2488 716 ἐν
2523 661 2601 730 γῇ
2634 664 2746 716 οὐκ
2781 661 2900 727 ίδίᾳ
2924 677 2937 692 ⁸
2969 660 3067 714 καί
3115 659 3550 714 δουλώσουσιν
3603 657 3918 721 αὐτοὺς,
3970 675 4034 706 ια

2419 753 2887 818 ταπεινώσουσι,
2925 753 3024 806 καί
3066 753 3460 806 κακώσουσιν
3504 752 3788 815 αὐτοὺς
3837 749 3949 812 ἐτη
3984 765 4054 800 τε·

2420 847 2739 914 τρακόσιαο
2775 846 2844 898 τὸ
2869 847 2939 898 δὲ
2959 847 3135 912 ἔθνος
3172 840 3222 913 ᾧ
3248 846 3357 900 ἐὰν
3394 845 3848 898 δουλεύσωσι
3890 841 4057 910 πρυτιὲ

2421 939 2555 1006 ἐγὼ,
2583 939 2679 992 καί
2707 939 3130 1002 ἐξελεύσονται
3149 932 3265 991 ὦδε
3281 937 3432 1005 μετὰ
3457 934 3888 1000 ἀποσκευῆς
3920 938 4057 985 πολ-

2419 1031 2556 1098 λῆς.
2590 1031 2776 1101 Ταύτῃ
2808 1030 2988 1083 τοίνυν
3024 1032 3090 1101 τῇ
3111 1029 3287 1082 ἐλπίδι
3309 1029 3724 1098 ὁδηγούμενοι,
3771 1026 3897 1078 οὐκ
3932 1025 4057 1076 ἐδε-

2421 1120 2651 1177 λίασαν..
2706 1120 2806 1190 τὴν
2845 1118 3120 1189 Ἐρυθρὰν
3156 1118 3479 1180 πεζεύοντες
3529 1117 3910 1174 θάλασσαν,
3951 1113 4056 1180 fit:

2422 1211 2602 1263 αὐτῶν
2633 1212 2757 1272 τοὺς
2788 1209 3014 1279 ἐχθροὺς
3056 1208 3390 1278 ἐπεκάλυψε,
3437 1208 3533 1261 καὶ
3566 1209 3785 1275 τάφος
3830 1205 3902 1257 τὸ
3929 1203 4056 1271 6:5ng

2424 1299 2720 1369 ἐπιδραμὸν
2753 1303 2866 1361 τοῖς
2898 1298 3224 1365 Αἰγυπτίοις
3260 1298 3501 1364 ἐγένετο.

2501 1409 2519 1440 ι
2551 1389 2690 1450 Τοὺς
2724 1388 3043 1449 νεανίσκους
3075 1387 3255 1440 αὐτῶν
3280 1386 3569 1454 κατέφαγε
3606 1385 3778 1453 πῦρ.
3818 1402 3842 1434 ›

2493 1480 2827 1542 Νεανίσκους
2861 1480 3010 1547 λέγει
3034 1479 3160 1541 τοὺς
3182 1479 3241 1531 ἐν
3275 1476 3353 1546 τῷ
3382 1477 3537 1545 νόμῳ
3582 1475 3932 1536 δυνατοὺς,
3963 1467 4059 1524 οἷοί

2423 1570 2550 1632 τοὺς
2617 1571 2964 1638 γραμματεῖς
3027 1568 3124 1620 καὶ
3189 1568 3318 1628 τοὺς
3367 1566 3729 1635 Φαρισαίους
3766 1604 3787 1628 ,
3860 1561 4059 1622 οἵτινες

2425 1661 2694 1732 ἐθάρρουν
2737 1662 2805 1729 τῇ
2858 1659 3005 1729 ἰσχύϊ
3049 1657 3147 1711 τοῦ
3185 1657 3548 1727 γράμματος·
3607 1655 3892 1716 τούτους
3939 1670 4059 1705 κατ-

2425 1754 2597 1820 έφαγε
2636 1752 2768 1825 πῦρ.
2803 1755 2832 1805 ὁ
2861 1753 2996 1823 πρὸς
3041 1753 3190 1821 ἡμᾶς
3229 1750 3411 1820 ζῆλος,
3444 1748 3705 1820 ὁρῶντας
3748 1749 3855 1801 ὃτι
3897 1747 4057 1817 χωρὶς

767 1843 933 1897 etiam
964 1843 1031 1895 ad
1055 1841 1201 1910 ipsos
1234 1839 1402 1894 Isaias
1432 1837 1600 1892 dixit:
1643 1834 1803 1887 Zelus
1827 1832 2177 1903 apprehendet
2229 1847 2325 1900 po-

2434 1841 2595 1909 ζυγοῦ
2620 1841 2848 1911 νομικοῦ
2879 1841 3276 1911 ’δικαιούμεθα.
3310 1841 3402 1895 Διὸ
3444 1842 3540 1892 καὶ
3573 1841 3731 1908 πρὸς
3785 1840 4008 1898 αὐτοὺς
4035 1841 4056 1886 ιι.

761 1932 944 2003 putum
977 1931 1340 1992 ineruditum;
1400 1938 1448 1982 et
1507 1943 1645 1981 nunc
1693 1926 1826 1995 ignis
1866 1923 2197 1977 adversarios
2242 1937 2327 1973 co-

762 2025 929 2078 medet
947 2023 1015 2075 ⁸³.

758 2158 766 2165 .
837 2116 994 2169 Vsus.
1030 2113 1118 2167 65.
1157 2130 1178 2164 ι
1208 2110 1489 2179 Tanquam
1516 2118 1711 2178 potens
1729 2107 2040 2177 crapulatus
2060 2121 2089 2159 a
2120 2105 2268 2160 vino.
2304 2124 2321 2156 ι

835 2204 1074 2274 Crapula
1105 2210 1288 2255 autem
1320 2195 1536 2269 qualis?
1576 2201 1619 2252 Α
1647 2200 1793 2262 vino,
1846 2213 1966 2267 quae
2016 2197 2329 2267 potentibus

766 2293 1053 2362 congruit;
1083 2290 1175 2359 qui
1205 2298 1330 2359 post
1358 2290 1544 2342 vinum
1569 2297 1919 2356 exsurgentes
1961 2285 2130 2354 magis
2155 2285 2330 2353 impe-

767 2385 908 2438 tuosi
941 2383 1227 2436 exsistunt.
1258 2380 1348 2434 Sic
1371 2380 1532 2432 etiam
1555 2378 1725 2431 Deum
1773 2384 1897 2446 post
1946 2374 2330 2445 longanimita-

765 2489 875 2532 tem
907 2477 1167 2529 adversus
1223 2486 1318 2526 eos
1350 2471 1439 2540 qui
1481 2472 1622 2524 hanc
1661 2485 1770 2523 non
1828 2468 2331 2521 animadverterunt

769 2567 1230 2623 vehementiorem
1263 2564 1378 2618 lore
1414 2576 1728 2632 speramus:
1757 2559 1899 2628 quod
1931 2562 2112 2628 utique
2139 2558 2332 2611 etiam-

768 2676 898 2714 num
925 2659 1073 2713 fecit.

844 2748 1002 2802 Vens.
1031 2747 1118 2801 68.
1161 2763 1179 2796 ι
1222 2745 1290 2798 Et
1325 2743 1488 2813 elegit
1511 2742 1711 2796 tribum
1737 2740 1896 2795 Juda.
1923 2760 1942 2791 ι

840 2839 1227 2892 Verumtamen
1258 2849 1368 2888 non
1400 2833 1576 2886 tribus
1597 2830 1758 2894 Juda,
1787 2830 1880 2884 sed
1910 2827 2188 2898 Beniamin
2215 2834 2333 2881 erat

771 2931 902 2984 Sion
935 2937 990 2981 et
1026 2925 1328 2981 Jerusalem
1353 2924 1595 2992 antiqua.
1628 2921 1733 2976 Sed
1755 2921 1945 2976 Judam
1980 2928 2137 2974 vocat
2171 2920 2334 2973 conli-

774 3027 978 3072 tentcm
1046 3016 1187 3084 (hoc
1243 3013 1388 3066 enim
1439 3011 1605 3066 Judas
1684 3006 2332 3079 interpretatur):hujus

772 3111 946 3164 tribus
981 3119 1066 3161 est
1101 3105 1371 3169 Ecclesia;
1421 3119 1546 3157 nam
1582 3118 1679 3171 per
1701 3100 2076 3171 pmnitentiam
2100 3108 2154 3153 et
2193 3113 2329 3152 con-

769 3202 1066 3256 fessionem
1107 3195 1427 3251 servaturin
1457 3195 1570 3262 ipsa
1595 3207 1753 3247 mous
1797 3191 1950 3252 Sion,
1977 3205 2137 3259 quem
2167 3188 2332 3242 nimi-

776 3308 899 3346 rum
921 3291 1085 3344 etiam
1119 3287 1330 3343 dilexit.
1378 3285 1566 3339 Omnis
1615 3283 1762 3338 enim
1799 3283 2109 3352 quicunque
2163 3281 2333 3333 Deum

772 3393 1003 3454 spectat,
1035 3383 1122 3436 hic
1145 3395 1302 3434 mons
1321 3378 1451 3433 Sion
1475 3378 1806 3443 nominatur;
1821 3377 1947 3445 quia
1970 3375 2100 3428 Sion
2117 3372 2335 3441 specula

774 3479 1181 3545 interpretatur.

845 3652 1045 3722 Utique
1079 3651 1261 3706 dices:
1309 3648 1366 3702 Si
1414 3647 1794 3716 mysteriorum
1845 3640 2336 3697 ecclesiasticarum

784 3741 1112 3804 meminerit,
1161 3754 1259 3792 cur
1306 3738 1560 3791 Davidem
1618 3735 1673 3788 in
1731 3733 1970 3787 medium
2031 3730 2212 3784 attulit
2256 3729 2340 3784 his

790 3818 956 3884 multo
1012 3830 1373 3898 antiquiorem
1421 3827 1774 3880 exsistentem
1816 3825 1839 3877 ?
1889 3823 2024 3891 Quia
2085 3820 2337 3874 nimirum

785 3931 933 3989 pater
976 3922 1222 3989 etimago
1244 3919 1448 3974 Christi
1475 3926 1608 3971 erat.
1639 3916 1977 3984 Quapropter
1997 3913 2066 3966 de
2094 3911 2342 3982 gregibus

785 4015 965 4066 ovium
997 4019 1307 4080 assumptus
1355 4009 1477 4072 fuit,
1509 4022 1616 4061 non
1651 4008 1718 4061 de
1745 4021 1854 4059 uno
1896 4019 2078 4074 grege.
2127 4003 2344 4057 Christo

788 4107 927 4157 enim
955 4104 1172 4172 plurimi
1201 4117 1390 4172 greges
1416 4110 1544 4154 sunt
1577 4115 1699 4154 cum
1731 4098 2008 4153 hominum
2035 4105 2148 4150 tum
2180 4110 2344 4166 ange-

787 4196 983 4257 lorum,
1029 4200 1141 4245 tum
1204 4191 1434 4244 aliarum
1483 4189 1831 4244 rationalium
1882 4197 1938 4243 et
1993 4187 2343 4241 invisibilium

789 4283 1070 4347 virtutum,
1100 4297 1220 4350 qua:
1245 4290 1298 4335 et
1326 4280 1652 4351 proliﬁcant,
1676 4280 1729 4334 id
1755 4289 1858 4346 est,
1886 4287 2102 4334 uterum
2129 4286 2340 4350 gerunt:

781 4390 1004 4444 gregem
1031 4375 1176 4427 enim
1226 4373 1464 4426 sterilem
1497 4387 1604 4426 non
1633 4371 1817 4438 habet,
1874 4370 1970 4424 sed
2011 4384 2201 4424 omnes
2248 4385 2346 4439 per

2441 1932 2666 1996 Ἡσαΐας
2693 1932 2868 2000 ἐλεγεο
2900 1931 3094 1999 Ζῆλος
3118 1933 3378 2000 λήψεται
3409 1932 3569 1986 ,λαὸν
3607 1929 4054 1985 ἀπαίδευτον

2428 2025 2526 2079 καί
2549 2025 2667 2080 νῦν
2694 2025 2814 2093 πῦρ
2841 2025 2983 2091 τοὺς
3008 2026 3413 2090 ὑπεναντίους
3437 2025 3668 2079 ἔδεται.

2506 2138 2525 2170 ι
2571 2118 2659 2181 Ὠς
2686 2118 2912 2180 δυνατὸς
2943 2115 3406 2188 κεκραιπαληκὼς
3439 2115 3498 2180 ἐξ
3525 2117 3706 2168 οίνου.
3757 2134 3781 2164 :-

2503 2210 2797 2279 Κραιπάλη
2820 2211 2877 2263 δὲ
2909 2211 3072 2276 ποία;
3105 2211 3168 2262 'H
3187 2210 3243 2276 ἐξ
3286 2210 3428 2261 οίνου
3448 2211 3562 2270 τοῖς
3589 2208 3879 2267 δυνατοῖς
3916 2221 4049 2272 συμ-

2409 2303 2694 2357 ’6αίνουσα
2717 2318 2730 2333 ·
2756 2302 2894 2355 ἀλλὰ
2923 2303 3060 2372 μετὰ
3085 2302 3175 2356 τὸν
3221 2297 3363 2354 οῐνον
3397 2299 3755 2371 ἐγερθέντες,
3804 2301 4048 2368 ὁρμητι-

2432 2392 2660 2462 κώτεροι
2698 2392 2965 2459 γίνονται.
3021 2389 3177 2443 Οὕτω
3218 2390 3314 2442 καὶ
3352 2389 3442 2442 τὸν
3468 2388 3605 2440 Θεὸν
3655 2386 4048 2457 σφοδρότερον

2435 2488 2573 2554 μετὰ
2619 2485 2717 2554 τὴν
2779 2483 3163 2554 μακροθυμίαν
3205 2481 3425 2534 ἔσεσθαι
3489 2480 3639 2534 κατὰ
3687 2480 3814 2533 τῶν
3874 2477 4048 2543 αὐτῆς

2432 2581 2533 2630 οὐκ
2608 2576 3020 2647 αἰσθανομένων
3074 2575 3400 2645 ἐλπίζομεν·
3444 2574 3499 2628 τί
3528 2575 3645 2644 γὰρ
3688 2573 3759 2645 δὴ
3814 2572 3925 2626 καὶ
3956 2569 4038 2621 νῦλ.

2432 2669 2690 2737 ἐποίησεν
2714 2687 2729 2734 ;

2511 2784 2529 2815 ι
2561 2764 2670 2818 Καὶ
2699 2761 2983 2828 ἐξελέξατο
3010 2762 3107 2831 τὴν
3133 2760 3304 2831 φυλὴν
3342 2759 3534 2812 Ἰούδα.
3573 2778 3593 2810 ι

2505 2857 2618 2909 Καὶ
2654 2855 2761 2925 μὴν
2795 2854 2857 2906 οὑ
2896 2853 2996 2921 τῆς
3026 2852 3201 2920 φυλῆς
3238 2851 3332 2903 τοῦ
3376 2850 3579 2914 Ἰούδα,
3615 2850 3762 2902 ἀλλὰ
3803 2848 3920 2917 τῆς
3951 2844 4037 2897 τοῦ

2434 2945 2696 3013 Βενιαμὶν
2745 2940 2886 3009 αὕτη
2916 2959 2976 2994 τε
3011 2942 3044 3010 ἠ
3097 2940 3235 2992 Σιὼν
3263 2937 3360 2992 καὶ
3409 2937 3781 3008 Ἰερουσαλὴμ
3822 2934 4034 3005 ἀρχαία

2435 3033 2932 3104 ἐτύγχανεν.Ἀλλὰ
2970 3033 3171 3085 Ἰούδαν
3203 3031 3350 3099 λέγει
3390 3029 3482 3082 τὸν
3511 3027 4035 3097 ἐξομολογούμενοι

2439 3123 2618 3192 (τοῦτο
2642 3125 2754 3192 γὰρ
2797 3125 2826 3175 ό
2877 3121 3078 3184 Ἰούδας
3110 3118 3499 3190 ἑρμηνεύεται)
3523 3133 3538 3148 ·
3575 3117 3776 3170 τούτου
3813 3117 3968 3185 φυλὴ
4002 3116 4029 3180 ἠ

2448 3215 2779 3286 Ἐκκλησία·
2813 3213 2902 3267 διὰ
2946 3214 3054 3280 γὰρ
3097 3211 3387 3282 μετανοίας
3435 3210 3531 3262 καὶ
3568 3209 4030 3278 ἐξομολογήσεως

2437 3307 2672 3369 σώζεται
2721 3305 2848 3376 παρ’
2897 3305 3035 3373 αὐτῇ
3059 3304 3121 3355 τὸ
3148 3302 3274 3372 ὅρος
3324 3301 3385 3353 τὸ
3410 3302 3572 3364 Σιὼν,
3614 3302 3762 3370 ὅπερ
3808 3302 3883 3368 δὴ
3941 3300 4026 3350 καὶ

2433 3397 2713 3466 ἠγάπησε.
2744 3397 2857 3458 Πᾶς
2881 3396 2992 3464 γὰρ
3014 3395 3067 3446 ετ
3092 3410 3178 3455 τις
3213 3392 3471 3445 σκοπεύει
3502 3391 3657 3458 Θεὸν,
3688 3387 3858 3456 οὗτος
3891 3388 4027 3443 Σιὼν

2434 3489 2797 3559 ὀνομάζεται·
2828 3487 3017 3556 ἐπειδὴ
3043 3486 3494 3556 σκοπευτήριον
3535 3485 3679 3538 Σιὼν
3710 3484 4020 3556 ἑρμηνεύε-

2434 3596 2549 3634 ται.

2510 3671 2734 3732 Πάντως
2770 3669 2950 3738 ἐρεῖςο
2990 3668 3052 3720 Ei
3091 3667 3201 3718 τῶν
3228 3667 3370 3720 κατᾶ
3402 3665 3506 3737 τὴν
3536 3666 3886 3737 Ἐκκλησίαν
3931 3685 4022 3736 μου

2442 3762 2678 3829 στηρίων
2708 3760 3006 3830 ἐμέμνητο,
3032 3759 3178 3820 τίνος
3213 3759 3375 3827 χάριν
3400 3759 3482 3820 εις
3509 3757 3672 3827 μέσον
3716 3759 3910 3828 ἧγαγε
3941 3758 4022 3809 τὸν

2439 3852 2607 3903 Δαίὶὶδ
2627 3850 2980 3922 ἀρχαιότερον
2999 3849 3204 3901 τούτων
3234 3848 3366 3901 πολὺ
3397 3849 3737 3917 τυγχάνοντα
3757 3866 3771 3913 ;
3793 3847 4018 3915 Ἐπειδὴ

2439 3942 2627 4012 Πατὴρ
2670 3945 2765 3994 καὶ
2793 3939 2955 3993 εἰκὼν
3006 3935 3074 4008 ἦν
3126 3938 3219 3990 τοῦ
3266 3939 3526 4008 Χριστοῦ.
3580 3939 3747 3991 Ὅθεν
3795 3943 3872 3993 ἐκ
3925 3939 4021 3990 τῶν

2443 4033 2707 4103 ποιμνίων
2746 4031 2858 4084 τῶν
2905 4031 3194 4100 πῳὸἀτων
3239 4029 3596 4098 ἀνείληπται,
3653 4031 3759 4082 οὐκ
3802 4033 3882 4084 ὲκ
3935 4029 4022 4082 τοῦ

2421 4122 2717 4202 ποιμνίου.
2756 4121 2958 4172 Πολλαὶ
2994 4121 3103 4190 γὰρ
3153 4118 3230 4190 τῷ
3269 4119 3493 4190 Χριστῷ
3543 4123 3793 4188 ποῖμναι,
3828 4125 3896 4176 al.
3931 4121 4020 4191 μὲν

2442 4213 2765 4284 ἀνθρώπων,
2797 4212 2854 4264 al
2878 4210 2936 4262 δὲ
2978 4209 3251 4276 ἀγγέλων,
3274 4210 3331 4260 al
3358 4209 3416 4261 δὲ
3445 4211 3679 4277 λογικῶν
3714 4213 3908 4267 ἄλλων
3937 4214 4021 4265 καὶ

2441 4303 2688 4371 ἀοράτων
2698 4299 3000 4368 δυνάμεων,
3019 4299 3223 4360 αἱτινες
3245 4298 3342 4350 καὶ
3357 4299 3688 4368 λοχεύονται,
3714 4304 4016 4362 τουτέστιν,

2444 4390 2805 4460 ἐγκυμονοῦσι
2831 4404 2845 4419 ·
2873 4389 3113 4458 ποίμνην
3162 4388 3270 4457 γὰρ
3313 4387 3562 4459 ἄκαρπον
3585 4389 3686 4442 οὐκ
3716 4389 3862 4458 ἔχει,
3893 4389 4020 4442 ἀλλὰ

785 4466 1036 4519 timorem
1065 4463 1234 4533 ipsius
1261 4462 1630 4531 concipientes
1671 4462 2054 4531 parientesque
2091 4461 2331 4514 salutem.

2453 4479 2635 4539 πάσας
2659 4477 2747 4529 διὰ
2769 4477 2861 4529 τὸν
2889 4475 3054 4528 αὑτοῦ
3080 4477 3451 4544 κυοφορούσας
3479 4477 3642 4543 φόϐον
3674 4479 3768 4530 καὶ
3799 4478 4017 4532 τικτού-

786 4556 1131 4624 Quapropter
1167 4555 1332 4610 etiam
1372 4553 1536 4608 Isaias
1562 4553 1731 4607 dixit:
1759 4553 1802 4606 A
1834 4554 2021 4606 timore
2068 4561 2176 4614 tuo,
2233 4551 2340 4603 Do-

793 4647 944 4709 mine,
987 4646 1040 4699 in
1075 4653 1224 4698 utero
1253 4645 1568 4712 accepimus,
1600 4655 1648 4696 et
1676 4643 2072 4712 parturiuimus,
2101 4652 2148 4694 et
2186 4657 2341 4710 pepe-

785 4739 948 4790 rimus
1011 4736 1255 4804 spiritum
1296 4735 1484 4788 salutis
1540 4742 1683 4798 tua,
1731 4750 1882 4802 quem
1925 4733 2139 4802 fecimus
2187 4745 2348 4799 super

786 4833 980 4901 terram
993 4828 1060 4878 “.

855 4914 1018 4968 Vsus.
1049 4914 1137 4968 Ἡ.
1167 4932 1186 4965 ι
1224 4912 1460 4966 Pascere
1486 4910 1652 4965 Jacob
1672 4925 1889 4964 servum
1915 4924 2096 4964 suum.
2141 4927 2159 4960 ι

857 5007 1119 5075 Papulum
1147 5005 1404 5058 nimirum
1429 5019 1491 5056 ex
1521 5001 1790 5074 gentibus.
1833 5000 1929 5054 Hic
1977 5002 2124 5054 enim
2174 4998 2342 5053 Jacob

782 5107 889 5161 est,
914 5098 1038 5165 quia
1061 5113 1184 5150 cum
1211 5095 1428 5150 Judzeos
1455 5097 1870 5164 supplantasset,
1919 5094 2128 5162 accepit
2153 5106 2342 5146 eorum

787 5191 1182 5260 primogenita;
1219 5201 1379 5258 atque
1421 5191 1643 5260 insuper
1687 5189 1847 5243 etiam
1885 5189 2078 5242 Israel:
2133 5197 2344 5257 spectat

778 5285 930 5335 enim
963 5283 1129 5335 Deum
1162 5294 1405 5351 tempore
1453 5283 1838 5352 mysteriorum
1875 5282 2029 5350 quasi
2083 5281 2222 5334 facie
2278 5280 2345 5334 ad

785 5373 1001 5428 faciem.
1063 5372 1218 5436 Quod
1273 5381 1456 5425 autem
1505 5374 1645 5426 Deus
1691 5383 1895 5443 pascat,
1922 5373 2047 5426 audi
2093 5371 2347 5424 Davidem

786 5463 1094 5516 (licentem:
1130 5462 1384 5515 Dominus
1433 5465 1601 5531 pascit
1652 5480 1733 5515 me
1788 5461 2037 5533 [Vulgata
2068 5459 2245 5532 regit],
2303 5471 2350 5513 et

787 5554 916 5605 nihil
945 5553 1069 5606 mihi
1127 5553 1370 5606 deerit“.
1393 5552 1531 5607 Audi
1555 5553 1715 5607 etiam
1744 5551 2023 5606 Christum
2061 5571 2072 5605 :
2114 5550 2222 5620 Ego
2238 5566 2352 5602 sum

788 5654 968 5712 pastor
1004 5645 1243 5697 bonus".

861 5758 908 5788 ”
941 5757 1075 5813 Gen.
1107 5775 1195 5824 xv,
1228 5760 1311 5813 15.
1389 5760 1433 5791 ⁸³
1467 5761 1568 5814 lsa.
1595 5775 1737 5827 xxvi,
1769 5761 1851 5814 il.
1927 5764 1971 5794 ’°
2009 5761 2139 5815 ibid.
2171 5762 2252 5815 l8.
2331 5762 2373 5793 "
2410 5760 2547 5815 Psal.
2584 5775 2718 5823 uti,
2761 5761 2812 5813 1.

2398 4563 2549 4632 ’σας
2593 4568 2882 4639 σωτηρίαν.
2938 4568 3138 4638 Διόπερ
3179 4571 3272 4621 καὶ
3323 4568 3551 4630 Ἠσαῖας
3600 4569 3806 4634 ἐλεγενο
3881 4569 4019 4625 Ἀπὸ

2448 4659 2554 4711 τοῦ
2591 4659 2781 4726 φόϐου
2803 4672 2945 4721 σου,
2987 4661 3197 4725 Κύριε,
3224 4659 3295 4710 ἐν
3316 4657 3530 4725 ταστρί
3567 4657 3895 4725 ἐλάϐομεν,
3931 4657 4017 4712 καὶ

2445 4745 2848 4814 ὼδινήσαμεν,
2871 4746 2969 4798 καὶ
2993 4745 3275 4813 ἐτέκομεν
3299 4745 3537 4814 πνεῦμα
3559 4749 3866 4813 σωτηρίας
3883 4763 4016 4809 σου,

2448 4836 2818 4904 ἐποιήσαμεν
2843 4836 2942 4888 ἐπὶ
2965 4835 3078 4903 τῆς
3103 4837 3236 4904 γῆς.
3938 4827 3945 4833 ’

2525 4943 2544 4976 ι
2579 4925 2894 4994 Ποιμαίνειν
2942 4925 3136 4977 Ἰακὼϐ
3163 4926 3254 4978 τὸν
3282 4923 3468 4978 δοῦλον
3487 4923 3672 4978 αὐτοῦ.
3723 4943 3743 4975 ι

2520 5017 2626 5069 Τὸν
2662 5015 2722 5080 ἐξ
2768 5016 2938 5069 ἐθνῶν
2987 5017 3188 5086 δηλαδὴ
3248 5016 3397 5071 λαόν.
3456 5017 3652 5083 Ἰακῲό
3681 5016 3792 5086 γὰρ
3837 5011 4015 5079 οὗτος,

2451 5108 2640 5178 ἐπειδὴ
2669 5107 2963 5178 πτερνίσας
2986 5109 3114 5170 τοὺς
3171 5106 3489 5171 Ἰουδαίους’,
3519 5107 3708 5160 ἐλαδεν
3731 5107 3924 5160 αὐτῶν
3958 5109 4015 5160 τὰ

2452 5200 2795 5270 πρωτοτόκια
2819 5215 2834 5230 ·
2864 5201 2944 5251 ἐτι
2969 5200 3027 5252 δὲ
3047 5200 3140 5252 καὶ
3184 5199 3401 5269 Ἰσραήλ
3423 5213 3436 5227 ·
3480 5201 3582 5270 δρᾷ
3617 5201 3724 5268 γὰρ
3754 5201 3847 5252 τὸν
3887 5202 4012 5254 Θεὸν

2447 5292 2588 5343 κατὰ
2625 5291 2716 5341 τὸν
2760 5290 2950 5359 καιρὸν
2977 5289 3088 5341 τῶν
3133 5290 3450 5360 μυστηρίων
3484 5290 3776 5359 πρόσωπον
3825 5290 4012 5359 ῶσπερ

2447 5382 2528 5440 εἰς
2558 5379 2870 5448 πρόσωπον.
2912 5378 3035 5430 Ὀτι
3072 5377 3129 5430 δὲ
3174 5379 3450 5447 ποιμαίνει
3492 5380 3520 5431 6
3564 5379 3909 5446 Θεὸς,ἇκουε
3927 5381 4013 5433 τοῦ

2451 5470 2615 5522 Δασὶδ
2664 5468 2824 5522 τοῦτο
2859 5469 3144 5536 λέγοντος·
3192 5471 3408 5536 Κύριος
3446 5474 3740 5539 ποιμαίνει
3781 5489 3882 5540 με,
3923 5475 4010 5526 καὶ

2448 5559 2630 5613 οὐδέν
2667 5576 2746 5627 με
2794 5559 3138 5626 ὑστερήσει.
3197 5562 3393 5614 Ἄκουε
3444 5565 3539 5616 καὶ
3587 5562 3681 5616 τοῦ
3739 5565 4009 5634 Χριστποῦο

2463 5649 2605 5717 Ἐγώ
2635 5653 2751 5718 ειμι
2790 5653 2823 5702 ὁ
2847 5653 3073 5718 ποιμὴν
3107 5655 3140 5703 ό
3177 5654 3384 5717 καλός.

2898 5760 2944 5791 ⁹¹
2975 5759 3137 5815 Joan.
3171 5777 3248 5829 ιι,
3281 5763 3367 5816 l-i.
