4156 6452
83 397 237 465 1253
1291 403 1694 463 FRAGMEN'I

1794 402 1873 462 IN
1911 402 2045 462 PSA
2053 402 2270 463 LMOS.
3239 407 3374 478 1254

672 519 966 573 ΨΛΛΜΟΣ
1008 518 1141 574 OH'.

2275 511 2597 569 PSALMUS
2635 512 2915 570 LXXVIII.

162 607 418 664 Ἐθεντο
459 609 819 681 Ἰερουσαλήμ
844 611 924 674 εἰς
957 607 1428 679 ὀπωροφυλάκιον.
1475 625 1496 658 ι

1879 600 2042 656 Vsus.
2076 602 2127 655 Ι.
2161 619 2179 653 ι
2217 603 2523 656 Posuerunt
2547 602 2843 658 Jerusalem
2876 606 2930 658 in
2979 620 3261 675 pomorum
3284 624 3374 662 cu-

1805 692 2061 747 stodiam.
2092 711 2111 744 ι

1877 783 2056 849 Quare
2088 784 2143 838 in
2168 798 2453 853 pomorum
2477 784 2822 839 custodiam?
2866 785 2999 850 Quia
3034 803 3156 842 cum
3216 794 3375 859 spiri-

1806 884 1920 930 tum
1943 875 2078 946 legis
2121 891 2187 930 ac
2214 875 2603 946 prophetarum
2659 877 3031 940 sustulissent,
3064 882 3234 934 solum
3286 883 3375 934 lit-

1805 975 1937 1022 tera:
1966 984 2187 1037 pomum
2214 969 2349 1038 ipsis
2379 969 2798 1025 custodiendum
2853 970 3208 1038 reliquerunt.
3265 972 3378 1028 Hoc

1802 1067 1987 1113 autem
2017 1074 2128 1112 non
2159 1067 2276 1113 erat
2297 1074 2362 1113 ex
2387 1059 2722 1124 hominibus,
2757 1060 2852 1113 sed
2876 1075 2942 1113 ex
2997 1058 3106 1114 Deo
3158 1062 3377 1116 volente

1801 1149 1870 1204 ab
1903 1150 2142 1204 inimicis
2173 1159 2492 1221 argumenta
2509 1148 2634 1204 ﬁdei
2657 1158 2858 1204 nostra:
2891 1152 3115 1208 servari.
3148 1150 3375 1206 Pomum

1801 1250 1986 1296 autem
2023 1242 2202 1297 littera
2253 1243 2450 1298 merito
2474 1242 2801 1313 appellatur,
2831 1258 2899 1299 eo
2950 1245 3096 1313 quod
3150 1245 3377 1300 minime

1801 1333 2057 1400 solidum,
2081 1333 2177 1388 sed
2204 1345 2618 1404 temporaueum
2665 1335 2934 1390 duntaxat
2983 1336 3166 1390 cibum
3197 1336 3372 1391 conti-

1801 1433 1977 1477 neret.

1872 1512 2036 1570 Vens.
2069 1514 2123 1571 5.
2167 1533 2186 1567 ι
2222 1512 2552 1568 Eﬁ'uderunt
2617 1515 2938 1585 sanguinem
2961 1531 3170 1572 eorum.
3208 1538 3228 1570 ο

155 1600 330 1677 Αἷμα
375 1607 560 1662 αὐτῶν
603 1607 673 1661 τὰ
712 1607 922 1678 ψυχικὰ
970 1607 1444 1679 πλημμελήματα,
1498 1601 1575 1662 ὧν
1623 1605 1694 1670 εἰς

1874 1603 2109 1676 Sanguis
2155 1620 2346 1660 eorum
2392 1614 2521 1659 sunt
2557 1605 2755 1659 anima:
2777 1605 2997 1671 delicta,
3042 1623 3272 1676 quorum
3319 1610 3373 1663 in

76 1691 235 1767 ατμα
267 1698 305 1768 ή
335 1697 626 1769 ἐκδίκησις
654 1696 864 1765 γίνεται
892 1713 906 1728 ⁸
936 1696 1109 1751 ταῦτα
1138 1697 1214 1761 ὡς
1259 1696 1405 1770 ὕδωρ
1442 1695 1694 1768 ἐξεχύθη,

1802 1697 2068 1767 sanguine
2091 1695 2153 1750 ﬁt
2177 1695 2352 1755 ultio:
2405 1695 2523 1750 haec
2557 1705 2810 1766 tanquam
2841 1712 2980 1766 aqua
3023 1699 3194 1754 eﬁusa
3224 1709 3372 1764 sunt,

76 1784 234 1839 ὥστε
303 1788 515 1858 μηκέτι
576 1787 972 1858 ἀναληφθῆναι,
1028 1786 1216 1858 ὥσπερ
1268 1787 1392 1838 οὐδὲ
1440 1786 1502 1839 τὸ
1552 1785 1694 1857 ὕδωρ

1803 1797 1863 1842 ut
1889 1788 2092 1842 resumi
2116 1787 2350 1856 amplius
2381 1802 2492 1840 non
2528 1787 2760 1856 possint,
2786 1788 2928 1843 sicut
2955 1805 3053 1845 nec
3084 1805 3223 1860 aqua
3251 1801 3372 1862 post

157 779 338 844 Τίνος
362 781 527 852 χάριν
556 785 636 845 είς
654 782 1106 853 όπωροφυλάκιον
1128 779 1379 852 ;Ἐπειδὴ
1403 781 1462 834 τὸ
1485 779 1703 852 πνεῦμα

70 872 179 926 τοῦ
210 873 399 944 νόμου
433 875 538 928 καὶ*
579 875 688 928 τῶν
742 875 1042 947 προφητῶν
1069 871 1344 941 λαϐόντες,
1376 875 1543 945 μόνην
1575 891 1704 928 κατ·-

76 962 288 1016 έλιπον
320 965 516 1028 αὐτοῖς
537 964 828 1034 φυλάττειν
846 966 948 1036 τὴν
977 965 1204 1038 ὀπώραν
1227 964 1320 1016 τοῦ
1351 967 1699 1036 γράμματος.

73 1055 267 1108 Ἱόῦτο
316 1056 382 1110 δὲ
428 1053 498 1129 ἦν
542 1058 645 1111 οὐκ
681 1057 742 1122 ἐξ
794 1057 1122 1128 ἀνθρώπων,
1174 1057 1293 1111 ἀλλ’
1334 1059 1399 1110 ἐκ
1438 1057 1533 1110 τοῦ
1567 1055 1702 1110 Θεοῦ

76 1144 449 1218 βουλομένου
497 1149 653 1220 παρά
687 1151 799 1214 τοῖς
847 1151 1064 1221 ἐχθροῖς
1109 1150 1211 1212 τὰς
1248 1147 1560 1214 ἀποδείξεις
1604 1149 1704 1216 τῆς

75 1239 344 1306 πίστεως
390 1243 490 1314 τῆς
547 1240 826 1313 ήμετέρας
892 1241 1188 1307 σώζεσθαι.
1258 1241 1483 1313 Ὀπώρα
1529 1239 1586 1294 δὲ
1641 1240 1705 1292 τδ

74 1331 365 1402 γράμμα,
416 1333 492 1398 ὼς
529 1332 606 1406 μή
653 1334 888 1403 γνησίαν
934 1333 1162 1406 τροφὴν,
1194 1334 1331 1388 ἀλλά
1367 1332 1725 1405 πρόσκαιρον·

74 1420 236 1492 ἕχον,
258 1425 504 1489 εἰκότως
535 1424 994 1496 προσηγόρευται.
1557 1434 1563 1441 ’

159 1531 181 1564 ι
246 1514 523 1587 Ἐξέχεαν
555 1516 616 1568 τὸ
649 1510 794 1586 αἷμα
817 1516 1018 1569 αὐτῶν.
1059 1533 1078 1566 ι

84 1877 239 1946 μετά
277 1877 387 1948 τὴν
437 1876 659 1947 ἔκχυσιν
708 1877 956 1932 δύναται.
999 1880 1218 1942 Κύκλφ
1257 1876 1652 1948 Ἰερουσαλήμ
1678 1891 1694 1908 ⁶

1800 1878 2148 1934 effusionem.
2181 1877 2247 1932 In
2290 1878 2518 1930 circuitu
2542 1875 2886 1943 Jerusalem;
2951 1879 3005 1934 id
3051 1889 3156 1946 est,
3209 1897 3373 1951 super

78 1965 416 2030 τουτέστιν,
467 1967 553 2018 ἐπ’
595 1964 792 2037 αὐτὴν,
846 1967 1086 2029 καὶτοὺς
1123 1965 1184 2031 ἐξ
1229 1966 1422 2038 αὐτῆς.
1467 1967 1540 2021 Τὸ
1586 1969 1693 2038 γὰρ

85 2048 244 2123 αἷμα
301 2053 492 2107 αὐτῶν
524 2053 612 2106 ἐπ’
637 2055 862 2120 αὐτοὺς,
908 2055 1004 2108 καὶ
1045 2055 1138 2109 ἐπὶ
1175 2056 1245 2110 τὰ
1284 2056 1450 2110 τέκνα
1491 2057 1692 2123 αὐτῶν,

83 2146 164 2208 ὡς
200 2145 372 2200 αὐτοὶ
407 2147 500 2199 τὸν
540 2147 775 2217 Χριστὸν
815 2146 1281 2215 συκοφαντοῦντες
1325 2147 1539 2217 ελεγον.
1584 2146 1696 2201 Καὶ

87 2239 209 2290 οὐκ
244 2233 332 2308 ἦν
357 2241 394 2292 ό
446 2239 710 2292 θάπτων.
739 2239 839 2292 Διά
869 2239 953 2305 τί;
1011 2237 1230 2310 Ἐπειδὴ
1273 2242 1427 2292 αὐτοὶ
1470 2239 1589 2310 μὲν,
1621 2239 1695 2303 ὡς

90 2331 318 2398 νεκροὶ,
357 2329 594 2383 θάπτειν
623 2329 888 2401 ἀλλήλους
906 2331 1004 2384 οὐκ
1024 2330 1209 2402 ίσχυον
1230 2347 1245 2362 ο
1270 2333 1304 2402 ή
1320 2331 1617 2402 Ἐκκλησία
1640 2331 1696 2384 δὲ

91 2419 272 2472 θάπτε
285 2439 336 2474 ιν
365 2421 570 2485 αὐτοὺς
584 2421 686 2474 οῦκ
706 2421 1013 2484 ἐπίσταται,
1051 2420 1352 2485 τουτέστιν,
1377 2423 1436 2475 οὐ
1468 2421 1696 2476 συσκιά-

92 2511 211 2576 ζειν
231 2511 428 2565 αὐτῶν
445 2513 510 2565 τὰ
529 2515 923 2584 ἁμαρτήματα.
952 2514 1016 2566 Τί
1048 2513 1105 2566 δὲ
1141 2515 1200 2567 τὸ
1230 2513 1470 2580 κωλύον;
1505 2515 1567 2570 'H
1596 2515 1691 2570 τοῦ

95 2602 350 2673 Χριστοῦ
384 2603 663 2673 ἀπόφασις
699 2604 988 2674 ήλέγουσα
1006 2620 1023 2638 ο
1065 2605 1251 2675 ’Ἄφες
1274 2605 1416 2672 τοὺς
1442 2606 1698 2676 νεκροὺς

97 2693 362 2748 θάπτειν
405 2695 549 2760 τοὺς
587 2693 820 2748 ἑαυτῶν
866 2695 1139 2763 νεκρούς.
1177 2696 1279 2750 Διά
1331 2698 1418 2764 τί;
1479 2697 1696 2769 Ἐπειδὴ

101 2785 483 2855 ἁμαρτωλοὺς
558 2785 873 2850 συσκιάζειν
924 2786 1294 2857 πειρώμενοι,
1356 2790 1696 2859 γυμνοτέρας

101 2877 319 2928 ἑαυτῶν
349 2877 452 2940 τὰς
479 2877 729 2949 πράξεις,
766 2879 861 2930 καὶ
886 2879 1052 2931 πᾶσιν
1082 2879 1484 2943 έπονειδίστους
1517 2882 1692 2952 ἐργά-

105 2967 322 3029 ζονται.

192 3077 211 3109 ι
243 3058 339 3128 Μὴ
381 3057 630 3129 μνησθῇς
653 3058 813 3129 ήμῶν
842 3059 1084 3130 ἀνομιῶν
1115 3059 1376 3130 ἀρχαίων.
1422 3077 1441 3110 ι

179 3257 356 3313 Πόθεν
410 3256 520 3328 γὰρ
569 3257 803 3326 ἀρκέσαι
848 3257 981 3329 πρὸς
1028 3258 1230 3329 ἀρχαῖα
1268 3256 1415 3311 κακά
1456 3258 1549 3312 καὶ
1595 3257 1688 3312 νέα

109 3347 566 3420 δυνηθησόμεθα;
617 3349 778 3411 Ἴσως
810 3347 866 3400 δὲ
914 3348 943 3400 ὁ
988 3349 1275 3420 προφήτης
1331 3349 1563 3418 ἀνομίας
1597 3351 1696 3420 ἀρ·-

118 3440 273 3509 (αίας
306 3440 411 3502 τὰς
442 3441 500 3492 ὲν
527 3441 596 3510 τῇ
643 3439 837 3509 ἐρήμῳ
883 3438 1073 3506 λέγει,
1126 3439 1315 3510 ἐπειδὴ
1361 3439 1566 3504 πολλὰς
1609 3440 1696 3492 ἐπ’

113 3531 304 3595 αὑταῖς
347 3533 375 3584 ὁ
410 3529 541 3593 Θεὸς
573 3531 805 3592 ἀπειλὰς
845 3531 939 3583 καὶ
963 3530 1251 3600 διαφόρους
1289 3529 1441 3583 ἔθετο
1465 3547 1479 3560 ·
1507 3530 1696 3601 διόπερ

112 3622 291 3676 αὐτῶν
330 3621 648 3675 εὐλαϐεῖται
675 3621 775 3689 τὴν
824 3620 1152 3690 ἀνάμνησιν.
1185 3620 1353 3673 Οὐδὲν
1382 3618 1523 3673 οὕτω
1550 3637 1697 3673 πτω-

116 3714 207 3782 χὸν
238 3712 332 3767 τὸν
357 3710 651 3782 ἄνθρωπον
675 3711 752 3773 ὡς
777 3711 835 3762 αἱ
868 3710 1133 3781 ἁμαρτίαι
1171 3709 1412 3762 δείκνυσι
1435 3727 1451 3742 ο
1484 3710 1696 3780 πτωχό-

114 3818 273 3873 τερος
317 3802 378 3855 δὲ
415 3800 808 3872 προστεθείσης
856 3800 1111 3863 ἀσεδιίας
1145 3802 1215 3872 τῇ
1264 3799 1512 3871 ἁμαρτίᾳ
1549 3801 1697 3869 γίνε-

115 3911 228 3948 ται.
253 3893 460 3962 Διόπερ
481 3891 661 3955 αὐτοῖς
682 3890 914 3961 ταχῦναι
939 3892 1067 3954 τοὺς
1091 3891 1409 3961 οἰκτιρμοὺς
1441 3891 1536 3944 τοῦ
1559 3891 1694 3944 Θεοῦ

115 3984 599 4057 ἐπρεσϐεύσαντο,
662 3985 861 4054 μήπως
914 3986 980 4054 τῇ
1049 3984 1386 4054 σφοδροτέρᾳ
1446 3984 1695 4057 πτωχείᾳ

114 4077 564 4146 ἀπογνωσθέντες
607 4075 948 4129 ἀπόλωνται·
1003 4074 1175 4138 οὕτως
1211 4072 1304 4129 οὖν
1334 4076 1556 4146 χάρισαι
1597 4075 1694 4150 τὴν

119 4168 214 4238 σὴν
244 4169 527 4239 βοήθειαν.

193 4279 211 4312 ι
250 4260 528 4332 Βοήθησον
554 4259 708 4329 ἡμῖν,
739 4260 768 4312 ό
794 4257 926 4322 Θεὸς
959 4259 988 4310 ὁ
1012 4258 1224 4329 Σωτήρ.
1263 4276 1283 4309 ι

187 4351 376 4407 Ταῦτα
401 4352 535 4422 πρὸς
552 4351 642 4404 τὸν
654 4350 656 4353 ’
669 4350 902 4422 Χριστὸν
923 4366 1028 4420 πρε
1040 4349 1309 4402 σϐεύεταιο
1327 4347 1488 4412 αὐτὸς
1501 4350 1610 4420 γὰρ
1627 4349 1689 4402 οὐ

122 4445 279 4515 μόνον
306 4444 463 4508 Θεὸς,
485 4443 620 4497 ἀλλά
642 4446 736 4495 καὶ
778 4441 968 4513 Σωτὴρ
989 4441 1248 4512 ἄντικρυς
1266 4441 1651 4511 ἐπωνόμασται
1672 4457 1687 4472 '

1795 1971 1998 2041 ipsam,
2034 1977 2091 2023 et
2119 1982 2214 2023 eos
2239 1968 2332 2038 qui
2359 1984 2422 2022 ex
2457 1984 2520 2022 ea
2541 1978 2689 2024 sunt.
2716 1967 2948 2040 Sanguis
2972 1971 3117 2026 enim
3159 1972 3370 2026 illorum

1794 2075 1961 2131 super
1998 2060 2168 2129 ipsos,
2199 2067 2255 2112 et
2283 2073 2450 2128 super
2473 2058 2614 2113 ﬁlios
2669 2059 2911 2128 ipsorum
2932 2060 3018 2126 ”;
3072 2062 3213 2116 sicut
3271 2064 3368 2131 ipsi

1793 2152 2016 2206 Christo
2072 2150 2461 2205 maledicentes
2489 2150 2751 2204 dicebant
2784 2167 2796 2203 :
2837 2149 2906 2203 Et
2938 2167 3038 2204 non
3095 2161 3216 2206 erat
3279 2155 3370 2223 qui

1793 2243 2056 2310 sepeliret.
2089 2240 2192 2308 Qui
2232 2239 2349 2296 sic?
2375 2241 2503 2310 quia
2532 2239 2790 2295 nimirum
2833 2240 2958 2311 ipsi,
3000 2251 3190 2318 utpote
3223 2259 3369 2298 mor-

1799 2334 1899 2398 tui,
1935 2349 1990 2388 se
2005 2343 2195 2388 mutuo
2224 2332 2457 2403 sepelire
2495 2331 2720 2387 minime
2782 2335 3070 2390 valebant:
3126 2333 3367 2391 Ecclesia

1794 2436 1979 2481 autem
2007 2427 2186 2482 nescit
2212 2427 2360 2496 ipsos
2380 2425 2636 2494 sepelire,
2679 2427 2732 2482 id
2772 2437 2874 2493 est,
2910 2443 3100 2484 eorum
3144 2437 3366 2499 peccata

1794 2529 2104 2592 contegere.
2131 2519 2274 2586 Quid
2299 2534 2462 2589 porro
2505 2516 2801 2590 prohibet?
2846 2521 3046 2577 Christi
3108 2523 3366 2577 nimirum

1798 2613 2070 2668 sententia
2094 2614 2361 2668 dicentis:
2393 2613 2618 2668 Dimitte
2645 2623 2877 2670 mortuos
2902 2615 3120 2685 sepelire
3137 2627 3367 2670 mortuos

1797 2706 1999 2760 suos“.
2053 2704 2197 2771 Quid
2219 2705 2335 2760 ita?
2385 2706 2523 2773 Quia
2569 2706 2663 2776 qui
2719 2715 3035 2778 peccatores
3082 2717 3367 2779 protegere

1796 2805 2087 2864 conantur,
2146 2800 2390 2869 ipsorum
2445 2800 2692 2855 actiones
2740 2800 2911 2871 magis
2963 2800 3261 2864 denudant,
3311 2809 3367 2853 et

1795 2891 2050 2947 omnibus
2085 2891 2485 2948 abominabiles
2520 2892 2778 2948 reddunt.

1869 3095 2037 3152 Vens.
2067 3097 2120 3151 8.
2163 3115 2183 3147 ι
2219 3093 2297 3151 Ne
2321 3096 2639 3153 memineris
2669 3097 3016 3169 iniquitatum
3055 3107 3364 3154 nostrarum

1717 3223 1762 3284 ο
1794 3189 2161 3284 antiquarum.
2191 3207 2216 3241 ι

1865 3281 2020 3337 Unde
2049 3281 2195 3335 enim
2254 3281 2322 3335 ad
2369 3281 2591 3350 antiqua
2641 3288 2699 3335 et
2749 3296 2888 3335 nova
2942 3282 3080 3336 mala
3119 3281 3367 3337 sufficere

1796 3373 2128 3444 poterimus?
2154 3372 2424 3427 Fortassis
2456 3388 2588 3427 vero
2623 3374 2886 3443 propheta
2921 3383 3136 3428 veteres
3166 3375 3366 3445 iniqui-

1797 3472 1937 3517 tates
1964 3471 2124 3517 vocat
2146 3462 2263 3516 illas
2294 3478 2416 3532 quae
2444 3463 2499 3516 in
2527 3463 2745 3517 deserto
2797 3463 3165 3534 contigerunt,
3227 3481 3364 3535 quo-

1794 3554 1944 3609 niam
1997 3555 2263 3626 plurimas
2314 3555 2451 3625 ipsis
2509 3555 2652 3611 Deus
2698 3572 2900 3626 easque
2958 3557 3137 3612 varias
3190 3559 3368 3613 minas

1795 3646 2115 3712 intentavit;
2147 3663 2315 3716 quare
2332 3648 2442 3716 jam
2474 3662 2658 3702 earum
2691 3649 2777 3718 pie
2805 3649 2993 3703 recolit
3025 3650 3362 3704 memoriam.

1795 3733 1943 3789 Nihil
2004 3736 2285 3791 hominem
2334 3736 2474 3792 adeo
2544 3752 2842 3807 pauperem
2907 3737 3146 3792 declarat
3203 3749 3364 3808 atque

1796 3834 2056 3896 peccata:
2114 3843 2274 3896 porro
2328 3827 2618 3897 pauperior
2661 3828 2740 3892 ﬁt,
2798 3843 2922 3882 cum
2959 3828 3028 3882 ad
3081 3841 3363 3899 peccatum

1796 3917 2046 3987 impietas
2067 3919 2402 3988 adiungitur.
2420 3919 2764 3989 Quapropter
2799 3930 3080 3990 rogarunt,
3119 3921 3364 3974 utmisc-

1796 4006 2040 4062 rationes
2094 4008 2186 4062 Dei
2233 4008 2367 4078 ipsis
2418 4009 2875 4075 accelerarentur,
2929 4024 2999 4063 ne
3031 4024 3144 4078 pra:
3195 4010 3361 4063 nimia

1794 4107 2034 4167 egestate
2086 4098 2440 4168 desperantes
2495 4109 2770 4170 pereant:
2824 4100 2903 4156 sic
2960 4100 3124 4171 igitur
3180 4101 3361 4172 praebe

1794 4187 2053 4242 auxilium
2086 4197 2260 4242 tuum.

1864 4278 2026 4332 Vens.
2056 4279 2109 4333 9.
2149 4297 2168 4330 ι
2197 4279 2406 4349 Adjuva
2431 4295 2553 4348 nos,
2587 4281 2729 4336 Deus
2758 4282 3031 4338 salutaris.
3057 4301 3076 4334 ι

1864 4369 1990 4424 Haec
2019 4370 2086 4424 ad
2141 4370 2418 4426 Christum
2451 4380 2610 4426 orat:
2647 4373 2763 4441 ipse
2813 4374 2960 4427 enim
3013 4390 3125 4429 non
3183 4376 3359 4429 solum

1792 4458 1959 4523 Deus,
1984 4475 2175 4516 verum
2200 4460 2362 4514 etiam
2397 4461 2645 4516 Salvator
2670 4478 2766 4531 per
2786 4464 3160 4518 excellentiam
3183 4467 3357 4520 nomi-

120 4541 282 4605 αὐτὸς
319 4544 416 4594 καὶ
456 4538 580 4602 δόξα
611 4537 706 4590 τοῦ
749 4537 1009 4607 ὀνόματος
1061 4535 1155 4588 τοῦ
1177 4536 1332 4597 Θεοῦ,
1363 4535 1564 4606 δηλαδὴ
1594 4533 1689 4588 τοῦ

1795 4557 1991 4602 natur;
2041 4549 2157 4618 ipse
2207 4550 2373 4604 etiam
2440 4551 2606 4621 gloria
2658 4554 2896 4607 nominis
2964 4553 3082 4618 Dei,
3151 4556 3358 4610 scilicet

121 4634 349 4704 Πατρός·
382 4632 505 4687 ὅθεν
534 4631 695 4685 αὑτὸν
717 4631 812 4684 καὶ
828 4631 855 4681 ὁ
883 4627 1092 4691 Παῦλος
1117 4627 1458 4696 ἀπαύγασμα
1485 4629 1582 4696 τῆς
1603 4625 1690 4678 δόκ

122 4724 213 4794 ξης
241 4726 338 4778 τοῦ
366 4724 578 4795 Πατρδς
607 4721 1039 4792 προσηγόρευσε.
1071 4720 1180 4771 Καὶ
1201 4718 1347 4780 τίνος
1378 4717 1570 4787 χάριν;
1593 4713 1692 4768 Διά

119 4819 178 4870 τὸ
200 4819 404 4888 ὄνομα,
441 4817 608 4887 φησὶ,
643 4813 738 4868 τοῦ
768 4813 936 4876 Θεοῦ,
986 4811 1186 4882 δηλαδὴ
1216 4809 1452 4881 Χριστοῦ
1471 4847 1485 4869 ,
1517 4807 1576 4869 ὃς
1603 4806 1692 4860 διὰ

121 4910 278 4964 τοῦτο
330 4910 642 4981 ἱλαστήριον
695 4906 990 4976 κέκληταιο
1037 4898 1191 4966 οὗτος
1241 4904 1364 4960 ταῖς
1403 4899 1513 4952 τῶν
1555 4897 1690 4950 ἰου-

121 5002 282 5054 δαίων
313 5001 614 5073 ἁμαρτίαις
641 4996 868 5067 ἱλασμὸν
895 4994 1208 5065 immenso,
1239 4993 1400 5063 ήνίκα
1425 4987 1682 5058 σταυροῦ·

125 5111 282 5163 μενος
312 5093 449 5164 πρὸς
475 5091 566 5144 τὸν
592 5087 809 5157 Πατέρα
837 5086 986 5155 ἔλεγε
1006 5101 1020 5116 ⁸
1041 5083 1253 5152 Πάτερ,
1281 5082 1430 5152 ἄφες
1455 5080 1681 5148 αὐτοῖς’

121 5188 192 5239 οὐ
221 5186 328 5255 γὰρ
353 5184 528 5237 ισασι
559 5180 616 5234 τί
642 5178 907 5232 ποιοῦσι.
943 5176 1100 5238 Τίνος
1125 5173 1285 5244 χάριν
1318 5173 1566 5243 γνωστὴν
1594 5189 1684 5240 γε-

123 5275 307 5330 νέσθαι
340 5276 439 5345 τὴν
466 5272 744 5342 ἐκδίκησιν
778 5272 892 5333 τοῖς
928 5269 1104 5322 ιθνεσι
1140 5265 1425 5337 pastum;
1462 5266 1682 5334 Ἐπειδὴ

125 5367 263 5421 κατά
303 5367 574 5436 δαιμόνων
616 5362 831 5433 ἔμελλε,
880 5361 989 5413 τῶν
1032 5363 1094 5412 τὸ
1141 5355 1281 5428 αἷμα
1323 5354 1546 5428 (δηλαδὴ
1587 5357 1685 5419 τὰς

126 5459 317 5528 ψυχὰς)
340 5460 447 5512 τῶν
469 5457 674 5512 δούλων
704 5455 800 5509 τοῦ
827 5454 965 5507 Θεοῦ
992 5453 1150 5523 (φησὶ
1169 5451 1226 5504 δὲ
1252 5451 1361 5504 τῶν
1399 5448 1686 5519 Ἰουδαίων)

128 5547 211 5600 διὰ
236 5549 332 5620 τῆς
372 5543 1236 5617 είδωλολατρείας,λυμηναμένων
1280 5541 1555 5610 γενέσθαι.
1591 5540 1688 5603 Τίς

131 5639 183 5690 δὲ
210 5635 275 5710 ἣν
295 5641 571 5706 ἐκδίκησις
595 5656 609 5705 ;
644 5635 706 5690 'H
736 5637 843 5690 τῶν
873 5636 1106 5689 εἰδώλων
1123 5632 1498 5704 καταστροφὴ,
1527 5633 1556 5686 ὁ
1579 5631 1688 5684 τῶν

132 5727 440 5783 διαϐολικῶν
466 5729 609 5784 ναῶν
637 5726 989 5797 ἑμπρησμός.

1795 4639 2004 4692 Patris:
2068 4640 2212 4693 unde
2272 4640 2436 4693 etiam
2493 4641 2694 4697 Paulus
2773 4643 2950 4712 ipsum
3011 4645 3355 4713 splendorem

1789 4727 1973 4798 glorise
2007 4727 2177 4781 Patris
2207 4729 2620 4799 nuncupavit".
2663 4732 2729 4784 Et
2785 4733 2944 4802 cujus
2977 4735 3188 4804 gratia?
3219 4734 3357 4789 Pro-

1786 4827 1910 4887 pter
1935 4833 2157 4884 nomcn,
2189 4819 2386 4892 inquit,
2413 4821 2526 4886 Dei,
2547 4821 2758 4875 scilicet
2787 4823 3010 4886 Christi,
3035 4825 3125 4892 qui
3151 4825 3355 4879 idcirco

1787 4908 2105 4977 propitiatio
2129 4920 2387 4964 vocatur:
2429 4909 2520 4964 hic
2546 4911 2782 4980 peccatis
2810 4909 3122 4965 Iudaeorum
3173 4915 3357 4983 prapi-

1790 4999 2072 5053 tiationem
2127 5001 2392 5072 elargitus
2444 5009 2544 5066 est,
2592 5002 2812 5069 quando
2863 5004 3016 5057 cruci
3070 5004 3259 5058 allixus
3290 5010 3357 5059 ad

1788 5085 2003 5142 Patrem
2041 5089 2208 5144 dixit:
2243 5090 2423 5154 Pater,
2454 5091 2660 5144 dimitte
2684 5091 2828 5153 illis;
2882 5108 2981 5144 non
3006 5095 3142 5147 enim
3184 5097 3355 5150 sciunt

1789 5182 1916 5252 quid
1944 5183 2227 5252 faciunt“.
2285 5183 2454 5247 Quam
2490 5182 2561 5235 ob
2600 5197 2819 5236 causam
2867 5183 2982 5237 vult
3021 5193 3203 5238 notam
3236 5186 3353 5242 ﬁeri

1791 5272 2046 5341 gentibus
2090 5273 2390 5327 ultionem?
2427 5271 2567 5338 Quia
2608 5285 2795 5327 contra
2844 5275 3118 5329 daemones
3172 5276 3353 5333 futura

1791 5372 1928 5426 erat,
1963 5362 2056 5430 qui
2085 5364 2404 5432 sanguinem
2437 5363 2667 5431 (scilicet
2690 5365 2924 5428 animas)
2951 5379 3237 5419 servorum
3260 5367 3354 5423 Dei

1788 5451 1942 5522 (dicit
1971 5460 2154 5505 antem
2179 5448 2518 5512 Iudaeorum)
2547 5466 2644 5520 per
2688 5451 3048 5505 idololatrian)
3089 5467 3352 5521 corrupe-

1785 5550 1928 5597 rant.
1961 5542 2221 5608 Qutenam
2249 5551 2431 5596 autem
2467 5551 2586 5597 erat
2622 5543 2722 5597 ista
2761 5542 3135 5614 ultio?lltique
3182 5543 3353 5598 idolo-

1785 5646 1905 5685 rum
1939 5630 2175 5692 eversio,
2231 5629 2626 5684 diabolicorum
2662 5630 2989 5700 templorum
3044 5630 3351 5685 succcnsio.

201 5816 245 5848 ⁸³
273 5817 434 5874 Matth
491 5835 659 5880 xxv",
683 5817 774 5872 25.
849 5815 893 5847 ’δ
924 5813 1115 5869 Matth.
1150 5827 1270 5878 vm,
1301 5810 1391 5866 22.
1447 5809 1515 5871 ,⁸⁵
1539 5806 1694 5864 Hebr.

1811 5805 1864 5861 3.
1939 5806 1987 5839 "
2016 5803 2149 5860 Luc.
2179 5821 2333 5869 xxm,
2367 5805 2455 5859 54.
