4156 6452
132 413 293 481 1269

1298 426 1759 486 FRAGMENTA
1803 426 1884 486 IN
1925 429 2287 492 PSALMOS.

3294 427 3429 493 1270

137 530 457 604 Ἰσραὴλ),
476 529 632 598 οὗτος
658 536 750 587 καὶ
775 538 885 598 τοῖς
907 536 1285 606 ἁμαρτάνουσι
1305 539 1485 608 κρίσιν
1504 540 1729 607 ἒπήγαγί

1852 538 1975 592 data
2014 548 2118 604 est,
2159 542 2276 594 haec
2302 542 2464 595 etiam
2492 558 2591 611 pro
2623 541 2831 612 judicio
2857 540 3239 611 peccatoribus
3270 542 3421 595 dam-

118 620 240 691 τὴν
279 625 649 696 κατάκρισιν,
692 626 782 678 καὶ
834 629 947 689 τοῖς
982 627 1160 691 ἀγαθὰ
1201 628 1375 696 βιοῦσι
1418 629 1515 698 τὴν
1548 628 1753 681 δικοιιο²

122 712 327 785 σύνην
364 717 647 784 ὑπέδειξε,
680 718 803 772 καθ’
830 720 894 790 ἢν
922 719 1003 773 δεῖ
1033 719 1411 773 πολιτεύεσθαι

214 847 237 879 ι
274 830 408 885 Καὶ
454 836 811 903 προσκυνεῖτε
862 832 940 904 τῷ
986 833 1262 905 ὑποποδίῳ
1304 835 1411 888 τῶν
1450 834 1621 888 ποδῶν
1652 835 1749 888 αὑ-

118 920 259 974 τοῦ.
301 941 321 973 ι

213 1034 234 1065 ι
273 1016 409 1069 Καὶ
438 1015 583 1080 τινος
613 1018 773 1087 χάριν
800 1020 863 1071 οὑ
894 1020 972 1089 τῷ
1002 1018 1177 1091 θρόνῳ
1206 1018 1302 1072 τοῦ
1340 1019 1476 1071 Θεοῦ
1509 1036 1751 1089 προσκυ-

119 1106 251 1156 νεῖν
322 1106 566 1176 μᾶλλον,
621 1110 760 1164 ἀλλὰ
812 1110 890 1179 τῷ
943 1110 1220 1181 ὑποποδίῳ
1275 1112 1743 1181 παρακελεύεται;

120 1196 286 1269 ποίῳ
341 1199 410 1253 δὲ
451 1200 589 1264 ὅλως
630 1200 941 1273 ὑποποδίῳ;
983 1199 1092 1272 ἄρα
1113 1206 1177 1273 τῇ
1206 1205 1306 1274 γῇ;
1352 1203 1404 1255 Ὁ
1430 1203 1539 1273 γὰρ
1568 1205 1747 1270 οὐρα·

1858 630 2132 685 nationem
2158 632 2549 698 interminavit,
2569 643 2623 689 et
2640 634 2811 705 probe
2834 632 3143 689 viventibus
3161 632 3422 701 justitiam

1855 722 2113 786 ostendit,
2153 706 2452 781 secundum
2479 742 2639 796 quam
2675 727 2782 781 vita
2813 726 2883 782 sit
2910 725 3212 797 dirigenda.

1930 830 2092 886 Visus.
2130 833 2181 887 5.
2225 853 2243 886 ι
2278 833 2345 889 Et
2372 836 2591 891 adorate
2614 835 2913 891 scabellum
2937 834 3134 905 pedum
3162 834 3301 903 ejus.
3331 854 3348 883 ι

1918 1012 1984 1065 At
2013 1028 2108 1067 cur
2151 1030 2257 1069 non
2290 1014 2547 1068 thronum
2580 1012 2674 1069 Dei
2719 1013 2900 1085 potius
2930 1026 3094 1082 quam
3126 1011 3423 1065 scabellqu

1854 1104 2078 1157 adorare
2114 1104 2322 1175 jubet?
2356 1106 2426 1161 Et
2466 1106 2628 1176 quale
2682 1120 2845 1175 porro
2889 1103 3240 1160 scabellum?
3283 1101 3421 1155 Num

1854 1196 2091 1250 terram?
2120 1196 2315 1252 Caelum
2370 1196 2541 1262 enim,
2570 1196 2770 1267 inquit,
2813 1196 2940 1250 mihi
2986 1197 3131 1250 sedes
3155 1205 3250 1260 est,
3279 1204 3421 1248 terra

117 1286 245 1351 νός
276 1305 421 1355 μοι,
475 1290 630 1361 φησὶ,
674 1292 911 1359 θρόνος,
954 1293 992 1359 ἡ
1029 1290 1097 1343 δὲ
1134 1291 1209 1361 τῆ
1254 1291 1587 1345 ὑποπόδιον
1632 1290 1729 1344 τῶι

1851 1296 2025 1340 autem
2076 1289 2362 1342 scabellum
2408 1290 2597 1358 pedum
2644 1304 2879 1342 meorum
2911 1288 2977 1341 “.
3020 1286 3218 1341 Verum
3268 1285 3423 1341 nefas

116 1375 360 1430 ποδῶν
406 1397 541 1446 μου.
594 1379 705 1435 Καὶ
755 1382 864 1453 μὴν
894 1384 1220 1452 προσκυνεῖν
1273 1383 1407 1452 ἡμῖν
1460 1382 1747 1451 στοιχείοις

117 1469 235 1522 οὐκ
278 1468 531 1535 ἔξεστιν.
580 1473 737 1528 Ἀλλὰ
791 1472 979 1527 τοῦτον
1037 1472 1183 1543 λέγει
1210 1474 1303 1527 τὸν
1352 1474 1514 1527 τόπον
1566 1475 1625 1527 ὃν
1677 1474 1745 1526 δι’

117 1560 343 1632 ἑτέρου
384 1564 606 1635 ψαλμοῦ
649 1562 869 1630 ἐξέθετο
896 1564 1354 1636 τηλαυγέστερον·
1396 1564 1747 1633 Προσκυνή-

118 1668 360 1722 σωμεν
386 1658 476 1718 εἰς
496 1654 602 1709 τὸν
628 1656 819 1710 τόπον
837 1650 908 1710 οὗ
938 1654 1217 1724 ἔστησαν
1238 1658 1292 1710 al
1322 1655 1505 1722 πόδες
1533 1656 1741 1711 αὐτοῦ.

121 1745 306 1812 Λέγει
376 1746 437 1799 δὲ
490 1748 582 1800 τὸν
631 1743 923 1815 Γολγοθᾶν.
970 1746 1212 1810 Ἐκεῖνος
1265 1748 1373 1817 γὰρ
1417 1746 1586 1812 ὅντως
1638 1751 1742 1803 ὑπὸ

1850 1378 2006 1432 nobis
2042 1378 2267 1434 adorare
2317 1380 2608 1435 elementa.
2640 1379 2779 1434 Dicit
2810 1378 2976 1449 igitur
3028 1378 3181 1431 illum
3237 1366 3415 1431 locum

1847 1483 2011 1537 quem
2040 1469 2092 1523 iu
2124 1470 2230 1523 alio
2258 1471 2466 1540 psalmo
2488 1472 2686 1526 clarius
2717 1472 2975 1541 exposuit
3003 1489 3015 1524 :
3047 1470 3335 1524 Adoremus
3368 1470 3422 1522 in

1850 1562 1958 1615 loco
1989 1562 2076 1616 ubi
2109 1570 2363 1618 steterunt
2394 1564 2548 1633 pedes
2566 1563 2684 1632 ejus
2702 1564 2771 1617 "z
2804 1562 3059 1635 intelligit
3092 1571 3271 1617 autem
3293 1561 3423 1618 Gol-

1847 1654 2030 1721 gotha.
2086 1652 2181 1708 llle
2234 1654 2378 1707 enim
2441 1670 2629 1710 revera
2683 1653 2837 1710 locus
2880 1662 2985 1720 est,
3031 1644 3124 1723 qui
3181 1665 3424 1723 tempore

1846 1744 2217 1800 cruciﬁxiouis
2245 1744 2345 1797 fuit
2376 1744 2479 1800 sub
2508 1745 2739 1815 pedibus
2768 1745 2949 1801 carnis
2979 1746 3118 1817 ejus.

124 1838 267 1900 τοὺς
308 1839 491 1900 πόδας
518 1838 684 1892 αὐτοῦ
716 1838 814 1908 τῆς
869 1839 1072 1908 σαρκὸς
1106 1838 1248 1894 κατὰ
1289 1839 1617 1921 τδνκαιρὸν
1649 1841 1741 1896 τοῦ
1777 1874 1817 1927 Β

126 1926 398 1997 σταυροῦ
430 1928 740 1997 γεγένηται.

209 2056 225 2071 .
262 2019 454 2090 Κύριε
502 2023 527 2056 Α
573 2021 705 2085 Θεὸς
726 2024 909 2093 ἡμῶν,
943 2025 1007 2078 σὺ
1034 2023 1305 2093 ὲπήκουες
1334 2025 1537 2079 αὐτῶν.
1578 2045 1596 2075 9

214 2202 276 2253 Ὀ
311 2205 468 2269 θεος
510 2204 671 2272 ἡμων
752 2203 960 2269 Τίνων;
999 2204 1123 2258 Τῶν
1167 2205 1258 2260 διὰ
1303 2204 1541 2268 πίστεως
1590 2203 1742 2272 αὑτῷ

124 2294 683 2364 στρατευσαμένων.
730 2295 823 2347 καὶ
858 2295 1231 2365 κτησαμένων
1266 2295 1358 2348 τὸν
1380 2296 1475 2347 ἐπὶ
1522 2293 1742 2347 πάντων

118 2384 266 2438 Θεὸν
306 2382 413 2439 διὰ
442 2386 539 2449 τῆς
568 2385 843 2449 υίοθεσιας
868 2386 962 2440 τοῦ
990 2386 1373 2458 βαπτίσματος
1404 2386 1558 2440 ῖδιον.
1617 2386 1738 2439 Ὀτι

122 2474 243 2545 γὰρ
267 2476 421 2540 Θεὸς
468 2480 588 2531 κατ’
622 2479 899 2550 ἐξαίρετον
938 2480 1048 2532 τῶν
1073 2480 1151 2544 εἰς
1180 2478 1344 2533 αὑτὸν
1376 2478 1737 2532 πεπιστευκό-

120 2584 241 2653 των
263 2567 524 2636 λέγεται,
549 2571 576 2622 ὁ
598 2570 801 2641 Θωμᾶς
822 2569 1048 2635 διδάξειο
1069 2571 1232 2641 ἡνίκα
1263 2571 1374 2643 γὰρ
1402 2572 1480 2643 τῷ
1498 2554 1737 2643 ἳριστῷ

124 2660 373 2731 ψηλαφή
387 2678 488 2725 σας
521 2661 864 2728 ἐπίστευσεν,
908 2661 962 2715 '0
991 2662 1207 2730 Κύριός
1228 2680 1350 2732 μου
1390 2663 1487 2717 καὶ
1517 2664 1553 2717 ό
1589 2665 1737 2731 Θεός

122 2773 250 2823 μου
275 2794 292 2819 ,
330 2755 543 2825 φησιν,
581 2755 711 2808 ῐδιον
743 2753 912 2809 αὐτοῦ
946 2754 1153 2827 Κύριον
1204 2756 1300 2811 καὶ
1349 2756 1481 2810 Θεὸν
1531 2757 1733 2822 καλῶν,

127 2846 225 2899 τὸν
262 2847 363 2899 ἐπὶ
403 2846 626 2901 πάντων
660 2847 1060 2917 ἀνακέκραγεν.

208 2979 228 3009 α
282 2959 527 3029 ’Υψοῦτε
562 2960 766 3030 Κύριον
795 2961 887 3013 τὸν
913 2960 1045 3015 Θεὸν
1073 2961 1251 3033 ἡμῶν.
1286 2982 1303 3013 ι

204 3053 323 3105 Καὶ
344 3052 406 3105 τί
449 3053 641 3123 χρῄζει
682 3052 962 3122 ὑψωθῆναι
1001 3056 1028 3107 ὁ
1056 3054 1297 3123 ὑψηλός;
1322 3055 1440 3115 πῶς
1469 3058 1525 3109 δὲ
1581 3060 1731 3127 παρὰ

131 3147 231 3199 ἀνθ
244 3146 457 3216 ρώπων
476 3145 505 3198 ὀ
534 3147 592 3198 ἐν
622 3148 873 3217 οὐρανοῖς
899 3146 1277 3217 ὑψωθήσεταις
1320 3149 1483 3203 Ἀλλὰ
1523 3151 1724 3220 ὑψηλὰ,

1916 2014 2071 2069 Vens.
2112 2015 2165 2070 8.
2210 2035 2228 2069 ι
2272 2014 2501 2071 Domine
2547 2015 2692 2070 Deus
2752 2022 2958 2078 noster,
2997 2022 3053 2067 tu
3092 2011 3419 2068 exaudiehas

1843 2121 1958 2159 COS.
1990 2125 2007 2156 I
2458 2124 2461 2127 '
3006 2140 3043 2159 ο

1916 2199 2053 2255 Deus
2089 2208 2285 2255 noster.
2319 2199 2561 2266 Quarum
2583 2200 2606 2254 ?
2630 2215 2820 2255 eorum
2850 2200 2939 2269 qui
2993 2215 3093 2271 per
3122 2199 3280 2254 [idem
3314 2197 3417 2269 ipsi

1844 2291 2098 2356 militant,
2131 2301 2185 2347 et
2210 2294 2303 2363 qui
2326 2294 2569 2348 omnium
2607 2293 2775 2349 Deum
2806 2309 2900 2364 per
2926 2292 3267 2363 baptismatis
3288 2291 3419 2346 ado—

1841 2383 2084 2454 ptionem
2142 2384 2243 2440 sibi
2285 2386 2565 2456 proprium
2605 2384 2906 2456 possident.
2948 2382 3101 2451 Quod
3141 2384 3284 2440 enim
3321 2399 3419 2454 per

1839 2478 2215 2533 excellentiam
2243 2478 2456 2534 dicatur
2494 2478 2638 2535 Deus
2665 2495 2853 2534 eorum
2883 2478 2974 2548 qui
3000 2479 3055 2533 in
3084 2478 3264 2548 ipsum
3293 2492 3416 2532 cre-

1839 2569 2096 2624 diderunt
2131 2568 2369 2625 Thomas
2397 2569 2513 2639 ipse
2545 2569 2765 2626 docebit
2798 2587 2811 2623 :
2842 2567 3062 2640 quando
3086 2567 3233 2623 enim
3258 2568 3416 2621 Chri-

1840 2669 1983 2715 stum
2016 2671 2242 2734 tangens
2293 2659 2572 2726 credebat,
2607 2662 2744 2715 dixit
2779 2663 2850 2725 ei,
2887 2659 3143 2714 Dominus
3176 2674 3338 2721 naeus,
3366 2668 3413 2710 et

1841 2752 1977 2808 Deus
2020 2770 2163 2807 meus
2186 2753 2255 2817 ",
2273 2753 2556 2824 proprium
2583 2768 2743 2809 suum
2792 2752 3081 2808 Dominum
3132 2766 3197 2807 ac
3242 2752 3412 2806 Deum

1840 2857 2059 2909 vocans,
2093 2858 2217 2898 cum
2243 2844 2335 2914 qui
2360 2859 2527 2913 super
2561 2858 2753 2899 omnes
2785 2850 2889 2897 est.

1896 2954 2058 3010 Vens.
2092 2955 2147 3011 9.
2186 2974 2204 3005 ι
2233 2956 2477 3011 Exallate
2500 2953 2790 3009 Dominum
2817 2953 2989 3010 Deum
3016 2964 3283 3011 nostrum.
3323 2973 3341 3005 ι

1897 3048 1964 3101 At
1987 3048 2117 3117 quid
2144 3048 2469 3102 exaltatione
2498 3062 2637 3118 opus
2671 3046 2743 3102 sit
2776 3047 2849 3101 illi
2883 3047 2975 3117 qui
3008 3048 3256 3102 excelsus
3278 3056 3361 3101 est
3390 3049 3412 3097 τ

1836 3134 2123 3209 Quomodo
2156 3145 2341 3191 autem
2384 3136 2430 3191 is
2455 3136 2548 3207 qui
2591 3135 2647 3189 in
2697 3136 2850 3191 caelis
2879 3146 2961 3191 est
3001 3137 3069 3190 ab
3099 3135 3411 3191 hominibus

133 3210 298 3306 φησὶ,
335 3239 471 3308 περὶ
509 3210 1274 3309 αὑτοῦ’διανοήθῆτε.’“Υψος
1305 3240 1414 3310 ἄρα
1453 3242 1543 3294 τοῦ
1570 3210 1728 3296 ’Θεοῦ

1835 3210 2207 3281 θχειιιῆιὶιυι·2
2246 3236 2625 3282 verumtamen
2660 3229 2935 3291 sublimia,
2970 3228 3166 3298 inquit,
3201 3230 3269 3283 de
3294 3229 3410 3300 ipse

133 3328 318 3395 Λόγου
346 3330 382 3397 ἡ
422 3328 478 3379 ὲν
517 3326 595 3397 τῷ
619 3327 735 3398 ὄρει
782 3328 858 3398 τῷ
897 3328 1038 3391 ἁγίῳ
1084 3330 1479 3400 προσκύνησις.
1514 3334 1728 3405 ’Ὠσπερ

134 3419 247 3489 γὰρ
282 3420 421 3486 δόξα
457 3419 667 3489 βασιλεῖ
702 3420 769 3473 τὰ
805 3423 864 3474 ὲν
909 3419 1133 3491 πολέμῳ
1170 3422 1432 3492 τρόπαια,
1458 3424 1599 3478 οὕτω
1635 3429 1728 3480 xa‘.

132 3509 213 3577 τῷ
253 3509 488 3579 Χριστῷ
522 3511 554 3578 ἡ
589 3508 675 3561 διὰ
706 3509 813 3563 τῶν
842 3508 1185 3580 παθημάτων
1210 3512 1573 3582 κατόρθωσις,
1606 3516 1725 3585 ἥτις

135 3600 194 3650 ὲν
258 3599 338 3667 τῷ
394 3599 509 3669 ὄρει
558 3599 636 3669 τῷ
696 3601 835 3667 ἁγίῳ
888 3599 964 3668 τῷ
1013 3600 1107 3652 τὸν
1161 3602 1399 3671 σταυρὸν
1446 3603 1725 3675 δεξαμένῳ

135 3689 462 3755 γεγένηται.
527 3690 716 3754 ’Ἀγιον
776 3689 833 3741 δὲ
894 3688 955 3739 τὸ
1015 3688 1140 3757 ὄρος
1194 3691 1294 3743 οὐκ
1371 3694 1463 3760 ἀφ’
1528 3692 1721 3749 ἑαυτοῦ

137 3777 293 3830 καλεί
382 3779 498 3829 ἀλλ’
556 3778 664 3832 ἀπὸ
696 3779 792 3848 τῆς
843 3777 939 3830 τοῦ
996 3780 1400 3849 σταυρωθέντος
1438 3784 1723 3856 ἐπιφοιτή-

138 3885 295 3932 σεως.

704 3959 997 4013 ΨΔΔΜΟΣ
1037 3960 1152 4026 ἥθ’.

212 4086 231 4118 ι
270 4068 458 4122 Γνῶτε
482 4069 564 4123 ὅτι
594 4070 800 4140 Κύριος
831 4072 994 4136 αὑτός
1030 4076 1179 4127 ἐστιν
1202 4075 1231 4127 ὁ
1264 4076 1416 4139 Θεός.
1461 4098 1480 4131 ι

205 4241 363 4305 Τίνος
394 4241 561 4310 ἐσμὲν
608 4242 859 4313 πρόϐατα
882 4284 896 4309 ,
940 4246 1179 4315 μάνθανε
1200 4290 1214 4314 ,
1247 4248 1341 4303 τοῦ
1376 4170 1718 4321 Μδθογενοῦς

136 4330 396 4397 λέγοντος
425 4348 439 4362 ο
482 4332 559 4386 Τὰ
613 4335 881 4401 πρόϐατα
918 4336 990 4390 τὰ
1027 4338 1142 4407 ἐμὰ
1182 4340 1295 4408 τῆς
1345 4342 1553 4411 φωνῆς
1594 4364 1717 4413 μου

134 4418 365 4473 ἀκούει.
415 4417 590 4473 Αὐτοῦ
622 4422 718 4475 καὶ
749 4421 875 4487 λαός
907 4425 1107 4493 ἐσμεν,
1136 4427 1281 4492 ὅστις
1320 4430 1453 4501 ἡμῖν
1500 4433 1589 4487 διὰ
1616 4435 1716 4505 τῆς

136 4508 391 4581 γλώσσης
431 4510 534 4581 τῆς
578 4514 924 4585 προφητικῆς
963 4516 1179 4585 ἔλεγεν·
1218 4521 1329 4574 Kal
1366 4522 1585 4578 ἐσεσθέ
1613 4545 1714 4595 μοι

133 4604 222 4666 εὶς
263 4604 424 4657 λαὸν
447 4641 463 4666 ,
493 4604 655 4673 κάγὼ
680 4605 897 4675 ἔσομαι
945 4609 1088 4677 ὑμῖν
1124 4615 1212 4677 εὶς
1244 4616 1412 4669 Θεόν.
1444 4616 1655 4672 Οὐκοῦν
1687 4622 1714 4672 ὁ

136 4690 337 4763 Κύριος
386 4694 546 4759 αὑτός
592 4697 740 4749 ἐστιν
780 4700 808 4751 ὁ
844 4698 997 4762 Θεός.
1042 4701 1333 4773 Ἑκάτερον
1382 4705 1489 4776 γὰρ
1530 4708 1555 4760 ὁ
1583 4708 1709 4774 Υἱὸς

136 4784 391 4858 καθάπερ
418 4788 447 4839 ὁ
480 4786 670 4858 Πατὴρ
692 4789 1041 4859 ὀνομάζεται.

210 4912 228 4943 α
286 4894 726 4966 Ἐξομολογεῖσθε
763 4901 932 4971 αὐτῷ.
971 4921 990 4953 ι

217 4984 306 5048 Ὡς
353 4988 464 5059 γὰρ
508 4991 762 5059 χρηστὸς,
820 4992 1097 5046 τουτέστιν
1141 4996 1218 5059 ὡς
1261 5000 1587 5072 συμπαθὴς,
1631 5004 1710 5068 ὡς

139 5072 539 5147 φιλάνθρωπος,
561 5080 618 5131 ὲν
658 5079 736 5149 τῷ
764 5083 994 5153 παρόντι
1032 5085 1191 5139 αἰῶνι
1219 5086 1278 5140 τὸ
1312 5089 1460 5153 ἔλεος
1482 5092 1708 5159 ἔδωκεν,

137 5164 219 5217 ἶνα
255 5166 359 5220 κᾶν
390 5168 752 5240 πλανηθῶμεν
779 5172 844 5226 ὲκ
872 5174 1167 5245 ῥᾳθυμίας,
1199 5177 1336 5232 ἀλλὰ
1360 5181 1449 5234 διὰ
1480 5182 1582 5252 τῆς
1608 5187 1709 5238 αὐ-

137 5255 228 5308 τοῦ
273 5259 683 5332 φιλανθρωπίας
717 5264 850 5335 πρὸς
893 5266 1054 5319 αὑτὸν
1087 5268 1526 5342 ἐπιστρέψωμεν.
1578 5276 1710 5330 Ἀπὸ

136 5344 241 5415 γὰρ
264 5348 365 5418 τῆς
386 5350 484 5403 νῦν
503 5354 695 5419 γενεᾶς
716 5354 994 5426 ἀρξαμένη
1020 5357 1115 5411 τοῦ
1138 5359 1277 5413 Θεοῦ
1300 5364 1332 5431 ἡ
1361 5363 1607 5435 ἀλήθεια,
1630 5371 1710 5431 είς

138 5434 231 5528 τὴν
254 5442 446 5506 γενεὰν
472 5444 801 5513 φανεροῦται
827 5446 923 5517 τὴν
951 5448 1270 5516 μέλλουσαν,
1296 5452 1423 5506 ὃταν
1444 5434 1699 5528 ἆποδὼσῃ

138 5526 346 5601 ἑκάστῳ
376 5534 600 5615 κατὰτὰ
620 5534 757 5606 ἔργα
781 5536 969 5591 αὐτοῦ.
1003 5540 1173 5595 Τοῦτο
1196 5543 1304 5613 γάρ
1333 5546 1482 5597 ἔστιν
1506 5548 1537 5616 ὴ
1564 5526 1702 5616 ἆμαξ

136 5637 225 5688 χος
254 5624 347 5679 καὶ
377 5625 617 5698 ἀψευδὴς
644 5630 894 5701 ἀλήθεια.

198 5825 243 5858 ³⁸
268 5826 367 5885 lsa.
402 5847 545 5897 ιινι,
581 5832 627 5887 l.
692 5832 735 5865 “
776 5833 920 5888 Psal.
950 5849 1127 5903 cum,
1158 5838 1206 5891 7.
1276 5840 1321 5872 ⁸⁸
1354 5837 1511 5893 Joan.
1547 5857 1635 5907 xx,
1668 5842 1755 5897 28.

1838 3320 2088 3389 cogitate.
2111 3318 2201 3374 Dei
2226 3318 2390 3375 Verbi
2408 3320 2571 3391 igitur
2587 3323 2849 3406 exaltatio
2876 3334 2960 3376 est
2990 3322 3110 3389 ejus
3142 3321 3195 3375 in
3222 3330 3407 3406 monte

1836 3421 2026 3468 sancto
2082 3412 2350 3467 adoratio.
2419 3404 2895 3479 Queniﬁdmodun.
2940 3413 3102 3485 igitur
3158 3416 3210 3467 in
3267 3404 3408 3469 bello

1832 3504 2063 3574 gloriosa
2114 3507 2224 3578 regi
2261 3516 2387 3560 sunt
2421 3506 2682 3575 trophaaa,
2709 3506 2779 3560 ita
2812 3521 3027 3574 quoque
3055 3505 3273 3560 Christo
3311 3522 3395 3575 pet

1832 3596 2143 3664 passionem
2173 3598 2593 3662 consummatio,
2624 3614 2744 3666 quae
2763 3598 2814 3651 in
2846 3605 3029 3652 monte
3061 3607 3251 3652 sancto
3283 3612 3376 3649 ιιι-υ

1832 3702 1949 3741 cem
1982 3688 2275 3758 excipienti
2306 3689 2555 3759 contigit.
2602 3688 2774 3744 Porro
2821 3698 3063 3743 montem
3112 3704 3221 3743 non
3252 3704 3281 3741 a
3322 3704 3399 3742 sc-

1830 3780 2061 3849 metipso
2093 3782 2328 3850 appellat
2353 3790 2624 3846 sanctum,
2658 3780 2754 3836 sed
2788 3782 2856 3835 ab
2886 3781 3121 3835 adventu
3142 3782 3401 3834 erueiﬁxi.

3099 3869 3131 3906 ν)

2340 3957 2662 4016 ΡδΑωιυδ
2700 3958 2886 4013 XCIX.

1899 4072 2058 4125 Vens.
2108 4070 2161 4122 5.
2223 4087 2240 4118 ι
2287 4068 2491 4123 Scitote
2540 4069 2800 4138 quoniam
2850 4069 3111 4125 Dominus
3163 4086 3276 4139 ipse
3323 4087 3407 4125 ρει

1823 4160 1986 4213 Deus.
2021 4177 2038 4208 ι

1892 4250 2063 4320 Cujus
2087 4265 2217 4304 oves
2243 4250 2413 4305 simus
2437 4250 2585 4306 disce
2602 4266 2666 4305 ex
2688 4251 2977 4323 Uuigeuito
2995 4255 3210 4328 dicente
3236 4275 3249 4311 :
3275 4257 3400 4312 0m

1821 4360 1949 4396 mea:
1994 4358 2165 4397 vocem
2204 4360 2373 4422 meum
2401 4346 2627 4398 audiunt
2645 4348 2709 4400 ’⁷.
2746 4346 2917 4416 Ipsius
2963 4350 3127 4403 etiam
3172 4351 3403 4422 populus

1821 4451 2032 4499 sumus,
2064 4436 2155 4503 qui
2206 4404 2368 4491 nobis
2397 4451 2494 4505 per
2536 4404 2784 4508 linguam.
2810 4404 3193 4509 propheticani
3217 4404 3353 4498 dixit
3386 4460 3398 4471 ο

1822 4526 1887 4580 Et
1917 4527 2063 4580 (ritis
2090 4526 2217 4579 mihi
2240 4528 2293 4579 in
2321 4527 2593 4597 populant,
2618 4538 2665 4581 et
2691 4546 2783 4600 ego
2804 4546 2891 4584 cro
2912 4532 3051 4586 vobis
3076 4534 3132 4586 in
3157 4533 3397 4589 Deum”.

1819 4616 2005 4686 Itaque
2036 4615 2301 4672 Dominus
2342 4618 2459 4688 ipse
2489 4626 2572 4673 est
2600 4619 2764 4674 Deus.
2792 4620 3094 4694 Utrumque
3126 4625 3271 4680 enim
3308 4625 3400 4679 Fi-

1820 4708 1926 4763 lius
1957 4725 2110 4780 atque
2138 4724 2204 4764 ac
2232 4710 2392 4764 Pater
2425 4712 2761 4766 nominatur.

1890 4911 2051 4967 Vens.
2076 4912 2129 4966 4.
2179 4930 2196 4963 ι
2224 4911 2573 4967 Conﬁtemini
2604 4913 2699 4966 illi.
2728 4933 2745 4963 ι

1890 5002 2169 5071 Tanquam
2211 5002 2395 5057 suavis
2431 5003 2600 5066 enim,
2633 5003 2687 5057 id
2728 5013 2832 5068 est,
2868 5012 3123 5075 tanquam
3171 5021 3394 5079 compa.

1814 5092 1973 5154 tiens,
2007 5102 2263 5161 tanquam
2284 5092 2555 5163 benignus
2580 5094 2637 5148 in
2665 5096 2919 5163 praesenti
2951 5098 3152 5152 saeculo
3178 5100 3393 5155 miseri».

1814 5183 2053 5238 cordiam
2079 5184 2251 5249 dedit,
2279 5192 2360 5247 ut,
2382 5184 2594 5239 etiamsi
2620 5199 2683 5239 ex
2721 5187 2969 5241 socordia
3002 5190 3391 5255 erraverimus,

1814 5284 2035 5344 propter
2061 5276 2450 5344 benignitatem
2479 5285 2659 5332 tamen
2691 5276 2863 5346 ipsius
2897 5279 2963 5333 ad
2995 5280 3171 5349 ipsum
3208 5295 3393 5335 rever-

1814 5374 2009 5420 tamur.
2044 5364 2139 5419 Dei
2182 5366 2329 5421 enim
2372 5366 2576 5422 veritas
2613 5368 2681 5421 ab
2723 5369 2823 5423 hac
2861 5369 3212 5438 generatione
3256 5370 3394 5424 inci-

1812 5458 1984 5527 piens,
2010 5458 2062 5512 in
2092 5458 2326 5514 futuram
2354 5460 2759 5531 generationem
2790 5461 3190 5527 manifestatur,
3214 5476 3392 5531 quau-

1809 5550 1880 5602 do
1910 5549 2099 5605 reddet
2134 5550 2425 5620 unicuique
2462 5552 2762 5606 secundum
2792 5567 2957 5621 opera
2989 5553 3126 5621 ejus.
3152 5550 3277 5607 llazc
3306 5558 3392 5606 est

1812 5639 1956 5694 enim
1988 5640 2189 5694 veritas
2222 5657 2341 5710 qua:
2372 5640 2517 5696 vinci
2547 5656 2614 5694 ac
2642 5642 2752 5695 falli
2790 5641 2986 5696 nescit.

1836 5845 1879 5875 "
1912 5843 2069 5897 Joan.
2106 5862 2156 5907 κ,
2199 5848 2289 5898 ‘27.
2358 5845 2401 5875 ’³
2442 5843 2641 5899 Joreni.
2685 5860 2760 5909 χι,
2800 5844 2860 5900 4.
