4156 6452
123 329 258 397 1273

1258 335 1724 398 FRAGMENTA
1766 338 1849 401 IN
1889 342 2252 410 PSALMOS.

3260 349 3397 418 1276

193 468 216 503 ι
272 448 385 506 Καὶ
430 448 501 508 τὰ
542 447 683 506 ὀστᾶ.
734 467 836 523 μου
884 449 1018 506 ὡσεὶ
1082 450 1318 524 φρύγιον
1363 454 1702 527 συνεφρύγη-

1878 459 2041 517 Vsus.
2086 462 2140 519 4.
2207 480 2226 514 ι
2269 462 2339 519 Ει
2385 477 2513 540 ossa
2567 477 2692 522 mea
2735 462 2880 522 sicut
2927 463 3190 520 cremlum
3233 446 3395 526 arue-

118 560 244 598 σαν.
291 564 310 597 ι

186 636 256 691 Τί
277 637 399 690 ἐστι
423 636 697 707 φρύγιον,
718 637 746 692 6
775 636 1074 709 Σύμμαχος
1107 637 1399 709 ἐδήλωσεν’
1431 637 1701 690 ἐκδέδωκε

113 730 248 800 γάρ,
286 729 635 799 ἀπόκαυμα.
660 729 871 801 Ὥσπερ
901 730 1084 783 τοίνυν
1127 731 1189 783 τὸ
1232 729 1567 793 ἀποκαυθέν,
1600 730 1697 782 ἐάν

114 821 190 891 μὴ
222 821 370 893 τύχῃ
405 822 500 875 τοῦ
523 821 732 892 ταχέως
757 822 1095 887 σϐεννύντος,
1118 822 1355 886 εὐκόλως
1375 822 1701 894 θρύπτεται·

109 912 291 976 οὕτως
346 914 498 984 ψυχὴ
544 917 661 978 τοῖς
713 914 990 984 βιωτικοῖς
1040 912 1412 983 συγκαιομένη
1447 912 1701 978 πάθεσιν,

111 1005 210 1056 ἐὰν
242 1005 321 1076 μὴ
353 1004 450 1058 τὸν
475 1004 608 1058 Θεὸν
640 1004 1027 1075 φιλανθρωπίᾳ
1060 1003 1356 1057 σϐεννύντα
1383 1004 1484 1074 τὴν
1511 1003 1707 1057 ἐκκαυ-

110 1111 197 1146 σιν
224 1095 527 1165 κτήσηται,
574 1094 814 1158 εὐκόλως
841 1094 1217 1164 διαφθείρεται
1241 1110 1257 1125 ·
1307 1093 1403 1146 καὶ
1435 1094 1522 1148 διὰ
1546 1094 1706 1147 τοῦτο

107 1187 248 1256 ταχὺ
295 1187 722 1257 εἰσακουσθῆναι
767 1185 1134 1256 προσηύξατο.
1189 1187 1388 1256 1Ἀρτος
1434 1184 1491 1261 δέ
1543 1185 1706 1255 ἡμῶν

103 1272 209 1342 τῆς
252 1273 464 1344 ψυχῆς,
506 1277 535 1328 6
572 1274 668 1329 τοῦ
709 1274 847 1328 θεοῦ
881 1275 1060 1343 λόγος.
1115 1276 1329 1346 Ὥσπερ
1372 1275 1483 1346 γὰρ
1531 1277 1560 1328 6
1597 1275 1706 1328 ἀπὸ

105 1366 214 1434 γῆς
248 1367 421 1438 ἄρτος
445 1367 508 1421 τὸ
536 1367 696 1438 σῶμα
719 1368 933 1440 τρέφει,
972 1368 1146 1432 οὕτως
1177 1370 1206 1423 6
1245 1368 1304 1434 ἐξ
1333 1367 1567 1438 οὐρανοῦ
1612 1367 1703 1420 λό-

104 1472 207 1523 γος
256 1457 362 1526 τὴν
415 1457 608 1510 οὐσίαν
665 1459 764 1528 τῆς
816 1458 1015 1528 ψυχῆς.
1067 1459 1179 1511 Καὶ
1221 1458 1430 1512 τούτων
1464 1458 1627 1529 χάριν
1674 1457 1703 1509 6

106 1548 357 1617 Χριστὸς
386 1549 501 1614 τὴν
536 1549 846 1620 προσευχὴν
889 1550 1220 1621 παραδιδοὺς
1246 1549 1402 1618 ἔλεγε
1432 1552 1546 1613 τοῖς
1577 1550 1706 1603 ἀπο-

109 1641 346 1704 στόλοις·
418 1640 531 1694 Τὸν
589 1641 773 1709 ἄρτον
828 1640 1000 1710 ἡμῶν
1066 1641 1177 1696 τὸν
1231 1642 1549 1696 ἐπιούσιον
1597 1641 1705 1707 δὸς

106 1731 259 1799 ἡμῖν
287 1730 585 1800 σήμερον.
613 1734 708 1795 ’ος
744 1732 810 1786 ἂν
834 1733 1016 1786 τοίνυν
1054 1732 1242 1786 τοῦτον
1284 1734 1480 1802 φαγεῖν
1508 1731 1703 1786 ἐπιλά-

1809 561 1953 607 runt.
1988 573 2006 605 ι

1877 643 2020 710 Quid
2053 645 2121 701 sit
2154 646 2407 701 cremium
2439 645 2804 717 Symmachus
2847 647 3144 703 declaravit
3179 664 3194 702 :
3224 664 3394 718 expo-

1806 737 1917 791 suit
1946 739 2090 792 enim
2121 739 2442 794 incendium.
2474 738 2946 805 Quemadmodum
2975 741 3140 813 igitur
3169 742 3221 798 id
3248 743 3394 812 quod

1805 844 2094 885 accensum
2129 839 2234 898 est,
2258 831 2361 886 nisi
2386 831 2530 887 illico
2557 833 2956 905 exstinguatur,
2976 833 3134 889 facile
3150 834 3395 890 absumi-

1808 930 1934 988 tur;
1965 922 2038 977 ita
2071 924 2234 978 etiam
2266 925 2447 980 anima
2482 925 2840 982 saecularibus
2885 926 3271 984 adfectionibus
3299 944 3393 983 ae-

1805 1030 1991 1080 censa,
2027 1017 2129 1071 nisi
2179 1018 2351 1072 Deum
2398 1018 2636 1074 incendii
2672 1019 2755 1072 sui
2784 1020 3272 1077 clementissimum
3309 1039 3398 1078 re-

1807 1106 2128 1162 stinctorem
2155 1119 2315 1164 nacta
2345 1109 2536 1175 fuerit,
2566 1109 2826 1166 facillime
2870 1115 3241 1184 corrumpitur
3268 1132 3283 1168 :
3311 1124 3395 1170 at-

1805 1212 1911 1266 que
1931 1197 2136 1254 idcirco
2153 1199 2414 1255 velociter
2430 1201 2678 1256 exaudiri
2701 1203 3016 1272 postulavit.
3040 1203 3206 1261 Panis
3230 1221 3395 1276 porro

1805 1289 2000 1345 animat
2023 1299 2223 1347 nostra:
2247 1303 2332 1348 est
2351 1293 2576 1348 verbum
2604 1293 2718 1348 Dei.
2752 1294 3222 1361 Quemadmodum
3246 1299 3392 1352 enim

1806 1391 2059 1438 terrenus
2085 1383 2244 1453 panis
2277 1399 2477 1455 corpus
2502 1385 2618 1452 alit,
2643 1386 2714 1441 ita
2740 1386 2973 1442 Verbum
3005 1389 3228 1444 cceleste
3261 1391 3395 1445 sub-

1805 1475 2060 1530 stantiam
2092 1477 2308 1532 animm.
2335 1480 2514 1546 Atque
2545 1479 2643 1533 has
2667 1480 2737 1534 ob
2768 1495 2962 1534 causas
2992 1479 3242 1536 Christus
3262 1498 3394 1552 apo-

1805 1565 1962 1618 stolis
1989 1565 2209 1620 tradens
2243 1565 2432 1620 orandi
2466 1565 2697 1621 formam
2727 1566 2898 1622 dixit:
2926 1566 3128 1621 Panem
3157 1577 3394 1621 nostrum

1806 1655 2172 1726 quotidianum
2211 1657 2280 1708 da
2312 1656 2458 1710 nobis
2487 1658 2639 1711 hodie
2657 1658 2724 1709 ³⁸.
2755 1657 3016 1728 Quisquis
3050 1660 3215 1730 igitur
3247 1659 3394 1714 hunc

1807 1744 2154 1809 manducare,
2192 1745 2246 1800 id
2278 1755 2361 1801 est
2394 1746 2634 1815 operari,
2667 1747 2869 1801 oblitus
2893 1746 3061 1802 fuerit
3091 1748 3395 1817 (spiritalis

107 1823 301 1894 θηται,
335 1825 619 1878 τουτέστιν
646 1824 991 1896 ἐργάσασθαι
1030 1826 1156 1895 (τοῦ
1170 1826 1280 1898 γὰρ
1306 1826 1501 1894 νοητοῦ
1529 1825 1698 1894 ἄρτου

1806 1834 1963 1904 panis
1999 1835 2348 1889 manducatio
2395 1845 2480 1890 est
2527 1837 2794 1905 operatio,
2827 1837 2905 1892 uti
2957 1839 3221 1909 apostolis
3274 1840 3394 1908 ipso

106 1921 142 1990 ή
173 1919 387 1990 βρῶσις
418 1921 656 1988 ἐργασία
692 1919 1033 1987 καθέστηκεο
1068 1918 1219 1988 δηλοῖ
1246 1918 1302 1972 δέ
1324 1917 1498 1981 οὕτως
1526 1915 1701 1971 είπὼν

107 2015 224 2074 τοῖς
253 2011 582 2074 ἀποστόλοις
605 2013 632 2063 6
651 2009 859 2080 Κύριος
874 2025 888 2039 ⁸
935 2008 1284 2078 Ἐργάζεσθε
1307 2009 1393 2079 μὴ
1411 2009 1525 2078 τὴν
1544 2007 1700 2078 ,ϐρῶ-

107 2118 218 2156 σιν
265 2103 386 2170 τὴν
415 2100 872 2171 ἀπολλυμένην,
921 2101 1085 2156 ἀλλὰ
1120 2103 1237 2168 τὴν
1268 2103 1585 2172 μένουσαν
1611 2103 1701 2166 είς

111 2195 269 2263 ζωὴν
294 2193 585 2262 αίώνιον),
617 2192 814 2246 τούτου
847 2195 881 2263 ή
921 2193 1119 2264 καρδία
1143 2193 1300 2264 δίκην
1333 2193 1527 2265 χόρτου
1560 2193 1702 2264 πλη-

109 2289 273 2353 γεῖσα
330 2285 673 2356 ξηραίνεται.
713 2284 801 2348 Ὧς
855 2285 912 2338 δὲ
962 2287 991 2338 6
1027 2285 1221 2355 χόρτος
1264 2283 1560 2354 πλήττεται
1605 2285 1701 2338 καὶ

115 2379 457 2450 ξηραίνεται,
487 2378 614 2431 ὅταν
644 2377 797 2441 ὑετὸς
824 2378 912 2432 ἐπ’
939 2378 1102 2432 αὐτὸν
1133 2377 1370 2450 σπανίσῃ
1391 2394 1406 2408 ⁸
1433 2377 1574 2431 οὕτω
1608 2377 1701 2431 καὶ

112 2474 146 2540 ὴ
173 2472 397 2542 καρδία,
433 2472 564 2525 ὅταν
594 2469 800 2523 ἔνδειαν
822 2471 1029 2541 νοσήσῃ
1055 2467 1148 2522 τοῦ
1166 2498 1172 2505 -
1191 2469 1334 2523 θείου
1364 2469 1548 2538 λόγου,
1578 2470 1702 2523 τότε

116 2563 416 2634 πλήττεται
465 2562 562 2616 καὶ
595 2561 912 2633 ξηραίνεται
934 2602 950 2629 ,
982 2561 1145 2626 ἄνθος
1172 2562 1374 2632 ἀρετῆς
1403 2561 1702 2634 βλαστῆσαι

118 2655 217 2707 οὐκ
252 2655 541 2724 ἰσχύουσα.

193 2764 216 2798 ι
268 2746 406 2798 Ἀπὸ
436 2745 624 2814 φωνῆς
652 2744 746 2798 τοῦ
777 2745 1086 2816 στεναγμοῦ
1123 2763 1226 2816 μου
1248 2744 1539 2816 ἐκολλήθη.
1573 2764 1592 2797 ι

187 2839 504 2902 Τουτέστιν,
556 2838 725 2908 ἐτάκη
774 2839 924 2890 πᾶσα
966 2837 1172 2909 πιμελὴ
1211 2840 1305 2892 καὶ
1348 2837 1572 2908 εὐθηνία
1604 2837 1700 2891 τοῦ

119 2929 394 3000 σώματος.
446 2931 512 2981 '0
559 2929 668 3000 γὰρ
703 2928 908 3000 ἀληθὴς
957 2930 1280 3000 στεναγμὸς,
1310 2930 1368 2994 ὃς
1396 2931 1492 2984 καὶ
1519 2920 1704 3000 φωνὴν

119 3023 230 3092 εχει
269 3021 641 3091 ἀκουομένην,
689 3022 848 3092 τήκει
888 3021 951 3074 τὸ
989 3019 1172 3090 σῶμα,
1212 3023 1307 3075 καὶ
1354 3023 1452 3092 τῆς
1499 3023 1704 3094 σαρκὸς

120 3110 415 3179 ἐργάζεται
456 3110 757 3178 νέκρωσιν·
804 3111 993 3181 ἐπειδὴ
1031 3111 1156 3164 ὅσον
1196 3114 1224 3164 6
1267 3111 1371 3175 ἐξω
1413 3111 1698 3183 ἄνθρωπος

121 3203 515 3274 διαφθείρεται,
542 3200 799 3254 τοσοῦτον
825 3201 854 3253 6
879 3201 988 3255 ἐσω
1014 3200 1444 3268 ἁνακαινίζεται.

196 3313 216 3346 ι
268 3293 573 3366 Ὠμοιὼθην
608 3294 871 3349 πελεκᾶνι
901 3294 1180 3366 ἐρημικῷ.
1218 3314 1238 3347 ι

191 3478 518 3550 Θαυμαστὸν
563 3479 693 3550 ἡμῖν
722 3479 939 3550 καρπὸν
973 3479 1074 3550 τῆς
1117 3480 1426 3551 ἀγρυπνίας
1459 3479 1664 3546 ἔδειξεν
1685 3497 1700 3513 ο

125 3573 267 3623 ποιεῖ
304 3571 416 3643 γὰρ
443 3572 594 3642 ἡμᾶς
623 3571 700 3635 ὡς
747 3571 1032 3643 στρουθίον
1077 3571 1310 3642 μονάξον
1341 3573 1434 3627 ἐπὶ
1457 3572 1702 3644 δώματι⁹

125 3664 260 3734 ὅπερ
298 3661 442 3718 εἶναι
489 3663 588 3733 μὲν
630 3663 778 3717 δοκεῖ
815 3681 961 3719 τισιν
997 3663 1501 3735 εὐκαταφρόνητον,
1549 3664 1704 3718 πολι-

126 3753 274 3807 τείαν
295 3755 349 3808 δὲ
370 3755 522 3824 ὅμως
550 3754 815 3826 ἐκλεκτῆν
843 3755 940 3807 καὶ
992 3755 1272 3826 μακαρίαν
1290 3754 1579 3826 κέκτηται.
1625 3756 1702 3809 Οὐ

124 3845 328 3915 τροφῆς
357 3844 492 3915 γὰρ,
523 3844 623 3898 οὐκ
649 3845 979 3915 ἐσθημάτων
999 3846 1274 3918 φροντίζει
1293 3846 1321 3899 6
1345 3845 1596 3916 μονάζων
1628 3845 1705 3910 ὡς

129 3939 406 4006 στρουθίον
428 3978 444 3999 .
478 3939 578 3992 οὐκ
612 3938 910 4011 ἐπιδουλὴν
945 3939 1182 3994 δέδοικε·
1228 3941 1482 3993 κατοικεῖ
1508 3939 1618 4012 γὰρ
1647 3941 1705 3992 ἐν

125 4029 352 4098 δώματι,
383 4029 481 4084 καὶ
511 4030 622 4083 τῶν
654 4030 1118 4084 ἐπιϐουλευόντων
1155 4031 1305 4086 ἐστὶν
1349 4030 1699 4102 ὑψηλότερος.

126 4119 357 4190 Νοήσεις
387 4121 444 4174 δὲ
467 4121 687 4183 πάντως
711 4123 888 4174 ἐκεῖνο
918 4121 980 4175 τὸ
1009 4121 1166 4192 δῶμα
1190 4121 1287 4175 καὶ
1313 4120 1392 4191 τῷ
1411 4120 1704 4192 Ψαλμῳδῷ

126 4210 376 4280 λέγεσθαι
397 4251 418 4277 ,
447 4213 584 4284 ὅπερ
621 4216 656 4267 6
681 4213 882 4284 Κύριος
907 4213 1039 4284 περὶ
1062 4214 1373 4279 συντελείας
1411 4215 1705 4286 διηγούμε-

126 4320 214 4367 νος
253 4303 464 4379 ῐφρασε
487 4321 502 4336 ·
531 4305 664 4377 φησὶ⁵
691 4305 803 4377 γάρ
833 4322 847 4336 ⁸
903 4306 966 4359 '0
1000 4305 1100 4360 ἐπί
1137 4305 1250 4360 τοῦ
1295 4305 1587 4375 δώματος,
1615 4304 1702 4375 μὴ

130 4396 524 4452 καταϐαινέτω
546 4391 681 4467 ἆραι
712 4397 781 4450 τὸ
818 4397 1054 4467 ἱμάτιον
1079 4397 1287 4452 αὐτοῦ.

205 4573 409 4644 «Ὅλην
431 4574 532 4644 τὴν
561 4573 773 4645 ἡμέραν
812 4572 1088 4636 ὠνείδιζόν
1125 4589 1216 4644 με.
1248 4590 1267 4625 ι

197 4665 510 4732 Τουτέστιν,
539 4668 589 4718 oi
614 4664 900 4728 δοκοῦντες
936 4663 1081 4731 φίλοι
1108 4664 1333 4734 χείρονα
1352 4661 1464 4716 τῶν
1489 4661 1703 4732 ἐχθρῶν

127 4753 445 4824 διέπραττον
465 4774 478 4788 υ
510 4758 637 4818 τοὺς
661 4757 771 4828 γὰρ
804 4757 1059 4818 ἐπαίνους
1096 4756 1177 4819 είς
1197 4756 1394 4826 ὅρκους
1424 4755 1551 4814 τοὺς
1583 4751 1704 4805 κατ’

128 4846 259 4916 ἐμοῦ
275 4848 669 4919 μετεϐάλλοντο
683 4865 695 4878 ’
715 4848 749 4917 ἢ
779 4847 1052 4919 συνθήκας
1066 4847 1220 4909 τινας
1245 4850 1325 4909 εἰς
1349 4845 1488 4916 ἐμὴν
1499 4845 1704 4909 ταύτας

128 4938 417 5009 ἐπιϐουλὴν
447 4939 742 5010 τιθέμενοι,
785 4938 881 4994 καὶ
911 4937 1168 4992 τοσοῦτον
1197 4939 1298 5007 τὴν
1337 4936 1484 5006 ἐμὴν
1507 4935 1705 4989 ταπείσ-

128 5047 288 5082 νωσιν
312 5030 879 5102 ἐκτρεπόμενοι,ὦστε
904 5031 979 5101 μὴ
1007 5032 1126 5083 κατ’
1150 5030 1249 5100 ἐμὲ
1271 5030 1547 5096 γενέσθαι,
1569 5029 1704 5100 μηδέ

130 5120 401 5192 συμϐῆναι
436 5123 642 5186 αὐτοῖς,
667 5118 756 5174 οἷα
796 5121 939 5192 ἐμοὶ,
971 5121 1340 5193 ἀπόμνυσθαι.

211 5319 230 5353 ι
268 5300 440 5369 Κάγὼ
471 5301 603 5354 ὡσεὶ
630 5300 824 5370 χόρτος
848 5299 1170 5373 ἐξηράνθην.
1215 5320 1234 5352 ι

202 5392 293 5463 Μὴ
315 5393 503 5447 τοίνυν
525 5395 637 5457 τοῖς
671 5393 946 5463 βιωτικοῖς
975 5393 1334 5464 ἐπαιρὼμεθα
1371 5394 1665 5466 πράγμασι
1691 5410 1705 5425 ο

132 5482 317 5538 τούτου
347 5485 458 5557 γάρ
479 5487 625 5556 ἡμᾶς
649 5486 814 5540 ἕνεκα
845 5487 1003 5540 σκιάν
1026 5486 1122 5541 καὶ
1143 5488 1336 5558 χόρτον
1360 5489 1390 5540 6
1415 5488 1710 5557 Προφήτης

135 5577 385 5632 ἐκάλεσεν
410 5616 429 5643 ,
467 5579 553 5631 ἵνα
605 5579 796 5649 μηδενὶ
847 5579 954 5632 τῶν
1005 5580 1295 5649 παρόντων
1341 5579 1708 5650 θαρσήσωμεν

1807 1925 2068 1980 Dominus
2096 1925 2339 1980 declarat
2369 1925 2558 1981 dicens
2588 1944 2602 1981 :
2632 1926 2939 1996 Operamini
2979 1946 3082 1982 non
3107 1931 3277 1984 cibum
3303 1932 3394 2000 qui

1804 2020 1957 2088 perit,
1990 2020 2080 2073 sed
2120 2018 2209 2090 qui
2231 2028 2500 2088 permanet
2539 2020 2592 2073 in
2635 2021 2800 2073 vitam
2831 2021 3195 2090 Meritum"),
3228 2022 3392 2092 hujus

1804 2126 1899 2166 cor
1941 2112 2116 2166 instar
2164 2111 2273 2166 feni
2324 2126 2648 2181 percussum
2695 2112 2985 2167 exarescit.
3009 2111 3163 2168 Sicut
3206 2123 3390 2169 autem

1803 2202 1990 2258 fenum
2015 2203 2318 2274 percutitur
2347 2213 2404 2258 et
2432 2203 2653 2269 arescit,
2686 2203 2908 2273 quando
2937 2219 3061 2259 raro
3095 2206 3280 2274 pluvia
3313 2206 3391 2260 ir-

1803 2296 2042 2367 rigatur;
2090 2297 2166 2351 ita
2193 2296 2361 2350 etiam
2391 2296 2596 2358 anima,
2625 2295 2848 2366 quando
2884 2297 3057 2352 divini
3095 2298 3258 2354 Verbi
3291 2315 3392 2370 pe.-

1803 2387 1961 2442 nuria
1985 2386 2335 2452 laboraverit,
2363 2386 2511 2441 illico
2539 2393 2668 2442 tunc
2698 2386 3004 2457 percutitur
3024 2396 3080 2442 et
3100 2389 3390 2456 exarescit,

1803 2495 1928 2535 cum
1963 2479 2063 2536 llos
2102 2479 2321 2535 virtutis
2351 2477 2661 2551 germinare
2686 2477 2918 2536 minime
2945 2479 3140 2535 valeat.

1876 2738 2037 2796 Vens.
2066 2740 2120 2797 6.
2167 2760 2186 2793 ι
2213 2740 2256 2795 Α
2288 2756 2420 2796 voce
2449 2742 2686 2812 gemitus
2714 2735 3108 2800 mei-adhaesit.
3136 2762 3156 2796 ι

1876 2834 1931 2887 Id
1953 2843 2058 2896 est.
2084 2833 2263 2888 omnis
2283 2833 2452 2902 adeps
2478 2844 2535 2888 et
2560 2834 2792 2889 felicitas
2814 2836 3064 2905 corporis
3085 2837 3390 2908 contabuit.

1805 2929 1982 2985 Verus
2031 2930 2179 2985 enim
2227 2928 2483 3002 gemitus,
2515 2929 2608 2999 qui
2637 2937 2693 2985 et
2721 2941 2939 2985 acutam
2971 2945 3167 2985 vocem
3197 2931 3390 2996 habet,

1805 3036 2009 3092 corpus
2057 3029 2341 3085 extenuat,
2371 3028 2426 3074 et
2467 3019 2652 3075 carnis
2692 3019 3173 3076 mortificationem
3203 3016 3395 3089 opera-

1811 3124 1935 3181 tur;
1970 3113 2230 3182 quoniam
2250 3121 2516 3181 quantum
2545 3111 2784 3166 exterior
2810 3112 2976 3167 homo
2999 3111 3393 3182 corrumpitur,

1811 3205 2149 3261 tantumdem
2184 3202 2414 3257 interior
2445 3201 2762 3257 innovatur.

1879 3297 2040 3353 Vens.
2075 3299 2128 3352 7.
2174 3314 2192 3348 ι
2219 3295 2427 3351 Similis
2466 3296 2643 3351 factus
2685 3310 2808 3350 sum
2847 3295 3115 3366 pellicano
3143 3293 3395 3350 solitudi-

1805 3391 1915 3444 nis.
1949 3408 1968 3441 ι

1873 3480 2264 3537 Admirabilem
2296 3480 2457 3536 nobis
2484 3479 2794 3551 vigiliarum
2834 3479 3075 3535 fructum
3108 3479 3348 3535 ostendit
3377 3495 3390 3533 :

1806 3576 2016 3630 faciunt
2055 3575 2204 3630 enim
2248 3591 2352 3630 nos
2380 3576 2554 3629 instar
2587 3572 2825 3644 passeris
2854 3571 3081 3628 solitarii
3109 3571 3164 3625 in
3197 3578 3342 3625 tecto
3375 3587 3391 3623 :

1805 3668 1951 3740 quod
1983 3667 2312 3738 quibusdam
2347 3666 2567 3736 quidem
2601 3665 2818 3727 videtur
2846 3663 3280 3733 contemptibile,
3308 3671 3396 3718 δι’
3497 3718 3499 3721 ,

1805 3769 1985 3814 tamen
2037 3759 2265 3812 electam
2306 3757 2469 3813 simul
2502 3765 2556 3812 et
2590 3757 2804 3811 beatam
2851 3755 3069 3811 vivendi
3121 3756 3391 3810 rationem

1804 3849 2070 3904 continet.
2101 3847 2382 3918 Siquidem
2433 3861 2541 3902 non
2593 3847 2777 3902 cibum
2819 3859 2999 3916 neque
3028 3853 3210 3901 vestes
3238 3850 3396 3899 curat

1806 3943 1852 3998 is
1886 3942 1982 4012 qui
2034 3949 2289 4010 tanquam
2340 3955 2530 4011 passer
2571 3939 2852 3995 solitarius
2899 3939 3135 4002 exsistit,
3168 3939 3398 3994 insidias

1805 4031 2032 4086 minime
2060 4037 2320 4095 veretur;
2353 4029 2612 4099 quoniam
2645 4029 2698 4082 in
2734 4036 2880 4083 tecto
2911 4028 3143 4092 habitat,
3173 4035 3231 4082 et
3258 4027 3395 4082 insi-

1805 4120 2083 4176 diantibus
2115 4119 2405 4175 sublimior
2424 4119 2618 4175 evasit.
2636 4119 2908 4174 Caeterum
2936 4117 3210 4188 intelliges
3228 4116 3394 4172 etiam

1803 4228 1834 4268 a
1864 4212 2152 4268 Psalmista
2187 4221 2389 4267 tectum
2416 4211 2546 4264 illud
2566 4210 2698 4276 dici,
2716 4210 2786 4265 de
2811 4225 2922 4279 quo
2948 4209 3211 4264 Dominus
3231 4207 3395 4264 verba

1805 4303 1954 4369 fecit,
2007 4318 2135 4358 eum
2185 4300 2335 4356 orbis
2385 4301 2649 4356 describit
2695 4299 3260 4362 consummationem;
3319 4297 3397 4352 ait

1805 4397 1950 4450 enim
1995 4413 2008 4448 :
2049 4393 2151 4459 Qui
2189 4395 2246 4447 in
2283 4404 2437 4458 tecto,
2479 4409 2584 4446 non
2620 4392 2900 4446 descendat
2940 4390 3123 4445 tollere
3160 4389 3396 4444 tunicam

1736 4505 1780 4560 ι)
1807 4483 2038 4536 suam".

1881 4572 2044 4628 Vsus.
2067 4573 2120 4629 9.
2168 4592 2187 4625 ι
2217 4573 2353 4628 Tota
2383 4573 2471 4628 die
2497 4574 2901 4644 exprobrabant
2929 4588 3038 4628 me.
3070 4589 3089 4624 ι

1880 4664 1938 4720 Id
1966 4674 2071 4730 est,
2103 4665 2158 4718 hi
2203 4663 2294 4733 qui
2325 4664 2656 4719 videbantur
2687 4663 2882 4725 amici,
2922 4660 3193 4717 deteriora
3223 4657 3397 4714 hosti-

1806 4754 1910 4808 bus
1950 4753 2264 4823 irrogabant
2296 4774 2310 4808 :
2347 4754 2537 4809 laudes
2581 4754 2728 4808 enim
2765 4754 2822 4808 in
2853 4753 3257 4809 detestationes
3294 4751 3396 4805 ad-

1805 4861 2025 4900 versum
2052 4860 2139 4898 me
2171 4845 2452 4898 mutabant
2482 4864 2496 4899 :
2529 4844 2616 4898 vel
2644 4845 2710 4900 ad
2742 4859 2831 4898 me
2852 4842 3239 4912 decipiendum
3261 4856 3396 4896 cou-

1806 4937 2108 5008 spirahant,
2137 4947 2191 4991 et
2223 4937 2278 4991 in
2312 4946 2521 4991 tantum
2555 4936 2923 4990 humilitatem
2971 4935 3092 4988 sive
3135 4934 3398 5003 abiectio-

1817 5044 1941 5084 nem
1971 5043 2152 5082 meam
2187 5027 2600 5090 aversabantur,
2629 5035 2688 5080 ut
2716 5027 3144 5089 obtestarentur,
3171 5038 3241 5078 ne
3264 5024 3394 5077 mihi

1814 5122 2020 5177 similes
2065 5121 2380 5184 evaderent,
2414 5132 2595 5190 neque
2644 5116 2778 5187 ipsis
2829 5113 3160 5180 istiusmodi,
3215 5114 3398 5184 qualia

1813 5214 1968 5279 mihi,
2001 5212 2306 5268 evenirent.

1888 5304 2045 5358 Vnus.
2077 5303 2163 5357 l2.
2211 5321 2229 5353 ι
2259 5301 2325 5356 Ει
2348 5317 2450 5374 ego
2481 5300 2624 5356 sicut
2653 5299 2836 5355 fenum
2865 5297 3003 5352 arui.
3034 5316 3053 5350 ι

1881 5395 1961 5450 Ne
2002 5394 2168 5466 igitur
2209 5394 2375 5449 rebus
2406 5393 2757 5448 saecularibus
2791 5392 3118 5446 extollantur
3149 5407 3161 5442 :
3193 5387 3396 5443 idcirco

1813 5486 1960 5540 enim
1989 5485 2262 5554 Propheta
2297 5499 2398 5538 nos
2423 5483 2668 5536 umbram
2697 5489 2751 5536 et
2778 5481 2961 5534 fenum
2997 5476 3304 5549 appellavit,
3324 5489 3396 5530 ne

1817 5578 1871 5632 iu
1915 5576 2021 5631 ulla
2063 5592 2246 5632 rerum
2277 5573 2626 5648 pratscnlium
2659 5572 3084 5637 conﬁderemus,
3117 5568 3313 5623 fluxam
3342 5575 3396 5620 et

199 5753 240 5783 ⁵⁸
273 5752 464 5809 Matth.
506 5755 694 5823 v1,ll.
760 5758 801 5788 ³¹
843 5755 1000 5812 Juan.
1038 5771 1116 5823 vx,
1153 5755 1242 5809 :27.
1318 5757 1360 5788 ³³
1403 5754 1592 5810 Matth.
1627 5769 1776 5819 xxiv,
1815 5753 1895 5808 l7.
