4156 6452
750 387 889 453 1215

754 790 1026 861 ruptibilis
1079 799 1185 858 est,
1217 792 1536 862 assumpsit,
1564 793 1723 848 simul
1771 804 1951 849 tamen
2003 796 2118 865 ipse
2168 798 2331 853 etiam

751 883 1083 948 incarnatus,
1120 892 1305 953 utpote
1340 884 1501 948 Deus,
1536 886 1963 956 ineorruptibilis
2012 898 2068 942 et
2107 889 2333 944 immor-

752 976 873 1029 talis
900 977 1292 1045 perseveravit.

820 1089 981 1143 Vens.
1009 1089 1099 1143 H.
1146 1108 1164 1141 ι
1196 1090 1277 1143 Τυ
1306 1106 1606 1161 exsurgens
1638 1093 1989 1148 misereberis
2022 1094 2174 1149 Sion.
2201 1115 2219 1147 ι

824 1180 1121 1252 Exsurgens
1149 1198 1167 1235 :
1202 1183 1385 1236 unde?
1415 1184 1769 1239 Manifestum
1800 1186 1947 1255 quod
1980 1202 2045 1243 ex
2076 1189 2326 1244 mortuis.

748 1270 853 1325 Sed
880 1274 1151 1342 quomodo
1179 1273 1473 1329 miseretur
1521 1277 1693 1331 Sion?
1722 1293 1918 1347 nempe
1946 1281 2330 1335 comminatio-

746 1379 873 1416 nem
906 1364 1003 1433 ipsi
1040 1364 1442 1421 interminatam
1476 1367 1772 1424 immutans
1806 1388 1819 1423 :
1852 1385 1973 1439 qua;
2002 1382 2183 1427 autem
2211 1383 2330 1430 erat

746 1453 887 1507 ista?
922 1455 1048 1509 Sion
1073 1458 1225 1527 quasi
1262 1474 1389 1528 ager
1418 1459 1681 1523 arabitur,
1716 1470 1766 1514 et
1801 1460 2097 1516 Jerusalem
2139 1474 2195 1517 ut
2233 1482 2327 1518 cu-

745 1547 916 1599 stodia
948 1549 1174 1617 pomarii
1200 1549 1297 1600 erit
1318 1550 1382 1602 ³³.
1404 1550 1578 1618 Atque
1601 1550 1913 1619 imprecatio
1933 1553 2153 1622 quidem
2178 1571 2328 1610 com-

745 1641 929 1693 munis
954 1650 1069 1703 est,
1098 1642 1219 1709 ejus
1247 1643 1554 1696 immutatio
1584 1659 1715 1705 vero
1745 1646 1971 1702 minime
1999 1652 2323 1704 communis.

744 1730 813 1785 Et
841 1731 992 1786 vides
1025 1740 1082 1785 ut
1102 1732 1403 1787 Jerusalem
1427 1734 1649 1803 quidem
1671 1736 1970 1791 etiamnum
1999 1748 2207 1793 vastata
2231 1745 2323 1805 sit,

745 1823 876 1877 Sion
913 1840 1042 1878 vero
1074 1825 1128 1878 in
1163 1824 1335 1895 gloria
1364 1826 1612 1890 exsistat,
1642 1828 1862 1883 Christo
1908 1830 2081 1899 ipsius
2126 1848 2324 1888 secun-

742 1917 871 1969 dum
900 1925 1136 1987 tempus,
1170 1917 1222 1973 id
1246 1927 1330 1973 est
1363 1928 1689 1989 opportune,
1718 1921 2032 1979 miserante.
2058 1925 2189 1990 Qua:
2222 1942 2321 1981 au-

744 2017 854 2062 tem
906 2009 1024 2064 haec
1070 2010 1491 2079 opportunitas?
1522 2011 1904 2082 mysteriorum
1932 2030 2053 2084 qua:
2104 2016 2158 2070 in
2202 2016 2317 2088 ipsa

741 2111 873 2155 sunt
904 2100 1222 2170 propositio.

812 2213 976 2269 Vens.
1002 2215 1090 2270 i6.
1135 2234 1155 2267 ι
1188 2217 1253 2271 Et
1285 2216 1555 2272 timebunt
1583 2226 1772 2288 gentes
1799 2234 2000 2276 nomen
2030 2229 2204 2277 tuum.
2237 2244 2256 2277 ι

809 2305 1016 2363 Horum
1041 2323 1205 2363 causa
1228 2319 1313 2364 est
1337 2310 1669 2381 praedicatio,
1703 2328 1826 2383 quae
1853 2329 1919 2368 ex
1951 2314 2081 2369 Sion
2113 2316 2167 2370 in
2198 2318 2317 2371 uni-

739 2415 958 2455 versum
1005 2402 1193 2457 orbem
1231 2402 1558 2475 divulganda
1605 2413 1709 2460 est.
1743 2406 1913 2462 Recte
1956 2418 2140 2464 autem
2181 2410 2316 2465 dixit

740 2492 1010 2546 timebunt.
1042 2492 1196 2548 Tunc
1242 2494 1387 2548 enim
1421 2504 1609 2566 gentes
1637 2496 1886 2552 timorem
1921 2499 2040 2567 eius
2070 2501 2315 2554 nondum

742 2585 1049 2651 habebant;
1083 2586 1177 2641 sed
1218 2602 1284 2641 ex
1328 2603 1438 2657 quo
1487 2590 1748 2659 apostolis
1793 2592 2090 2662 praecepit:
2124 2594 2317 2649 Docele

740 2692 916 2729 omnes
951 2677 1222 2746 gentes";
1273 2677 1520 2749 quiuimo
1556 2680 1721 2769 etiapt
1767 2696 1921 2751 reges
1973 2692 2153 2747 terrae,
2204 2701 2313 2739 non

738 2767 969 2835 aliquos,
999 2768 1093 2822 sed
1123 2783 1333 2822 omnes.
1368 2767 1712 2840 Quapropter
1743 2772 1891 2827 dices
1937 2789 2045 2827 una
2073 2789 2197 2829 cum
2228 2792 2315 2831 re-

739 2858 897 2926 gibus
943 2859 1105 2913 etiam
1150 2860 1694 2930 justos'receuseri;
1741 2863 2013 2932 siquidem
2044 2866 2096 2920 bi
2132 2882 2230 2937 per
2256 2883 2315 2923 se

739 2949 1042 3003 consecrati
1084 2959 1244 3012 sunt,
1275 2950 1408 3020 quin
1451 2951 1633 3021 potius
1663 2967 1695 3006 ι
1732 2952 1844 3007 Deo
1874 2953 1929 3007 in
1960 2969 2115 3025 reges
2142 2956 2312 3021 uncti,

740 3053 806 3093 eo
827 3041 971 3108 quod
992 3041 1361 3110 voluptatibus
1388 3042 1678 3113 imperent,
1711 3052 1766 3099 et
1792 3046 1993 3116 regiam
2026 3046 2313 3119 imaginem

740 3131 794 3190 in
824 3147 881 3187 se
912 3142 1131 3191 servent
1157 3134 1494 3190 inviolatam.

1937 397 2298 461 IIESYCHII
2356 405 2827 493 PRESBYTERI

750 512 1012 565 caducam
1060 525 1250 565 earum
1292 511 1649 565 :ot’iditiouem
1698 514 2131 572 considerantes.
2164 518 2207 573 A
2237 537 2325 575 no-

2442 523 2502 575 τὸ
2549 527 2749 598 σαθρὸν
2771 531 2951 585 αὐτῶν

752 610 837 660 bis
864 613 1045 659 autem
1069 605 1136 658 ad
1169 605 1457 658 Dominum
1501 622 1809 662 sermonem
1841 613 2138 675 transtulit,
2162 630 2336 683 quau—

750 698 1043 768 doquidem
1093 699 1374 752 mortalem
1407 713 1646 763 carnem,
1682 717 1802 771 quae
1840 703 2014 757 instar
2058 704 2166 759 feni
2212 722 2335 761 cor-

3904 428 4035 493 me

2995 536 3196 601 εἰδότες
3246 540 3339 593 καὶ
3386 544 3444 593 τὸ
3490 546 3864 615 πρόσκαιρον.
3938 554 4023 621 Ag)

2441 616 2600 714 ἡμῶν
2620 619 2677 672 δὲ
2701 621 2792 675 τὸν
2824 623 2981 691 λόγον
3000 630 3081 691 εἰς
3099 628 3191 681 τὸν
3216 630 3418 703 Κύριον
3446 636 3807 708 μετέστησεν,
3842 616 4039 714 ἐπειέὴ

2436 705 2537 777 τῆς
2572 708 2771 781 θνητῆς
2802 714 3035 787 μετέσχε
3069 719 3292 789 σαρκὸς,
3323 723 3423 793 τῆς
3456 705 3827 800 φθειρομένης
3869 705 4037 786 καθάλ

2589 802 2617 853 ὁ
2668 806 2894 874 χόρτος,
2950 809 3065 862 ἀλλ’
3125 813 3277 883 ὅμως
3336 816 3496 881 αὐτὸς
3559 820 3655 873 καὶ
3714 826 4036 893 σαρκωθεὶς

2435 888 2714 963 ἄφθαρτος
2770 899 2851 963 εἰς
2900 900 2992 954 τὸν
3040 903 3236 968 αἰῶνα,
3283 906 3358 969 ὡς
3410 908 3562 972 Θεὸς,
3618 913 3713 964 καὶ
3755 916 4034 982 ἀθάνατος

2433 982 2638 1051 ἔμεινε.

2510 1116 2529 1148 ι
2566 1098 2638 1152 Σὺ
2666 1100 2906 1166 ἀναστὰς
2931 1107 3281 1192 οξκτηρήσεις
3303 1116 3403 1184 τὴν
3437 1118 3595 1174 Σιὼν.
3638 1139 3655 1169 ι

2513 1194 2850 1265 Ἀναστάς-ο
2892 1201 3099 1272 πόθεν;
3156 1208 3287 1262 Ἀπὸ
3348 1212 3457 1264 τῶν
3517 1217 3730 1284 νεκρῶν
3772 1212 4059 1289 εὗδηλοτκθ

2444 1287 2608 1379 Ϊᾼλλὰ
2637 1290 2756 1354 πῶς
2783 1292 3045 1365 οἰκτείρει
3067 1298 3167 1370 τὴν
3191 1299 3359 1368 Σιών;
3387 1303 3501 1376 Τὴν
3529 1308 3617 1358 ἐπ’
3643 1308 3821 1378 αὐτὴν
3854 1287 4023 1379 μεταο

2428 1377 2639 1433 ϐάλλων
2684 1382 2939 1455 ἀπειλήν.
2981 1389 3077 1452 Τις
3102 1390 3160 1443 δὲ
3199 1387 3267 1463 ἦν
3294 1394 3481 1465 αῦτη;
3520 1397 3676 1451 Σιὼν
3721 1377 3806 1466 ὼξ
3838 1377 4021 1469 ἀγρὸς

2428 1470 2950 1543 ἀριτριωθήσεται,
2978 1480 3079 1535 καὶ
3092 1482 3485 1557 Ἰερουσαλὴμ
3514 1490 3595 1555 ὡς
3620 1492 4020 1560 61043059de-

2428 1580 2564 1617 κιον
2608 1565 2799 1622 ἔσται.
2847 1571 2957 1624 Καὶ
2993 1574 3026 1641 ἡ
3058 1573 3158 1642 μὲν
3188 1576 3409 1648 κατάρα
3447 1580 3623 1652 κοινὴ,
3663 1585 3696 1651 ἡ
3745 1585 4017 1653 μεταθέλῆ

2427 1654 2484 1707 δὲ
2530 1657 2589 1709 οὐ
2634 1660 2807 1730 κοινή.
2844 1662 2955 1715 Καὶ
2997 1663 3224 1735 θεωρεῖς
3274 1669 3421 1733 ὅπως
3467 1675 3500 1742 ἡ
3546 1674 3646 1742 μὲν
3684 1675 3771 1727 ἔτι
3801 1692 3905 1730 και
3933 1678 4009 1728 vi!

2429 1748 2774 1821 πεπόρθηται
2806 1793 2822 1816 ,
2851 1754 2883 1824 ή
2915 1754 3057 1807 Σιὼν
3083 1757 3138 1809 δὲ
3176 1759 3234 1810 ὲν
3263 1758 3411 1833 δόξῃ,
3441 1765 3900 1835 οἰκτειρήσαντος
3927 1770 4013 1820 αὖ·

2427 1838 2527 1909 τὴν
2550 1840 2646 1893 τοῦ
2678 1843 2919 1912 Χριστοῦ
2957 1849 3102 1902 κατὰ
3129 1852 3323 1924 καιρὸν
3346 1893 3362 1916 ,
3399 1856 3681 1910 τουτέστιν
3716 1861 4014 1930 εὐκαίρως.

2426 1930 2524 1995 Τίς
2556 1932 2612 1985 δὲ
2641 1935 2986 2009 ὴεὺκαιρίας
3022 1940 3085 1994 'll
3112 1942 3222 1995 τῶν
3250 1945 3309 1996 ὲν
3332 1945 3469 2017 αὐτῇ
3511 1952 3840 2021 μυστηρίων
3892 1954 4019 2006 ὑπό-

2426 2021 2595 2089 θεσις.
2907 2051 2921 2067 J

2499 2246 2518 2281 ι
2563 2232 2673 2284 Καὶ
2702 2232 3103 2305 φοϐηθήσονται
3125 2238 3194 2292 τὰ
3224 2240 3349 2313 ἔθνη
3375 2243 3437 2295 τὸ
3466 2244 3639 2315 ὄνομά
3673 2266 3794 2299 σου.
3834 2271 3854 2301 ο

2493 2327 2676 2381 Αἴτιον
2707 2329 2910 2384 τούτων
2937 2331 2999 2386 τὸ
3026 2334 3136 2388 ἀπὸ
3159 2336 3259 2405 τῆς
3292 2336 3431 2390 Σιὼν
3455 2342 3536 2402 εἰς
3574 2344 3764 2396 πᾶσαν
3794 2346 4012 2415 γενόμε·

2421 2434 2511 2470 νον
2525 2419 2625 2488 τὴν
2648 2421 2976 2493 οἰκουμένην
3001 2426 3283 2496 κήρυγμα.
3310 2430 3506 2494 Καλῶς
3521 2431 3600 2495 δὲ,
3626 2435 4011 2505 φοόηθήσσν-

2420 2522 2540 2572 ται,
2594 2505 2738 2563 εἷπε.
2768 2511 2904 2565 Τότε
2947 2515 3057 2584 γὰρ
3099 2516 3268 2569 αὐτοῦ
3316 2519 3407 2571 τὸν
3442 2521 3606 2588 φόϐον
3651 2523 3723 2576 τὰ
3752 2524 3886 2595 ἔθνη
3920 2530 4011 2579 οὐκ

2421 2595 2717 2668 ἐκέκτηντο
2740 2614 2755 2629 ·
2809 2602 2902 2671 ἀφ’
2952 2597 3016 2658 οὗ
3047 2603 3103 2659 δὲ
3151 2608 3268 2668 τοῖς
3310 2608 3635 2676 ἀποστόλοις
3680 2617 4009 2683 προσέταξε,

2421 2690 2851 2754 Μωητεύσιιτε
2899 2694 3098 2746 πάντα
3145 2696 3217 2749 τὰ
3260 2698 3430 2765 ἔθνη,
3486 2702 3627 2754 ἀλλὰ
3681 2706 3794 2775 μὴν
3835 2705 3936 2760 καὶ
3962 2709 4009 2759 oi

2422 2778 2661 2849 βασιλεῖς
2707 2782 2809 2851 τῆς
2851 2784 2976 2854 γῆς,
3028 2785 3091 2839 οὗ
3133 2789 3313 2855 τινες,
3349 2790 3489 2844 ἀλλὰ
3536 2795 3762 2858 πάντες.
3807 2800 4004 2868 Διόπερ

2420 2872 2566 2939 ἐρεῖς
2612 2872 2751 2941 μετὰ
2795 2873 2904 2927 τῶν
2947 2875 3218 2944 βασιλέων
3261 2881 3520 2943 καὶτοὺς
3571 2882 3825 2946 δικαίους
3854 2886 4005 2951 λέγε-

2422 2959 2548 3016 σθαι
2574 2978 2588 2992 ⁶
2638 2963 3141 3039 αὐτοχειροτόνητοι
3176 2971 3287 3041 γὰρ
3319 2965 3489 3038 οὗτοι,
3521 2975 3723 3044 μᾶλλον
3756 2978 3813 3030 δε
3857 2979 4007 3046 παρὲ

2419 3051 2556 3105 Θέοῦ
2603 3056 3079 3128 χειροτονηθέντες
3124 3060 3404 3129 βασιλεῖς,
3452 3064 3541 3117 διὰ
3602 3065 3666 3118 τὸ
3719 3066 4008 3131 δεσπόζειν

2419 3141 2527 3195 τῶν
2553 3144 2778 3213 ἡδονῶν.
2816 3148 2912 3200 καὶ
2936 3150 3169 3216 φυλάξαι
3198 3138 3299 3221 τὴν
3332 3152 3620 3223 βασιλικὴν
3652 3157 3844 3208 εἰκόνα
3878 3175 4004 3224 τυγ·

2338 3239 2381 3297 C
2416 3236 2691 3304 χάνουσιν.

813 3315 975 3369 Vens.
1006 3315 1094 3370 17.
1146 3334 1164 3367 ι
1193 3315 1462 3381 Quoniam
1493 3316 1783 3372 aediﬁcabit
1813 3319 2073 3374 Dominus
2103 3319 2254 3376 Sion.
2291 3343 2308 3373 ι

2491 3347 2508 3378 ι
2550 3329 2670 3381 ’Ὁτι
2700 3330 3043 3402 οἰκοδομήσει
3065 3335 3270 3407 Κύριος
3294 3337 3393 3407 τὴν
3422 3340 3581 3391 Σιών.
3607 3357 3624 3391 ι

808 3406 974 3461 Vides
1000 3417 1059 3461 ut
1088 3424 1275 3479 regum
1305 3410 1662 3478 subiectionis
1692 3420 1747 3466 et
1776 3412 2018 3481 gentium
2046 3415 2315 3485 cognitio-

738 3499 826 3555 nis
853 3515 1016 3554 causa
1044 3500 1116 3555 sit
1147 3501 1435 3556 aediﬁcatio
1459 3501 1674 3568 Sionis;
1712 3517 1874 3572 quam
1906 3503 2079 3573 ipsam
2103 3522 2211 3561 non
2243 3508 2317 3560 la-

738 3588 977 3659 pidibus,
1006 3591 1102 3644 sed
1132 3591 1410 3647 miraculis
1435 3600 1491 3645 et
1513 3592 1703 3661 gratiis
1746 3594 2117 3663 spiritualibus
2154 3607 2317 3668 atque

739 3681 1011 3751 mysteriis
1034 3683 1283 3752 gloriosis
1305 3684 1611 3740 aediﬁcavit.

813 3867 974 3925 Vsus.
1003 3866 1088 3925 18.
1136 3886 1154 3917 ι
1187 3868 1445 3939 Respexit
1470 3871 1523 3923 in
1556 3872 1859 3928 orationem
1890 3875 2201 3931 humilium.
2233 3896 2252 3929 ι

809 4047 1056 4103 Humiles
1104 4049 1391 4105 manifeste
1439 4058 1598 4105 vocat
1637 4066 1733 4106 eos
1777 4054 1871 4123 qui
1919 4056 2199 4112 humiliter
2222 4074 2318 4113 sa-

738 4138 929 4217 piunt;
985 4140 1054 4194 de
1094 4140 1294 4209 quibus
1344 4140 1605 4196 Dominus
1648 4142 1879 4211 ipsemet
1932 4146 2067 4201 dixit
2104 4165 2118 4201 :
2151 4146 2320 4219 Super

650 4262 661 4279 ι
739 4247 891 4302 quem
930 4233 1227 4301 respiciam,
1255 4233 1357 4287 nisi
1399 4250 1553 4301 super
1582 4233 1854 4302 humilem,
1883 4247 1933 4291 et
1974 4241 2228 4309 quietum,
2271 4254 2318 4296 et

742 4331 1046 4379 trementem
1074 4340 1338 4378 sermones
1366 4324 1605 4379 meos"?
1648 4325 1722 4380 ita
1769 4334 1829 4382 ut
1867 4330 2144 4398 apostolos
2184 4331 2321 4386 insi-

739 4423 889 4470 nuet.

815 4502 974 4558 Vens.
1020 4506 1106 4560 t9.
1154 4504 1520 4566 «Scribantur
1568 4509 1687 4567 haec
1737 4510 1791 4567 in
1836 4514 2187 4583 generatione
2235 4516 2315 4569 al-

741 4604 875 4647 tera.
907 4612 926 4645 ι

814 4685 983 4739 ch:
1013 4672 1171 4756 quae?
1212 4687 1345 4742 Sion
1381 4689 1436 4742 in
1467 4692 1868 4759 generationem
1916 4696 2140 4752 alteram
2186 4714 2315 4770 geu-

742 4779 898 4834 tium.
926 4778 1063 4833 Cum
1119 4779 1264 4833 enim
1306 4778 1477 4836 Judzei
1516 4797 1637 4837 eam
1691 4786 2005 4855 rejecerint,
2054 4792 2314 4860 quoniam

740 4868 1058 4939 mysterium
1107 4870 1229 4939 ejus
1277 4886 1385 4924 non
1435 4884 1812 4942 susceperunt,
1846 4886 2020 4937 mater
2074 4882 2313 4953 gentiqu

740 4961 938 5015 merito
969 4961 1237 5032 descripta
1262 4971 1364 5029 est,
1390 4964 1589 5034 quibus
1607 4979 1914 5039 congruunt
1938 4987 2002 5026 ea
2024 4988 2150 5043 qua:
2181 4977 2315 5032 θυι)-

737 5053 1063 5123 junguntur.

820 5186 839 5217 ι
866 5168 934 5221 Et
966 5171 1195 5239 populus
1224 5171 1316 5241 qui
1350 5181 1565 5227 creatur
1592 5174 1834 5229 laudabit
1865 5177 2172 5235 Dominum.
2202 5199 2221 5232 ι

811 5258 1041 5315 Creasus
1078 5270 1159 5314 est
1196 5263 1342 5316 enim
1388 5265 1620 5333 populus
1648 5281 1713 5319 ex
1745 5268 2014 5338 gentibus,
2047 5271 2136 5340 qui
2170 5273 2314 5327 aliud

741 5351 1112 5418 generationis
1142 5354 1467 5426 principium
1499 5360 1705 5428 accepit
1732 5376 1828 5430 per
1859 5362 2130 5419 lavacrum
2162 5383 2315 5437 rege-

743 5441 1039 5498 nerationis
1073 5462 1085 5498 :
1122 5445 1421 5503 istiusmodi
1454 5450 1599 5503 enim
1632 5450 2037 5510 innovationem
2071 5460 2207 5513 solet
2238 5462 2313 5514 tli-

744 5532 869 5587 vina
913 5531 1189 5604 Scriptura
1234 5541 1564 5595 creationem
1601 5544 1893 5612 appellare.
1928 5544 2101 5616 Hujus
2132 5561 2309 5608 autem

747 5623 824 5678 rei
856 5624 1010 5681 testis
1035 5636 1119 5682 est
1148 5626 1367 5695 Paulus,
1401 5646 1522 5687 cum
1548 5633 1613 5687 de
1639 5632 1856 5688 Christo
1880 5636 2008 5691 dicit
2042 5656 2054 5691 :
2096 5640 2155 5694 Ut
2184 5642 2311 5694 duos

2488 3420 2725 3491 Θεωρεῖς
2756 3423 2905 3486 ὅπως
2932 3427 3104 3479 αἰτιον
3137 3427 3237 3496 τῆς
3261 3430 3370 3481 τῶν
3408 3428 3676 3498 βασιλέων
3710 3434 4002 3502 ὑποταγῆς

2419 3509 2513 3561 καὶ
2537 3508 2638 3577 τῆς
2666 3510 2776 3563 τῶν
2813 3511 2983 3565 ὲθνῶν
3016 3515 3365 3582 ἐπιγνώσεως
3414 3519 3449 3586 ἡ
3473 3517 3573 3586 τῆς
3621 3517 3765 3571 Σιὼν
3796 3520 4004 3573 οἰκοόοσ

2422 3601 2496 3668 μή
2521 3616 2535 3629 '
2567 3602 2745 3672 ἥνπερ
2784 3603 2974 3673 αὐτὴν,
3001 3606 3062 3658 οὐ
3096 3606 3265 3670 λίθοις
3290 3647 3304 3671 ,
3332 3607 3472 3662 ἀλλὰ
3499 3609 3747 3680 θαύμασι
3772 3614 3871 3665 καὶ
3907 3620 3974 3682 xi

2388 3752 2389 3755 η
2421 3703 2529 3755 ρισι
2559 3694 2951 3759 πνευματικοῖς
2980 3693 3076 3746 καὶ
3109 3696 3431 3766 μυστηρίοις
3464 3697 3693 3765 ἐνδόξοις
3720 3702 4003 3773 ᾠκοδόμηο

2420 3794 2452 3829 σ
2455 3794 2531 3831 εν.

2500 3887 2520 3920 ι
2593 3870 2919 3943 Ἐπέὸλεψεν
2962 3876 3059 3927 ἐπὶ
3118 3877 3217 3947 τὴν
3271 3880 3585 3951 προσευχὴν
3642 3882 3756 3935 τῶν
3801 3900 3999 3937 ταπειι

2420 3974 2545 4011 νων.
2595 3976 2614 4009 ι

2490 4048 2796 4114 Ταπεινοὺς
2830 4054 3017 4122 σαφῶς
3046 4053 3195 4124 λέγει
3222 4058 3349 4122 τοὺς
3368 4059 3836 4131 ταπεινόφρονας·
3878 4068 4001 4133 περὶ

2420 4134 2497 4195 ὧν
2540 4142 2704 4204 αὐτὸς
2747 4144 2776 4195 ὁ
2805 4144 3010 4214 Κύριος
3039 4146 3228 4215 ἔλεγεν
3254 4163 3267 4176 ·
3313 4149 3447 4203 Ἑπί
3485 4149 3623 4202 τινα
3666 4149 3997 4221 ἐπιϐλέψαι,

2419 4234 2560 4287 ἀλλ’
2588 4234 2628 4301 ἢ
2656 4233 2757 4289 ἐπὶ
2794 4237 2905 4289 τὸν
2941 4239 3247 4313 ταπεινὸν,
3278 4241 3379 4294 καὶ
3418 4241 3682 4310 ἡσύχιον
3702 4282 3718 4306 ,
3748 4244 3852 4299 καὶ
3880 4245 4003 4313 τρέ-

2415 4323 2611 4393 μοντὰ
2650 4344 2772 4395 μου
2816 4327 2958 4393 τοὺς
3003 4312 3263 4397 mc;
3316 4330 3458 4385 ὥστε
3486 4331 3617 4394 τοὺς
3663 4312 4002 4401 ἀποστόλους

2420 4416 2737 4472 αἰνίττεται.

2499 4524 2518 4557 ι
2565 4508 2837 4579 Γραφήτω
2862 4511 3005 4582 αῦτη
3034 4513 3115 4576 εἰς
3149 4514 3345 4579 γενεὰν
3376 4517 3593 4589 ἑτέραν,

2487 4687 2647 4755 Αὕτη
2672 4704 2686 4718 °
2731 4690 2845 4756 τίς;
2892 4690 2952 4744 Ἥ
2989 4692 3128 4746 Σιὼν
3170 4696 3251 4757 εἰς
3280 4697 3474 4764 γενεὰν
3522 4699 3719 4770 ἑτέραν
3750 4704 3856 4773 τὴν
3895 4707 4002 4758 τῶν

2415 4779 2608 4833 ἐθνῶν.
2668 4781 3183 4851 Ἀπευδοκησάντων
3211 4788 3321 4857 γὰρ
3349 4788 3520 4861 αὐτὴν
3551 4791 3661 4846 τῶν
3701 4794 3997 4860 Ἰουδαίωντ

2416 4874 2603 4946 ἐπειδὴ
2636 4873 2700 4929 τὸ
2724 4878 2783 4931 ὲν
2833 4878 2970 4950 αὐτῇ
3004 4882 3306 4951 μυστήριον
3343 4882 3445 4936 οὐκ
3488 4882 3762 4948 ὶδέξαντο,
3815 4887 4003 4957 μήτηρ

2415 4967 2643 5033 εἰκότως
2678 4968 2788 5020 τῶν
2816 4969 2986 5027 ἐθνῶν
3014 4972 3487 5042 καταγέγραπται,
3519 4974 3652 5045 περὶ
3678 4967 3758 5028 ῶν
3787 4976 4001 5046 ἁρμότ-

2414 5075 2495 5111 τει
2522 5061 2591 5115 τὰ
2618 5060 2958 5131 ἐπαγόμενα.

2489 5188 2508 5221 ι
2547 5171 2659 5224 Καὶ
2678 5171 2805 5236 λαὸς
2838 5176 2866 5227 ό
2888 5176 3207 5245 κτιζόμενος
3234 5179 3440 5232 αἰνέσει
3469 5179 3563 5233 τὸν
3593 5179 3828 5249 Κύριον.
3868 5200 3889 5233 ι

2498 5261 2754 5334 Ἑκτίσθη
2791 5263 2900 5336 γὰρ
2945 5268 2973 5317 ὁ
2996 5266 3055 5331 ἐξ
3107 5268 3278 5323 ἐθνῶν
3301 5269 3451 5333 λαὸς,
3476 5269 3650 5340 ἀρχὴν
3671 5270 3874 5342 ἑτέραν
3910 5290 3994 5339 γι-

2416 5351 2617 5415 νέσεως
2659 5354 2759 5425 τὴν
2802 5346 2899 5408 τοῦ
2924 5356 3150 5428 λουτροῦ
3202 5358 3620 5426 παλιγγενεσίαν
3655 5359 3991 5430 δεξάμενος·

2415 5442 2506 5495 τὸν
2539 5444 2647 5516 γὰρ
2675 5445 2916 5501 τοιοῦτον
2940 5449 3357 5518 ἀνακαινισμὸν,
3385 5449 3577 5503 κτίσιν
3600 5450 3723 5514 ἔθος
3752 5453 3865 5506 ὑπὸ
3898 5452 3991 5522 τῆς

2416 5535 2639 5605 Γραφῆς
2668 5539 2767 5608 τῆς
2786 5538 2937 5603 θείας
2962 5540 3347 5610 ὀνομάζεσθαι.
3379 5544 3668 5613 Μαρτυρεῖ
3691 5542 3752 5596 δὲ
3786 5543 3815 5596 ό
3850 5543 3989 5597 Παῦ-

2418 5625 2507 5689 λος
2541 5629 2667 5699 περὶ
2696 5628 2789 5683 τοῦ
2828 5630 3065 5701 Χριστοῦ
3085 5632 3259 5701 λέγων
3290 5648 3303 5663 ⁶
3339 5636 3469 5688 Ἵνα
3504 5632 3648 5689 roi'r
3673 5634 3785 5690 δύο
3816 5636 3990 5702 κτίσῃ

820 5804 868 5838 ³⁸
900 5803 1065 5863 Miclt.
1113 5823 1193 5875 ιιι,
1229 5808 1314 5864 12.
1386 5811 1424 5842 ³⁸
1466 5811 1654 5868 Matth.
1682 5831 1867 5885 XXVIII,
1916 5819 1996 5874 l‘J.
2066 5820 2105 5850 ³⁸
2144 5820 2246 5875 lsa.
2279 5838 2418 5877 va'.
2453 5825 2507 5879 ‘2.
