4156 6452
125 406 283 472 1277

1291 410 1754 476 FRAGMENTA
1789 414 1869 474 ΙΝ
1911 415 2272 479 PSALMOS.

3279 427 3414 495 1218

118 527 209 582 ἐν
239 526 431 592 ἐαυτῷ
473 526 563 581 ale
589 524 696 583 ἕνα
735 526 949 581 καινὸν
978 526 1295 596 ἄνθρωπον
1338 526 1526 583 ποιῶν
1564 530 1724 599 ειρή-

1833 534 2019 588 condat
2043 534 2098 587 in
2124 535 2403 604 semetipso
2439 536 2494 590 in
2524 553 2685 592 unum
2711 556 2898 594 novum
2921 539 3184 595 hominem
3213 542 3415 611 faciens

116 634 285 687 νην.

213 750 238 786 ι
281 732 405 785 Ὅτι
433 729 699 802 ἐξέκυψεν
720 730 779 798 ἐξ
811 730 981 802 ὕψους
1005 731 1182 802 ἁγίου.
1224 751 1243 785 ι

205 908 412 978 Σαφῶς
442 910 544 978 τῆς
569 908 664 962 τοῦ
691 909 943 982 Σωτῆρος
968 909 1269 981 ἐπιδημίας
1302 910 1572 981 μέμνηται
1599 922 1613 937 ⁸
1640 908 1727 963 οῦ-

116 1018 254 1065 τως
297 1003 407 1073 γὰρ
448 1001 688 1073 ἐκκόψαι
730 1003 840 1055 ἀπὸ
884 1002 981 1055 τοῦ
1018 1001 1187 1072 ὕψους
1221 1004 1364 1057 κατὰ
1399 1003 1593 1074 καιρὸν
1624 1001 1726 1072 τῆς

122 1092 479 1163 σαρκῶσεως
499 1092 737 1161 λέγεται,
759 1092 836 1155 ὼς
852 1093 965 1146 ἂνω
983 1092 1191 1164 μείνας,
1216 1093 1311 1147 καὶ
1341 1094 1491 1147 κάτω
1514 1093 1725 1161 φανείς.

119 1183 320 1237 Τοῦτο
365 1183 474 1254 γὰρ
512 1184 620 1236 τῶν
655 1182 1039 1237 ἐκκυπτόντων
1076 1184 1183 1237 ἀπὸ
1211 1183 1304 1237 τοῦ
1345 1182 1514 1253 ὕψους
1557 1184 1686 1237 ἴδιον
1710 1198 1722 1211 ⁸

120 1274 376 1346 ὲξέκυψε
411 1275 491 1340 δέ,
534 1276 618 1329 ἵνα
650 1276 748 1347 τὴν
776 1277 881 1346 γῆν
906 1275 1294 1346 ἐπισκέψηται.
1328 1275 1466 1329 Πότε
1492 1274 1602 1346 γὰρ
1628 1275 1727 1330 αύ-

116 1364 266 1437 τὴν,
295 1367 460 1437 ἐρεῖς,
478 1367 581 1420 οὐκ
611 1365 980 1436 ἐπεσκέψατο;
1015 1365 1177 1420 Ἀλλὰ
1201 1367 1295 1422 νῦν
1318 1364 1521 1436 μείζων
1550 1365 1729 1435 ὑπῆρ-

120 1475 236 1529 χεν
269 1460 303 1530 ἠ
338 1458 627 1528 ἐπίσκεψις
647 1472 663 1488 °
690 1457 1006 1528 οἰκονομίας
1030 1459 1141 1527 γὰρ
1172 1457 1335 1511 ἕνεκα
1367 1456 1469 1527 τῆς
1492 1454 1584 1510 διὰ
1615 1456 1727 1509 τῶν

120 1549 281 1620 ἑξῆς
310 1551 335 1603 ἐ
343 1567 452 1621 μφε
460 1567 521 1621 ρο
529 1550 698 1621 μένης
726 1549 962 1619 ἐγίνετο.

213 1680 236 1714 c
293 1662 401 1717 Τοῦ
456 1662 694 1717 ἀκοῦσαι
750 1662 846 1716 τοῦ
898 1659 1206 1731 στεναγμοῦ
1253 1659 1361 1715 τῶν
1416 1659 1729 1731 πεπεδημέο

121 1771 275 1809 νων.
326 1772 345 1806 ι

1826 640 2009 689 pacem
2028 627 2092 681 ³⁸.

1900 735 2179 797 Vens.20.
2224 761 2243 796 ‹
2273 743 2545 810 Quoniam
2580 748 2860 820 prospexit
2913 749 2981 804 de
3028 751 3242 806 excelso
3292 766 3413 805 san-

1828 838 1938 884 cto.
1971 848 1989 882 ι

1900 920 2189 981 Manifeste
2228 929 2565 985 mentionem
2604 930 2735 988 fecit
2768 934 3030 989 adventus
3064 934 3360 991 Salvatoris
3392 954 3407 992 :
3492 912 3501 935 κ

1829 1014 1907 1069 sic
1933 1016 2078 1071 enim
2109 1017 2503 1077 incarnationis
2532 1031 2774 1094 tempore
2817 1026 2884 1081 de
2930 1027 3150 1083 excelso
3186 1043 3411 1098 prospe-

1831 1106 1975 1161 xisse
2006 1108 2229 1176 dicitur,
2266 1119 2325 1166 ut
2363 1129 2581 1169 sursum
2614 1118 2910 1184 manserit,
2948 1128 3001 1173 et
3029 1120 3280 1175 deorsum
3314 1138 3413 1192 ap-

1831 1202 2091 1268 paruerit.
2133 1201 2247 1257 lloc
2272 1205 2416 1259 enim
2449 1208 2730 1277 proprium
2757 1216 2840 1263 est
2873 1225 3059 1263 eorum
3091 1212 3181 1281 qui
3209 1226 3272 1265 ex
3304 1211 3415 1267 alto

1829 1293 2186 1364 prospiciunt.
2220 1294 2505 1367 Prospexit
2535 1308 2718 1353 autem
2753 1310 2812 1354 ut
2843 1310 3042 1355 terram
3072 1301 3364 1371 inspiceret
3393 1320 3409 1357 :

1828 1392 1883 1437 at
1904 1386 2146 1453 quando,
2179 1385 2414 1456 inquies,
2444 1387 2591 1445 illam
2618 1404 2727 1444 non
2753 1391 3037 1460 respexit?
3072 1389 3272 1445 Verum
3297 1391 3411 1461 jam

1830 1478 2002 1547 major
2030 1477 2240 1533 exstitit
2267 1478 2536 1548 inspectio
2566 1498 2579 1534 :
2617 1480 2886 1551 siquidem
2932 1470 3155 1554 propter
3185 1483 3411 1555 dispen-

1829 1568 2098 1625 sationem
2132 1570 2334 1626 accidit
2361 1585 2485 1641 quae
2511 1570 2712 1628 deinde
2743 1572 2997 1629 infertur.

1903 1680 2064 1736 Vens.
2090 1682 2180 1736 2|.
2229 1701 2247 1733 ι
2274 1683 2345 1738 Ut
2372 1684 2585 1740 audiret
2614 1686 2848 1756 gemitus
2875 1686 3328 1757 compeditorum.
3352 1705 3372 1739 ι

206 1845 507 1917 Διδεμὲνοι
558 1847 761 1910 πάντες
803 1846 910 1900 ὑπὸ
937 1848 1037 1919 τῆς
1063 1846 1342 1917 ἁμαρτίας
1385 1845 1683 1915 ἐτύγχανον
1710 1860 1723 1873 °

1897 1860 2102 1918 Omnes
2147 1872 2304 1917 erant
2349 1863 2499 1934 ligati
2547 1872 2774 1934 peccato
2812 1885 2824 1920 :
2865 1865 3236 1936 unusquisque
3283 1882 3417 1936 pru-

125 1939 359 2008 σειραῖς
385 1937 621 2027 ἕκαστος
645 1937 754 1992 τῶν
784 1939 998 1992 οἰκείων
1048 1939 1462 2010 ἁμαρτημάτων
1504 1936 1724 2005 σφιγγό-

1833 1952 2072 2023 priorum
2100 1962 2452 2022 peccatorum
2480 1955 2712 2010 vinculis
2753 1956 3119 2027 stringebatur
3142 1974 3155 2010 :
3179 1972 3414 2027 quorum

129 2042 346 2101 μενος⁶
378 2020 456 2084 ὧν
488 2028 587 2101 τὴν
612 2029 947 2101 ἐπιστροφὴν
976 2030 1199 2101 μηνύων
1234 2029 1509 2091 ὁἪσαῒας
1531 2026 1685 2096 ἔλεγε
1711 2042 1724 2055 ο

124 2123 252 2178 Καὶ
299 2112 425 2177 σοι’
450 2121 947 2192 ἀκολουθήσουσι
984 2121 1289 2191 δεδεμένοι
1331 2118 1725 2189 χειροπέδαις,

125 2211 239 2265 καί
292 2210 367 2263 ἐν
412 2211 511 2265 σοὶ
558 2212 1022 2281 προσεύξονται,
1071 2212 1173 2266 καὶ
1217 2209 1727 2281 προσκυνήσουσί

123 2319 260 2356 σοι.
298 2302 366 2356 Oi
396 2302 453 2355 δὲ
477 2303 631 2357 αὐτοὶ
659 2304 752 2358 καὶ
781 2305 887 2359 υἰοί
917 2303 1398 2376 τιθανατωμένων,
1430 2304 1522 2358 τὸν
1555 2303 1728 2373 βαρὺν

125 2394 235 2447 καὶ
270 2392 513 2464 χαλεπὸν
539 2394 636 2465 τῆς
673 2395 1087 2468 εἰδωλολατρίας
1118 2398 1532 2465 ὑπομεινάντων
1563 2395 1725 2450 θάνα-

124 2498 252 2536 τον.
276 2476 444 2537 Οὗτοι
468 2484 646 2538 τοίνυν
671 2486 982 2551 ἐστέναζον,
1003 2486 1113 2540 τῶν
1140 2485 1359 2557 δεσμῶν
1387 2486 1725 2557 ἀπολυθῆναι

130 2572 466 2645 βουλόμενοι
491 2590 506 2607 ο
531 2574 722 2646 διόπερ
744 2576 926 2632 αὐτῶν
943 2577 972 2630 ὁ
991 2578 1123 2639 Θεὸς
1155 2577 1503 2642 εἰσακούσας,
1529 2580 1607 2642 εἰς
1627 2579 1725 2650 τὴν

128 2664 243 2735 γῆν
280 2665 450 2728 αὐτὸς
482 2664 653 2720 ἐλθὼν
689 2668 1052 2738 ἐπεσκέψατο.

209 2797 230 2832 ι
272 2777 389 2832 Τοῦ
416 2780 737 2849 ἀναγγεῖλαι
772 2783 830 2835 ἐν
868 2781 1027 2836 Σιών.
1070 2801 1088 2833 ι

203 2869 327 2939 Οὐχ
374 2868 517 2922 ῶστε
566 2869 730 2941 μέχρι
781 2872 890 2925 τῶν
933 2873 1053 2925 ἐκεῖ
1086 2870 1277 2942 στῆναι
1322 2872 1418 2926 τοῦ
1455 2872 1591 2926 Θεοῦ
1627 2873 1725 2943 τὴν

128 2959 353 3014 αίνεσιν
409 2960 442 3030 ἢ
476 2961 575 3032 τὴν
620 2961 915 3031 ἀγγελίαν,
958 2963 1205 3017 τουτέστι
1249 2962 1311 3016 τὸ
1351 2965 1722 3035 Εύαγγέλιον,

131 3049 257 3106 ἀλλ’
307 3049 453 3103 ὥστε
496 3050 709 3105 ἐκεῖθεν
750 3051 1057 3123 ἀρξάμενον
1087 3054 1167 3117 εἰς
1202 3054 1383 3107 πᾶσαν
1415 3054 1724 3128 διαδοθῆναι

129 3141 234 3213 τὴν
266 3141 399 3211 γῆν.
443 3144 539 3197 Ἐκ
592 3141 703 3214 γὰρ
743 3143 899 3200 Σιὼν
942 3144 1327 3209 ἐξελεύσεται
1376 3146 1579 3215 νόμος,
1625 3149 1723 3203 καί

1830 2043 2249 2097 conversionem
2286 2043 2573 2099 insinuans
2607 2044 2772 2100 Isaias
2800 2046 2876 2100 ait
2908 2063 2922 2099 :
2957 2046 3025 2099 Et
3064 2057 3109 2100 te
3135 2057 3414 2117 sequentur

1827 2138 1987 2192 vincti
2029 2139 2273 2201 manicis.
2309 2149 2358 2193 et
2408 2141 2465 2194 in
2512 2149 2562 2195 te
2600 2141 2825 2195 orabunt
2866 2151 2915 2197 et
2953 2142 3248 2197 adorabunt
3278 2152 3326 2196 te
3345 2143 3408 2197 ".

1826 2228 2095 2285 Czeterum
2148 2232 2203 2285 lii
2249 2232 2347 2300 ipsi
2390 2248 2607 2303 quoque
2649 2244 2781 2289 sunt
2809 2234 2902 2289 ﬁlii
2934 2235 3413 2306 interemptorum.

1828 2321 1919 2389 qui
1955 2337 2171 2392 gravem
2204 2337 2268 2376 ac
2296 2324 2581 2378 molestam
2609 2323 2930 2379 idololatria:
2962 2333 3191 2380 mortem
3225 2324 3413 2380 subie-

1828 2422 1974 2467 runt.
2014 2413 2081 2467 Hi
2112 2414 2291 2484 itaque
2318 2416 2608 2486 gemebant
2636 2430 2667 2470 a
2691 2415 2923 2470 vinculis
2946 2417 3151 2472 absolvi
3183 2417 3413 2488 cupien-

1828 2514 1910 2561 tes
1947 2523 1960 2559 :
1997 2514 2329 2576 quapropter
2376 2507 2520 2562 Deus
2563 2507 2713 2578 ipsos
2744 2507 3065 2573 exaudiens,
3097 2506 3325 2578 ipsemet
3357 2507 3411 2563 in

1828 2608 2027 2654 terram
2061 2598 2365 2653 adveniens
2399 2600 2664 2670 respexit.

1897 2799 2059 2853 Vens.
2083 2799 2173 2855 2?...
2222 2820 2239 2853 ι
2270 2800 2343 2856 Ut
2366 2799 2694 2855 annuntient
2719 2799 2772 2853 in
2807 2799 2963 2854 Sion.
3002 2819 3019 2850 ι

1897 2890 2015 2945 Non
2044 2899 2104 2944 nt
2132 2890 2241 2946 illic
2267 2890 2365 2946 Dei
2394 2892 2513 2947 laus
2542 2901 2599 2946 et
2621 2890 2985 2953 annuntiatio,
3010 2890 3113 2945 hoc
3132 2900 3215 2945 est
3238 2890 3414 2947 Evan-
3460 2892 3463 2893 ⁷

1826 2981 2049 3051 gelium,
2078 2983 2318 3046 sistatur,
2337 2983 2432 3037 sed
2460 2993 2519 3038 ut
2554 2982 2681 3037 inde
2712 2981 2981 3048 incipiens
3007 2982 3062 3035 in
3094 2982 3411 3038 universum

1828 3081 2097 3128 terrarum
2147 3074 2336 3128 orbem
2388 3083 2737 3146 propagetur.
2774 3070 2911 3137 Quia
2962 3073 3025 3126 de
3073 3073 3205 3127 Sion
3251 3075 3413 3129 exibit

1829 3164 1929 3231 lex,
1961 3176 2008 3219 et
2039 3166 2250 3221 verbum
2279 3166 2494 3222 Domini
2518 3168 2581 3221 de
2605 3164 2918 3220 Jerusalem.
2944 3163 3011 3219 Et
3036 3165 3299 3237 judicabit
3330 3168 3415 3219 in-

131 3236 323 3305 λόγος
349 3236 573 3303 Κυρίου
592 3213 661 3300 ἐξ
712 3235 1130 3307 ’1ερουσιιίὴμ,
1160 3237 1257 3292 καί
1295 3213 1488 3307 κρινεῖ
1501 3239 1723 3310 ἁναμέ-
1748 3213 1791 3275 c
1827 3213 2113 3327 $9,";
2129 3213 2413 3315 ',,,";j,,,','.'{

134 3345 257 3382 σον
277 3327 477 3382 ἐθνῶν
500 3328 775 3385 πολλῶν.
860 3344 863 3349 ’

213 3457 234 3491 ι
287 3439 380 3493 Ἐν
405 3438 485 3509 τῷ
509 3441 935 3512 ἐπισυναχθῆναι
965 3439 1128 3504 λαοὺς
1158 3443 1251 3494 ἐπὶ
1284 3442 1345 3496 τὸ
1376 3442 1525 3499 αὑτό.
1559 3461 1577 3495 ι

211 3532 288 3587 Οὐ
336 3533 470 3604 περὶ
505 3533 624 3596 ἐνὸς
655 3532 821 3600 λαοῦ,
856 3535 988 3605 πρ.ρί
1021 3534 1233 3589 πολλῶν
1265 3534 1321 3588 δέ
1350 3534 1725 3605 συναχθέντων

139 3624 442 3681 ἐκτίθεται.
489 3624 588 3678 Διὰ
618 3624 675 3678 δὲ
708 3625 803 3678 τοῦ
834 3624 1074 3695 πλήθους
1120 3627 1189 3680 τὰ
1219 3626 1352 3697 ἔθνη
1398 3628 1721 3683 αἰνίττεται.

222 3828 241 3861 ι
297 3769 599 3879 ’Δπεζιρίθη
628 3809 779 3880 αὐτῷ
810 3812 869 3863 ἐν
907 3809 1015 3880 ὀδῷ
1048 3809 1233 3880 ἰσχύος
1262 3810 1450 3864 αὑτοῦ.
1488 3829 1507 3863 ι

210 3900 278 3954 Τί
304 3866 522 3954 τοιοῦτο
564 3866 809 3971 mare
836 3866 1074 3971 Χριστός
1105 3866 1282 3972 ’ξρησιν
1301 3918 1317 3934 ο
1391 3867 1752 3969 Ἐλήλυθεν.

141 3995 181 4061 ἡ
211 3992 332 4062 ῶρα
356 4034 372 4060 ,
402 3994 505 4046 ἵνα
541 3991 812 4061 δοξασθῇ
841 3995 874 4047 ὁ
906 3993 1043 4061 Υἱὸς
1083 3994 1189 4048 τοῦ
1227 3995 1543 4062 ἀνθρώπου
1570 4011 1584 4027 ⁸
1631 3996 1723 4048 τοῦ

145 4086 384 4156 σταυροῦ
417 4085 511 4138 τὸν
544 4086 736 4156 καιρὸν
759 4086 1161 4158 αἰνιττόμενος·
1204 4088 1353 4151 ὅστις
1387 4088 1503 4151 ὁδὸς
1544 4088 1726 4158 ἰσχύος

143 4178 467 4247 ἀναγκαίως
521 4178 978 4248 ἐλέγετο.ι’1σχὺς
1021 4180 1133 4251 γὰρ
1190 4179 1285 4233 τοῦ
1339 4181 1576 4252 σνιυροῦ
1630 4182 1727 4235 καὶ

142 4269 375 4339 δύναμις
416 4268 656 4340 ἀψευδὴς
700 4272 734 4339 ἡ
773 4272 837 4325 ἐκ
881 4271 1093 4341 νεκρῶν
1131 4272 1446 4338 ἀνάστασις,
1492 4274 1558 4343 ἣν
1594 4271 1728 4326 ὼδοο

144 4360 337 4431 ποίησε
364 4359 463 4413 τοῦ
491 4359 724 4431 σταυροῦ
747 4361 809 4414 τὸ
843 4363 1164 4433 μυστήριον.

221 4472 240 4505 ς
399 4454 684 4523 ἀναγάγῃς
717 4471 782 4523 με
815 4455 872 4506 ἐν
907 4454 1095 4524 ἡμίσει
1122 4457 1371 4526 ἡμερῶν.
1408 4474 1427 4508 ι

1903 3460 2060 3517 Vens.
2085 3461 2176 3516 23.
2225 3481 2244 3513 ι
2275 3461 2333 3516 In
2365 3461 2747 3517 eonveniendo
2778 3463 3012 3533 populos
3039 3461 3093 3516 in
3126 3476 3319 3515 unum.
3350 3478 3369 3511 ι

1897 3551 2014 3606 Νοιι
2046 3552 2114 3606 de
2146 3567 2252 3606 uno
2279 3552 2500 3623 populo,
2536 3553 2629 3607 sed
2659 3553 2726 3607 de
2752 3553 2937 3607 multis
2960 3551 3414 3606 convenientibus

1826 3644 2140 3715 exponitur.
2190 3643 2296 3699 Per
2345 3644 2752 3700 multitudinem
2799 3655 2983 3699 autem
3037 3656 3229 3715 gentes
3278 3643 3412 3700 insi-

1826 3746 1979 3789 nunt.

1904 3827 2173 3881 Vensﬁi.
2221 3845 2238 3877 ι
2274 3826 2577 3897 Respondit
2614 3828 2662 3881 ei
2696 3827 2748 3880 in
2784 3828 2867 3881 via
2902 3828 3119 3884 virtutis
3154 3841 3285 3881 suae.
3318 3845 3337 3879 ι
3388 3882 3397 3893 ,

1897 3918 2146 3973 Christus
2177 3917 2307 3988 quid
2353 3917 2530 3974 simile
2575 3918 2861 3973 declarans
2904 3919 3026 3975 ait:
3081 3917 3225 3973 Venit
3257 3920 3413 3982 hora,

1828 4024 1882 4063 nt
1914 4009 2233 4079 clariﬁcetur
2264 4009 2437 4081 Filius
2463 4009 2686 4063 hominis
2702 4010 2781 4078 a’;
2830 4010 3006 4065 erucis
3042 4020 3253 4079 tempus
3281 4008 3419 4062 insi.

1829 4118 2006 4158 nuans
2039 4120 2052 4157 :
2090 4102 2237 4172 quod
2286 4102 2599 4158 necessario
2642 4102 2784 4157 viam
2836 4102 3052 4157 virtutis
3098 4100 3417 4172 appellavit.

1829 4193 1924 4250 Vis
1957 4194 2103 4249 enim
2144 4209 2209 4249 ac
2238 4192 2411 4248 virtus
2438 4193 2619 4247 erucis
2651 4208 2778 4246 vera
2807 4204 2891 4249 est
2917 4207 2947 4247 e
2974 4191 3202 4246 mortuis
3233 4206 3422 4245 resur‘

1830 4287 2026 4351 rectio,
2060 4285 2146 4341 cui
2177 4284 2323 4340 viam
2355 4285 2547 4340 stravit
2576 4286 2888 4355 mysterium
2918 4283 3123 4338 crucis.

1907 4463 2065 4518 Vens.
2087 4462 2179 4518 25.
2227 4480 2245 4515 ι
2276 4462 2355 4517 Ne
2390 4478 2615 4518 revoces
2660 4479 2746 4517 me
2781 4462 2833 4516 in
2869 4462 3093 4517 dimidio
3124 4460 3355 4515 dierum.
3387 4476 3412 4511 ι

226 4543 546 4614 ’Δναγωγὴν
576 4545 734 4599 καλεῖ
760 4545 860 4614 τὴν
886 4544 1136 4601 ἐντεῦθεν
1164 4546 1524 4617 μετάστασιν.
1552 4547 1724 4602 Τοῦτο

1898 4555 2322 4612 Revocationem
2373 4566 2532 4610 vocat
2578 4571 2645 4610 ex
2695 4557 2798 4611 hac
2846 4554 2956 4608 vita
3010 4552 3411 4623 migrationem,

144 4636 252 4708 γὰρ
294 4636 475 4707 ψυχῆς
524 4636 729 4699 ἄνοδος.
774 4636 865 4709 Μὴ
920 4638 1102 4691 τοίνυν
1151 4638 1346 4710 ἀτελὴς
1386 4640 1723 4712 τὴννάρετὴν

1827 4646 1926 4702 llic
1973 4649 2119 4702 enim
2174 4657 2259 4703 est
2307 4648 2503 4702 animae
2540 4662 2824 4702 ascensus.
2872 4645 3047 4716 Rogat
3087 4643 3308 4710 itaque,
3341 4658 3414 4694 no

149 4728 481 4797 μεταστῆναι
545 4726 930 4797 πρεσϐεύεται,
982 4728 1273 4800 ὁλόκληρον
1322 4729 1435 4799 βίον
1485 4729 1723 4800 νομίζων

1833 4737 2181 4808 imperfectus
2208 4740 2263 4791 in
2297 4736 2498 4792 virtute
2522 4738 2649 4791 hinc
2678 4737 2923 4806 emigret,
2945 4735 3208 4804 integram
3242 4733 3408 4793 vitam

143 4819 236 4871 τὸν
263 4820 320 4871 ἐν
343 4819 511 4889 ἀρετῇ
556 4817 781 4884 τέλειον,
811 4819 984 4889 ἣμισυ
1012 4818 1151 4873 δὲτὸ
1190 4820 1379 4884 ἀτελὲς
1416 4823 1508 4875 καὶ
1547 4822 1723 4891 ἁττλή-

1833 4841 2089 4901 reputans
2112 4845 2233 4901 (pta:
2268 4829 2322 4882 in
2357 4828 2561 4882 virtute
2599 4826 2835 4897 perfecta
2866 4824 3254 4891 sit,dimidiam
3278 4839 3411 4878 vero

149 4926 337 4983 ρωτον.

216 5000 317 5053 Τὸν
347 5001 507 5070 λόγον
530 5002 693 5059 πάλιν
721 5004 856 5071 πρὸς
885 5004 974 5058 τὸν
1000 5004 1205 5076 Κύριον
1247 5005 1543 5077 ἐπέτρεψεν
1561 5025 1575 5039 ’
1617 5009 1717 5061 αύ-

1824 4927 1909 4979 eui
1948 4922 2092 4977 desit
2117 4919 2381 4991 perfectio
2410 4928 2466 4973 et
2490 4917 2795 4988 plenitudo.

1896 5014 2213 5069 Sermonem
2246 5012 2441 5065 iterum
2477 5009 2748 5064 convertit
2783 5008 2848 5065 ad
2884 5006 3172 5061 hominum
3202 5004 3410 5075 :ipsins

148 5089 239 5143 τοῦ
274 5091 381 5162 γὰρ
407 5092 476 5145 τὰ
508 5091 625 5163 ἔτη,
653 5094 688 5147 ἂ
719 5096 775 5148 ἐν
807 5097 972 5165 σαρκὶ
1008 5097 1329 5169 πεποίηκεν,
1357 5100 1413 5151 ἐν
1436 5101 1599 5171 γενεᾷ
1626 5117 1720 5167 γε·

1833 5108 1969 5162 enim
2004 5105 2157 5170 anni,
2193 5117 2333 5172 quos
2371 5101 2426 5155 in
2460 5116 2625 5156 carne
2660 5100 2807 5170 egit,
2845 5099 2895 5152 in
2934 5097 3281 5169 generatione
3312 5112 3402 5167 ge-

149 5183 303 5249 νεῶν,
332 5184 407 5248 ὡς
437 5186 858 5258 ἀπηρτισμένην
879 5189 971 5243 καὶ
994 5190 1286 5262 ὁλόκληρον
1314 5193 1411 5259 τὴν
1441 5193 1719 5246 πολιτείαν

1833 5198 2164 5251 nerationum
2204 5200 2577 5264 perseverant,
2613 5198 2673 5245 ut
2712 5189 2803 5259 qui
2854 5188 3151 5257 perfectam
3183 5193 3239 5239 et
3270 5185 3407 5239 inte-

150 5274 357 5344 ἔχοντα.
391 5277 554 5330 Ὅθεν
574 5280 669 5333 καὶ
689 5282 716 5333 ὁ
738 5281 945 5344 Παῦλος
970 5284 1095 5346 τοὺς
1124 5286 1181 5335 ἐν
1213 5284 1509 5353 τελειότητι
1541 5303 1716 5355 παρα-

152 5366 345 5434 στῆσαι
384 5368 704 5441 βουλὸμενος
738 5371 925 5442 ἔλεγεν
955 5392 969 5406 ⁸
1008 5376 1134 5429 ’Ἰιά
1165 5376 1636 5446 καταντήσωμεν
1668 5380 1722 5430 (ἱ

150 5456 367 5521 πάντες
390 5463 470 5525 εἰς
495 5460 683 5529 ἄνδρα
706 5463 957 5530 τέλειον,
989 5468 1074 5531 είς
1097 5467 1316 5536 μέτρον
1346 5470 1583 5535 ἡλικίας
1611 5469 1717 5522 τοῦ

150 5550 536 5617 πληρώματος
563 5556 840 5619 Χριστοῦ.

226 5654 246 5689 ι
282 5640 440 5692 Αὐτοὶ
471 5644 813 5713 ἀπολοῦνται,
853 5650 916 5701 σὺ
948 5650 1004 5702 δὲ
1028 5650 1318 5723 διαμένεις.
1365 5673 1377 5701 ι

218 5817 262 5849 3‘
296 5822 493 5891 Eii-lies.
533 5846 594 5893 ιι,
626 5830 709 5884 £5.

786 5830 826 5861 ³⁷
860 5830 961 5885 Ιεδ.
1011 5849 1130 5895 t.\v,
1174 5831 1255 5883 ll.
1336 5833 1377 5859 λλ
1418 5833 1604 5887 153.11.
1642 5834 1691 5885 5.

1822 5306 1969 5359 grain
2020 5288 2334 5343 contineant
2389 5283 2751 5353 disciplinam.
2787 5280 2943 5338 Unde
2991 5280 3155 5333 etiam
3208 5276 3407 5331 Paulus

1828 5382 2096 5450 perfectos
2126 5393 2225 5432 nos
2254 5375 2502 5431 exhiberi
2546 5373 2735 5427 volens
2766 5371 2898 5426 dixit
2930 5389 2941 5423 :
2977 5370 3039 5424 L't
3068 5382 3406 5422 occurramus

1825 5489 2000 5525 omnes
2044 5474 2095 5525 in
2144 5471 2307 5523 virum
2337 5469 2640 5537 perfectum,
2673 5466 2726 5519 in
2763 5479 3059 5517 incusuram
3086 5461 3258 5515 relatis
3291 5462 3396 5527 pla-

1827 5566 2078 5617 nimdiuis
2106 5562 2298 5616 Christi
2318 5561 2384 5612 ³⁸.

1904 5654 2059 5709 Visus.
2085 5656 2173 5708 Ἦ.
2223 5672 2240 5703 ‹
2276 5651 2376 5723 Ipsi
2410 5649 2691 5721 peribunt,
2726 5655 2781 5701 tu
2813 5655 2992 5701 autem
3038 5656 3340 5714 permaues.
3374 5656 3394 5689 ι

1797 5839 1812 5863 ε·
1850 5830 2002 5887 .loan.
2045 5852 2137 5897 xu,
2173 5832 2261 5887 9.5.
2336 5832 2375 5863 "°
2408 5833 2607 5907 l‘lpllcs.
2638 5848 2709 5894 ιν,
2759 5832 2837 5893 15.
