4156 6452
132 408 284 474 1281

1309 402 1776 463 FRAGMENTA
1814 403 1836 462 Ι
1848 404 1892 463 .\'
1929 404 2291 468 PSAIMOS.

3295 406 3430 474 128?.

204 521 434 576 Οὐκοῦν
469 518 592 574 οὔτε
629 515 920 580 διαπαντὸς
962 514 1039 587 τῷ
1074 512 1232 586 θυμῷ
1266 513 1447 586 (τοῦτο
1475 515 1584 585 γάρ
1616 516 1733 567 ἐστι

1910 514 2096 584 ltaque
2121 530 2231 570 non
2253 524 2523 586 perpetuo
2543 518 2672 586 (hoc
2692 515 2838 570 enim
2866 525 2950 570 est
2972 515 3024 569 in
3046 513 3226 584 linem)
3247 526 3432 571 utetur

126 612 216 674 τὸ,
239 613 339 678 εις
362 611 557 676 τέλος)
575 610 862 680 χρήσεται,
891 606 1015 659 οὕτε
1045 607 1136 658 τὸν
1161 606 1308 659 ἔλεον
1339 604 1602 676 διηνεκῶς
1624 607 1737 669 τοῖς

121 704 393 768 ἀναξίοις
423 703 729 775 χαρίζεται·
762 699 884 753 ἐπεὶ
916 700 1034 762 πῶς
1055 700 1084 751 ό
1117 698 1248 760 Θεὸς
1283 697 1498 769 κριτὴς,
1535 697 1629 749 καὶ
1658 696 1738 748 δί-

124 814 328 861 καιος,
355 798 450 851 καὶ
482 795 723 867 ἰσχυρὸς,
749 793 846 848 καὶ
872 792 1264 865 μακρόθυμος;
1291 790 1408 854 πῶς
1436 788 1738 844 ἀποδώσει

120 886 390 952 ἑκάστῳ
444 884 595 938 κατὰ
642 884 714 937 τὰ
761 883 907 952 ἔργα
954 879 1174 946 αὐτοῦ;
1229 881 1408 951 Κιρνᾷ
1441 879 1620 932 τοίνυν
1660 877 1738 949 τῷ

121 978 283 1048 ἐλέῳ
319 978 418 1050 τὴν
446 977 640 1047 ὀργὴν,
677 977 766 1029 ὅτε
835 975 932 1046 μὲν
981 975 1132 1028 ἐλέου
1165 972 1380 1044 καιρὸς,
1409 971 1572 1025 αὑτὸν
1605 989 1730 1040 προ-

121 1068 512 1140 ϐαλλόμενος·
538 1069 626 1121 ὅτε
647 1066 705 1120 δὲ
740 1066 937 1136 ὀργῆς,
963 1066 1243 1136 ἐπιφέρων
1273 1068 1330 1118 tv
1353 1065 1536 1136 ἡμέρᾳ
1564 1063 1735 1134 όργῆς

121 1160 234 1214 καὶ
264 1159 676 1231 δικαιοκρισίας
696 1173 709 1188 ο
739 1160 798 1212 tv
899 1197 915 1220 ,
946 1159 1115 1228 φησὶν
1146 1158 1176 1209 ό
1207 1156 1441 1221 Παῦλος,
1463 1155 1739 1211 ἀποδώσει

121 1250 370 1321 ἑκάστῳ
397 1251 540 1304 κατὰ
563 1249 630 1303 τὰ
660 1249 799 1320 ἔργα
820 1247 1011 1303 αὑτοῦ.
1053 1249 1279 1320 Διόπερ,
1307 1249 1497 1319 φησὶν,
1520 1250 1634 1312 ,οὐκ
1659 1250 1739 1311 εἰς

120 1344 230 1397 τὸν
263 1343 449 1398 αίῶνα
490 1345 694 1414 μηνιεῖ,
723 1343 816 1396 τὸν
840 1343 1088 1414 παρόντα
1119 1342 1332 1397 αἰῶνα-⁸
1363 1342 1444 1413 τῷ
1480 1341 1732 1414 μέλλοντι

120 1438 248 1509 γὰρ
284 1439 392 1506 τὴν
418 1435 603 1507 κρίσιν
631 1436 726 1489 καὶ
756 1436 857 1506 τὴν
881 1435 1054 1506 ὀργὴν
1085 1435 1377 1506 ἐφύλαξεν.

209 1635 233 1669 ε
281 1615 492 1680 Καθὼς
515 1617 779 1685 οἱκτείρει
811 1616 996 1688 πατὴρ
1024 1616 1196 1680 υἱούς.
1233 1635 1252 1669 ι

217 1710 322 1763 Ἑν
364 1709 545 1780 σκότῳ
592 1709 702 1781 γάρ
733 1711 843 1762 είσι
873 1711 969 1762 καὶ⁵
1012 1709 1233 1780 δεσμοῖς
1255 1713 1304 1764 οἱ
1344 1713 1402 1765 tv
1437 1712 1738 1784 ἁμαρτίαις

120 1803 513 1874 τυγχάνοντες
539 1802 841 1874 ἄνθρωπον
874 1803 1284 1871 ἀπαλλαγέντες
1321 1804 1378 1858 δὲ
1410 1804 1521 1859 τῶν
1551 1805 1733 1874 πλημο

127 1899 285 1969 μελη
296 1898 513 1968 μάτων,
542 1898 601 1949 tv
625 1897 766 1965 φωτὶ
784 1896 1030 1966 δηλονότι
1061 1897 1453 1968 μετατεθέντες
1473 1899 1734 1968 γίνονταιο

124 1991 284 2043 ὥστε
318 1991 550 2054 εἰκότως
581 1989 679 2061 τὴν
709 1988 819 2042 τῶν
847 1990 1263 2061 ἁμαρτημάτων
1285 1991 1610 2062 ἀπαλλαγὴν
1642 2009 1738 2062 με·

127 2082 387 2136 τάϐασιν
438 2083 538 2150 τὴν
585 2080 956 2152 ἀπὸδυσμῶν
1001 2082 1083 2144 είς
1120 2081 1385 2145 ἀνατολὰς
1427 2082 1737 2152 κέκληκενο

125 2175 278 2246 ὁμοῦ
312 2176 375 2229 δὲ
421 2177 519 2229 καὶ
561 2177 712 2245 ἡμᾶς
739 2173 992 2241 διδάξαι,
1019 2174 1074 2227 τί
1108 2173 1275 2242 μέσον
1313 2171 1595 2244 ἁμαρτίας
1641 2174 1738 2227 καὶ

126 2268 498 2338 δικαιοσύνης
532 2267 874 2337 βουλόμενος.

209 2381 229 2413 ι
276 2361 409 2413 Ὀτι
431 2359 594 2435 αὐτὸς
618 2358 760 2428 ἐγνώ
795 2358 858 2411 τὸ
879 2357 1106 2429 πλάσμα
1138 2355 1317 2428 ἡμῶν.

210 2541 465 2604 Εἰκότως
492 2541 648 2612 ἡμῖν,
681 2537 839 2609 φησὶ,
867 2536 1233 2609 χρηστεύεται
1257 2553 1270 2566 ⁸
1297 2532 1404 2590 οῐδε
1437 2536 1546 2608 γὰρ
1573 2538 1606 2608 ἠ
1617 2535 1734 2607 μῶν

134 2632 235 2686 τοῦ
279 2631 607 2703 πλάσματος
642 2632 740 2700 τὴν
773 2627 1062 2682 ἀσθένειαν
1085 2643 1099 2656 ·
1131 2627 1347 2698 πρῶτον
1379 2627 1501 2698 μὲν,
1534 2627 1609 2691 ὡς
1636 2628 1737 2680 αύ-

134 2727 231 2787 τὸς
261 2724 485 2788 πλάσας
512 2725 656 2794 ἡμᾶς
675 2740 690 2754 ·
721 2722 914 2775 ἔπειτα
948 2720 1276 2789 σαρκωθεὶς,
1306 2720 1403 2775 καὶ
1431 2720 1553 2774 καθ’
1582 2721 1735 2790 ἡμᾶς

137 2819 445 2889 γενόμενος
464 2817 773 2887 ἄνθρωπος.

218 2929 239 2963 ε
279 2910 610 2980 Ἀνθρωπος
630 2906 765 2958 ὡσεὶ
794 2906 1006 2977 χόρτος.

229 3000 406 3073 Ὁμοῦ
433 3000 532 3070 μὲν
570 2997 728 3069 ήμῶν
762 2997 826 3049 τὸ
853 2996 1075 3068 σαθρὸν,
1099 2995 1236 3065 ὁμοῦ
1259 2994 1316 3048 δὲ
1343 2995 1438 3048 καὶ
1466 2994 1732 3064 πρόσκαι-

144 3113 241 3168 ρον
274 3096 397 3158 τοῖς
419 3091 733 3162 εἰρημένοις
763 3089 987 3156 ἔδειξεν.

223 3207 241 3238 ι
280 3185 359 3239 Τδ
384 3183 443 3236 δὲ
469 3183 618 3243 ἔλεος
643 3179 739 3234 τοῦ
777 3181 987 3252 Κυρίου
1010 3179 1118 3234 ἀπὸ
1141 3177 1236 3232 τοῦ
1266 3178 1486 3242 αἰῶνος.
1524 3197 1545 3230 ›

215 3277 423 3340 Καλῶς
465 3275 523 3328 δὲ
569 3275 803 3345 διαθήκη
854 3276 885 3327 ό
928 3274 1093 3343 νόμος
1134 3271 1228 3327 τοῦ
1268 3273 1407 3327 Θεοῦ
1462 3274 1738 3346 προσηγό-

148 3388 368 3444 ρευται,
401 3367 493 3422 ῐνα
523 3364 894 3437 κληρονομίαν
932 3363 1244 3434 ὲλπίζωμεν
1267 3361 1329 3428 ἐξ
1351 3362 1526 3434 αὐτῆς
1555 3366 1606 3418 0t
1632 3383 1738 3435 φυ-

147 3464 466 3522 λάττοντες.

226 3574 245 3606 ι
285 3553 494 3624 Κύριος
519 3551 578 3604 tv
599 3548 678 3620 τῷ
706 3549 923 3620 οὐρανῷ
952 3548 1243 3620 ἡτοίμασε.
1277 3567 1296 3600 ι

222 3644 514 3699 Βασιλεύει
549 3644 660 3714 γὰρ
700 3643 977 3708 ἁπάντων,
1025 3642 1059 3711 ἢ
1096 3641 1359 3708 ἀκόντων,
1387 3642 1422 3714 ἢ
1465 3640 1733 3695 ἑκόντων·

157 3739 436 3810 μακάριος
463 3737 520 3790 δὲ
568 3737 626 3800 ὃς
657 3733 802 3788 ἑκὼν
832 3734 1226 3788 ὑποτάττεται·
1271 3735 1462 3804 μισθὸν
1489 3733 1600 3805 γὰρ
1636 3733 1738 3804 τῆς

154 3830 410 3884 ἑκουσίου
437 3826 680 3888 δουλείας
712 3825 776 3878 τὸ
812 3825 931 3896 μετ’
963 3824 1131 3878 αὐτοῦ
1165 3825 1482 3895 βασιλεῦσαι
1513 3825 1610 3880 τοῦ
1639 3828 1737 3878 Δε-

155 3922 381 3985 σπότου,
417 3918 448 3970 ό
473 3915 714 3980 τοιοῦτος
734 3915 979 3985 δέχεται.

230 4032 249 4064 ι
281 4012 498 4065 Αίνεττε
519 4008 611 4063 τὸν
636 4007 864 4079 Κύριον,
895 4006 1075 4060 πάντα
1097 4005 1166 4058 τὰ
1203 4005 1364 4076 Ξργα.
1403 4025 1422 4059 ι

229 4121 252 4155 ε
298 4104 562 4164 Φυσικαῖς
604 4098 848 4170 δηλονότι
902 4102 1201 4168 κινήσεσιν.
1253 4100 1315 4152 El
1355 4099 1412 4152 δὲ
1451 4099 1632 4153 πάντα
1668 4099 1738 4152 τὰ

156 4193 293 4266 εργα
321 4193 543 4260 εὐλογεϊ
573 4191 666 4244 τὸν
695 4189 853 4255 Θεὸν,
885 4187 1005 4251 πῶς
1036 4189 1098 4240 ού
1138 4189 1274 4242 πολὺ
1313 4189 1412 4256 μᾶ)
1426 4189 1518 4242 λον
1547 4191 1734 4260 ἡμεῖς,

154 4286 204 4339 οί
241 4285 510 4338 πλειόνων
553 4283 655 4354 μὲν
694 4281 828 4352 παρ’
865 4279 1034 4333 αὑτοῦ
1069 4281 1165 4333 καὶ
1194 4281 1460 4351 μειζόνων
1485 4280 1737 4336 ἀπολαύ-

157 4396 377 4443 σαντες,
408 4380 644 4450 ὄργανον
673 4377 731 4430 δὲ
754 4377 854 4447 τῆς
880 4375 1140 4445 εὐλογίας
1171 4377 1305 4447 παρ’
1338 4376 1507 4431 αὐτοῦ
1529 4377 1623 4431 τὸν
1656 4376 1738 4432 λό-

157 4490 252 4541 γον
291 4472 582 4544 δεξάμενοι
605 4489 622 4538 ;

1843 606 2237 676 indignatione,
2262 621 2444 677 neque
2470 623 2688 679 semper
2722 608 2956 678 indignis
3000 606 3429 660 misericordiam

1842 699 2068 769 largitur
2102 717 2114 754 :
2152 698 2394 770 alioquin
2444 700 2720 770 quomodo
2750 700 2893 754 Deus
2933 700 3124 769 judex,
3151 708 3206 754 et
3228 699 3430 769 justus.

1841 799 1894 844 ct
1925 789 2114 857 fortis,
2148 799 2203 846 et
2234 791 2608 864 longanimis?
2638 792 2916 862 quomodo
2947 792 3126 846 reddet
3151 793 3433 862 unicuique

1841 885 2124 941 secundum
2170 900 2328 954 opera
2376 885 2590 954 ejus"?
2642 886 2808 949 Iram,
2840 883 3004 955 igitur
3055 882 3428 938 misericordia

1843 977 2177 1040 moderatur,
2208 977 2432 1046 quando
2460 977 2681 1046 quidem
2723 986 2941 1047 tempus
2971 975 3294 1040 misereudi,
3332 976 3431 1029 nii-

1841 1069 2194 1123 sericordiam
2230 1084 2580 1139 proponens;
2616 1069 2839 1138 quando
2883 1084 3015 1123 vero
3064 1077 3280 1137 tempus
3327 1067 3432 1120 ira—

1841 1160 2049 1225 scendi,
2083 1161 2215 1215 iram
2247 1161 2496 1232 irrogans
2526 1161 2580 1214 in
2618 1159 2706 1213 die
2736 1159 2830 1213 irae
2863 1169 2919 1212 et
2947 1158 3081 1228 justi
3113 1157 3343 1228 judicii;
3375 1159 3428 1212 iu

1839 1271 1967 1324 qua,
2022 1255 2199 1324 inquit
2251 1254 2474 1317 Paulus,
2527 1253 2719 1308 reddet
2778 1250 3074 1321 unicuique
3132 1251 3430 1306 secundum

1839 1362 2006 1416 opera
2047 1346 2247 1414 ejus“.
2272 1345 2640 1415 Quapropter,
2685 1344 2898 1412 inquit,
2934 1357 3044 1396 non
3089 1342 3142 1397 in
3173 1343 3431 1397 saeculum

1840 1441 2046 1494 scilicet
2075 1453 2315 1510 presens
2345 1437 2800 1501 comminabitnr;
2837 1436 3022 1490 futuro
3056 1435 3202 1489 enim
3235 1434 3433 1489 sarculo

1834 1533 2101 1600 judicium
2135 1540 2191 1584 et
2216 1531 2351 1584 iram
2383 1527 2706 1583 reservavit.

1918 1623 2079 1678 Vens.
2105 1625 2192 1678 15.
2241 1643 2260 1676 ι
2290 1621 2577 1688 Quomodo
2610 1620 2903 1674 miseretur
2933 1626 3086 1689 pater
3118 1616 3372 1672 ﬁliorum.
3407 1637 3424 1668 ο

1913 1716 1969 1770 ln
2026 1715 2266 1770 tenebris
2295 1714 2442 1768 enim
2491 1723 2547 1767 et
2594 1727 2792 1766 occasu
2828 1719 3120 1765 versantur
3177 1712 3430 1765 homines

1839 1809 1930 1879 qui
1963 1811 2016 1862 in
2051 1807 2290 1878 peccatis
2309 1806 2584 1860 exsistunt
2606 1823 2620 1872 ;
2646 1819 2676 1859 a
2706 1804 2920 1858 delictis
2954 1820 3083 1858 vero
3110 1803 3345 1868 liberati,
3375 1805 3429 1857 in

1845 1903 2018 1957 lucem
2060 1902 2246 1970 utique
2289 1899 2530 1954 translati
2566 1908 2727 1964 sunt;
2761 1898 2834 1951 ita
2882 1905 2942 1951 ut
2989 1907 3337 1967 peccatorum
3369 1899 3430 1950 li-

1845 1996 2181 2051 berationem
2212 1993 2338 2064 jure
2378 1993 2575 2048 merito
2609 1990 2887 2047 vocaverit
2927 1991 2995 2045 ab
3022 2005 3220 2046 occasu
3248 1992 3314 2046 ad
3342 2006 3432 2044 or-

1846 2099 1960 2144 tum
1997 2088 2438 2152 translationem;
2473 2085 2634 2141 simul
2683 2099 2900 2154 quoque
2947 2099 3048 2138 nos
3099 2084 3295 2139 docere
3337 2100 3430 2139 eu-

1845 2184 2021 2253 piens,
2057 2182 2187 2252 quid
2223 2182 2367 2236 inter
2405 2189 2688 2250 peccatum
2717 2188 2774 2233 et
2804 2178 3070 2249 justitiam
3107 2179 3337 2234 intersit.

1916 2368 2076 2424 Vens.
2119 2367 2207 2422 M.
2254 2383 2273 2418 ι
2312 2363 2582 2432 Quoniam
2635 2361 2750 2432 ipse
2798 2359 3055 2431 cognovit
3112 2359 3426 2430 ﬁgmentum

1843 2472 2112 2519 nostrum.
2146 2481 2164 2514 ι

1911 2553 2140 2614 Merito,
2175 2549 2382 2619 inquit,
2416 2547 2578 2602 nobis
2629 2545 2897 2616 benignus
2940 2551 3023 2598 est
3055 2561 3067 2596 :
3103 2541 3256 2596 novit
3281 2541 3428 2595 enim

1840 2655 2053 2701 natura:
2108 2653 2312 2698 nostra:
2361 2639 2791 2695 imbecillitatem
2833 2656 2846 2691 :
2898 2635 3136 2706 primum
3184 2634 3428 2704 quidem,
3488 2637 3491 2640 ’

1840 2737 2102 2808 quoniam
2155 2735 2274 2805 ipse
2326 2746 2428 2786 nos
2461 2729 2752 2796 formavit;
2785 2727 2986 2783 deinde
3016 2727 3143 2796 quia
3180 2725 3431 2780 incarna-

1843 2843 1931 2888 tus
1959 2831 2078 2896 iuit,
2111 2837 2167 2883 et
2192 2828 2494 2884 secundum
2514 2841 2618 2881 nos
2650 2825 2813 2878 homo
2837 2822 3017 2878 iactus
3039 2830 3146 2875 est.

1916 2922 2078 2977 Vens.
2105 2921 2192 2976 15.
2240 2939 2257 2971 ι
2290 2919 2486 2982 Homo,
2519 2919 2664 2971 sicut
2702 2915 2914 2970 fenum.
2947 2934 2968 2968 ι

1910 3017 2007 3071 His
2036 3013 2221 3070 verbis
2241 3012 2402 3067 simul
2429 3019 2485 3065 et
2513 3010 2773 3065 caducam
2801 3017 2859 3064 et
2897 3004 3280 3077 temporariam
3304 3019 3433 3059 con-

1839 3110 2102 3164 ditionem
2129 3115 2373 3161 nostram
2408 3101 2831 3158 demonstravit.

1763 3222 1810 3285 ο
1911 3199 2073 3254 Vsus.
2097 3197 2184 3253 16.
2231 3214 2250 3247 ι
2272 3193 2645 3285 Misericordia
2670 3201 2851 3247 autem
2872 3191 3092 3247 Domini
3115 3207 3146 3246 a
3173 3189 3426 3246 saeculo.»

1919 3291 2087 3344 Recte
2119 3297 2302 3342 autem
2349 3285 2437 3340 lex
2483 3283 2580 3338 Dei
2631 3292 3022 3337 testamentum
3057 3289 3428 3351 nuncupatur,

1846 3393 1903 3438 ut
1932 3397 2054 3437 eam
2087 3378 2464 3436 custodientes
2496 3391 2783 3447 speremus
2816 3375 3215 3432 haereditatem.

1916 3561 2080 3616 Vens.
2104 3557 2192 3614 19.
2247 3575 2266 3608 ι
2298 3556 2559 3612 Dominus
2586 3558 2639 3608 in
2679 3555 2819 3608 coelo
2853 3554 3089 3624 paravit.
3121 3572 3140 3606 ι

1914 3653 2153 3722 Imperat
2199 3649 2347 3704 enim
2392 3648 2650 3702 omnibus
2683 3647 2799 3700 sive
2841 3646 3039 3706 nolint.
3076 3647 3192 3700 sive
3221 3647 3427 3704 velint:

1843 3743 2037 3798 beatus
2072 3749 2253 3796 autem
2280 3738 2372 3808 qui
2404 3737 2592 3793 volens
2621 3736 2723 3805 ipsi
2759 3735 3050 3805 subjicitur
3084 3753 3098 3789 :
3136 3736 3259 3789 talis
3282 3740 3430 3794 enim

1843 3851 1944 3907 pro
1967 3834 2220 3889 mercede
2247 3831 2405 3887 istius
2433 3830 2754 3886 voluntariae
2801 3828 3082 3883 servitutis
3115 3829 3334 3899 accipit,
3372 3845 3431 3888 ut

1843 3943 1968 3984 cum
1999 3926 2228 3980 Domino
2256 3939 2355 3979 suo
2385 3932 2594 3994 regnet.

1913 4019 2076 4075 Vnus.
2097 4019 2188 4073 22.
2236 4035 2256 4070 ι
2288 4015 2600 4070 Benedicite
2626 4015 2941 4079 Dominum,
2984 4017 3163 4070 omnia
3195 4032 3382 4086 Opera.
3408 4036 3425 4067 ι

1913 4109 2264 4166 Naturalibus
2327 4122 2529 4178 nempe
2592 4107 2855 4162 motibus.
2907 4108 2964 4162 Si
3014 4117 3194 4162 autem
3249 4109 3431 4162 omnia

1843 4220 2007 4275 opera
2039 4204 2210 4258 Deum
2230 4201 2581 4266 benedicant,
2605 4208 2812 4270 quanto
2838 4199 3036 4270 potiori
3071 4199 3281 4254 ratione
3307 4216 3429 4264 nos,

1842 4295 1937 4365 qui
1964 4295 2120 4366 plura
2144 4293 2365 4364 quidem
2401 4307 2464 4347 ac
2497 4282 2703 4361 majdra
2753 4291 2822 4344 ab
2867 4289 2987 4359 ipso
3022 4290 3300 4344 consecuti
3336 4306 3432 4343 sn-

1844 4396 1999 4452 mus,
2033 4386 2301 4442 rationem
2330 4399 2461 4440 vero
2493 4384 2642 4438 velut
2689 4381 3049 4437 benedicendi
3094 4380 3430 4436 instrumen-

1844 4488 1959 4533 tum
1990 4477 2059 4531 ab
2086 4477 2207 4546 ipso
2232 4473 2582 4545 accepimus?

235 4584 256 4618 ι
301 4566 394 4620 Ἐν
415 4565 582 4619 παντὶ
611 4563 764 4634 τόπῳ
791 4563 890 4634 τῆς
932 4562 1256 4626 δεσποτείας
1287 4561 1476 4617 αὑτοῦ.
1520 4580 1540 4614 ι

1919 4589 1938 4621 ι
1973 4568 2029 4621 1η
2071 4566 2220 4622 omni
2249 4565 2371 4620 loco
2390 4560 2782 4619 dominationis
2814 4561 2960 4631 ejus.
2997 4579 3014 4612 ι

231 4657 353 4711 Κᾶν
384 4659 445 4712 tv
481 4657 659 4727 ἀγορᾷ
688 4655 882 4726 τύχῃς,
907 4656 1009 4707 κᾶν
1044 4656 1103 4707 tv
1137 4652 1371 4724 λουτρῷ,
1421 4655 1528 4708 κᾶν
1558 4656 1616 4708 tv
1649 4653 1739 4707 δε-

164 4748 483 4821 σμωτηρίῳ,
508 4747 612 4801 κᾶν
639 4750 697 4800 tv
727 4747 1042 4818 βασιλείοις,
1071 4746 1439 4817 ἀναμνησθεὶς
1466 4748 1549 4801 ὅτι
1571 4749 1739 4801 τόπον

162 4841 356 4902 πατεῖς
403 4839 508 4909 τῆς
559 4837 656 4890 τοῦ
695 4836 835 4890 Θεοῦ
862 4837 1186 4900 δεσποτείας
1229 4838 1571 4907 τυγχάνοντα
1603 4877 1618 4902 ι
1663 4837 1738 4908 μὴ

163 4931 349 5004 παύση
391 4931 486 4984 τὸν
545 4930 896 5002 Δημιουργδν
946 4929 1228 4997 εὐλογῶν,
1273 4930 1363 4982 ἵνα
1410 4945 1494 4982 σοι
1536 4930 1739 4999 χωρίον

161 5021 394 5076 ἕκαστον
418 5023 691 5094 ἐκκλησία
731 5021 871 5075 Θεοῦ
903 5022 998 5075 καὶ
1035 5020 1283 5089 ἀγγέλων
1317 5021 1611 5092 συναγωγὴ
1642 5022 1736 5075 καὶ

163 5111 392 5182 ούρανοῦ
422 5117 726 5183 γειτόνημα
768 5112 1015 5183 γένηται.

725 5205 1020 5257 ΨΔΔΜΟΣ
1047 5205 1168 5260 ΡΓ’.

241 5309 261 5344 ι
296 5293 466 5364 Κύριε
493 5295 523 5347 ό
561 5293 695 5357 Θεός
719 5311 845 5364 μου,
870 5295 946 5358 ὡς
974 5295 1352 5366 ἑμεγαλύνθης
1383 5295 1594 5366 σφόδρα
1619 5297 1634 5351 1
1675 5315 1695 5349 ι

236 5470 346 5541 οὐχ
399 5472 482 5527 ὅτι
536 5472 756 5543 μεγέθει
804 5473 1124 5544 προσθήκην
1173 5472 1396 5540 ιδέξατο
1422 5491 1437 5506 ·
1497 5475 1585 5528 ἀεὶ
1629 5474 1740 5544 γάρ

172 5559 308 5626 ἔστι,
332 5563 425 5618 καὶ
450 5564 712 5627 ὡσαύτως
737 5566 886 5618 ἐστίν
904 5581 918 5596 ·
945 5565 1062 5618 ἀλλ’
1083 5566 1307 5629 εἰκότως
1337 5566 1740 5636 μεγαλυνθῆναι

168 5655 316 5718 λέγει
360 5651 454 5707 τοῦ
504 5653 770 5723 μεγέθους
827 5653 993 5708 αὐτοῦ
1033 5655 1133 5727 τὴν
1182 5657 1527 5728 φανέρωσιν,
1574 5652 1740 5711 οὖσαν

240 5849 280 5881 ⁸⁸
315 5849 506 5910 Matth.
556 5869 669 5920 xvi,
704 5852 796 5907 97.
854 5855 898 5886 “
934 5854 1090 5908 Rom.
1133 5867 1192 5917 ιι,
1221 5854 1275 5908 6.

1913 4661 2027 4716 Etsi
2055 4662 2109 4714 in
2139 4658 2258 4714 τοι-ο
2291 4655 2481 4719 fueris,
2513 4654 2616 4709 etsi
2648 4653 2703 4706 in
2726 4653 2944 4718 balneo,
2967 4651 3071 4705 etsi
3105 4651 3158 4704 in
3187 4665 3428 4711 carcere,

1842 4752 1944 4806 etsi
1987 4751 2042 4804 in
2088 4749 2253 4818 regiis
2294 4746 2539 4817 palatiis,
2569 4743 2888 4798 recordatus
2932 4751 2985 4796 te
3014 4741 3193 4796 locum
3223 4741 3433 4793 calt-are

1843 4841 2230 4898 dominationis
2264 4838 2380 4904 Dei,
2406 4851 2476 4891 ne
2499 4850 2680 4890 cesses
2699 4833 3052 4890 Conditorem
3085 4831 3431 4894 benedicere,

1843 4945 1900 4989 ut
1945 4933 2176 5004 quilibet
2211 4932 2366 4986 locus
2402 4928 2646 4985 Ecclesia
2687 4925 2816 4992 Dei,
2849 4934 2907 4982 et
2949 4923 3266 4995 angelorum
3301 4939 3434 4976 cou-

1845 5025 2087 5098 gregatio
2119 5023 2352 5094 omlique
2380 5020 2580 5075 vicinia
2615 5017 2711 5073 tibi
2745 5017 2860 5075 iiat.

2393 5193 2717 5251 PSALMUS
2751 5192 2887 5250 Clll.

1917 5290 2080 5346 Vsus.
2109 5290 2160 5343 1.
2209 5307 2228 5342 ι
2259 5287 2493 5344 Domine
2532 5287 2678 5342 Deus
2718 5300 2896 5351 meus,
2922 5297 3088 5354 quam
3120 5281 3433 5353 magniﬁca-

1848 5393 1937 5440 tus
1971 5399 2031 5438 es
2058 5382 2448 5438 vehementer!
2483 5398 2503 5432 ι

1918 5474 2037 5530 Non
2075 5472 2222 5543 quod
2256 5469 2644 5542 magnitudinis
2679 5468 3074 5522 incrementum
3116 5464 3385 5534 acceperit
3415 5480 3430 5517 :

1847 5580 2064 5634 semper
2108 5564 2254 5619 enim
2303 5572 2406 5628 est,
2439 5571 2496 5616 et
2535 5559 2726 5615 eodem
2780 5559 2942 5613 modo
2991 5572 3049 5611 se
3095 5555 3261 5610 habet
3297 5555 3430 5608 :sed

1849 5658 2046 5712 merito
2084 5653 2421 5728 magniﬁcari
2453 5651 2588 5708 dicit
2633 5647 3024 5723 magnitudinis
3053 5647 3174 5718 ejus
3204 5645 3432 5700 manife-
