4156 6452
135 321 269 382 1285

1269 310 1733 371 FRAGMENTA
1786 309 1868 372 IN
1904 306 2265 373 PSALMOS.

3269 310 3288 374 1
3301 310 3404 377 286

159 435 222 504 ἧς
243 430 344 502 τὴν
375 426 470 484 τοῦ
517 427 854 498 Εὐαγγελίου
902 425 1076 497 λέγει,
1111 426 1178 498 ἢν
1224 425 1326 481 οὑκ
1375 425 1704 496 ἀποφεύγει,

1826 427 2043 482 Louitrui
2076 425 2328 497 intelligit
2368 425 2668 498 Evangelii,
2707 439 2870 497 quam
2907 425 3133 482 minimc
3164 427 3400 501 fugiunt.

173 524 258 578 ιλὰ
297 521 472 594 δειλιᾷ
497 520 568 574 τά
618 520 729 574 τῶν
762 520 1061 591 προφητῶν
1094 517 1286 584 ὕδατα,
1325 518 1416 573 διὰ
1454 518 1515 572 τὸ
1542 521 1712 590 ὑπερ-

124 619 246 686 έχον
266 615 362 684 τῆς
397 615 456 667 ὲν
479 613 665 684 εκείνη
700 609 978 680 γνώσεως.

201 723 219 757 ι
262 701 675 756 Ἀναϐαίνουσιν
708 700 834 773 δρη.
873 719 891 752 ι

210 794 588 850 ’Δναὸαίνουσι
612 794 721 866 γὰρ
750 794 800 846 οί
827 793 1108 864 προφῆται
1132 795 1199 864 τῇ
1226 791 1477 865 θεολογίίι
1500 833 1516 859 ,
1540 811 1716 848 κατα.

126 891 366 946 σαίνουσι
386 889 442 942 δὲ
460 892 528 959 τῇ
551 888 782 959 δυνάμει
812 887 920 940 τῶν
952 886 1263 942 ἀκουόντων
1283 889 1677 958 ἁρμοττόμενοι
1697 903 1710 917 ο

124 983 239 1035 ἀλλ’
279 982 543 1052 ἑκάτερον
580 981 675 1034 ἐπὶ
713 980 963 1052 σωτηρίᾳ
986 979 1100 1032 τῶν
1141 978 1471 1051 ἀνθρώπων.
1508 978 1716 1032 Τοῦτον

122 1073 232 1146 γὰρ
271 1077 340 1145 τῇ
377 1072 690 1144 προφητείᾳ
731 1072 898 1125 τόπον
928 1074 956 1125 ό
981 1071 1114 1135 Θεὸς
1142 1070 1535 1142 ὲθεμελίωσεν.

200 1185 222 1219 ε
265 1166 325 1218 Ὀ
355 1163 764 1230 ὲξαποστέλλων
799 1164 985 1235 πηγὰς
1015 1165 1076 1218 ὲν
1107 1161 1404 1234 φάραγξιν.
1445 1182 1463 1214 ι

196 1260 273 1313 Οὐ
307 1259 491 1331 μόνον,
541 1259 698 1329 φησι,
741 1259 857 1321 τοῖς
885 1259 1200 1330 προφήταις
1225 1256 1386 1329 οἷπερ
1419 1244 1557 1310 εἰσὶν
1589 1254 1715 1326 ὅρη,

122 1353 261 1405 ἀλλά
308 1352 406 1405 καὶ
457 1352 734 1414 ταπεινοῖς
788 1349 1139 1420 ἀνθρώποις,
1183 1350 1381 1412 οἵτινες
1431 1349 1717 1419 φάραγγες

122 1442 264 1498 εἶναι
309 1445 539 1506 είκότως
589 1443 987 1514 ὀνομάζονται,
1033 1441 1196 1513 χάριν
1228 1444 1257 1495 ό
1284 1440 1417 1504 Θεδς
1459 1440 1717 1492 διδασκα-

121 1539 246 1601 λίας
272 1539 494 1591 ἔδωκεν.
539 1536 813 1607 Καθάπερ
851 1531 946 1589 οὖν
997 1535 1060 1588 τὸ
1103 1534 1214 1587 τῶν
1257 1533 1467 1588 ὑδάτων
1514 1532 1719 1602 πλῆθος

120 1629 232 1682 ἀπὸ
262 1627 507 1699 πλήθους
559 1627 742 1699 όρῶν,
787 1626 934 1682 οὕτω
986 1628 1048 1681 τὸ
1098 1627 1198 1696 τῆς
1237 1625 1491 1696 γνώσεως
1515 1626 1720 1695 πλῆθος

123 1722 229 1776 οὐκ
261 1720 323 1785 ἐξ
354 1720 473 1783 ἐνὸς
501 1720 814 1791 προφήτου,
854 1719 967 1773 ἀλλ’
1012 1718 1074 1784 ἐξ
1120 1720 1244 1774 ὅλου
1277 1720 1593 1787 συλλέγεται
1622 1716 1718 1772 τοῦ

124 1813 476 1885 προφητικοῦ
507 1815 878 1884 συστήματος.

200 1924 223 1960 ε
262 1904 523 1958 Ποτιοῦσι
545 1905 722 1959 πάντα
757 1904 827 1957 τά
855 1904 1021 1974 θηρία
1055 1903 1150 1956 τοῦ
1183 1903 1414 1974 δρυμοῦ.
1447 1922 1464 1954 ι

195 1999 376 2070 Θηρέα
403 1997 499 2050 τοῦ
528 1997 736 2068 δρυμοῦ
756 1997 806 2050 oi
839 1997 1093 2068 δαίμονες
1123 1996 1484 2066 ὀνομάζονται
1504 2013 1518 2027 ·
1549 1995 1716 2067 θηρία

122 2092 180 2144 δὲ
210 2089 308 2145 τοῦ
347 2088 547 2158 ἀγροῦ,
592 2089 844 2142 τουτέστι
874 2088 969 2142 τοῦ
1016 2088 1248 2158 κόσμου,
1285 2088 1412 2146 τοὺς
1452 2089 1717 2158 ἁμαρτω⁶

124 2182 252 2246 λούς
282 2181 464 2234 καλεῖ.
500 2181 721 2252 Ἐπειδὴ
754 2180 1007 2250 καθάπερ
1051 2183 1119 2232 τά
1144 2181 1202 2232 ἐν
1230 2177 1386 2250 ἀγρῷ
1411 2179 1576 2249 θηρία
1601 2195 1718 2247 χει-

126 2272 303 2344 ροήθη
341 2270 600 2340 γενέσθαι
638 2271 865 2324 δύναται
889 2309 906 2334 ,
955 2269 1128 2332 οὕτως
1168 2270 1264 2323 καὶ
1308 2271 1357 2322 οἱ
1401 2268 1720 2340 ἁμαρτωλοὶ

129 2365 574 2436 μεταϐληθῆναι·
600 2364 790 2434 διόπερ
833 2362 932 2417 καὶ
970 2363 1248 2428 ποτνίζεται
1297 2363 1413 2425 τοῖς
1445 2377 1718 2432 προφητι-

124 2459 244 2520 κοίς
276 2456 490 2510 ὓδασιν.
536 2457 834 2524 Ὀνάγρους
862 2454 919 2507 δὲ
959 2454 1085 2517 τούς
1115 2453 1316 2524 μηκέτι
1344 2450 1718 2522 νωτοφοροῦν-

123 2565 225 2611 τας
251 2547 350 2620 τὴν
377 2548 654 2619 ἁμαρτίαν
699 2547 982 2611 ἐκάλεσεν,
1023 2543 1492 2614 ἐλευθερωθέντας
1529 2543 1587 2596 δὲ
1622 2543 1718 2596 αὑ-

124 2645 260 2713 τῆς·
294 2644 488 2715 διόπερ
529 2643 730 2705 αὐτοὺς
762 2642 857 2696 καὶ.
896 2639 1165 2709 διψῶντας
1198 2639 1308 2692 τῶν
1340 2639 1546 2710 νοητῶν
1594 2641 1720 2695 ὑδά-

127 2754 237 2789 των
259 2737 553 2807 εἰσήγαγε.
575 2734 814 2796 Τούτους
838 2736 866 2786 ό
887 2733 1022 2797 Θεὸς
1049 2731 1186 2801 πρὸς
1210 2731 1301 2784 τὸν
1332 2730 1452 2800 Ίὼδ
1477 2731 1718 2803 ᾐνίξατο·

131 2828 235 2896 Τίς
266 2829 444 2883 ἐστιν
483 2832 515 2883 ό
542 2829 718 2898 ἀφεὶς
750 2827 1012 2897 ὄναγρον
1048 2824 1409 2894 ἐλεύθερον;
1455 2823 1722 2895 δεσμοὺς

127 2919 196 2972 δὲ
226 2920 422 2974 αὐτοῦ
450 2920 542 2986 τίς
568 2920 836 2983 ἐλυσεν;

204 3030 222 3062 ε
263 3012 511 3076 Ποτίζων
536 3011 638 3082 ὅρη
669 3013 734 3064 εκ
750 3010 862 3063 τῶν
886 3009 1153 3082 ὑπερῴων
1183 3009 1372 3065 αὑτοῦ.
1411 3028 1430 3062 ι

199 3101 339 3154 Οὑδέ
371 3101 483 3172 γὰρ
511 3102 604 3171 ἀφ’
635 3101 846 3154 ἑαυτῶν
870 3103 921 3154 οί
953 3101 1256 3173 προφῆται,
1287 3101 1345 3168 ἐξ
1366 3100 1614 3173 οὐρανῶν
1636 3102 1714 3167 δὲ,

127 3190 220 3253 οὒς
271 3193 300 3243 ό
327 3191 463 3254 Θεὸς
501 3190 727 3263 ὑπερῷα
764 3191 866 3261 τῆς
913 3191 1147 3256 κτίσεως
1188 3190 1363 3257 ἔθετο,
1403 3191 1717 3266 ἔχουσιτὴν

127 3284 402 3357 χορηγίαν
433 3282 528 3337 τοῦ
567 3284 708 3337 Πνεύ
716 3300 908 3354 ματος.

208 3396 229 3431 ε
266 3379 408 3432 ’Δπὺ
436 3379 653 3448 καρποῦ
684 3378 794 3432 τῶν
823 3379 1003 3449 ἔργων
1024 3394 1143 3432 σου.
1177 3397 1197 3431 ι

204 3471 390 3542 Ἔργα
409 3469 505 3524 τοῦ
535 3469 672 3524 Θεοῦ
693 3471 754 3524 οὑ
780 3470 941 3541 μόνον
969 3469 1039 3524 τά
1063 3470 1550 3541 δημιουργήματα,
1582 3469 1721 3524 ἀλλά

130 3565 228 3618 καὶ
276 3563 350 3616 εεά
408 3563 614 3634 σημεῖα
676 3564 775 3629 καὶ
825 3562 897 3616 τὰ
946 3561 1243 3633 θαύματα’
1285 3556 1361 3616 ὧν
1399 3563 1612 3633 καρπὸς
1659 3561 1722 3614 τδ

135 3653 508 3725 Εὑαγγέλιον,
547 3653 609 3718 ἐξ
650 3648 713 3709 οὗ
765 3653 858 3706 τὸν
883 3652 1173 3725 ἄνθρωπον
1217 3651 1524 3723 θεογνωσίᾳ
1559 3650 1720 3722 ἀχόρ-

132 3767 324 3804 τασεν.
767 3789 774 3794 ί

215 3860 235 3894 ε
272 3840 385 3895 Τοῦ
419 3839 712 3908 ἰξαγαγεῐν
740 3837 906 3908 ἄρτον
933 3837 998 3891 ἑκ
1017 3837 1116 3908 τῆς
1141 3836 1266 3906 γῆς.
1297 3854 1316 3888 ι

206 3934 318 3988 Τοῦ
356 3931 645 4004 Κυριακοῦ
683 3930 889 4002 δηλαδὴ
919 3927 1203 3999 σώματος’
1247 3928 1459 3982 ἐκεῖθεν
1494 3929 1605 4001 γὰρ
1630 3929 1724 3984 τὸν

137 4024 308 4096 ἄρτον
335 4023 432 4078 τὸν
463 4021 728 4095 μυστικὸν
753 4020 1052 4092 ἐξήγαγεν.

710 4114 1004 4167 ΨΔΛΜΟΣ
1037 4113 1160 4169 ΡΓ’.

213 4225 233 4258 ε
269 4208 386 4260 Καὶ
413 4201 557 4269 οἶνος
584 4203 867 4276 εὐφραίνει
893 4204 1125 4274 καρδίαν
1149 4202 1464 4274 ἀνθρώπου.
1509 4223 1528 4256 ι

219 4297 279 4350 '0
305 4295 600 4366 μυστικὸς,
633 4293 856 4366 εὑδηλον
875 4310 891 4325 ·
921 4294 1044 4347 ὅθεν
1071 4295 1194 4348 οὐδὲ
1225 4295 1405 4365 σῶμα,
1426 4295 1564 4350 ἀλλά
1590 4312 1728 4366 καρ-

134 4385 257 4438 δίαν
281 4386 594 4455 εὐφραίνει.
624 4384 778 4453 Ἔχει
798 4385 908 4452 γὰρ
937 4383 1356 4454 ἁμαρτημάτων
1385 4385 1606 4454 ἄφεσιν,
1641 4383 1729 4454 ἀφ’

1816 518 1912 572 sed
1977 526 2300 573 reverentur
2345 532 2500 586 aqua:
2547 517 2957 586 prophetarum,
2993 531 3218 588 propter
3262 525 3400 576 emi-

1817 611 2059 666 nentiam
2088 611 2331 666 scieutize
2360 626 2481 680 qua:
2513 611 2567 662 in
2592 625 2652 663 ea
2687 620 2793 665 est.

1887 705 2050 760 Vens.
2083 705 2133 758 8.
2170 724 2188 756 ι
2218 705 2541 758 Asceudunt
2577 713 2810 758 montes.
2847 723 2865 755 ι

1887 797 2173 868 Propheta:
2203 798 2348 851 enim
2384 797 2572 851 divino
2617 811 2872 851 sermone
2913 799 3244 862 ascendunt,
3300 801 3399 856 de-

1818 891 2088 946 scendunt
2135 906 2265 945 vero
2303 891 2505 944 virtute
2549 889 2896 943 auditoribus
2936 905 3057 944 sese
3087 906 3399 947 accommo-

1817 983 2047 1037 dantes:
2079 992 2375 1051 utrumque
2417 991 2599 1036 autem
2642 981 2700 1034 ﬁt
2741 998 2840 1052 pro
2875 982 3159 1036 hominum
3203 987 3398 1038 salute.

1821 1075 1978 1129 llunc
2006 1075 2153 1129 enim
2189 1076 2370 1129 locum
2405 1074 2548 1130 Deus
2575 1075 2832 1130 vaticinio
2863 1074 3133 1130 fundavit.

1894 1166 2054 1222 Vsus.
2090 1166 2176 1220 10.
2215 1186 2234 1220 ι
2274 1166 2380 1234 Qui
2423 1166 2631 1221 emittis
2665 1166 2843 1219 fontes
2873 1165 2927 1218 in
2973 1167 3332 1220 convallibus.
3374 1184 3391 1218 ι

1892 1262 2009 1316 Νοη
2046 1261 2221 1316 solum
2273 1260 2581 1331 prophetis,
2616 1259 2816 1328 inquit,
2851 1259 2944 1327 qui
2990 1269 3205 1312 montes
3245 1270 3398 1318 sunt.

1820 1355 1913 1409 sed
1948 1355 2112 1408 etiam
2165 1354 2468 1408 humilibus
2510 1353 2851 1411 hominibus.
2894 1352 2989 1420 qui
3035 1353 3162 1420 jure
3208 1353 3403 1405 merito

1819 1447 1989 1501 valles
2046 1446 2412 1516 appellantur,
2473 1444 2736 1498 doctrinae
2772 1425 2998 1513 gratiam
3043 1442 3185 1496 Deus
3228 1442 3399 1497 dedit.

1819 1539 2293 1605 Quemadmodum
2331 1539 2495 1609 igitur
2527 1552 2791 1607 aquarum
2839 1535 3132 1590 multitudo
3158 1551 3403 1589 exmon-

1823 1631 1958 1685 tium
2022 1629 2402 1695 multitudine,
2453 1629 2528 1686 ita
2570 1629 2728 1698 copia
2779 1627 3111 1698 cnguitiouis
3169 1644 3281 1683 non
3337 1644 3403 1685 ex

1825 1724 1986 1778 unico
2012 1724 2302 1794 propheta,
2328 1721 2425 1780 sed
2451 1738 2520 1776 ex
2551 1730 2661 1775 tota
2685 1721 3080 1790 prophetarqu
3106 1737 3404 1794 congrega-

1747 1803 1792 1863 Β
1822 1817 1967 1871 tione
1992 1816 2282 1886 colligitur.

1891 1910 2050 1964 Vens.
2087 1909 2168 1962 li.
2201 1927 2220 1960 ι
2256 1907 2529 1962 Potabunt
2557 1922 2749 1964 omnes
2776 1909 2964 1964 bestiae
2999 1908 3135 1980 agri.
3165 1926 3183 1958 ι

1892 2002 2085 2057 Bestia)
2106 2001 2256 2057 silvze
2276 2012 2664 2072 nuncupantur
2688 2002 2965 2056 dzemones
2996 2020 3008 2056 :
3043 2000 3246 2055 bestias
3275 2014 3403 2055 vero

1821 2097 1956 2166 agri,
1988 2096 2140 2150 idest
2171 2095 2381 2159 mundi,
2405 2103 2564 2150 vocat
2595 2103 2930 2165 peceatores.
2962 2093 3230 2160 Quoniam
3261 2094 3405 2148 sicut

1821 2187 2012 2242 bestiae
2049 2204 2172 2258 quae
2206 2189 2260 2242 in
2293 2204 2426 2258 agro
2455 2199 2744 2243 versantur
2773 2186 3028 2252 cicurari,
3074 2186 3147 2240 ita
3186 2201 3404 2255 quoque

1819 2287 2135 2349 peccatores
2153 2281 2398 2335 converti
2421 2288 2654 2348 possunt
2681 2302 2691 2333 :
2716 2286 3051 2348 quapropter
3092 2278 3258 2332 etiam
3277 2293 3405 2346 pru-

1820 2374 2053 2443 phctieis
2091 2373 2248 2443 aquis
2295 2381 2576 2443 potantur.
2610 2373 2853 2442 Ouagros
2886 2380 3072 2426 autem
3110 2369 3404 2440 appellavit

1819 2482 1917 2521 eos
1965 2467 2058 2536 qui
2094 2483 2206 2522 non
2246 2467 2484 2537 amplius
2512 2475 2799 2536 peccatum
2830 2465 2993 2520 dorso
3034 2472 3267 2536 gestant,
3307 2479 3404 2519 seu

1819 2560 1889 2613 ab
1922 2560 2014 2613 illo
2050 2560 2264 2614 liberati
2305 2568 2436 2614 sunt
2471 2567 2850 2628 ;quapropter
2888 2556 3038 2626 ipsos
3077 2556 3404 2626 spiritalium

1821 2668 2085 2721 aquarum
2121 2652 2430 2706 sitibundos
2461 2651 2694 2706 induxit.
2728 2650 2838 2705 Hos
2867 2650 3012 2705 Deus
3036 2649 3180 2720 apud
3204 2648 3401 2703 Jobqu

1822 2744 2121 2799 insinuavit
2149 2764 2163 2799 :
2197 2743 2326 2809 Quis
2347 2753 2428 2797 est
2457 2745 2547 2813 qui
2567 2744 2777 2797 demisit
2805 2758 3066 2812 onagrum
3088 2741 3330 2804 liberum,
3353 2750 3404 2794 et

1821 2837 2028 2890 vincula
2060 2835 2176 2904 ejus
2196 2837 2312 2906 quis
2344 2835 2553 2890 resolvit
2581 2833 2673 2899 ",2

1894 3011 2058 3068 Vsus.
2084 3015 2169 3068 15.
2200 3033 2218 3065 ε
2245 3011 2449 3084 Rigans
2472 3018 2688 3067 montes
2714 3011 2783 3065 de
2809 3008 3182 3080 superioribus
3207 3006 3340 3062 suis.
3377 3028 3397 3059 ι

1897 3106 2016 3159 Non
2055 3105 2201 3161 enim
2243 3105 2525 3175 prOpbeta:
2568 3118 2600 3158 a
2638 3101 2972 3171 semetipsis,
3024 3099 3121 3155 sed
3153 3114 3184 3154 e
3228 3098 3402 3159 ctelis.
3480 3128 3483 3130 -

1822 3212 1961 3267 quos
1992 3197 2133 3252 Deus
2172 3205 2440 3251 creatura
2467 3196 2750 3266 superiora
2786 3194 2987 3265 posuit,
3010 3192 3212 3248 habent
3236 3186 3406 3258 Spiri-

1824 3297 1912 3343 tus
1951 3289 2314 3360 largitionem.

1900 3399 1918 3432 ε
1955 3379 2030 3435 De
2054 3380 2237 3434 fructu
2260 3361 2758 3450 operum'suorum.
2800 3397 2818 3428 ι

1893 3470 2070 3542 Opera
2117 3471 2214 3525 Dei
2247 3487 2357 3525 non
2399 3471 2574 3524 solum
2606 3479 2736 3523 sunt
2781 3476 3067 3531 creaturae,
3114 3466 3209 3522 sed
3263 3468 3358 3518 tia:
3387 3484 3401 3510 ν

1823 3560 1975 3630 signa
1997 3571 2053 3613 et
2081 3559 2341 3613 miracula
2364 3576 2380 3625 ;
2407 3574 2641 3629 quorum
2663 3558 2876 3612 fructus
2906 3565 2991 3611 est
3023 3555 3401 3622 Evangeliuuu.

1825 3668 1893 3708 ex
1923 3668 2032 3723 quo
2063 3653 2340 3708 hominem
2372 3651 2556 3707 divina
2589 3651 2786 3706 notitia
2815 3650 3053 3705 satiavit.

1899 3827 2070 3884 Vens.
2098 3830 2185 3884 M.
2222 3849 2241 3881 ι
2279 3828 2351 3884 Ut
2371 3829 2572 3884 educat
2596 3843 2796 3899 panem
2827 3827 2896 3884 de
2931 3837 3093 3882 terra.
3130 3845 3148 3879 τ

1910 3923 2176 3978 Dominici
2225 3923 2480 3980 videlicet
2514 3923 2764 3994 corporis
2793 3940 2806 3978 :
2843 3922 2971 3978 inde
3007 3921 3154 3976 enim
3210 3937 3403 3992 panem

1826 4016 1980 4072 illum
2025 4015 2314 4088 mysticum
2345 4017 2560 4072 eduxit.

2359 4105 2678 4162 PSALIUS
2708 4105 2842 4161 Clll.

1899 4200 2064 4257 Vens.
2098 4203 2184 4256 15.
2218 4220 2236 4254 ι
2275 4200 2344 4255 Et
2366 4201 2551 4256 vinum
2585 4199 2824 4254 laetiﬁcat
2851 4214 2946 4253 cor
2972 4198 3234 4254 hominis.
3256 4214 3280 4249 ι

1899 4295 2185 4366 Myaticum
2226 4292 2525 4356 videlicet;
2555 4291 2704 4345 unde
2741 4306 2852 4345 non
2902 4303 3124 4358 corpus,
3175 4287 3270 4343 sed
3309 4302 3403 4342 ροι-

1829 4387 2090 4442 Ιειίίὶεαῑ.
2153 4385 2330 4440 Habet
2390 4385 2540 4439 enim
2598 4381 2975 4435 remissionem
3031 4389 3402 4449 peccatorum.

133 4471 180 4544 ᾧ
231 4477 472 4548 μάλιστα
516 4476 549 4545 ή
592 4474 786 4545 καρδία
831 4473 942 4527 τῶν
990 4474 1301 4545 ἀνθρώπων
1345 4477 1722 4547 εὐφραίνεται,

1829 4495 1936 4549 qua
1980 4493 2077 4534 cor
2125 4477 2413 4532 hominum
2467 4473 2703 4528 maxime
2750 4480 3050 4532 recreatur.
3081 4469 3137 4523 in
3174 4484 3405 4524 monere

133 4569 194 4620 ἐν
242 4567 324 4637 τῷ
366 4566 672 4637 χαρίσματι
706 4566 804 4636 τῆς
851 4567 1118 4636 χορηγίας
1153 4565 1249 4619 τοῦ
1293 4567 1636 4638 Πνεύματοςο
1671 4569 1730 4624 ἂν

134 4659 288 4727 αύτῷ
301 4657 375 4727 γά
385 4675 416 4728 ρ
434 4658 504 4710 τά
517 4657 788 4725 πρόσωπα
797 4656 906 4711 τῶν
931 4656 1139 4721 πιστῶν
1162 4657 1491 4730 ἱλαρύνεται.
1509 4659 1729 4730 Ἐπειδὴ

135 4752 169 4802 ό
208 4749 448 4816 καρπὸς
483 4747 589 4802 τοῦ
627 4747 970 4816 πνεύματος
1001 4746 1228 4817 ἀγάπη,
1277 4752 1453 4818 χαρὰ,
1487 4749 1671 4814 καθὼς
1700 4754 1729 4804 ό

137 4841 358 4905 Παῦλος
407 4841 671 4911 ἔγραψεν.
705 4841 944 4912 Θεωρεῖς
992 4842 1077 4894 ὅτι
1122 4842 1285 4912 ἀρτον
1318 4842 1414 4896 καὶ
1456 4839 1598 4903 οἶνον
1636 4843 1729 4903 τδν

140 4934 415 5004 μυστικὸν
460 4933 649 5000 λέγει’
698 4931 888 5003 διόπερ
923 4931 1132 5002 τροφὴν
1178 4932 1441 5003 ἑκάτερον
1499 4933 1729 5004 καρδίας

135 5025 409 5096 ἔγραψεν.
443 5022 567 5087 Πῶς
605 5023 662 5077 δὲ
692 5022 864 5092 αὐτὴν
896 5023 925 5076 δ
967 5021 1229 5093 μυστικὸς
1260 5024 1424 5094 ἄρτος
1463 5024 1729 5096 στηρίξει,

133 5118 252 5170 ἀλλ’
296 5116 333 5186 ἢ
384 5114 717 5184 πεποίθησιν
753 5115 893 5185 αὐτῇ
947 5113 1244 5184 παρέχων;
1294 5114 1379 5167 ὅτι
1422 5113 1581 5184 σῶμα
1637 5116 1732 5168 καὶ

133 5210 302 5279 ἡμεῖς
331 5205 578 5277 Χριστοῦ
614 5207 684 5277 τῇ
724 5203 820 5259 τοῦ
847 5204 1118 5276 μυστικοῦ
1152 5204 1402 5276 σώματος
1433 5205 1732 5278 μεταλήψει

137 5302 436 5372 γινόμεθα.

216 5412 234 5445 ε
269 5388 729 5462 Χορτασθήσεται
749 5387 818 5442 τὰ
851 5387 986 5455 ξύλα
1008 5388 1104 5444 τοῦ
1143 5388 1352 5442 πεδίου.
1385 5408 1405 5441 ι

209 5486 374 5547 Τίνος
412 5479 885 5554 χορτασθήσεται;
924 5481 1289 5546 Θεογνωσίας,
1322 5480 1567 5549 εὔδηλον.
1600 5480 1726 5544 Πῶς

136 5576 196 5631 te
218 5574 613 5648 χορτάζονται;
668 5573 748 5644 Τῇ
803 5571 1011 5644 μελέτῃ
1062 5572 1156 5625 τοῦ
1208 5572 1388 5641 λόγου.
1429 5573 1729 5643 Τοιγαροῦν

207 5777 256 5811 ⁵³
295 5774 402 5830 Job
430 5787 614 5837 xxxix,
647 5770 700 5824 5.
771 5769 819 5804 ⁸⁸
851 5768 1024 5826 Calat.
1067 5786 1122 5833 v,
1152 5765 1234 5823 22.

1832 4570 2152 4626 donationis
2173 4565 2720 4638 spirituszsiquidem
2749 4563 2802 4617 in
2831 4563 2946 4632 ipso
2969 4560 3135 4614 facies
3163 4560 3340 4615 ﬁdelir
3366 4576 3403 4612 η

1832 4665 2230 4720 cxhilarantur.
2261 4658 2531 4726 Quoniam
2563 4658 2764 4726 fructus
2795 4654 3011 4722 spiritus
3039 4662 3114 4705 est
3147 4651 3403 4712 charitas,

1831 4757 2085 4827 gaudium
2106 4753 2176 4817 “,
2208 4750 2671 4822 quemadmodum
2719 4745 2922 4801 Paulus
2966 4743 3203 4813 scripsit.
3239 4741 3402 4796 Vides

1835 4857 1896 4900 ut
1944 4860 2144 4916 panem
2173 4852 2228 4898 et
2260 4844 2447 4897 vinum
2490 4840 2774 4910 mysticum
2815 4836 3080 4906 intelligat
3109 4852 3124 4900 ;
3159 4849 3399 4903 quapro»

1831 4945 1954 5005 pter
2005 4936 2186 4991 cibum
2232 4943 2524 5000 utrumque
2569 4928 2752 4984 cordis
2817 4927 3054 4997 scripsit.
3115 4924 3403 4992 Quomodo

1829 5035 2014 5080 autem
2045 5025 2220 5094 ipsum
2251 5023 2407 5093 panis
2441 5020 2706 5091 mysticus
2727 5017 3027 5081 conﬁrmat,
3069 5015 3171 5069 nisi
3193 5015 3401 5070 securi-

1833 5125 2000 5170 tatem
2035 5115 2084 5169 ei
2113 5110 2425 5183 praebendo,
2483 5123 2585 5164 nos
2616 5107 2778 5170 etiam
2823 5120 3022 5174 corpus
3051 5103 3252 5158 Christi
3280 5102 3398 5157 ﬁeri.

1830 5224 1932 5280 per
1956 5205 2204 5277 corporis
2227 5202 2438 5274 mystici
2459 5199 2976 5271 participationem?

1905 5388 2066 5443 Vens.
2094 5385 2178 5441 16.
2216 5403 2236 5445 ι
2271 5382 2671 5439 Saturabnntur
2695 5379 2836 5458 ligna
2866 5374 3061 5444 campi.
3099 5391 3119 5426 ι

1907 5480 2149 5545 Quanam
2185 5490 2244 5530 re
2282 5469 2721 5528 saturabuntur?
2754 5469 2939 5535 utique
2982 5463 3162 5518 divina
3201 5461 3392 5531 cegni~

1840 5569 2007 5625 tione.
2057 5564 2343 5632 Quomodo
2381 5571 2561 5619 autem
2599 5556 2954 5614 saturantur?
2987 5550 3137 5608 verbi
3168 5549 3391 5604 medita»
