4156 6452
123 345 259 410 1289

1253 341 1712 403 FRAGMENTA
1782 341 1859 401 IN
1918 343 2272 403 PSAIMOS.

3251 334 3393 407 ’1290

175 460 357 532 Θηρία
374 459 467 513 τοῦ
482 458 690 529 δρυμοῦ
707 461 801 513 καὶ
821 457 1096 528 σκύμνους
1115 461 1237 521 τοὶ-ς
1251 459 1507 528 δαίμονάς
1523 474 1709 528 φησιν,

1849 463 1864 469 ’
1891 456 2096 513 Bcstias
2119 458 2268 513 silvae
2289 466 2342 511 et
2365 456 2573 511 catulos
2596 457 2815 510 leonum
2839 455 3074 526 appellat
3092 455 3390 519 daemones.

112 553 315 614 οἵτινες
331 553 390 604 ὲν
410 550 488 621 τῷ
510 550 687 620 καιρῷ
712 549 803 604 τοῦ
823 549 1157 603 Δεσποτικοῦ
1173 549 1379 612 πάθους
1397 548 1712 616 ἀναγκαίως

112 645 382 711 ὠρύοντο,
402 644 720 715 νομίζοντες
750 643 874 696 τότε
907 640 1083 714 θήρας
1113 642 1258 712 ἔχειν
1287 641 1499 711 καιρόν.
1523 639 1714 694 “E613-

115 753 221 788 πον
247 736 358 806 γὰρ
383 734 587 788 Ἰούδαν
629 733 1032 805 προδεδωκότα,
1062 733 1155 786 τὸν
1202 733 1410 804 Πέτρον
1445 731 1714 801 ἀρνούμε-

115 846 232 894 νον,
262 829 388 892 τοὺς
404 826 632 891 λοιποὺς
657 827 993 890 ἀποστόλους
1018 825 1467 895 σκορπισθέντας.
1491 825 1714 896 Ὠρύον-
1747 820 1749 822 ’

112 937 177 973 το
219 921 409 974 τοίνυν
447 962 462 986 ,
530 920 779 991 ἁρπάσαι
823 919 920 972 καὶ
971 919 1213 990 ζητῆσαι
1250 918 1404 988 παρὰ
1447 917 1542 971 τοῦ
1576 914 1713 970 Θεοῦ

114 1013 249 1076 τοὺς
278 1012 520 1076 δικαίους
559 1011 791 1077 ἐξαιτεῖν
839 1014 919 1073 εἰς
964 1011 1326 1082 πειρατήρια.
1364 1011 1433 1062 ’Ἡ
1461 1010 1584 1080 οὐχὶ
1623 1008 1714 1062 τὸν

96 1081 248 1159 ΪἸὼϐ
291 1103 558 1176 ἐξῄτησεν
607 1106 636 1158 6
677 1102 965 1170 διάδολοςς
1037 1081 1303 1174 Ἐξῄτήσε
1357 1103 1414 1156 δὲ
1446 1104 1541 1156 καὶ
1588 1103 1716 1174 τοὺς

115 1198 456 1261 ἀποστόλους
508 1198 661 1268 παρὰ
706 1195 801 1250 τοῦ
845 1195 1122 1266 Χριστοῦ,
1165 1195 1306 1249 ὥστε
1361 1196 1454 1250 τὸν
1494 1194 1712 1266 ,Κύριον

116 1293 337 1360 λέγειν’
362 1291 580 1360 Σίμων,
618 1292 815 1359 Σίμων
839 1331 853 1356 ,
885 1289 1149 1355 ποσάκις
1198 1288 1503 1357 ἐξῄτησεν
1544 1291 1577 1341 ὀ
1605 1290 1716 1340 Σα-

122 1384 310 1450 τανᾶς
329 1383 602 1439 σινιᾶσαι
623 1381 780 1452 ὑμᾶς
798 1385 880 1449 ὼς
904 1382 1010 1436 τὸν
1024 1383 1215 1436 σῖτονο
1239 1381 1356 1451 ἐγὼ
1377 1381 1445 1434 δὲ
1461 1379 1716 1446 ἐδεήθην

117 1472 256 1540 περὶ
284 1471 400 1525 σοῦ
433 1472 534 1525 ἵνα
559 1471 645 1540 μὴ
671 1471 890 1538 ἐκλίπῃ
917 1471 956 1538 ἠ
985 1471 1192 1536 πίστις
1208 1483 1348 1523 σου.

198 1584 216 1616 ι
245 1564 544 1618 Ἀνέτειλεν
577 1563 606 1616 6
642 1563 816 1635 ἥλιος,
845 1563 943 1617 καὶ
969 1562 1344 1634 συνήχθησαν.
1396 1582 1414 1613 ι

195 1657 554 1720 ’Δναστάντος
582 1657 688 1727 γὰρ
717 1654 957 1726 Χριστοῦ
995 1654 1382 1725 ὑπεχώρησαν.
1430 1653 1522 1706 Διὸ
1565 1654 1706 1722 Σύμ-

124 1767 301 1819 μαχος
355 1750 475 1803 ἀντὶ
527 1747 620 1801 τοῦ
683 1747 1092 1816 συνήχθησαν
1119 1789 1134 1810 ,
1193 1744 1715 1814 ὑποχωρήσουσιν

119 1841 355 1910 ἔγραψε.
393 1839 504 1893 Ποῦ
545 1839 602 1893 δὲ
655 1838 1054 1911 ύπεχιὶιρησανς
1094 1839 1172 1901 είς
1205 1837 1307 1901 τὰς
1337 1835 1548 1890 ἑαυτῶν
1576 1836 1711 1906 μάν·

113 1933 278 2003 δρας·
303 1931 435 1986 ἔνθα
468 1929 958 1995 κατακοιτάζονται
982 1929 1233 1997 ἑρπετῶν
1257 1928 1413 1999 δίκην
1434 1926 1708 1996 φωλεύονο

117 2041 236 2088 τες.
279 2024 388 2077 Καὶ
420 2023 565 2094 μάλα
601 2021 851 2086 εἰκότως,
880 2019 1070 2088 ἐπειδὴ
1116 2018 1178 2073 τὸ
1226 2018 1452 2091 θαρρεῖν
1481 2019 1593 2081 τοῖς
1625 2015 1711 2069 όν-

118 2135 234 2180 τως
251 2115 558 2188 ἀνθρώποις
581 2113 812 2168 δέδωκεν
832 2115 866 2183 ἡ
890 2111 986 2165 τοῦ
1006 2111 1244 2182 Χριστοῦ
1267 2111 1587 2176 ἀνάστασις,
1614 2109 1710 2163 καὶ

119 2207 451 2280 προέτρεψε,
461 2206 654 2278 μέχρις
671 2203 928 2275 ἑσπέρας,
947 2202 1148 2273 δηλαδὴ
1165 2201 1264 2272 τῆς
1277 2200 1372 2254 τοῦ
1392 2200 1508 2271 βίου
1523 2215 1710 2253 συντε-

121 2302 297 2363 λείας,
354 2297 416 2352 τὸ
471 2297 633 2369 ἔργον
686 2295 749 2348 τὸ
801 2293 1000 2348 οίκεῖον
1049 2291 1404 2364 ἐργάζεσθαι,
1461 2291 1712 2344 τουτέστι

119 2392 226 2462 τὴν
249 2388 450 2461 ἀρετήν
473 2405 486 2418 ·
535 2385 742 2440 ταύτην
781 2385 891 2455 γὰρ
924 2383 1058 2454 ἡμῖν
1104 2383 1133 2436 6
1170 2381 1304 2446 Θεὸς
1333 2382 1413 2445 είς
1437 2378 1710 2450 ἐργασίαν

128 2483 358 2537 ἔδωκεν.

203 2595 221 2623 ιι
269 2573 355 2638 ὐς
386 2570 730 2644 ὲμεγαλύνθη
764 2570 834 2626 τὰ
863 2569 1002 2640 ἔργα
1033 2587 1152 2635 σου,
1193 2569 1388 2640 Κύριε.
1426 2588 1444 2620 ι

210 2748 606 2819 Ἐκπλήττεται
635 2744 728 2799 τοῦ
761 2742 899 2798 Θεοῦ
929 2743 1001 2798 τὰ
1048 2743 1314 2816 εἰρημένα
1352 2743 1629 2815 μυστήρια
1656 2745 1714 2797 ὲν

129 2842 294 2913 σοφίᾳ
323 2841 490 2910 πολλῇ
520 2839 615 2893 καὶ
651 2838 866 2909 μεγάλῃ
896 2837 1168 2908 γενόμενα
1198 2853 1210 2866 ·
1244 2838 1310 2908 ἣν
1331 2837 1406 2902 ὡς
1434 2836 1713 2908 ὑπερϐάλ-

125 2935 327 2987 λουσαν
355 2934 449 2985 καὶ
488 2931 611 2985 λίαν
643 2930 965 3000 ἀπόκρυφον
1015 2928 1217 2995 οὐδεὶς
1248 2928 1367 2982 τῶν
1399 2929 1715 2998 ἀρχόντων

127 3027 235 3081 τοῦ
265 3025 478 3090 αἰῶνος
503 3024 718 3078 τούτου
736 3021 1018 3093 ἔγνωκεν.
1037 3023 1104 3075 Ei
1128 3021 1240 3091 γὰρ
1267 3021 1570 3092 ἔγνωσαν,
1601 3024 1715 3077 οὐκ

1816 548 1908 617 qui
1948 559 2194 618 tempore
2228 549 2522 603 Dominicze
2564 548 2834 618 passionis
2875 548 3188 604 necessario
3223 552 3395 622 rugie-

1817 641 1967 704 bant,
2020 642 2400 696 existimantes
2461 649 2590 696 tunc
2643 641 2850 696 bestias
2897 643 3101 699 habere
3157 653 3392 712 tempus.

1820 730 2088 787 Videbant
2131 733 2277 787 enim
2319 731 2513 786 Judam
2541 732 2887 802 prodentem,
2921 732 3142 788 Petrum
3192 750 3399 805 negan~

1817 833 1949 889 tem,
1970 827 2209 896 reliquos
2227 825 2504 895 apostolos
2530 825 2846 896 dissipatos.
2874 825 3185 897 Rugiebant
3210 828 3396 899 igitur,

1819 926 1878 970 ut
1907 927 2237 986 raperentet
2267 927 2623 988 quaererenta
2644 917 2950 988 Deojustos
2975 919 3043 974 ad
3076 921 3395 976 tentandum

1817 1011 2193 1080 expostulare.
2229 1009 2485 1082 Nunquid
2513 1010 2676 1065 etiam
2703 1011 2899 1067 Jobum
2930 1013 3182 1068 diabolus
3209 1014 3396 1082 exqui-

1819 1101 1998 1156 sivit?
2038 1102 2276 1174 Expetiit
2317 1112 2500 1159 autem
2543 1106 2820 1175 apostolos
2861 1121 2891 1160 a
2919 1105 3158 1173 Christo,
3214 1107 3287 1161 ita
3338 1114 3398 1160 ut

1819 1192 1982 1247 etiam
2033 1193 2298 1250 Dominus
2359 1194 2569 1250 diceret
2611 1212 2624 1248 :
2680 1193 2883 1261 Simon,
2931 1195 3137 1261 Simon,
3191 1199 3396 1267 quoties

1818 1283 2049 1339 Satanas
2069 1288 2315 1356 expetivit
2347 1303 2434 1344 vos
2458 1298 2512 1341 ut
2544 1287 2806 1342 cribraret
2836 1290 2969 1342 sicut
2999 1291 3278 1343 triticum?
3306 1307 3398 1360 ego

1818 1385 1996 1428 autem
2031 1379 2210 1445 rogavi
2247 1394 2342 1445 pro
2373 1387 2440 1443 te,
2473 1389 2530 1432 ut
2565 1395 2666 1433 non
2701 1380 2914 1448 deﬁciat
2949 1381 3078 1448 ﬁdes
3110 1389 3202 1434 tua
3225 1381 3292 1432 ".

1893 1556 2053 1614 Vens.
2088 1559 2179 1614 22.
2216 1578 2232 1610 ι
2267 1558 2432 1614 Ortus
2451 1569 2540 1614 est
2568 1560 2670 1624 sol,
2707 1568 2763 1615 et
2787 1561 3097 1632 congregati
3127 1570 3275 1615 sunt.

1892 1650 2114 1705 Christo
2141 1651 2287 1706 enim
2319 1659 2638 1722 resurgente
2662 1661 3030 1708 recesserunt.
3056 1652 3399 1723 Quapropter

1819 1742 2179 1814 Symmachus
2196 1758 2296 1814 pro
2313 1745 2617 1815 congregati
2628 1755 2746 1798 sunt
2766 1745 2984 1814 scripsit
3002 1747 3260 1800 recedent.
3279 1746 3399 1812 Quo

1815 1846 1998 1890 autem
2024 1834 2414 1912 recesserunt?
2432 1833 2485 1888 in
2506 1835 2675 1890 lustra
2701 1851 2798 1891 sua
2819 1854 2834 1889 :
2855 1835 2927 1891 ibi
2947 1837 3146 1892 cubant
3171 1852 3399 1907 serpen-

1817 1927 1951 1981 tium
1989 1925 2162 1980 instar
2200 1926 2500 1982 latitantes.
2540 1926 2610 1983 Et
2641 1928 2767 1998 jure
2806 1929 3180 1995 meritissimo,
3222 1946 3397 2000 quan-

1813 2017 2107 2087 doquidem
2167 2017 2234 2073 iis
2287 2019 2380 2088 qui
2442 2033 2630 2074 revera
2695 2019 2949 2076 homines
3011 2030 3140 2077 sunt
3191 2021 3396 2077 Christi

1815 2110 2148 2166 resurrectio
2167 2110 2421 2166 ﬁduciam
2449 2112 2621 2177 dedit,
2644 2123 2700 2168 et
2721 2113 3010 2169 adhortata
3031 2124 3195 2170 estut
3225 2131 3398 2186 usque

1815 2207 1882 2262 ad
1911 2222 2220 2277 vesperam,
2253 2207 2462 2264 scilicet
2489 2208 2615 2264 vitae
2654 2209 2820 2279 hujus
2843 2214 3398 2280 consummationem,

1817 2300 2100 2371 proprium
2146 2316 2285 2372 opus
2339 2310 2587 2373 agerent,
2655 2319 2855 2374 nempe
2904 2305 3210 2361 virtutem:
3259 2306 3400 2363 hanc

1815 2395 1960 2449 enim
1989 2395 2149 2451 nobis
2182 2396 2326 2452 Deus
2354 2397 2425 2452 ad
2454 2400 2797 2468 operandam
2829 2400 3001 2456 dedit.

1868 2574 2032 2630 Vens.
2068 2577 2160 2630 24.
2185 2595 2204 2628 ι
2224 2575 2396 2643 Quam
2415 2577 2758 2648 magniﬁcata
2787 2585 2916 2634 sunt
2945 2594 3110 2649 opera
3145 2589 3260 2645 tua,
3295 2580 3400 2636 Do-

1816 2667 1984 2723 mine.
2018 2688 2036 2719 ι
3157 2709 3174 2722 .

1891 2759 2248 2832 Obstupescit
2279 2764 2424 2819 dicta
2463 2763 2559 2819 Dei
2590 2766 2849 2838 mysteria
2882 2766 2938 2822 in
2969 2768 3138 2823 multa
3173 2784 3399 2840 magna-

1823 2862 1929 2917 que
1957 2849 2226 2919 sapientia
2265 2850 2407 2905 iacta
2433 2869 2446 2906 :
2476 2868 2641 2922 quam
2672 2864 2861 2926 utpote
2886 2857 3141 2911 eximiam
3167 2868 3223 2913 et
3243 2860 3398 2914 valde

1817 2955 2069 2995 arcanam
2112 2958 2262 2996 nemo
2298 2943 2595 3013 principum
2617 2946 2776 3014 hujus
2814 2947 2995 3001 saeculi
3038 2952 3292 3019 cognouit.
3335 2953 3398 3007 Si

1817 3034 1956 3087 enim
1983 3036 2362 3103 cognovissent,
2392 3052 2663 3106 nunquam
2698 3037 2985 3094 Dominum
3014 3042 3198 3112 gloria:
3224 3047 3395 3099 cruci-

126 3119 208 3173 ἂν
234 3119 341 3171 τὸν
382 3116 604 3184 Κύριον
637 3113 747 3183 τῆς
774 3112 960 3182 δόξης
979 3113 1395 3183 ἐσταύρωσαν,
1432 3113 1575 3170 καθά
1607 3131 1714 3186 φη-

1817 3125 2050 3192 [ixissent
2080 3126 2148 3192 ",
2181 3126 2260 3180 uti
2293 3126 2495 3182 Paulus
2521 3129 2616 3182 ait.

129 3225 216 3262 σιν
242 3209 270 3261 6
298 3204 534 3270 Παῦλος.

206 3315 224 3348 ι
271 3294 594 3367 Ἑπληρώθη
620 3297 655 3366 ή
685 3293 757 3366 γῆ
783 3294 885 3365 τῆς
904 3293 1137 3356 κτίσεώς
1160 3308 1281 3347 σου.
1317 3313 1336 3344 ιι

199 3389 458 3441 Τουτέστι
502 3385 600 3440 τοῦ
644 3386 1005 3456 ιγκαινισμοῦ
1043 3384 1141 3439 καὶ
1181 3385 1284 3453 τῆς
1320 3384 1712 3454 ξάνανεὼσεως.

123 3481 198 3534 ει
218 3498 307 3548 τις
335 3481 447 3550 γὰρ
491 3480 563 3535 ἐν
599 3476 856 3548 Χριστῷ,
891 3475 1071 3551 καινὴ
1110 3476 1310 3543 κτίσις
1337 3493 1352 3510 ·
1382 3475 1457 3531 τὰ
1496 3475 1717 3545 ἀρχαῖα

126 3571 460 3642 παρῆλθεν,
496 3570 627 3626 ιδοὺ
654 3570 864 3641 me
892 3569 966 3622 τὰ
998 3567 1196 3622 πάντα
1223 3567 1422 3622 καινά.
1449 3567 1550 3620 Διὰ
1576 3567 1628 3620 τί
1657 3566 1715 3619 δὲ

130 3666 287 3737 ἢγῆἶ
329 3664 517 3736 ὲπειδὴ
541 3664 624 3728 tl;
661 3663 834 3736 αὐτὴν
862 3665 890 3715 ὁ
930 3661 1122 3724 κλίνας
1167 3660 1434 3731 οὐρανοὺς
1473 3659 1715 3714 καταδέ-

130 3761 290 3829 6ηκε.
318 3757 443 3821 Πῶς
494 3756 552 3811 δὲ
617 3754 788 3826 αὐτὴν
837 3754 1078 3819 ἔκτισεν,
1127 3753 1246 3808 ἀλλ’
1293 3753 1327 3825 ἢ
1364 3752 1434 3805 δι’
1480 3751 1712 3816 ὑδάτων,

128 3851 322 3922 ὥσπερ
352 3849 524 3920 αὐτὴν
552 3849 646 3902 καὶ
686 3848 780 3902 ἀπ’
812 3847 990 3917 ἀρχῆς
1030 3845 1361 3916 παρήγαγε,
1405 3843 1473 3898 δι’
1506 3842 1715 3897 ὑδάτων

127 3945 188 3998 δὲ
235 3941 328 3996 τοῦ
362 3941 758 4014 βαπτίσματος,
788 3937 1012 4008 εὔδηλον
1041 3955 1054 3969 ·
1090 3937 1286 4009 μηνύει
1331 3935 1441 4008 γὰρ
1473 3937 1533 3989 τὸ
1582 3934 1714 3989 ἑπό-

134 4052 318 4106 μενον.

207 4148 226 4180 ι
255 4126 405 4196 Αὕτη
444 4129 478 4197 ἠ
511 4124 759 4180 θάλασσα
790 4126 824 4196 ὴ
859 4124 1097 4196 μεγάλη.
1147 4142 1165 4173 ι

201 4217 430 4285 Μεγάλη
479 4218 514 4286 ἡ
567 4216 726 4286 χάρις
773 4214 869 4267 τοῦ
922 4213 1322 4283 βαπτίσματος,
1372 4208 1447 4274 ὡς
1487 4209 1707 4282 μεγάλα

133 4310 463 4380 περιέχουσα
512 4307 811 4376 μυστήρια.
845 4303 1174 4376 Εὑρύχωρος
1202 4301 1283 4366 δὲ,
1309 4302 1385 4367 ὡς
1414 4302 1544 4372 ὃλην
1601 4319 1712 4371 χω-

135 4399 303 4473 ροῦσα
349 4398 450 4469 τὴν
503 4397 790 4470 ἐνέργειαν
838 4393 933 4449 τοῦ
993 4393 1325 4466 πνεύματος.
1387 4392 1628 4463 Ἐρπετά
1652 4409 1711 4446 τε

1897 3328 1915 3359 ι
1949 3308 2175 3378 lmpleta
2202 3318 2286 3363 est
2318 3317 2463 3363 terra
2495 3317 2746 3366 creatura
2779 3319 2890 3366 tua.
2934 3331 2952 3363 ι

1889 3400 1946 3456 Id
1973 3410 2057 3456 est
2096 3401 2493 3457 instauratione
2526 3411 2582 3457 et
2624 3403 3000 3461 innovatione.
3046 3405 3108 3462 Si
3140 3424 3244 3478 qua
3275 3425 3398 3479 ergo

1815 3494 1872 3546 in
1914 3491 2122 3548 Christo
2167 3511 2302 3548 nova
2358 3503 2605 3549 creatura
2633 3513 2652 3560 ;
2679 3507 2855 3552 cetera
2898 3498 3242 3564 transierunt,
3285 3517 3400 3555 cccc

1816 3584 1960 3652 facta
2013 3593 2137 3638 sunt
2191 3586 2373 3639 omnia
2414 3603 2549 3640 noua
2572 3587 2639 3642 ⁸³.
2669 3587 2752 3642 Ad
2791 3588 2924 3659 quid
2970 3600 3158 3645 autem
3209 3599 3351 3646 terra
3376 3593 3401 3645 ?

1817 3676 2260 3746 quandoquidem
2291 3677 2361 3733 ad
2389 3677 2535 3733 illam
2581 3679 2752 3736 celos
2798 3680 3073 3737 inclinans
3095 3682 3396 3739 descendit.

1817 3768 2103 3834 Quomodo
2152 3779 2335 3824 autem
2374 3770 2523 3826 illam
2570 3772 2795 3838 creavit,
2825 3774 2931 3828 nisi
2992 3789 3159 3844 super
3208 3789 3396 3846 aquas,

1816 3859 2276 3929 quemadmodum
2307 3860 2379 3915 ab
2421 3860 2577 3916 initio
2609 3875 2731 3916 eam
2776 3862 3156 3932 produxerat?
3179 3864 3398 3919 Clarum

1816 3959 2001 4005 autem
2052 3951 2196 4020 quod
2237 3966 2334 4021 per
2376 3966 2548 4020 aquas
2590 3953 2962 4022 baptismatis.
3011 3953 3126 4010 lloc
3171 3955 3318 4010 enim
3345 3957 3399 4010 id

1816 4040 1962 4109 quod
1988 4040 2238 4110 sequitur
2266 4040 2528 4096 insinuat.

1894 4130 2052 4186 Vsus.
2083 4131 2174 4186 9.5.
2211 4151 2230 4185 ι
2277 4131 2391 4189 Hoc
2421 4149 2570 4190 mare
2593 4150 2873 4206 magnum.
2913 4138 2930 4188 ἡ

1887 4225 2073 4298 Magna
2103 4235 2187 4282 est
2223 4227 2566 4297 baptismatis
2600 4228 2794 4298 gratia,
2824 4237 3016 4298 utpote
3046 4244 3241 4300 magna
3263 4244 3399 4284 con-

1815 4319 1996 4373 tinens
2047 4317 2324 4387 mysteria.
2365 4317 2497 4372 Lata
2538 4326 2742 4383 autem,
2774 4318 2903 4388 quia
2955 4326 3127 4374 totam
3171 4320 3399 4390 spiritus

1814 4410 2198 4480 complectitur
2264 4409 2722 4480 inoperationem.
2783 4410 3017 4480 Reptilia
3073 4421 3255 4466 autem
3317 4412 3401 4465 in-

131 4493 259 4555 τοὺς
280 4490 659 4562 ἁμαρτωλοὺς,
682 4489 771 4542 διὰ
790 4487 849 4540 τὸ
880 4486 1075 4557 ἕρπειν
1102 4486 1300 4546 αὐτοὺς
1327 4485 1421 4538 ἐπὶ
1448 4483 1519 4536 τὰ
1543 4484 1711 4573 γήϊνα

1817 4479 1997 4573 ιοιιίέο
2031 4479 2375 4572 peccatores,
2396 4517 2463 4557 eo
2498 4502 2644 4572 quod
2683 4502 2752 4556 ad
2781 4479 2996 4557 terrena
3030 4512 3224 4572 repant
3258 4522 3272 4559 :
3308 4504 3399 4572 qui

133 4583 345 4653 vérjcov'
369 4581 528 4652 οἵπερ
559 4579 650 4633 διὰ
694 4579 756 4632 τὸ
800 4578 1006 4647 πλῆθος
1051 4577 1277 4638 είκότως
1311 4575 1452 4645 ὑπὲρ
1479 4572 1714 4644 ἀριθμὸν

1817 4594 1889 4650 ob
1938 4572 2346 4648 multitudinem
2405 4594 2604 4648 merito
2641 4594 2904 4649 dicuntur
2943 4609 3066 4650 esse
3095 4611 3260 4666 supra
3293 4612 3400 4651 nu-

132 4672 403 4740 λέγονται,
463 4671 497 4741 ἢ
553 4669 637 4723 δτι
690 4669 873 4738 μόνοις
913 4669 1028 4729 τοῖς
1074 4664 1304 4730 δικαίοις
1361 4663 1714 4735 ἀριθμεῖσθαι

1819 4699 2052 4749 merum,
2093 4684 2180 4739 vel
2200 4683 2328 4754 quia
2361 4684 2491 4738 solis
2515 4685 2681 4754 justis
2705 4685 2981 4749 convenit,
3012 4695 3073 4740 ut
3103 4663 3400 4741 numeren-

135 4761 355 4832 πρέπει.
394 4761 533 4832 Φησὶ
563 4759 692 4830 γάρ’
743 4758 905 4828 Ἐμοί
952 4758 1022 4811 δὲ
1065 4757 1212 4812 λίαν
1252 4751 1632 4827 ἐτιμήθησαν
1658 4754 1713 4810 oi

1820 4780 1928 4830 tur.
1963 4775 2055 4828 Ait
2086 4751 2269 4829 enim:
2315 4772 2450 4829 Mihi
2480 4751 2659 4829 autem
2716 4776 2871 4830 valde
2899 4777 3230 4846 honoriﬁcati
3279 4791 3399 4832 sunt

134 4856 299 4924 φίλοι
330 4868 468 4917 σου,
503 4856 536 4907 ὀ
583 4853 751 4918 Θεός.
790 4851 1289 4920 Ἐξαριθμήσομιιι
1337 4849 1579 4915 αὐτοὺς,
1614 4850 1713 4904 καί

133 4947 288 5013 ὑπὲρ
315 4944 512 5015 ἅμμον
553 4944 1110 5013 πληθυνθήσονται.

214 5056 233 5088 ι
273 5035 393 5089 Ζῶα
425 5035 596 5106 μικρὰ
626 5035 765 5106 μετὰ
799 5034 1070 5104 μεγάλων.
1111 5056 1128 5087 ι

207 5129 271 5182 Οἱ
300 5128 536 5198 μετρίως
564 5128 762 5182 δίκαιοι
790 5129 883 5180 καὶ
910 5129 1072 5197 ἄγαν.
1108 5129 1322 5195 Πάντας
1355 5129 1464 5199 γὰρ
1486 5128 1712 5190 τούτους

136 5219 198 5270 τὸ
238 5217 519 5288 βάπτισμα
563 5218 799 5288 δέχεται,
831 5220 924 5271 καὶ
965 5218 1026 5271 ού
1055 5221 1215 5289 μόνον
1249 5219 1563 5291 ἁμαρτωλοὶ
1615 5217 1710 5271 τοῦ

137 5308 363 5380 λουτροῦ
394 5313 489 5380 τῆς
519 5310 961 5378 παλιγγενεσίας,
992 5311 1128 5365 ἀλλὰ
1153 5315 1248 5366 καὶ⁸
1276 5315 1326 5366 οί
1352 5314 1550 5366 δίκαιοι
1572 5313 1711 5383 χρῄ-

139 5396 342 5460 ζουσιν.
379 5398 600 5469 Ἐπειδὴ
619 5400 729 5452 ἐὰν
754 5399 840 5468 μή
867 5418 956 5466 τις
982 5401 1368 5471 ἁναγεννηθῇ
1396 5403 1465 5467 ἐξ
1495 5403 1715 5467 ὕδατος

138 5489 234 5541 καὶ
254 5491 612 5557 πνεύματος,
645 5492 717 5545 οὺ
749 5491 837 5561 μὴ
863 5492 1106 5563 εἰσέλθῃ
1135 5496 1224 5561 είς
1258 5494 1371 5563 τὴν
1385 5495 1717 5560 ,ϐασιλείαν

143 5579 244 5636 τοῦ
269 5579 439 5634 Θεοῦ.

1818 4864 1977 4918 amici
2005 4866 2103 4928 tui,
2144 4864 2304 4918 Deus.
2343 4865 2701 4920 Dinumerabo
2753 4883 2860 4932 cos,
2899 4877 2948 4920 et
2985 4883 3144 4935 super
3177 4885 3399 4922 arenam

1824 4950 2317 5019 multiplicabuntur
2339 4951 2405 5005 “.
2802 4949 2811 4953 “

1901 5061 1921 5092 ιι
1957 5041 2224 5096 Animalia
2259 5042 2454 5112 pusilla
2495 5058 2620 5099 cum
2653 5046 2883 5116 magnis.
2918 5064 2938 5097 ι

1892 5131 2236 5187 Mediocriter
2279 5141 2334 5188 et
2369 5133 2527 5192 valde
2575 5135 2731 5205 justi.
2765 5136 2875 5191 llos
2896 5138 3042 5192 enim
3079 5151 3272 5192 omnes
3306 5137 3401 5192 ba-

1821 5222 2020 5294 ptisma
2049 5223 2296 5294 suscipit,
2331 5234 2388 5280 et
2409 5241 2518 5281 non
2541 5227 2728 5306 solum
2747 5240 3082 5298 peccatores,
3117 5229 3211 5283 sed
3235 5230 3399 5283 etiam

1816 5316 1951 5388 justi
1978 5316 2193 5370 lavacro
2224 5317 2654 5388 regenerationis
2681 5334 2822 5390 Opus
2869 5321 3092 5375 habent.
3124 5319 3259 5375 Nam
3297 5321 3399 5373 nisi

1819 5410 1936 5480 quis
1993 5417 2206 5463 renatus
2238 5411 2396 5480 fuerit
2447 5427 2511 5466 ex
2560 5428 2703 5483 aqua
2746 5421 2795 5466 et
2829 5413 3042 5480 spiritu,
3091 5427 3192 5468 non
3229 5421 3399 5484 potest

1819 5503 2038 5556 introire
2053 5502 2107 5554 in
2137 5519 2350 5573 regnum
2382 5503 2482 5558 Dei
2513 5505 2578 5559 ".

199 5737 239 5771 "
282 5737 412 5792 Luc.
449 5753 581 5799 χιιι,
622 5738 710 5792 51.
787 5739 831 5770 ⁸⁸
868 5739 886 5790 l
926 5738 1052 5794 Cor.
1087 5756 1145 5805 II,
1186 5740 1239 5794 8.
1317 5741 1428 5797 “Il
1454 5745 1581 5800 Cor.
1614 5745 1714 5812 v.1

1863 5749 1908 5781 “
1938 5747 2080 5802 Psal.
2113 5762 2352 5814 cxxxvn,
2389 5749 2472 5804 18.
2551 5751 2594 5782 “
2625 5749 2783 5805 Joan.
2819 5769 2899 5815 ιιι,
2924 5753 2978 5806 ιι.

511 5854 782 5915 Ριιτιιοι..
825 5854 943 5918 Gn.
990 5857 1214 5919 XCIII.

2962 5863 3022 5927 L1
