4156 6452
792 454 957 509 Veas.
987 451 1081 507 Ξῖ.
1116 469 1132 502 ι
1175 447 1367 506 Omnia
1398 462 1427 502 a
1456 457 1507 503 te
1533 457 1874 517 exspectant.
1914 467 1932 497 ι

790 546 985 603 Omnia
1016 546 1162 600 enim
1189 544 1329 598 bona
1368 557 1530 596 manu
1564 540 1657 594 Dei
1685 540 2061 604 continentur,
2090 551 2151 595 ut
2177 556 2301 594 cum

723 654 842 693 eam
891 635 1184 707 aperuerit,
1222 632 1405 687 omnia
1450 631 1678 702 repleat,
1711 646 1774 686 ac
1804 640 2014 686 saturet
2035 630 2300 687 bonitate.

724 730 892 784 Porro
934 742 1194 782 manuum
1257 725 1378 795 ejus
1422 722 1765 793 apertionem
1824 722 1994 778 etiam
2040 722 2094 777 in
2143 737 2305 779 cruce

722 818 1117 889 expansionem
1140 815 1441 886 intelligere
1465 822 1709 884 Oportet;
1736 812 1882 868 unde
1916 813 2100 868 omnia
2122 813 2303 884 imple-

726 917 776 961 ta
807 915 935 961 sunt
970 907 1236 970 bonitate,
1262 905 1317 959 id
1346 913 1431 959 est
1455 904 1829 976 benignitate;
1863 904 2306 975 quandoquidem

724 1015 887 1055 omne
913 1008 1197 1070 peccatum
1228 1014 1325 1069 per
1351 1012 1569 1053 crucem
1598 996 1885 1053 remissum
1920 1007 2022 1054 est.

797 1182 1065 1238 Vras.30.
1093 1200 1111 1233 ι
1159 1179 1385 1235 Emittes
1411 1178 1662 1249 Spiritum
1698 1186 1873 1233 tuum.
1900 1197 1918 1229 ι

728 1287 732 1291 ·
798 1274 939 1329 lllud
965 1272 1034 1329 de
1086 1280 1427 1327 mortuorum
1459 1269 1862 1324 resurrectione
1903 1264 2012 1322 dici
2041 1267 2313 1337 potuisset

728 1377 985 1436 tanquam
1012 1364 1081 1418 de
1111 1363 1351 1418 humano
1395 1360 1593 1431 spiritu
1641 1360 1695 1413 in
1746 1368 1945 1414 terram
1971 1358 2195 1423 emisso,
2252 1367 2314 1411 ut

730 1460 970 1513 humana
998 1465 1189 1510 natura
1226 1462 1607 1519 renovaretur,
1636 1453 1745 1507 nisi
1783 1452 2060 1522 PrOpbcta
2088 1451 2313 1505 dixisset

729 1548 991 1617 Spiritum
1042 1555 1215 1611 tuum,
1254 1544 1546 1599 manifeste
1610 1544 1705 1597 Dei
1753 1541 2016 1612 Spiritum
2062 1549 2313 1596 sanetum

730 1640 1048 1705 declarans;
1068 1638 1224 1709 cujus
1257 1635 1518 1690 missione
1538 1634 1719 1690 omnis
1749 1642 1914 1699 terra,
1941 1633 1996 1689 id
2019 1642 2105 1689 est
2123 1648 2315 1688 omnes

731 1739 923 1802 gentes
951 1736 1149 1785 creatae
1183 1733 1333 1794 sunt,
1388 1735 1445 1781 et
1472 1733 1783 1791 renovatze;
1819 1724 2030 1780 scilicet
2054 1738 2152 1794 per
2173 1738 2315 1794 prae-

1930 331 2280 391 IIESYCllll
2320 333 2782 394 l‘llESBYTElll
3902 333 4009 397 1293

2332 456 2374 511 Λ
2484 470 2501 501 ι
2550 450 2736 504 Πάντα
2762 449 2897 521 πρὸς
2928 451 2983 503 σὲ
3023 450 3387 521 προσδοκῶσι.
3436 468 3453 501 ι

2476 544 2659 597 Πάντα
2688 543 2797 613 γὰρ
2822 548 2891 596 τὰ
2908 543 3089 610 ἀγαθὰ
3117 546 3183 613 τῇ
3215 543 3359 613 χειρὶ
3384 541 3479 597 τοῦ
3505 541 3658 594 Θεοῦ
3696 542 4011 611 περιέστη.

2406 655 2531 691 κται
2558 676 2573 701 ,
2616 637 2683 691 ἵν’
2717 639 2845 691 ὅταν
2877 636 3064 707 ἀνοίξῃ
3089 676 3105 702 ,
3156 636 3335 692 πάντα
3366 636 3573 705 πληροῖ
3627 635 3742 688 καὶ
3787 638 4010 705 χορτέζῃ

2406 729 2799 801 χρηστότητος.
2832 728 3076 792 ’Λνοιξιν
3103 729 3162 781 δὲ
3191 728 3356 781 αὑτοῦ
3391 727 3597 799 χειρῶν
3652 728 3760 780 καὶ
3808 727 3916 797 τὴν
3946 728 4012 779 ἐι-

2406 838 2563 875 τασιν
2592 820 2691 891 τὴν
2716 820 2810 874 ἐπὶ
2839 819 2937 874 τοῦ
2971 819 3206 890 σταυροῦ
3238 822 3505 891 προσήκει
3536 818 3912 888 λογίζεσθαι·
3941 823 4010 887 ἐς

2408 907 2475 984 ἦς
2500 915 2679 968 πάντα
2708 913 2956 986 ἐπλήσθη
2978 914 3373 984 χρηστότητος,
3404 913 3673 966 τουτέστι
3717 911 4013 980 palmaech

2410 1006 2561 1072 πίας’
2590 1006 2782 1078 ἐπειδὴ
2824 1009 2973 1061 πᾶσα
3020 1005 3270 1076 ἁμαρτία
3307 1004 3396 1059 διὰ
3434 1003 3694 1077 σταυροῦ
3739 1004 4012 1085 aequatis.

2412 1118 2598 1171 ρηται.

2486 1212 2506 1245 ι
2556 1192 2968 1258 Ἐξαποστελεῖς
2998 1193 3059 1246 τὸ
3101 1190 3321 1263 πνεῦμά
3349 1208 3464 1245 σου.
3507 1210 3528 1242 ι

2485 1280 2594 1339 Ἦν
2626 1285 2693 1339 ἂν
2726 1285 2885 1339 τοῦτο
2927 1286 3059 1354 περὶ
3099 1284 3199 1353 τῆς
3240 1283 3352 1338 τῶν
3402 1282 3621 1352 νεκρῶν
3656 1283 4010 1341 ἁναστὰσεως

2411 1377 2691 1446 λέγεσθαι,
2718 1377 2796 1440 ὡς
2842 1377 2937 1429 ἐπὶ
2980 1376 3078 1447 τὴν
3111 1378 3216 1445 γῆν
3264 1375 3759 1445 ἁποστελλομένου
3804 1374 3906 1427 τοῦ
3941 1378 4011 1428 ἀκί-

2413 1470 2691 1539 θρωπίνου
2726 1467 3061 1539 πνεύματος,
3098 1467 3241 1520 ὥστε
3281 1466 3759 1536 ἅνακαινισθῆναι
3804 1465 3909 1535 τὴν
3935 1467 4011 1517 ἀν-

2413 1558 2761 1630 θρωπότητα,
2783 1559 2833 1612 εί
2865 1557 2941 1630 μὴ
2962 1558 3023 1611 τὸ
3052 1557 3298 1627 Πνεῦμά
3330 1572 3447 1611 σου
3472 1558 3500 1609 ὁ
3524 1559 3857 1628 Προφήτης
3882 1553 4006 1615 εἷπς,

2415 1648 2601 1717 σαφῶς
2636 1648 2694 1701 τὸ
2733 1646 2828 1700 τοῦ
2876 1646 3014 1701 Θεοῦ
3045 1646 3273 1717 Πνεῦμα
3295 1647 3356 1700 τὸ
3385 1647 3543 1715 ἅγιον
3590 1647 3810 1719 δηλῶν·
3844 1639 3911 1700 οὗ
3960 1653 4009 1716 τῇ

2412 1738 2687 1811 ἀποστολῇ
2719 1741 2871 1794 πᾶσα
2896 1740 2931 1811 ἡ
2968 1738 3061 1809 γῆ,
3100 1739 3349 1792 τουτέστι
3383 1740 3566 1793 πάντα
3611 1740 3693 1793 τὰ
3748 1739 3889 1809 ἔθνη
3940 1742 4011 1792 ἐκ·

732 1822 1063 1878 dicationem
1117 1819 1510 1890 apostolorum.
1566 1816 1705 1872 Nam
1759 1818 1815 1870 in
1871 1832 2075 1870 onmem
2114 1825 2312 1869 terram

2416 1833 2594 1901 "statin,
2632 1803 2730 1886 καὶ
2763 1803 3069 1901 ὲκαιντίσθη·
3102 1830 3192 1886 διὰ
3212 1830 3308 1884 τοῦ
3338 1831 3720 1902 κηρύγματος
3756 1803 4014 1885 τῶν-ἀπο-

735 1914 896 1968 exirit
936 1928 1094 1967 sonus
1137 1926 1338 1976 eorum,
1404 1919 1450 1964 et
1513 1910 1571 1963 in
1630 1909 1759 1978 fines
1816 1916 1970 1962 terra:
2019 1906 2171 1961 verba
2220 1922 2309 1961 eo-

738 2020 853 2057 rum
893 2002 958 2054 “.

805 2199 968 2257 νέης.
998 2200 1090 2256 '59..
1128 2218 1147 2252 ι
1185 2198 1290 2266 Qui
1308 2197 1534 2269 respicit
1564 2209 1731 2267 super
1756 2204 1979 2249 terram.
2020 2212 2039 2245 ι

806 2294 983 2350 Tanta
1035 2294 1181 2350 enim
1220 2293 1400 2348 virtus
1450 2288 1763 2346 Conditoris
1796 2296 1902 2351 est,
1946 2296 2008 2340 ut
2040 2285 2124 2341 vel
2165 2285 2315 2339 solus

739 2386 859 2454 ejus
888 2396 1144 2456 aspectus
1196 2384 1329 2439 satis
1359 2382 1429 2437 sit
1479 2380 1547 2437 ad
1580 2388 1802 2446 terram,
1837 2391 1958 2447 quae
1990 2376 2314 2431 inconcussa

739 2478 973 2543 videtur,
988 2475 1432 2533 eoneutiendam.

807 2569 972 2625 Vens.
1004 2569 1095 2624 55.
1132 2587 1153 2621 ι
1182 2566 1427 2624 Cantabo
1454 2564 1684 2621 Domino
1718 2562 1774 2617 in
1800 2560 1913 2617 vita
1932 2576 2076 2617 mea.
2118 2580 2135 2612 ι

809 2658 1140 2714 Promissum
1187 2658 1394 2713 bonum
1456 2665 1514 2711 et
1568 2654 1737 2709 vitam
1770 2662 2032 2709 :eternam
2068 2650 2316 2721 impleuti

741 2750 1008 2814 tribuens,
1030 2749 1237 2804 scilicet
1261 2763 1362 2819 pro
1386 2746 1620 2818 quadam
1646 2744 1773 2800 vitae
1801 2753 1947 2799 meta
1975 2740 2070 2796 Dei
2101 2741 2316 2796 laudem

740 2855 966 2910 ponere.
1024 2839 1172 2894 Talis
1222 2839 1370 2894 enim
1411 2838 1481 2893 ad
1537 2837 1854 2908 angelorum
1900 2834 2151 2890 ordinem
2186 2848 2318 2888 con-

741 2935 974 2990 scendit.

812 3027 974 3081 Vens.
1005 3025 1094 3080 5i.
1130 3043 1148 3076 ι
1181 3022 1491 3080 Iucundum
1540 3022 1612 3077 sit
1652 3021 1703 3076 ei
1732 3020 2011 3089 eloquium
2045 3035 2252 3075 meum.
2293 3038 2314 3072 ι

810 3118 949 3171 Cum
987 3116 1133 3171 enim
1164 3114 1276 3169 Deo
1302 3113 1581 3169 orationes
1608 3119 1812 3167 nostra:
1834 3111 2160 3181 placuerint,
2191 3118 2321 3165 tunc

2416 1923 2641 1990 στόλων,
2667 1921 2915 1993 εὔδηλον.
2940 1924 3045 1987 Είς
3073 1918 3282 1976 πᾶσαν
3310 1921 3418 1992 γὰρ
3447 1922 3567 1989 τὴν
3596 1921 3733 1991 τῆν
3767 1920 4014 1988 ἐξήλθετ’

2415 2017 2447 2067 ό
2475 2014 2737 2083 φθόγγος
2762 2011 2985 2079 αὐτῶν,
3031 2011 3131 2065 καὶ
3169 2013 3258 2077 είς
3290 2012 3363 2065 τὰ
3392 2013 3627 2081 πέρατα
3666 2013 3795 2082 τῆς
3828 2016 4013 2068 οἰκου-

2411 2104 2601 2175 μένης
2619 2103 2691 2159 τὰ
2702 2102 2944 2174 ῥήματα
2965 2102 3184 2159 αὐτῶν.

2491 2215 2510 2249 ι
2561 2197 2619 2250 Ὀ
2648 2195 2964 2251 ἐπιϐλέπων
2990 2196 3084 2249 ἐπὶ
3108 2197 3230 2267 γῆν.
3270 2214 3289 2248 ι

2485 2285 2736 2358 Τοσαύτη
2799 2286 2912 2356 γὰρ
2939 2287 2974 2358 ἡ
3003 2286 3098 2340 τοῦ
3135 2285 3488 2358 Δημιουργοῦ
3530 2286 3811 2358 δύναμις,
3844 2288 4015 2341 bravii

2415 2378 2582 2433 αὐτοῦ
2604 2379 2790 2433 καὶτὸ
2833 2377 3052 2450 βλέμμα
3089 2372 3255 2446 εἶναι,
3295 2377 3560 2432 σαλεῦσαι
3606 2378 3721 2451 τὴν
3754 2379 4013 2433 δοκοῦσαν

2416 2470 2737 2525 ἀσάλευτον.

2493 2585 2509 2613 ι
2547 2562 2697 2633 ’ᾼσω
2722 2560 2801 2631 τῷ
2831 2560 3021 2632 Κυρίῳ
3046 2561 3105 2614 ἐν
3138 2563 3205 2632 τῇ
3247 2560 3358 2632 ζωῇ
3386 2578 3509 2631 μου.
3547 2579 3567 2611 ι

2498 2654 2824 2725 ’Υπόσχεσις
2854 2653 3033 2723 ἀγαθὴ
3058 2654 3153 2707 καὶ
3184 2653 3331 2725 ζωὴν
3356 2653 3575 2707 αἰώνιον
3596 2654 3680 2725 τῷ
3717 2655 4013 2726 πληροῦντι

2370 2776 2377 2783 ~
2421 2746 2752 2819 παρέχουσα,
2782 2746 2908 2818 ὅρον
2938 2746 3034 2799 τοῦ
3068 2745 3186 2815 βίου
3225 2745 3348 2800 τινὰ
3373 2747 3474 2818 τὴν
3502 2747 3602 2800 τοῦ
3634 2748 3786 2801 Θεοῦ
3812 2748 4014 2813 δεξοὶο-

2419 2842 2547 2910 γίαν
2593 2841 2859 2897 τίθεσθαι.
2911 2841 3006 2903 Είς
3036 2840 3288 2910 ἀγγέλων
3342 2841 3452 2913 γὰρ
3490 2842 3647 2909 τάξιν
3689 2844 3725 2896 ὁ
3781 2843 4013 2907 τοιοῦτος

2420 2934 2729 3005 ἀνέρχεται.

2498 3045 2517 3077 ι
2563 3026 2850 3096 ’Πδυνθείη
2877 3025 3028 3098 αὒτῷ
3055 3028 3089 3098 ἡ
3123 3026 3347 3097 διαλογὴ
3386 3043 3511 3097 μου.
3556 3045 3575 3077 ι

2507 3115 2633 3172 Ἐὰν
2664 3118 2773 3189 γὰρ
2812 3120 2843 3173 ὁ
2887 3118 3020 3183 Θεδς
3068 3120 3166 3173 ἐπὶ
3216 3119 3661 3189 ταῖςὴμετέραις
3692 3120 3917 3191 ἀρεσθῇ

743 3211 907 3266 ctiam
956 3223 1059 3264 nos
1105 3206 1299 3261 merito
1349 3204 1403 3259 in
1452 3205 1573 3277 ipso
1619 3205 1902 3271 laetamur;
1950 3204 2077 3275 quia
2121 3204 2315 3275 partim

2425 3203 2561 3272 ξεσι,
2595 3208 2713 3261 τότε
2749 3208 2842 3261 καὶ
2858 3210 3021 3279 ἡμεῖς
3049 3208 3277 3272 εἰκότως
3299 3207 3386 3262 ἐπ’
3409 3207 3558 3278 αὐτῷ
3576 3208 4011 3279 εὐφραινόμεθα,

741 3304 961 3373 quidem
1000 3301 1142 3356 bona
1171 3299 1241 3353 ab
1268 3298 1389 3368 ipso
1430 3296 1763 3367 accepimus,
1806 3296 2003 3366 partim
2042 3295 2207 3351 etiam
2230 3312 2321 3350 ex-

744 3403 1084 3465 spectamus;
1102 3399 1264 3461 atque
1285 3389 1441 3455 illud,
1461 3387 1695 3445 Gaudete
1715 3390 1770 3443 in
1796 3386 2022 3441 Domino
2035 3402 2239 3457 semper
2253 3387 2320 3452 ",

744 3487 970 3556 implere
991 3496 1304 3555 possumus.

815 3575 981 3631 Vens.
1021 3575 1111 3630 55.
1150 3594 1169 3626 ι
1206 3571 1472 3629 Deliciant
1500 3580 1819 3641 peccatores
1847 3586 1877 3625 a
1920 3579 2084 3625 terra.
2118 3587 2138 3620 ι

818 3669 1092 3727 Ρτοωωὶο
1113 3667 1278 3724 ﬁnem
1309 3664 1725 3721 convenientem
1763 3663 2040 3733 imposuit.
2089 3661 2324 3717 Decebat

745 3764 893 3822 enim
932 3772 994 3817 ut
1013 3762 1106 3833 qui
1135 3761 1204 3817 de
1227 3758 1394 3814 tantis
1419 3756 1691 3827 mysteriis
1714 3758 1881 3812 verba
1906 3755 2148 3811 facturus
2182 3764 2319 3819 erat,

747 3856 1075 3931 principium
1117 3864 1173 3910 et
1210 3852 1373 3907 linem
1422 3849 1691 3905 sermonis
1715 3857 1983 3904 statueret
2032 3849 2129 3903 Dei
2157 3848 2323 3911 bene-

748 3949 1062 4012 dictionem,
1095 3946 1181 4001 cui
1243 3944 1407 4000 etiam
1432 3957 1536 3997 nos
1599 3941 1889 4012 diligenter
1947 3939 2320 3995 attendamus.

2425 3298 2606 3366 ἀγαθὰ
2654 3299 2787 3369 παρ’
2821 3297 2987 3353 αὐτοῦ
3016 3297 3086 3352 τὰ
3128 3298 3228 3369 μὲν
3252 3299 3355 3369 ἡδη
3384 3298 3796 3373 λαμϐάνοντες,
3853 3303 3925 3353 τὰ
3966 3302 4013 3353 δὲ

2424 3388 2871 3459 προσδεχόμενον
2900 3390 3001 3446 καὶ
3016 3389 3100 3456 τδ,
3120 3389 3364 3459 Χαίρετε
3398 3391 3471 3445 ἐν
3495 3390 3697 3459 Κυρίῳ
3732 3391 4011 3457 πάντοτε,

2425 3480 2822 3552 ἀποπληρῶσαι
2852 3479 3153 3553 δυνάμεθα.

2501 3589 2520 3623 ‹
2562 3571 2899 3627 Ἐκλείποιεν
2925 3573 3242 3645 ἁμαρτωλοὶ
3273 3574 3382 3628 ἀπὺ
3400 3574 3500 3645 τῆς
3535 3574 3658 3645 γῆς.
3702 3593 3725 3627 ›

2508 3663 2713 3727 Ἐοικδς
2736 3664 2815 3735 τῷ
2832 3665 3106 3736 προοιμίῳ
3124 3666 3295 3719 καὶτὸ
3322 3665 3475 3731 τέλος
3498 3666 3808 3739 ἐπέθηκεν.
3829 3671 3887 3722 Ἐ
3892 3672 4014 3739 χρῆν

2426 3754 2535 3827 γὰρ
2574 3757 2706 3827 περὶ
2751 3755 3092 3825 τηλικούτων
3127 3759 3445 3829 μυστηρίων
3488 3759 3815 3830 ἐνθέμενον,
3849 3763 4013 3832 ἀρχὴν

2426 3847 2520 3900 καὶ
2558 3845 2711 3909 τέλος
2739 3847 2833 3900 τοῦ
2869 3847 3029 3917 λόγου
3075 3849 3177 3921 τὴν
3217 3850 3299 3914 είς
3327 3849 3463 3904 Θεὸν
3500 3850 3761 3919 εὐλογίαν
3794 3855 4016 3921 ποιήσι-

2428 3938 2571 4002 σθαι,
2600 3933 2668 4009 ἦς
2712 3938 2808 3993 καὶ⁸
2828 3940 2989 4009 ἡμεῖς
3023 3941 3164 4010 μετὰ
3188 3940 3429 4010 σπουδῆς
3467 3940 3755 4010 ἐχώμεθα.
3782 3942 4013 4009 Εὐλογίει

747 4040 981 4096 Assidua
1020 4037 1164 4092 enim
1214 4036 1309 4090 Dei
1349 4034 1657 4090 benedictio
1690 4032 1853 4088 vitam
1890 4041 2128 4088 nostram
2174 4041 2315 4087 recte

2426 4032 2533 4102 γὰρ
2569 4031 2705 4086 Θεοῦ
2730 4033 2981 4105 διηνεκὴς
3015 4035 3095 4099 είς
3118 4034 3354 4099 εὐζωῖαν
3379 4035 3636 4106 ῥυθμίζει
3658 4036 3756 4090 τὸν
3788 4035 3909 4107 βίον
3934 4038 4013 4090 τὸν

746 4131 1005 4202 disponit.

1274 4216 1598 4273 PSALMUS
1628 4215 1763 4271 CIV.

822 4314 981 4369 Vens.
1012 4313 1064 4366 ι.
1093 4332 1111 4364 ι
1137 4309 1489 4367 Conﬁtemini
1517 4309 1773 4365 Domino.
1805 4328 1826 4361 ι

821 4405 937 4459 Non
970 4402 1171 4458 frustra
1198 4402 1433 4473 primum
1460 4400 1707 4456 conﬁteri
1754 4414 1818 4455 ac
1849 4398 2047 4455 deinde
2067 4397 2325 4454 invocare

2425 4124 2712 4196 ἡμέτερον.
3546 4194 3563 4207 ἢ

2987 4216 3283 4271 ΨΔΛΜΟΣ
3314 4217 3437 4273 ΡΔ⁹.

2504 4328 2523 4361 ι
2565 4308 3008 4379 Ἐξομολογεῖσθε
3037 4309 3118 4379 τῷ
3156 4310 3372 4381 Κυρίῳ.
3412 4328 3431 4362 ι

2496 4401 2572 4454 Ού
2622 4401 2801 4472 μάτην
2849 4401 3295 4472 ἐξομολογεῖσθαι
3326 4400 3615 4473 πρότερον,
3647 4404 3743 4456 καὶ
3764 4404 4013 4476 δεύτερον

744 4499 935 4569 jubet;
968 4495 1065 4552 sed
1111 4504 1171 4550 ut
1200 4511 1295 4566 per
1332 4492 1735 4549 confessionem
1772 4507 1803 4547 a
1830 4492 2068 4563 peccatis
2122 4490 2315 4547 nostris

2426 4492 2802 4547 ἐπικαλεῖσθαι
2863 4493 3137 4563 βούλεταιο
3197 4493 3315 4547 ἀλλ’
3369 4493 3457 4546 ἵνα
3514 4496 3749 4567 καθαροὶ
3793 4498 3887 4552 διὰ
3920 4500 4013 4566 τῆς

748 4585 1051 4652 emundati,
1124 4600 1191 4639 ex
1270 4592 1459 4637 sancto
1538 4581 1741 4652 templo
1808 4596 2055 4651 puroque
2117 4594 2315 4652 organo

2428 4584 2868 4656 έξομολογὴσεως
2912 4584 3022 4639 τῶν
3068 4585 3359 4655 ἡμετέρων
3403 4585 3837 4657 ἁμαρτημάτων
3867 4590 4012 4657 γενό-

748 4679 1010 4750 bymnum
1034 4674 1349 4730 aderamus.

825 4876 844 4908 ι
875 4854 1212 4910 Annuntiate
1237 4854 1382 4908 inter
1420 4861 1624 4923 gentes.
1667 4869 1685 4902 ι

818 4949 994 5016 Quam
1024 4947 1093 5002 ob
1122 4946 1379 5000 causam?
1418 4946 1544 5014 quia
1589 4941 1845 4997 nimirum
1883 4942 2082 5012 populo
2109 4941 2323 4997 Iudaeo-

751 5056 870 5095 rum
938 5038 1288 5108 immorigero
1338 5048 1394 5091 et
1449 5035 1784 5091 inobedienti
1852 5034 2195 5090 annuntiatio
2236 5036 2324 5089 illa

749 5130 1007 5201 prodesse
1043 5144 1157 5184 non
1194 5137 1425 5199 poterat.
1471 5127 1654 5197 Itaque
1703 5124 1975 5196 Propheta
2021 5126 2110 5181 hic
2149 5126 2323 5181 inani»

752 5224 889 5278 (este
923 5217 1170 5293 praedicit
1218 5220 1353 5291 legis
1384 5234 1447 5273 ac
1499 5219 1893 5290 prophetarum
1922 5219 2212 5274 transitum
2259 5220 2324 5275 ad

751 5324 961 5388 gentes.

820 5402 988 5459 Vsus.
1020 5402 1077 5457 5.
1110 5420 1129 5456 ι
1184 5400 1423 5456 Laetetur
1449 5414 1545 5465 cor
1570 5400 1931 5470 quaerentium
1976 5401 2316 5458 Dominum.»

824 5492 950 5547 'i'ult
987 5505 1113 5547 eum
1136 5489 1229 5561 qui
1266 5489 1558 5545 Dominum
1583 5490 1776 5559 quaerit
1812 5490 2181 5549 fortitudinem
2204 5496 2320 5549 ani-

752 5586 825 5638 mi
858 5598 1136 5639 assumere
1164 5596 1262 5652 per
1288 5582 1678 5638 continentiam
1710 5582 2071 5653 voluptatum.
2104 5587 2318 5643 Faciem

831 5796 875 5826 “⁶
900 5794 1041 5848 Psal.
1080 5808 1229 5859 xvm,
1258 5790 1310 5847 5.
1389 5793 1433 5824 “'
1465 5790 1603 5845 Phil.
1643 5795 1787 5857 ml.

2434 4694 2606 4747 μενοι,
2626 4676 2685 4741 ἐξ
2717 4675 2878 4745 ἁγίου
2906 4676 3037 4729 ναοῦ
3067 4676 3163 4730 καὶ
3194 4675 3429 4747 ὀργάνου
3453 4676 3701 4742 καθαροῦ
3721 4679 3819 4733 τὸν
3852 4679 4012 4749 ὕμνον

2433 4769 2911 4839 προσενέγκωμεν.

2510 4877 2530 4909 ι
2586 4859 2986 4928 Ἀπαγγείλατε
3013 4860 3072 4911 ὲν
3105 4861 3219 4921 τοῖς
3250 4858 3447 4912 ἔθνεσι.
3486 4878 3505 4911 ι

2501 4951 2657 5015 Τίνος
2704 4953 2901 5022 χάρινς
2945 4953 3135 5023 ἐπειδὴ
3168 4952 3259 5005 τὸν
3315 4952 3586 5005 Ἰουδαίων
3615 4951 3747 5005 λαὸν
3783 4955 4009 5024 ἀνήκοον

2430 5042 2685 5095 furax-21
2727 5043 2930 5112 ἀπειθῆ
2984 5044 3017 5113 ἡ
3068 5043 3376 5111 ἐπαγγελία
3432 5042 3663 5111 ὠφελεῖν
3719 5046 3824 5097 ούκ
3888 5048 4008 5115 ἡδὲ-

2432 5152 2581 5188 νατο.
2635 5136 2797 5188 Ὥστε
2855 5135 3039 5205 σαφῶς
3086 5137 3115 5188 ὁ
3177 5137 3472 5208 Προφήτης
3516 5139 3891 5207 προαγορεύει
3918 5140 4007 5210 τὴν

2432 5224 2527 5279 τοῦ
2558 5226 2725 5297 νόμου
2775 5227 2873 5280 καὶ
2917 5226 3027 5280 τῶν
3079 5227 3375 5299 προφητῶν
3431 5229 3511 5290 είς
3562 5230 3631 5283 τὰ
3681 5227 3815 5300 ἔθνη
3849 5234 4006 5299 μετὰ-

2432 5315 2608 5371 ϐασιν.

2506 5428 2524 5459 ι
2553 5409 2925 5481 Εύφρανθὴτω
2951 5410 3145 5481 καρδία
3167 5408 3473 5481 ζητούντων
3501 5411 3593 5464 τὸν
3620 5411 3851 5484 Κύριον.
3886 5433 3905 5465 ι

2515 5504 2690 5572 ’ἰσχὺν
2719 5503 3013 5558 ἀναλαϐεῖν
3061 5507 3125 5576 τῇ
3160 5504 3306 5576 ψυχῇ
3334 5507 3401 5576 τῇ
3428 5506 3537 5559 τῶν
3568 5507 3773 5577 ἡδονῶν
3807 5510 4001 5580 ἐγκρα-

2429 5593 2551 5663 τείᾳ.
2578 5592 2828 5662 βούλεται
2865 5593 3057 5648 τοῦτον
3090 5594 3240 5657 ὅστις
3277 5593 3435 5664 ζητεῖ
3462 5594 3552 5648 τὸν
3574 5593 3804 5666 Κύριον.
3838 5595 3999 5664 Epeo-
