4156 6452
96 419 252 488 1%3
1271 423 1731 489 FRAGMENTA
1778 421 1861 483 IN
1915 411 2274 484 PSALMOS.
3273 431 3408 496 1294

93 558 262 595 ωπον
299 543 400 609 δὲ,
440 545 502 598 οὐ
537 544 597 598 τὸ
630 543 731 614 τῆς
752 543 942 607 οὐσίας
992 541 1142 612 λέγει
1166 541 1347 613 (τοῦτο
1391 543 1500 611 γὰρ
1534 538 1709 601 οὐδεὶς

1825 545 1994 591 ιιιιειη
2027 551 2138 592 non
2176 537 2498 596 substantize
2530 539 2662 597 dicit
2697 541 2860 616 (hanc
2884 543 3032 599 enim
3062 557 3225 600 nemo
3252 545 3408 602 vide-

92 631 336 701 ὅ’‹ἶίεί·‹1ιι,
360 637 505 706 φησὶ
528 636 666 708 πρὸς
700 635 929 701 Μωσέα,
957 635 1051 690 καὶ
1083 633 1358 705 ζήσεται),
1389 632 1524 687 ἀλλὰ
1556 632 1721 701 πρόσ-

1828 627 1926 695 bit,
1952 629 2126 700 inquit
2159 630 2228 685 ad
2263 629 2524 702 Moysem,
2554 643 2609 689 et
2647 634 2849 702 vivet);
2880 637 2977 692 sed
3004 636 3174 692 facies
3205 635 3303 693 Dei
3326 651 3408 695 est

93 743 266 779 ωπον
302 728 412 782 τοῦ
448 728 585 782 Θεοῦ
622 730 656 800 ἡ
695 730 776 792 είς
814 727 978 782 αὐτὸν
1004 726 1229 796 γνῶσις.

1826 722 1947 791 ejus
1971 723 2234 793 cognitio.

181 838 203 870 ι
231 819 430 884 Αὐτὸς
457 821 662 891 Κύριος
687 821 716 874 6
739 820 875 885 Θεὸς
914 821 1092 891 ἡμῶν.
1134 839 1153 873 ι
1673 873 1698 894 ⁸

1899 812 2059 868 Vens.
2087 816 2138 869 7.
2170 834 2188 867 ι
2228 815 2349 886 lpse
2377 815 2644 873 Dominus
2676 818 2820 875 Deus
2847 831 3057 877 noster.
3105 841 3122 875 ι

173 909 304 964 Καὶ
339 911 459 983 μὴν
488 914 568 976 είς
597 912 697 984 τὴν
738 912 1004 966 Ἰουδαίαν
1030 911 1206 974 δοθεὶς
1240 912 1270 964 6
1296 912 1459 980 νόμος
1489 910 1721 980 ἐτύγχα-

1901 903 2115 961 Etenim
2158 923 2257 978 pro
2292 907 2480 964 Iudaea
2519 909 2644 965 data
2674 919 2790 968 erat
2831 914 2918 968 lex
2966 914 3107 970 :sed
3146 915 3407 986 quoniam

94 1016 224 1054 νενο
277 1001 411 1055 ἀλλ’
456 1004 646 1074 ἐπειδὴ
680 1003 790 1056 τῶν
825 1003 999 1056 ὲθνῶν
1027 1001 1192 1058 αὑτὸν
1229 1001 1616 1072 λαμὸανόντων
1644 1000 1721 1064 είς

1827 997 2078 1068 gentibus
2107 999 2252 1056 illam
2288 1001 2712 1072 suscipientibus
2769 1006 2822 1060 in
2861 1006 3178 1063 universum
3218 1009 3408 1064 orbem

92 1093 239 1164 ὅλην
264 1094 586 1149 διαϐαίνειν
613 1096 715 1164 τὴν
745 1093 1074 1164 οἰκουμένην
1098 1093 1316 1163 ἔμελλεο
1349 1092 1411 1144 τὸ
1431 1091 1721 1160 γενόμενον

1830 1090 2126 1146 transitum
2150 1104 2266 1149 erat
2300 1113 2314 1150 :
2349 1095 2403 1150 id
2432 1096 2577 1166 quod
2622 1095 2824 1152 factum
2856 1107 2943 1155 est
2970 1097 3242 1172 Propheta
3275 1101 3411 1156 insi-

94 1185 125 1237 6
181 1187 510 1258 Προφήτης
560 1188 883 1247 αίνίττεται,
942 1186 1040 1239 καὶ
1081 1186 1378 1248 δείκνυσιν,
1425 1185 1502 1247 ὼς
1558 1181 1721 1244 αὐτὸς

1827 1187 1979 1246 nuat,
2039 1192 2096 1238 et
2147 1185 2408 1252 ostendit,
2439 1187 2716 1255 quomodo
2769 1186 2911 1243 idem
2965 1189 3131 1257 Deus,
3175 1191 3269 1262 qui
3308 1191 3410 1246 soli

93 1276 273 1342 Θεὸς,
311 1281 345 1332 6
392 1279 523 1332 τότε
572 1279 707 1350 μόνη
763 1281 830 1348 τῇ
863 1277 1092 1349 Ἰουδαίᾳ
1139 1278 1231 1332 τὸν
1275 1277 1441 1346 νόμον
1478 1274 1721 1350 καὶτοὺς

1826 1271 2029 1329 Iudaeae
2079 1275 2255 1346 legem
2306 1284 2363 1330 et
2426 1279 2719 1348 prophetas
2770 1280 3013 1349 dederat,
3059 1283 3410 1354 postmodum

97 1371 426 1441 προφήτας
455 1371 729 1435 δεδωκὼς,
775 1372 856 1434 είς
901 1371 1088 1424 πᾶσαν
1126 1371 1324 1432 αὐτοὺς
1349 1369 1578 1438 ὓστερον
1626 1367 1721 1437 τὴν

1827 1362 1974 1432 ipsos
2006 1365 2062 1418 in
2091 1381 2312 1422 omnem
2352 1377 2553 1424 terram
2578 1370 3027 1429 manilestaverit.

97 1460 214 1530 γῆν
253 1461 443 1529 ὲφανέ
453 1477 650 1532 ρωσεν.

1900 1537 2063 1594 Vens.
2087 1541 2142 1595 8.
2182 1559 2202 1593 ι
2237 1541 2444 1596 Memor
2477 1541 2580 1597 fuit
2613 1543 2670 1596 in
2709 1545 2969 1601 sacculum
3013 1551 3345 1604 testamenti.
3385 1573 3403 1602 ι

185 1571 207 1603 ι
265 1553 565 1624 Ἐμνήσθη
602 1555 683 1617 είς
712 1553 806 1606 τὸν
827 1552 1000 1606 αίῶνα
1029 1551 1319 1622 διαθήκης.
1371 1570 1390 1604 ι

179 1645 386 1699 Αίῶνα
441 1645 544 1716 μὲν
585 1646 681 1699 καὶ
733 1645 908 1715 χιλίας
951 1643 1149 1712 γενεὰς
1184 1644 1276 1696 τὸν
1308 1644 1556 1715 παρόντα
1613 1641 1725 1712 βίον

99 1736 288 1804 λέγει·
326 1737 396 1788 οὐ
429 1736 610 1807 χιλίας
654 1737 873 1800 πάντως
900 1736 1099 1804 γενεὰς
1143 1733 1576 1807 ἀριθμούμενος,
1607 1733 1725 1787 ἀλλ’

1897 1629 2168 1688 Saeculum
2195 1635 2420 1704 quidem
2468 1651 2534 1691 ac
2573 1636 2722 1690 mille
2743 1639 3126 1707 generationes
3168 1643 3408 1713 appellat

1827 1723 1996 1778 vitam
2023 1734 2352 1793 prasentem
2376 1743 2392 1790 ;
2413 1742 2526 1782 non
2552 1727 2696 1796 quod
2721 1727 2868 1782 mille
2897 1733 3277 1799 generationes
3304 1749 3406 1788 nu-

103 1826 239 1889 ἔθος
269 1829 346 1897 τῇ
378 1826 507 1895 θεία
529 1827 718 1897 Γραφῇ
748 1827 841 1880 τὸν
869 1826 978 1880 τῶν
1015 1825 1206 1896 χιλίων
1236 1824 1473 1896 ἀριθμὸν
1505 1825 1598 1878 ἐπὶ
1627 1825 1720 1880 τοῦ

1829 1820 2023 1879 meret,
2075 1814 2173 1869 sed
2219 1815 2346 1885 quia
2401 1830 2520 1870 mos
2564 1824 2646 1870 est
2692 1813 3014 1886 Scriptura!
3043 1818 3406 1876 millenarium

104 1913 376 1984 πλήθους
429 1914 763 1986 ἐκδέχεσθαι·
799 1915 876 1979 ὠς
897 1916 1028 1969 ὅταν
1079 1917 1288 1986 Πέτρος
1315 1915 1471 1988 λέγῃ·
1511 1914 1722 1986 Ἡμέρα

101 2007 222 2074 μία
253 2006 433 2075 παρὰ
469 2007 691 2075 Κυρίου
705 2006 786 2070 ὡς
814 2007 983 2075 χίλια
1011 2007 1139 2075 ἐτη.
1166 2007 1275 2061 Καὶ
1309 2007 1474 2061 πάλιν
1503 2007 1720 2080 Δανιήλο

107 2099 324 2151 xum
385 2095 662 2165 χιλιάδες
721 2097 1144 2167 ἐλειτούργουν
1205 2097 1387 2165 αὐτῷ.
1447 2100 1726 2171 Διαθήκην

107 2189 171 2242 δὲ
227 2186 490 2242 ἐνταῦθα
536 2187 637 2259 τὴν
683 2188 934 2243 Παλαιὰν
999 2188 1278 2258 ἐννόησον,
1337 2189 1433 2243 καὶ
1478 2191 1636 2260 λόγον
1666 2191 1724 2245 δν

111 2283 175 2335 ὲν
207 2281 362 2352 αὐτῇ
396 2280 532 2350 περὶ
556 2279 687 2344 τοὺς
710 2279 1066 2351 πατριάρχας
1096 2279 1405 2351 ἐξεϐόησεν.

199 2483 221 2517 s
265 2465 374 2519 Ὃν
400 2462 612 2518 διέθετο
629 2461 709 2533 τῷ
758 2461 1028 2532 Ἀϐραάμ.
1065 2479 1084 2514 ι

194 2557 408 2621 Ἀλλος
456 2555 644 2628 φησίνο
696 2556 806 2609 ὀν
867 2554 1238 2609 συνετέλεσε
1288 2553 1440 2622 μετὰ
1480 2550 1587 2606 τοῦ
1645 2553 1726 2606 Ἆ-

118 2647 349 2718 ϐραάμ.

201 2757 225 2791 ε
272 2739 394 2792 Καὶ
415 2737 634 2809 διῆλθον
660 2737 723 2802 ἐξ
759 2736 944 2802 ἔθνους
961 2737 1042 2800 είς
1064 2734 1240 2800 ἔθνος.
1275 2755 1296 2789 ι

200 2919 398 2976 Πολλὰ
472 2917 582 2990 γὰρ
650 2917 778 2986 ἔθνη
838 2916 1129 2986 μετῆλθον,
1214 2916 1409 2987 μέχρις
1481 2916 1570 2970 ὅτε
1626 2916 1726 2984 τῆς

127 3009 581 3080 ἱπαγγιλθείσης
639 3009 825 3071 αὐτοῖς
861 3009 966 3077 γῆς
1008 3007 1102 3061 τδν
1157 3006 1360 3077 κλῆρον
1391 3006 1722 3078 παρέλαϐον.

211 3122 232 3156 ε
265 3103 393 3157 Οὐκ
416 3101 632 3170 ἀφῆκεν
658 3099 946 3169 ἄνθρωπον
974 3099 1233 3169 ἀδικῆσαι
1261 3099 1482 3161 αὐτούς.
1520 3118 1540 3149 ι

1832 1919 2122 1960 numerum
2154 1919 2254 1975 pro
2283 1905 2636 1962 multitudine
2663 1907 2912 1977 accipere
2940 1920 3036 1967 :ut
3063 1927 3187 1968 cum
3215 1912 3412 1969 Petrus

1829 1997 1903 2052 ait
1930 2012 1944 2049 :
1975 1997 2116 2052 Unus
2131 1998 2242 2051 dies
2273 2000 2417 2068 apud
2444 1998 2727 2052 Dominum
2757 2000 2890 2054 sicut
2920 2002 3064 2056 mille
3088 2006 3217 2058 anni
3248 2005 3313 2060 “.
3347 2005 3412 2060 Et;

1827 2106 2020 2146 rursus
2081 2089 2309 2146 Daniel:
2354 2090 2529 2146 Millia
2588 2094 2815 2149 millium
2867 2096 3408 2154 miniatrabantei".

1828 2183 2241 2240 Testamentum
2289 2194 2473 2241 autem
2524 2185 2629 2242 hoc
2687 2188 2810 2244 loco
2851 2199 3012 2244 vetus
3061 2189 3320 2263 intellige,
3354 2202 3412 2247 ct

1829 2274 2058 2331 verbum
2125 2275 2271 2344 quod
2329 2275 2384 2330 in
2456 2290 2523 2332 eo
2577 2276 2645 2332 de
2694 2278 3024 2347 patriarcltis
3087 2281 3406 2350 pronuntia-

1832 2366 1926 2422 vit.
2025 2365 2027 2368 ⁴

1903 2459 2065 2515 Vens.
2092 2458 2147 2515 9.
2180 2477 2199 2511 ι
2243 2458 2397 2525 Quod
2418 2458 2694 2530 disposuit
2719 2460 2786 2515 ad
2812 2460 3108 2519 Abraham.
3143 2481 3164 2516 ιι

1899 2553 2053 2608 Alius
2073 2553 2151 2607 ait
2187 2570 2202 2607 :
2234 2551 2384 2617 Quod
2414 2555 2794 2608 consummavit
2826 2569 2944 2609 cum
2973 2555 3267 2610 Abraham.

1899 2733 2067 2789 Vens.
2095 2733 2183 2788 l3.
2225 2751 2244 2786 ι
2279 2732 2347 2788 Ει
2385 2735 2826 2805 pertransierunt
2847 2737 2917 2794 de
2946 2746 3110 2810 gente
3163 2738 3221 2793 in
3273 2753 3409 2811 gen-

1831 2833 1961 2879 tem.
2000 2842 2020 2873 ι

1894 2913 2090 2969 Multas
2112 2914 2258 2969 enim
2280 2923 2470 2985 gentes
2497 2926 2875 2986 peragrarunt,
2893 2915 3068 2975 donec
3092 2928 3252 2977 terra
3275 2920 3410 2992 ipsis

1830 3005 2111 3074 promissa:
2147 3005 2520 3060 haereditatetn
2543 3007 2876 3077 acciperent.

1898 3097 2060 3151 Vens.
2088 3097 2173 3150 l6.
2221 3115 2241 3148 ι
2275 3095 2394 3151 Non
2422 3097 2667 3167 permisit
2704 3099 2985 3157 hominem
3017 3117 3218 3159 nocere
3247 3105 3349 3178 eis.
3378 3126 3400 3158 ο

217 3196 405 3266 Ἐρεῖς
456 3191 622 3246 ταυτδ
665 3192 759 3245 καὶ
801 3190 932 3262 περὶ⁵
989 3189 1084 3244 τοῦ
1119 3190 1329 3244 Λάδαν·
1385 3190 1560 3260 τούτῳ
1611 3191 1721 3263 7&9

1899 3188 2049 3244 ldem
2108 3188 2257 3244 dices
2308 3188 2474 3242 etiam
2529 3189 2598 3244 de
2652 3190 2838 3246 Laban
2888 3211 2902 3246 :
2955 3209 3084 3249 nam
3134 3207 3189 3252 et
3247 3197 3403 3263 huic,

130 3289 195 3341 οὐ
253 3284 610 3356 συνεχώρησε
667 3283 758 3338 τὸν
827 3281 1028 3337 Ἰακὼϐ
1076 3282 1357 3354 ἀδικῆσαι,
1403 3282 1498 3335 καὶ
1548 3281 1723 3337 ταῦτα

135 3377 482 3448 βουλομένῳ.

209 3489 231 3524 t
270 3471 367 3540 Μὴ
395 3467 638 3524 ᾇπτεσθε
663 3466 774 3521 τῶν
806 3466 1046 3537 χριστῶν
1081 3485 1204 3538 μου.
1229 3486 1250 3519 ι

206 3559 446 3634 Χριστοὶ
489 3558 549 3614 δὲ
577 3560 627 3611 οἱ
660 3557 1024 3629 πατριάρχαι,
1049 3559 1148 3612 οὐκ
1181 3559 1348 3628 ἐλαίῳ
1378 3557 1720 3629 χρισθέντες,

135 3653 278 3724 ἀλλὰ
301 3656 372 3725 τῇ
405 3649 669 3723 μετουσίᾳ
716 3647 812 3703 τοῦ
847 3649 1186 3722 Πνεύματοςο
1219 3651 1315 3720 ἀφ’
1343 3645 1412 3722 ἧς
1448 3649 1542 3703 καὶ
1587 3665 1724 3720 προ-

139 3747 312 3816 φῆται
367 3743 648 3812 ἐλέγοντο.
699 3741 974 3812 Ἀκήκοας
1017 3743 1127 3814 γὰρ
1160 3743 1310 3805 ὃπως
1333 3742 1428 3796 τὸν
1469 3741 1722 3813 Ἀϐραὰμ

136 3839 166 3889 6
197 3837 334 3900 Θεὸς
387 3837 450 3888 ὲν
484 3837 631 3899 τοῖς,
657 3832 796 3904 πρὸς
855 3832 1150 3904 ’Δθιμὲλεχ
1199 3833 1377 3902 λόγοις
1433 3834 1723 3904 ποοιρήτην

137 3927 606 3999 προσηγόρευσεν.

215 4040 236 4072 ι
277 4021 396 4075 Πᾶν
433 4018 710 4090 στήριγμα
739 4020 908 4091 ἄρτου
931 4016 1272 4087 συνέτριψεν.
1308 4035 1330 4068 ια

212 4198 506 4262 Τουτέστι,
531 4198 720 4250 Πᾶσαν
743 4194 1044 4249 ὑπόστασιν
1069 4195 1278 4264 τροφῆς
1311 4191 1665 4263 συντριϐῆναι
1694 4193 1724 4244 6

141 4292 445 4362 Προφήτης
510 4288 817 4359 ἱστόρησεν.
870 4287 1100 4356 Ἕτερος
1178 4285 1526 4357 ἑρμηνευτής
1589 4300 1722 4353 φησι

138 4384 502 4451 βακτηρίαν,
539 4379 820 4432 τουτέστιν
842 4379 1044 4446 ισχύν.

218 4492 238 4524 ι
287 4469 711 4537 Ἐξαπέστειλεν
736 4465 1046 4537 ἔμπροσθεν
1075 4468 1254 4521 αὐτῶν
1280 4468 1587 4541 ἄνθρωπον.
1630 4489 1647 4520 ι

1805 3279 2174 3363 quantumvis
2198 3280 2424 3346 volenti,
2462 3281 2683 3337 minime
2717 3284 2967 3353 permisit
2994 3295 3053 3340 ut
3080 3283 3282 3345 Iacobo
3303 3305 3407 3345 no-

1826 3384 1995 3431 ceret.

1897 3462 2060 3519 Vens.
2108 3463 2194 3519 l5.
2232 3481 2250 3515 ι
2278 3462 2456 3518 Nolite
2497 3472 2725 3536 tangere
2755 3466 2992 3524 christos
3020 3485 3194 3525 meos.
3240 3489 3260 3523 ιι

1895 3555 2098 3612 Christi
2143 3564 2328 3610 autem
2372 3566 2502 3612 sunt
2547 3559 2874 3628 patriarchae
2911 3576 3027 3616 non
3064 3563 3188 3619 oleo
3231 3564 3402 3624 uncti.

1825 3647 1920 3704 sed
1967 3647 2384 3717 participatione
2433 3647 2672 3718 Spiritus
2704 3667 2717 3703 :
2761 3651 2906 3706 unde
2928 3653 3093 3708 etiam
3121 3655 3402 3724 propheta

1824 3738 2182 3794 vocabantur.
2229 3735 2500 3791 Audivisti
2553 3739 2701 3794 enim
2741 3742 3016 3808 quomodo
3043 3743 3186 3798 Deus
3235 3743 3399 3798 etiam

1826 3829 2098 3886 Abraham
2123 3830 2178 3884 in
2204 3830 2318 3886 suis
2352 3830 2421 3886 ad
2450 3831 2864 3887 Abimelechum
2903 3833 3249 3890 sermonibus
3275 3850 3404 3904 pro-

1829 3923 2047 3993 phetam
2090 3923 2443 3993 appellaverit
2481 3924 2548 3979 ".
3249 3991 3256 3995 η

1896 4011 2175 4069 Vens.l6.
2228 4033 2248 4064 ι
2299 4014 2367 4069 Ει
2418 4029 2583 4072 omne
2617 4015 3025 4075 ﬁrmamentum
3079 4020 3235 4092 panis
3268 4039 3406 4081 con-

1825 4105 1997 4160 trivit.
2034 4124 2054 4157 ι

1897 4195 1955 4252 ld
1984 4205 2090 4261 est,
2118 4196 2351 4252 Omnem
2378 4198 2485 4253 cibi
2519 4200 2884 4256 substantiam
2911 4204 3204 4260 contritam
3235 4206 3406 4266 fuisse

1831 4290 2099 4360 Propheta
2134 4290 2395 4346 narravit.
2434 4291 2590 4346 Alius
2623 4292 2897 4363 interpres
2924 4295 3002 4350 ait
3027 4297 3296 4364 baculum,
3349 4300 3403 4354 id

1825 4391 1909 4437 est
1935 4383 2113 4435 robur.

1901 4469 2062 4526 Vens.
2094 4469 2180 4522 l7.
2218 4488 2236 4520 ι
2266 4469 2411 4524 Misit
2435 4479 2562 4526 ante
2597 4488 2692 4528 eos
2722 4476 3020 4532 hominem.
3060 4495 3080 4528 ιι

213 4564 498 4618 Δείκνυσιν
528 4563 610 4614 ὅτι
639 4560 709 4613 τὰ
745 4562 858 4622 τοῖς
884 4560 1058 4628 ἁγίοις
1090 4560 1481 4628 συμϐαίνοντα,
1517 4563 1721 4615 οίκονο-

1901 4560 2155 4617 Ostendit
2192 4559 2282 4614 illa
2329 4576 2451 4629 quae
2503 4563 2708 4619 sanctis
2761 4566 3017 4620 accidunt
3071 4567 3405 4623 admirabilis

147 4650 273 4718 μίας
293 4651 438 4713 τινὸς
462 4649 785 4718 θαυμαστῆς
811 4647 904 4700 καὶ
947 4647 1281 4718 δοξαζούσης
1315 4651 1478 4703 αὐτόν
1499 4669 1556 4703 τε
1587 4652 1718 4705 Θεὸν

145 4741 240 4792 καὶ
276 4741 406 4803 τοὺς
461 4741 774 4810 πάσχοντας
818 4738 1052 4805 γίνεται.
1102 4740 1236 4792 Ἰδοὺ
1282 4739 1392 4811 γὰρ
1424 4742 1517 4794 καὶ
1543 4743 1572 4793 6
1610 4744 1719 4796 Ὶωο

147 4832 254 4901 σὴφ
284 4833 365 4896 είς
395 4831 644 4885 δουλείαν
673 4831 914 4900 ἐπράθη,
952 4830 1094 4884 ὥστε
1140 4831 1451 4902 ἔμπροσθεν
1479 4833 1573 4886 τοῦ
1605 4835 1718 4888 λοι-

147 4923 249 4976 ποῦ
280 4924 472 4992 γένους
504 4922 902 4991 ἀποσταλῆναισ
933 4922 1232 4987 τουτέστιν,
1263 4922 1404 4977 ὥστε
1428 4925 1722 4995 προλαϐεῖν

147 5016 242 5068 καὶ
295 5017 618 5088 εὐτρεπίσαι
666 5015 852 5078 αὐτοῖς
888 5016 987 5085 τὴν
1038 5017 1118 5078 είς
1162 5015 1439 5082 Αἴγυπτον
1473 5017 1719 5074 κάθοδονο

147 5106 238 5173 ἀφ’
261 5101 328 5178 ἦς
356 5106 662 5179 τηλικαῦτα
683 5105 1018 5178 ἠκολούθησε
1056 5106 1331 5177 θαύματα.

223 5303 241 5336 ι
284 5286 378 5349 Ei;
407 5284 594 5338 δοῦλον
629 5284 844 5357 ἐπράθη
879 5285 1102 5353 Ἰωσήφ.
1143 5304 1163 5337 ιι

219 5376 293 5428 Τὸ
321 5377 546 5448 στερρὸν
571 5377 681 5429 τῶν
714 5375 1041 5445 πειρασμῶν
1073 5377 1166 5428 καὶ
1201 5379 1262 5430 τὸ
1297 5379 1516 5449 ἰσχυρὸν
1554 5395 1718 5453 προσ-

150 5465 410 5535 ηγόρευσε
440 5467 680 5537 σίδηρον,
713 5466 847 5536 ὅπερ
883 5466 971 5518 διὰ
1003 5466 1101 5536 τῆς
1134 5467 1413 5537 ὑπομονῆς
1449 5472 1478 5522 ό
1520 5471 1717 5545 Ἰωσὴφ

150 5553 401 5610 διέϐαινε·
437 5560 529 5611 καὶ
563 5558 799 5628 πάροδος
845 5556 997 5627 αὐτῷ
1030 5557 1096 5610 τὰ
1133 5557 1354 5628 λυπηρὰ
1393 5561 1481 5614 διὰ
1512 5581 1718 5636 μακρο-

154 5647 346 5717 θυμίαν
373 5652 600 5718 ἐγίνετο.

222 5837 266 5869 ⁸⁸
302 5837 454 5895 cht.
495 5855 571 5904 ιιι,
605 5839 658 5894 8.
737 5841 780 5873 "
821 5840 1059 5903 Damni,
1091 5843 1142 5898 l.
1223 5845 1266 5876 ⁷ο
1293 5843 1436 5900 Gen.
1468 5861 1559 5912 xx,
1600 5847 1648 5899 7.

1825 4653 2107 4723 cujusdam
2138 4665 2259 4705 esse
2285 4649 2729 4720 dispensationis,
2753 4671 2876 4724 quae
2900 4666 3007 4710 tam
3035 4657 3210 4727 ipsum
3235 4659 3402 4714 Deum

1826 4760 1990 4816 quam
2021 4757 2118 4796 eos
2147 4740 2238 4810 qui
2273 4741 2376 4795 ista
2413 4742 2699 4811 patiuntur
2725 4745 2989 4816 gloriosos
3014 4747 3231 4803 efficiat.
3264 4750 3403 4804 Ecce

1828 4835 1974 4888 cnim
2006 4831 2206 4899 Joseph
2257 4830 2422 4884 etiam
2452 4834 2707 4889 venditus
2735 4846 2818 4891 est
2854 4837 2907 4891 in
2952 4839 3294 4906 servitutem,
3345 4853 3405 4896 ut

1826 4935 1952 4980 ante
2008 4923 2273 4991 reliquum
2321 4937 2491 4992 genus
2533 4926 2956 4993 prmmitteretur
3002 4948 3015 4984 :
3079 4930 3132 4985 id
3187 4941 3289 4997 est,
3346 4941 3406 4985 ut

1827 5017 2154 5087 anticiparet
2230 5024 2286 5068 et
2350 5026 2682 5084 praepararet
2745 5018 2878 5089 ipsis
2953 5021 3276 5077 descensum
3348 5023 3404 5076 in

1827 5109 2122 5181 JEgyptum
2160 5123 2172 5158 :
2203 5106 2348 5160 unde
2376 5105 2504 5161 talia
2531 5115 2788 5181 tantaque
2833 5113 3094 5170 miracula
3123 5123 3252 5170 sunt
3273 5131 3404 5171 con-

1827 5210 2032 5258 secuta.

1904 5312 1922 5344 ι
1956 5291 2009 5344 In
2041 5303 2260 5344 servum
2287 5291 2646 5368 venumdatus
2673 5303 2756 5349 est
2775 5295 3001 5367 Ioseph.
3039 5317 3060 5349 ι

1894 5382 2158 5439 Duritiam
2187 5380 2532 5449 rigoremque
2579 5386 2939 5441 tentationum
2963 5387 3253 5458 appellavit
3287 5389 3400 5444 fer-

1822 5491 1964 5539 rum,
1991 5472 2135 5543 quod
2167 5486 2266 5541 per
2297 5471 2640 5528 tolerantiam
2679 5477 2881 5548 Joseph
2920 5480 3312 5549 pertransivit;
3344 5489 3403 5534 et

1821 5584 1910 5623 res
1951 5566 2141 5620 tristes
2172 5574 2396 5633 propter
2425 5565 2544 5635 ejus
2575 5567 3040 5640 longanimitatem
3086 5572 3188 5642 ipsi
3222 5580 3401 5626 trans-

1817 5663 1929 5715 itus
1957 5660 2197 5716 luerunt.
