4156 6452
707 331 850 399 1299

1897 334 2267 394 HESYCHII
2306 333 2780 394 PRESBYTER]

3885 323 4038 389 i306

706 451 854 524 quod
899 463 1040 520 aqua
1082 458 1307 520 egentes
1355 447 1500 503 illam
1543 447 1772 504 minime
1819 451 2150 519 petiverint,
2195 450 2290 506 sed

2415 449 2591 514 ὓδατος
2625 451 2725 503 οὐκ
2752 449 2940 519 ᾔτουν,
2967 447 3085 500 ἀλλ’
3110 447 3421 517 ἐπείραζον.
3450 446 3600 516 Πλὴν
3627 446 4038 513 θαυματοιρς

707 550 879 604 Deum
926 542 1280 600 tentaveriut.
1313 542 1702 597 Verumtamen
1745 543 1889 598 Deus
1933 559 1962 598 a
2007 544 2288 598 miraculis

707 635 934 691 minime
987 631 1244 689 cessavit.
1308 631 1431 685 Non
1481 631 1629 685 enim
1687 631 1932 697 distulit,
1989 647 2169 701 neque
2231 632 2284 686 in

706 726 875 781 alium
908 725 1087 778 locum
1116 722 1351 793 migrare
1373 722 1556 792 jussit,
1597 732 1658 775 ut
1685 737 1840 790 aqua:
1870 724 2084 793 copiam
2127 738 2286 793 repe-

709 817 904 882 rirent,
933 815 1030 872 sed
1058 823 1257 870 terram
1291 813 1563 869 desertam
1594 821 1650 868 et
1677 813 2011 869 sitibundam
2039 815 2107 869 de
2135 824 2287 885 petra

709 910 918 965 fontem
948 922 1102 977 aqua:
1134 905 1438 977 producere
1470 905 1620 960 fecit.

781 999 949 1054 Vens.
987 997 1075 1051 l7.
1113 1014 1132 1048 ι
1161 997 1362 1067 Aperta
1394 1005 1478 1050 est
1510 1005 1676 1051 terra.
1718 1015 1736 1046 ι

781 1089 1015 1158 Quando
1041 1089 1511 1145 tumultuabantur
1537 1100 1729 1144 contra
1762 1090 1998 1161 Moysem
2025 1099 2082 1145 et
2119 1090 2290 1143 Aaro-

712 1197 864 1251 nem,
904 1182 1048 1237 facta
1092 1181 1354 1252 voragine
1401 1181 1644 1251 absorpti
1676 1191 1824 1238 sunt.
1869 1181 2059 1237 Merito
2107 1188 2289 1235 autem

713 1275 848 1345 ipsis
895 1275 1001 1330 hoc
1051 1288 1224 1345 genus
1269 1275 1520 1346 supplicii
1568 1273 1787 1329 accidit.
1824 1274 1962 1330 Cum
2006 1274 2152 1331 enim
2198 1287 2294 1328 eos

713 1371 809 1442 qui
861 1386 1012 1427 mare
1044 1370 1291 1433 Rubrum
1323 1371 1795 1441 pertransiverant
1825 1373 2256 1427 subsannassent
2276 1408 2291 1433 ,

715 1464 820 1537 ipsi
852 1473 993 1521 terra
1023 1465 1266 1534 absorpti
1295 1464 1601 1534 perierunt.

785 1554 950 1618 Vens.
982 1556 1073 1611 Ἡ.
1110 1575 1129 1608 ι
1164 1556 1235 1610 Et
1259 1570 1358 1626 pro
1380 1555 1554 1610 nihilo
1580 1555 1893 1611 habuerunt
1919 1567 2120 1611 terram
2146 1556 2292 1612 desi-

716 1646 1041 1702 derabilem.
1075 1663 1093 1696 ι

787 1738 1013 1794 Terram
1082 1739 1409 1809 promissam
1469 1738 1755 1806 intelligit,
1824 1738 2046 1806 quando
2108 1737 2298 1793 labore

2393 543 2507 611 γῶν
2542 545 2571 594 ό
2595 541 2730 606 Θεὸς
2766 541 2868 594 οὐκ
2897 540 3157 593 ἐπαύετο.
3195 539 3332 593 Οὐδὲ
3359 538 3471 609 γάρ
3498 537 3853 598 ἀνεϐάλετο,
3903 536 4037 588 οξ.ιέ

2393 635 2474 697 είς
2525 633 2716 705 ἕτερον
2749 632 3088 703 μεταστῆναί
3134 631 3336 696 τόπον,
3381 630 3524 683 ὥστε
3563 628 3775 690 ὓδατος
3821 626 4034 695 εὐρέε

2395 723 2661 795 χορηγίαν
2735 722 3058 789 ἐκέλευσεν,
3114 721 3251 776 ἀλλὰ
3317 720 3419 790 τὴν
3483 720 3702 790 ἔρημον
3767 714 3885 768 καὶ
3963 715 4032 767 δε-

2395 817 2538 886 ψάδα
2595 815 2820 886 ἔνυδρον
2861 814 3048 886 πηγὴν
3084 811 3417 884 προαγαγὼν
3465 811 3578 866 ἀπὸ
3623 812 3735 879 τῆς
3785 807 4030 876 πέτρας

2397 907 2616 971 ἔδειξεν.

2475 1014 2494 1046 ι
2529 995 2788 1066 Ἦνοίχθη
2823 996 2855 1065 ὴ
2885 993 2975 1064 γῆ.
3012 1012 3030 1044 ι

2485 1085 2679 1139 Ἦνίκα
2737 1085 3035 1147 συστάντες
3093 1082 3239 1138 κατὰ
3282 1081 3564 1142 Μωῦσέως
3613 1079 3718 1132 καὶ
3763 1076 4022 1147 Ἀαρὼν,

2399 1181 2680 1252 χάσματος
2703 1177 2996 1246 γενομένου
3016 1174 3420 1244 κατεπόθησαν.
3446 1171 3695 1233 Εἰκότως
3721 1169 3786 1222 δὲ
3818 1169 4020 1234 αὐτοῖς

2400 1270 2556 1326 τοῦτο
2584 1271 2682 1341 τῆς
2709 1268 2984 1340 τιμωρίας
3012 1266 3078 1319 τὸ
3102 1260 3244 1328 εἶδος
3268 1263 3606 1318 συνέϐαινεν.
3631 1260 3887 1329 Ἐπειδὴ
3915 1258 4021 1326 γὰρ

2399 1363 2526 1425 τοὺς
2549 1362 2649 1433 τὴν
2677 1359 2956 1431 Ἐρυθρὰν
3001 1358 3282 1413 Θάλασσαν
3311 1354 3625 1417 διελθόντας
3662 1351 4018 1422 ἐφαύλισαν,

2401 1455 2556 1510 αὐτοὶ
2591 1454 2691 1525 τῆς
2722 1453 2828 1523 γῆς
2857 1451 3265 1522 συλληφθείσης
3299 1447 3600 1502 ἀπώλοντο.

2479 1564 2498 1595 ε
2533 1543 2644 1596 Καὶ
2668 1541 3030 1609 ἐξουδένωσαν
3060 1544 3164 1611 γῆν
3195 1539 3567 1610 ἐπιθυμητήν.
3611 1556 3630 1587 ι

2477 1717 2590 1789 Τὴν
2616 1716 3050 1786 ἐπαγγελθείσαν
3069 1716 3243 1784 λέγει,
3261 1715 3428 1786 ἡνίκα
3455 1714 3584 1777 τοὺς
3602 1709 4018 1768 κατασκόπους

718 1826 895 1884 fessos
941 1797 1227 1891 miserant,
1269 1835 1328 1882 et
1367 1826 1538 1881 multa
1583 1797 1888 1898 magnaque
1916 1825 1986 1879 de
2016 1825 2118 1879 ista
2155 1834 2299 1879 terra

2415 1809 2742 1881 πέμψαντες,
2769 1809 2868 1862 καὶ
2890 1807 3061 1860 πολλὰ
3085 1808 3186 1861 ὅσα
3211 1807 3311 1876 τῆς
3339 1807 3442 1876 γῆς
3465 1803 3794 1876 ἀκηκοότες
3833 1797 4016 1868 ἐγκώ-

719 1920 969 1976 cncomia
1016 1920 1338 1986 audientes,
1393 1920 1450 1974 in
1502 1917 1796 1990 Egyptum
1858 1916 2056 1972 reve'rti
2109 1916 2300 1972 volue-

723 2017 876 2065 runt.

791 2101 958 2157 Vens.
989 2101 1077 2156 σε.
1119 2118 1138 2153 ι
1172 2100 1240 2156 Et
1265 2101 1620 2158 irritaverunt
1639 2117 1764 2157 eum
1789 2102 1858 2157 ad
1883 2115 2098 2170 aquam.
2136 2120 2153 2152 ι
2226 2100 2232 2108 ’

794 2194 924 2249 Haec
951 2196 1119 2248 verba
1148 2191 1430 2248 declarant
1461 2201 1836 2263 contemptum
1869 2202 2031 2247 terrae
2063 2208 2077 2243 :
2112 2191 2304 2245 Audite

723 2298 830 2350 me,
860 2282 1152 2349 increduli;
1185 2283 1421 2353 nunquid
1450 2298 1514 2336 ea:
1542 2291 1692 2352 petra
1731 2285 1831 2336 hac
1865 2284 2142 2336 educemm
2165 2281 2305 2336 vobis

725 2390 926 2446 aquam
953 2374 1037 2428 "‘2
1077 2372 1496 2428 Distiuctionem
1541 2387 1675 2430 vero
1719 2373 1775 2427 in
1821 2372 1980 2428 labiis
2021 2388 2130 2428 non
2175 2372 2307 2427 dicit

727 2465 1024 2522 verborum
1080 2464 1530 2535 ambiguitatem,
1585 2479 1751 2535 quam
1801 2464 2015 2535 Moyses
2064 2478 2097 2518 e
2150 2473 2305 2534 petra

728 2556 1053 2614 miraculum
1094 2556 1305 2612 faciens
1351 2558 1632 2624 sustinuit,
1663 2557 1760 2614 sed
1802 2557 1856 2613 id
1900 2557 2067 2627 quod,
2097 2557 2177 2613 uti
2210 2573 2309 2628 par

730 2658 868 2712 erat,
895 2649 1213 2708 Judteorum
1249 2652 1454 2722 populo
1482 2652 1786 2723 contigerat
1813 2651 2103 2722 expendit;
2133 2666 2309 2721 quan-

730 2740 1020 2811 doquidem
1070 2742 1292 2798 assidue
1337 2743 1717 2800 inobedientes
1754 2753 1811 2800 et
1846 2751 2122 2802 tentantes
2160 2743 2309 2814 fece-

731 2840 859 2891 rant
889 2842 951 2889 ut
976 2833 1098 2905 ipse
1126 2836 1464 2906 contemptui
1499 2836 1815 2892 haberetur.

801 3011 968 3067 Vens.
999 3010 1093 3068 55.
1129 3028 1148 3063 ι
1185 3011 1257 3067 Et
1284 3011 1556 3067 commisti
1591 3019 1722 3067 sunt
1751 3013 1895 3066 inter
1923 3018 2134 3081 gentes.
2167 3028 2186 3062 ι

801 3099 926 3156 Νοιι
953 3102 1129 3155 solum
1156 3101 1338 3171 impiis
1361 3111 1753 3172 pepercerunt,
1775 3116 1967 3156 verum
1993 3099 2158 3156 etiam
2187 3115 2312 3159 cum

734 3191 869 3263 ipsis
897 3193 1344 3249 communionem
1371 3192 1594 3263 impiam
1617 3201 2004 3250 exercuerunt.

812 3280 976 3339 Vens.
1027 3285 1116 3339 59.
1163 3302 1182 3338 ι
1221 3283 1289 3339 Ει
1325 3281 1581 3340 fornicati
1627 3294 1760 3339 sunt
1806 3284 1863 3339 in
1913 3281 2318 3340 adinventioni-

737 3370 861 3431 bus.
897 3389 949 3427 ι.

807 3465 1249 3524 Fornicationem
1299 3467 1463 3540 igitur
1513 3467 1604 3525 hic
1657 3477 1817 3526 vocat
1868 3467 2233 3525 defectionem
2291 3483 2318 3520 a

740 3559 876 3618 Deo.
1330 3556 1351 3572 ”

811 3655 958 3713 Vnus
994 3655 1085 3712 41.
1137 3674 1158 3708 ι
1196 3654 1266 3711 Ει
1309 3655 1531 3724 tradidit
1573 3671 1671 3713 eos
1718 3657 1774 3713 in
1824 3675 2021 3716 manus
2068 3660 2322 3715 inimico-

740 3763 886 3805 rum.
925 3766 946 3802 ι

811 3839 994 3896 Simul.
1035 3847 1093 3895 et
1138 3838 1234 3894 Dei
1287 3838 1638 3895 clementiam
1687 3841 1962 3904 laudavit.
2003 3852 2063 3898 et
2104 3843 2322 3897 illorum

742 3926 1006 3984 malitiam
1061 3924 1266 3996 tragice
1322 3927 1624 3997 deploravit
1668 3946 1685 3992 ε,
1723 3930 1995 4001 siquidem
2040 3932 2160 4002 ipse
2209 3947 2322 3987 non

744 4018 958 4075 destitit
987 4017 1096 4075 illis
1125 4017 1394 4073 beneﬁcia
1431 4018 1684 4074 conferre
1715 4029 1772 4074 et
1808 4036 1839 4075 a
1873 4022 2038 4076 rebus
2077 4022 2326 4078 tristibus

746 4125 844 4167 eos
870 4110 1129 4176 liberare,
1155 4109 1262 4180 ipsi
1286 4124 1419 4165 vero
1443 4110 1694 4165 similiter
1723 4121 2147 4181 perseverarunt
2173 4113 2325 4170 illum

747 4202 991 4260 irritare.

820 4287 966 4344 Vitas
996 4287 1087 4344 46.
1130 4306 1150 4341 ι
1185 4287 1257 4343 Et
1287 4285 1440 4343 dedit
1467 4301 1560 4342 eos
1590 4288 1644 4342 in
1675 4290 2097 4348 misericordias.
2133 4311 2154 4344 ι

813 4378 1008 4435 Viden’
1065 4386 1265 4450 quanta
1326 4380 1398 4434 sit
1453 4380 1550 4437 Dei
1611 4381 2024 4450 benevolentia;
2084 4384 2330 4455 quando-

2412 1918 2534 1972 μια,
2563 1901 2641 1964 είς
2671 1901 2946 1968 Αἴγυπτον
2973 1898 3330 1970 ἐπιστρέφειν
3359 1897 3668 1952 ἐϐούλοντο.

2488 2125 2504 2155 ι
2538 2105 2649 2158 Καὶ
2678 2102 3040 2175 παρὼργισαν
3066 2102 3230 2156 αὑτὸν
3256 2101 3352 2154 ἐπὶ
3383 2102 3593 2164 ὓδατος.
3631 2119 3650 2152 ι

2480 2197 2641 2268 Δηλοῖ
2651 2197 2747 2266 τὴν
2763 2196 2873 2250 ἀπὸ
2890 2195 2991 2264 τῆς
3005 2194 3110 2264 γῆς
3127 2193 3423 2264 ὀλιγωρίαν
3440 2193 3508 2246 τὰ
3525 2193 3786 2264 ῥήματα·
3807 2189 4012 2247 Ἀκού-

2417 2288 2565 2343 σατέ
2599 2304 2744 2358 μου,
2780 2289 2833 2341 οί
2883 2284 3179 2352 ἀπειθεῐς’
3226 2285 3324 2353 Μὴ
3356 2285 3424 2339 ἐκ
3465 2283 3576 2350 τῆς
3604 2284 3847 2352 πέτρας
3872 2283 4018 2336 ταύ-

2411 2397 2521 2448 της
2543 2378 2840 2447 ἐξάεομεν
2865 2376 3008 2446 ὑμῖν
3032 2375 3190 2445 ὕδωρ
3209 2392 3229 2442 ;
3253 2374 3549 2445 Διαστολὴν
3577 2373 3639 2426 δὲ
3660 2375 3723 2426 ἐν
3755 2376 3880 2436 τοῖς
3903 2375 4017 2442 χεί-

2412 2473 2561 2526 λεσιν
2582 2472 2642 2525 οὐ
2682 2470 2783 2541 τὴν
2823 2469 2932 2523 τῶν
2963 2469 3227 2541 ῥημάτων
3270 2468 3606 2540 ἀμφιϐολίαν
3651 2466 3714 2518 λέ
3728 2482 3818 2534 γει
3841 2506 3858 2528 ,
3892 2465 3962 2535 ἢν
3988 2467 4012 2516 ὀ

2414 2563 2620 2632 Μωσῆς
2657 2562 2766 2619 ἀπὸ
2812 2563 2914 2631 τῆς
2961 2561 3170 2630 πέτρας
3207 2557 3645 2629 θαυματουργῶν
3674 2555 4014 2623 ὑπέμεινεν,

2415 2657 2550 2714 ἀλλὰ
2582 2655 2643 2709 τὸ
2676 2655 2914 2726 συμϐὰν,
2947 2655 3172 2716 είκοτως
3216 2652 3296 2722 τῷ
3322 2651 3440 2721 λαῷ
3463 2650 3572 2702 τῶν
3601 2647 3900 2702 Ἰουδαίων
3930 2647 4014 2698 λο-

2415 2749 2659 2818 γίζεται’
2724 2746 2917 2817 ἐπειδὴ
2980 2743 3223 2816 συνεχῶς
3286 2741 3645 2803 ἀπειθοῦντες
3705 2740 3815 2792 καὶ⁵
3900 2755 4016 2789 πει-

2421 2841 2701 2911 ράζοντες,
2730 2838 2811 2901 είς
2859 2836 3156 2906 ὀλιγωρίαν
3207 2834 3372 2889 αὐτὸν
3432 2831 3782 2901 καταστῆναι
3825 2829 4014 2899 ἐποίη-

2419 2947 2536 2985 σαν.

2497 3039 2516 3073 ι
2545 3021 2653 3074 Καὶ
2676 3018 2949 3090 ἐμίγησαν
2977 3019 3040 3070 ἐν
3060 3019 3173 3080 τοῖς
3203 3015 3402 3070 ἔθνεσι.
3437 3034 3454 3066 ι

2491 3114 2568 3168 Ob
2604 3113 2764 3184 μόνον
2794 3112 3091 3181 ἐφείσαντο
3130 3109 3239 3164 τῶν
3262 3108 3504 3172 ἀσεϐῶν,
3538 3106 3678 3161 ἀλλὰ
3699 3105 3806 3159 καὶ
3839 3103 4009 3170 ἀσεϐῆ

2421 3206 2558 3278 πρὸς
2589 3205 2787 3268 αὐτοὺς
2814 3205 3108 3258 κοινωνίαν
3127 3202 3474 3274 εἰργάσαντο.

2501 3315 2521 3349 ε
2558 3298 2670 3350 Καὶ
2695 3295 3034 3366 ἐπόρνευσαν
3058 3296 3116 3346 ἐν
3139 3297 3252 3357 τοῖς
3287 3291 3748 3362 ἐπιτηδεύμασιν.
3789 3309 3812 3341 ι

2489 3479 2756 3549 Πορνείαν
2787 3469 2882 3529 οὖν
2911 3473 3148 3529 ἐνταῦθα
3171 3473 3270 3544 τὴν
3306 3473 3416 3527 ἀπὸ
3455 3471 3552 3526 τοῦ
3583 3469 3722 3524 Θεοῦ
3761 3471 4010 3524 ἀποσταο

2423 3573 2541 3628 σίαν
2570 3571 2746 3626 καλεῖ.

2502 3683 2520 3716 ι
2559 3665 2669 3726 Καὶ
2699 3663 3023 3734 παρέδωκεν
3051 3659 3249 3721 αὐτοὺς
3275 3658 3355 3718 είς
3386 3657 3574 3724 χεῖρας
3602 3651 3845 3722 ἐχθρῶν.
3882 3667 3904 3700 ι

2508 3839 2674 3910 Ὁμοῦ
2713 3839 2811 3908 τὴν
2841 3837 2936 3891 τοῦ
2985 3835 3123 3890 Θεοῦ
3163 3833 3586 3905 φιλανθρωπίαν
3623 3831 3869 3901 ὕμνησε,
3917 3831 4004 3884 καί

2425 3933 2525 4003 τὴν
2557 3932 2781 3984 ἐκείνων
2815 3927 3015 3981 κακίαν
3047 3925 3432 3996 ἐτραγῴδησεν
3451 3940 3466 3956 ο
3522 3925 3553 3976 ό
3584 3923 3686 3994 μιν
3711 3923 3828 3992 γὰρ
3857 3922 4008 3991 εὐερ-

2426 4023 2603 4092 γετῶν
2658 4021 2753 4075 ml.
2808 4021 3072 4092 ῥυόμενος
3143 4017 3342 4080 αὐτοὺς
3401 4019 3511 4070 τῶν
3565 4015 3838 4086 λυπηρῶν
3910 4015 4005 4067 οὐκ

2428 4113 2685 4176 ἐπαύετο,
2715 4113 2766 4166 al
2800 4111 2858 4164 δὲ
2889 4111 2983 4164 καὶ
3010 4110 3436 4180 παροργίζοντες
3477 4106 3662 4173 αὑτὸν,
3692 4108 3793 4160 καὶ
3825 4123 4002 4175 παρα-

2428 4205 2813 4276 πικραίνοντες
2842 4201 3046 4272 ὁμοίως
3068 4201 3356 4270 ἐπέμενον.

2506 4318 2527 4352 ι
2556 4297 2668 4353 Καὶ
2693 4295 2895 4350 ἔδωκεν
2915 4294 3113 4356 αὐτοὺς
3135 4294 3216 4356 είς
3241 4289 3580 4361 οίκτιρμούς.
3624 4307 3644 4341 ι

2514 4390 2679 4460 Ὁρᾷς
2709 4385 2896 4458 ἡλίκον
2915 4386 3068 4438 ἐστὶν
3095 4385 3360 4454 εὐμένεια
3387 4380 3524 4435 Θεοῦ
3546 4399 3561 4412 ο
3580 4381 3732 4441 ὅπως
3763 4380 3896 4448 ἡμῖν
3919 4379 4004 4432 καὶ

748 4471 967 4544 quidem
1019 4471 1184 4527 etiam
1238 4470 1492 4529 inimicos
1545 4473 1708 4528 nobis
1767 4473 2062 4544 placabiles
2115 4476 2295 4532 reddit

2437 4481 2563 4544 τοὺς
2589 4479 2816 4551 ἐχθροὺς
2831 4476 3078 4546 εὐμενεῖς
3095 4473 3410 4547 ἐργάζεται,
3425 4472 3522 4526 καὶ
3541 4471 3663 4524 οὐδέ
3682 4487 3859 4534 τινας,
3879 4470 4006 4522 ἀλλὰ

750 4578 956 4633 eosque
1007 4575 1119 4617 non
1168 4561 1402 4630 aliquos,
1433 4563 1532 4618 sed
1577 4579 1802 4632 omnes;
1845 4574 1902 4621 et
1947 4567 2167 4636 quidem
2211 4568 2333 4624 illos

750 4652 844 4723 qui
879 4662 1134 4720 tanquam
1166 4649 1351 4705 hostes
1385 4651 1630 4720 captivos
1669 4664 1930 4721 ceperant
1973 4673 1987 4710 :
2033 4655 2090 4710 hi
2129 4671 2329 4727 nempe

752 4749 980 4816 paterna
1012 4743 1220 4796 viscera
1262 4756 1388 4812 erga
1421 4753 1609 4813 captos
1642 4744 1896 4810 induunt,
1930 4755 1990 4802 ut
2020 4748 2227 4802 clarum
2260 4749 2332 4803 sit

754 4835 887 4890 illud
929 4834 1148 4904 quidem
1196 4833 1291 4888 iraa
1335 4833 1560 4898 divinae.
1594 4835 1700 4891 hoc
1745 4847 1929 4892 autem
1975 4838 2329 4910 benignitatis

754 4939 878 4980 esse
911 4940 926 4981 :
963 4923 1208 4993 utrisque
1254 4923 1400 4977 enim
1445 4924 1514 4979 ad
1556 4926 1956 4991 correctionem
1994 4941 2132 4998 opus
2166 4929 2335 4985 habe-

757 5030 903 5070 mus.

828 5104 995 5159 Vens.
1062 5105 1150 5159 4'7.
1224 5123 1244 5157 ι
1298 5105 1487 5162 Salvos
1557 5122 1660 5162 nos
1721 5107 1828 5177 fac,
1897 5109 2130 5166 Domine
2191 5110 2337 5168 Deus

760 5203 969 5254 noster.
1013 5213 1032 5247 ι

833 5286 949 5355 Hoc
985 5293 1069 5342 est
1112 5286 1261 5341 enim
1294 5303 1484 5343 revera
1525 5289 1743 5358 salvari,
1780 5292 1989 5348 scilicet
2024 5297 2338 5366 congregari

761 5395 830 5441 ex
881 5378 1154 5448 gentibus,
1191 5385 1246 5432 et
1299 5393 1485 5433 earum
1532 5397 1718 5437 errore
1774 5384 2001 5439 minime
2055 5401 2338 5457 aspersum

763 5487 904 5527 esse.
951 5468 1112 5524 Modo
1156 5469 1303 5524 enim
1343 5481 1535 5543 gentes
1567 5474 1803 5544 appellat
1841 5476 1982 5545 illos,
2008 5478 2103 5548 qui
2147 5480 2338 5534 ambu-

766 5566 880 5618 lant
911 5564 965 5618 in
997 5562 1274 5633 impietate
1302 5581 1422 5637 qua:
1452 5578 1639 5639 gentes
1671 5570 1823 5641 prius
1851 5573 2171 5646 occupabat.

842 5765 882 5796 ⁷-⁸
912 5762 1073 5837 Eum.
1111 5781 1204 5835 x‘x,
1251 5764 1334 5819 10.

2440 4571 2650 4633 πάντας
2671 4585 2684 4598 ·
2720 4569 2815 4622 καὶ
2850 4568 2902 4620 al.
2930 4566 3188 4628 λαϐόντες
3213 4563 3591 4635 αἰχμαλώτους
3621 4564 3699 4624 ὡς
3727 4561 4001 4630 πολέμιοι,

2439 4654 2585 4715 οὗτοι
2631 4660 2918 4729 σπλάγχνα
2943 4657 3196 4729 πατέρων
3229 4654 3359 4724 περὶ
3387 4655 3512 4716 τοὺς
3541 4651 4002 4722 αίχμαλωτισθέν-

2439 4771 2537 4817 τας
2579 4751 3074 4822 ἀναλαμϐάνουσιν,
3113 4747 3255 4806 ὥστε
3292 4745 3456 4814 δῆλον
3503 4739 3642 4797 εἶναι
3681 4743 3745 4795 τὸ
3798 4745 3895 4813 μὲν
3924 4743 4003 4813 ὀρθ

2439 4848 2544 4917 γῆς
2575 4844 2735 4910 Θεοῦ,
2764 4843 2826 4896 τὸ
2843 4843 2900 4896 δὲ
2919 4837 3332 4910 φιλανθρωπίας
3352 4853 3367 4868 ο
3392 4838 3597 4907 ἀμφοῖν
3641 4833 3753 4907 γὰρ
3775 4838 3856 4899 εις
3873 4835 4002 4904 διόρ-

2441 4937 2609 4990 θωσιν
2639 4933 2936 5006 χρῄζομεν.

2520 5130 2538 5162 ι
2566 5111 2745 5163 Σῶσον
2768 5107 2938 5177 ἡμᾶς,
2969 5104 3140 5176 Κύριε
3167 5104 3196 5156 ὁ
3224 5101 3357 5164 Θεὸς
3388 5098 3566 5170 ἡμῶν.
3605 5115 3624 5148 ι

2517 5284 2689 5338 Τοῦτο
2713 5282 2823 5353 γάρ
2853 5281 3003 5334 ἐστιν
3037 5279 3208 5342 ὅντως
3255 5277 3495 5346 σωθῆναι
3515 5315 3532 5342 ,
3561 5273 3624 5328 τό
3649 5271 3997 5343 ἐπισυναχθῆ-

2444 5397 2533 5432 ναι
2594 5380 2658 5429 ἐκ
2707 5375 2814 5428 τῶν
2862 5372 3033 5427 ἐθνῶν
3063 5413 3080 5438 ,
3129 5369 3224 5424 καὶ
3291 5367 3367 5439 μὴ
3415 5364 3744 5436 διεσπάρθαι
3792 5365 3865 5426 είς
3909 5363 3996 5432 τὴν

2444 5469 2674 5522 ἐκείνων
2715 5466 2942 5535 πλάνην.
3007 5461 3176 5529 Λέγει
3231 5459 3342 5529 γὰρ
3399 5456 3527 5528 ἔθνη
3587 5455 3728 5520 νῦν,
3781 5453 3900 5516 τοὺς
3945 5454 3994 5504 ἐν

2448 5560 2676 5627 ἀσεϐείᾳ
2715 5557 3119 5633 πορευομένους
3144 5592 3159 5619 ,
3185 5551 3308 5624 ἥτις
3347 5551 3456 5607 τῶν
3477 5547 3646 5603 ἐθνῶν
3687 5545 3902 5618 ἐκράτει
3942 5543 3993 5596 τὺ

2448 5654 2733 5726 πρότερον.
