4156 6452
120 389 247 456 1301
917 376 922 391 '
1264 392 1727 453 FRAGMENTA
1761 394 1844 454 IN
1885 396 2244 456 PSALMOS.
3247 388 3396 453 .1309-

189 523 206 553 ι
246 502 553 574 Εὐλογητὸς
589 502 1000 575 ΚύριοςόΘεδς
1040 506 1271 575 ἰσραήΑη
1320 532 1332 547 ι
1726 516 1773 567 Α

1729 516 1773 567 Α
1868 509 2031 564 Vens.
2074 507 2165 563 48.
2205 525 2223 559 ι
2262 506 2593 563 Benedictus
2634 505 2900 561 Dominus
2942 502 3085 558 Deus
3130 501 3314 557 lsrael.
3358 532 3370 553 ς

187 592 367 665 Μέχρι
393 593 502 647 τῶν
526 594 767 649 ἐνταῦθα
790 593 891 663 τὴν
915 592 1187 664 τετάρτην
1221 593 1400 663 βίϐλον
1422 594 1530 646 τῶν
1554 594 1697 646 Ψαλ-

1871 599 1991 653 Huc
2030 613 2203 668 usque
2233 610 2488 668 quartum
2520 597 2861 653 Psalmorum
2891 595 3092 651 librum
3118 594 3381 650 deﬁniunt

116 683 235 753 μῶν
281 682 555 754 Ἑϐραίων
582 684 773 749 παῖδες
806 684 1113 754 ὁρίζονται·
1152 687 1230 748 εἰς
1270 684 1432 739 πέντε
1470 687 1575 755 γὰρ
1600 685 1697 755 τὴν

1803 690 2016 749 llebrmi
2052 712 2064 747 :
2100 694 2152 747 in
2181 694 2426 764 quinque
2470 691 2618 747 enim
2663 690 2833 745 libros
2870 690 3182 745 universam
3226 686 3383 743 Davi-

119 777 210 830 τοῦ
242 777 411 831 Δαῦὶδ
441 779 785 850 προφητείαν
810 779 1078 847 διελόντες
1114 779 1279 849 (καθά
1313 780 1699 850 καὶπρότερον

1803 782 1888 838 dis
1934 785 2280 854 prophetiam
2331 783 2638 839 dividentes
2688 781 2790 851 (uti
2845 782 2998 851 prius
3045 780 3383 848 dicebamus)

114 869 376 940 ἔφαμεν),
429 870 662 924 ἕκαστον
691 870 927 942 ψαλμὸν,
974 864 1020 938 ᾧ
1046 871 1205 924 τοῦτο
1254 871 1405 934 τέλος
1439 873 1702 943 πρόσκει-

1804 876 2099 946 quemlibet
2145 877 2452 948 psalmum,
2504 875 2769 931 euitinis
2817 884 2921 939 est,
2973 875 3162 943 Amen,
3209 891 3384 939 amen,

115 978 203 1011 ται
255 960 470 1030 Ἀμὴν,
521 960 705 1030 ἀμὴν,
737 963 1131 1033 συμπλήρωσιν
1165 959 1305 1018 εἶναι
1347 965 1475 1033 μιᾶς
1505 962 1693 1032 βίὸλου

1514 962 1693 1031 βίὸλου
1808 970 1971 1023 unius
1995 968 2119 1023 libri
2150 969 2612 1038 complementum
2643 982 2766 1024 esse
2798 967 3155 1022 arbitrantur.

114 1050 455 1120 νομίζουσιν.

674 1146 972 1201 ΨΑΑΜΟΣ
1013 1147 1153 1214 Ρςῖν.

2341 1144 2658 1201 PSALMUS
2697 1145 2834 1201 CVI.

197 1254 215 1285 ι
264 1234 630 1306 Ἀλληλούῖα,
656 1257 675 1289 ι

618 1286 630 1306 ,
656 1257 675 1289 ι
1888 1254 1907 1287 ι
1948 1236 2197 1292 Alleluia.
2240 1254 2259 1288 ι

190 1325 615 1398 Παραπλησίως
634 1330 748 1393 τοίς
774 1330 1061 1401 προτέροις
1107 1330 1200 1384 καί
1226 1323 1383 1392 οὗτος
1412 1331 1711 1403 ἐπιγέγρα-

1888 1328 2093 1383 Eodem
2132 1328 2295 1384 modo
2319 1344 2430 1399 quo
2462 1327 2839 1399 praecedentes
2871 1326 2963 1383 hic
3000 1329 3165 1383 etiam
3196 1327 3392 1382 inscri-

116 1432 291 1469 πται·
353 1417 454 1488 τῆς
503 1419 613 1490 γὰρ
645 1419 818 1491 αὐτῆς
869 1420 1180 1484 ὑποθέσεως
1223 1422 1427 1492 ἔχεται,
1481 1422 1712 1493 ἱστορῶν

1815 1429 1940 1489 plus
1967 1426 2052 1475 est
2086 1437 2099 1474 :
2127 1418 2376 1490 ejusdem
2408 1420 2558 1474 enim
2596 1427 2682 1475 est
2707 1419 3041 1491 argumenti,
3076 1434 3201 1474 cum
3236 1432 3396 1473 enar-

116 1514 175 1560 εν
227 1507 398 1581 μέρει
431 1511 501 1563 τὰ
538 1512 807 1582 γενόμενα
834 1516 949 1578 τοῖς
978 1513 1259 1575 Ἰουδαίοις
1281 1514 1561 1585 θαύματα.

1557 1556 1561 1568 ,
1816 1523 1900 1568 ret
1924 1512 2187 1569 miracula
2218 1527 2340 1583 quae
2366 1512 2420 1568 in
2450 1520 2605 1583 parte
2630 1511 2833 1568 .ludteis
2859 1513 3198 1569 acciderunt.

196 1619 213 1649 ι
250 1599 567 1665 Πεινῶντες
597 1604 692 1656 καὶ
718 1600 1004 1673 διψῶντες.
1041 1622 1059 1655 ι

1881 1605 2045 1661 Vens.
2088 1607 2142 1661 5.
2178 1625 2197 1658 ι
2233 1606 2552 1662 Esurientes
2576 1615 2633 1663 et
2655 1605 2925 1663 sitientes.
2962 1625 2980 1659 ι

192 1689 378 1744 Ὅταν
415 1693 525 1764 γάρ
554 1693 703 1765 ψυχὴ
742 1692 955 1768 λιμώξῃ
987 1695 1083 1748 καλ⁸
1114 1694 1318 1770 διψήσῃ
1361 1695 1530 1767 ἀκοὴν
1556 1697 1713 1765 λόγου

1891 1696 2121 1763 Quando
2159 1698 2307 1753 enim
2349 1698 2527 1753 anima
2573 1714 2833 1770 perpessa
2880 1700 3049 1773 fuerit
3085 1699 3286 1755 famem
3327 1698 3398 1754 si-

118 1782 214 1835 τοῦ
244 1782 414 1850 Θεοῦ,
436 1786 788 1851 διδασκαλίας
810 1788 911 1840 οὐκ
942 1787 1163 1858 ἔχουσα,
1198 1789 1517 1858 ἀναγκαίως
1544 1788 1719 1843 ἐκλεί-

1822 1789 2026 1860 timque
2064 1789 2323 1845 audiendi
2368 1790 2595 1846 verbum
2634 1792 2753 1856 Dei,
2785 1807 2912 1847 cum
2946 1793 3252 1848 doctrinam
3285 1804 3398 1845 non

120 1893 216 1930 πει
238 1876 337 1931 καὶ
360 1878 685 1934 ἐλαττοῦται
711 1896 724 1909 ·
749 1881 940 1952 ἐπειδὴ
972 1883 1147 1955 τροφὴ
1190 1883 1367 1955 ψυχῆς
1408 1885 1435 1937 ὁ
1469 1883 1569 1954 τῆς
1598 1884 1717 1939 θεο-
1749 1875 1761 1934 Ι

1756 1875 1791 1934 Β
1823 1882 2041 1947 habeat,
2078 1883 2392 1937 necessario
2430 1881 2613 1938 deﬁcit
2655 1893 2711 1939 et
2748 1892 3110 1948 extenuatur;
3153 1881 3397 1951 quando-

124 1969 375 2033 γνωσίας
405 1970 593 2040 ἄρτος.

1819 1974 2039 2045 quidem
2105 1975 2261 2031 cibus
2330 1976 2529 2033 animae
2588 1977 2661 2032 sit
2724 1976 2881 2047 panis
2944 1976 3145 2031 divina}
3212 1974 3400 2045 cogni-

1822 2066 2007 2121 tionis.

204 2167 224 2199 ι
274 2149 910 2221 Ἐξομολογησάσθωσαν
947 2154 1020 2226 τῷ
1044 2156 1252 2228 Κυρίῳ.
1294 2176 1311 2206 .z

1893 2157 2054 2212 Vens.
2089 2156 2142 2211 8.
2189 2176 2207 2209 ι
2247 2157 2627 2213 Conﬁteantur
2662 2158 2966 2217 Domino.»

211 2241 379 2313 Ἐλέη
418 2244 515 2297 καὶ⁵
540 2242 822 2317 θαυμάσια
867 2246 962 2301 τοῦ
984 2249 1119 2303 Θεοῦ
1150 2249 1215 2304 τὰ
1251 2251 1417 2304 αὑτοῦ
1450 2252 1723 2323 προσηγό-

1896 2249 2294 2307 Misericordias
2336 2258 2392 2307 et
2421 2252 2690 2309 mirabilia
2735 2251 3030 2324 appellavit
3053 2266 3115 2306 ea
3145 2264 3267 2321 quae
3306 2246 3397 2302 Dei

130 2336 523 2403 ρευσεν.”οσα
567 2336 678 2410 γάρ
705 2340 1255 2414 ὲθαυματούργησεν,
1303 2344 1403 2397 οὐκ
1446 2343 1723 2409 ἐνδείξεώς

1824 2352 1970 2401 sunt.
2014 2344 2369 2415 Quaecunque
2411 2343 2559 2399 enim
2594 2342 2857 2398 miracula
2900 2340 3155 2412 patravit,
3190 2355 3299 2396 non
3333 2338 3402 2393 ad

125 2445 275 2491 τινος
303 2428 338 2500 ἢ
371 2430 686 2502 φιλοτιμίας
715 2434 1036 2506 παρήγαγεν
1082 2435 1264 2501 ἕνεκα,
1299 2436 1480 2502 ἐλέους
1515 2438 1571 2492 δὲ
1590 2437 1724 2493 πάν-

1824 2438 2245 2495 ostentationem
2271 2445 2367 2493 aut
2388 2436 2573 2509 gloriae
2595 2435 2777 2492 studio
2806 2435 3037 2507 peregit,
3059 2433 3156 2490 sed
3181 2432 3404 2488 omnino

127 2536 240 2583 τως
263 2521 367 2575 καὶ
392 2521 807 2595 φιλανθρωπίας
842 2526 1006 2599 χάριν
1034 2528 1132 2598 τὴν
1154 2528 1290 2599 πρὸς
1309 2529 1551 2593 ἐκείνους
1585 2530 1725 2600 ὑπὲρ

1824 2539 2047 2602 propter
2100 2529 2535 2588 misericordiam
2590 2538 2644 2585 et
2697 2528 3094 2599 benignitatem
3144 2542 3299 2583 suam
3349 2525 3404 2579 in

130 2607 208 2665 ὧν
241 2613 506 2686 ἐπράχθη
545 2618 640 2671 καὶ
668 2617 739 2671 τά
764 2618 1040 2689 θαύματα.

1827 2642 1924 2682 eos
1952 2641 2052 2696 pro
2080 2626 2279 2696 quibus
2310 2625 2429 2681 haec
2452 2624 2717 2679 miracula
2745 2630 2958 2693 patrata
2987 2630 3135 2677 sunt.

210 2725 228 2757 ι
262 2706 394 2760 Ὅτι
420 2708 683 2780 έχόρτασε
712 2709 891 2783 ψυχὴν
918 2711 1103 2783 κενήν.
1135 2733 1153 2762 ι

1898 2714 2064 2770 Vens.
2096 2714 2149 2769 9.
2189 2732 2207 2765 ι
2242 2712 2380 2779 Quia
2408 2711 2627 2768 satiavit
2656 2711 2894 2767 animam
2931 2710 3173 2765 inanem.
3206 2727 3224 2760 ι

205 2794 320 2848 Καὶ
354 2796 468 2867 μὴν
510 2796 608 2868 τὴν
635 2800 808 2872 αὐτὴν
840 2801 937 2854 καὶ
975 2802 1250 2858 πεινῶσαν
1294 2803 1484 2867 εἰπὼν,
1529 2801 1728 2866 ἔδειξεν

1898 2801 2111 2857 Etenim
2147 2816 2273 2859 cum
2293 2801 2542 2857 eamdem
2576 2816 2796 2872 quoque
2825 2800 3159 2856 esurientem
3187 2798 3404 2864 dixerit,

134 2886 213 2949 ὡς
254 2888 581 2959 ἁμαρτωλοί
621 2908 767 2955 τινες
797 2886 942 2963 ἦσαν
1005 2896 1054 2947 oi.
1094 2894 1471 2965 λιμώττοντες.
1506 2896 1577 2971 Τὸ
1618 2893 1733 2964 γὰρ

1831 2895 2071 2951 ostendit
2117 2896 2394 2965 quomodo
2432 2903 2751 2965 peccatores
2789 2893 2957 2964 aliqui
3004 2892 3116 2947 sint
3153 2890 3407 2959 famelici.

138 2978 296 3031 κενὸν
330 2980 458 3033 ἀντὶ
486 2980 580 3035 τοῦ
617 2983 848 3052 ματαίου
880 2984 1256 3056 παρείληπται

1143 3003 1256 3039 mat
1831 2981 2055 3039 inanem
2083 2984 2230 3039 enim
2260 2998 2361 3055 pro
2388 2999 2529 3040 vano
2554 2982 2784 3053 accepit.

220 3092 237 3121 ε
285 3072 646 3127 ’Λντελάδετο
679 3074 861 3129 αὐτῶν
884 3074 944 3140 ἐξ
968 3075 1087 3129 ὀδοῦ
1129 3078 1375 3147 ἀνομίας.
1424 3102 1437 3129 i

1904 3077 2064 3132 Vens.
2106 3078 2193 3131 17.
2235 3076 2540 3147 «.Suscepit
2568 3092 2663 3131 eos
2692 3075 2760 3131 de
2788 3076 2876 3130 via
2910 3074 3284 3145 iniquitatis...

224 3164 382 3218 ίυδὺν
407 3164 633 3236 ἀνομίας
666 3166 981 3237 ἀναγκαίως
1017 3170 1414 3239 προσαγορεύει
1443 3172 1534 3224 τὸν
1559 3176 1715 3228 ῡανα-
1765 3228 1800 3241 ,,

1765 3228 1800 3241 η
1913 3169 2063 3225 Viam
2120 3169 2425 3241 iniquitatis
2490 3166 2802 3223 necessario
2859 3167 3094 3237 appellat
3157 3173 3386 3220 mortem

142 3274 243 3308 «an;
320 3228 635 3329 Aiziavydp
683 3228 1071 3331 τῷδανάτιρη
1117 3228 1373 3333 παρακοὴ
1427 3263 1519 3317 τοῦ
1567 3228 1783 3337 νόμου(

1767 3228 1803 3285 Ε
1836 3265 2012 3319 Causa
2047 3262 2192 3317 enim
2217 3228 2424 3317 .mortis
2467 3260 2569 3315 fuit
2606 3228 2982 3332 praevaricatio
3015 3259 3148 3329 legis
3183 3258 3323 3313 data:
3358 3260 3408 3311 in

158 3349 236 3403 -σῦ
280 3349 530 3414 δοθέντος
569 3350 622 3403 ὲ»
669 3351 978 3421 παραδείσῳ
1017 3352 1333 3424 γεγένηται.
1389 3353 1526 3409 Ἀλλ’
1586 3357 1731 3427 ὅμως

1841 3354 2111 3425 paradiso.
2134 3354 2521 3409 Verumtamen
2542 3352 2797 3408 Christus
2818 3366 2919 3406 nos
2941 3352 3009 3406 de
3032 3358 3209 3405 morte
3234 3364 3414 3405 susce-

152 3440 388 3512 ϊριστὸς
409 3442 559 3513 ἡμᾶς
592 3442 656 3495 ὲκ
684 3439 781 3495 τοῦ
806 3441 1037 3497 θανάτου
1070 3443 1418 3511 ἀντελάϐετο,
1443 3446 1610 3514 μέσον
1627 3449 1737 3500 τῶν

1840 3448 1938 3519 pit.
1975 3447 2150 3504 factus
2178 3447 2285 3502 vita
2321 3447 2374 3500 in
2410 3446 2589 3501 medio
2628 3456 2989 3509 mortuorum,
3021 3452 3079 3498 ut
3106 3442 3300 3498 mortis
3336 3452 3408 3513 ινα

144 3532 365 3606 ·.·εκρῶν
408 3535 441 3603 ή
477 3533 609 3596 ζωὴ.
642 3532 727 3587 ἵνα
756 3533 889 3604 λύσῃ
921 3534 1016 3588 τοῦ
1054 3535 1284 3592 θανάτου
1316 3537 1415 3606 τὴν
1444 3540 1732 3608 τυραννίδα

831 3552 889 3604 σῃ
921 3534 1016 3588 τοῦ
1054 3535 1284 3592 θανάτου
1316 3537 1415 3606 τὴν
1444 3540 1732 3608 τυραννίδα
1840 3540 2123 3594 rannidem
2159 3538 2472 3593 dissolveret

148 3626 463 3696 γενομένος.

228 3745 246 3768 ι
281 3716 404 3770 Πᾶν
428 3714 627 3785 βρῶμα
649 3713 971 3778 ὲδδελύξατο
996 3717 1030 3785 ἡ
1063 3715 1233 3786 ψυχή.
1266 3735 1285 3767 ιι

1920 3722 2075 3775 Vens.
2146 3721 2230 3774 18.
2310 3739 2333 3769 λι
2396 3718 2623 3771 Omnem
2702 3730 2881 3770 escam
2951 3714 3257 3767 abominata;
3335 3726 3410 3765 es-

1845 3826 2043 3866 anima.
2081 3830 2098 3861 ι

220 3894 439 3965 Βρῶμα
474 3894 575 3965 τὴν
603 3894 810 3964 τροφὴν
848 3890 1085 3948 ἐνταῦθα
1138 3892 1239 3963 τὴν
1275 3893 1501 3965 λογικὴν
1545 3897 1737 3967 νοήσο-

1916 3902 2111 3958 Escam
2147 3901 2251 3956 hoc
2288 3901 2410 3954 loco
2449 3897 2803 3967 intelligimus
2839 3895 3019 3950 cibum
3067 3894 3415 3956 rationalem;

152 4002 276 4055 μεν·
310 3985 449 4055 περὶ
479 3979 548 4057 ἦς
575 3986 604 4035 ὁ
629 3985 836 4058 Κύριος
860 3988 974 4049 τοῖς
1002 3986 1327 4050 ἀποστόλοις
1348 3986 1536 4053 ἔλεγεν
1557 4003 1570 4016 ·
1618 3990 1742 4056 Ἐρο

1843 3997 1912 4052 de
1956 4009 2063 4065 qua
2105 3992 2371 4046 Dominus
2424 3988 2684 4059 apostolis
2729 3986 2867 4042 dixit
2909 4005 2921 4041 :
2959 3984 3267 4055 Operamim'
3320 4000 3419 4045 non

150 4076 408 4146 γάζῖςσθε
431 4078 518 4148 μὴ
555 4078 672 4147 τὴν
689 4078 927 4149 ,βρῶσιν
951 4076 1065 4147 τὴν
1093 4077 1555 4147 ἀπολλυμένην,
1583 4078 1744 4133 ἀλλὰ

1846 4087 2017 4141 cibum
2061 4085 2151 4155 qui
2194 4084 2359 4152 perit,
2409 4082 2498 4135 sed
2537 4081 2627 4151 qui
2672 4087 2943 4149 permanet
2987 4078 3040 4130 in
3069 4078 3233 4130 vitam
3263 4086 3423 4129 mter--

149 4170 270 4239 τὴν
286 4169 608 4239 μένουσαν
628 4172 717 4236 εις
748 4168 903 4237 ζωὴν
922 4169 1187 4225 αἰώνιον.
1219 4168 1438 4240 Ταύτης
1470 4171 1579 4224 πᾶν
1606 4165 1744 4234 εἶδος

1848 4192 1972 4231 nam
2004 4177 2075 4229 ".
2111 4175 2342 4230 Omnem
2383 4173 2549 4242 hujus
2589 4173 2827 4242 speciem
2863 4169 3028 4223 homo
3068 4165 3422 4221 abominaba-

149 4262 182 4313 ὁ
234 4259 535 4330 ἄνθρωπος
578 4258 917 4325 sesumam.
970 4258 1108 4315 Οὔτε
1157 4260 1268 4333 γὰρ
1309 4264 1537 4331 φυσικὸν
1581 4263 1746 4334 νόμον

1846 4278 1960 4324 tur.
1998 4267 2133 4322 Nam
2175 4280 2352 4334 neque
2389 4265 2563 4335 legem
2602 4262 2909 4317 naturalem
2948 4275 3126 4329 neque
3164 4258 3422 4328 scriptam

87 4396 98 4408 .
148 4350 283 4405 οὔτε
313 4350 569 4421 γραπτὸν
614 4350 911 4421 δφύλαξαν,
941 4352 1035 4406 καὶ
1055 4352 1146 4406 διὰ
1183 4349 1345 4406 τοῦτο
1369 4352 1609 4423 ἤγγισαν
1639 4354 1728 4418 ἓως

1848 4358 2295 4422 observaverant,
2325 4364 2381 4411 et
2409 4355 2616 4411 idcirco
2653 4353 3225 4425 appropinquaverant
3254 4363 3424 4421 usque

149 4445 267 4497 τῶν
299 4444 491 4496 πυλῶν
515 4444 608 4523 τοῦ
631 4443 886 4499 θανάτου.
917 4445 1093 4500 Πύλαι
1127 4445 1183 4499 δὲ
1210 4445 1441 4502 θανάτου
1472 4449 1542 4504 τά
1569 4450 1749 4523 ἀμαρ-

1850 4452 1917 4507 ad
1946 4459 2133 4522 portas
2160 4448 2375 4504 mortis.
2408 4448 2583 4504 Porta:
2613 4457 2798 4503 autem
2828 4446 3021 4501 mortis
3046 4453 3176 4500 sunt
3203 4452 3423 4514 peccata

149 4539 389 4607 ’πήματα
409 4531 491 4602 οἷς
513 4521 630 4591 δέον
652 4538 847 4603 αὐτοὺς
871 4537 1266 4609 μακρύνεσθαι.
1288 4540 1455 4595 Ὅσον
1482 4542 1593 4614 γὰρ
1611 4521 1747 4598 ταύ-
1780 4561 1790 4616 ι

1783 4561 1823 4616 ι)
1853 4559 1882 4598 a
1922 4521 2122 4613 quibus
2162 4545 2482 4610 oportuerat
2525 4551 2621 4593 eos
2658 4535 2921 4607 elcngari.
2956 4534 3233 4601 Quantum
3278 4533 3424 4587 enim

152 4644 282 4691 ταις
316 4626 575 4696 ἤγγισαν,
607 4625 862 4680 τοσοῦτον
908 4628 1098 4698 πόρρω
1128 4627 1239 4682 τῶν
1271 4629 1453 4685 πυλῶν
1477 4631 1576 4701 τῆς
1602 4630 1747 4706 ζωῆς

1856 4636 1943 4691 his
2000 4632 2601 4704 appropinquavernnt,
2640 4628 2978 4683 tantumdem
3028 4626 3343 4682 necessario
3398 4641 3425 4679 a

152 4716 484 4784 ἀναγκαίως
530 4717 802 4785 ἐγένοντο.
839 4717 978 4770 Ἀλλ’
1025 4720 1054 4771 ό
1102 4718 1367 4789 Χριστὸς
1399 4721 1595 4786 αὐτοὺς
1654 4725 1748 4777 καὶ

1854 4728 2028 4801 portis
2060 4727 2185 4782 vitae
2212 4724 2373 4795 longe
2405 4723 2534 4779 facti
2568 4732 2715 4778 sunt.
2757 4720 2961 4776 Verum
2993 4721 3244 4777 Christus
3283 4719 3431 4789 ipsos

159 4809 394 4879 μακρὰν
436 4806 598 4871 ὄντας
657 4807 827 4878 ἐγγὺς
868 4809 958 4863 διά
992 4807 1087 4862 τοῦ
1132 4809 1365 4880 αἵματος
1403 4812 1499 4866 τοῦ
1541 4814 1745 4868 οἰκείου

1855 4822 2021 4878 etiam
2053 4821 2334 4891 elongatos
2374 4833 2473 4888 per
2521 4814 2846 4887 sanguinem
2894 4828 3053 4869 suum
3094 4813 3429 4884 propinquos

156 4897 491 4968 πεποίηκεν.
728 4893 775 4929 λ

470 4922 491 4956 κο
728 4893 775 4929 λ*
1857 4914 2111 4972 reddidit.

242 5010 262 5043 ι
303 4989 418 5044 Καὶ
448 4987 756 5059 ὲκέκραξαν
780 4987 919 5061 πρὸς
950 4990 1177 5063 Κύριον.
1213 5012 1233 5045 ι

1930 5006 2096 5062 Vens.
2132 5005 2219 5062 19.
2258 5024 2277 5058 ι
2311 5004 2380 5060 Et
2407 5005 2783 5061 clamaverunt
2807 5002 2876 5058 ad
2900 5000 3215 5057 Dominum.
3248 5019 3264 5051 ιι

236 5079 511 5152 Κραυγὴν
544 5080 575 5133 ό
620 5078 755 5144 Θεδς
804 5080 866 5135 οὺ
909 5080 1007 5153 τὴν
1050 5081 1140 5136 διά
1193 5080 1377 5152 φωνῆς
1424 5084 1746 5155 γενομένην,

1932 5098 2077 5155 Deus
2120 5098 2354 5154 aestimat
2392 5097 2689 5152 clamorem
2723 5111 2836 5150 non
2873 5093 2965 5165 qui
2998 5108 3098 5163 per
3126 5090 3296 5154 vocis,
3336 5085 3432 5144 sed

159 5172 310 5226 ἀλλά
368 5170 467 5241 τὴν
516 5170 756 5225 διάθεσιν
804 5171 907 5241 τῆς
954 5172 1192 5235 διανοίας
1256 5172 1527 5241 λογίζεται
1552 5189 1566 5205 ’
1628 5176 1752 5229 ἐπεὶ

1862 5203 1960 5259 per
1982 5189 2181 5244 mentis
2195 5188 2449 5243 aifectum
2472 5186 2764 5252 emittitur;
2791 5184 3228 5255 quandoquidem
3254 5180 3432 5250 Moyse

160 5264 267 5317 καὶ
322 5261 605 5326 Μωῦσέως
651 5262 965 5327 σιωπῶντος
1027 5264 1213 5334 ἔλεγε,
1276 5264 1338 5319 Τί
1383 5264 1543 5333 ,βοᾷς
1598 5270 1750 5336 πρός

1598 5270 1750 5336 πρός
1858 5279 2023 5335 etiam
2048 5279 2241 5333 silente
2269 5278 2500 5334 dixerit:
2532 5277 2670 5342 Quid
2695 5277 2897 5330 clamas
2924 5276 2993 5329 ad
3019 5292 3099 5329 me
3121 5275 3206 5326 7’?

158 5368 285 5423 μεῖ

246 5464 273 5499 α
322 5444 636 5499 Ἀπέστειλε
662 5444 756 5499 τὸν
786 5444 962 5514 Λόγον
985 5445 1173 5501 αὐτοῦ.
1217 5466 1235 5499 ι

1930 5454 2089 5509 Vens.
2125 5454 2215 5509 ‘20.
2253 5471 2271 5505 ι
2309 5452 2456 5508 Misit
2485 5450 2725 5506 Verbum
2760 5463 2940 5504 suum.
2978 5467 2994 5497 κ

241 5536 317 5591 Τί
353 5535 546 5591 τούτου
592 5536 928 5610 σαφέστερον
960 5538 1096 5608 πρὸς
1128 5538 1353 5603 ἔνδειξιν
1382 5538 1481 5609 τῆς
1519 5540 1615 5595 τοῦ
1648 5542 1757 5596 Σω-

1928 5545 2069 5611 Quid
2108 5546 2215 5600 hoc
2247 5542 2592 5599 manifestius
2620 5542 2688 5597 ad
2724 5536 3204 5596 demonstrandam
3246 5532 3434 5589 Salvam

164 5631 349 5699 τῆρος
402 5628 770 5701 σαρκώσεωςς
842 5632 1218 5685 ἀποσταλέντα
1267 5633 1377 5703 γὰρ
1435 5634 1608 5703 Λόγον
1663 5636 1755 5689 τὸν

1860 5636 1991 5694 toris
2034 5636 2505 5693 incarnationem?
2554 5633 2778 5690 Missum
2818 5630 2963 5688 enim
3004 5624 3257 5695 intelligit
3302 5625 3436 5678 “ler-

252 5841 302 5872 "
331 5839 490 5897 Joan.
522 5862 591 5903 vx,
633 5841 719 5895 27.
798 5841 842 5873 τ’
881 5841 1053 5900 Exod.
1078 5857 1187 5903 χιι,
1223 5842 1303 5897 l5.
