4156 6452
783 359 920 424 1303

1983 376 2345 440 HESYCHII
2382 382 2855 445 PRESBYTER!

3944 395 4076 459 1304

782 484 910 540 hum
942 481 1311 548 incarnatum.
1340 486 1484 556 quod
1514 488 1592 543 ait
1624 511 1633 543 :
1674 488 1777 555 Qui
1812 508 1892 547 me
1924 496 2163 564 suscipit,
2203 499 2335 551 susci

2440 549 2442 558 λ
2476 502 2828 572 σαρκωθέντα
2851 503 3021 572 λέγει,
3046 506 3138 559 τὸν
3169 507 3396 576 λέγοντα
3416 527 3429 539 ·
3478 510 3541 564 '0
3567 511 3674 579 ἐμὲ
3711 511 4069 583 δεχόμενος,

776 573 856 639 pit
884 590 1006 629 eum
1048 578 1139 646 qui
1182 593 1266 633 me
1314 580 1456 633 misit
1491 583 1557 636 ⁷⁵.
1594 580 1694 637 llic
1736 584 1868 639 dum
1913 602 2085 657 genus
2112 602 2359 644 nosuum

776 680 1020 732 curaret,
1052 668 1123 724 de
1162 670 1579 728 interitionihus
1620 674 1830 731 scilicet
1872 687 2221 747 peccatorum
2260 692 2361 733 nos

778 760 1055 814 iiberavit.
1110 760 1372 819 luteritus
1425 764 1572 820 enim
1634 768 1876 822 universi
1940 768 2179 823 hominis
2232 780 2361 826 sunt

774 858 1020 917 peccata.
1065 850 1337 918 Quoniam
1376 853 1424 908 si
1462 855 1586 925 quis
1628 858 1890 927 templum
1929 857 2024 913 Dei
2053 859 2355 927 violaverit,

776 941 971 1009 perdet
1000 958 1124 999 eum
1156 942 1322 1001 Deus.

848 1051 1011 1108 Vens.
1038 1054 1127 1110 25.
1166 1075 1185 1108 ι
1216 1057 1319 1123 Qui
1349 1059 1687 1116 descendunt
1718 1064 1770 1116 in
1806 1080 1973 1119 mare.
2007 1085 2025 1116 ι

845 1142 961 1198 Hoc
990 1144 1110 1200 loco
1140 1162 1288 1202 mare
1318 1148 1621 1221 intelligere
1645 1164 1864 1223 oportet
1894 1157 2060 1210 vitam
2088 1168 2351 1226 nostrum,

774 1252 944 1293 naves
977 1238 1247 1294 Ecclesias
1276 1259 1289 1294 :
1323 1242 1391 1297 de
1422 1246 1625 1313 quibus
1656 1247 1799 1303 Deus
1838 1249 1960 1302 talia
2000 1251 2067 1304 ad
2105 1250 2206 1307 Joh
2235 1255 2349 1309 ait:

772 1329 937 1384 Omne
967 1342 1146 1387 autent
1184 1339 1439 1407 navigans
1472 1339 1780 1393 conveniens
1814 1356 1916 1393 non
1960 1344 2125 1413 ferent
2167 1345 2352 1413 pellem

768 1438 932 1477 unum
967 1428 1153 1481 cauda:
1185 1430 1301 1498 ejus
1333 1446 1351 1481 :
1383 1440 1433 1483 et
1470 1432 1525 1484 in
1574 1434 1799 1505 navigiis
1838 1437 2162 1502 piscatorum
2195 1454 2351 1509 caput

766 1514 883 1581 ejus
906 1516 970 1568 7”.
1016 1516 1276 1591 Intelligit
1314 1532 1498 1577 autem
1538 1524 1834 1593 diabolum,
1869 1531 2351 1597 quomodo-nimi-

770 1622 889 1659 rum
923 1610 1105 1663 omnis
1142 1611 1425 1668 hominum
1458 1616 1724 1672 industria
1763 1618 1907 1675 circa
1948 1621 2127 1691 ipsum
2162 1624 2351 1679 eluda-

766 1708 873 1762 tur,
903 1700 975 1753 ita
1010 1710 1070 1755 ut
1099 1718 1278 1773 neque
1309 1706 1500 1774 pellem
1527 1710 1715 1764 caudae
1744 1712 1865 1782 eius
1898 1716 2040 1768 terre
2069 1716 2155 1769 vel
2182 1718 2349 1771 susti-

764 1805 898 1845 nere
928 1793 1144 1850 valeant
1174 1813 1187 1849 :
1222 1811 1601 1856 verumtamen
1640 1803 1819 1872 ipsum
1866 1816 2029 1876 caput
2067 1808 2211 1875 ejus,
2243 1809 2347 1862 sci-

761 1882 890 1938 licet
918 1884 1303 1958 idololatriam,
1331 1907 1453 1961 quae
1484 1894 1665 1950 omnis
1696 1898 1951 1965 nequitize
1986 1899 2156 1969 ipsius
2180 1914 2345 1971 caput

760 1974 991 2042 exstitit,
1022 1978 1079 2032 in
1119 1982 1350 2037 navibus
1384 1984 1749 2041 Ecclesiarum
1782 1990 2011 2058 apostoli
2052 1989 2341 2048 interiece-

760 2074 913 2120 runt.
962 2067 1028 2123 Hi
1080 2073 1453 2142 operationem
1504 2079 1558 2132 in
1605 2079 1760 2150 aquis
1801 2082 2009 2147 multis,
2061 2085 2114 2140 id
2155 2096 2241 2143 est
2283 2088 2338 2142 in

758 2158 1111 2218 multitudine
1150 2163 1434 2222 hominum
1472 2171 1704 2226 salutem
1743 2176 2133 2243 praestiterunt.
2165 2180 2339 2235 Caste-

757 2259 879 2300 rum
925 2246 1020 2303 Dei
1062 2266 1281 2322 quoque
1324 2270 1488 2325 Opera
1529 2258 1801 2326 viderunt,
1843 2262 1896 2317 id
1937 2272 2020 2319 est
2061 2276 2339 2322 creaturas

755 2344 815 2391 et
866 2339 1159 2407 mirabilia,
1196 2344 1252 2399 id
1301 2357 1387 2402 est
1434 2349 1609 2420 signa,
1645 2368 1767 2421 quae
1813 2354 2042 2411 salutem
2098 2369 2336 2414 nostram

753 2429 1085 2499 dispensans
1131 2438 1314 2505 posuit
1348 2439 1401 2493 in
1436 2442 1729 2511 profundo,
1764 2446 1868 2501 hoc
1908 2458 1995 2503 est
2032 2450 2088 2503 in
2124 2452 2338 2520 sapien-

754 2521 831 2575 tia
864 2538 879 2574 ι
913 2539 1039 2579 cum
1073 2542 1179 2595 qua
1207 2529 1351 2585 Deus
1396 2548 1483 2588 res
1528 2547 1747 2593 nostras
1789 2538 2157 2597 administrat.
2203 2542 2338 2599 Pro-

752 2612 983 2669 fundum
1028 2618 1175 2673 enim
1215 2630 1302 2676 est
1340 2622 1436 2679 Dei
1479 2628 1766 2697 sapientia,
1796 2643 2023 2701 propter
2061 2651 2216 2690 suam
2251 2638 2337 2691 in-

753 2710 1410 2776 comprehensibilitatem
1465 2729 1522 2773 et
1576 2720 2020 2782 immensitatem.
2083 2727 2337 2800 lntelligit

753 2798 1083 2855 tcntationes
1108 2803 1196 2871 (iis
1218 2807 1363 2860 enim
1381 2820 1553 2865 scatet
1571 2812 1677 2867 vita
1697 2813 1956 2887 humana)
1980 2837 1991 2872 :
2015 2818 2132 2875 illas
2150 2798 2330 2876 autem

752 2896 983 2953 suscitat
1034 2902 1261 2970 spiritus
1304 2908 1575 2975 procellas,
1610 2913 1821 2968 scilicet
1866 2917 2094 2986 spiritus
2134 2921 2332 2975 adver-

752 2986 964 3053 sarius;
1009 3006 1118 3046 non
1163 3003 1346 3051 tamen
1374 3014 1440 3053 ex
1471 3002 1679 3069 privata
1714 3020 1811 3060 sua
1847 3009 2192 3073 auctoritate,
2236 3015 2331 3068 sed

751 3078 864 3133 Deo
893 3079 993 3135 hoc
1024 3085 1090 3137 ad
1116 3085 1391 3161 justorum
1433 3095 1881 3152 exercitationem
1915 3114 1979 3155 ac
2014 3103 2330 3158 manifestu-

2462 590 2700 662 δέχεται
2745 595 2854 647 τὸν
2873 594 3326 651 ἀποστείλαντά
3371 614 3469 665 με.
3530 599 3751 672 ’ωσπερ
3793 603 3968 672 ἡμῶν
4014 605 4070 654 τὲ

2461 683 2620 752 γένος
2682 688 2998 758 ἰασάμενος,
3056 692 3121 743 ἐκ
3140 692 3252 749 τῶν
3304 691 3616 764 διαφθορῶν
3655 696 3815 764 ἡμᾶς
3862 697 4067 769 aquas

2460 775 2572 829 τῶν
2598 778 3015 850 ἁμαρτημάτων
3038 782 3330 854 ἐρρύσατο.
3370 786 3549 857 Φθορά
3584 787 3697 858 γὰρ
3725 788 3946 851 παντὸς
3974 792 4065 842 ἁν-

2460 873 2780 947 θρώπουτά
2812 878 3209 950 ἁμαρτήματα.
3260 882 3480 951 Ἐπειδὴ
3507 883 3561 935 εί
3581 900 3668 946 τις
3694 882 3792 936 τὸν
3818 883 3957 936 ναὸν
3975 882 4062 935 τοῦ

2459 966 2596 1020 Θεοῦ
2619 968 2854 1040 φθείρει,
2873 970 3067 1042 φθερεῖ
3091 972 3283 1027 τοῦτον
3304 974 3335 1026 ὁ
3365 974 3522 1039 Θεός.

2533 1098 2551 1129 ι
2581 1081 2643 1133 οι
2673 1081 3095 1149 καταϐαίνοντες
3114 1088 3194 1150 εἰς
3219 1087 3519 1143 θάλασσαν.
3562 1110 3581 1142 ι

2542 1169 2805 1225 Ἐνταῦθα
2826 1171 3104 1228 θάλασσαν
3116 1177 3309 1245 νοῆσαι
3341 1179 3451 1249 χρὴ
3476 1180 3567 1233 τὸν
3593 1172 3710 1250 βίον
3730 1181 3832 1234 τὸν
3859 1181 4055 1252 ἡμέτε-

2459 1279 2572 1332 ρον,
2586 1262 2747 1316 πλοῖα
2762 1264 2859 1329 τὰς
2872 1264 3223 1338 Ἐκκλησίαςο
3250 1272 3378 1341 περὶ
3390 1265 3464 1325 ὧν
3481 1272 3508 1324 ὁ
3527 1272 3907 1336 Θεὸςτοιαῦτα
3925 1274 4055 1345 πρὸς

2455 1352 2546 1404 τὸν
2573 1352 2696 1405 Ὶὼσ
2720 1354 3031 1422 διαλέγεται
3057 1375 3070 1387 ’
3104 1357 3237 1412 Πᾶν
3265 1359 3334 1414 δὲ
3358 1363 3599 1417 πλωτὸν
3627 1367 3957 1420 συνελθὸν
3989 1370 4051 1420 οὐ

2448 1447 2536 1514 μὴ
2568 1446 2857 1516 έγέτκωι
2880 1449 3126 1518 βύρσαν
3151 1454 3301 1521 μίαν
3353 1456 3544 1523 οὐρᾶς
3577 1459 3775 1512 αὐτοῦ
3804 1476 3821 1489 ·
3859 1459 3963 1513 καὶ
3991 1460 4054 1512 ἐν

2453 1538 2691 1605 πλοίοις
2718 1539 2938 1593 ἁλιέων
2965 1544 3205 1612 κεφαλὴ
3248 1547 3457 1601 αὑτοῦ.
3495 1550 3660 1617 Λέγει
3709 1550 3768 1602 δὲ
3803 1551 3902 1603 τὸν
3944 1552 4049 1605 διά-

2453 1629 2632 1693 σολον,
2679 1630 2755 1695 ὡς
2786 1633 2921 1703 πρὸς
2952 1634 3117 1687 αὑτὸν
3155 1639 3304 1691 πᾶσα
3342 1639 3441 1708 μὲν
3476 1640 3791 1712 ἀνθρώπων
3824 1646 4049 1713 ἡττᾶται

2456 1723 2697 1793 μηχανὴ,
2734 1723 2876 1777 ὥστε
2905 1725 3044 1797 μηδέ
3085 1726 3289 1800 βύρσαν
3323 1731 3490 1799 οὐράς
3532 1731 3699 1785 αὑτοῦ
3750 1734 4048 1803 βαστάζειν

2381 1852 2421 1905 Β
2451 1816 2483 1886 ἢ
2516 1817 2848 1885 ὑψίστασθαι
2868 1836 2881 1851 ο
2928 1820 3045 1873 ἀλλ’
3075 1822 3226 1891 ὅμως
3261 1822 3425 1877 αὐτοῦ
3450 1826 3547 1895 τὴν
3570 1826 4045 1898 κεφαλὴνβηλαξὴ

2452 1907 2552 1977 τὴν
2587 1902 3001 1980 είδωλολατρίαν
3025 1952 3040 1976 ,
3071 1912 3194 1983 ἥτις
3227 1913 3407 1983 πάσης
3442 1914 3606 1968 αὐτοῦ
3638 1919 3749 1986 τῆς
3777 1920 4045 1987 πονηρίας

2451 1998 2673 2070 ὑπῆρχε
2707 2000 3036 2070 κεφάλαιον,
3071 2006 3127 2056 ἐν
3166 2006 3280 2066 τοῖς
3325 2005 3529 2068 πλοίοις
3565 2006 3674 2058 τῶν
3691 2008 4042 2077 Ἐκκλησιιέιν

2449 2093 2765 2163 ἐνέκρωσαν
2805 2095 2855 2148 οί
2906 2096 3214 2151 ἀπόστολοι.
3250 2092 3412 2151 Οὗτοι
3460 2100 3729 2169 ἐργασίαν
3769 2104 3837 2155 ἐν
3877 2102 4041 2170 ,ὕδατι

2450 2184 2685 2247 πολλοῖς,
2724 2187 2782 2237 ἐν
2818 2184 2899 2256 τῷ
2940 2185 3137 2258 πλήθει
3181 2188 3382 2259 δηλαδὴ
3427 2190 3524 2260 τὴν
3565 2191 3679 2243 τῶν
3729 2191 4042 2262 ἀνθρώπων

2451 2277 2730 2350 σωτηρίαν
2755 2280 3105 2350 πεποίηνται.
3132 2280 3346 2335 Ἷδοσαν
3370 2282 3429 2335 δὲ
3448 2284 3542 2336 καὶ
3584 2284 3681 2337 τοῦ
3702 2283 3847 2337 Θεοῦ
3868 2285 3940 2338 τά
3965 2286 4041 2356 ἕρ-

2444 2388 2537 2439 γα,
2578 2371 2828 2424 τουτέστι
2864 2371 2933 2425 τὰ
2977 2372 3443 2444 δημιουργήματα
3481 2376 3576 2428 καὶ
3601 2374 3671 2428 τὰ
3726 2374 4038 2444 θαυμάσια,

2442 2461 2642 2534 δηλαδὴ
2675 2464 2743 2516 τὰ
2774 2465 2999 2534 σημεῖα,
3032 2465 3131 2516 ὅσα
3158 2464 3259 2532 τὴν
3284 2467 3560 2536 σωτηρίαν
3600 2467 3920 2537 οἰκονομῶν
3948 2468 4039 2539 τήν

2441 2553 2717 2625 ἡμετέραν
2748 2553 2900 2608 ἔθετο
2929 2555 2987 2608 ἐν
3008 2554 3086 2626 τῷ
3115 2554 3285 2627 βυθῷ,
3320 2558 3599 2611 τουτέστιν
3630 2559 3693 2612 ἐν
3732 2562 3805 2630 τῇ
3836 2562 4035 2632 σοφίᾳ·

2446 2646 2565 2716 μεθ’
2602 2641 2669 2718 ἧς
2700 2646 2728 2698 ὁ
2762 2646 2895 2711 Θεὸς
2934 2648 3211 2717 οἰκονομεῖ
3243 2649 3311 2702 τὰ
3342 2649 3607 2719 ἡμέτερα.
3639 2649 3827 2714 Βάθος
3863 2652 3976 2722 γὰρ
4008 2655 4038 2719 ἡ

2441 2738 2535 2790 τοῦ
2564 2737 2702 2792 Θεοῦ
2746 2738 2931 2807 σοφία,
2974 2739 3064 2791 διὰ
3083 2739 3145 2791 τὸ
3188 2738 3507 2794 ἀνείκαστον
3554 2742 3727 2810 αὐτῆς
3756 2744 3867 2796 καὶ
3897 2746 4039 2814 ἀμέ-

2441 2844 2659 2898 τρητον.
2689 2828 2828 2890 Τοὺς
2852 2830 3195 2899 πειρασμοὺς
3239 2830 3389 2897 λέγει
3430 2832 3615 2901 (γέμει
3645 2834 3754 2903 γὰρ
3789 2834 3981 2887 αὐτῶν
4012 2837 4038 2885 ὀ

2442 2919 2557 2989 βίος
2585 2920 2614 2971 ὁ
2636 2919 3003 2989 ἀνθρώπινος)
3032 2937 3046 2951 ⁸
3090 2921 3297 2992 ἐγείρει
3325 2921 3381 2975 δὲ
3415 2924 3613 2988 αὐτοὺς
3647 2926 3742 2978 καὶ
3766 2926 3837 2978 τὸ
3873 2926 4037 2978 m5-

2443 3029 2520 3081 μα
2536 3012 2640 3082 τῆς
2671 3012 3004 3081 καταιγίδος,
3037 3013 3238 3085 δηλαδὴ
3273 3014 3335 3068 τὸ
3372 3015 3593 3084 πνεῦμα
3626 3018 3688 3070 τὸ
3711 3018 4033 3089 ἀντικείμε·

2440 3120 2530 3157 νον
2550 3119 2563 3131 ·
2597 3104 2657 3156 οὐ
2689 3105 2797 3174 μὴν
2826 3104 2936 3158 ἀπὸ
2964 3106 3062 3174 τῆς
3085 3106 3299 3159 οίκοθεν
3322 3105 3595 3171 ἐξουσίας,
3627 3110 4035 3180 ἐπιτρέψαντες

751 3168 959 3226 tionem
1011 3178 1384 3245 permittente.
1425 3184 1695 3240 Caeterum
1748 3188 1891 3245 Deus
1940 3191 2172 3261 ipsemet
2226 3197 2329 3251 hoc

2440 3194 2491 3249 at
2526 3194 2618 3249 τοῦ
2651 3194 2788 3249 Θεοῦ
2819 3198 2899 3260 είς
2919 3199 3019 3268 τὴν
3049 3196 3158 3251 τῶν
3188 3197 3412 3253 δικαίων
3454 3200 3774 3269 γυμνασίαν
3805 3204 3905 3254 καὶ
3934 3220 4033 3271 φα-

749 3260 1014 3329 declarat,
1046 3271 1267 3336 quando
1314 3276 1561 3342 permisit
1614 3278 1831 3333 diabolo
1875 3294 1937 3336 ut
1969 3282 2167 3340 Jobum
2212 3295 2331 3341 ten-

751 3361 910 3407 taret.
954 3354 1187 3415 Pulchre
1232 3374 1414 3419 autem
1466 3369 1797 3425 tentationes
1842 3376 2058 3429 vocavit
2098 3376 2329 3445 ﬂuctus;

749 3445 1194 3517 quandoquidem
1237 3453 1379 3509 sicut
1427 3460 1792 3528 tranquillitas
1840 3474 1962 3534 post
1996 3463 2214 3531 ﬂuctus,
2257 3469 2329 3523 ita

750 3546 873 3605 post
908 3541 1239 3598 tentationes
1274 3561 1378 3615 pax
1408 3552 1671 3605 succedit.

819 3759 987 3820 Vens.
1021 3764 1113 3821 26.
1156 3785 1177 3819 ι
1210 3767 1531 3827 Ascendunt
1556 3788 1727 3843 usque
1756 3775 1823 3831 ad
1851 3777 2040 3833 ctelos.
2073 3796 2092 3829 ι

820 3853 958 3910 Mala
999 3866 1183 3914 alitem
1231 3860 1337 3917 hoc
1375 3862 1496 3918 loco
1535 3881 1646 3919 non
1684 3866 1834 3933 vitia,
1866 3869 1964 3924 sed
2009 3868 2328 3925 aﬂlictiones

748 3944 1024 4015 intelligit.
1056 3945 1212 4004 Unde
1237 3950 1408 4007 Amos
1439 3954 1516 4007 ait
1545 3972 1557 4006 :
1584 3953 1643 4009 Si
1672 3957 1771 4009 erit
1794 3957 2003 4012 malitia
2032 3959 2086 4012 in
2118 3960 2327 4014 civitate

746 4052 909 4105 quam
938 4037 1192 4098 Dominus
1222 4056 1325 4094 non
1351 4042 1471 4113 fecit
1492 4043 1578 4097 7'?
1603 4044 1913 4117 intelligens
1940 4047 2327 4118 castigationes

744 4142 882 4193 quas
910 4128 1177 4186 Dominus
1207 4130 1275 4185 ad
1313 4135 1711 4190 correctionem
1758 4137 2073 4193 hominibus
2109 4139 2321 4212 inﬂigit.

746 4220 802 4274 In
833 4222 920 4277 his
950 4222 1133 4278 anima
1162 4226 1475 4282 necessario
1508 4229 1841 4285 tabescebat.
1868 4230 2026 4296 Quod
2065 4232 2209 4287 enin:
2239 4244 2325 4290 est

743 4328 881 4367 auro
925 4314 1086 4385 ignis,
1130 4315 1237 4371 hoc
1280 4317 1570 4374 animabus
1616 4330 1747 4375 sunt
1797 4323 2157 4389 tentationes,
2201 4340 2323 4392 quae

742 4404 888 4472 ipsas
916 4405 1201 4461 tabescere
1232 4405 1463 4473 faciunt,
1503 4425 1613 4464 non
1655 4421 1711 4465 ut
1754 4423 2198 4483 corrumpantur,
2224 4416 2320 4471 sed

742 4505 802 4553 ut
847 4507 1108 4568 appareat
1152 4511 1416 4570 quantum
1467 4504 1773 4572 splendoris
1820 4505 2076 4562 habeant.
2116 4507 2319 4563 Tenta-

2443 3285 2705 3358 νέρωσιν·
2734 3286 2887 3359 δηλοῖ
2914 3288 2971 3341 δὲ
3019 3290 3182 3354 αὐτὸς
3221 3293 3249 3343 ὁ
3277 3291 3410 3353 Θεὸς
3446 3290 3658 3364 [ἡνίκα]
3687 3293 3767 3363 τῷ
3800 3293 4034 3364 suae...

2441 3375 2700 3442 πειρᾶσαι
2740 3373 2836 3427 τὸν
2902 3374 3023 3428 Ἰὼϐ
3080 3377 3406 3449 ἐπιτρέψας.
3453 3381 3651 3445 Καλῶς
3695 3383 3755 3435 δὲ
3808 3385 4033 3454 κύματε

2438 3465 2565 3528 τοὺς
2615 3468 2956 3536 πειρασμοὺς
3024 3467 3322 3523 ἐκάλεσεν·
3361 3472 3550 3543 ἐπειδὴ
3612 3474 3879 3547 καθάπερ
3936 3494 4032 3544 γα-

2438 3556 2571 3627 λήνη
2607 3556 2674 3609 τὰ
2704 3555 2946 3629 κύματα,
2970 3558 3141 3625 οὕτως
3173 3564 3267 3615 καὶ
3307 3562 3435 3627 τοὺς
3462 3566 3816 3635 πειρασμοὺς
3838 3569 4029 3640 εἰρήνη

2437 3648 2759 3719 διαδέχεται.

2514 3782 2533 3813 ι
2565 3764 2969 3820 ’.ἀναϐαίνουσιν
2997 3768 3101 3831 ἕως
3120 3769 3229 3823 τῶν
3256 3770 3520 3842 οὐρανῶν.
3563 3792 3581 3824 ι

2506 3857 2587 3910 Τὰ
2627 3858 2773 3912 κακὰ
2796 3857 2852 3911 δὲ
2881 3859 3118 3914 ἐνταῦθα
3146 3862 3208 3914 οὐ
3243 3861 3446 3932 φαῦλα,
3478 3864 3613 3928 ἀλλὰ
3640 3865 3713 3923 τὰ
3733 3868 4029 3921 κακωτικά

2435 3950 2603 4017 λέγει.
2635 3950 2798 4004 Ὅθεν
2826 3950 3011 4022 Ἀμώς
3048 3969 3213 4024 φησιν
3233 3969 3247 3985 ο
3290 3956 3360 4008 Εἰ
3394 3956 3566 4012 ἔσται
3604 3960 3793 4015 κακία
3818 3962 3890 4014 ἐν
3920 3962 4028 4013 πό-

2433 4042 2531 4093 λει
2569 4037 2650 4106 ἦν
2681 4041 2896 4109 Κύριος
2930 4044 3041 4097 οὐκ
3073 4044 3325 4113 ἐποίησε
3338 4064 3358 4112 ;
3406 4048 3505 4111 τάς
3547 4049 3809 4115 παιδείας
3851 4054 4027 4121 λέγων

2432 4132 2500 4196 ἃς
2529 4132 2780 4203 ἐπιφέρει
2810 4137 2923 4197 τοῖς
2964 4135 3275 4206 ἀνθρώποις
3319 4140 3399 4202 είς
3435 4139 3744 4210 διόρθωσιν.
3776 4143 3874 4198 Ἐν
3906 4147 4028 4199 τού-

2432 4241 2547 4288 τοις
2595 4225 2628 4295 ή
2668 4224 2815 4295 ψυχὴ
2853 4226 3168 4295 ἀναγκαίως
3210 4230 3475 4299 ἐτήκετοά
3504 4231 3683 4303 Ὅπερ
3734 4236 3855 4306 γάρ
3908 4240 4028 4291 ἐστι

2430 4314 2509 4384 τῷ
2540 4314 2749 4386 χρυσίῳ
2771 4316 2833 4368 τὸ
2870 4316 3004 4388 πῦρ,
3045 4319 3206 4373 τοῦτο
3239 4322 3361 4384 ταῖς
3400 4321 3600 4391 ψυχαῖς
3620 4324 3672 4376 οἱ
3713 4330 4026 4399 πειρασμοὶ

2428 4404 2780 4474 τυγχάνουσι,
2806 4406 3065 4478 τήκοντες
3092 4408 3284 4476 αὑτὰς,
3311 4410 3411 4481 οὐχ
3455 4410 3595 4464 ὥστε
3619 4412 4023 4486 διαφθαρῆναι,

2428 4495 2542 4551 ἀλλ’
2583 4496 2724 4550 ὥστε
2767 4499 3146 4571 φανερωθῆναι
3188 4501 3307 4565 πῶς
3366 4501 3756 4575 λαμπρότητος
3805 4509 4021 4578 ἔχουσι.

742 4560 1092 4645 tiones-enim
1120 4560 1360 4663 arguunt
1381 4560 1613 4649 virtutes
1639 4596 1947 4651 hominum.
1975 4597 2319 4669 Quapropter

2442 4588 2740 4658 Ελέγχουσι
2772 4560 2881 4660 γὰρ
2907 4560 2962 4643 ὀί
3016 4560 3311 4662 πειρασμοί
3356 4560 3455 4659 τάξ
3501 4560 3815 4665 ένθρίῦπίυν

738 4678 1006 4738 Dominus
1052 4684 1189 4738 dixit
1224 4702 1237 4739 :
1267 4685 1432 4743 Orate
1477 4698 1534 4743 ut
1583 4705 1685 4741 non
1732 4690 1937 4744 intretis
1977 4690 2035 4744 in
2068 4693 2318 4746 tentatio-

739 4790 859 4835 nem
895 4769 1131 4857 ".‘Quin
1163 4785 1221 4832 et
1245 4775 1441 4838 Petrus
1473 4780 1527 4834 in
1567 4790 1777 4837 tantum
1817 4785 2068 4840 turbatus
2098 4794 2154 4839 et
2185 4801 2319 4841 con-

2428 4697 2570 4753 μεις.
2598 4681 2799 4751 Διόπερ
2829 4683 2857 4734 ὁ
2883 4683 3083 4753 Κύριος
3106 4685 3287 4753 ἐλεγε’
3318 4688 3743 4756 Προσεύχεσθε
3766 4689 3860 4759 μὴ
3894 4694 4020 4744 εισ-

2423 4771 2623 4825 ελθεῖγ
2662 4773 2749 4837 εις
2794 4775 3151 4841 πειρασμόν.
3186 4775 3349 4828 Ἀλλὰ
3400 4776 3505 4845 μὴν
3545 4776 3647 4829 καὶ
3687 4777 3906 4848 Πέτρος
3941 4782 4019 4844 εἰς

738 4856 1031 4933 quassatus
1061 4866 1163 4922 fuit
1189 4869 1491 4924 tentatione
1529 4873 1857 4941 negationis,
1899 4884 1959 4929 ut
1988 4875 2056 4929 de
2088 4875 2317 4933 Domino

2440 4862 2676 4918 τοσοῦτον
2703 4865 2976 4936 ἐταράχθη
3010 4866 3104 4918 καὶ
3147 4866 3409 4937 ἐσαλεύθη
3461 4867 3540 4937 τῷ
3579 4872 3885 4940 πειρασμῷ
3917 4873 4019 4941 τῆς

738 4957 947 5011 diceret
984 4975 997 5012 :
1035 4957 1154 5015 Non
1200 4961 1319 5015 novi
1363 4962 1628 5017 hominem
1666 4966 1803 5018 hunc
1831 4966 1899 5019 ⁷⁸.
1941 4966 2089 5020 Ebrii
2133 4978 2315 5022 autem

739 5049 1019 5119 proprium
1059 5060 1144 5109 est
1192 5067 1302 5117 non
1350 5055 1589 5121 novisse,
1642 5056 1808 5112 etiam
1854 5058 2056 5129 alioqui
2100 5067 2313 5113 notum.

738 5138 893 5195 Tunc
920 5140 1084 5195 etiam
1115 5142 1297 5198 omnis
1327 5143 1447 5214 ejus
1476 5145 1741 5215 sapientia
1770 5146 2023 5218 absorpta
2053 5147 2171 5204 fuit.

812 5355 833 5389 ι
875 5336 1038 5393 Vens.
1068 5338 1160 5393 28.
1192 5340 1258 5394 Et
1286 5342 1660 5415 clamaverunt
1686 5344 1751 5398 ad
1794 5343 2104 5398 Dominum.
2142 5365 2159 5396 ι

807 5426 977 5498 igitur
1002 5430 1459 5498 quemadmodum
1497 5443 1707 5489 natura:
1743 5435 1799 5488 in
1832 5443 2155 5505 tempestate
2194 5452 2312 5490 om-

2426 4957 2730 5027 ἀρνήσεως,
2770 4956 2910 5010 ὥστε
2944 4957 3188 5024 περὶτοῦ
3220 4958 3429 5029 Κυρίου
3471 4958 3652 5027 λέγειν
3672 4976 3687 4990 ·
3720 4964 3851 5015 οὐκ
3878 4961 4017 5017 οἶδα

2424 5048 2531 5103 τὸν
2569 5050 2883 5117 ἄνθρωπον
2905 5051 3140 5104 τοῦτον.
3176 5051 3484 5117 Μεθύοντος
3506 5052 3563 5106 δὲ
3580 5053 3711 5106 ἴδιον
3738 5055 3849 5109 οὐκ
3877 5057 4014 5110 ειδέ-

2423 5158 2510 5195 ναι
2540 5142 2633 5194 καὶ
2660 5141 2753 5195 τὸν
2786 5142 3017 5212 τυχόντα
3038 5142 3333 5213 γνώριμον.
3367 5144 3501 5199 Τότε
3534 5145 3629 5199 καὶ
3658 5147 3812 5199 πᾶσα
3843 5146 4011 5202 αὑτοῦ

2424 5234 2587 5302 σοφία
2613 5234 2911 5304 κατεπόθη.

2496 5368 2515 5401 ι
2551 5349 2658 5402 Καὶ
2684 5348 2988 5421 ἐκέκραξαν
3022 5349 3156 5420 πρὸς
3188 5350 3414 5422 Κύριον.
3453 5370 3472 5403 ι

2490 5438 2700 5493 Οὐκοῦν
2739 5441 2992 5511 καθάπερ
3035 5442 3085 5494 οἱ
3114 5441 3308 5495 ναῦται
3340 5443 3446 5496 ὑπὸ
3489 5444 3765 5513 χειμῶνος
3799 5446 4006 5516 ἀπολη-

736 5536 863 5575 nem
910 5520 1155 5589 ipsorum
1194 5523 1517 5578 industriam
1560 5535 1619 5580 et
1661 5535 1835 5581 artem
1880 5536 2175 5596 superante
2217 5542 2314 5597 per

2440 5530 2639 5599 ρθέντες
2656 5532 2839 5602 πάσης
2861 5532 3056 5602 τέχνης
3077 5532 3172 5586 καὶ
3193 5534 3436 5596 ἐπινοίας
3460 5534 3774 5604 κρείττονος
3793 5535 3885 5590 διὰ
3908 5537 4004 5606 τῆς

734 5611 1139 5670 invocationem
1190 5613 1283 5669 Dei
1333 5617 1643 5685 salvantur;
1697 5619 1772 5675 ita
1821 5626 2039 5689 oportet
2082 5634 2178 5673 eos
2219 5620 2310 5689 qui

808 5790 851 5820 "
888 5790 1075 5863 Matth.
1115 5810 1189 5861 Ix,
1224 5796 1309 5850 57.
1392 5798 1431 5829 τ’
1458 5797 1557 5852 ιρι)
1586 5816 1670 5868 χι,
1702 5800 1786 5855 26.
1870 5802 1908 5833 7"
1948 5802 2113 5860 Amos
2143 5822 2219 5871 ιιι,
2246 5801 2293 5858 6.

2414 5623 2494 5685 είς
2538 5622 2629 5674 τὸν
2673 5621 2806 5674 Θεὸν
2850 5622 3192 5693 ἐπικλήσεως
3230 5622 3521 5688 σώζονταιο
3563 5622 3710 5679 οὕτω
3748 5625 3859 5699 χρὴ
3906 5624 4000 5681 καὶ

2375 5805 2415 5835 ⁷⁷
2442 5801 2627 5859 Matth.
2656 5821 2803 5870 sxw,
2835 5805 2920 5861 41.
2999 5806 3041 5838 ’⁸
3063 5804 3252 5863 Matth.
3284 5821 3430 5874 xxvr,
3465 5805 3551 5863 7'2.
