4156 6452
170 387 307 454 1305

1328 393 1790 454 FRAGMENTA
1834 393 1912 454 IN
1957 397 2314 460 PSALMOS.

3321 403 3458 470 1306

165 505 292 568 τοὺς
341 503 770 577 πειραζομένους
819 504 998 575 οἰκείᾳ.
1053 505 1153 576 μὲν
1210 506 1440 577 δυνάμει
1490 508 1564 579 μὴ
1611 508 1745 579 θαρο

1865 516 2137 566 lentantur
2189 513 2427 584 propria:
2476 517 2699 587 quidem
2749 519 2938 576 virtuti
2985 519 3214 577 minime
3267 521 3458 590 ﬁdere,

171 596 317 664 ῥεῖν,
353 593 490 667 μόνῃ
531 593 589 650 δὲ
634 598 703 667 τῇ
744 596 883 668 πρὸς
931 597 1024 651 τὸν
1059 596 1193 651 Θεὸν
1247 599 1576 669 πεποιθήσει
1621 599 1754 672 χρῆ-

169 686 313 742 σθαι.

244 800 262 832 ι
291 782 401 835 Καὶ
428 781 837 855 εὐφράνθησαν,
869 783 952 838 ὅτι
981 783 1283 854 ἡσύχασαν.
1325 802 1343 837 ι

251 871 476 942 Ἐπειδὴ
525 872 587 926 τὺ
635 873 1021 942 εὐαγγελικὸν,
1054 874 1311 945 καθάπερ
1358 872 1591 945 ἔφημεν,
1641 875 1757 946 ῂνίο

171 965 300 1029 ξατο
328 966 618 1037 κήρυγμα,
676 966 996 1034 ἀναγκαίως
1049 965 1380 1036 Ἐκκλησίας
1402 967 1660 1040 ᾐνίξατο,
1693 968 1757 1020 οὑ

169 1057 344 1122 λαοῦ,
375 1059 585 1128 μήποτε
635 1057 795 1132 δόξῃς
816 1061 914 1130 τὴν
938 1059 1271 1131 Συναγωγὴν
1292 1060 1571 1129 λέγεσθαι,
1594 1059 1760 1116 λαῶν

168 1147 225 1199 δὲ
267 1148 376 1202 τῶν
427 1148 600 1201 ὲθνῶν
655 1149 1102 1220 ἐμνημόνευσεν·
1150 1151 1209 1202 ὲν
1246 1144 1330 1214 οἷς
1375 1152 1471 1204 καὶ
1520 1149 1759 1220 καθέδρα

171 1240 585 1312 πρεσϐυτέρων,
609 1242 908 1298 αἰνούντων
933 1243 1025 1295 τὸν
1051 1243 1182 1298 Θεὸν
1206 1245 1323 1306 ταῖς
1352 1242 1760 1307 διδασκαλικαίς

172 1333 445 1399 γλώσσαις
465 1348 480 1363 ⁸
521 1335 649 1404 περὶ
677 1326 751 1388 ὧν
781 1334 998 1397 Παῦλος
1023 1335 1236 1404 ἔλεγεν·
1263 1335 1760 1403 Οί·πρεσ6“ύτεροι

171 1422 394 1492 διπλῆς
419 1424 598 1494 τιμῆς
626 1426 1054 1480 ἀέιούσθωσαν
1076 1442 1089 1455 ·
1123 1427 1394 1495 μάλιστα
1423 1429 1477 1481 ol
1509 1425 1761 1482 κοπιῶν-

172 1534 272 1582 τες
304 1518 374 1570 ὲν
395 1518 556 1588 λόγῳ
587 1519 686 1572 καί
719 1518 1105 1586 διδασκαλίᾳ.

251 1627 269 1660 ι
309 1608 503 1664 Ἐθετο
534 1612 814 1680 ποταμοὺς
837 1613 916 1673 εἰς
947 1611 1177 1682 ἔρημον.
1227 1630 1245 1662 ο

244 1703 355 1774 Τὴν
387 1703 519 1773 παρ’
548 1703 805 1780 Ἕλλησιν
834 1702 1070 1757 ἐνταῦθα
1103 1703 1297 1772 σοφίαν
1328 1703 1568 1775 ⁴ᾐνίξατο.
1604 1703 1763 1775 Ἐζή-

175 1793 304 1849 λουν
339 1797 446 1868 γὰρ
487 1799 765 1866 ποταμοὺς
810 1796 898 1848 διὰ
935 1796 1032 1865 τὴν
1066 1795 1297 1868 ῥέουσαν
1328 1797 1576 1864 γλῶτταν
1610 1796 1760 1866 φιλό-

1855 604 1950 660 sed
1981 605 2096 660 sola
2126 605 2224 660 Dei
2256 605 2458 661 ﬁducia
2489 607 2613 663 niti.

1927 782 2089 839 Vens.
2121 785 2212 841 50.
2245 806 2264 838 ‹
2300 788 2369 843 Ει
2392 789 2559 843 laetati
2589 799 2738 854 sunt,
2765 788 2892 859 quia
2924 790 3223 848 siluerunt.
3261 811 3279 844 ι

1927 876 2407 951 Quandoquidem,
2446 883 2530 936 uti
2571 884 2911 946 dicebamus,
2957 886 3274 955 evangeliea
3317 902 3458 955 pra:-

1858 971 2059 1027 dicatio
2089 973 2266 1030 fuerat
2298 976 2599 1041 insinuata,
2631 977 2946 1032 necessario
2984 978 3149 1032 etiam
3188 978 3462 1034 Ecclesias

1860 1066 2062 1130 innuit,
2108 1083 2219 1122 non
2267 1069 2472 1139 populi,
2511 1085 2582 1125 ne
2621 1070 2766 1125 forte
2803 1080 2961 1139 putes
3004 1070 3343 1141 Synagogam
3378 1072 3462 1124 in-

1862 1156 2055 1227 telligi,
2090 1158 2185 1212 sed
2228 1160 2566 1228 populorum,
2599 1161 2652 1215 id
2693 1171 2777 1216 est
2818 1160 3085 1230 gentium.
3124 1162 3458 1216 mentionem

1863 1247 2033 1301 fecit:
2071 1249 2126 1302 in
2162 1250 2364 1318 quibus
2401 1251 2566 1306 etiam
2604 1261 2689 1306 est
2724 1253 2985 1307 cathedra
3026 1254 3327 1318 seniorum,
3364 1254 3465 1307 lin-

1863 1340 1984 1411 guis
2036 1341 2436 1398 doctrinalibns
2483 1345 2823 1400 laudantium
2873 1347 3043 1401 Deum
3090 1365 3102 1401 :
3146 1348 3214 1402 de
3261 1347 3461 1416 quibus

1863 1434 2065 1490 Paulus
2092 1437 2168 1490 ait
2199 1453 2212 1490 :
2243 1437 2543 1506 Presbyteri
2573 1439 2769 1506 duplici
2811 1441 3005 1493 honore
3052 1441 3201 1510 digni
3237 1440 3463 1492 habean-

1865 1535 1983 1593 tur;
2018 1529 2250 1582 maxime
2274 1530 2365 1600 qui
2389 1529 2640 1583 laborant
2669 1531 2724 1583 in
2752 1531 2906 1584 verba
2932 1541 2980 1584 et
3009 1531 3252 1584 doctrina
3282 1533 3349 1585 ⁷³.

1939 1615 2097 1672 Vens.
2123 1619 2213 1672 55.
2245 1641 2262 1669 ι
2295 1618 2486 1673 Posuit
2517 1620 2742 1674 ﬁumina
2775 1621 2830 1674 in
2863 1621 3168 1675 desertum.
3206 1641 3224 1671 ι

1934 1705 2246 1762 Grzecorum
2315 1709 2408 1763 hic
2472 1709 2654 1762 innuit
2721 1710 3069 1778 sapientiam.
3135 1711 3456 1781 Philosophi

1865 1795 2011 1850 enim
2037 1796 2408 1866 sophistaeque
2433 1813 2496 1851 ac
2523 1798 2774 1852 rhetores
2801 1799 2871 1852 ob
2898 1799 3094 1869 lingua:
3122 1800 3456 1855 atlluentiam

174 1861 361 1956 σοφοι,
382 1861 475 1942 καὶ
506 1861 778 1957 σοφισταὶ,
814 1889 908 1941 καὶ
956 1861 1184 1959 ρἦόρες
1205 1905 1218 1918 ·
1256 1861 1372 1941 ἀλλ’
1398 1890 1605 1961 ἔρημον
1622 1861 1756 1944 τού-

1865 1887 2058 1942 lluvios
2095 1889 2498 1943 aemulabantur
2532 1907 2545 1944 :
2586 1890 2682 1944 sed
2725 1891 2969 1961 ipsorum
3013 1893 3362 1947 mendacium
3397 1911 3458 1949 ac

169 1998 285 2044 ’τοις
330 1980 557 2049 ἐλέγξας
609 1979 791 2033 αὐτῶν
844 1980 906 2032 τὸ
929 1980 1124 2049 ψεῦδος
1177 1981 1271 2034 καὶ
1336 1982 1752 2052 πεπλασμένον,

169 2074 325 2126 ἔθετο
349 2073 444 2126 καὶ
466 2073 566 2134 τὰς
593 2072 860 2139 διεξόδους
887 2072 996 2126 τῶν
1033 2073 1206 2141 λόγων
1253 2073 1498 2144 (τούτους
1527 2075 1636 2144 γὰρ
1669 2075 1759 2129 διὰ

168 2165 272 2236 τὴν
324 2164 505 2235 βιαίαν
554 2164 732 2234 ὁρμὴν
798 2164 1246 2234 προσηγόρευσεν
1308 2163 1502 2233 ὕδατα)
1563 2167 1644 2228 είς
1682 2166 1761 2218 δί-

171 2258 301 2327 ψαν.
374 2254 696 2327 ’Δκυρώσας
764 2255 874 2325 γὰρ
943 2254 1123 2308 αὐτῶν
1175 2253 1277 2325 τὴν
1329 2255 1524 2326 χρῆσιν
1588 2271 1760 2325 μετα-

58 2433 66 2439 .
171 2351 462 2420 ϐέϐληκεν.

251 2462 269 2494 ι
299 2444 411 2513 Τῆν
437 2442 786 2514 καρποφόρον
819 2442 898 2503 είς
929 2440 1128 2511 ἆλμην.
1160 2459 1177 2492 ι

244 2533 416 2587 Τοῦτο
458 2533 646 2602 σαφῶς
685 2535 767 2595 εἰς
794 2532 892 2603 τὴν
951 2535 1216 2588 Ἰουδαίαν
1266 2535 1370 2606 γῆν
1410 2537 1760 2608 καρποφόρον

177 2627 464 2697 γινομένην
489 2627 577 2679 διὰ
601 2627 727 2688 τοὺς
758 2623 817 2690 ἐξ
866 2626 1036 2696 αὐτῆς
1078 2629 1366 2698 προφήτας
1398 2629 1493 2681 καὶ
1520 2629 1647 2691 τοὺς
1684 2630 1762 2682 δι-

178 2720 366 2781 καίους
400 2717 639 2789 εἴρηται,
682 2719 803 2788 ἥτις
844 2718 926 2780 είς
960 2717 1142 2788 ἅλμην
1183 2719 1292 2771 ἀπὸ
1333 2720 1533 2782 κακίας
1559 2717 1670 2773 τῶν
1704 2722 1762 2775 ἐν

170 2814 312 2882 αὐτῇ
338 2809 736 2864 κατοικούντων
760 2810 1147 2880 Γραμματέων
1182 2813 1275 2863 καὶ
1303 2813 1636 2882 Φαρισαίων,
1665 2813 1763 2866 καὶ

176 2905 395 2956 πάντων
457 2902 566 2956 τῶν
635 2900 1021 2971 ἀσεϐησάντων
1079 2903 1160 2963 εἰς
1223 2903 1460 2972 Χριστὸν
1525 2905 1762 2979 μεταϐέ-

175 2995 388 3066 ϐληται.
435 2992 634 3047 Οὐκέτι
679 2993 789 3065 γὰρ
837 2993 897 3046 ἐν
953 2993 1137 3056 αὐτοῖς
1186 2994 1386 3064 ἱερεὺς.
1439 2995 1501 3047 οὐ
1549 2997 1764 3066 προφή-

172 3103 274 3156 της
295 3102 308 3115 ·
346 3085 463 3138 ἀλλ’
488 3083 611 3137 οὐδὲ
637 3083 849 3154 καρπὸς
881 3083 1070 3154 ἕτερος
1093 3083 1195 3153 τῆς
1224 3084 1460 3154 ἀρχαίας
1486 3083 1764 3148 πολιτείας

175 3178 513 3248 εὑρίσκεται.

252 3287 270 3320 ι
310 3267 507 3322 Ἔθετο
545 3266 753 3338 ἔρημον
783 3267 863 3330 εἰς
889 3267 1088 3332 λίμνας
1128 3267 1360 3322 ὑδάτων.
1397 3287 1415 3320 ι

245 3448 429 3502 Είπὼν
462 3450 562 3501 ὅσα
580 3450 692 3512 τοῖς
713 3447 962 3510 ἀπίστοις
986 3446 1264 3517 Ἕλλησιν,
1291 3448 1371 3500 ἐτι
1405 3447 1470 3520 δὴ
1502 3446 1595 3501 καὶ
1637 3448 1764 3502 Ἰου-

173 3541 343 3603 δαίοις
370 3540 562 3612 ἔμελλε
590 3540 909 3610 συμϐαίνειν
946 3539 1168 3608 (έϐλεπε
1199 3541 1309 3610 γὰρ
1350 3539 1488 3592 αὐτὰ
1517 3543 1628 3604 τοῖς
1661 3541 1760 3609 όφ-

175 3630 401 3700 θαλμοίς
422 3630 516 3684 τοῦ
558 3630 914 3700 πνεύματος),
973 3632 1083 3685 ἰδοὺ
1109 3631 1205 3684 νῦν
1235 3633 1303 3686 τὰ
1345 3632 1475 3702 περὶ
1505 3633 1606 3701 τῆς
1641 3633 1763 3693 Ἐκγ

175 3723 404 3793 κλησίας
441 3723 748 3793 συμφώνως
787 3723 863 3793 τῷ
903 3723 1104 3795 Ἡσαΐᾳ
1138 3722 1414 3778 ἐκτίθεται
1442 3740 1457 3756 ο
1492 3727 1626 3794 φησὶ
1653 3727 1761 3797 γὰρ

175 3816 446 3877 κάκεῖνοςο
467 3813 645 3879 Θήσω
673 3814 789 3881 τὴν
811 3814 1038 3884 ἔρημον
1065 3818 1152 3881 είς
1169 3814 1303 3880 ἕλη,
1332 3814 1430 3868 καί
1448 3815 1562 3883 τὴν
1576 3814 1762 3887 διψῶ-

172 3923 299 3962 σαν
338 3906 458 3976 γῆν
483 3909 571 3973 είς
598 3906 1001 3977 ὑδραγωγούς.
1030 3900 1204 3971 Οὗτος
1235 3907 1293 3960 δὲ
1322 3908 1520 3978 λίμνην
1555 3907 1764 3961 ὑδάτων

170 3998 275 4061 τὰς
304 3999 694 4070 κολυμϐήθρας
741 3997 933 4070 ἐνόησε
968 4000 1062 4052 τοῦ
1113 3999 1491 4071 βαπτίσματος
1517 4017 1532 4032 ·
1573 4000 1764 4070 ὥσπερ

166 4088 344 4151 αὑτὰς
385 4090 480 4143 καὶ
529 4089 783 4160 Σολομῶν
834 4090 1032 4152 ἐντοῖς
1093 4091 1394 4162 ’ᾼσμασιν,
1449 4090 1615 4160 ήνίκα
1671 4090 1763 4142 τὸν

165 4183 409 4254 Χριστὸν
437 4183 573 4253 πρὸς
603 4183 702 4253 τὴν
737 4183 932 4236 ἑαυτοῦ
965 4182 1185 4252 νύμφην
1214 4184 1469 4254 είσήγαγς
1503 4183 1600 4253 τὴν
1639 4183 1762 4236 Ἐκο

166 4277 405 4345 κλησίαν
435 4277 663 4344 λέγοντα
683 4295 699 4312 ο
729 4279 794 4330 Ol
818 4277 1115 4346 ὀφθαλμοί
1152 4294 1269 4331 σου
1313 4279 1395 4344 ὡς
1442 4279 1652 4348 λίμναι
1691 4279 1763 4332 ἐν

180 4369 452 4427 Ἐσεϐῶν
472 4369 543 4422 ἐν
569 4369 795 4434 πύλαις
835 4369 1128 4438 θυγατρὸς
1164 4368 1414 4422 πολλῶν
1434 4387 1447 4403 ο
1486 4369 1763 4440 θυγατέρα

165 4460 385 4514 πολλῶν
413 4461 514 4530 τὴν
560 4461 890 4530 Ἐκκλησίαν
912 4459 1206 4530 νενοηκὼς·
1230 4462 1291 4513 οὐ
1317 4461 1425 4533 γὰρ
1447 4462 1624 4531 μόνων
1649 4461 1760 4516 τῶν

167 4553 510 4617 ἀποστόλων,
556 4552 691 4605 ἀλλὰ
730 4552 822 4604 καὶ
872 4552 1173 4622 προφητῶν
1204 4551 1456 4623 θυγάτηρ
1517 4554 1756 4622 ἐγένετο.
1794 4535 1838 4590 Ῑ)

168 4648 291 4701 Οὐκ
329 4644 398 4718 ἦν
437 4649 494 4701 δὲ
529 4649 590 4700 ὲν
634 4648 773 4718 αὐτῇ
831 4648 1099 4719 πρότερον
1139 4648 1316 4716 Λόγος
1363 4649 1520 4716 Θεοῦ,
1571 4648 1666 4703 νῦν
1702 4650 1761 4704 δὲ

167 4741 425 4794 τοσοῦτον
472 4742 725 4793 πλουτεῖ·
758 4738 900 4794 ὥστε
933 4742 1009 4804 είς
1034 4742 1214 4793 πᾶσαν
1241 4741 1412 4811 αὐτῆς
1447 4741 1548 4810 τὴν
1580 4743 1763 4795 οἰκου-

133 4822 135 4824 ’
177 4832 350 4904 μένην
372 4832 669 4887 διαϐαίνειν
695 4831 762 4884 τὰ
785 4831 1046 4902 δόγματα*
1079 4835 1138 4887 ὲν
1170 4827 1252 4896 οἷς
1285 4832 1619 4902 φυτευθῆναι
1657 4849 1762 4903 μα-

175 4926 390 4995 κάριον.
426 4925 593 4978 Ξύλον
615 4925 722 4994 γάρ
751 4943 803 4977 τι
839 4925 1155 4995 εὑρίσκεται
1189 4926 1248 4978 ὲν
1290 4926 1470 4995 καιρῷ
1504 4926 1594 4978 τὸν
1628 4941 1762 4995 καρ-

175 5018 283 5070 στὸν
320 5017 529 5082 ποιοῦν,
555 5018 648 5069 καὶ
674 5018 884 5087 μήποτε
920 5018 983 5069 τὸ
1008 5017 1204 5084 φύλλον
1233 5016 1567 5081 ἀποϐάλλον,
1596 5017 1671 5079 ὡς
1701 5020 1758 5070 ὲν

172 5109 289 5170 τοῖς
311 5107 617 5177 προοιμίοις
640 5107 749 5160 τῶν
777 5107 1024 5178 Ψαλμῶν
1055 5108 1496 5179 ἀναγέγραπται.

260 5219 279 5252 ι
313 5200 425 5256 Καὶ
453 5199 858 5268 συνεστήσαντο
889 5199 1075 5262 πόλεις
1109 5199 1487 5262 κατοικεσίας.
1523 5218 1540 5251 ι

252 5377 327 5430 Ού
362 5377 539 5442 πόλιν,
575 5376 712 5429 ἀλλὰ
747 5375 954 5439 πόλεις.
1000 5376 1304 5445 Διαφόρους
1342 5376 1452 5446 γάρ
1481 5376 1759 5440 πολιτείας

174 5470 208 5521 ὁ
230 5467 292 5534 ἐξ
327 5466 495 5521 ἐθνῶν
521 5466 648 5530 λαὸς
676 5466 809 5536 ἔχει,
853 5468 911 5520 ὲν
943 5464 1033 5529 αἷς
1060 5466 1336 5520 κατοικίαι
1381 5467 1492 5519 τῶν
1524 5468 1757 5538 ἀρετῶν,

180 5560 391 5623 αἵτινες
437 5560 529 5612 τὸν
579 5558 782 5614 ἔσωθεν
825 5559 982 5630 ήμῶν
1014 5559 1304 5629 ἄνθρωπον
1352 5559 1635 5628 σκέπουσι,
1667 5561 1762 5614 κέ-

179 5669 404 5723 κτηται.

253 5831 346 5887 "l
382 5832 522 5888 Tim.
547 5849 599 5896 γ,
637 5830 719 5884 l7.
796 5831 841 5863 δ’)
872 5831 970 5885 lsa.
1002 5830 1218 5895 xt.t,18.
1295 5829 1332 5861 ’“
1363 5829 1515 5884 Cant.
1556 5847 1650 5891 ιιι.
1693 5832 1737 5886 ί.

1862 1980 2140 2035 ﬁctionem
2187 1995 2422 2051 arguens
2469 1981 2751 2036 desertum
2807 1982 2913 2036 illis
2958 1984 3144 2052 posuit
3188 1992 3244 2038 et
3280 1984 3460 2039 exitus

1863 2087 2176 2127 sermonum
2220 2074 2346 2144 (hos
2390 2075 2539 2130 enim
2591 2084 2819 2145 propter
2861 2076 3246 2130 vehementem
3283 2077 3459 2147 impe-

1866 2174 1978 2218 tum
2009 2179 2181 2234 aquas
2219 2165 2537 2236 appellavit)
2570 2165 2626 2220 in
2663 2167 2832 2220 sitim.
2866 2165 3091 2222 Illorum
3124 2167 3271 2222 enim
3299 2185 3457 2224 usum

1863 2256 2134 2329 abrogans
2164 2256 2494 2314 immutavit.

1935 2437 2099 2494 Vens.
2130 2439 2220 2494 54.
2257 2459 2276 2492 ι
2309 2439 2536 2495 Terram
2577 2439 2914 2496 fruetil'eram
2951 2441 3007 2496 in
3042 2441 3398 2513 salsuginem.
3434 2461 3452 2493 ι

1933 2527 2049 2584 lloc
2101 2531 2396 2601 perspicue
2451 2531 2659 2585 dictum
2709 2540 2795 2586 est
2854 2531 2910 2585 in
2964 2540 3164 2587 terram
3216 2532 3456 2588 Judazam

1863 2621 2206 2677 fruetiferam
2271 2634 2498 2693 propter
2549 2624 2852 2694 prephetas
2905 2633 2961 2679 et
3005 2626 3186 2692 justos
3240 2641 3304 2678 ex
3368 2625 3458 2678 illa

1863 2713 2148 2780 oriundos,
2177 2729 2301 2784 qua:
2329 2715 2384 2768 in
2407 2714 2742 2786 salsuginem
2773 2722 3110 2768 commutata
3140 2722 3224 2768 est
3255 2730 3283 2767 a
3304 2714 3480 2772 mali-.

1863 2805 1938 2860 tia
1988 2805 2421 2861 inhabitantium
2472 2806 2528 2859 in
2567 2821 2631 2860 ea
2677 2805 2994 2860 Scribarum
3040 2820 3105 2860 ae
3151 2804 3462 2860 Pharismo-

1865 2905 2102 2976 rum,_et
2142 2898 2391 2952 omnium
2441 2912 2571 2967 erga
2625 2897 2905 2952 Christum
2959 2897 3278 2966 impiorum.
3333 2897 3455 2951 Non

1862 2989 2101 3058 amplius
2133 2989 2283 3044 enim
2324 2990 2385 3042 in
2423 2989 2532 3043 illis
2567 2990 2846 3052 sacerdos,
2881 3005 2990 3043 non
3023 2989 3328 3059 prepheta;
3364 2991 3460 3044 sed

1863 3095 2044 3150 neque
2072 3081 2288 3136 fructus
2320 3080 2460 3136 alius
2483 3081 2723 3150 antiquae
2755 3079 3070 3150 reipublicae
3095 3080 3390 3149 reperitur.

1935 3265 2101 3320 Vens.
2161 3266 2251 3320 55.
2293 3283 2311 3316 ι
2352 3265 2542 3319 Posuit
2607 3264 2886 3319 desertum
2940 3264 2996 3316 in

1865 3375 2009 3414 rum.
2047 3378 2066 3410 ι

1933 3451 2071 3506 Cum
2101 3450 2332 3505 dixisset
2360 3450 2448 3504 illa
2476 3464 2599 3519 qua:
2631 3447 2928 3503 incredulis
2955 3451 3212 3519 gentibus
3241 3462 3297 3506 et
3334 3468 3458 3522 quae

1864 3542 2089 3611 insuper
2127 3541 2329 3595 Iudaeis
2372 3550 2639 3596 eventura
2674 3549 2832 3594 erant
2864 3540 2978 3608 (illa
3010 3543 3156 3595 enim
3196 3544 3462 3612 spiritali-

1862 3634 1965 3688 bus
1987 3635 2159 3687 oculis
2204 3633 2521 3702 cernebat),
2558 3647 2688 3687 ecce
2729 3647 2880 3686 nunc
2913 3648 2976 3686 ea
3007 3650 3128 3702 qua:
3171 3636 3238 3689 ad
3278 3635 3463 3690 Eccle-

1864 3727 2002 3780 siam
2060 3726 2342 3796 pertinent
2401 3724 2761 3780 conformiter
2819 3741 2946 3779 eum
3008 3726 3147 3780 Isaia
3200 3729 3460 3798 exponit;

1865 3835 1992 3874 nam
2021 3827 2077 3872 et
2104 3819 2194 3872 ille
2224 3819 2304 3872 ait
2341 3836 2356 3876 :
2398 3817 2605 3872 Ponam
2643 3824 2908 3872 desertum
2948 3818 3001 3871 in
3039 3819 3278 3889 paludes,
3306 3832 3355 3873 et
3388 3823 3461 3874 si-

1866 3912 2077 3964 tientem
2103 3919 2301 3963 terram
2329 3912 2384 3964 in
2409 3911 2753 3979 aquwductus
2772 3910 2839 3963 ”.
2869 3909 2970 3964 Hic
2994 3922 3177 3965 autem
3211 3922 3462 3982 stagnum

1865 4017 2132 4071 aquarum
2175 4002 2359 4057 fontes
2395 4002 2744 4071 baptismatis
2782 4001 2898 4057 sive
2937 4002 3255 4072 baptisteria
3301 4003 3462 4057 intel-

1866 4095 2031 4162 lexit;
2084 4104 2249 4165 prout
2294 4097 2462 4151 etiam
2512 4095 2773 4151 Salomon
2824 4097 2879 4150 in
2925 4096 3202 4162 Cantieis,
3246 4099 3464 4167 quando

1864 4189 2146 4244 Christum
2195 4190 2264 4243 ad
2317 4203 2574 4257 sponsam
2620 4203 2775 4242 suam
2813 4187 3113 4243 Ecelesiam
3159 4190 3465 4244 introduxit

1865 4281 2138 4336 dicentem
2174 4298 2188 4336 :
2229 4279 2382 4335 Oculi
2423 4281 2500 4332 tui
2545 4289 2802 4350 tanquam
2835 4290 3026 4349 stagna
3067 4282 3120 4333 in
3155 4281 3359 4334 Esebon
3409 4283 3464 4333 in

1865 4375 2030 4443 portis
2056 4371 2184 4441 ﬁlia:
2209 4371 2501 4424 multorum
2526 4371 2608 4437 ⁸¹;
2642 4370 2809 4426 ﬁliam
2840 4372 3138 4426 multorum
3162 4373 3462 4427 Ecclesium

1867 4465 2179 4535 intelligens
2223 4481 2238 4517 :
2291 4463 2562 4532 siquidem
2613 4479 2725 4517 non
2773 4463 3013 4517 solorum
3067 4463 3461 4532 apostolorum,

1867 4558 1964 4613 sed
2009 4558 2174 4612 etiam
2228 4557 2624 4625 prophetarum
2674 4555 2780 4609 ﬁlia
2835 4554 3064 4608 exstitit.
3105 4553 3304 4608 Verum
3353 4571 3462 4608 non

1869 4658 1988 4706 erat
2017 4650 2070 4703 in
2099 4664 2162 4704 ea
2190 4648 2344 4718 prius
2374 4646 2612 4701 Verbum
2643 4645 2760 4711 Dei,
2796 4646 2890 4700 sed
2931 4661 3078 4700 nunc
3120 4645 3251 4699 illud
3289 4645 3462 4715 possi-

1870 4744 1999 4806 det;
2037 4741 2107 4795 ita
2145 4749 2205 4795 ut
2235 4753 2454 4793 omnem
2501 4747 2769 4793 terrarum
2816 4738 3006 4793 orbem
3055 4737 3174 4806 ejus
3210 4737 3462 4806 dogmata

1871 4841 2196 4904 penetrem;
2245 4830 2298 4883 in
2342 4830 2542 4898 quibus
2589 4829 2899 4884 institutum
2936 4843 3057 4883 esse
3096 4829 3317 4882 beatum
3356 4838 3460 4879 est.

1871 4925 2016 4980 Talis
2053 4923 2200 4977 enim
2240 4923 2513 4991 reperitur
2549 4921 2756 4991 lignum
2791 4921 2936 4989 quod
2968 4920 3023 4973 in
3059 4927 3303 4988 tempore
3347 4916 3463 4970 fru-

1867 5026 2017 5072 ctum
2065 5015 2213 5078 facit,
2250 5023 2305 5069 et
2338 5014 2424 5068 eui
2463 5028 2743 5083 nunquam
2793 5013 2985 5066 lolium
3030 5011 3258 5076 decidit,
3305 5020 3364 5064 ut
3407 5011 3462 5064 in

1869 5108 2152 5180 principiis
2183 5107 2523 5161 Psalmorum
2556 5105 2824 5173 scriptum
2857 5113 2960 5159 est.

1940 5201 2102 5256 Vens.
2155 5201 2243 5255 36.
2299 5220 2318 5252 ι
2369 5201 2434 5255 Et
2486 5199 2894 5253 constituerunt
2941 5197 3191 5252 civitates
3245 5196 3459 5253 habita-

1871 5292 2055 5347 tionis.
2097 5310 2115 5342 ι

1937 5379 2056 5436 Νοη
2089 5381 2389 5445 civitatem,
2426 5380 2520 5436 sed
2557 5381 2827 5435 civitates.
2859 5381 3111 5433 Diversas
3150 5378 3297 5431 enim
3340 5392 3456 5430 res-

1869 5473 2115 5544 publieas
2142 5474 2306 5527 habet
2329 5473 2563 5542 populus
2583 5487 2648 5526 ex
2675 5467 2949 5542 gentibus,
2975 5471 3030 5522 in
3053 5469 3251 5537 quibus
3279 5468 3453 5536 possi-

1872 5566 1965 5619 det
1997 5565 2256 5621 virtutum
2293 5565 2678 5629 habitationes,
2709 5579 2826 5634 qua:
2860 5561 3175 5616 interiorem
3209 5568 3454 5614 nostrum

1874 5659 2150 5714 hominem
2186 5665 2492 5728 protegunt.

3061 3276 3252 3337 stagna
3290 3279 3461 3335 aqua-
