4156 6452
86 388 213 453 1309

626 503 924 559 ΨΑΛΜΟΣ
962 501 1083 559 PZ‘.

154 613 175 647 ι
220 594 343 668 ᾮδὴ
366 594 589 666 ψαλμοῦ
604 594 684 665 τῷ
712 595 900 649 Δαυῖδ.
951 613 970 647 ι

165 686 318 758 ᾨδὴν
329 686 548 759 ψαλμοῦ
561 685 663 759 τὴν
681 689 740 742 ὲν
756 686 973 740 συνέσει
991 684 1303 755 δοξολογίαν
1319 686 1487 754 λέγει·
1506 684 1667 740 τοῦτο

82 778 188 858 γ-ἒρ
211 780 306 834 καὶ
332 782 446 846 τοῖς
477 781 607 852 ἑξῆς
633 778 1009 851 δειχθήσεται.
1140 780 1143 783 “

159 976 179 1009 ι
225 957 454 1029 Ἐτοίμη
483 960 519 1029 ή
540 959 737 1029 καρδία
776 975 909 1029 μου,
944 958 975 1011 6
1007 957 1161 1022 Θεός.
1188 977 1208 1010 ι

152 1049 441 1122 Μακάρων
469 1049 781 1121 ἑτοιμάζειν
808 1049 932 1121 Θεῷ
957 1050 1058 1121 τήν
1097 1050 1331 1121 καρδίαν
1356 1067 1368 1079 ·
1414 1051 1531 1118 ἕξει
1564 1052 1672 1123 γάρ

85 1141 250 1195 αὐτὸν
277 1144 306 1197 ό
329 1141 638 1213 έτοιμάζων
679 1144 915 1198 ένοικον.
958 1142 1184 1215 Ἐπειδὴ
1220 1143 1279 1197 δὲ
1310 1143 1403 1198 τὸν
1440 1144 1617 1213 Λόγον
1645 1146 1675 1199 6

85 1231 383 1303 Προφήτης
413 1232 695 1299 δίεσωσεν,
743 1233 857 1306 ἄρα
887 1233 1087 1305 διπλῆν
1112 1233 1262 1305 αὐτῷ
1307 1233 1408 1303 τὴν
1451 1235 1675 1305 ἑτοιμα-

87 1323 210 1378 σὶαν
233 1324 570 1395 προσφέρειν
596 1324 911 1396 ὀφείλομεν.
941 1325 1051 1377 Καὶ
1090 1324 1343 1395 καθάπερ
1375 1325 1426 1377 οί
1452 1307 1677 1394 βασιλέα

91 1412 387 1484 μέλλοντες
418 1415 781 1487 ὑποδέχεσθαι
808 1414 1166 1486 ἑτοιμάζουσι
1191 1415 1286 1469 τὸν
1315 1411 1489 1481 οἶκον,
1520 1414 1674 1485 πρῶ-

89 1522 184 1559 τον
221 1505 324 1576 μὲν
350 1507 796 1579 ἐκκαθαίροντες,
835 1505 1088 1577 δεύτερον
1120 1505 1177 1560 δὲ
1231 1505 1403 1576 σκεύη
1434 1507 1493 1560 έν
1525 1504 1678 1576 αὺτῷ

87 1597 160 1651 τά
201 1598 340 1667 πρὸς
367 1598 467 1670 τὴν
508 1599 699 1670 χρείαν
740 1597 1166 1669 ἀποτιθέμενοι·
1210 1599 1351 1654 οὕτω
1391 1597 1490 1652 καὶ
1517 1597 1679 1668 ἡμεῖς

90 1688 286 1760 διπλῆν
318 1689 638 1759 έτοιμασίαν
661 1689 740 1758 τῷ
761 1689 881 1761 Θεῷ
905 1689 1350 1761 παρασκευάζειν
1375 1688 1675 1759 χρῄζομεν

97 1782 227 1851 μίαν
265 1782 386 1851 μὲν,
417 1781 776 1855 καθαίροντες
805 1782 896 1835 τὸν
915 1781 1015 1852 τῆς
1052 1780 1281 1852 καρδίας
1308 1780 1470 1833 ναόν·
1503 1776 1681 1832 δεύτε-

1216 389 1677 485 FRAGMENTA
1714 391 1795 451 ΙΝ
1834 391 2194 451 PSALMOS.

1693 515 1740 568 Α

3224 384 3356 449 1310

2302 502 2427 559 PSA
2437 502 2626 560 LMUS
2662 501 2824 558 CVII.

1836 594 2003 654 Vsus.
2040 598 2089 651 1.
2131 616 2151 650 ι
2188 597 2475 653 Canticum
2507 597 2705 669 psalmi
2739 596 2840 666 ipsi
2876 594 3067 650 David.
3104 614 3123 648 ι

1835 689 2129 747 Canticum
2162 688 2355 760 psalmi
2391 698 2552 745 vocat
2584 688 3047 745 collauilationem
3082 686 3139 742 in
3173 687 3358 743 scien-

1768 785 1894 841 tia:
1934 785 2040 840 hoc
2091 783 2240 839 enim
2290 784 2458 839 etiam
2515 799 2617 854 per
2669 780 2961 853 sequentia
3011 781 3360 837 demonstra-

1772 878 1943 934 bitur.

1846 963 2004 1019 Vens.
2029 965 2084 1020 2.
2126 983 2144 1017 ι
2186 964 2440 1020 Paratum
2474 978 2570 1018 eor
2604 978 2810 1027 meum,
2848 961 3011 1017 Deus.
3049 980 3068 1013 ›

1848 1056 2074 1111 Beatum
2117 1067 2201 1112 est
2246 1070 2561 1128 prmparare
2606 1070 2703 1109 cor
2752 1054 2863 1108 Deo
2898 1070 2912 1106 :
2946 1068 3075 1107 nam
3121 1053 3215 1123 qui
3257 1053 3362 1107 hoc

1774 1158 1932 1220 parat
1982 1146 2207 1204 habebit
2259 1148 2436 1219 ipsum
2496 1146 2755 1201 incolam.
2808 1144 2946 1201 Cum
2994 1152 3177 1200 autem
3226 1144 3361 1199 Pro-

1776 1244 1943 1314 pheta
1982 1242 2217 1297 Verbum
2262 1242 2368 1297 hoc
2401 1240 2729 1302 servaverit,
2762 1239 2954 1309 utique
2998 1237 3273 1308 duplicent
3311 1237 3364 1291 ei

1776 1334 2232 1407 praeparationem
2286 1332 2488 1388 afferre
2542 1331 2833 1387 debemus.
2888 1329 2957 1385 Et
3003 1329 3366 1399 quemadmo-

1778 1430 1908 1484 dum
1970 1427 2050 1482 illi
2090 1425 2188 1497 qui
2238 1440 2425 1492 regem
2478 1423 2722 1493 hospitio
2765 1421 3050 1493 excepturi
3088 1428 3220 1476 sunt
3262 1420 3364 1475 do-

1778 1536 1928 1576 mum
1982 1528 2209 1592 parant,
2255 1517 2495 1589 primum
2538 1514 2761 1587 quidem
2804 1529 2925 1568 eam
2973 1519 3363 1584 expurgantes,

1779 1614 1980 1672 deinde
2022 1627 2156 1668 vero
2202 1625 2334 1666 vasa
2384 1610 2452 1664 ad
2500 1623 2657 1663 usum
2710 1604 3025 1662 necessaria
3071 1604 3127 1657 in
3171 1604 3363 1657 eadem

1780 1708 2150 1771 collocantes;
2200 1704 2282 1759 sic
2325 1703 2496 1757 etiam
2545 1714 2648 1756 nos
2690 1699 2966 1769 duplicem
3008 1696 3367 1767 praeparatio-

1782 1818 1911 1858 nem
1953 1801 2068 1855 Deo
2106 1798 2373 1855 exhibere
2403 1795 2672 1852 debemus
2704 1810 2719 1847 :
2750 1807 2917 1846 unam
2963 1789 3189 1861 quidem
3229 1800 3369 1843 tem-

97 1892 193 1946 ρον
234 1874 316 1943 δὲ,
348 1874 731 1946 ἀρετὰςκαὺτῇ
776 1873 873 1927 καὶ
906 1874 1135 1943 πράξεις
1180 1870 1393 1940 ἀγαθάς
1422 1869 1685 1940 ἐπεισφέ-

1798 1898 1936 1968 plum
1968 1893 2153 1951 cordis
2186 1890 2573 1955 emundanda;
2616 1888 2846 1942 alteram
2880 1900 3013 1941 vero
3043 1882 3275 1938 virtutes
3306 1897 3371 1936 ac

97 1983 303 2037 ροντες.
342 1965 501 2020 Οὕτω
539 1965 652 2036 7&9
680 1966 813 2036 ἡμῖν
852 1966 881 2018 6
913 1963 1049 2027 Θεὸς
1090 1962 1193 2019 οὐκ
1240 1960 1540 2032 ἐνδημήσει
1585 1958 1683 2030 μό-

97 2074 210 2120 νον,
240 2056 377 2110 ἀλλὰ
401 2057 496 2111 καὶ
522 2057 850 2127 ὲγχρονίσει.
873 2054 1043 2121 Δόξαν
1077 2054 1271 2110 ἑαυτοῦ
1317 2056 1346 2108 ὁ
1389 2052 1685 2125 Προφήτης

100 2148 195 2202 τὸν
273 2149 510 2220 Χριστὸν
549 2148 1028 2220 προσηγόρευσενο
1075 2146 1265 2218 ἐπειδὴ
1328 2144 1686 2217 συμμόρφους

98 2240 248 2311 ἡμᾶς
278 2242 377 2311 τῆς
409 2240 569 2310 δόξης
593 2241 694 2310 τῆς
721 2240 955 2305 οίκείας,
984 2239 1268 2294 άναλαὸὼν
1294 2238 1362 2292 τά
1405 2237 1682 2308 ἡμέτερα,

99 2333 421 2403 πεποίηκεν.
450 2333 543 2386 Ἐν
573 2332 751 2405 τούτῳ
771 2330 952 2387 τοίνυν
981 2332 1129 2404 ᾄδειν
1154 2332 1251 2385 καὶ
1274 2329 1502 2400 ψάλλειν
1530 2328 1692 2398 φησὶ,

100 2426 371 2491 τουτέστι,
403 2426 502 2481 σὺν
544 2426 752 2481 αἰνέσει
792 2426 1121 2495 δοξολογεῖν.
1169 2425 1237 2479 Τί
1260 2424 1316 2477 δὲ
1347 2425 1406 2477 έν
1449 2421 1527 2493 τῷ
1564 2423 1690 2493 Χρι-

102 2514 216 2586 στῷ
249 2516 552 2587 δοξολογεῖν
580 2518 680 2572 καὶ
696 2517 920 2589 ψάλλειν
944 2535 960 2584 ;
990 2517 1060 2571 τά
1089 2517 1218 2587 περὶ
1244 2515 1411 2570 αὑτοῦ
1445 2513 1689 2584 δηλονότι

104 2609 403 2680 μυστήρια.

183 2823 205 2856 ι
242 2804 617 2879 Ἐξεγίρθητι,
648 2808 685 2879 ή
714 2806 844 2873 δόξα
876 2824 1004 2878 μου.
1045 2825 1064 2858 ι

183 2896 395 2963 Πόθεν;
440 2898 510 2951 ἐκ
539 2897 650 2951 τῶν
687 2898 961 2952 ταπεινῶν
1003 2898 1103 2969 τῆς
1134 2896 1553 2967 ἀνορωπάτητος
1588 2911 1693 2962 μυ.

109 2988 370 3060 στηρίων,
407 2991 475 3043 ὲκ
520 2988 631 3044 τῶν
675 2990 890 3061 νεκρῶν
934 2989 1030 3053 οὓς
1081 2987 1362 3044 κατελθὼν
1400 2990 1429 3040 ὁ
1458 2986 1694 3057 Χριστὸς

108 3079 453 3149 ἐπεσκέψατο
475 3096 491 3111 ο
539 3078 749 3134 ἐκεῖθεν
796 3080 962 3134 αὑτὸν
1000 3079 1392 3149 ἐξαναστῆσαι,
1446 3080 1533 3132 ἵνα
1604 3078 1697 3130 καὶ

110 3169 394 3242 ἀναληφθῇ
415 3211 431 3237 ,
454 3169 538 3234 ὡς
572 3170 876 3241 μελλόντων
913 3171 1075 3241 ἡμῶν
1106 3172 1382 3223 κοινωνεῖν
1413 3168 1560 3239 αὑτῷ
1591 3167 1695 3237 τῆς

111 3263 272 3333 δόξης
306 3262 407 3333 τῆς
445 3264 524 3326 εἰς
563 3264 831 3334 οὐρανοὺς
879 3262 1150 3333 βούλεται.
1203 3261 1338 3315 Οὐδὲ
1371 3261 1482 3332 7&9
1528 3260 1689 3327 μόνον

116 3356 442 3427 συνήγειρεν
486 3356 667 3426 ἡμᾶς,
714 3355 855 3411 άλλά
896 3356 993 3410 καὶ
1043 3354 1405 3410 συνεκάθισεν
1445 3355 1504 3407 έν
1547 3353 1701 3423 δεξιᾷ

115 3445 316 3501 ἑαυτοῦ
363 3449 423 3501 ἐν
459 3448 576 3510 τοῖς
621 3445 992 3517 ἐπουρανίοις.
1043 3444 1292 3499 Παλαιὰν
1328 3444 1567 3497 ἐνταῦθα
1609 3444 1703 3496 καὶ

123 3537 334 3610 Καινὴν
358 3538 636 3611 Διαθήκην
680 3536 1061 3609 ἐξεγερθῆναι,
1114 3538 1195 3600 είς
1243 3536 1342 3599 τὰς
1393 3538 1521 3606 περὶ
1569 3533 1705 3587 Θεοῦ

125 3628 433 3700 μαρτυρίας
466 3627 807 3698 παρακαλεῖ,
838 3627 982 3681 ῶστε
1011 3627 1079 3681 δι’
1123 3627 1308 3681 αὐτῶν
1346 3627 1707 3703 πιστευθῆναι

119 3714 218 3767 τοῦ
248 3715 486 3784 Χριστοῦ
526 3715 627 3786 τὴν
675 3714 996 3771 άνάστασιν.
1035 3715 1100 3769 Ἦ
1150 3717 1251 3785 μὲν
1303 3715 1413 3786 γὰρ
1453 3715 1708 3785 προλέγει

122 3805 253 3868 τοὺς
276 3805 503 3874 καιροὺς
526 3805 622 3858 καὶ
649 3804 778 3868 τοὺς
803 3804 1007 3867 τόπους
1023 3820 1039 3837 ο
1064 3807 1100 3875 ή
1126 3806 1183 3858 δὲ
1204 3805 1298 3858 ἐπὶ
1330 3806 1429 3872 τῆς
1457 3806 1702 3876 ἱστορίας

123 3894 199 3948 τὰ
232 3893 601 3965 προλεχθέντα
632 3893 924 3950 δείκνυσιν.

204 4001 226 4036 ι
274 3983 744 4054 Ἐξεγερθήσομαι
775 3983 998 4055 ὄρθρου.
1038 4002 1059 4036 ι

208 4075 523 4147 ’Δπόκρισιν
559 4076 819 4146 εἰσήγαγε
853 4072 947 4128 τοῦ
984 4074 1224 4146 Χριστοῦ
1270 4078 1338 4148 τῇ
1390 4076 1573 4147 δεήσει
1619 4078 1713 4131 τοῦ

123 4166 416 4237 Προφήτου
469 4165 905 4237 συμϐαίνουσανο
949 4168 978 4220 ό
1019 4166 1120 4237 μὶν
1149 4167 1259 4239 7&9
1297 4167 1460 4222 αὑτὸν
1483 4168 1713 4240 ἐξεγερ-

123 4258 290 4325 θῆναι
325 4257 599 4312 ἱκέτευσεν
633 4256 840 4324 εἱπὼν,
884 4257 1248 4328 Ἐξεγέρθητι
1270 4299 1286 4326 ,
1318 4259 1358 4328 ἠ
1387 4259 1540 4323 «ἶν’ξα
1575 4278 1717 4330 μου.

1784 1966 1987 2059 probas
2018 1984 2267 2040 actiones
2301 1981 2380 2035 illi
2417 1976 2731 2035 inferendo.
2768 1974 2859 2028 Sic
2891 1966 3225 2035 enimﬁpeus
3259 1985 3367 2023 non

1784 2075 1962 2129 solent
2001 2074 2067 2126 ad
2109 2086 2215 2127 nos
2251 2067 2639 2131 diversabitnr,
2684 2079 2878 2120 verum
2917 2060 3084 2117 etiam
3120 2060 3175 2114 in
3213 2059 3372 2113 nobis

1785 2163 2240 2222 commorabitur.
2279 2161 2522 2217 Gloriam
2564 2172 2720 2214 suam
2762 2156 2854 2210 hic
2894 2152 3168 2224 Propheta
3205 2150 3371 2207 Chri-

1788 2268 1933 2313 stum
1982 2255 2312 2328 appellavit;
2364 2250 2811 2323 quandoquidem
2863 2263 2989 2304 eum
3042 2256 3229 2301 nostra
3286 2262 3375 2300 as-

1788 2350 2051 2420 sumpsit,
2101 2346 2420 2403 eonformes
2469 2359 2574 2400 nos
2621 2343 2808 2414 gloriae
2850 2356 2964 2396 suae
3006 2339 3265 2395 reddidit.
3315 2339 3373 2391 lu

1789 2457 1857 2498 eo
1884 2441 2070 2513 igitur
2116 2438 2455 2495 cantandum
2507 2443 2564 2491 et
2614 2434 2960 2506 psallendum
3009 2431 3117 2499 ait,
3168 2430 3222 2485 id
3269 2438 3373 2493 est,

1789 2550 1917 2591 cum
1965 2533 2128 2589 laude
2175 2529 2592 2587 celebrandum.
2646 2525 2791 2594 Quid
2842 2526 3010 2597 porro
3057 2523 3115 2578 in
3161 2521 3380 2577 Christo

1791 2630 2185 2685 celebrandum
2261 2634 2318 2681 et
2397 2622 2786 2695 psallendum?
2858 2620 3047 2691 utique
3125 2615 3380 2690 mysteria

1794 2722 1985 2793 ipsius.

1872 2813 2029 2869 Vens.
2061 2812 2114 2867 5.
2148 2828 2170 2864 ι
2202 2811 2470 2881 Exsurge,
2503 2807 2672 2880 gloria
2703 2819 2846 2861 mea.
2880 2824 2899 2856 ι

1864 2904 2064 2961 Unde?
2097 2902 2178 2959 Ex
2220 2902 2525 2959 humilibus
2571 2896 2932 2954 humanitatis
2972 2892 3267 2966 mysteriis,
3315 2905 3382 2944 ex

1796 2999 1932 3069 ipsis
1971 2995 2207 3052 mortuis
2253 3009 2395 3065 quos
2439 2990 2786 3049 descendens
2827 2987 3081 3043 Christus
3124 2984 3385 3040 visitare-

1799 3100 1884 3147 rat
1910 3109 1923 3145 :
1954 3090 2082 3145 inde
2111 3089 2231 3144 vult
2260 3088 2442 3157 ipsum
2473 3097 2790 3154 exsurgere,
2817 3089 2878 3136 ut
2905 3080 3067 3133 etiam
3100 3076 3382 3141 ascendat,

1724 3216 1769 3275 ε
1801 3197 1911 3252 quo
1937 3190 1993 3237 et
2029 3195 2133 3235 nos
2167 3192 2386 3249 quoque
2430 3174 2671 3233 caelestis
2705 3173 2827 3243 ejus
2865 3170 3050 3244 gloria:
3090 3169 3385 3240 participas

1803 3273 2122 3331 evadamus.
2164 3271 2286 3325 Non
2317 3269 2496 3325 solum
2527 3268 2677 3323 enim
2713 3279 2818 3321 nos
2847 3259 3260 3322 consnscitavit,
3291 3259 3388 3313 sed

1804 3365 1967 3418 etiam
1998 3361 2302 3419 consedere
2332 3358 2463 3414 fecit
2488 3357 2545 3412 in
2576 3357 2801 3413 dextera
2830 3369 2929 3408 sua
2962 3353 3017 3407 in
3048 3350 3389 3409 cmlestibus.

1804 3454 2071 3511 Provocat
2115 3454 2221 3508 hoc
2262 3451 2386 3507 loco
2415 3451 2587 3507 Vetus
2616 3463 2680 3504 ac
2707 3445 2919 3501 Novum
2950 3445 3385 3505 Testamentum,

1807 3556 1868 3601 ut
1907 3552 2165 3615 exsurgat
2206 3542 2273 3597 ad
2314 3540 2628 3596 testimonia
2674 3539 2741 3594 de
2788 3538 2901 3592 Deo
2946 3534 3293 3606 proferenda,
3334 3541 3391 3584 ut

1807 3653 1906 3710 per
1942 3652 2008 3691 ea
2038 3634 2247 3689 Christi
2290 3632 2626 3687 resurrectio
2660 3628 3036 3684 conﬁrmetur.
3071 3623 3209 3678 Illud
3243 3623 3388 3676 enim

1808 3729 2055 3803 praedicit
2087 3736 2334 3797 tempora
2364 3732 2422 3779 et
2449 3723 2600 3789 loca;
2637 3722 2741 3775 hoc
2768 3733 2903 3774 vero
2932 3716 2985 3769 in
3023 3713 3245 3770 historia
3272 3727 3393 3766 mue

1809 3820 2070 3893 praedicta
2093 3817 2316 3875 fuerant
2342 3813 2601 3871 ostendit.

1890 4014 1911 4049 ι
1945 3993 2247 4065 Exsurgam
2276 3991 2539 4048 diluculo.
2581 4008 2600 4041 ι

1886 4085 2327 4156 Responsionem
2366 4080 2577 4137 Christi
2628 4076 2929 4134 introduxit
2973 4075 3256 4145 Propheta:
3301 4086 3398 4142 pc-

1821 4175 1998 4233 titioni
2032 4182 2431 4245 congruentem
2460 4189 2474 4226 :
2506 4170 2598 4224 hic
2624 4169 2773 4223 enim
2813 4166 2963 4221 illum
2995 4173 3302 4234 rogaverat,
3341 4171 3401 4215 ut

1818 4271 2140 4334 exsurgeret
2167 4262 2379 4327 dicens,
2412 4260 2674 4329 Exsurge,
2700 4257 2873 4328 gloria
2901 4271 3038 4309 mea.
3068 4253 3191 4323 Ipse
3219 4263 3401 4306 autem

135 4351 204 4405 Ὀ
266 4350 325 4403 δὲ
369 4351 464 4405 καὶ
503 4349 593 4404 τὸν
629 4349 822 4421 καιρὸν
844 4349 988 4414 ,καθ’
1058 4348 1119 4402 δν
1173 4349 1481 4420 οίκονομετν
1536 4351 1697 4421 μέλλε

1820 4358 1987 4414 etiam
2022 4367 2239 4427 tempus
2269 4352 2642 4417 annuntiavit,
2689 4365 2798 4420 quo
2824 4347 2985 4403 'istud
3023 4355 3142 4401 erat
3176 4344 3401 4414 dispen-

125 4442 325 4506 τοῦτο,
371 4441 765 4512 κατήγγειλεν
822 4441 1324 4512 Ἐξεγ-ερθήσομαι
1364 4440 1494 4514 γὰρ,
1530 4443 1717 4512 φησὶν,

1823 4460 2043 4506 saturus
2071 4468 2086 4504 :
2118 4448 2415 4517 Exsurgam
2445 4445 2614 4510 enim,
2679 4440 2886 4511 inquit,
2914 4437 3166 4493 diluculo.
3206 4436 3404 4490 iisdem

130 4536 371 4602 ὄρθρου.
433 4533 525 4597 Ἐξ
556 4533 724 4603 αὐτῆς
768 4532 965 4599 λέξεως
999 4532 1060 4585 τὸ
1102 4532 1181 4603 τῷ
1217 4534 1400 4601 Λουκᾷ
1445 4534 1574 4604 περὶ
1623 4534 1699 4602 τῆ.

1828 4541 1945 4596 fere
1981 4539 2163 4594 verbis
2207 4537 2408 4608 quibus
2448 4535 2624 4589 Lucas
2661 4531 2948 4589 historiam
2982 4526 3405 4585 resurrectionis

128 4623 484 4687 ἀναστάσεως
515 4623 869 4694 ἱστορημένον
897 4621 1270 4692 φθεγξάμενος
1287 4638 1303 4654 ο
1331 4623 1584 4691 Ὀρθρου
1609 4624 1726 4688 ,ϐαο

1822 4638 2217 4689 commemorat
2254 4629 2447 4684 dicens
2478 4646 2492 4682 :
2532 4626 2692 4681 Valde
2733 4624 2967 4679 diluculo
3003 4629 3256 4677 venerunt
3290 4634 3407 4672 mu-

129 4715 275 4779 οέος
305 4710 497 4784 ἦλθον
533 4713 815 4783 γυναῖκες
840 4713 941 4766 ἐπί
983 4712 1052 4765 τὸ
1085 4712 1315 4783 μνῆμα,
1354 4713 1645 4783 φέρουσαι
1690 4735 1699 4768 ι

1824 4723 1977 4779 lieres
2025 4721 2096 4776 ad
2145 4728 2561 4783 monumentum,
2602 4723 2872 4785 portantes
2919 4728 3038 4784 qua:
3085 4716 3407 4782 paraverant

129 4805 478 4875 ἡτοίμασαν
498 4802 775 4874 ἀρώματα
798 4820 812 4834 ·
844 4798 926 4867 οἷς
972 4804 1066 4857 καὶ
1119 4803 1189 4857 τὰ
1242 4803 1376 4858 ἄλλα
1435 4804 1536 4874 τῆς
1596 4804 1729 4857 ἀνα-

134 4897 388 4958 στάσεως
440 4894 535 4949 τοῦ
593 4896 845 4965 Σωτῆρος
874 4895 1176 4966 ἐπήγαγεν.

219 5005 239 5040 t
277 4986 401 5039 ’Ὀτι
434 4987 578 5057 μέγα
611 4986 798 5038 ἐπάνω
830 4985 936 5038 τῶν
965 4984 1235 5054 οὐρανῶν.
1280 5005 1301 5037 ρ

217 5078 407 5142 Ἔλεος
441 5079 534 5131 καὶ
581 5077 810 5149 ἀλήθεια
850 5078 947 5147 τῆς
984 5077 1301 5149 οἰκσνομίας
1342 5077 1438 5131 τοῦ
1484 5077 1723 5149 Χριστοῦ

131 5170 203 5223 7‘;
230 5170 526 5240 μυστήριον
549 5184 564 5199 ’
601 5167 744 5223 ὥστε
778 5169 869 5223 τὸν
903 5170 1196 5241 Προφήτην
1227 5168 1418 5223 τοῦτον
1451 5169 1723 5240 ἀλλαχόσε

134 5265 330 5332 λέγει’
376 5265 585 5331 Ἔλεος
622 5263 723 5318 καί
770 5264 1022 5334 ἀλήθεια
1064 5265 1491 5334 συνήντησαν.
1530 5267 1623 5330 Εἰς
1666 5266 1726 5319 ἒν

134 5360 259 5427 γὰρ
296 5358 331 5427 ή
362 5357 455 5411 τοῦ
487 5358 726 5428 Χριστοῦ
765 5356 957 5428 θεότης
1000 5358 1097 5411 καὶ
1145 5357 1504 5428 ἀνθρωπὼης
1530 5362 1595 5430 τῇ
1629 5358 1724 5413 τοῦ

136 5450 312 5519 λόγου
344 5449 619 5521 σαρκώσει
656 5448 1206 5520 κατήντησαν.’Δλλὰ
1227 5450 1288 5504 τὸ
1323 5451 1422 5521 μὲν
1453 5451 1600 5514 ἕλεος
1626 5454 1729 5522 a9-

144 5543 343 5614 μόττει
364 5547 432 5615 τῇ
463 5543 557 5597 τοῦ
592 5543 968 5615 σαρκωθέντος
1010 5544 1174 5612 λόγου
1202 5543 1413 5615 θεότητι
1437 5546 1597 5617 (αὐτὴ
1620 5546 1728 5618 7&9

140 5637 213 5690 τὸ
242 5636 469 5707 πλάσμα
490 5642 549 5691 τὸ
571 5637 772 5691 οἰκεῖον
794 5637 1061 5709 ἐλέησεν),
1098 5640 1130 5709 ή
1158 5637 1386 5708 ἀλήθεια
1412 5639 1467 5692 δὲ
1497 5643 1561 5712 τῇ
1596 5657 1728 5711 sap-

232 5814 278 5847 “
314 5813 443 5870 Luc.
468 5831 615 5883 xxxv,
652 5815 697 5868 l.
774 5815 819 5847 δε
848 5813 1320 5879 Psal.Lxxxt\',tl.

1824 4822 2071 4869 aromata
2099 4813 2146 4846 ⁸⁵
2172 4829 2187 4866 :
2218 4812 2422 4881 quibus
2459 4810 2623 4865 etiam
2656 4807 2867 4877 reliqua
2901 4804 2971 4860 de
3003 4800 3409 4858 resurrectione

1827 4905 2129 4961 Salvatoris
2162 4902 2465 4972 subiunxit.

1904 4996 2046 5052 Vsus
2066 4996 2120 5050 5.
2156 5015 2175 5047 ι
2204 4994 2341 5060 Quia
2372 5006 2565 5064 magna
2595 5000 2680 5045 est
2708 5004 2871 5060 super
2901 4988 3089 5043 cados.
3138 5004 3157 5038 ι

1905 5087 2357 5145 Misericordiaet
2382 5085 2586 5141 veritas
2610 5092 2741 5137 sunt
2761 5078 3185 5150 dispensationis
3206 5074 3415 5131 Christi

1833 5181 2179 5253 mysterium;
2238 5180 2311 5233 ita
2368 5186 2429 5233 ut
2480 5176 2749 5246 Propheta
2806 5173 2972 5227 etiam
3024 5171 3151 5225 alibi
3203 5169 3347 5223 dicat
3394 5187 3408 5223 ;

1834 5274 2193 5328 Misericordia
2246 5280 2296 5324 et
2345 5270 2541 5324 veritas
2594 5267 2932 5322 obviavcrunt
2970 5264 3040 5318 ⁸³.
3089 5261 3195 5317 Per
3247 5260 3415 5314 Verbi

1833 5363 1981 5419 enim
2025 5360 2460 5417 incarnationem
2504 5356 2708 5414 Christi
2763 5354 3022 5411 divinitas
3059 5361 3115 5408 et
3158 5348 3413 5406 Immani-

1834 5464 1916 5511 tas
1947 5454 2002 5509 in
2037 5470 2205 5508 unutn
2240 5460 2638 5508 convenerunt.
2676 5447 3066 5503 Verumtamen
3099 5443 3415 5498 misericor-

1835 5544 1923 5600 dia
1979 5544 2201 5615 quidem
2265 5541 2535 5598 incarnati
2601 5539 2763 5595 Verbi
2823 5535 3099 5593 divinitati
3165 5533 3416 5603 congruit

1838 5638 1977 5709 (ipsa
2002 5636 2423 5713 cnimligmenti
2458 5634 2547 5692 sui
2588 5634 2808 5689 miserta
2853 5628 3004 5700 fuit),
3038 5627 3241 5685 veritas
3285 5639 3418 5679 vero
