4156 6452
65 392 218 456 I313
1269 398 1699 460 FRAGMENT;

1788 399 1850 461 .N
1886 402 2242 464 PSALMOS.
3231 409 3370 475 1314

143 510 260 562 Διά
291 511 392 564 τοῦ
425 512 601 566 Μωάὃ
642 512 710 567 τά
734 512 864 584 ἔθνη
895 513 1191 567 αἰνίττεται
1218 531 1231 545 ·
1261 513 1464 586 λέϐητα
1502 515 1559 570 δὲ
1594 516 1680 569 ὲλ-

1860 516 1964 572 Pcr
2003 519 2160 574 Moab
2207 528 2399 590 gentes
2448 519 2690 576 insinuat
2740 541 2751 576 :
2798 524 3032 579 lelretem
3082 541 3211 582 vero
3254 531 3369 600 spei

57 601 232 664 πίδος
269 605 422 658 αὑτά
462 605 642 670 καλεῖ,
684 607 932 658 τουτέστι
974 605 1369 676 θερμαίνοντας
1410 607 1507 660 καὶ
1542 608 1678 660 ἀνα-

1788 609 1931 680 ipsas
1985 621 2164 674 vocat,
2221 613 2272 666 id
2320 613 2818 672 cstealel'acicntes
2871 627 2927 672 et
2977 621 3372 676 resuscitantes

51 696 485 768 ζωπυροῦντας
527 699 626 770 τὴν
652 700 732 764 είς
758 699 922 753 αὑτὸν
957 699 1170 751 ἐλπίδα.
1201 698 1344 762 Πῶς·
1359 699 1416 751 δὲ
1457 699 1681 769 θερμαί·

51 805 270 852 νοντας
303 807 320 854 ;
355 791 437 862 τῷ
465 791 641 862 νοητῷ
667 792 802 862 πυρὶ⁸
839 790 940 860 τῆς
977 790 1260 861 ἐνεργείας
1299 791 1395 843 τοῦ
1425 791 1676 862 Πνεῦμα-

50 897 182 943 τος.
229 881 389 951 Πυρὶ
419 883 527 954 γὰρ
557 885 687 954 ὁρᾷς
716 883 807 935 τὸν
838 883 1042 954 λέϐητα
1069 883 1521 953 θερμαινόμενον.

137 991 159 1024 ι
211 974 358 1027 Ἐπὶ
393 976 494 1043 τὴν
538 976 844 1046 Ἰδουμαίαν
874 975 1082 1028 ἐκτενῶ
1109 976 1171 1028 τὸ
1207 976 1479 1047 ὑπόδημα.
1521 995 1538 1027 ι

129 1066 444 1122 Δείκνυσιν
479 1070 507 1121 ὁ
535 1068 772 1137 Χριστὸς
794 1069 943 1130 ὅπως
975 1069 1074 1138 τὴν
1102 1068 1212 1121 τῶν
1242 1068 1416 1122 ἐθνῶν
1450 1068 1678 1138 Ἐκκλη-

51 1158 192 1211 σίαν
229 1158 560 1230 ἔμπροσθεν
603 1159 664 1226 ἐξ
721 1161 939 1231 Ἰσραὴλ
985 1162 1353 1230 ὑποταγεῖσαν
1399 1162 1675 1231 ἐποίησεν,

50 1250 341 1312 ἐκτείνας
390 1254 486 1304 καὶ
530 1254 730 1324 μέχρις
759 1252 942 1306 αὑτῶν
973 1253 1056 1313 τὸ,
1077 1255 1352 1324 ὑπόδημα,
1389 1253 1589 1323 δηλαδὴ
1618 1255 1678 1306 τὸ

51 1343 468 1412 Εὑαγγέλιον·
517 1347 654 1416 ὅπερ
713 1347 937 1416 μηνύων
987 1347 1255 1417 Ἰωάννηξ
1291 1349 1320 1400 ὁ
1370 1348 1678 1414 Βαπτιστὴς

48 1433 263 1502 ἔλεγεν
286 1477 304 1500 ,
344 1437 622 1505 Ἔρχεται
649 1439 774 1506 μετ’
803 1438 926 1505 ἐμὲ,
957 1434 1030 1494 οὗ
1057 1440 1168 1492 οὐκ
1194 1439 1311 1507 εἰμὶ
1335 1439 1542 1504 ἱκανὸς
1573 1438 1679 1491 λῦ-

46 1543 167 1580 σαι
220 1527 346 1580 τὸν
399 1528 616 1603 ἱμάντα
663 1530 768 1582 τοῦ
818 1530 1203 1600 ὑποδήματος
1253 1531 1459 1584 αὑτοῦ.
1510 1529 1678 1582 Οὑπω

48 1620 174 1690 γὰρ
204 1615 339 1690 εἶχε
385 1621 575 1691 καιρὸν
604 1623 985 1693 ἐκφρασθῆναι
1031 1624 1092 1676 τὸ
1136 1624 1490 1692 Εὑαγγέλιον.
1518 1622 1678 1676 Οὖτω

47 1712 111 1764 δὲ
159 1713 316 1765 αὑτὸ
351 1713 514 1765 καλεῖ
547 1714 642 1767 καὶ
675 1714 915 1777 Παῦλοςο
967 1718 1103 1785 φησὶ
1144 1716 1253 1785 γάρ
1276 1731 1289 1745 ·
1351 1713 1676 1782 Ὑποδησὰ-

1788 1711 1985 1768 Paulus
2028 1713 2159 1768 illud
2208 1715 2466 1784 appellat,
2497 1716 2574 1770 ait
2617 1717 2764 1772 enim
2799 1736 2812 1769 :
2846 1716 3084 1773 Calceati
3123 1722 3280 1790 pedes
3313 1721 3368 1774 in

48 1823 241 1876 μενοι
277 1806 433 1872 τοὺς
481 1808 674 1873 πόδας
717 1808 788 1862 ἐν
824 1809 1138 1878 ἑτοιμασίᾳ
1166 1809 1272 1862 τοῦ
1308 1809 1677 1878 Εὑαγγελίου

1788 1809 2232 1876 ρηεραταιὲοηεηι
2284 1805 2564 1876 Evangelii
2617 1810 2765 1877 pacis
2810 1812 2877 1864 “.
2939 1812 3148 1867 Idcirco
3202 1813 3367 1883 igitur

49 1899 173 1966 τῆς
195 1899 484 1968 εἰρήνης.
513 1901 613 1953 Διὰ
631 1901 790 1954 τοῦτο
809 1902 990 1955 τοίνυν
1007 1901 1157 1972 αὑτῷ
1176 1902 1302 1964 τοὺς
1323 1901 1676 1972 ἀλλοφύλους,

1788 1896 2137 1967 alienigenas.
2170 1896 2380 1951 scilicet
2408 1913 2505 1951 eos
2535 1899 2626 1968 qui
2658 1907 2786 1955 sunt
2813 1915 2878 1954 ex
2905 1903 3176 1972 gentibus,
3207 1901 3367 1958 Iesus

49 1989 278 2061 δηλαδὴ
336 1991 472 2054 τοὺς
530 1991 588 2057 ἐξ
639 1991 830 2056 ἐθνῶν,
890 1995 919 2046 ὁ
977 1994 1185 2063 Ἰησοῦς
1254 1994 1517 2060 ὑπέταξε,
1580 1995 1677 2047 καὶ

1788 1988 1886 2042 sibi
1908 1987 2157 2057 subjecit,
2188 1997 2242 2042 et
2271 1997 2527 2059 tanquam
2563 1990 2818 2047 subditos
2856 1992 2910 2046 in
2943 1991 3156 2049 Israelis
3190 1994 3364 2050 haue-

53 2084 134 2147 ὼς
179 2083 580 2152 ὑποταγέντας
630 2086 712 2148 εἰς
759 2084 859 2157 τὴν
904 2085 1002 2139 τοῦ
1046 2085 1262 2159 Ἰσραὴλ
1307 2086 1677 2158 κληρονομίαν

1788 2081 2009 2136 ditatem
2041 2079 2359 2137 introduxit.

55 2179 416 2247 συνήγαγεν.

1785 717 1937 771 spem
1997 702 2049 756 in
2109 703 2308 772 ipsum.
2366 705 2658 770 Quomodo
2708 716 2889 764 autem
2950 711 3370 767 calefacientes?

1785 792 1973 861 utique
2017 792 2248 862 spiritali
2286 792 2408 862 igne
2444 795 2837 865 inoperationis
2877 797 3115 869 Spiritus
3169 803 3364 857 sancti.

1784 881 2044 939 Lebetem
2075 885 2222 938 enim
2255 885 2408 939 vides
2439 887 2561 956 igne
2589 887 2845 942 caleﬁeri.

1863 993 1881 1025 ι
1913 974 1972 1028 In
2001 975 2277 1029 ldumeam
2297 977 2586 1031 extendam
2615 980 3063 1036 caleeamentum.
3101 1001 3118 1033 ι

1855 1067 2107 1121 Christus
2155 1068 2396 1123 ostendit
2451 1071 2723 1138 quomodo
2779 1073 3021 1142 gentium
3067 1074 3366 1130 Ecclesiam
3405 1058 3408 1062 Δ

1785 1175 1967 1215 coram
2016 1162 2182 1215 Israel
2222 1161 2328 1217 sibi
2371 1162 2672 1232 subiectam
2705 1163 2916 1228 fecerit,
2945 1181 3115 1235 usque
3146 1169 3213 1224 ad
3249 1169 3368 1223 illas

1784 1269 2002 1325 quoque
2028 1255 2459 1310 caleeamentum
2484 1271 2642 1310 suum
2669 1259 2994 1324 extendens,
3019 1260 3071 1314 id
3094 1272 3173 1315 est
3195 1264 3368 1316 Evan-

1785 1347 1983 1416 gelium
2031 1365 2044 1400 :
2088 1347 2232 1417 quod
2293 1348 2580 1403 insinuans
2629 1348 2869 1405 Joannes
2924 1351 3164 1422 Baptista
3211 1354 3364 1418 dixit,

1794 1437 1946 1492 Venit
1968 1449 2082 1508 post
2109 1456 2208 1500 me,
2246 1439 2398 1507 cujus
2435 1456 2536 1492 non
2565 1457 2682 1493 sum
2707 1443 2895 1512 dignus
2933 1453 2988 1497 ut
3018 1444 3217 1498 solvam
3255 1445 3368 1514 ejus

1785 1533 2066 1602 corrigiam
2137 1531 2478 1586 calceamenli
2529 1533 2594 1586 ”.
2649 1532 2902 1588 Nondum
2969 1537 3117 1590 enim
3178 1537 3368 1590 aderat

1788 1631 2002 1691 tempus
2055 1621 2379 1676 enuntiandi
2429 1623 2804 1695 Evangelium.
2865 1626 2958 1680 Sic
3013 1642 3145 1681 vero
3202 1629 3365 1682 etiam

145 2288 164 2320 ε
205 2269 310 2331 Τίς
333 2268 540 2332 ἀπάξει
573 2285 640 2338 με
672 2267 752 2330 είς
789 2266 944 2320 πόλιν
973 2267 1270 2339 περιοχῆς;
1302 2287 1321 2322 ι

143 2447 317 2500 Πόλιν
359 2446 625 2516 περιοχῆς
663 2445 762 2516 τὴν
817 2445 1149 2516 Ἐκκλησίαν
1179 2449 1374 2501 καλεῖ·
1406 2450 1464 2502 ἐν
1501 2451 1677 2522 ταύτῃ

67 2539 183 2610 γὰρ
211 2540 317 2593 ὅλα
353 2539 678 2610 περιέχεται
727 2536 823 2590 τοῦ
858 2538 1098 2605 Χριστοῦ
1128 2540 1196 2593 τὰ
1229 2543 1504 2610 μυστήρια
1527 2557 1540 2570 ⁸
1586 2543 1679 2596 καὶ

71 2632 247 2698 νόμος
298 2631 400 2684 καὶ
429 2630 709 2700 προφῆται
755 2629 845 2683 διὰ
881 2629 984 2699 τῆς
1023 2631 1196 2701 αὑτῆς
1250 2631 1529 2696 πολιτείας
1583 2651 1679 2686 πε-

75 2723 392 2793 ριέχονται.
448 2722 560 2791 Τὴν
614 2721 785 2792 αὑτὴν
842 2722 900 2775 δὲ
958 2724 1058 2775 καὶ
1130 2724 1435 2793 Ἰδουμαίαν
1499 2726 1676 2779 καλεῖ.

75 2815 264 2869 Μόνου
311 2814 411 2868 τοῦ
461 2814 702 2886 Χριστοῦ
729 2815 822 2868 τὸν
861 2815 1075 2887 Ἰσραὴλ
1127 2817 1272 2886 πρὸς
1326 2818 1681 2888 τὴνῈκκλη-

78 2908 207 2960 σίαν
245 2907 528 2976 ὁδηγῆσαι
580 2906 940 2978 καθέστηκεν,
985 2907 1044 2969 ὃς
1094 2906 1355 2960 ἀπώσατο
1382 2909 1509 2970 τοὺς
1553 2910 1680 2962 Ἰου-

76 3001 265 3059 δαίους
295 2998 376 3060 ώς
397 2999 480 3060 είς
499 2998 665 3051 αὑτὸν
701 2998 777 3069 μὴ
814 2998 1218 3062 πιστεύσαντας
1238 3016 1251 3030 ·
1298 3000 1414 3052 ἀλλ’
1441 3000 1503 3052 οὑ
1545 3001 1680 3058 πάν-

76 3107 213 3152 τας·
253 3089 381 3142 οὑδὲ
423 3089 648 3159 ἐξῆλθεν
688 3089 867 3143 αὐτῶν
910 3092 968 3143 ἑν
1011 3092 1132 3151 ταῖς
1163 3090 1488 3161 δυνάμεσιν·
1520 3108 1680 3144 τουτ-

80 3183 225 3244 ἐστι,
267 3180 400 3244 τοὺς
435 3182 492 3234 ἐν
530 3182 715 3245 αὑτοῖς
758 3181 1037 3246 δυνατοὺς,
1065 3181 1271 3253 δηλαδὴ
1303 3182 1431 3246 τοὺς
1466 3183 1543 3253 μὴ
1589 3201 1681 3236 πι-

84 3277 454 3338 στεύσαντας,
486 3276 588 3328 οὑκ
623 3274 864 3329 ἀπέϐαλε
894 3275 985 3328 διά
1020 3275 1149 3339 τοὺς
1179 3275 1609 3342 πιστεύσαντας.

161 3387 181 3421 ι
228 3369 332 3432 Δὸς
363 3370 497 3439 ἡμῖν
520 3367 775 3439 βοήθειαν
803 3368 866 3420 ὲκ
891 3367 1145 3437 θλίψεως.
1181 3387 1199 3419 ι

158 3546 432 3615 Βοήθειαν
459 3546 524 3597 ἐκ
557 3544 789 3614 Θλίψεως
811 3543 888 3614 τῷ
909 3543 1025 3613 λαῷ
1057 3543 1165 3597 τῶν
1200 3545 1473 3598 Ἰουδαίων
1498 3545 1682 3598 πίστιν

88 3639 148 3702 ἐξ
179 3638 447 3698 ἀπιστίας
501 3637 891 3707 πρεσϐεύεται.
956 3635 1240 3707 Σωτηρίαν
1290 3637 1348 3688 δὲ
1390 3635 1681 3707 ἀνθρώπου

86 3729 185 3798 τὴν
220 3727 281 3792 ἐξ
301 3727 656 3798 ἀνθρωπίνης
684 3727 1034 3788 διδασκαλίας
1067 3727 1532 3798 προσδοκωμένην
1559 3727 1684 3798 νόη-

93 3839 184 3875 σον
207 3837 219 3850 ·
265 3821 359 3874 οἶα
389 3837 475 3882 τις
504 3815 572 3890 ἦν
601 3822 634 3890 ή
680 3820 787 3874 τῶν
818 3819 1092 3872 Ἰουδαίων
1125 3818 1447 3873 διδασκαλία
1467 3861 1481 3874 .
1539 3820 1684 3891 Πρὸς

89 3915 199 3986 γὰρ
233 3916 297 3967 τὸ
318 3915 505 3976 αὑτοῖς
530 3911 728 3966 δοκοῦν
752 3912 988 3978 ἐγίνετο.

664 4003 870 4056 ΨΛΛΜ
877 4003 959 4054 ΟΣ
985 4002 1112 4054 Pii'.

168 4117 186 4150 ι
223 4099 317 4160 Εἰς
348 4096 411 4150 τὸ
439 4096 594 4157 τέλος
620 4094 836 4163 ψαλμδς
867 4093 944 4163 τῷ
976 4093 1162 4146 Δαυῒδ.
1211 4112 1230 4145 ι

174 4189 524 4256 ’Δναγκαίως
552 4189 644 4240 τὸν
660 4186 878 4256 ψαλμὸν
898 4188 1004 4250 Είς
1021 4184 1087 4238 τὸ
1112 4184 1287 4251 τέλος
1317 4185 1364 4237 τί
1390 4208 1406 4232 λ
1438 4184 1682 4255 παρόντα

95 4279 372 4349 ἔγραψεν·
424 4277 538 4347 ἔχει
567 4277 677 4346 γὰρ
717 4277 818 4330 ὅσα
853 4275 933 4345 τῷ
969 4274 1115 4328 τέλει
1154 4277 1255 4346 τῆς
1295 4275 1391 4327 τοῦ
1430 4276 1684 4345 Σωτῆρος

93 4370 253 4438 ἡμῶν
286 4369 783 4438 ὲνανθρωπήσεως,
835 4365 1039 4436 δηλαδὴ
1069 4368 1207 4437 πρὸς
1234 4366 1384 4436 αὑτῷ
1413 4366 1488 4436 τῷ
1521 4367 1684 4420 πάθει

96 4463 173 4532 τῷ
219 4465 562 4532 Δεσποτικῷ,
621 4465 961 4532 πέπρακταιο
993 4460 1184 4534 διόπερ
1227 4462 1320 4512 καὶ
1353 4461 1443 4512 τὸν
1471 4460 1684 4530 ψαλμὸν

97 4556 464 4626 ὲμελῲδησεν.
529 4554 728 4606 Είκόνα
773 4553 880 4623 γὰρ
934 4552 1124 4623 φέρειν
1170 4553 1263 4604 τοῦ
1310 4552 1550 4622 Χριστοῦ
1593 4551 1683 4604 τὸν

97 4649 263 4701 Δαὸὶδ
296 4648 604 4718 εἰρήκαμεν
637 4646 967 4714 φθάσαντες.

174 4760 192 4791 ι
241 4740 302 4793 Ὀ
331 4741 466 4804 Θεὸς
504 4739 603 4808 τὴν
635 4739 840 4791 αίνεσίν
882 4755 984 4807 μου
1046 4737 1122 4806 μὴ
1153 4736 1620 4805 παρασιωπήσῃς.
1661 4755 1676 4786 ι

178 4832 282 4884 Τδν
309 4832 518 4884 Ἰούδαν
540 4831 859 4883 αίνίττεται’
887 4829 1145 4898 περὶγὰρ
1176 4826 1341 4880 αὑτοῦ
1387 4828 1480 4897 τῆς
1502 4828 1684 4896 ψαλμ-

102 4923 263 4990 ι;;δίας
289 4925 352 4977 τὸ
383 4924 633 4977 πλεῖστον
671 4925 770 4992 τῆς
802 4921 1218 4992 προκειμμένης
1244 4921 1551 4990 γέγραπται
1578 4935 1590 4948 ο
1624 4913 1685 4970 οὗ

101 5018 161 5068 τὸ
190 5020 369 5088 στόμα
413 5019 678 5088 πρότερον
719 5017 794 5079 ὡς
828 5014 1174 5088 ἀμαρτωλοῦ,
1219 5013 1472 5084 δεύτερον
1509 5011 1566 5064 δὲ
1610 5009 1686 5074 ὡς

103 5108 278 5162 δολίου
321 5111 462 5163 κατά
488 5109 582 5162 τοῦ
636 5109 842 5178 Κυρίου
899 5107 1182 5176 ἀνοιγῆναι
1217 5107 1564 5176 εὑρήσομεν·
1609 5104 1686 5166 ώς

104 5199 210 5270 γὰρ
240 5202 566 5272 ἁμαρτωλὸς
590 5202 681 5253 καὶ
706 5199 1030 5271 παράνομος
1051 5201 1165 5261 τοῖς
1201 5195 1474 5260 Ἰουδαίοις
1508 5197 1686 5263 ἕλεγε’

115 5291 174 5342 Τί
198 5291 404 5346 θέλετέ
444 5310 545 5361 μοι
587 5291 821 5355 δοῦναι,
861 5291 1022 5359 κάγὼ
1057 5289 1198 5359 ὑμῖν
1225 5288 1557 5357 παραδώσω
1585 5291 1690 5343 αὑ-

111 5383 256 5444 to’r;
292 5382 372 5446 ὡς
401 5383 571 5445 δόλιος
612 5381 808 5451 Χαῖρε,
852 5381 1071 5449 'Pa66’l,
1102 5381 1237 5452 πρδς
1277 5378 1485 5449 Ἰησοῦν
1520 5374 1640 5431 εἷπε
1671 5419 1686 5443 ,

116 5472 210 5523 καί
262 5475 668 5542 κατεφίλησεν
726 5473 913 5525 αὐτόν
944 5489 956 5501 ⁶
1025 5471 1322 5542 ἀρραϐῶνα
1379 5473 1492 5534 τοῖς
1548 5470 1688 5540 λαμ-

116 5562 334 5618 6άνουσι
359 5566 606 5632 δεδωκὼς
634 5567 734 5637 τῆς
771 5566 1064 5635 προδοσίας
1096 5565 1159 5619 τὸ
1183 5564 1417 5635 φίλημα.

191 5672 211 5707 ι
259 5657 551 5728 Ἐλάλησαν
574 5661 694 5713 κατ’
726 5659 861 5730 ἐμοῦ
887 5658 1130 5730 γλώσσῃ.
1178 5679 1195 5710 ι

189 5825 399 5889 "Joan.
435 5852 471 5902 I,
503 5835 589 5891 27.

1857 2264 2018 2320 Vens.
2053 2265 2140 2320 Η.
2189 2287 2207 2319 ε
2238 2265 2375 2332 Quis
2418 2265 2653 2321 adducet
2702 2281 2791 2322 me
2833 2267 2888 2321 in
2930 2268 3206 2322 civitatem
3255 2268 3364 2324 cir-

1784 2356 2167 2411 cumstantiae?
2203 2375 2220 2407 ι

1855 2446 2146 2502 Civitatem
2178 2446 2602 2502 circumstantiae
2632 2456 2793 2502 vocat
2819 2446 3114 2502 Ecclesiam
3144 2466 3158 2501 :
3195 2447 3250 2502 in
3277 2449 3366 2503 illa

1785 2536 1930 2591 enim
1989 2536 2344 2592 continentur
2395 2537 2650 2609 universa
2703 2535 2910 2593 Christi
2965 2536 3251 2608 mysteria;
3313 2547 3369 2593 et

1785 2631 1871 2686 lex
1898 2640 1954 2685 et
1984 2631 2263 2700 prophetas
2307 2630 2360 2683 in
2397 2629 2593 2685 eadem
2639 2645 2858 2700 quoque
2895 2630 3080 2699 politia
3116 2645 3370 2700 compre-

1787 2723 2119 2778 henduntur.
2198 2722 2460 2777 Eamdem
2539 2737 2674 2777 vero
2735 2723 2900 2777 etiam
2955 2723 3189 2792 appellat
3240 2722 3366 2777 ldu‘

1786 2831 1999 2870 nimam.
2031 2814 2326 2870 Constituit
2363 2814 2533 2870 solius
2555 2814 2761 2870 Christi
2809 2829 2931 2870 esse
2955 2814 3215 2870 lsraelem
3266 2815 3368 2870 ad-

1785 2908 1987 2962 ducere
2027 2907 2094 2961 ad
2139 2906 2462 2970 Ecclesiam,
2490 2907 2583 2976 qui
2620 2906 2838 2962 Iudaeos
2867 2908 3070 2977 repulit
3110 2916 3368 2978 tanquam

1785 3015 1895 3053 non
1936 2999 2224 3053 credentes
2265 2998 2318 3052 in
2349 3013 2506 3064 eum;
2549 3014 2740 3053 verum
2781 3015 2892 3054 non
2928 3015 3158 3054 omnes:
3187 3016 3368 3070 neque

1786 3103 2039 3158 egressus
2085 3087 2185 3142 fuit
2229 3091 2283 3141 in
2327 3088 2625 3142 virtutibus
2675 3103 2886 3152 eorum,
2921 3089 2974 3144 id
3004 3097 3110 3153 est,
3148 3104 3244 3144 eos
3274 3089 3366 3159 qui

1790 3182 1932 3236 inter
1975 3182 2124 3250 ipsos
2166 3189 2423 3250 potentes
2472 3187 2650 3244 erant,
2691 3181 2904 3236 scilicet
2947 3180 3214 3246 inﬁdeles,
3258 3198 3368 3249 non

1710 3252 1751 3310 (ἶ
1787 3271 1986 3340 repulit
2022 3279 2246 3340 propter
2283 3270 2489 3325 ﬁdeles.

1855 3362 2021 3418 Vsus.
2076 3363 2164 3418 15.
2225 3380 2244 3413 ι
2303 3361 2380 3416 Da
2432 3361 2596 3416 nobis
2667 3363 2934 3417 auxilium
3005 3363 3073 3417 de
3144 3363 3368 3419 tribula-

1786 3454 1956 3506 tione.
1987 3471 2005 3503 ι
3282 3526 3287 3531 _

1853 3546 2130 3599 Auxilium
2157 3544 2225 3598 de
2256 3543 2608 3599 tribulatione
2638 3546 2838 3614 populo
2863 3544 3175 3600 Iudaeorum
3207 3548 3368 3603 ﬁdem

1784 3652 1852 3690 ex
1905 3634 2229 3690 inﬁdelitate
2281 3634 2594 3689 annuntiat.
2650 3634 2894 3690 Salutem
2946 3651 3079 3692 vero
3127 3638 3366 3694 hominis

1784 3726 2022 3797 intelligo
2047 3726 2194 3780 illam
2213 3741 2334 3795 qua:
2361 3740 2424 3779 ex
2446 3725 2686 3780 humana
2713 3725 2957 3780 doctrina
2977 3737 3359 3796 exspectatur:

1783 3820 1960 3890 qualis
1999 3828 2118 3874 erat
2165 3819 2253 3873 illa
2298 3819 2548 3874 doctrina
2583 3817 2898 3874 Iudaeorum
2933 3837 2946 3873 :
2994 3821 3062 3875 ad
3104 3805 3363 3890 placitum

1784 3913 1929 3968 enim
1962 3913 2205 3982 ipsorum
2234 3914 2418 3968 ﬁebat.

2313 4003 2630 4059 PSALMUS
2660 4005 2838 4061 CVIII.

1853 4096 2019 4152 Vens.
2065 4098 2115 4151 Ι.
2153 4115 2172 4149 ι
2204 4099 2264 4152 ln
2289 4097 2452 4152 linem
2489 4099 2730 4167 psalmus
2761 4099 2949 4154 David.
2982 4117 2999 4149 ι

1857 4187 2177 4246 Necessario
2196 4200 2521 4260 praesentem
2561 4191 2828 4260 psalmum
2883 4191 3162 4262 inscripsit
3194 4193 3275 4247 In-
3304 4193 3372 4262 ﬁ-

1786 4299 1902 4336 nem
1925 4299 1944 4336 :
1974 4283 2218 4338 continet
2249 4282 2396 4336 enim
2455 4297 2796 4351 quaecunque
2834 4280 3134 4337 Salvatoris
3193 4285 3371 4338 nostri

1785 4371 2173 4426 incarnationis
2198 4371 2291 4424 ﬁni
2321 4370 2662 4433 acciderunt,
2687 4370 2897 4426 scilicet
2927 4385 2991 4424 ea
3018 4385 3140 4440 quae
3165 4371 3220 4424 in
3256 4367 3372 4440 ipsa

1787 4461 2068 4516 Dominica
2099 4462 2351 4531 passione
2387 4469 2538 4530 gesta
2566 4470 2695 4515 sunt
2719 4479 2732 4515 :
2761 4470 2986 4530 propter
3013 4477 3177 4530 quam
3201 4462 3370 4519 etiam

1791 4555 1936 4609 hunc
1965 4555 2234 4625 psalmum
2265 4555 2488 4608 cecinit.
2524 4552 2781 4608 Davidcm
2811 4555 2957 4607 enim
2986 4552 3190 4608 Christi
3235 4552 3373 4607 ima-

1791 4648 1968 4719 ginem
2002 4645 2207 4700 referre
2233 4646 2483 4715 superius
2512 4646 2772 4699 diximus.
3285 4653 3288 4656 ’

1860 4737 2024 4792 Vens.
2051 4738 2106 4790 2.
2136 4757 2154 4789 ι
2185 4739 2344 4798 Deus,
2367 4737 2580 4790 laudem
2611 4752 2786 4791 meam
2815 4752 2885 4791 ne
2918 4736 3173 4793 tacueris.
3205 4753 3224 4789 ι
3289 4791 3300 4803 ,

1864 4831 2056 4886 Judam
2089 4830 2368 4894 insinuat;
2401 4829 2468 4883 de
2500 4829 2616 4898 ipso
2648 4829 2796 4884 enim
2830 4829 3060 4883 maxima
3090 4844 3216 4899 pars
3272 4828 3374 4881 hu-

1789 4923 1880 4991 jus
1941 4921 2131 4990 psalmi
2190 4921 2390 4989 seripta
2446 4929 2568 4985 est;
2609 4921 2765 4990 cujus
2817 4935 2879 4973 os
2917 4919 3067 4988 prius
3119 4928 3373 4987 tanquam

1795 5011 2116 5080 peccatoris,
2140 5011 2336 5064 deinde
2363 5026 2493 5065 vero
2539 5021 2796 5081 tanquam
2826 5012 2997 5067 dolosi
3042 5023 3229 5066 contra
3270 5011 3374 5087 Do—

1797 5104 2004 5158 minum
2039 5113 2286 5173 apertum
2335 5102 2503 5158 fuisse
2544 5105 2882 5174 reperiemus
2913 5123 2926 5158 :
2957 5120 3082 5158 nam
3119 5114 3372 5173 tanquam

1796 5207 2048 5266 peccator
2070 5204 2125 5250 et
2156 5195 2375 5264 iniquus
2402 5195 2606 5250 Iudaeis
2628 5196 2837 5252 dixerat
2862 5213 2876 5250 :
2909 5196 3045 5260 Quid
3065 5196 3222 5250 vultis
3272 5197 3374 5250 mi-

1794 5286 1848 5338 lii
1874 5291 2024 5350 dare,
2048 5295 2095 5338 et
2125 5302 2218 5354 ego
2244 5287 2385 5338 vobis
2415 5303 2535 5339 eum
2559 5287 2772 5340 tradam
2808 5286 2893 5338 "?
2923 5294 3178 5355 tanquam
3223 5285 3377 5367 dolo-

1795 5392 1888 5430 sus
1919 5377 2022 5430 Are
2040 5376 2204 5430 Rabbi
2225 5377 2290 5431 ad
2309 5377 2495 5432 Iesum
2519 5378 2678 5440 dixit,
2703 5387 2754 5431 et
2774 5377 3042 5431 osculatus
3067 5386 3143 5431 est
3173 5393 3290 5430 eum
3307 5377 3375 5440 ",

1794 5469 2039 5524 osculum
2072 5470 2125 5523 in
2162 5486 2374 5541 Signum
2416 5470 2742 5541 proditionis
2774 5470 2987 5526 donans
3036 5469 3378 5539 capientibus

1792 5577 1939 5618 eum.

1865 5657 2025 5713 Vsus.
2053 5660 2106 5713 ’5.
2141 5679 2156 5711 ι
2196 5659 2382 5715 Locuti
2408 5670 2534 5715 sunt
2561 5659 2846 5715 adversum
2869 5673 2956 5714 me
2985 5657 3184 5726 lingua.
3222 5672 3242 5708 ι

667 5836 711 5866 ’⁵
745 5835 945 5905 Ephes.
980 5850 1050 5897 Vl,
1086 5832 1168 5886 15.
1247 5834 1292 5866 ’³
1326 5831 1515 5887 Matth.
1551 5848 1696 5899 nrt,
1731 5831 1815 5886 15.
1893 5832 1937 5864 ⁹⁶
1979 5831 2110 5885 ibid.
2139 5831 2225 5886 49.
