4156 6452
76 399 212 471 131Ἱ

1249 394 1712 457 FRAGMENTA
1754 390 1835 450 ΙΝ
1876 390 2235 451 PSALMOS.

3252 386 3387 454 1318

141 512 304 579 Tin;
362 512 523 582 δῆλον
553 510 627 575 ὡς
685 508 897 578 ἐαυτῷ·
929 505 1049 560 οὐδὲ
1105 503 1213 575 γὰρ
1256 504 1337 566 είς
1389 503 1681 575 μετάνοιαν

1855 495 2000 550 (lui?
2058 496 2242 564 utique
2304 495 2652 550 manifestum
2703 497 2845 566 quod
2883 496 2984 551 sibi
3036 495 3387 567 ipsizneque

73 601 241 669 εἶδεν,
269 606 401 659 ὅθεν
431 607 617 668 ἐλέους
647 604 829 674 τυχεῖν
855 600 951 654 καὶ
977 596 1396 668 φιλανθρωπίας
1433 593 1679 649 ἀπολαῦ-

72 716 167 752 σαι
190 696 540 767 ἠδύνατο.⁰0
566 698 623 751 δὲ
654 695 848 751 ἑαυτὸν
871 693 948 767 μὴ
975 692 1230 765 ἐλεήσας,
1268 691 1386 754 πῶς
1416 690 1565 763 παρὰ
1587 687 1680 742 τοῦ

72 791 288 862 Κριτοῦ
315 794 619 866 ἐλεηθῆναι
646 790 874 845 δύναται
901 805 917 856 ;

150 989 170 1022 ι
213 971 333 1026 Καὶ
366 970 698 1036 κατεδίωξεν
728 968 1018 1040 ἄνθρωπον
1057 966 1287 1034 πένητα.
1319 983 1338 1015 ι

140 1065 332 1135 Πένης
362 1066 463 1118 καὶ
491 1064 709 1133 πτωχὸς
736 1064 764 1116 ὀ
797 1062 1004 1131 Κύριος
1028 1077 1041 1091 ο
1078 1057 1271 1129 ἐπειδὴ
1299 1055 1555 1119 πλούσιος
1584 1053 1681 1121 ὢν,

66 1157 217 1227 ὑπὲρ
261 1156 433 1226 ἡμῶν
475 1157 823 1226 ἐπτώχευσεν
848 1170 861 1185 °
908 1154 969 1207 οὐ
1005 1153 1165 1224 μόνον
1209 1151 1268 1204 δὲ
1305 1148 1683 1220 ἐπτώχευσεν,

67 1246 218 1300 ἀλλὰ
268 1247 373 1300 καὶ
426 1248 507 1310 είς
544 1244 803 1299 τοσοῦτον
849 1244 938 1297 διὰ
988 1245 1086 1313 τὴν
1124 1243 1236 1297 τῶν
1281 1240 1547 1295 Ἰουδαίων
1589 1239 1684 1291 ἁν-

71 1337 281 1406 ηκοῖαν
337 1335 517 1408 πένης
577 1337 819 1405 ἐγένετο,
872 1336 1013 1388 (Late
1054 1334 1343 1403 λέγειν’·Αι
1376 1331 1685 1393 ἀλώπεκες

62 1426 359 1495 φωλεοὺς
416 1427 659 1496 ἔχουσι,
722 1426 819 1479 καὶ
862 1426 937 1479 τὰ
987 1425 1228 1479 πετεινὰ
1265 1421 1374 1477 τοῦ
1418 1420 1683 1490 οὐρανοῦ

64 1518 618 1586 κατασκηνώσεις·
685 1521 718 1572 ὀ
765 1518 833 1570 δὲ
888 1519 1017 1583 Υἱὸς
1065 1517 1172 1571 τοῦ
1219 1515 1535 1586 ἀνθρώπου
1570 1514 1683 1567 οὐκ

64 1613 201 1682 ἔχει
248 1610 378 1665 ,ποῦ
413 1612 533 1679 τὴν
555 1610 837 1681 κεφαλὴν
886 1610 1093 1679 κλίνῃ.
1132 1610 1316 1680 Ὅπερ
1341 1608 1459 1662 ἐστὶ
1493 1605 1685 1668 πενῖας

66 1707 176 1759 One
185 1703 544 1776 ρὸαλλούσης
568 1702 866 1767 ἀπόδειξις.

143 1817 164 1849 ι
206 1800 326 1852 Καὶ
360 1798 847 1869 κατανενυγμένον
877 1801 943 1870 τῇ
964 1797 1186 1869 καρδίᾳ.
1234 1815 1253 1849 s

1766 593 1936 670 .cnim
1968 593 2034 647 ad
2058 590 2442 663 pmnitcntiani
2471 591 2733 661 respexit.
2781 593 2925 646 unde
2959 592 3385 646 misericordiam

1788 697 1951 758 atque
1978 686 2329 742 clementiam
2351 685 2615 755 consequi
2651 685 2945 755 potuisset.
2973 684 3150 751 Quem
3202 694 3375 738 θοις-ιι

1787 779 1873 834 sui
1914 778 2085 849 ipsius
2112 793 2223 832 non
2256 777 2504 841 miseret,
2541 775 2818 846 quomodo
2857 790 2888 830 a
2934 775 3128 831 Judicc
3164 775 3390 831 miscri-

1789 871 2034 926 cordiam
2076 870 2340 940 consequi
2374 868 2591 939 possit?

1859 962 2021 1017 Vens.
2058 963 2142 1017 l7.
2173 979 2190 1012 ι
2220 962 2289 1017 Et
2320 971 2644 1032 persecutus
2672 970 2757 1015 est
2783 960 3065 1015 hominem
3102 960 3380 1031 inopem»

1859 1056 2081 1127 Egenus
2120 1064 2176 1108 et
2209 1055 2370 1125 inops
2411 1054 2673 1108 Dominus
2698 1071 2712 1120 ;
2742 1053 2867 1124 quia
2889 1069 3013 1109 cum
3035 1061 3183 1107 esset
3212 1053 3382 1116 dives,

1787 1163 1888 1218 pro
1920 1148 2079 1202 nobis
2119 1163 2326 1218 egenus
2358 1146 2536 1201 factus
2562 1154 2647 1201 est
2676 1163 2688 1199 :
2720 1155 2776 1200 et
2812 1162 2921 1199 non
2958 1147 3135 1200 solum
3177 1159 3387 1215 pauper

1788 1237 1910 1303 fuit,
1944 1252 2136 1291 verum
2177 1237 2343 1293 etiam
2378 1247 2601 1308 propter
2620 1235 2938 1291 Jud:eorum
2979 1235 3383 1290 contumaciam

1787 1332 1853 1387 ad
1886 1341 2093 1386 tantam
2134 1331 2388 1386 redactus
2416 1339 2839 1401 estegestatem.
2874 1337 2932 1382 ut
2962 1328 3170 1382 diceret
3203 1346 3217 1382 :
3259 1329 3387 1382 Vul-

1787 1439 1875 1491 pes
1906 1423 2079 1491 foveas
2100 1421 2291 1474 habent
2317 1429 2366 1473 et
2403 1420 2635 1474 volucres
2671 1420 2784 1473 caeli
2818 1420 3004 1480 nidos;
3046 1418 3214 1473 Filius
3264 1435 3387 1472 vero

1788 1515 2012 1567 hominis
2034 1530 2137 1567 non
2167 1515 2319 1568 habet
2351 1514 2439 1567 ubi
2466 1523 2627 1584 caput
2662 1512 2877 1566 reclinet
2918 1514 2961 1564 ².
2994 1511 3152 1577 Quod
3170 1511 3385 1582 signum

1788 1611 1871 1658 est
1895 1611 2153 1658 extremm
2178 1605 2456 1675 egestatis.

1864 1800 1883 1833 ι
1914 1781 1981 1835 Ει
2014 1792 2407 1852 compunctum
2433 1780 2621 1836 corde.
2659 1800 2678 1832 ι

158 1890 221 1943 Ὁ
252 1892 312 1945 δὲ
339 1892 517 1956 αὐτὸς
546 1856 733 1963 καὶτῇ
764 1856 966 1963 καρδία
993 1856 1060 1944 διζ
1104 1856 1252 1961 ἡμᾶς
1280 1890 1686 1963 κατανενυγμέ-

1863 1873 2011 1928 Idem
2048 1885 2231 1928 autem
2270 1881 2495 1943 propter
2530 1887 2631 1927 nos
2663 1885 2884 1941 quoque
2912 1871 3078 1927 corde
3117 1887 3389 1943 compun-

68 1998 164 2045 vo;
200 1998 214 2011 ·
252 1982 458 2053 διόπερ
498 1982 653 2051 ἔλεγε
682 1999 697 2013 ⁸
727 1982 1072 2050 Περίλυπός
1092 1981 1263 2036 ἐστιν
1298 1982 1337 2051 ὴ
1362 1983 1535 2052 ψυχή
1564 2000 1683 2053 μου

70 2074 189 2141 ἕως
220 2074 527 2129 θανάτου.
1579 2057 1594 2065 ’

155 2189 175 2222 s
211 2170 328 2222 Καὶ
351 2168 615 2238 ἠγάπησε
642 2166 911 2239 κατάραν.
954 2185 972 2218 ι

152 2261 329 2314 Ποίαν
387 2258 491 2328 τὴν
533 2256 630 2311 τοῦ
679 2255 1020 2324 Μονογενοῦς
1068 2256 1322 2325 ἤκουσεν,
1375 2252 1540 2325 ἡνίκα
1585 2253 1686 2322 τὴν

76 2352 388 2422 προδοσίαν
445 2349 745 2419 ἐμελέτησε
792 2345 1081 2416 λέγοντος·
1127 2347 1192 2398 '0
1230 2344 1350 2413 μὲν
1394 2344 1528 2410 Υἱὸς
1576 2345 1685 2398 τοῦ

78 2444 413 2512 ἀνθρώπου
452 2440 843 2509 παραδίδοται
868 2454 882 2469 ’
922 2436 1118 2492 καλὸν
1154 2432 1234 2508 ἦν
1265 2436 1448 2503 αὐτῷ,
1489 2440 1542 2492 εί
1572 2441 1686 2493 οὐκ

79 2536 387 2606 ἐγεννήθη
418 2538 453 2589 ό
481 2533 795 2602 ἄνθρωπος
824 2531 1077 2597 ἐκεῖνος.

165 2648 184 2680 ι
221 2629 335 2681 Καὶ
369 2627 476 2680 οὐκ
502 2625 767 2695 ἡθέλησεν
798 2622 1074 2692 εὐλογίαν.
1106 2642 1125 2677 ι

161 2719 440 2786 Εὑλογίαν
475 2718 576 2787 τὴν
622 2717 732 2771 τῶν
774 2714 1095 2771 ἀποστόλων
1129 2713 1303 2784 λέγει,
1343 2716 1411 2787 ἢν
1449 2717 1631 2779 αὐτοῖς
1658 2719 1687 2769 ὀ

90 2808 327 2877 Χριστὸς
362 2808 712 2878 ἐξεφώνησεν
746 2823 761 2838 ⁸
808 2805 989 2875 Ἀμὴν
1034 2804 1194 2875 λέγω
1241 2805 1404 2875 ὑμῖν,
1436 2806 1607 2875 ὑμεῖς
1632 2810 1686 2860 ct

89 2896 641 2964 ἀκολουθήσαντές
660 2913 782 2966 μοι,
815 2896 1142 2952 καθίσεσθε
1168 2896 1268 2951 ἐπὶ
1299 2895 1529 2951 δώδεκα
1551 2900 1689 2966 θρό-

93 3007 239 3054 νους
258 3031 274 3054 ,
315 2990 630 3058 κρίνοντες
657 2988 765 3053 τὰς
791 2985 1021 3041 δώδεκα
1050 2986 1253 3056 φυλὰς
1278 2986 1385 3040 τοῦ
1424 2986 1683 3055 Ἰσραήλ.

175 3102 194 3134 ι
238 3083 350 3135 Καὶ
376 3080 672 3134 ἐνεδύσατο
706 3080 970 3149 κατάραν.
1008 3098 1026 3131 ι

171 3172 367 3227 Ταῦτα
406 3170 515 3241 γὰρ
554 3170 649 3224 τοῦ
683 3169 977 3241 ἀνθρώπου
1018 3170 1277 3239 τυγχάνει
1305 3169 1375 3223 τὰ
1396 3169 1644 3223 ἐνδόσοια
1670 3186 1682 3199 °

99 3262 241 3317 ὥστε
287 3264 389 3315 καὶ
436 3260 697 3330 δυνάμεις
729 3259 830 3328 τῆς
866 3258 1045 3330 ψυχῆς
1080 3253 1221 3313 εἶναι
1252 3258 1323 3312 τὰ
1351 3259 1450 3328 μὲν
1482 3259 1690 3326 ἔγκατα

100 3354 195 3418 τὰς
233 3354 484 3422 λογικὰς,
518 3352 706 3422 ἐπειδὴ
728 3351 799 3405 τὰ
817 3350 1026 3423 ἔγκατα
1049 3352 1110 3404 οὺ
1142 3352 1241 3423 τὴν
1267 3350 1439 3422 αὐτὴν
1470 3352 1691 3421 κατέχει

102 3446 333 3516 τροφὴν,
374 3443 515 3497 ἀλλὰ
543 3445 638 3496 καὶ
669 3443 764 3496 νῦν
793 3443 893 3514 μὲν
919 3443 1156 3513 δέχεται,
1192 3441 1286 3495 νῦν
1315 3443 1371 3495 δὲ
1393 3442 1647 3495 ἐκσάλλει
1673 3458 1688 3474 ·

105 3535 291 3607 ὥσπερ
317 3535 415 3588 καὶ
450 3536 500 3587 οἱ
517 3533 771 3603 λογισμοὶ
792 3535 894 3588 οὐκ
924 3534 1021 3587 ἐπὶ
1042 3532 1152 3586 τῶν
1174 3533 1356 3588 αὐτῶν
1386 3533 1652 3602 ἑστήκασι
1671 3550 1685 3565 ·

108 3628 347 3699 συνεχῶς
386 3627 496 3699 γὰρ
535 3626 988 3697 μεταϐάλλονται.
1021 3626 1101 3680 Τὰ
1132 3626 1189 3680 δὲ
1218 3627 1352 3680 ὀστᾶ
1371 3666 1389 3690 ,
1421 3625 1522 3688 τὰς
1551 3642 1692 3695 πραο

108 3720 324 3786 κτικὰς,
369 3722 447 3783 ὼς
496 3718 712 3791 ισχυρὰ,
763 3718 1071 3789 νοήσωμεν.
1117 3719 1338 3789 Ἐπειδὴ
1383 3717 1442 3771 δὲ
1489 3717 1551 3770 τὸ
1592 3717 1691 3788 μὲν

109 3811 253 3884 ὓδωρ
299 3815 413 3877 τοῖς
464 3812 719 3881 ὲγκάτοις
762 3810 858 3882 (ὡς
898 3811 957 3864 ὲν
1002 3811 1262 3883 ὑγρότητι
1310 3809 1691 3881 τρεφομένοις)

109 3902 470 3972 κατάλληλον,
509 3901 572 3954 τὸ
604 3901 662 3953 δὲ
706 3900 885 3953 ἔλαιον
921 3902 1035 3964 τοῖς
1069 3900 1281 3964 ὀστέοις
1319 3901 1550 3972 (σφόδρα
1582 3901 1693 3972 γὰρ

110 3994 289 4065 χαίρει
320 3997 388 4066 τῇ
421 3994 490 4046 δι’
526 3992 707 4047 ελαίου
757 3993 979 4062 ἀλοιφῇ)
1004 4008 1019 4025 ο
1053 3992 1281 4057 εἰκότως
1301 3992 1363 4045 τὸ
1403 3992 1550 4066 ὕδωρ
1575 3995 1692 4057 τοῖς

110 4086 385 4152 ὲγκάτοις,
418 4084 481 4137 τὸ
508 4084 687 4138 ἔλαιον
709 4087 823 4148 τοῖς
852 4084 1059 4147 ὀστέοις
1081 4084 1442 4149 ἀποδέδωκεν,
1475 4085 1551 4150 ὡς
1583 4086 1692 4140 δεῖ·

113 4173 197 4238 ξαι
216 4174 410 4245 ὅτιπερ
434 4174 583 4244 αὐτῷ
608 4174 674 4228 τὰ
701 4176 800 4246 τῆς
824 4176 1072 4246 κατάρας
1101 4176 1364 4247 ἥρμοσεν,
1394 4179 1466 4239 ὡς
1491 4177 1693 4231 κατάλ-

112 4263 267 4335 ληλον
299 4266 441 4335 αὐτῇ
480 4264 745 4335 πονηρίαν
778 4264 1193 4334 μεταδιώξαντι.

186 4371 205 4408 t
252 4356 369 4410 Καὶ
402 4354 704 4426 σὺ,Κύριε,
743 4354 969 4427 ποίησον
1001 4357 1120 4426 μετ’
1148 4354 1307 4426 ἐμοῦ.
1350 4376 1369 4408 s

180 4447 414 4518 Εἴρηται
452 4446 734 4513 πολλάκις,
765 4448 848 4501 ὅτι
886 4446 967 4519 τῷ
997 4446 1276 4518 προσώπῳ
1322 4446 1420 4503 τοῦ
1449 4447 1691 4519 Χριστοῦ

1792 1975 1911 2018 etus
1935 1963 2070 2030 luit;
2107 1974 2446 2035 quapropter
2479 1964 2655 2020 dixit:
2691 1963 2877 2019 Tristis
2931 1974 3008 2019 est
3043 1965 3227 2019 anima
3271 1981 3387 2019 mea

1792 2072 1956 2125 usque
1982 2058 2053 2111 ad
2076 2067 2297 2112 mortem
2321 2058 2362 2111 ³.

1866 2148 2029 2205 Vens.
2056 2150 2141 2204 18.
2190 2169 2209 2201 ι
2242 2148 2309 2204 Ει
2341 2149 2531 2204 dilexit
2564 2147 3029 2204 maledictionem.
3066 2167 3087 2203 ι

1863 2241 2093 2308 Qualem
2126 2256 2324 2311 nempe
2350 2240 2581 2305 audivit,
2611 2241 2833 2311 quando
2862 2241 2969 2312 ipsi
3017 2240 3385 2311 proditionem

1793 2336 2076 2391 meditanti
2106 2334 2436 2406 Unigcnitus
2484 2334 2643 2400 dixit,
2685 2335 2858 2389 Filius
2905 2336 3117 2405 quidem
3163 2335 3387 2389 hominis

1794 2427 2062 2482 traditur:
2087 2424 2276 2480 bonum
2296 2434 2475 2479 autem
2492 2433 2608 2479 erat
2622 2426 2689 2488 ei,
2709 2425 2754 2478 si
2772 2433 2929 2479 natus
2960 2440 3063 2478 non
3087 2424 3269 2497 {uisset
3291 2424 3388 2478 lto-

1794 2536 1880 2573 nto
1905 2518 1996 2573 ille
2019 2518 2061 2573 ⁸.

1870 2630 1889 2663 ι
1921 2612 1986 2666 Et
2012 2610 2183 2664 noluit
2203 2609 2672 2665 benedictionem.
2724 2628 2743 2661 ι

1866 2702 2308 2759 Bcnedictioncm
2331 2701 2586 2773 intelligit
2612 2702 3013 2771 apostolorum,
3034 2716 3200 2771 quam
3227 2699 3389 2757 Chri-

1795 2804 1912 2849 stus
1935 2791 2068 2862 ipsis
2093 2791 2382 2862 promisit:
2424 2791 2589 2845 Amcn
2622 2792 2738 2844 dico
2771 2792 2930 2856 vobis,
2962 2791 3101 2861 quod
3159 2808 3268 2858 vos,
3298 2793 3389 2863 qui

1793 2886 1954 2939 secuti
1976 2886 2099 2940 estis
2134 2902 2236 2948 me,
2259 2885 2505 2938 scdebitis
2525 2900 2683 2954 super
2721 2886 2866 2938 sedes
2912 2884 3211 2951 duodecim,
3235 2886 3388 2954 judi-

1795 2987 1970 3031 cantes
1998 2976 2269 3031 duodecim
2299 2977 2466 3029 tribus
2502 2974 2677 3030 Israel
2706 2977 2749 3031 '.

1871 3090 1890 3121 ι
1932 3070 1998 3123 Et
2025 3069 2205 3123 induit
2232 3068 2697 3123 maledictionem.
2734 3088 2753 3120 ι

1868 3161 1995 3217 Hac
2021 3161 2169 3216 enim
2197 3161 2435 3216 hominis
2465 3160 2723 3215 interiora
2761 3168 2931 3227 sunt;
2971 3162 3045 3217 ita
3071 3174 3132 3217 ut
3165 3162 3388 3217 intesti-

1793 3271 1861 3309 na
1892 3255 2112 3325 quidem
2143 3255 2253 3307 sint
2277 3254 2571 3307 rationales
2617 3255 2818 3309 anima:
2861 3256 3113 3321 virtutes,
3145 3256 3392 3327 quando-

1792 3347 2013 3418 quidem
2036 3346 2297 3401 intestina
2327 3359 2438 3399 non
2470 3346 2726 3400 eumdem
2768 3348 2952 3402 cibum
3002 3348 3265 3410 retinent,
3296 3348 3391 3403 sed

1794 3439 1956 3492 modo
1988 3437 2209 3507 quidem
2234 3436 2387 3490 illum
2413 3435 2740 3505 suscipiunt.
2775 3437 2939 3492 modo
2968 3453 3099 3493 vero
3126 3439 3389 3510 ejiciunt;

1794 3531 1936 3586 sicut
1961 3531 2128 3585 etiam
2157 3528 2518 3599 cogitationes
2550 3527 2745 3583 iisdem
2776 3529 2945 3584 rebus
2988 3531 3218 3585 minimc
3251 3531 3392 3586 insi-

1794 3630 1966 3687 stunt,
1994 3619 2088 3675 sed
2130 3620 2348 3674 assidue
2372 3624 2677 3673 mutantur.
2705 3616 2841 3675 Ossa
2868 3636 3022 3684 vero,
3054 3630 3241 3691 utpote
3272 3638 3392 3692 qua:

1795 3712 1949 3768 ﬁrma
1979 3712 2111 3777 sint,
2144 3712 2373 3767 virtutes
2394 3712 2662 3781 practicas
2696 3711 3086 3783 intelligemus.
3118 3712 3389 3779 Quoniam

1795 3820 1933 3875 aqua
1959 3804 2182 3875 quidem
2208 3802 2484 3858 intestinis
2508 3804 2590 3872 (ut
2620 3818 2741 3872 qua:
2791 3803 3019 3857 humore
3049 3804 3388 3875 nutriantur)

1795 3896 1975 3952 oleum
2027 3911 2158 3951 vero
2194 3894 2409 3950 ossibus
2445 3894 2675 3964 quadrat
2728 3894 2866 3965 (inec
2912 3895 3059 3949 enim
3116 3896 3222 3951 olei
3280 3912 3389 3950 uu-

1794 3990 1976 4044 ctione
2005 3986 2301 4057 plurimum
2332 3985 2633 4057 gaudent);
2677 3987 2874 4041 merito
2918 4003 3113 4058 aquam
3166 3988 3389 4043 intesti-

1794 4081 1900 4147 nis,
1934 4080 2115 4135 oleum
2146 4094 2276 4134 vero
2303 4078 2522 4134 ossibus
2556 4079 2826 4143 attribuit,
2859 4079 2928 4134 ad
2978 4079 3381 4135 ostendendum

1793 4173 1896 4241 ipsi
1932 4182 2244 4242 competere
2292 4170 2719 4235 exsecrationes,
2752 4180 2940 4241 utpote
2973 4172 3124 4227 hisce
3182 4188 3383 4229 convc-

1794 4266 2041 4321 nientem
2070 4265 2334 4319 malitiam
2357 4264 2719 4319 consectanti.

1863 4356 2027 4413 Vens.
2061 4357 2151 4412 2|.
2193 4374 2212 4407 ι
2244 4357 2311 4410 Ει
2340 4365 2419 4421 ιιι,
2455 4354 2702 4418 Domine,
2729 4353 2814 4409 lac
2843 4369 3082 4413 mecum.
3113 4374 3133 4407 ι

1864 4447 2252 4520 Saepenumero
2280 4446 2485 4502 dictum
2517 4454 2620 4512 est,
2654 4461 2904 4517 persona:
2928 4445 3134 4501 Christi
3159 4446 3385 4502 humilia

114 4540 375 4611 ἁρμόττει
408 4540 477 4594 τὰ
520 4542 755 4595 ταπεινὰ
803 4540 890 4595 διὰ
928 4542 1028 4611 τὴν
1065 4538 1465 4612 ἁνθρωπότητα
1500 4557 1514 4571 ο
1555 4540 1690 4596 ἀλλὰ

1795 4554 2096 4611 congruere
2140 4547 2366 4609 propter
2417 4536 2854 4602 humanitatem;
2889 4544 3269 4591 verumtamen
3326 4543 3387 4589 ut

116 4632 211 4685 καὶ
235 4633 381 4688 οὓτω
404 4633 471 4687 τὰ
505 4632 686 4704 ὑψηλὰ
727 4635 840 4697 τοῖς
868 4636 1150 4699 ταπεινοῖς
1178 4633 1557 4697 συνέζευκται.
1598 4633 1690 4686 Εἰ-

1794 4632 1875 4687 sic
1911 4631 2077 4686 etiam
2103 4629 2358 4685 sublimia
2387 4645 2512 4684 cum
2561 4627 2864 4683 humilibus
2894 4627 3189 4696 conjuncta
3233 4636 3382 4682 sunt.

116 4722 232 4776 πὼν
274 4725 406 4796 γὰρ,
462 4725 735 4793 Ποίησον
768 4724 898 4795 μετ’
918 4725 1088 4794 ἐμοῦ,
1119 4724 1464 4795 προσέθηκεν
1485 4724 1690 4778 ἕνεκεν

1793 4722 1926 4778 Nam
1953 4738 2080 4778 cum
2101 4722 2327 4777 dixisset
2364 4720 2473 4776 Fac
2499 4737 2722 4783 mecum,
2755 4718 3005 4789 adiunxit
3032 4730 3247 4788 propter
3286 4734 3383 4771 ηυ-

116 4814 219 4868 τοῦ
251 4816 545 4885 ὀνόματός
574 4828 692 4870 σου
719 4854 736 4879 ,
768 4815 957 4869 ἕνεκεν
980 4817 1081 4885 τῆς
1109 4814 1251 4885 ὲμῆς
1272 4813 1451 4879 ἀξίας.
1485 4816 1690 4886 Ὅνομα

1793 4832 1912 4872 men
1941 4823 2111 4880 tuum,
2145 4820 2366 4885 propter
2396 4826 2575 4867 meam
2599 4810 2940 4884 dignitatem.
2983 4808 3193 4865 Nomen
3223 4809 3372 4863 enim

117 4904 226 4978 γὰρ
253 4908 345 4961 τοῦ
381 4908 593 4979 Πατρδς
627 4909 656 4961 ὀ
680 4908 808 4971 rte;
830 4923 843 4937 ·
876 4906 1067 4976 διόπερ
1110 4908 1224 4971 καὶ,
1267 4907 1694 4977 Εὐλογημένος

118 5000 152 5051 ὀ
180 4999 497 5071 ἐρχόμενος
534 5000 606 5055 ἐν
633 5002 879 5071 ὀνόματι
904 5001 1127 5068 Κυρίου
1158 5000 1411 5069 λέγεται,
1462 5000 1538 5064 ὼς
1581 5001 1695 5064 ῐσος

120 5090 268 5161 αὐτῷ
316 5092 602 5164 τυγχάνων
657 5091 751 5146 καὶ
801 5092 1242 5163 ἀπαράλλακτος,
1289 5093 1383 5146 καὶ
1417 5092 1504 5147 διὰ
1532 5092 1695 5147 τοῦτο

120 5179 212 5234 τοῦ
256 5183 470 5255 Πατρός
501 5182 906 5255 ἀναλαμὸάνων
953 5183 1016 5236 τὸ
1052 5182 1243 5254 ὄνομα.
1286 5185 1397 5238 Καὶ
1436 5186 1486 5237 εἰ
1515 5184 1696 5249 οὓτως

122 5271 273 5337 ἀξίας
295 5274 501 5344 ἔχεται,
517 5275 662 5339 τίνος
691 5277 851 5348 χάριν
869 5274 1386 5347 προσεύχεταιςὈτι
1405 5276 1694 5345 χρηστὸν,

125 5366 278 5433 φησὶ,
312 5368 379 5422 τὸ
402 5368 574 5434 ἔλεός
607 5384 724 5423 σου
758 5384 773 5400 ·
814 5367 963 5431 ἔλεος
994 5368 1159 5421 πάλιν
1187 5368 1282 5421 τοῦ
1314 5367 1526 5439 Πατρὺς
1566 5369 1694 5420 ἐαυ-

124 5454 213 5507 τὸν
259 5457 439 5512 καλῶν
471 5474 485 5488 ·
519 5458 668 5522 ἔλεος
702 5458 802 5530 μὲν
836 5456 1024 5530 ἐπειδὴ
1057 5457 1146 5511 διὰ
1175 5458 1274 5528 τῆς
1300 5457 1465 5510 αὐτοῦ
1489 5472 1689 5529 παρου-

130 5546 243 5612 σίας
272 5550 586 5622 ἠλεήθημεν
606 5566 620 5581 ·
657 5551 802 5615 ἔλεος
822 5551 880 5605 δὲ
902 5550 997 5604 τοῦ
1026 5550 1236 5620 [ἰατρὸς
1272 5549 1517 5612 εἰκότως
1545 5549 1693 5616 γνώ-

131 5654 203 5710 μῃ
228 5641 334 5714 γὰρ
364 5643 530 5698 αὑτοῦ
560 5646 594 5716 ἡ
626 5645 874 5716 σωτηρία
904 5643 1062 5715 ἡμῶν
1091 5644 1430 5717 πέπρακται.
1472 5642 1691 5712 Ἐπειδὴ

194 5777 214 5806 ²
248 5775 435 5835 Matth.
467 5795 586 5848 vni,
610 5778 682 5834 20
713 5787 767 5835 et
789 5777 949 5837 Luca
976 5793 1053 5844 Ix,
1091 5777 1177 5832 58.
1257 5780 1276 5809 ³
1301 5776 1496 5832 Matth.
1530 5792 1642 5841 rm,
1670 5776 1760 5831 58.

134 5859 275 5913 unt,
305 5849 392 5905 54.

1801 4906 1982 4963 Patris
2006 4917 2091 4961 est
2115 4904 2285 4960 Filius
2313 4922 2328 4966 ;
2355 4913 2689 4974 quapropter
2723 4903 2888 4958 etiam
2929 4902 3160 4969 dicitur,
3210 4901 3383 4957 Bene-

1802 5002 1971 5055 dictus
2033 4998 2123 5069 qui
2157 4999 2297 5051 venit
2356 4998 2412 5049 in
2442 4995 2649 5049 nomine
2692 4994 2909 5048 Domini
2942 4995 2999 5059 ‘;
3034 5003 3219 5064 utpote
3278 4992 3384 5064 ipsi

1800 5090 2025 5163 aequalis
2054 5098 2108 5145 et
2146 5086 2605 5145 incommutabilis
2637 5086 2930 5151 cxsistcns,
2966 5097 3132 5156 atque
3177 5087 3384 5142 idcirco

1802 5183 1977 5239 Patris
2010 5197 2210 5237 nomen
2242 5196 2546 5237 assumens.
2586 5182 2748 5251 Atqui
2810 5181 2853 5235 si
2883 5188 3047 5235 tanta:
3103 5180 3386 5252 dignitatis

1805 5275 1897 5339 sit,
1928 5290 2030 5329 cur
2061 5275 2223 5329 orat?
2266 5273 2427 5339 Quia,
2470 5272 2670 5341 inquit,
2695 5272 2869 5325 suat-is
2894 5279 2970 5325 est
3024 5272 3384 5326 misericordia

1802 5373 1892 5416 tua
1923 5380 1941 5417 :
1973 5380 2166 5419 rursus
2205 5362 2561 5433 semetipsum
2596 5361 2773 5417 Patris
2802 5360 3243 5415 miscricordiam
3283 5376 3385 5429 ap-

1800 5456 2044 5526 pellans;
2068 5454 2503 5511 miscricordiam
2536 5455 2778 5524 quidem,
2811 5453 2941 5523 quia
2964 5467 3060 5523 per
3094 5452 3217 5521 ejus
3240 5467 3384 5522 pra:-

1799 5548 2029 5604 sentiam
2058 5548 2338 5605 consecuti
2368 5563 2558 5602 sumus
2580 5545 3008 5601 miscricordiam
3034 5562 3049 5609 ;
3082 5542 3258 5599 Patris
3285 5557 3384 5597 au-

1804 5652 1909 5697 tem
1968 5641 2416 5702 miscricordiam.
2458 5641 2583 5711 quia
2640 5640 2898 5694 nimirum
2960 5638 3078 5709 ejus
3104 5636 3385 5694 voluntate

1859 5776 1879 5807 ⁸
1908 5776 2100 5836 Matth.
2132 5793 2281 5843 xxvi,
2322 5778 2412 5832 ‘34.
2519 5780 2537 5808 "
2570 5776 2757 5831 Matth.
2800 5790 2909 5840 XIX,
2942 5773 3033 5831 ‘38.
3133 5776 3155 5807 ⁸
3195 5773 3359 5829 Matth
