4156 6452
761 375 902 442 1319

1957 377 2323 437 UESYCHII
2365 377 2460 437 PR
2475 375 2841 439 ESBYTERI

3940 379 3957 439 1
3972 376 4058 437 Η)

758 491 907 547 salus
934 499 1121 545 nostra
1153 497 1369 559 peracta
1400 499 1500 547 cst.
1535 487 1670 543 Cum
1719 488 1883 558 igitur
1915 498 2019 542 tam
2086 491 2344 558 benignus

2458 491 2640 543 τοίνυν
2687 492 2833 546 οὕτω
2884 497 3121 566 χρηστός
3165 498 3299 566 εἰμι,
3345 499 3486 552 ὥστε
3517 497 3612 550 καὶ
3637 498 3936 569 ἄνθρωπε
3973 501 4048 549 5:5.

760 581 887 643 sim,
918 591 978 634 ut
1007 581 1170 634 etiam
1201 587 1425 649 pr0ptcr
1459 579 1746 633 hominum
1813 583 2350 637 commiserationem

763 671 926 722 homo
969 667 1142 722 factus
1165 669 1382 733 fuerim,
1412 668 1497 722 fac
1528 683 1762 722 mecum.
1799 670 1964 724 Decet
1985 672 2131 725 enim
2168 672 2352 726 incar-

761 769 949 811 natum
976 757 1380 827 quodammodo
1413 773 1588 820 orare,
1625 769 1678 811 ct
1730 760 1991 814 auxilium
2023 776 2056 816 a
2097 762 2208 816 Deo
2258 780 2354 832 po-

762 851 986 914 stulare,
1033 860 1197 920 atque
1252 852 1477 905 humilia
1517 866 1822 917 assumere,
1853 868 1976 922 quae
2029 865 2354 924 competunt

765 944 1114 998 humanitati.

835 1035 1003 1090 Vsus.
1039 1037 1128 1090 2‘2.
1203 1054 1223 1088 ι
1263 1036 1454 1091 Libera
1484 1051 1592 1102 me,
1640 1038 1765 1107 quia
1811 1053 2020 1108 egenus
2058 1049 2115 1094 et
2148 1056 2354 1111 pauper

763 1143 908 1181 sum.
948 1147 967 1180 ι

836 1219 1142 1286 Egestatem
1193 1232 1344 1272 suam
1399 1218 1760 1271 voluntariam
1818 1219 2096 1288 appellat,
2147 1222 2354 1274 scilico‘t

766 1309 1196 1364 liumiliatiunem
1224 1328 1240 1375 ;
1282 1320 1658 1379 paupertatem
1687 1327 1880 1365 rursus
1929 1313 2228 1381 propriam,
2256 1313 2354 1368 Ju-

763 1402 1005 1455 dteoruut
1061 1402 1507 1456 inobedientiam.
1540 1404 1679 1457 Cum
1712 1404 1860 1456 enim
1902 1404 2075 1472 ipsius
2123 1404 2352 1475 ﬁgmen-

766 1501 881 1544 tum
910 1502 1094 1546 essent
1124 1507 1346 1561 propter
1372 1510 1592 1548 carnem
1625 1509 1691 1548 ex
1746 1495 1812 1549 iis
1841 1505 2205 1562 assumptum,
2254 1513 2349 1550 uc-

764 1585 1002 1639 ccssario
1047 1585 1262 1640 illorum
1319 1601 1560 1640 errorem
1593 1601 1746 1641 suam
1787 1596 2005 1656 reputat
2059 1599 2352 1657 paupeita-

768 1685 895 1728 tem.
1621 1662 1630 1676 ’

839 1765 997 1820 Vens.
1032 1766 1120 1820 2‘5.
1160 1785 1178 1818 ι
1216 1766 1368 1822 Sicut
1400 1768 1590 1822 umbra
1620 1783 1744 1822 cum
1776 1769 2032 1824 declinat.
2076 1788 2094 1821 ι

838 1856 963 1909 Sole
994 1857 1060 1910 ad
1098 1872 1350 1913 occasum
1383 1869 1661 1929 vergente,
1688 1860 1880 1914 umbra
1910 1860 2028 1929 ejus
2051 1860 2346 1930 plurimum

763 1950 1033 2014 declinat;
1064 1951 1182 2020 ipso
1234 1962 1416 2006 autem
1480 1955 1859 2018 occuiubente,
1905 1954 2020 2006 haec
2051 1954 2215 2006 etiam
2270 1954 2348 2006 si-

765 2043 878 2095 mul
909 2043 1039 2097 abit.
1068 2043 1299 2108 Quando
1343 2045 1506 2113 igitur
1545 2046 1749 2098 malitia
1781 2045 2132 2109 redundavit,
2163 2046 2235 2100 ita
2293 2056 2351 2100 ut

766 2151 935 2203 genus
967 2137 1264 2190 humanum
1299 2138 1462 2191 etiam
1494 2138 1758 2192 adversus
1784 2138 1962 2207 ipsum
2020 2138 2210 2202 Deum,
2247 2141 2351 2193 sci-

767 2227 891 2282 licet
930 2229 1230 2291 Christum,
1297 2245 1494 2284 manus
1523 2231 1786 2294 elevaret,
1821 2239 1951 2285 tunc
2005 2230 2254 2285 Christus
2319 2248 2350 2285 θ

765 2320 945 2373 medio
997 2321 1222 2386 tollitur,
1249 2331 1305 2376 et
1360 2332 1589 2377 mortem
1652 2323 1909 2387 sustinet,
1941 2332 2002 2377 ut
2051 2323 2253 2376 malitia
2297 2333 2352 2378 et

765 2421 1046 2479 peccatum
1081 2413 1520 2491 ntortiﬁcaretur,
1557 2423 1617 2468 ut
1645 2413 1845 2467 Paulus
1873 2414 1988 2478 ait;
2026 2412 2163 2478 Quia
2205 2426 2350 2468 vetus

765 2505 914 2557 homo
937 2517 1106 2560 noster
1135 2505 1294 2560 simul
1313 2508 1592 2574 cruciﬁxus
1627 2516 1700 2560 cst
1721 2508 1762 2572 ⁷,
1797 2517 1901 2561 etc.

837 2594 997 2650 Vens.
1021 2598 1107 2653 24.
1149 2616 1166 2648 ι
1191 2597 1378 2651 Genua
1409 2613 1524 2651 mea
1552 2597 1825 2652 infirmata
1849 2607 1998 2651 sant.
2031 2615 2049 2648 ι

833 2688 971 2741 Cum
999 2688 1254 2758 fatigatus
1285 2704 1350 2742 ex
1377 2689 1573 2743 itinere
1606 2691 1648 2752 ⁸,
1680 2698 1738 2742 ιιι
1763 2689 1938 2757 inquit
1962 2687 2224 2754 Joannes,
2261 2704 2348 2743 sc-

764 2781 906 2834 derit
929 2779 1200 2845 Christus,
1232 2781 1310 2834 nil
1330 2780 1548 2846 mirum,
1585 2783 1627 2834 si
1654 2782 1815 2835 etiam
1846 2797 1911 2836 ex
1937 2781 2150 2850 jejunio
2174 2797 2348 2852 genua

765 2873 884 2940 ejtts
945 2873 1335 2928 iulirmentur:
1395 2874 1460 2928 ad
1516 2875 1698 2928 carnis
1762 2873 1908 2927 enim
1934 2888 2096 2942 quam
2135 2865 2351 2928 assum-

766 2974 948 3034 pscrat
982 2965 1358 3033 probationem
1391 2966 1629 3020 humana
1660 2965 1921 3020 sustinuit
1961 2965 2164 3035 absque
2219 2981 2348 3036 pec-

764 3066 886 3111 cato
920 3057 964 3110 '.

838 3147 998 3204 Vsus.
1026 3150 1118 3204 25.
1182 3166 1202 3201 ι
1229 3149 1300 3204 Ει
1341 3163 1442 3219 ego
1493 3148 1670 3203 lactus
1721 3162 1843 3202 sum
1889 3148 2247 3217 opprobrium
2279 3149 2344 3204 il-

767 3238 854 3294 iis.
893 3257 912 3289 ι

838 3330 963 3385 Haec
1008 3330 1076 3384 ad
1125 3330 1361 3383 litteram
1418 3327 1685 3384 accidisse
1735 3326 2026 3384 Matthaaus
2078 3331 2343 3386 tradidit:

769 3420 1142 3475 Prctereuntes
1175 3429 1355 3474 autent
1409 3418 1846 3485 blasphemabant
1892 3435 2033 3485 eum,
2087 3432 2347 3476 moventes

765 3513 942 3580 capita
971 3529 1090 3577 sua,
1119 3520 1167 3564 et
1194 3512 1465 3564 dicentes:
1516 3508 1618 3562 Vala
1675 3509 1766 3577 qui
1815 3509 2042 3563 destruis
2098 3513 2347 3577 templum

765 3601 884 3664 Dei,
909 3611 957 3656 et
979 3605 1034 3655 in
1061 3601 1234 3654 triduo
1255 3599 1391 3653 illud
1411 3598 1724 3666 rewdiﬁcas,
1773 3597 1923 3652 salva
1963 3601 2293 3668 temetipsum
2325 3617 2345 3657 :

763 3692 823 3747 St'
857 3692 1030 3746 Filius
1055 3693 1150 3746 Dei
1183 3707 1258 3757 es,
1301 3689 1554 3744 descende
1601 3689 1665 3741 de
1688 3703 1860 3747 cruce.
1897 3697 1952 3741 ut
1980 3688 2274 3758 videamus,
2297 3700 2346 3744 et

764 3787 1036 3840 credamus
1071 3785 1134 3838 “.

834 3876 996 3934 Vsus.
1025 3877 1115 3932 26.
1155 3896 1176 3928 ι
1199 3877 1408 3947 Adjuva
1441 3889 1548 3939 me,
1576 3873 1826 3938 Domine,
1860 3873 2007 3928 Deus
2032 3888 2207 3928 meus.
2249 3892 2267 3925 ι

831 3969 1083 4023 Nostram
1103 3983 1264 4039 opem
1293 3983 1357 4023 ac
1397 3968 1632 4023 salutem
1683 3981 1836 4021 suam
1874 3973 2112 4036 reputat,
2153 3974 2342 4035 utpote

762 4062 1028 4116 mediator
1079 4070 1136 4115 et
1193 4060 1439 4130 pontifex
1488 4068 1679 4114 noster
1727 4058 1797 4112 ad
1849 4055 2063 4112 Patrem
2120 4057 2342 4112 lactus:

760 4163 1092 4224 quapropter
1122 4153 1336 4208 Patrem
1364 4161 1524 4208 vocat
1555 4152 1723 4206 etiam
1756 4150 2046 4204 Dominum
2075 4164 2140 4204 ac
2173 4148 2344 4204 Deum

761 4261 920 4300 suum
948 4263 961 4298 :
994 4245 1139 4314 quod
1171 4245 1372 4300 nostris
1419 4245 1585 4298 etiam
1644 4242 1899 4312 personis
1924 4240 2197 4311 congruit.
2230 4239 2346 4294 Hoc

758 4346 940 4390 autem
972 4337 1284 4391 mediatoris
1326 4345 1488 4405 atque
1511 4333 1788 4404 pontiﬁcis
1814 4333 2095 4403 proprium
2135 4342 2239 4396 est,
2284 4341 2344 4387 ut

758 4436 998 4482 assumat
1021 4442 1279 4498 personas
1302 4441 1494 4482 eorum
1522 4441 1624 4497 pro
1648 4426 1848 4495 quibus
1876 4424 2147 4480 sacriﬁcat
2166 4434 2223 4478 et
2253 4424 2341 4478 iu-

760 4520 988 4664 ωᾞιέιξιε.
1024 4610 1113 4664 27.
1152 4630 1170 4662 ι
1207 4609 1272 4663 Ει
1301 4609 1476 4664 sciant
1501 4608 1626 4677 quia
1656 4621 1856 4662 munus
1878 4615 1969 4662 tua
1999 4607 2136 4664 haec.
2173 4626 2190 4658 ι

818 4701 1046 4766 Qualem
1074 4718 1203 4756 vero
1231 4717 1451 4755 manum
1481 4700 1654 4754 dicit?
1718 4697 1919 4768 Utique
1957 4698 2335 4767 diSpensatio-

752 4804 879 4843 nem
917 4791 1098 4845 crucis
1126 4806 1190 4845 ac
1219 4789 1638 4844 resurrectionis
1670 4804 1767 4858 per
1824 4803 2047 4841 manum
2083 4788 2186 4842 hoc
2216 4789 2335 4844 loco

751 4879 1037 4950 signiﬁcat.
1065 4881 1202 4934 Cum
1232 4881 1378 4934 enim
1407 4896 1602 4950 magna
1653 4880 1915 4933 miracula
1951 4880 2125 4934 soleat
2145 4879 2335 4949 appel-

752 4971 864 5025 lare
888 4971 1116 5039 digitum
1147 4971 1265 5033 Dei,
1303 4980 1359 5026 et
1403 4971 1814 5040 comparatione
1868 4985 2063 5024 eorum
2097 4985 2220 5039 qua
2247 4969 2334 5024 di-

751 5072 837 5118 cta
859 5073 1005 5130 sunt,
1027 5080 1152 5118 cum
1209 5064 1504 5118 maximum
1575 5065 1647 5119 sit
1693 5064 2018 5117 miraculum
2045 5062 2223 5116 crucis
2271 5077 2334 5117 ac

750 5157 1190 5220 resurrectionis,
1217 5157 1531 5212 necessario
1557 5155 1689 5209 illud
1716 5171 1942 5209 manum
1961 5155 2135 5225 ipsam
2154 5164 2331 5209 vocat.

751 5243 868 5298 Hoc
893 5245 1084 5315 utique
1113 5245 1228 5299 vult
1249 5246 1412 5300 etiam
1443 5246 1693 5301 homines
1718 5259 2037 5315 agnoscere,
2076 5252 2134 5298 ut
2155 5244 2332 5299 sciant

748 5336 1007 5406 quoniam
1041 5337 1157 5407 ipse
1191 5337 1318 5392 fecit
1339 5355 1459 5394 eam
1494 5342 1584 5395 :id
1640 5347 1744 5407 est,
1771 5343 1917 5411 quod
1962 5342 2246 5396 voluntate
2277 5352 2332 5396 et

749 5430 1093 5498 neneplacito
1123 5431 1242 5500 ejus
1271 5431 1408 5485 facta
1430 5433 1521 5497 sit,
1545 5431 1799 5488 utPatris
1833 5434 2065 5503 Filiique
2094 5448 2329 5487 consen-

751 5520 955 5573 tionem
1013 5521 1310 5587 discentes,
1369 5523 1567 5578 divina:
1604 5525 1934 5596 cognitionis
2005 5525 2328 5594 mysterium

748 5611 1071 5682 percipiant.

2455 583 2554 653 τὴν
2582 585 2718 655 πρὸς
2744 587 3066 658 ἀνθρώπους
3093 592 3394 661 γενομένην
3426 592 3800 661 συμπάθειαν,
3828 594 4047 659 ποίησις

2459 678 2577 748 μετ’
2604 678 2762 748 ἐμοῦ.
2797 681 3005 752 Πρέπει
3038 682 3146 752 γάρ
3174 701 3287 746 πως
3312 685 3650 755 σαρκωθέντι
3681 685 3783 738 καὶ
3818 689 4049 753 προσεύ-

2456 771 2668 840 χεσθαι,
2701 773 2798 825 καὶ
2837 775 3100 844 βοήθειαν
3131 778 3303 830 αἰτεῖν
3331 777 3483 848 παρά
3509 777 3644 830 Θεοῦ
3667 817 3682 842 ,
3711 778 3814 830 καὶ
3847 779 3920 831 τὰ
3961 795 4049 830 ται

2457 863 2620 916 πεινά
2678 865 3123 936 ἀναλαμϐάνειν,
3195 869 3298 923 ὅσα
3347 872 3412 941 τῇ
3472 868 3875 941 ἀνθρωπότητι
3928 872 4050 940 πρέ-

2456 972 2651 1009 ποντα.

2494 1072 2499 1076 ι
2530 1064 2549 1097 ι
2600 1045 2790 1100 Ῥῦσαί
2828 1065 2917 1119 με,
2949 1049 3032 1102 ὅτι
3057 1051 3273 1120 πτωχὸς
3306 1054 3399 1104 καὶ
3429 1055 3600 1124 πένης
3620 1055 3763 1124 εἰμί.
3818 1072 3838 1106 s

2527 1139 2812 1208 Πτωχείαν
2845 1141 3013 1194 αὐτοῦ
3042 1143 3140 1212 τὴν
3172 1145 3419 1198 ἑκούσιον
3474 1147 3930 1217 προσαγορεύει,
3965 1144 4049 1214 δη-

2455 1227 2631 1281 λονότι
2676 1231 3010 1285 ταπείνωσιν
3045 1249 3057 1261 ·
3111 1235 3305 1287 πενίαν
3349 1235 3512 1289 πάλιν
3563 1237 3736 1302 ἰδίαν,
3798 1237 3906 1307 τὴν
3953 1238 4044 1287 τῷ.

2469 1320 2739 1373 Ἰουδαίων
2789 1326 3098 1394 παρακοήν.
3159 1325 3220 1378 Ei
3265 1328 3373 1398 γὰρ
3416 1327 3581 1380 αὑτοῦ
3631 1330 3874 1396 πλάσμα
3920 1322 4044 1396 ἧσαι.

2454 1410 2543 1462 διὰ
2586 1412 2684 1481 τὴν
2737 1412 2795 1477 ἐξ
2846 1414 3027 1468 αὐτῶν
3082 1415 3383 1484 ληφθεῖσαν
3444 1419 3664 1489 σάρκα,
3726 1419 4050 1486 ἀναγκαίως

2454 1501 2621 1554 αὑτοῦ
2655 1506 2846 1557 πενίαν
2875 1507 2973 1576 τὴν
3007 1508 3234 1561 ἐκείνων
3265 1509 3474 1575 πλάνην
3496 1511 3803 1580 λογίζεται.

2531 1612 2548 1643 ι
2600 1595 2744 1648 Ὠσεὶ
2785 1597 2913 1650 σκιά
2945 1600 3002 1652 ἐν
3030 1599 3109 1670 τῷ
3135 1600 3386 1655 ἐκκλῖναι
3415 1603 3607 1674 αὑτήν.
3645 1621 3666 1655 s

2542 1685 2603 1738 Ἢ
2635 1686 2731 1739 τοῦ
2764 1688 2914 1758 ἡλίου
2949 1692 3077 1744 σκιὰ
3107 1694 3245 1763 πρὸς
3271 1693 3504 1762 δυσμαῖς
3536 1696 3702 1748 αὐτοῦ
3731 1698 4046 1764 γεγονότος.

2453 1780 2546 1831 ἐπὶ
2579 1781 2714 1834 πολὺ
2742 1781 3004 1837 κλίνεται·
3032 1784 3293 1850 δύναντος
3318 1788 3375 1840 δὲ
3413 1788 3604 1853 αὐτοῦ,
3632 1791 3728 1843 καὶ
3759 1790 3908 1859 αὐτὴ
3939 1807 4045 1842 συδιι

2459 1873 2781 1944 απέρχεται.
2839 1876 2969 1930 Ὅτε
3012 1879 3254 1949 τοίνυνξή
3291 1881 3461 1935 κακία
3495 1882 3874 1947 ἐπλεόνασεν,
3915 1884 4046 1935 ὥστε

2456 1965 2550 2017 καὶ
2579 1967 2700 2017 κατ’
2728 1966 2893 2020 αὑτοῦ
2933 1969 3027 2022 τοῦ
3049 1969 3210 2035 Θεοῦ,
3237 1971 3441 2043 δηλαδὴ
3473 1974 3567 2027 τοῦ
3627 1974 3906 2043 Χριστοῦ,
3942 1978 4048 2042 χεῖ-

2461 2070 2560 2126 ρας
2608 2057 2812 2128 ἐπᾶραι
2854 2060 2914 2113 τὸ
2951 2061 3109 2129 γένος
3135 2062 3196 2115 τὸ
3220 2064 3586 2134 ἀνθρώπινον,
3621 2066 3748 2118 τότε
3783 2066 4042 2120 ἀνταναι-

2458 2149 2632 2216 ρεῖται
2665 2149 2693 2201 6
2721 2149 2979 2219 Χριστὸς.
3010 2153 3105 2206 καὶ
3151 2154 3415 2223 ὑπομένει
3445 2154 3678 2209 θάνατον
3698 2198 3713 2222 ,
3761 2157 3857 2209 ἶνα
3895 2160 3930 2226 ἡ
3960 2175 4042 2208 xz-

2458 2240 2552 2292 κία
2573 2242 2668 2293 καὶ
2689 2243 2722 2311 ἡ
2748 2242 2994 2313 ἁμαρτία
3024 2245 3296 2316 νεκρωθῇ,
3323 2247 3576 2319 καθάπερ
3607 2249 3835 2311 Παῦλός
3866 2266 4046 2318 φησιν·

2458 2333 2593 2386 Ὅτι
2617 2336 2649 2388 ό
2687 2336 2944 2402 παλαιός
2974 2336 3145 2407 ἡμῶν
3188 2338 3501 2408 ἅνθρωπος
3546 2342 4046 2411 συνεσταυρώθη,

2457 2427 2553 2478 καὶ
2579 2427 2648 2479 τὰ
2679 2427 2827 2496 ἐχῆς.

2534 2537 2552 2570 ι
2590 2520 2671 2572 Τά
2704 2522 2908 2589 γόνατά
2940 2540 3040 2592 μου
3081 2525 3413 2595 ἡσθένησαν.
3455 2545 3472 2579 ι

2532 2612 2594 2665 Εἰ
2623 2614 2977 2678 κεκοπιακὼς
3008 2618 3073 2669 ἐκ
3100 2617 3201 2686 τῆς
3231 2619 3570 2690 ὁδοιπορίας,
3594 2620 3672 2683 ὦς
3689 2638 3834 2692 φησι
3869 2624 4043 2676 Ἱωάν

2455 2719 2575 2773 νης,
2615 2705 2854 2775 κάθηται
2891 2709 2920 2761 6
2950 2709 3208 2778 Χριστὸς,
3251 2711 3405 2764 οὐδὲν
3432 2711 3778 2782 θαυμαστὸν,
3814 2717 3913 2769 καὶ
3955 2717 4052 2769 ὺπῦ

2455 2798 2711 2865 νηστείας
2745 2801 2909 2853 αὑτοῦ
2946 2802 3242 2873 ἀσθενῆσαι
3267 2803 3337 2857 τά
3369 2805 3604 2871 γόναταο
3643 2807 3722 2870 είς
3752 2807 4048 2880 βεϐαίωσιν

2453 2885 2563 2955 γὰρ
2593 2889 2688 2958 τῆς
2717 2891 2922 2959 σαρκὸς
2951 2891 3018 2960 ῆν
3043 2891 3333 2964 ἐσαρκώθη
3367 2894 3630 2965 ὑπέμεινε
3657 2897 3840 2967 χωρὶς
3867 2899 4047 2967 ἁμαρ-

2454 2977 2578 3041 τίας
2610 2979 2682 3031 τά
2711 2981 2809 3032 ἀνθ
2819 2983 3048 3051 ρώπινα.

2532 3089 2550 3120 ι
2585 3070 2757 3140 Κάγὼ
2784 3074 3058 3146 ἐγενήθην
3087 3076 3290 3141 ὄνειδος
3324 3080 3528 3144 αὐτοῖς.
3568 3101 3588 3132 ι

2527 3163 2716 3217 Ταῦτα
2747 3167 2814 3234 τῇ
2840 3166 2984 3233 λέξει
3011 3171 3274 3237 γεγονότα
3301 3172 3583 3236 Ματθαῖος
3605 3175 4012 3244 παραδέδωκεν
4033 3193 4044 3205 ·

2445 3255 2509 3307 οι
2542 3252 2612 3306 δὲ
2656 3261 3210 3329 παραπορευόμενοι
3250 3263 3692 3333 ἐϐλασφήμουν
3721 3267 3949 3329 αὐτὸν,
3975 3287 4045 3319 νι-

2447 3344 2698 3410 νοῦντες
2729 3348 2836 3413 τὰς
2866 3351 3133 3418 κεφαλὰς
3164 3353 3366 3406 αὐτῶν
3385 3392 3402 3416 ,
3431 3355 3530 3407 καί
3559 3355 3880 3424 λέγοντεςο
3903 3360 4042 3412 ora;

2453 3437 2486 3486 ό
2513 3437 2832 3491 καταλύων
2875 3439 2984 3492 τὸν
3022 3444 3176 3494 ναὸν
3220 3443 3325 3496 τοῦ
3358 3443 3508 3498 Θεοῦ
3532 3486 3549 3509 ,
3597 3445 3696 3497 καὶ
3738 3446 3815 3500 ἐν
3851 3450 4048 3516 τρισὶγ

2447 3524 2699 3592 ἡμέραις
2738 3528 3071 3597 οἱκοδομῶν
3111 3533 3335 3598 αὑτὸν,
3375 3533 3586 3590 σῶσον
3622 3542 3941 3595 σεαυτὼη
3989 3546 4046 3595 El

2457 3615 2592 3678 Υἱὸς
2616 3612 2676 3670 εἴ
2701 3618 2808 3671 τοῦ
2833 3620 3002 3682 Θεοῦ,
3027 3623 3315 3691 κατάϐηθι
3340 3625 3463 3691 ἀπὸ
3485 3627 3593 3682 τοῦ
3621 3632 3931 3702 σταυροῦ,
3957 3635 4046 3686 Tm

2449 3705 2669 3776 ιὸωμεν
2691 3709 2789 3763 καί
2819 3712 3263 3783 πιστεύσωμεν.

2525 3901 2545 3933 ι
2592 3882 2867 3954 Βοήθησόν
2899 3903 3010 3956 μοι,
3033 3888 3228 3959 Κύριε,
3257 3891 3287 3942 6
3309 3888 3442 3955 Θεός
3479 3908 3600 3962 μου.
3653 3913 3672 3944 ι

2535 3974 2762 4028 Ἑαυτοῦ
2829 3977 3085 4049 βοήθειαν
3132 3982 3226 4035 καὶ
3287 3985 3565 4054 σωτηρίαν
3609 3986 3710 4058 τὴν
3758 3990 4045 4059 ἡμετέραν

2444 4064 2673 4132 τίθεται,
2725 4068 2801 4130 ὡς
2831 4071 3059 4142 μεσίτης
3097 4073 3255 4141 ἡμῶν
3295 4075 3389 4128 καὶ
3427 4077 3722 4146 ἀρχιερεὺς
3775 4082 3925 4151 πρὸς
3957 4086 4044 4136 τὸν

2446 4156 2666 4226 Πατέρα
2694 4159 2984 4229 γενόμενος
3009 4178 3022 4191 ·
3047 4161 3240 4234 διόπερ
3267 4166 3434 4234 φησὶν
3460 4167 3660 4222 ἐαυτοῦ
3698 4173 3803 4224 καὶ
3834 4174 4042 4244 Κύριον

2447 4249 2542 4301 καὶ
2578 4249 2712 4302 Θεὸν
2761 4252 2854 4303 τὸν
2899 4253 3118 4323 Πατέρα
3150 4271 3164 4286 ·
3193 4255 3222 4308 ὃ
3267 4259 3379 4321 τοῖς
3405 4259 3728 4328 προσώποις
3772 4265 4044 4335 ἁρμόττει

2444 4343 2556 4404 τοῖς
2582 4342 2893 4413 ἡμετέροις.
2937 4345 3110 4399 Τοῦτο
3145 4347 3203 4400 δὲ
3237 4350 3464 4419 μεσίτου
3493 4351 3589 4406 καὶ
3620 4355 3944 4426 ἀρχιερέως
3969 4364 4042 4412 οξ-

2447 4435 2591 4485 κεῖον
2618 4435 3045 4504 ἀναλαμϐάνειν,
3079 4439 3290 4494 τούτων
3323 4443 3467 4515 ὑπὲρ
3503 4437 3580 4498 ὧν
3631 4447 3925 4520 ίερουργεῖ
3957 4456 4044 4506 καὶ

2375 4541 2418 4595 υ
2451 4526 2728 4592 μεσιτεύει
2753 4527 2821 4580 τὰ
2844 4529 3136 4599 πρόσωπα.

2518 4633 2538 4664 ‹
2573 4615 2683 4667 Καὶ
2715 4618 3010 4684 γνώτωσαν
3036 4620 3121 4673 δτι
3148 4624 3180 4693 ἡ
3211 4624 3336 4693 χείρ
3365 4641 3461 4678 σου
3479 4626 3642 4700 αὕτη.
3686 4651 3706 4682 :-

2516 4704 2682 4796 Ποίαν
2713 4705 2771 4758 δὲ
2801 4709 2962 4778 χεῖρα
2995 4709 3182 4778 λέγει;
3220 4713 3392 4782 Δῆλον
3446 4718 3531 4770 ὅτι
3571 4719 3673 4789 τὴν
3707 4724 4040 4796 οἰκονομίαν

2440 4793 2533 4887 τοῦ
2555 4796 2805 4887 ,σταυροῦ
2837 4801 2930 4851 καὶ
2963 4800 3063 4870 τῆς
3097 4804 3450 4869 ἀναστάσεως
3472 4809 3562 4862 διά
3587 4813 3689 4882 τῆς
3728 4793 3932 4887 χειρὸς
3957 4823 4038 4871 ὲν-

2437 4885 2614 4939 ταῦθα
2645 4889 2924 4956 σημαίνει.
2969 4890 3188 4964 Ἐπειδὴ
3231 4896 3340 4968 γάρ
3381 4896 3452 4951 τὰ
3498 4902 3716 4969 μεγάλα
3751 4885 3870 4959 τῶν
3909 4910 4037 4963 θαυ-

2443 4979 2629 5050 μάτων
2659 4978 2779 5070 ἐθος
2816 4981 3079 5062 δάκτυλον
3117 4984 3256 5037 Θεοῦ
3288 4991 3821 5062 προσαγορεύεσθαι,
3871 4999 4041 5070 ἀνατ-

2440 5071 2611 5132 καίως
2670 5069 2807 5140 πρὸς
2840 5071 3129 5143 σύγκρισιν
3148 5074 3258 5126 τῶν
3284 5077 3615 5148 είρημένων,
3642 5084 3836 5156 ἐπειδὴ
3881 5069 4039 5157 pifi-

2444 5177 2567 5213 στον
2599 5162 2813 5232 ὑπῆρχε
2842 5163 2902 5215 τὸ
2929 5163 3117 5234 θαῦμα
3144 5166 3238 5220 τοῦ
3269 5170 3506 5240 σταυροῦ
3541 5173 3637 5224 καὶ
3669 5177 3774 5246 τῆς
3795 5179 4037 5235 ἀναστά-

2443 5269 2601 5316 σεως,
2657 5256 2817 5325 χεῖρα
2865 5255 3037 5326 αὐτὴν
3067 5258 3244 5314 καλεῖ.
3297 5263 3362 5316 '0
3394 5263 3459 5334 δὴ
3517 5267 3613 5318 καὶ
3647 5269 3865 5334 γνῶναι
3915 5279 4036 5338 τοὺς

2439 5342 2764 5414 ἀνθρώπους
2788 5343 3061 5414 βούλεται,
3098 5350 3194 5403 καὶ
3225 5351 3308 5405 ὅτι
3369 5355 3541 5426 αὐτὴν
3577 5357 3842 5430 ἐποίησε·
3884 5382 4036 5419 τουτ-

2441 5434 2778 5498 έστιν,αὐτοῦ
2800 5436 2992 5508 γνώμῃ
3021 5438 3116 5490 καὶ
3141 5440 3358 5514 εὐδοκία
3391 5445 3736 5516 πέπρακται,
3772 5451 3865 5504 ἵνα
3897 5471 4033 5524 cup-

2440 5524 2645 5591 φωνίαν
2681 5526 2892 5596 Πατρδς
2930 5530 3022 5580 καὶ
3059 5530 3190 5583 Υίοῦ
3245 5532 3530 5601 μαθόντες,
3557 5538 3620 5591 τὸ
3657 5539 3758 5610 τῆς
3793 5539 4030 5609 θεογνω-

2444 5617 2565 5680 σίας
2598 5618 2937 5672 παιδευθῶσι
2972 5623 3292 5694 μυστήριον.

815 5785 838 5818 τ
861 5785 1018 5844 Rom.
1069 5804 1141 5853 vt,
1169 5790 1219 5845 6.
1297 5790 1494 5847 ’Joau.
1539 5809 1612 5855 iv,
1653 5795 1702 5848 ϐ.
1780 5796 1801 5826 ’
1834 5795 1999 5850 llchr.
2025 5812 2098 5865 ιν,
2132 5799 2217 5856 l5.
2299 5799 2340 5829 '°
2365 5796 2558 5853 Matth.
2592 5817 2760 5869 xxvu,
2787 5804 2875 5859 59.
