4156 6452
124 348 247 416 1321

188 486 208 519 ι
241 460 662 535 Καταράσονται
682 454 859 513 αὐτοί.
881 472 899 507 ι

185 558 449 628 Κατάραν
495 551 735 608 ἐνταῦθα
785 551 879 603 τὸν
929 545 1164 619 σταυρὸν
1189 545 1381 600 καλεῖ³
1418 543 1610 612 ἐπειδὴ
1641 543 1700 594 ἐν

113 652 190 725 τῷ
216 653 369 722 νόμῳ
406 646 801 720 γεγραμμένον
847 637 953 714 ἦν·
998 638 1466 709 Ἐπικατάρατος
1511 634 1633 700 πᾶς
1667 636 1701 689 ὁ

114 744 493 814 κρεμάμενος
539 739 639 793 ἐπί
685 736 902 803 ξύλου.
930 734 1131 804 Διόπερ
1158 731 1324 786 αὐτὸν
1364 731 1487 784 οὐδέ
1524 727 1703 791 ἄλλως

110 834 497 907 ἀναιρεθῆναι,
525 830 665 885 ἀλλὰ
712 828 803 882 διὰ
834 826 930 881 τοῦ
962 824 1198 898 σταυροῦ
1233 823 1526 896 ἐζήτησαν,
1550 819 1706 891 ὐϐρί-

114 948 206 984 σαι
239 931 306 999 τῇ
332 927 552 998 κατάρᾳ
577 926 646 995 τῇ
686 920 1054 996 γεγραμμένῃ
1082 920 1141 971 ἐν
1163 917 1241 989 τῷ
1264 916 1419 988 νόμῳ
1445 914 1704 986 βουλόμε-

107 1036 222 1075 νοι·
256 1019 377 1089 ἀλλ’
407 1019 556 1087 ὅμως
583 1016 613 1067 ὁ
642 1000 830 1084 [Ῐατὴρ
860 1011 995 1066 αὐτὸ
1026 1011 1108 1073 είς
1145 1007 1399 1076 εὐλογίαν
1425 1004 1702 1073 ἐξέλαϐεν.

19 1118 29 1135 ⁸
109 1113 249 1167 Οὐδὲ
276 1112 389 1180 γὰρ
410 1108 587 1171 ἄλλως
616 1109 666 1161 εἰ
691 1106 767 1178 μὴ
798 1103 890 1158 διὰ
914 1101 1151 1174 σταυροῦ
1180 1101 1437 1172 ἀνέχεται
1466 1113 1706 1170 προσκυ-

1254 334 1721 397 FRAGMENTA
1763 333 1838 391 ΙΝ
1887 334 2247 395 PSALMOS.

1731 453 1774 509 Α
1881 448 2039 504 Vsus.
2072 449 2164 502 28.
2207 468 2224 501 ι
2263 448 2586 504 Maledicent
2621 450 2717 505 illi.
2760 470 2777 502 ι

3254 333 3390 401 1322

1878 539 2225 595 Maledictum
2258 541 2361 596 hoc
2392 542 2512 596 loco
2542 544 2782 612 appellat
2840 557 3100 611 crucem;
3141 545 3392 615 quando-

1803 635 2023 704 quidem
2059 636 2113 690 in
2148 637 2264 707 lege
2293 639 2559 709 scriptum
2614 648 2735 692 erat
2787 656 2801 693 :
2857 639 3170 695 Maledicta:
3224 643 3393 697 omnis

1805 729 1893 798 qui
1922 730 2109 797 pendet
2153 732 2211 784 in
2264 731 2408 802 ligno
2440 732 2505 786 ι’.
2570 732 2779 787 Idcirco
2820 731 3002 802 ipsum
3062 749 3172 788 non
3231 734 3395 790 aliter

1804 833 1968 888 quam
2001 835 2100 891 per
2124 820 2332 891 lignum
2366 820 2686 877 interimere
2712 822 3058 893 quaerebant,
3094 824 3392 880 maledicto

1806 912 1863 967 in
1896 912 2013 984 lege
2035 914 2242 984 scripto
2274 913 2453 984 ipsum
2502 912 2719 970 allicere
2759 915 3048 971 volentes:
3111 928 3389 973 verumta-

1805 1021 1931 1061 men
1962 1004 2122 1061 Pater
2161 1007 2295 1062 illud
2324 1007 2381 1061 in
2411 1005 2854 1062 benedictionem
2882 1008 3175 1064 ordinavit.
3204 1008 3393 1080 Neque

1804 1099 1954 1155 enim
1986 1099 2145 1154 aliter
2169 1116 2334 1170 quam
2390 1116 2491 1172 per
2519 1115 2738 1157 crucem
2783 1101 3021 1156 sustinet
3051 1103 3289 1171 adorari,
3308 1104 3393 1159 vel

104 1204 350 1265 νεῖσθαι,
381 1202 415 1273 ἢ
449 1202 587 1263 ὅλως
618 1197 995 1252 πιστεύεσθαι.

1817 1192 2035 1247 ωηιιίηο
2061 1192 2234 1248 credi.

187 1317 208 1350 ι
241 1298 307 1350 Οἱ
339 1290 771 1363 ὲπανιστάμενοί
804 1306 896 1361 μοι
927 1288 1410 1359 αἰσχυνθήτωσαν.
1441 1304 1460 1339 ι

1882 1300 1902 1333 ι
1936 1281 2041 1348 Qui
2102 1282 2395 1354 insurgunt
2452 1285 2716 1340 adversus
2777 1304 2867 1343 me
2893 1288 3321 1345 confundantur.
3371 1308 3389 1341 ο

179 1387 676 1459 Λίσχυνθήτωσαν,
711 1383 900 1453 φησὶν,
930 1384 978 1435 οἱ
1038 1380 1301 1441 Ἰουδαῖοι,
1335 1379 1426 1431 τὸν
1451 1377 1583 1448 παρ’
1609 1376 1708 1430 αὐ-

1878 1373 2315 1439 Conlundantur.
2344 1378 2543 1447 inquit,
2566 1376 2764 1442 Judaei,
2814 1395 2944 1434 eum
2998 1383 3090 1451 qui
3130 1384 3201 1437 ab
3264 1383 3397 1453 ipsis

103 1483 221 1535 τῶν
248 1478 643 1548 σταυρωθέντα
676 1477 829 1547 παρὰ
852 1474 1073 1527 πάντων
1102 1472 1337 1544 ὁρῶντες
1369 1468 1707 1543 προσκυνού-

1817 1468 2102 1525 cruciﬁxus
2131 1468 2309 1524 fuerat
2342 1471 2410 1525 ab
2440 1470 2701 1526 omnibus
2734 1471 3026 1527 adoratum
3073 1483 3391 1529 cernentes.

106 1588 305 1641 μενον.
348 1569 523 1632 Αὐτὸς
551 1567 610 1621 δὲ
638 1568 701 1620 οὐ
735 1563 994 1619 τοσοῦτον
1015 1562 1106 1617 διὰ
1143 1561 1246 1634 τὴν
1276 1563 1387 1615 τῶν
1437 1560 1709 1614 Ἰουδαίων

1817 1561 1933 1631 Ipse
1966 1568 2148 1615 autem
2180 1576 2290 1615 non
2318 1572 2531 1615 tantum
2566 1574 2795 1633 propter
2822 1561 3140 1619 Iudaeorum
3197 1568 3393 1620 conlu-

101 1665 409 1736 αἰσχύνην,
458 1662 585 1715 ὅσον
628 1659 717 1712 διὰ
772 1657 875 1727 τὴν
923 1653 1200 1727 σωτηρίαν
1231 1653 1331 1722 τῆς
1376 1649 1709 1722 οἰκουμένης

1817 1651 2048 1718 sionem,
2106 1661 2372 1721 quantum
2428 1653 2500 1709 ob
2550 1655 2720 1709 totius
2749 1656 2900 1711 orbis
2946 1657 3181 1712 salutem
3242 1658 3397 1714 ltela-

99 1760 497 1829 εὐφραίνεται.
1736 1813 1776 1829 η
1810 1755 1921 1801 tur.

184 1813 232 1904 ζ’
249 1845 705 1903 Ἐνδυσάσθωσαν
733 1844 783 1898 οἱ
810 1840 1250 1904 ἐνδιαϐάλλοντές
1285 1855 1354 1910 με
1374 1837 1701 1911 ἐντροπὴν.»

1883 1831 2049 1889 Vsus.
2080 1833 2171 1890 29.
2216 1853 2237 1887 ι
2272 1833 2579 1892 lnduantur
2622 1837 2717 1909 qui
2744 1838 3045 1896 detrahunt
3108 1842 3245 1897 mihi
3290 1859 3397 1914 pu-

1812 1926 1965 1982 dore.
2007 1945 2026 1980 ι

1886 2022 2154 2078 Pudorem
2181 2024 2256 2078 ait
2283 2023 2601 2082 Iudaeorum
2627 2026 3033 2086 detrahentium
3061 2040 3118 2087 et
3168 2033 3399 2089 maledi-

1813 2111 2053 2165 centium
2081 2111 2325 2179 Christo,
2344 2116 2493 2186 quod
2524 2116 2785 2173 nimirum
2832 2120 3008 2191 ipsum
3036 2123 3184 2178 cruci
3206 2124 3398 2180 allixe-

1816 2202 1946 2266 rint,
1969 2203 2059 2273 qui
2093 2221 2158 2260 ex
2187 2205 2295 2260 illis
2324 2216 2443 2262 erat
2472 2210 2778 2265 secundum
2810 2228 3055 2280 carnem,
3088 2217 3224 2272 etad
3249 2218 3400 2288 ipsos

1815 2297 2114 2355 servandos
2152 2298 2474 2355 advenerat.
2505 2300 2898 2361 Verumtamen
2945 2306 3094 2364 hunc
3129 2311 3399 2380 pudorem

1816 2387 2084 2457 induunt;
2115 2406 2225 2446 non
2242 2393 2390 2448 enim
2422 2394 2627 2450 factum
2650 2409 2870 2469 negant,
2907 2401 3003 2456 sed
3041 2404 3224 2459 crucis
3263 2404 3399 2461 faci-

1816 2496 1922 2535 nus
1951 2481 2053 2537 sibi
2077 2485 2359 2554 proprium
2396 2487 2702 2543 vindicant.
2732 2490 2948 2547 Dictum
3011 2492 3196 2565 itaque
3222 2500 3401 2569 pudo-

1818 2587 1935 2628 rem
1967 2582 2226 2645 tanquam
2250 2578 2549 2649 diploid-em
2587 2582 2826 2637 induunt
2864 2600 3030 2640 :nam
3059 2603 3223 2659 supra
3260 2592 3399 2646 faci-

1819 2684 1926 2725 nus
1951 2671 2154 2737 erucis,
2177 2672 2324 2742 quod
2352 2674 2523 2729 vestis
2585 2688 2959 2748 nuncupatur,
2987 2692 3187 2753 negant
3249 2686 3401 2741 illum

1818 2774 1917 2830 per
1949 2760 2229 2832 propriam
2288 2764 2750 2821 resurrectionem
2834 2769 3153 2827 universum
3207 2775 3402 2831 orbem

1819 2852 2110 2911 excitasse.
2144 2853 2260 2909 Hoc
2282 2863 2466 2910 autem
2521 2864 2783 2927 tanquam
2804 2858 3004 2930 duplex
3059 2864 3236 2933 pudor
3280 2868 3404 2937 jure

1821 2946 2019 3002 merito
2041 2947 2172 3017 ipsis
2201 2948 2458 3019 diploidis
2485 2949 2871 3007 indumentum
2901 2956 3138 3013 exsistit.

1894 3036 2060 3094 Vsus.
2116 3039 2207 3095 50.
2243 3057 2263 3091 ι
2318 3038 2638 3095 Conﬁtebor
2706 3042 2938 3100 Domino
2986 3048 3151 3104 nimis
3212 3051 3266 3107 in
3310 3069 3405 3109 ore

185 2032 504 2104 Ἐντροπὴν
536 2030 689 2099 λέγει
716 2028 829 2083 τῶν
869 2025 1143 2082 Ἰουδαίων
1175 2022 1285 2077 τῶν
1305 2020 1713 2076 διαϐαλλόντων

97 2128 202 2182 καὶ
245 2123 733 2199 βλασφημούντων
768 2122 859 2177 τὸν
887 2118 1147 2192 Χριστὸν,
1185 2118 1268 2171 ὃτι
1299 2114 1392 2169 τὸν
1422 2116 1482 2182 ἐξ
1532 2113 1714 2168 αὐτῶν

97 2222 241 2276 ὄντα
279 2219 433 2274 κατὰ
461 2219 663 2290 σάρκα,
697 2216 795 2270 καὶ
832 2215 1007 2268 σῶσαι
1030 2212 1231 2275 αὐτοὺς
1262 2209 1487 2263 ἐλθόντα
1521 2204 1714 2260 ὲσταύα

100 2332 323 2388 ρωσαν.
364 2312 510 2366 Ἀλλ’
541 2312 693 2383 ὅμως
720 2307 929 2379 ταύτην
953 2307 1056 2379 τὴν
1080 2303 1353 2376 ἐντροπὴν
1395 2302 1674 2359 ἐνδύονται
1696 2317 1711 2332 ο

94 2408 229 2462 οὐδὲ
279 2405 403 2477 γὰρ
448 2402 743 2477 ἀρνοῦνται
782 2401 845 2454 τὸ
892 2397 1140 2469 γεγονὸς,
1175 2396 1312 2450 ἀλλὰ
1368 2393 1465 2448 καὶ
1506 2392 1713 2463 σφόδρα

96 2499 457 2553 οἰκειοῦνται
480 2494 575 2549 τοῦ
602 2492 842 2565 σταυροῦ
864 2491 926 2545 τὸ
946 2490 1228 2561 τόλμημα.
1262 2489 1376 2560 Τὴν
1402 2486 1535 2557 γοῦν
1560 2486 1714 2555 εἰρη-

102 2595 291 2664 μένην
318 2590 592 2661 αἰσχύνην
617 2588 694 2649 ὼς
718 2585 970 2640 διπλοΐδα
994 2582 1420 2655 περιϐάλλονται
1446 2597 1459 2613 σ
1490 2581 1583 2633 ἐπὶ
1606 2577 1716 2648 γὰρ

95 2685 185 2755 τῷ
214 2683 542 2753 τολμήματι
577 2678 673 2733 τοῦ
706 2675 966 2747 σταυροῦ,
1000 2675 1138 2745 ὅπερ
1170 2670 1385 2743 ἱμάτιον
1428 2670 1714 2741 κέκληται,

96 2777 420 2850 ἀρνοῦνται
454 2773 548 2827 τὸν
578 2771 669 2826 διὰ
712 2770 814 2841 τῆς
846 2768 1058 2834 οἰκείας
1090 2766 1362 2864 ἐγέρσεως
1401 2762 1500 2864 τὴν
1540 2763 1717 2864 (rixata:

102 2870 290 2940 μένην
314 2868 637 2937 ἐγείραντα.
672 2861 842 2916 Τοῦτο
872 2861 929 2914 δέ
952 2859 1140 2921 αὐτοῖς
1161 2858 1237 2921 ὡς
1266 2854 1501 2926 αἰσχύνη
1552 2851 1716 2922 διπλῆ

96 2960 397 3023 διπλοΐδος
430 2958 617 3019 αὐτοῖς
646 2953 874 3015 εἰκότως
902 2948 1251 3021 περιϐόλαιον
1282 2946 1518 3015 γίνεται.

182 3073 205 3105 ι
249 3049 766 3121 Ἐξομολογήσομαι
804 3042 883 3114 τῷ
933 3041 1126 3113 Κυρίῳ
1153 3040 1361 3111 σφόδρα
1406 3041 1466 3093 ἐν
1498 3035 1576 3108 τῷ
1600 3034 1720 3089 στό-

99 3146 250 3221 ματί
283 3161 420 3217 μου.
445 3162 465 3196 ο

1822 3146 1965 3186 meo.
2000 3149 2020 3183 ι

176 3238 385 3308 Στόμα
412 3233 509 3288 τοῦ
534 3230 776 3303 Χριστοῦ
800 3231 834 3301 ἡ
878 3226 1179 3299 Ἐκκλησία
1198 3242 1210 3256 ο
1249 3225 1441 3295 ἐπειδὴ
1480 3224 1575 3278 καὶ
1613 3224 1713 3278 αὐ-

1889 3222 1963 3278 Os
1984 3224 2188 3280 Christi
2212 3235 2297 3281 est
2326 3226 2600 3293 Ecclesia;
2648 3231 3091 3303 quandoquidem
3127 3237 3244 3306 ipse
3273 3254 3409 3307 quo-

97 3334 197 3397 ηὴς
234 3331 420 3400 αὐτῆς
444 3326 655 3397 κεφαλὴ
683 3322 996 3391 ἀναγκαίως
1025 3320 1334 3391 καθέστηκε
1355 3336 1367 3349 ⁸
1387 3318 1478 3372 διὰ
1509 3318 1713 3389 ταύτης

1822 3332 1929 3386 que
1961 3319 2276 3375 necessario
2302 3320 2423 3391 ejus
2443 3334 2607 3392 caput
2638 3325 2978 3381 constitutus
2994 3336 3079 3382 est
3111 3345 3125 3381 :
3155 3332 3408 3400 perhaue

108 3423 301 3477 ςοίνυν
369 3414 877 3489 ἐξομολογήσασθαι
928 3411 1007 3482 τῷ
1066 3410 1245 3482 Πατρὶ
1291 3408 1712 3478 ἐπαγγέλλεται.

1823 3408 1989 3480 igitur
2010 3409 2155 3466 Patri
2182 3413 2430 3467 conﬁteri
2457 3416 2796 3484 perhibetur.
2850 3418 2962 3473 Hoc
2992 3422 3138 3476 enim
3176 3424 3227 3479 id
3260 3427 3404 3493 quod

96 3514 290 3568 Τοῦτο
317 3512 436 3581 γὰρ
455 3512 534 3565 είς
575 3508 877 3577 σαφήνειαν
910 3504 1161 3572 ἐπήγαγε
1196 3502 1257 3552 τὸ
1284 3502 1551 3571 ἑπόμενον

1824 3502 2069 3572 sequitur
2097 3505 2414 3561 declaravit.

191 3624 201 3651 ι
249 3604 349 3655 Ἑν
386 3600 538 3669 μέσῳ
566 3597 778 3650 πολλῶν
810 3595 1009 3649 αἰνέσω
1042 3591 1223 3645 αὐτόν.
1258 3609 1276 3640 ι

1907 3611 1923 3637 ο
1962 3592 2023 3646 in
2047 3595 2230 3650 medio
2252 3597 2443 3651 multm
2458 3614 2547 3652 um
2578 3607 2811 3657 laudabo
2843 3620 2988 3658 eum.
3024 3624 3042 3656 ι

176 3694 411 3750 Οὐκοῦν
444 3693 539 3760 τὴν
579 3689 856 3760 ἡμετέραν
909 3686 1239 3753 δοξολογίαν,
1286 3695 1493 3738 οικειαν
1527 3686 1718 3754 ἐξομο-

100 3792 349 3856 ιὸγησιν
400 3781 407 3789 ’
449 3784 725 3836 τουτέστιν
777 3780 1150 3848 εὐχαριστίαν,
1207 3776 1524 3843 ἀναγκαίως
1578 3776 1716 3830 κατὰ

100 3881 274 3949 λόγον
303 3878 388 3939 ὡς
434 3872 639 3938 ποιμὴν
673 3871 929 3937 ποίμνης.
962 3868 1055 3920 καὶ
1095 3867 1167 3929 ὼς
1202 3868 1426 3935 ἀπαρχὴ
1458 3866 1717 3934 φυράμα-

99 3990 197 4036 ⁴τος
230 3968 467 4025 τίθεται

174 4083 199 4116 ε
235 4065 380 4116 ’Ότι
417 4060 663 4130 παρέστη
694 4074 757 4108 εκ
786 4059 972 4121 δεξιῶν
1004 4069 1257 4123 πενητος.
1286 4070 1301 4101 ι

1900 3685 2333 3758 Nostramigitur
2358 3689 2829 3759 gloriﬁcationem,
2862 3698 3140 3767 propriam
3188 3701 3405 3756 confes—

1827 3780 2056 3836 sionem.
2090 3780 2138 3833 id
2164 3790 2249 3834 est
2269 3781 2563 3851 gratiarum
2583 3785 2877 3853 actionem,
2906 3789 3064 3859 juxta
3094 3805 3406 3847 sermonem

1829 3872 1972 3924 hunc
1994 3874 2307 3926 necessario
2336 3878 2490 3943 ponit
2549 3891 2805 3947 tanquam
2848 3890 3037 3950 pastor
3089 3885 3289 3955 gregis,
3356 3896 3411 3941 et

1828 3971 2082 4032 tanquam
2110 3965 2365 4032 primitiae
2397 3969 2825 4039 conspersionis.

1902 4052 2054 4108 Vens.
2089 4054 2176 4107 5|.
2201 4074 2219 4106 ‹
2258 4053 2393 4121 Quia
2432 4060 2602 4111 astitit
2632 4074 2661 4111 a
2693 4060 2897 4115 dextris
2926 4065 3201 4132 pauperis.
3232 4085 3246 4116 ι

186 4157 293 4210 Ἐν
330 4154 453 4224 γὰρ
504 4153 617 4214 τοῖς
666 4149 943 4211 Ἰουδαίοις
988 4147 1151 4201 αὐτὸν
1206 4146 1295 4198 δια
1342 4143 1441 4216 τὴν
1491 4143 1713 4199 ἐκείνων

1902 4146 2080 4217 Ipsum
2104 4148 2253 4202 enim
2277 4149 2420 4204 inter
2445 4148 2668 4205 Judazos
2720 4153 2792 4207 ob
2821 4154 3038 4209 illorum
3062 4157 3412 4214 incredulita-

83 4249 396 4305 ἀπιστίαν
445 4244 749 4314 πενόμενον
812 4240 1066 4295 πλουτεῖν
1122 4237 1426 4308 πεποίηκεν
1499 4239 1557 4290 ἐν
1606 4237 1713 4300 τοῖς

1828 4249 1937 4295 tem
1963 4239 2191 4310 penuria
2214 4239 2549 4295 laborantem
2572 4242 2853 4299 abundare
2874 4245 3002 4301 fecit
3022 4247 3165 4302 inter
3195 4261 3409 4320 gentes,

85 4344 355 4403 ἔθνεσιν,
415 4339 481 4391 ἐκ
520 4336 712 4400 δεξιῶν
764 4334 932 4388 αὐτοῦ
990 4331 1316 4403 παραστᾶς’
1347 4331 1486 4399 ὅπερ
1514 4328 1581 4382 σύ
1618 4327 1713 4398 μὲν

1825 4346 1858 4386 a
1883 4331 2090 4386 dertris
2122 4331 2295 4402 ipsius
2331 4333 2596 4388 assistens
2630 4351 2644 4387 :
2680 4336 2824 4404 quod
2852 4345 2909 4390 tu
2943 4338 3165 4407 quidem
3205 4342 3411 4399 humile

80 4438 291 4498 δοκεῖς
325 4425 485 4485 εἶναι
535 4426 813 4491 ταπεινὸν,
858 4425 976 4478 ἐστι
1010 4423 1069 4477 δὲ
1120 4422 1329 4493 σφόδρα
1367 4418 1592 4491 ὑψηλὸν,
1622 4419 1713 4472 καί

1828 4438 1951 4479 esse
1974 4424 2283 4490 arbitraris,
2316 4424 2413 4480 sed
2449 4436 2534 4480 est
2579 4427 2738 4481 valde
2793 4428 3047 4494 sublime,
3103 4433 3247 4487 etde
3294 4436 3412 4489 solo

84 4531 238 4599 περὶ
270 4525 459 4597 μόνου
494 4520 626 4575 Υἱοῦ
667 4521 743 4583 ὡς
796 4516 931 4571 Θεοῦ
963 4517 1061 4571 καὶ
1105 4513 1397 4586 ὀμοουσίου
1425 4514 1713 4583 δυνάμενον

1829 4515 1966 4569 Filio
1999 4523 2257 4585 tanquam
2291 4516 2403 4570 Deo
2442 4524 2497 4570 et
2539 4518 2990 4574 consubstantiali
3041 4520 3149 4576 dici
3205 4533 3408 4593 potest.

1827 4606 2299 4674 Quemadmodum
2319 4609 2465 4663 enim
2513 4607 2685 4665 Filius
2708 4626 2819 4664 non
2842 4612 3016 4666 solum
3041 4613 3197 4669 sedet
3219 4631 3249 4670 a
3275 4618 3413 4671 dex-

1832 4700 1932 4752 tris
1963 4697 2160 4764 Patrls,
2181 4714 2375 4755 verum
2397 4698 2564 4755 etiam
2590 4716 2621 4755 a
2661 4701 2869 4758 dextris
2938 4712 3069 4760 slat.
3099 4706 3193 4761 Ait
3260 4709 3409 4764 enim

1828 4788 2189 4859 Stephanus:
2247 4789 2381 4844 Ecce
2439 4791 2589 4845 uideo
2641 4791 2795 4846 talos
2862 4804 3093 4864 apertos,
3123 4805 3174 4850 et
3225 4795 3411 4852 Iesum

1827 4888 2061 4933 stantem
2088 4897 2120 4934 a
2150 4882 2349 4934 dextris
2374 4882 2611 4937 uirtutis.
2640 4882 2733 4939 Sic
2762 4884 2928 4939 etiam
2954 4885 3116 4942 Pater
3136 4904 3167 4943 a
3197 4889 3410 4944 dextris

1828 4972 1949 5027 Filii
1972 4985 2119 5028 stare
2145 4972 2367 5035 dicitur.
2393 4983 2452 5029 ut
2479 4990 2584 5031 nos
2618 4976 2898 5034 discamus
2941 4995 3110 5036 unam
3136 4982 3419 5038 eamdem-

1830 5078 1938 5132 que
1961 5077 2085 5119 esse
2114 5063 2292 5120 Patris
2344 5064 2581 5138 Filiique
2609 5068 2956 5140 dignitatem.

81 4618 417 4691 λέγεσθαι.
445 4613 661 4682 Ὠσπερ
694 4611 804 4681 γὰρ
836 4610 965 4673 Υἱὸς
991 4608 1053 4661 οὐ
1100 4607 1261 4678 μόνον
1290 4606 1356 4659 ἐκ
1379 4603 1570 4669 δεξιῶν
1594 4602 1723 4658 κάθ-

80 4730 235 4785 ηται
291 4704 411 4763 τοῦ
463 4704 702 4775 Πατρὸς,
751 4702 888 4755 ἀλλὰ
935 4701 1032 4754 καὶ
1084 4699 1149 4752 ἐκ
1210 4696 1403 4763 δεξιῶν
1478 4698 1714 4750 ἵσταται.

76 4784 269 4877 (φησι
295 4798 428 4869 γὰρ
449 4798 479 4850 ό
506 4797 797 4865 Στέφανοςο
841 4790 990 4847 Ἰδοὺ
1022 4787 1218 4886 θεωρῶ
1419 4784 1718 4886 οὐρανούς

71 4888 570 4963 ἀνεῳγμένους,
595 4886 696 4941 καί
741 4884 976 4954 Ἰησοῦν
1013 4880 1245 4938 ἑστῶτα
1271 4880 1341 4934 ἐκ
1366 4878 1583 4944 δεξιῶν
1604 4878 1718 4946 τῆς

70 4982 488 5055 δυνάμεως)·
526 4978 672 5032 οῦτω
698 4977 793 5032 καὶ
836 4978 867 5031 ό
925 4973 1118 5046 Πατὴρ
1149 4974 1216 5026 ἐκ
1247 4971 1437 5038 δεξιῶν
1465 4969 1721 5024 ἵστασθαι

69 5080 335 5148 λέγεται
373 5072 480 5126 τοῦ
530 5070 684 5136 Υίοῦ,
718 5071 806 5126 ἵνα
858 5068 989 5140 μίαν
1034 5068 1195 5138 ἡμεῖς
1246 5063 1405 5129 ἀξίαν
1457 5060 1591 5116 Υίοῦ
1622 5060 1718 5114 καὶ

68 5168 326 5244 Πατρδς
360 5164 654 5237 μάθωμεν.

699 5255 994 5310 ΨΑΛΜΟΣ
1032 5251 1156 5309 ΡΘ¹.

159 5375 182 5410 ι
212 5350 422 5409 Εῐπεν
452 5350 481 5402 ὁ
514 5347 718 5419 Κύριος
746 5347 825 5418 τῷ
857 5348 1051 5419 Κυρίῳ
1080 5364 1206 5419 μου.
1235 5366 1254 5401 ι

154 5448 298 5501 ἰνα
346 5439 548 5510 δειχθῇ
590 5438 685 5494 τοῦ
714 5439 928 5513 Πατρδς
955 5440 1052 5494 καὶ
1081 5436 1175 5493 τοῦ
1206 5436 1338 5491 Υίοῦ
1372 5436 1434 5490 τὺ
1460 5438 1521 5491 ἐν
1550 5435 1716 5488 πᾶσιν

70 5540 411 5613 ὁμότιμον,
446 5532 542 5585 καὶ
586 5533 669 5586 ὅτι
706 5533 807 5586 οὐκ
835 5532 999 5597 αὐτὸς
1031 5531 1213 5602 ἐαυτῷ
1236 5532 1266 5585 ό
1294 5530 1427 5594 Υίὸς
1472 5526 1718 5600 ἁρπάζει

65 5628 409 5706 βασιλείας
458 5623 491 5693 ἢ
530 5626 784 5690 θεόττττος
837 5624 993 5690 ἀξίαν
1029 5622 1132 5697 (διό
1178 5639 1344 5695 φησιν
1394 5624 1423 5676 ὁ
1477 5618 1712 5684 Παῦλος,

2378 5248 2701 5309 PSALMUS
2736 5253 2874 5309 CIX.

1905 5336 2069 5394 Vsus.
2098 5341 2151 5396 1.
2182 5361 2201 5395 ι
2235 5343 2379 5404 Dixit
2404 5345 2670 5399 Dominus
2700 5345 2932 5403 Domino
2954 5363 3099 5405 meo.
3140 5367 3160 5401 ι

1900 5428 1974 5485 Ut
2001 5432 2178 5489 Patris
2217 5433 2448 5505 Filiique
2472 5436 2525 5490 in
2551 5438 2808 5493 omnibus
2841 5441 3125 5510 aequalitas
3153 5441 3412 5497 ostende-

1828 5531 2001 5590 retur,
2020 5533 2077 5581 et
2105 5535 2167 5581 ut
2195 5542 2307 5582 non
2340 5528 2456 5598 ipse
2486 5529 2590 5585 sibi
2625 5530 2728 5600 ipsi
2757 5530 2929 5587 Filius
2960 5534 3110 5604 regni
3144 5542 3239 5588 aut
3266 5533 3413 5589 divi-

1828 5614 2015 5673 nitatis
2041 5618 2220 5689 rapiat
2253 5619 2573 5691 dignitatem
2629 5621 2877 5693 (propter
2913 5625 3060 5695 quod
3086 5623 3289 5682 Paulus
3311 5623 3411 5681 ait:

180 5814 194 5830 ⁴
226 5810 424 5863 Deut.
459 5821 565 5867 xu,
590 5803 677 5856 2'5.

458 5899 725 5957 PATROL.
775 5903 885 5956 Gn.
941 5898 1136 5956 XCIII.
2988 5898 3057 5959 42
