4156 6452
771 393 906 456 1323

772 502 887 561 Non
909 504 1158 572 rapinam
1189 501 1481 556 arbitratus
1510 508 1584 552 est
1613 515 1722 553 esse
1751 514 1805 552 se
1830 497 2090 570 (aqualem
2133 498 2240 552 Deo
2259 501 2350 567 "),

2469 501 2586 567 οὐχ
2621 499 2940 568 ἁρπαγμδι·
2971 497 3244 566 ἡγήσατο
3287 500 3353 551 τύ
3385 495 3545 553 εἶναι
3586 499 3710 552 τινα
3765 497 3928 568 Θεῷ)
3953 517 3965 526 ’
4003 501 4042 549 ἐ·

763 597 859 651 sed
879 595 1054 650 Patris
1083 595 1151 649 de
1195 588 1316 646 Filii
1355 592 1622 662 dignitate
1676 590 1967 660 gaudentis
2006 591 2354 660 beneplacito

2469 591 2805 654 εὐδοκοῦντος
2840 590 2938 644 τοῦ
2984 592 3199 661 Πατρὸς
3240 593 3332 644 καὶ
3363 593 3674 662 χαίροντος
3731 595 3808 660 τῇ
3853 591 3956 643 τοῦ
3989 594 4082 642 ΥΞίὶ

763 689 973 759 ωέιιιτιιο
1046 703 1171 742 cum
1231 685 1392 740 Patre
1459 700 1686 756 regnum
1752 685 2017 739 obtineat.
2083 685 2352 738 Caeterum

2469 685 2580 754 ιξίᾳ
2609 685 2710 754 τὴν
2754 684 3043 755 βασιλείαν
3081 685 3182 754 τὴν
3222 686 3491 754 ὁμότιμον
3542 685 3704 754 πρὸς
3735 684 3843 736 τὸν
3889 685 4076 738 niti-7

761 781 1130 838 cumistuda
1195 780 1393 834 dextris
1449 786 1681 848 pmpter
1737 779 1860 847 ejus
1921 777 1989 832 ad
2057 793 2160 831 nos
2221 791 2354 829 con-

2469 778 2744 848 ιιέκτηται.
2795 777 3020 847 Ἐπειδὴ
3049 777 3115 830 τδ
3169 777 3238 830 ἐκ
3293 775 3514 842 δεξιῶν
3579 779 3698 844 τῆς
3757 778 3910 846 πρὸς

765 873 1184 929 descensionem
1243 869 1458 925 dicatur
1498 870 1648 938 (nam
1707 869 1754 922 si
1811 868 1956 923 Deus
2001 867 2193 921 dextra
2257 867 2356 923 ha-

2469 870 2622 924 ἑνεκα
2650 869 3122 939 συγκαταδᾶσεως
3182 871 3401 938 λέγεται
3454 873 3529 941 (εξ
3575 872 3706 942 γὰρ
3747 872 3877 941 ἔχει
3906 871 4078 934 δεξιάς

767 968 942 1028 ὶιειτει,
987 965 1215 1018 haberet
1243 972 1299 1015 et
1329 961 1620 1032 sinistra);
1653 963 1770 1016 haec
1803 971 1984 1014 autem
2035 961 2103 1014 de
2157 959 2355 1014 indivi-

2469 964 2612 1027 θεὸς,
2641 965 2757 1034 ἔχει
2785 966 2880 1018 καὶ
2904 964 3227 1037 ἀριστερά)’
3255 963 3429 1017 ταῦτα
3463 964 3521 1017 δὲ
3554 966 3664 1016 ἐπὶ
3698 963 3811 1016 τοῦ
3862 965 4078 1034 appag-

768 1060 878 1114 duo
919 1067 973 1111 et
1019 1056 1349 1126 inﬁgurabili
1400 1056 1695 1123 omniaque
1752 1053 1996 1122 replente
2045 1062 2353 1124 opportune

2469 1060 2557 1110 καὶ
2591 1059 3012 1129 ἀσχηματίστου
3039 1062 3134 1112 καὶ
3165 1060 3347 1113 πάντα
3370 1057 3748 1128 πληροῦντας
3781 1061 3985 1129 καιρὸν
4005 1062 4076 1112 si;

767 1153 874 1208 dici
900 1159 1213 1220 nequeant;
1237 1150 1492 1204 dicantur
1537 1157 1743 1210 autem,
1773 1147 1900 1216 quia
1928 1161 2032 1200 nos
2063 1147 2230 1200 modo
2257 1146 2354 1200 ali-

2469 1149 2571 1219 Ξχει
2602 1149 2864 1220 λέγεσθαι
2888 1168 2901 1180 ·
2935 1152 3156 1220 λέγεται
3197 1151 3274 1213 δὲ,
3312 1151 3633 1221 ἐπειδήπερ
3667 1151 3782 1203 νῦν
3817 1153 3983 1221 ἡμεῖς
4005 1153 4074 1204 Β·

2458 1240 2565 1302 λως
2596 1242 2823 1294 ἀκούειν
2864 1243 2961 1294 καὶ
3008 1242 3367 1296 παιδεύεσθαι
3393 1242 3496 1314 τὴν
3535 1244 3681 1312 περὶ
3736 1243 3966 1313 Πατρὺς
4009 1262 4074 1296 u;

2461 1330 2595 1383 Υἱοῦ
2645 1330 2961 1399 δοξολογίαν
2994 1333 3055 1384 οὐ
3084 1332 3386 1402 δυνάμεθα,
3416 1333 3773 1401 ἀναγκαίως
3831 1335 4072 1402 προσέειν-

2459 1439 2589 1475 κεν·
2622 1424 2772 1488 Ἕως
2800 1423 2880 1477 ἂν
2913 1423 2998 1479 θῶ
3054 1424 3200 1489 τοὺς
3241 1425 3507 1493 ἐχθρούς
3567 1441 3707 1478 σου
3757 1429 3878 1480 iure
3893 1426 4014 1477 τάδε
4052 1447 4073 1472 ,-

2460 1514 2581 1568 τῶν
2627 1515 2834 1569 ποδῶν
2883 1533 3024 1570 σου.
3079 1517 3365 1579 Τουτέστι,
3396 1517 3624 1587 Μέχρις
3677 1518 3759 1570 ἂν
3815 1520 3848 1570 6
3910 1521 4072 1586 παρὰ

770 1625 826 1670 et
849 1615 1011 1669 Pater
1036 1613 1258 1682 subjicit
1287 1610 1448 1674 Filio,
1482 1620 1538 1665 et
1568 1610 1742 1665 Filius
1783 1610 2012 1681 subjicit
2065 1609 2213 1664 Patri
2265 1611 2363 1664 hu-

2469 1608 2799 1678 συντελεσθῇ
2841 1608 2978 1678 βίος.
3016 1610 3107 1662 Ἐν
3146 1610 3256 1680 γὰρ
3306 1609 3387 1677 τῷ
3441 1610 3696 1680 παρόντι
3758 1611 3868 1681 βίῳ
3924 1615 4012 1662 ni
4055 1627 4069 1662 -:

772 1708 1110 1761 manitatem.
1144 1704 1281 1758 Cum
1313 1712 1497 1757 autem
1530 1716 1774 1771 presens
1803 1701 1908 1756 hoc
1937 1702 2203 1756 saeculum
2236 1701 2359 1756 fue—

2469 1701 2662 1771 Πατὴρ
2693 1700 2984 1755 ὑποτάττει
3013 1701 3094 1772 τῷ
3130 1702 3266 1772 Υίῷ,
3301 1703 3395 1755 καὶ
3429 1705 3459 1755 6
3496 1701 3638 1767 Υίδς
3675 1703 3988 1758 ὑποτάττει

773 1800 844 1852 rit
874 1797 1247 1859 terminatum,
1281 1803 1336 1848 et
1372 1793 1518 1848 Deus
1553 1793 1608 1846 in
1639 1793 1900 1847 omnibus
1933 1793 2360 1862 proﬁcientibus

2469 1790 2644 1860 Πατρὶ
2698 1791 2797 1862 τὴν
2860 1793 3284 1863 ἁνθρωπότητα.
3342 1794 3514 1847 Ἐπὰν
3559 1794 3627 1847 δὲ
3689 1790 3922 1857 οὗτοςδ
3962 1800 4066 1846 αἱι.

771 1887 956 1942 omnia
983 1885 1161 1940 factus
1190 1883 1376 1949 fuerit,
1405 1893 1537 1938 tunc
1575 1885 1642 1939 ad
1677 1881 1976 1953 perfectam
2009 1884 2359 1953 contempla-

2469 1882 2826 1955 συντελεσθῇ,
2860 1885 2960 1939 καὶ
2995 1887 3026 1938 6
3064 1883 3202 1949 Θεὸς
3234 1885 3412 1939 πάντα
3436 1887 3497 1938 ὲν
3523 1889 3678 1940 πᾶσι
3712 1889 4069 1958 προκόπτοις.

776 1980 980 2033 tionem
1015 1987 1070 2030 et
1094 1977 1345 2031 notitiam
1375 1975 1778 2044 pervenientes,
1809 1972 2027 2028 Patrem
2071 1975 2124 2028 in
2195 1974 2355 2041 Filio,

2469 1977 2716 2048 γένηται,
2751 1979 2876 2031 τότε
2911 1979 2990 2042 εἰς
3036 1979 3246 2032 τέλειον
3295 1979 3535 2050 θεωρίας
3591 1981 3940 2044 ἀνελθόντες
3997 1987 4068 2032 xz'.

773 2081 834 2128 et
888 2070 1084 2124 Filium
1132 2069 1185 2122 in
1221 2069 1387 2122 Patre
1439 2064 2139 2136 videbimus.Quapropter
2193 2067 2358 2122 etiam

2469 2071 2742 2139 γνώσεως,
2765 2073 2860 2124 τὸν
2889 2072 3111 2144 Πατέρα
3135 2075 3194 2125 ὲν
3213 2071 3292 2143 τῷ
3324 2073 3458 2143 Υίῷ,
3494 2074 3597 2128 καὶ
3629 2075 3740 2129 τὸν
3772 2075 3904 2127 Υίὺν
3931 2077 3984 2126 ἐν
4016 2076 4060 2122 τ’

777 2160 1041 2216 Dominus
1071 2157 1212 2214 dixit
1239 2173 1300 2213 se
1322 2167 1452 2212 tunc
1505 2154 1560 2208 in
1606 2155 1778 2227 gloria
1834 2154 2012 2210 Patris
2067 2166 2360 2210 venlurnm

2469 2164 2644 2234 llath
2699 2163 2968 2234 ὀψόμεθα.
3020 2164 3224 2233 Διόπερ
3273 2163 3370 2216 καὶ
3420 2164 3547 2216 τότε
3608 2166 3676 2218 ἐν
3735 2168 3814 2235 τῇ

775 2269 922 2309 esse.
2466 2253 2680 2324 Πατρδς
2715 2253 2869 2324 ἥξειν
2893 2255 3090 2308 ἑαυτὸν
3119 2258 3148 2308 6
3181 2254 3390 2325 Κύριος
3421 2253 3648 2323 ἔλεγεν.

2541 2364 2560 2396 ι
2605 2346 2832 2402 Ῥἁὸδον
2865 2347 3153 2416 δυνάμεως
3184 2346 3558 2413 ὲξαποστελεῖ.
3595 2365 3619 2398 ι

2544 2437 2772 2501 Ῥἁϐδος
2803 2438 3089 2508 δυνάμεως
3109 2441 3138 2491 6
3170 2438 3366 2508 Σωτήρ
3389 2454 3403 2467 ·
3437 2439 3571 2506 περὶ
3604 2431 3677 2490 οὗ
3729 2437 3835 2490 καὶ
3859 2437 4065 2506 ἀλλαχοζ

2465 2529 2708 2598 ἐπάγει·
2775 2531 3102 2599 Romanis:
3155 2529 3382 2595 αὐτοὺς
3445 2529 3518 2582 ἐν
3571 2527 3806 2597 ῥάϐδῳ
3847 2528 4067 2598 σιδηρᾷ.

2481 2621 2704 2693 Ἐπειδὴ
2739 2622 2797 2675 δὲ
2849 2624 2884 2693 ἡ
2940 2622 3138 2692 ῥάϐδος
3176 2621 3375 2691 διπλῆν
3419 2620 3727 2691 ἐνέργειαν
3783 2623 4065 2692 κέκτηται·

2469 2715 2566 2768 καὶ
2603 2717 2714 2785 γὰρ
2751 2714 3008 2786 μαστίζει
3036 2715 3134 2769 καὶ
3159 2717 3526 2786 χειραγωγεῖ’
3566 2715 3672 2768 καὶ
3701 2718 3736 2769 6
3771 2718 4002 2787 σταυρὸς
4028 2717 4068 2765 ἃ

2467 2809 2617 2879 ἡμᾶς
2670 2810 3044 2879 χειραγωγεῖ,
3103 2808 3200 2861 καὶ
3253 2807 3507 2877 μαστίζει
3564 2807 3706 2869 τοὺς
3774 2807 4069 2877 δαίμονας·

2468 2905 2784 2973 ἀναγκαίως
2819 2905 2915 2959 καὶ
2949 2904 3150 2974 ράὅδος
3192 2904 3503 2974 δυνάμεως,
3547 2906 3630 2968 ὡς
3666 2903 3911 2958 τοιαῦτα
3943 2908 4068 2971 ἐνερ-

788 3013 932 3068 unde
957 3012 1177 3067 Christo
1233 3009 1458 3064 emisit?
1489 3009 1565 3063 Ex
1606 3009 1739 3063 Sion
1802 3009 1998 3080 inquit.
2054 3008 2170 3065 Illic
2218 3013 2365 3068 enim

2469 2997 2690 3068 γήσασα
2723 2997 2961 3066 εἴρηται.
3008 2996 3230 3065 Ταύτην
3275 2996 3334 3050 δὲ
3377 2997 3456 3067 τῷ
3503 2997 3744 3068 Χριστῷ
3811 2997 3972 3051 πόθεν
4003 2997 4067 3060 ἐξ·

786 3105 1142 3174 semetipsum
1165 3100 1492 3172 Unigenitus
1520 3101 1823 3157 immolavit
1877 3119 1891 3155 :
1961 3103 2068 3158 illic
2124 3103 2367 3174 passioni

2469 3088 2820 3154 απέστειλενς
2866 3088 2962 3140 Ἐκ
2986 3086 3092 3156 τῆς
3135 3085 3296 3152 Σιὼν,
3330 3086 3520 3157 φησιν.
3550 3087 3709 3140 Ἐκεῖ
3738 3089 3854 3156 γὰρ
3903 3088 4066 3141 ἑαυτὴν

790 3196 1002 3250 initium
1043 3195 1241 3250 dedit:
1276 3194 1386 3248 illic
1441 3195 1510 3248 ab
1567 3194 1685 3263 ipso
1744 3194 1798 3248 in
1856 3196 2368 3251 rememorationem

2473 3181 2502 3232 6
2532 3180 2846 3250 Μονογενὴς
2866 3178 3062 3231 εθυσεν
3081 3192 3096 3207 ⁶
3129 3179 3248 3230 ἐκεῖ
3275 3176 3356 3246 τῷ
3384 3175 3550 3229 πάθει
3582 3176 3836 3230 δέδωκεν
3872 3177 4063 3246 ἀρχήν·

789 3285 1057 3356 passionis
1091 3284 1287 3341 tradita
1312 3294 1441 3340 sunt
1465 3286 1744 3355 mysteria.

2473 3273 2594 3326 εκεῖ
2612 3273 2684 3327 τὰ
2715 3272 2846 3342 παρ’
2878 3270 3046 3326 αὐτοῦ
3079 3271 3217 3342 πρὸς
3242 3270 3557 3341 ἀνάμνησιν
3587 3269 3691 3322 τοῦ
3720 3270 3942 3333 πάθους
3985 3287 4066 3319 πι-

2472 3367 2769 3439 ραδοθέντα
2810 3366 3111 3437 μυστήρια.
3641 3440 3646 3442 _

864 3458 1030 3515 Vens.
1065 3460 1119 3518 3.
1156 3479 1174 3511 ι
1214 3459 1442 3523 Tecum,
1466 3458 1802 3529 principium
1854 3460 1908 3514 in
1927 3461 2017 3516 die
2065 3462 2306 3519 virtutis.
2347 3481 2368 3517 ι

2553 3479 2572 3513 ι
2599 3460 2759 3515 Μετὰ
2791 3460 2886 3513 σοῦ
2907 3460 2942 3530 ἡ
2965 3458 3114 3530 ἀρχὴ
3139 3459 3196 3512 ὲν
3442 3457 3543 3528 τῆς
3577 3458 3910 3528 δυνάμεως.
3937 3479 3956 3512 ι

860 3551 1237 3622 Principatum
1262 3550 1484 3621 quidem
1517 3551 1720 3605 Christi
1783 3553 1886 3607 hoc
1945 3555 2068 3608 loco
2135 3555 2370 3626 appellat

2559 3553 2764 3624 Ἀρχὴν
2819 3556 2920 3625 μὲν
2969 3557 3209 3613 ἐνταῦθα
3266 3558 3365 3612 τοῦ
3421 3558 3667 3631 Χριστοῦ
3711 3561 3812 3613 τὸν
3847 3561 4064 3631 cruoris;

786 3658 1045 3708 crucem;
1079 3649 1270 3712 utpote
1298 3641 1481 3711 inqua
1513 3640 1772 3712 princeps
1800 3653 1856 3698 et
1887 3659 1979 3700 rex
1999 3645 2163 3714 hujus
2180 3647 2370 3700 mundi

2477 3647 2635 3701 καλεῖ
2658 3664 2672 3678 ’
2700 3649 2777 3713 ὡς
2808 3650 2868 3702 ὲν
2902 3651 3055 3723 αὐτῷ
3085 3653 3185 3722 τῆς
3214 3653 3548 3725 οἰκουμένης
3572 3653 3848 3724 ἄρχοντος
3867 3656 3968 3707 καὶ
3995 3655 4066 3724 βει-

793 3745 1083 3808 superatus
1132 3735 1235 3791 fuit
1260 3754 1273 3790 :
1299 3736 1445 3791 diem
1484 3750 1619 3790 vero
1642 3735 1865 3792 virtutis
1917 3737 2037 3807 ejus
2065 3739 2265 3794 merito
2297 3741 2370 3793 in-

2480 3740 2788 3806 σιλεύοντος
2822 3743 3154 3815 ἡττηθέντος
3175 3761 3191 3775 ⁸
3227 3746 3447 3816 ἡμέραν
3492 3745 3552 3800 δὲ
3583 3745 3887 3816 δυνάμεως
3923 3747 4066 3802 αὐτοῦ

796 3832 987 3904 telligit
1007 3832 1152 3887 diem
1181 3830 1398 3896 crucis;
1444 3829 1862 3900 idquepropter
1889 3829 2044 3900 signa
2075 3830 2130 3884 in
2156 3846 2220 3885 ea
2250 3847 2370 3902 per-

2477 3832 2580 3906 τὴν
2612 3834 2834 3905 ἡμέραν
2883 3836 3114 3900 εἰκότως
3145 3837 3240 3889 τοῦ
3271 3836 3511 3909 σταυροῦ
3533 3855 3547 3867 ·
3580 3838 3744 3892 τοῦτο
3779 3840 3837 3893 δὲ
3885 3841 3976 3893 διὰ
4018 3842 4068 3892 τὰ

2480 3927 2542 3980 ἑν
2587 3927 2727 3999 αὐτῇ
2794 3928 3114 3999 πραχθέντα
3177 3931 3408 4000 σημεῖα,
3445 3930 3541 3984 τὸν
3573 3931 3743 3984 σάλον
3806 3933 3915 4002 τῆς
3962 3935 4066 4002 τῆς.

2480 4018 2578 4088 τὴν
2609 4017 2964 4089 ἀναχώρησιν
3012 4018 3108 4071 τοῦ
3142 4020 3324 4091 ἡλίου,
3357 4021 3418 4073 τὸ
3448 4020 3561 4074 ἀπὸ
3589 4020 3744 4092 ὥρας
3777 4020 3958 4090 ἕκτης
3994 4040 4068 4090 με·

2483 4129 2606 4183 χρις
2634 4112 2867 4181 ὲννάτης
2896 4112 3088 4174 σκότος
3115 4130 3128 4144 ·
3165 4111 3362 4166 ἔπειτα
3395 4111 3471 4175 ὡς
3518 4114 3578 4165 ἑν
3605 4112 3747 4182 αὐτῇ
3772 4113 3881 4182 τῆς
3913 4113 4068 4180 ἀμαρ-

2482 4203 2602 4268 τίας
2629 4203 2989 4275 σκιασθείσης
3015 4203 3110 4258 τοῦ
3139 4204 3390 4258 διαϐόλου
3421 4205 3969 4273 καταγωνισθέντος.
4005 4207 4069 4256 Ἔν

2483 4296 2658 4368 ταύτῃ
2687 4297 2872 4350 τοίνυν
2897 4298 2997 4370 τὴν
3040 4297 3238 4371 ἀρχὴν,
3264 4297 3513 4352 τουτέστι
3538 4299 3630 4352 τὸν
3661 4301 3931 4371 σταυρὸν,
3970 4298 4070 4370 μεθ’

2485 4389 2684 4444 ἑαυτοῦ
2731 4386 2898 4461 εἶχεν,
2951 4391 3015 4444 οὑ
3071 4392 3232 4461 μόνον
3267 4393 3343 4455 ὡς
3393 4393 3452 4444 ὲν
3511 4391 3664 4462 αὐτῷ
3711 4395 4068 4460 καταπαγεὴ.

2486 4483 2625 4537 ἀλλὰ
2674 4485 2768 4537 καὶ⁵
2817 4485 2894 4548 ὡς
2943 4485 3035 4537 ἐπὶ
3087 4483 3198 4536 τῶν
3227 4482 3397 4554 ὤμων
3427 4482 3731 4553 βαστάσας.
3766 4482 3952 4536 Τοῦτο
3983 4483 4069 4549 γὰρ·

2411 4582 2460 4641 υ
2487 4577 2822 4646 σαφέστερον
2862 4577 3089 4640 Ἡσαΐας
3120 4577 3416 4647 ἐκθέμενος
3463 4575 3652 4644 ἔλεγεν
3675 4591 3691 4607 ο
3716 4570 3808 4631 Οὗ
3843 4576 3883 4644 ἠ
3930 4578 3999 4642 ἀί
4007 4595 4032 4642 λ
4043 4575 4065 4639 1'1

2471 4665 2576 4723 ἐπὶ
2605 4667 2713 4720 τοῦ
2741 4667 2904 4735 ὤμου
2925 4667 3135 4721 αὐτοῦ.

2555 4777 2574 4810 ι
2605 4758 2810 4829 Κύριος
2839 4758 3120 4824 ὲκδεξιῶν
3157 4775 3278 4814 σου.
3311 4776 3328 4808 ι

769 1260 852 1303 ter
881 1247 950 1301 de
990 1246 1172 1299 Patris
1206 1243 1435 1312 Filiique
1459 1242 1629 1313 gloria
1660 1241 1867 1295 erudiri
1902 1241 2134 1294 minime
2155 1256 2353 1310 possu-

769 1358 914 1402 mus,
947 1337 1261 1394 necessario
1286 1337 1540 1405 adjunxit
1573 1354 1586 1389 :
1628 1335 1806 1389 Donec
1863 1352 2058 1404 ponam
2117 1335 2360 1388 inimicos

769 1445 886 1486 tuos
901 1429 1184 1484 scabellum
1213 1430 1405 1498 pedum
1436 1437 1668 1480 tuorum.
1693 1426 1748 1480 ld
1779 1435 1884 1490 est,
1912 1427 2100 1479 Donec
2119 1439 2360 1494 prmsens

772 1526 886 1578 hanc
918 1524 1027 1576 vita
1054 1521 1218 1575 fuerit
1247 1530 1650 1575 consummata.
1675 1516 1812 1571 Nam
1855 1519 1912 1572 in
1936 1518 2193 1587 presenti
2247 1517 2357 1572 vita

852 2367 1016 2422 Vens.
1049 2363 1105 2419 2.
1143 2384 1162 2417 ι
1204 2363 1421 2436 Virgam
1453 2362 1670 2418 virtutis
1689 2361 1923 2416 emittet.
1963 2380 1982 2412 ι

850 2455 1014 2528 Virga
1054 2456 1273 2511 virtutis
1300 2465 1383 2510 est
1417 2454 1665 2510 Salvator
1707 2471 1719 2508 :
1757 2455 1826 2509 de
1862 2471 1976 2524 quo
2040 2456 2208 2510 etiam
2232 2456 2360 2510 alibi

781 2549 1062 2620 subjungit
1089 2565 1102 2600 :
1139 2548 1300 2618 Reges
1324 2565 1410 2603 eos
1442 2549 1497 2600 in
1524 2549 1672 2617 virga
1694 2549 1867 2617 ferrea
1909 2549 1974 2601 ".
2006 2548 2145 2602 Cum
2179 2558 2360 2604 autem

781 2645 932 2714 virga
964 2641 1167 2713 duplex
1195 2656 1399 2697 munus
1418 2641 1599 2706 obeat,
1624 2640 1891 2710 siquidem
1945 2650 2000 2695 et
2027 2642 2260 2712 castigat
2310 2653 2365 2697 et

782 2751 947 2792 manu
965 2735 1149 2800 ducit;
1180 2749 1311 2790 crux
1343 2748 1474 2788 vero
1493 2747 1596 2786 nos
1616 2747 1837 2802 quoque
1887 2747 2054 2787 manu
2084 2734 2268 2799 ducat,
2310 2745 2366 2789 et

783 2830 1060 2884 daemones
1086 2826 1312 2896 plectat,
1345 2825 1662 2881 necessario
1715 2823 1884 2878 etiam
1931 2823 2082 2895 virga
2145 2826 2366 2882 virtutis

783 2921 931 2976 dicta
957 2928 1062 2981 est,
1092 2927 1284 2988 utpote
1310 2917 1620 2972 istiusmodi
1646 2915 1959 2986 per-ﬁciens.
2006 2916 2159 2972 Hanc
2180 2929 2364 2974 autem

793 3933 939 3993 acta,
971 3933 1032 3979 ut
1082 3933 1292 3978 motum
1324 3932 1507 3988 teme,
1555 3921 1690 3978 solis
1758 3935 2055 3988 recessum,
2125 3925 2380 3979 tenebras

793 4019 863 4072 ab
887 4017 1020 4072 hora
1046 4025 1201 4071 sexta
1231 4029 1403 4084 usque
1433 4014 1500 4068 ad
1523 4029 1725 4068 nonam
1767 4031 1780 4068 :
1823 4013 2024 4069 deinde
2055 4016 2205 4084 quod
2233 4017 2288 4069 in
2315 4032 2378 4070 ea

791 4109 1014 4164 diabolo
1041 4107 1316 4162 debellato
1333 4106 1720 4161 obnmbratum
1749 4105 1820 4162 sit
1841 4117 2151 4175 peccatum.
2187 4107 2246 4160 In
2279 4107 2383 4163 hac

799 4202 964 4271 igitur
1001 4201 1092 4256 die
1134 4200 1528 4270 principatum,
1557 4197 1612 4253 id
1643 4209 1728 4253 est
1757 4213 2002 4263 crucem,
2041 4215 2229 4256 secum
2285 4200 2383 4254 ha—

799 4295 935 4359 buit,
993 4309 1102 4349 non
1159 4293 1334 4348 solum
1377 4300 1438 4346 ut
1471 4292 1526 4345 in
1585 4307 1648 4346 ea
1672 4291 1921 4357 sumxus,
1969 4307 2161 4347 verum
2217 4293 2382 4346 etiam

799 4398 1056 4456 tanquam
1103 4385 1252 4438 illam
1277 4383 1522 4440 humeris
1559 4393 1798 4455 gestans.
1856 4386 1975 4438 Hoc
2003 4384 2150 4438 enim
2185 4384 2387 4438 clarius

797 4491 1082 4546 exponens
1104 4474 1268 4530 Isaias
1289 4475 1428 4530 dixit
1458 4498 1471 4532 ;
1499 4472 1668 4544 Cujus
1723 4475 2051 4544 principatu
2070 4491 2230 4545 super
2283 4475 2385 4528 Iut-

803 4588 1005 4625 merum
1044 4569 1177 4638 ejus.

867 4769 1030 4824 Vsus.
1065 4768 1118 4824 5.
1158 4784 1177 4820 ι
1207 4766 1520 4822 Dominusa
1545 4765 1756 4822 dextris
1790 4767 1920 4821 tuis.
1957 4785 1976 4818 ι

871 4857 1040 4914 Vides
1061 4856 1192 4911 illud
1229 4855 1364 4911 Sede
1395 4874 1428 4910 α
1458 4859 1656 4911 dextris
1703 4859 1834 4911 meis
1876 4871 1988 4911 non
2027 4858 2206 4913 locum
2275 4859 2370 4913 a|i«

2563 4851 2728 4922 Ὁρᾷς
2779 4852 2860 4904 ὅτι
2912 4851 2993 4916 τὸ,
3038 4850 3237 4905 Κάθου
3281 4850 3351 4904 ἐκ
3401 4849 3619 4914 δεξιῶν
3643 4867 3793 4920 μου,
3821 4851 3887 4904 οὐ
3919 4852 4066 4905 τόπου

797 4965 962 5021 quem
979 4948 1374 5012 demonstrare,
1407 4946 1502 5002 sed
1523 4945 1642 5000 Filii
1665 4962 1790 5001 cum
1818 4946 1980 5002 Patre
2019 4950 2305 5016 unitatem,
2328 4957 2370 5002 el

2486 4946 2631 5008 τινός
2661 4943 2776 4996 ἐστι
2805 4943 3122 5014 δηλωτικὸν,
3155 4942 3289 4996 ἀλλὰ
3315 4945 3413 5013 τῆς
3439 4943 3578 5014 πρὸς
3605 4943 3699 4995 τὸν
3731 4943 3966 5014 Πατέρα
3994 4943 4065 4996 τοῦ

800 5041 1104 5100 secundum
1127 5039 1310 5094 omnia
1363 5040 1748 5109 mqualitatem.
1813 5040 1871 5094 Si
1924 5041 2072 5095 enim
2125 5042 2295 5097 Filius
2348 5059 2370 5097 ε

2493 5036 2624 5090 Υίοῠ
2665 5035 2932 5101 ἑνώσεως.
2971 5039 3067 5092 καὶ⁵
3113 5038 3256 5090 κατὰ
3287 5037 3469 5092 πάντα
3511 5037 3784 5108 ἰσότητος.
3810 5037 3876 5092 El
3910 5039 4018 5108 γὰρ
4048 5039 4066 5086 ὁ

803 5131 1008 5190 Jextris
1045 5131 1254 5196 sedeat,
1283 5130 1556 5200 quomodo
1587 5145 1778 5191 rursus
1832 5129 1992 5185 Pater
2022 5132 2223 5187 dicitur
2257 5151 2370 5190 esse

2488 5128 2614 5191 Υἱδς
2643 5129 2706 5180 ὲκ
2725 5127 2914 5193 δεξιῶν
2941 5129 3256 5195 καθέζεται,
3293 5128 3410 5192 πῶς
3436 5129 3603 5183 αὐτοῦ
3633 5128 3803 5182 πάλιν
3832 5130 3862 5182 ὁ
3891 5129 4064 5198 Πατὴρ

801 5241 832 5278 a
854 5223 1063 5279 dextris
1091 5221 1302 5291 ipsius?
1332 5220 1430 5275 Hic
1457 5221 1510 5274 in
1543 5221 1631 5274 die
1659 5221 1752 5275 iraa
1771 5237 1885 5276 suae
1907 5221 2219 5295 confringet
2288 5242 2370 5279 re-

2485 5213 2625 5272 εἷναι
2675 5220 2741 5272 ἐκ
2778 5219 2888 5273 τῶν
2939 5219 3130 5285 δεξιῶν
3182 5221 3433 5289 λέγεται;
3481 5221 3577 5284 Ὃς
3604 5222 3664 5272 ὲν
3693 5218 3885 5291 ἡμέρα
3911 5219 4065 5290 ὀργῆς

803 5332 899 5388 ges
923 5325 1101 5378 terrae,
1153 5323 1209 5366 et
1237 5313 1515 5383 principes
1561 5312 1654 5383 qui
1691 5323 2071 5368 convenerunt
2113 5315 2165 5368 in
2209 5331 2370 5371 unum

2488 5311 2653 5364 αὑτοῦ
2695 5311 2848 5366 συνθ)
2863 5312 2986 5366 άσει
3027 5313 3266 5383 βασιλεῖς
3295 5313 3395 5383 τῆς
3429 5313 3552 5383 γῆς,
3587 5315 3680 5366 καὶ
3711 5313 3843 5376 τοὺς
3878 5313 4064 5384 ἄρχονο

802 5409 1067 5464 adversus
1097 5405 1388 5461 Dominum
1419 5415 1474 5460 et
1517 5406 1780 5460 adversus
1827 5405 2104 5461 Christum
2154 5409 2274 5477 ejus
2309 5409 2370 5477 ’ῖς

2490 5420 2589 5466 τας
2613 5405 2662 5458 οἳ
2693 5405 3040 5476 συνήχθησαν
3074 5406 3167 5458 ἐπὶ
3194 5406 3255 5458 τὸ
3291 5405 3424 5459 αὐτὸ
3451 5409 3594 5459 κατά
3620 5405 3715 5458 τοῦ
3741 5405 3958 5477 Κυρίου
3988 5404 4063 5457 καὶ

807 5501 1073 5557 Herodem
1133 5508 1187 5553 et
1215 5497 1471 5562 Pilatum,
1501 5497 1714 5552 Annam
1749 5508 1804 5553 et
1836 5498 2156 5570 Caiapharn,
2187 5510 2242 5556 et
2291 5517 2370 5557 eo:

2488 5498 2632 5551 κατὰ
2676 5499 2770 5552 τοῦ
2829 5499 3070 5568 Χριστοῦ
3123 5499 3323 5553 αὑτοῦ·
3380 5497 3628 5572 Ἡρώδην
3676 5499 3772 5552 καὶ
3823 5497 4058 5558 Πιλάτον.

807 5593 1048 5665 quicum
1089 5591 1222 5663 ipsis
1257 5599 1412 5647 erant
1441 5590 1616 5660 lieges
1649 5590 1955 5660 appellans.

2491 5591 2690 5643 Ἅνναν
2734 5591 2828 5645 καὶ
2861 5591 3137 5661 Καϊάφαν,
3170 5594 3266 5647 καὶ
3313 5594 3440 5656 τοὺς
3473 5593 3570 5645 σὺν
3605 5591 3792 5656 aunt;
3833 5589 4062 5662 βασιλεῖς

2489 5684 2682 5750 λέγων.

887 5850 930 5882 ⁸⁸
966 5848 1104 5905 Pbil.
1139 5865 1202 5918 ιι,
1236 5848 1289 5905 6.
1371 5846 1414 5880 "
1436 5846 1578 5902 Psal.
1605 5863 1662 5912 ιι,
1695 5846 1748 5902 9.
1825 5848 1868 5878 “
1898 5846 2040 5902 Psal.
2071 5861 2130 5913 ιι,
2162 5848 2216 5902 2.

1961 386 2323 447 HESYCHII
2382 387 2857 448 PRESBYTER]
3986 386 4119 466 17.2.,
