4156 6452
173 401 190 456 1
200 396 302 458 333

1293 391 1759 452 FRAGMENTA
1799 389 1880 449 IN
1914 389 2270 450 PSALMOS.

3301 387 3437 452 I334

168 521 260 566 σας
285 500 374 555 τὸν
401 501 704 573 ἄνυρωπον.
732 500 902 556 Τοῦτο
930 501 1038 571 γὰρ
1065 502 1206 571 ὑπὲρ
1229 499 1438 564 πάντας
1459 501 1532 562 ὡς
1556 501 1748 570 φιλάν-

1865 499 2130 553 hominem
2190 514 2437 554 servans.
2499 498 2608 552 Hoc
2661 499 2806 552 enim
2882 506 3138 568 tanquam
3192 497 3434 552 hominis

169 595 384 665 θρωπος
416 593 687 663 βούλεται.

240 707 258 738 ι
291 686 496 756 Κύριος
533 686 794 758 μνησθεὶς
827 686 1008 758 ἡμῶν.
1055 703 1074 737 ι

243 777 376 832 Πότε
411 775 520 846 γὰρ
550 777 580 829 6
611 777 742 840 Θεὸς
776 776 946 848 λήθην
974 777 1279 847 ἀνθρώπων
1308 776 1528 842 ἐδέξατο
1550 792 1566 840 ;
1585 773 1745 827 Ἀλλὰ

165 867 324 920 τοῦτό
356 870 506 922 ἐστιν
535 867 564 921 δ
588 868 678 922 διὰ
709 869 818 922 τῶν
845 868 1158 941 εἰρημένων
1187 864 1748 941 αἰνίττεται.Ἐπειρὴ

167 958 275 1027 γὰρ
301 959 406 1010 ὑπὸ
429 959 674 1030 κατάραν
701 959 870 1025 ὄντες,
890 934 992 1014 οὐκ
1013 959 1186 1021 ἄλλως
1207 959 1378 1028 αὐτῆς
1411 934 1749 1026 ἀπολυθῆνᾶι

167 1049 263 1102 καὶ
311 1048 496 1103 λαϐεῖν
531 1050 781 1119 εὐλογίαν
813 1050 1146 1122 ἠδυνάμεθα,
1190 1051 1240 1104 εί
1283 1049 1358 1119 μὴ
1391 1049 1626 1118 Χριστὸς
1655 1047 1751 1100 ἐπὶ

169 1137 329 1203 ξύλου
348 1158 446 1211 κρε
456 1143 684 1212 μασθεὶς
713 1143 812 1214 τὴν
839 1143 1086 1214 κατάραν
1101 1141 1200 1211 τὴν
1223 1139 1499 1212 ἡμετέραν
1519 1139 1752 1193 ἐϐάστα-

169 1247 262 1283 σεν
283 1269 302 1296 ,
334 1232 562 1297 εἰκότως
607 1235 916 1305 μνησθῆναι
953 1235 1044 1289 τὸν
1078 1232 1282 1304 Κύριον
1320 1231 1625 1302 πρότερον,
1657 1229 1754 1284 καὶ

163 1324 340 1389 οὕτως
365 1327 512 1395 ἡμᾶς
546 1326 838 1396 εῦλογῆσαί
865 1343 1022 1397 φησι.

248 1434 266 1466 ι
294 1416 352 1468 '0
388 1417 618 1485 οὐρανὸς
645 1417 740 1470 τοῦ
770 1417 1000 1488 ούρανοῦ
1029 1418 1108 1485 τῷ
1134 1417 1343 1486 Κυρίῳ.
1388 1436 1405 1466 ι

235 1508 483 1579 Θεωρεῖς
521 1510 670 1573 ὅπως
713 1510 811 1581 τὴν
846 1510 1215 1581 δημιουργίαν
1261 1511 1291 1562 6
1333 1507 1572 1576 Ποιητής
1619 1509 1754 1576 πρὸς

162 1601 318 1668 ἡμᾶς
347 1601 632 1672 μερίζεται
660 1618 673 1632 ·
709 1603 803 1656 καὶ
845 1602 1034 1674 ὥσπερ
1085 1601 1249 1664 αὐτὸς
1279 1601 1514 1670 ἀόρατος
1538 1598 1614 1651 ὢν
1639 1597 1753 1668 ἔχει

164 1694 258 1747 τὸν
297 1695 534 1764 οὐρανὸν
588 1695 683 1748 τοῦ
723 1695 955 1766 ούρανοῦ
986 1697 1078 1749 τὸν
1122 1695 1374 1766 ἀόρατον,
1415 1693 1587 1756 οὕτως
1622 1693 1755 1762 ἡμῖν

163 1790 265 1855 τὴν
297 1787 480 1840 κτίσιν
503 1787 603 1858 τὴν
623 1788 829 1859 όρατὴν
863 1787 1181 1857 ἀπένειμεν.

726 1878 1020 1933 ΨΑΛΜΟΣ
1049 1876 1192 1932 ΡιΔθ.

245 1987 261 2016 ι
317 1966 615 2038 Ὶῐγάπησα
639 2010 653 2032 ,
680 1969 761 2021 ὅτι
790 1969 1171 2022 εἰσακούσεται
1197 1968 1420 2040 Κύριος.
1468 1988 1485 2018 ι

249 2056 308 2107 '0
347 2057 518 2110 πάλαι
560 2057 898 2128 φοϐούμενος
931 2060 1024 2112 τὸν
1056 2057 1259 2128 Κύριον
1280 2097 1298 2125 ,
1331 2058 1431 2129 ήδη
1476 2057 1757 2130 προκόψας

165 2148 277 2200 ἀπὸ
338 2147 440 2200 τοῦ
495 2149 685 2218 φόϐου,
724 2150 820 2204 καὶ
874 2150 1118 2220 μεταϐὰς
1160 2149 1254 2203 ἐπὶ
1276 2149 1376 2219 τὴν
1420 2149 1643 2220 ἀγάπην
1662 2149 1756 2202 τοῦ

164 2237 326 2300 Θεοῦ,
367 2238 513 2291 εῖποι
547 2240 636 2304 ἂν,
666 2240 982 2309 Ἡγάπησα
1009 2255 1023 2272 ·
1067 2239 1191 2293 τίνα
1216 2239 1274 2294 δὲ
1296 2279 1312 2305 ,
1342 2239 1376 2310 ἦ
1408 2240 1612 2312 δηλαδὴ
1645 2240 1759 2294 Κύ-

168 2340 284 2392 ριον
313 2324 407 2376 τὸν
447 2325 581 2378 Θεὸν
614 2325 674 2391 ἐξ
721 2327 849 2398 ὅλης
881 2327 1128 2399 καρδίας,
1166 2328 1262 2383 καὶ
1307 2329 1616 2400 δυνάμεως,
1665 2331 1760 2384 καὶ

165 2414 372 2486 ψυχῆς,
405 2416 549 2471 ὥστε
579 2416 766 2471 ἕνεκεν
798 2417 967 2472 αὑτοῦ
1010 2418 1103 2472 καὶ
1135 2419 1300 2490 μέχρι
1343 2420 1576 2475 θανάτου
1610 2424 1758 2490 ἀγω-

167 2507 422 2570 νίζεσθαι
494 2509 634 2579 ὑπὲρ
710 2509 1014 2581 ἀληθείας,
1057 2512 1262 2567 -πάντα
1329 2531 1386 2567 τε
1468 2517 1758 2584 ὑπομεῖναι

171 2600 505 2670 πειρασμὸν,
529 2600 623 2652 καὶ⁹
653 2601 830 2654 πάντα
863 2603 1111 2657 κίνδυνον
1137 2604 1440 2675 ὑποστῆναι
1465 2604 1760 2676 προθύμως

169 2690 258 2742 διὰ
286 2689 386 2762 τὴν
422 2691 558 2762 πρὸς
589 2691 721 2746 Θεὸν
753 2682 1002 2762 ἀγάπηνς

247 2800 268 2833 ι
307 2783 420 2835 Καὶ
447 2784 503 2835 ἐν
527 2785 650 2847 ταῖς
680 2784 917 2854 ἡμέραις
954 2803 1055 2854 μου
1084 2785 1508 2856 ὲπικαλέσομαι.
1538 2804 1557 2837 t

245 2871 530 2940 Τουτέστι,
577 2874 746 2928 Παντί
771 2875 850 2945 τῷ
879 2875 1057 2947 χρόνῳ
1088 2876 1184 2946 τῆς
1220 2877 1369 2945 ζωῆς
1405 2889 1507 2946 μου
1554 2878 1760 2930 ἐπεκαο

175 2964 454 3036 λεσάμην·
505 2968 563 3020 ἑν
592 2969 713 3031 ταῖς
746 2969 984 3038 ἡμέραις
1023 2987 1126 3038 μου
1159 2969 1262 3022 ὑπὸ
1301 2970 1396 3022 τοῦ
1442 2969 1624 3024 Ἠλίου
1665 2973 1762 3040 τῆς

175 3059 530 3131 δικαιοσύνης
573 3061 916 3132 γενομέναις,
949 3061 1039 3116 ἀεὶ
1070 3063 1486 3133 πεφωτισμένος
1513 3064 1590 3117 ὢν
1624 3103 1638 3131 ,
1665 3068 1763 3118 tn:-

177 3150 557 3221 ικαλεσάμην.

255 3262 274 3295 ι
310 3243 505 3314 Θλίψιν
531 3243 626 3299 καὶ
652 3243 847 3315 ὀδύνην
883 3238 1065 3317 εὗρον.
1105 3265 1124 3300 ι

247 3335 445 3405 Θλίψιν
489 3336 584 3388 καὶ
613 3335 807 3407 ὀδύνην
842 3337 1068 3390 ἐκάλεσε
1099 3338 1198 3408 τὴν
1230 3339 1521 3407 μετάνοιαν
1541 3357 1553 3370 ’
1588 3341 1765 3410 θλίψιν

182 3427 304 3494 μὲν,
341 3427 421 3490 ὡς
467 3427 777 3494 ἀνάμνησιν
817 3430 918 3499 τῆς
956 3429 1232 3500 ἁμαρτίας
1259 3429 1492 3500 ἔχουσαν
1523 3447 1537 3462 ·
1574 3433 1767 3504 ὀδύνην

176 3519 256 3583 δὲ,
291 3519 461 3572 ἕνεκα
492 3516 601 3570 τῶν
623 3517 801 3571 πόνων
833 3512 1045 3586 μεθ’ὧν
1077 3520 1500 3591 κατορθοῦσθαι,
1532 3522 1766 3588 σάκκου,

177 3613 361 3682 τυχὸν,
394 3612 490 3665 καὶ
510 3611 709 3665 σποδοῦ
775 3612 869 3665 καὶ
897 3613 1231 3684 ἀγρυπνίας,
1273 3615 1513 3683 πέφυκε.
1550 3617 1768 3685 Ταύτην

179 3703 376 3773 εὑρὼν,
409 3702 710 3765 τουτέστιν,
735 3702 1056 3774 ἐπιδραμὼν
1075 3705 1237 3776 αὐτῇ,
1268 3705 1333 3758 τὸ
1361 3705 1531 3775 ὄνομα
1559 3705 1768 3777 Κυρίου

177 3798 406 3859 εἰκότως
428 3795 772 3850 ἐπεκαλεῖτο.
815 3795 968 3868 Εὐχή
1013 3797 1143 3868 γάρ,
1182 3798 1281 3868 τῆς
1319 3797 1609 3868 μετανοίας
1637 3800 1770 3854 ὑπό-

183 3905 397 3950 στασις.
546 3910 550 3914 ·

256 3998 274 4028 ι
307 3978 605 4033 Φυλάσσων
642 3977 712 4032 τὰ
740 3979 910 4047 νήπια
932 3981 960 4032 6
990 3978 1220 4048 Κύριος.
1273 3995 1292 4029 ι

251 4071 368 4122 Οὐκ
396 4068 702 4134 εῐπεν,’⁸οτι
729 4069 828 4123 οὐκ
857 4069 1042 4122 εἴασεν
1066 4069 1145 4132 εἰς
1171 4068 1452 4133 κινδύνους
1481 4071 1766 4140 ἐμπεσεῖν,

177 4161 337 4229 ἀλλά,
373 4161 515 4232 μετὰ
543 4161 607 4214 τὸ
637 4162 922 4232 ἐμπεσεῖν,
949 4160 1230 4216 διέσωσεν.

734 4251 1028 4307 ΨΔΔΜΟΣ
1073 4253 1220 4306 PlE'.

256 4362 275 4393 ι
317 4344 583 4414 Ποτήριον
608 4343 882 4413 σωτηρίου
915 4342 1188 4414 λήψομαι.
1225 4363 1244 4395 s

252 4435 532 4506 Σωτηρίου
570 4435 676 4506 γὰρ
697 4434 863 4498 ὅντως
895 4435 1012 4488 ἐστὶ
1050 4437 1332 4506 ποτήριον,
1367 4437 1425 4490 τὸ
1456 4438 1771 4508 ὑμνολογεῖν

1846 599 2057 646 amator
2087 591 2206 645 vult
2243 605 2410 660 super
2439 589 2650 644 omnia.

1918 681 2079 736 Vens.
2107 681 2198 736 ‘20.
2238 701 2256 733 ι
2296 682 2560 736 Dominus
2599 696 2805 733 meumr
2831 680 2932 734 fuit
2966 682 3161 736 nostri.
3204 700 3223 734 ι

1918 770 2152 836 Quando
2183 771 2330 826 enim
2381 772 2524 826 Deus
2561 769 2843 824 hominum
2895 771 3100 826 oblitus
3139 771 3283 827 fuit?
3327 772 3432 826 Sed

1852 866 1955 921 hoc
1981 873 2066 918 est
2116 864 2263 934 quod
2310 880 2408 935 per
2452 865 2596 919 dicta
2649 863 2917 918 innuitur.
2980 863 3432 933 Quandoquidem

1850 956 1997 1012 enim
2021 957 2122 1012 sub
2151 955 2444 1011 maledicto
2466 957 2815 1021 exsistentcs,
2867 955 3010 1009 haud
3043 955 3204 1009 aliter
3235 956 3308 1012 ab
3342 955 3435 1008 illo

1855 1051 2065 1106 absolvi
2104 1061 2160 1106 ct
2187 1048 2630 1107 benedictionem
2677 1051 2920 1121 recipere
2956 1059 3292 1119 poteramus,
3328 1051 3434 1104 nisi

1852 1143 2103 1199 Christus
2150 1145 2208 1200 in
2254 1145 2404 1214 ligno
2447 1158 2748 1213 suspensus
2789 1143 3135 1198 maledictum
3185 1149 3432 1196 nostrum

1853 1235 2186 1302 abstulisset,
2215 1236 2413 1292 merito
2444 1234 2578 1290 dicit
2613 1235 2904 1289 Dominum
2936 1235 3087 1305 prius
3121 1234 3299 1288 nostri
3324 1247 3436 1286 me—

1855 1329 2103 1394 minisse,
2135 1337 2296 1398 atque
2327 1329 2400 1383 ita
2427 1329 2646 1384 demum
2679 1327 2839 1383 nobis
2866 1327 3229 1382 benedixisse.

1928 1418 2091 1474 Vens.
2131 1418 2223 1473 25.
2263 1437 2282 1470 ι
2319 1419 2536 1474 Caelum
2564 1419 2689 1474 caeli
2725 1419 2974 1474 Domino.
3012 1437 3031 1470 ι

1930 1510 2091 1566 Vides
2122 1510 2401 1580 quomodo
2444 1525 2626 1565 rerum
2658 1511 2861 1564 Auctor
2891 1518 3115 1579 propter
3145 1522 3246 1562 nos
3284 1521 3436 1560 crea-

1858 1615 2032 1660 turam
2069 1605 2376 1674 partiatur:
2412 1613 2470 1658 et
2511 1604 2656 1676 sicut
2700 1603 2818 1673 ipse
2857 1600 3265 1671 inaspectabilis
3298 1598 3438 1654 exsi-

1855 1708 2008 1754 stens
2060 1698 2228 1753 habet
2268 1699 2469 1753 celum
2513 1698 2637 1754 caeli
2691 1696 3103 1768 inaspectabile,
3155 1695 3234 1750 sic
3277 1693 3438 1748 nobis

1859 1797 2166 1843 creaturam
2205 1787 2472 1842 visibilem
2503 1788 2803 1841 distribuit.

2376 1875 2697 1932 PSALMUS
2733 1875 2920 1933 CXIV.

1930 1971 2092 2026 Vens.
2125 1972 2175 2025 l.
2214 1989 2233 2022 ι
2273 1968 2469 2032 Dilexi,
2502 1970 2760 2038 quoniam
2802 1968 3055 2023 exaudiet
3089 1965 3366 2022 Dominus.
3407 1987 3425 2018 ι

1923 2057 2027 2123 Qui
2056 2057 2187 2111 olim
2238 2056 2529 2113 Dominum
2579 2055 2855 2122 timuerat,
2889 2056 2982 2112 ubi
3030 2057 3144 2126 jam
3186 2070 3216 2110 a
3245 2057 3441 2111 timore

1861 2150 2170 2219 proiecerit,
2201 2157 2258 2204 et
2303 2149 2371 2204 ad
2416 2149 2763 2204 dilectionem
2811 2149 2907 2204 Dei
2951 2149 3252 2214 transierit,
3290 2158 3440 2204 recte

1860 2241 2059 2297 dixerit
2089 2240 2306 2294 Dilexi:
2336 2255 2499 2310 quem
2527 2247 2731 2302 autem,
2774 2237 2876 2294 nisi
2905 2237 3110 2294 scilicet
3152 2238 3440 2293 Dominum

1863 2332 2031 2388 Deum
2061 2348 2129 2388 ex
2175 2341 2293 2388 toto
2329 2331 2515 2394 corde,
2573 2347 2640 2386 ac
2677 2331 2878 2388 virtute
2925 2340 3091 2402 atque
3130 2332 3334 2395 anima,
3384 2343 3443 2386 ut

1860 2436 2084 2497 propter
2121 2426 2299 2496 ipsum
2322 2425 2485 2481 etiam
2509 2424 2574 2480 ad
2603 2431 2835 2480 mortem
2871 2441 3044 2494 usque
3071 2424 3316 2481 decertet
3342 2440 3442 2495 pro

1863 2519 2110 2581 veritate,
2135 2532 2467 2586 omnemque
2497 2516 2765 2572 sustineat
2795 2517 3175 2580 tentationem,
3201 2525 3255 2570 et
3280 2530 3442 2569 omne

1862 2608 2164 2678 periculum
2202 2607 2367 2662 alacri
2417 2607 2601 2661 animo
2638 2605 2831 2660 subeat
2874 2621 2973 2676 per
3020 2619 3264 2660 amorem
3315 2620 3441 2676 erga

1863 2703 2056 2758 Deum.
2910 2681 2925 2699 ’

1939 2795 2098 2850 Vens.
2128 2795 2182 2850 ‘2.
2220 2814 2237 2846 ι
2269 2793 2337 2848 Et
2359 2793 2415 2848 in
2449 2793 2642 2849 diebus
2662 2793 2802 2848 meis
2831 2793 3118 2849 invocabo.
3151 2813 3170 2845 ι

1930 2888 1988 2943 ld
2019 2896 2123 2952 est,
2152 2885 2314 2942 Omni
2347 2897 2592 2955 tempore
2639 2887 2766 2941 vita:
2793 2901 2928 2941 meae
2977 2886 3299 2942 invocabant
3335 2902 3348 2938 :
3388 2885 3444 2938 in

1866 2979 2060 3034 diebus
2089 2979 2224 3033 meis
2268 2978 2372 3033 sub
2401 2977 2527 3033 Sole
2554 2976 2779 3046 justitia
2807 2977 3117 3042 transactis,
3149 2991 3275 3031 eum
3303 2991 3446 3031 aem-

1867 3086 1964 3139 per
1992 3069 2346 3136 illuminarer,
2369 3068 2635 3125 invocavi.

1941 3246 2100 3301 Vens.
2137 3247 2188 3302 3.
2235 3265 2253 3298 ι
2284 3246 2714 3304 Tribulstionem
2745 3253 2803 3301 et
2838 3245 3084 3302 dolorem
3108 3246 3316 3301 inveni.
3357 3265 3375 3298 ι

1940 3339 2372 3395 Tribulationem
2431 3349 2486 3396 et
2531 3341 2776 3396 dolorem
2827 3337 3123 3408 appellavit
3173 3338 3449 3407 pmniten-

1873 3430 2048 3484 tiam:
2097 3430 2503 3486 tribulationem
2547 3431 2793 3501 quidem,
2844 3439 3036 3500 utpote
3079 3443 3202 3498 quae
3253 3428 3452 3483 habent

1870 3523 2078 3593 peccati
2103 3522 2537 3580 recordationem
2568 3522 2848 3588 ;dolorem
2885 3537 3014 3578 vero
3041 3531 3264 3592 propter
3296 3521 3452 3574 labo-

1873 3630 1959 3669 res
1993 3616 2192 3685 quibus
2213 3618 2399 3687 peragi
2426 3617 2585 3680 solet,
2605 3615 2756 3672 verbi
2785 3617 2980 3686 gratia,
3007 3630 3166 3672 sacco
3195 3623 3250 3670 et
3267 3616 3450 3670 cinere

1870 3716 2033 3776 atque
2078 3707 2279 3778 vigilia.
2316 3706 2474 3764 Hanc
2501 3705 2593 3777 qui
2625 3708 2850 3776 reperit,
2881 3705 2934 3760 id
2985 3714 3089 3770 est,
3115 3703 3206 3775 qui
3235 3703 3304 3758 ad
3329 3719 3452 3759 eam

1871 3799 2124 3861 accurrit,
2156 3813 2356 3853 nomen
2392 3797 2602 3852 Domini
2623 3799 2748 3866 jure
2779 3797 2977 3852 merito
3009 3796 3247 3851 invocet.
3262 3793 3451 3850 Oratio

1871 3889 2016 3943 enim
2046 3899 2128 3944 est
2154 3889 2458 3944 substantia
2491 3889 2850 3959 paenitentia.

1942 3981 2104 4038 Vens.
2134 3981 2188 4036 6.
2229 4001 2247 4034 ι
2284 3983 2611 4037 Custodiens
2636 3981 2892 4050 parvulos
2921 3979 3207 4035 Dominus.
3250 3998 3268 4029 ι.

1943 4073 2062 4130 Non
2087 4074 2244 4141 dixit,
2269 4073 2406 4140 Quia
2428 4088 2534 4129 non
2559 4073 2808 4144 permisit
2828 4072 2881 4127 in
2915 4071 3156 4142 pericula
3190 4069 3448 4133 incidere,

1872 4167 1966 4222 sed
1997 4173 2287 4237 postquam
2316 4167 2369 4220 in
2399 4179 2463 4220 ea
2493 4166 2814 4226 incideram,
2847 4163 3109 4218 servavit.

2257 4260 2259 4263 ’
2399 4254 2717 4310 PSALMUS
2754 4253 2914 4310 CXV.

1944 4349 2109 4405 Vens.
2150 4350 2206 4404 ι.
2247 4368 2272 4402 ι
2312 4349 2556 4406 Calicem
2582 4347 2841 4404 salutaris
2872 4348 3157 4419 accipiam.
3193 4370 3212 4400 ›

1944 4444 2079 4498 Nam
2131 4443 2266 4520 calix
2311 4457 2496 4498 revera
2521 4441 2776 4498 salutaris
2800 4448 2904 4506 est,
2932 4440 3148 4511 hymnis
3174 4439 3452 4496 celebrare

180 4532 272 4581 τὸν
312 4527 423 4578 τῶν
455 4526 592 4582 ὅλων
626 4527 859 4596 Σωτῆρα
893 4525 1046 4580 Θεόν.
1083 4527 1270 4597 Τούτῳ
1300 4527 1433 4592 Θεὸς
1481 4530 1762 4601 ὲφήδεται,

1873 4534 2045 4589 Deum
2091 4518 2414 4588 salvatorem
2461 4532 2866 4586 universorum.
2922 4527 3033 4584 Isto
3103 4530 3247 4583 Deus
3304 4527 3452 4582 dele-

181 4616 344 4670 τοῦτο
367 4616 580 4686 δέχεται
609 4617 742 4686 παρ’
772 4617 804 4684 ἡ
815 4615 931 4683 μῶν
956 4615 1016 4667 τὸ
1040 4614 1313 4687 θυμίαμα.
1340 4618 1430 4680 Ὠς
1463 4617 1573 4690 γάρ
1607 4620 1769 4682 αὐτὸς

185 4706 292 4776 ἔφη
333 4707 566 4777 Χριστός
590 4723 602 4735 ·
643 4705 886 4773 Πνεῦμα
912 4709 944 4760 ό
982 4707 1126 4772 Θεός
1153 4723 1166 4736 ’
1199 4707 1298 4760 καί
1337 4709 1480 4774 τοὺς
1507 4727 1767 4777 προσκυ-

183 4799 448 4864 νοῦντας
493 4797 679 4851 αὑτὸν
709 4838 724 4861 ,
775 4796 845 4848 ἐν
891 4797 1184 4866 πνεύματι
1237 4798 1629 4868 καίξάληθείᾳ
1679 4801 1774 4855 δεῖ

185 4887 578 4955 προσκυνεῖν.

261 4997 282 5033 ι
321 4981 411 5034 Σοὶ
435 4979 583 5033 θύσω
617 4978 808 5032 θυσίαν
838 4976 1127 5042 αίνέσεως.
1180 4998 1198 5029 ι

271 5071 492 5140 Ἐπειδὴ
532 5071 630 5134 τὰς
679 5071 788 5123 τῶν
816 5070 1026 5138 ἀλόγων
1054 5069 1247 5133 θυσίας
1275 5073 1303 5124 6
1344 5073 1578 5142 Χριστὸς
1612 5076 1769 5146 ὲνδη-

189 5168 375 5236 μήσας
417 5165 759 5230 κατέπαυσε,
786 5167 886 5235 τὴν
938 5165 1165 5236 λογικὴν
1205 5166 1262 5219 δὲ
1289 5167 1454 5230 αὐτὸς
1493 5168 1568 5232 ὡς
1595 5170 1770 5238 Λόγος

187 5258 486 5328 εἰσήγαγεν
511 5274 524 5289 ο
571 5256 799 5318 εἰκότως
827 5257 927 5309 τὴν
965 5255 1030 5308 δι’
1069 5257 1331 5318 αἰνέσεως
1379 5259 1710 5331 προσφέρειν
1741 5264 1770 5313 6

190 5351 489 5420 Προφήτης
521 5351 787 5419 ὑπέσχετο
811 5387 826 5411 ,
867 5349 1201 5418 προσφέρειν
1243 5349 1299 5402 δὲ
1335 5350 1506 5419 αὐτὴν
1554 5354 1614 5404 ὲν
1650 5354 1771 5407 ὀνό-

195 5461 332 5512 ματι
361 5443 604 5513 Κυρίου,
637 5440 840 5512 δηλαδὴ
874 5443 935 5494 ὲν
977 5441 1056 5510 τῷ
1107 5441 1349 5511 Χριστῷ.
1408 5445 1624 5514 Ἐπειδὴ
1676 5447 1770 5499 καὶ

188 5533 338 5586 οὕτω
358 5531 754 5603 προσεύχεσθαι
782 5533 896 5593 τοῖς
922 5530 1239 5594 ἀποστόλοις
1261 5532 1585 5588 ἐντέλλεταιο
1633 5536 1771 5589 Ἐάν

189 5639 248 5676 rt
279 5623 566 5691 αἰτήσητε
599 5620 702 5676 τὸν
733 5618 967 5688 Πατέρα
1011 5619 1081 5672 ἐν
1110 5617 1189 5684 τῷ
1218 5620 1466 5690 ὀνόματί
1492 5640 1635 5691 μου,
1665 5623 1774 5676 δώ-

191 5728 290 5766 σει
333 5716 406 5779 ὐμ
414 5714 492 5768 ἲν.

268 5826 313 5857 ³³
333 5824 485 5880 Joan.
514 5843 587 5888 tv,
619 5827 707 5880 ει.
820 5828 863 5858 ³³
892 5825 1048 5880 Joan.
1077 5841 1188 5882 xvn.
1215 5825 1304 5878 23.

1869 4631 2072 4687 ctatur,
2098 4623 2245 4679 istud
2275 4623 2560 4678 incensum
2583 4637 2614 4677 a
2639 4622 2800 4677 nobis
2829 4621 3053 4690 accipit.
3085 4620 3453 4686 Quemadmo-

1872 4715 1999 4771 dum
2034 4714 2177 4770 enim
2225 4713 2452 4783 ipsemet
2500 4711 2751 4767 Christus
2799 4713 3058 4767 dicebat:
3101 4710 3330 4777 Spiritus
3377 4720 3452 4762 est

1875 4805 2014 4859 Deus
2039 4821 2056 4858 .·
2085 4813 2134 4859 et
2173 4819 2258 4858 eos
2301 4805 2390 4873 qui
2426 4803 2652 4856 adorant
2682 4819 2824 4867 cum,
2854 4801 2909 4854 in
2938 4800 3124 4869 spiritu
3157 4807 3206 4852 et
3234 4799 3454 4851 veritate

1873 4900 2073 4964 oportet
2103 4895 2329 4946 adorare
2358 4892 2426 4946 ".

1953 4987 2112 5041 Vens.
2151 4987 2237 5041 l7.
2281 5002 2300 5036 ι
2340 4984 2462 5039 Tibi
2488 4981 2804 5038 sacriﬁcabo
2831 4978 3066 5033 hostiam
3093 4977 3286 5032 laudis.
3321 4995 3341 5028 υ

1946 5077 2393 5146 Quandoquidem
2434 5075 2718 5129 brutorum
2750 5070 3013 5126 sacriﬁcia
3050 5068 3304 5124 Christus
3347 5067 3454 5122 huc

1875 5168 2175 5223 adveniens
2218 5165 2551 5229 aboleverat,
2581 5163 2696 5233 ipse
2741 5176 2872 5216 vero
2911 5169 3170 5228 tanquam
3210 5155 3449 5212 Verbum

1879 5260 2140 5316 rationale
2162 5256 2486 5313 sacriﬁcium
2507 5255 2811 5317 induxerat;
2826 5253 2946 5320 jure
2965 5249 3162 5304 merito
3180 5248 3452 5319 Propheta

1880 5351 2128 5421 promisit
2182 5364 2240 5404 se
2290 5346 2522 5402 hostiam
2573 5344 2748 5398 laudis
2796 5342 3130 5402 oblaturum,
3183 5338 3345 5407 idque
3397 5339 3450 5390 in

1879 5441 2098 5495 nomine
2143 5438 2376 5501 Domini,
2425 5436 2630 5492 scilicet
2681 5433 2736 5487 in
2783 5429 3024 5486 Christo.
3072 5427 3340 5493 Quoniam
3376 5427 3452 5478 sic

1879 5532 2040 5586 etiam
2073 5530 2331 5600 apostolis
2358 5528 2638 5582 intimatur
2671 5533 2728 5578 ut
2758 5529 2940 5576 orent:
2973 5517 3178 5590 Siquid
3198 5515 3453 5585 petieritis

1881 5622 2096 5676 Putrem
2118 5622 2174 5675 in
2201 5620 2408 5672 nomine
2435 5634 2566 5679 meo,
2593 5615 2736 5668 dabit
2763 5612 2900 5664 robis
2928 5609 3004 5685 _”.
