4156 6452
697 359 833 423 l335
1887 360 2251 421 HESYCHII
2301 362 2777 423 PRESBYTERI

1219 465 1546 522 PSALMUS
1571 464 1758 521 CXVI.
2309 475 2354 528 A

769 557 932 615 Vens.
964 558 1020 613 2.
1057 576 1077 610 ι
1117 557 1386 624 Quoniam
1421 559 1741 614 conﬁrmata
1790 568 1876 615 est
1903 559 2276 620 misericordia

696 653 838 722 ejus.
873 670 892 704 ι

771 742 1144 797 Misericordia
1178 743 1392 799 scilicet
1427 758 1594 814 super
1619 759 1722 800 nos
1767 745 2086 800 conﬁrmata
2115 745 2275 801 simul

697 850 821 893 cum
853 836 1085 889 veritate
1135 845 1495 905 perennantc.
1545 835 1884 907 Frequenter
1931 848 2113 892 autem
2161 838 2279 894 haec

702 926 941 990 nomina,
977 927 1340 980 misericordia
1388 926 1502 995 ejus
1541 936 1591 981 et
1634 928 1851 993 veritas,
1898 927 1965 982 de
1994 928 2276 983 Salvatore

697 1018 992 1076 dicuntur:
1033 1019 1109 1074 uti
1152 1019 1317 1073 etiam
1350 1019 1404 1073 in
1448 1021 1591 1075 isto:
1629 1020 1777 1074 Misit
1808 1020 1950 1074 Deus
1980 1023 2276 1075 misericor-

699 1112 846 1165 diam
886 1129 1041 1165 suam
1086 1121 1136 1166 et
1179 1113 1455 1167 ueritatem
1496 1131 1674 1180 suam,
1715 1126 1763 1167 et
1810 1115 2005 1182 eripuit
2039 1117 2277 1170 animum

699 1220 872 1256 meam
915 1204 980 1257 de
1022 1206 1193 1258 medio
1233 1205 1530 1258 catulorum
1575 1206 1782 1260 leonum
1809 1203 1875 1260 ".
1927 1205 2050 1261 llaec
2080 1223 2277 1277 nempe

699 1291 900 1346 veritas
931 1302 1049 1348 erat
1068 1294 1230 1348 etiam
1260 1297 1576 1365 exspectatio
1603 1297 1835 1364 gentium
1866 1298 1953 1363 ";
1997 1313 2277 1369 quaprop-

3865 358 4025 424 1336

2911 471 3206 526 “mox
3263 471 3428 543 Ptq'.

2461 583 2479 616 ι
2522 567 2649 618 Ὅτι·
2677 564 3032 636 ὲκραταιώθη
3067 565 3128 619 τὸ
3160 565 3309 631 ἔλεος
3339 563 3532 624 αὐτοῦ.
3570 582 3595 621 ι

2451 739 2959 805 Συνδιαιωνίζοντος
2977 742 3180 813 δηλαδὴ
3211 745 3277 815 τῇ
3301 744 3536 816 ἀληθεία
3566 747 3669 801 τοῦ
3701 763 4016 816 κραταιω-

2379 835 2564 910 θέντος
2612 836 2700 904 ἐφ’
2732 836 2881 904 ἡμᾶς
2928 833 3134 898 ἐλέους.
3176 835 3454 907 Πολλαχοῦ
3501 838 3557 891 δὲ
3613 839 3683 891 τὰ
3738 839 4011 908 ὀνόματα

2377 927 2574 990 ταῦτα,
2615 925 2684 979 τὸ
2727 925 2901 992 ἕλεος
2944 927 3134 979 αὐτοῦ
3177 927 3278 980 καί
3319 927 3359 994 ή
3402 925 3684 996 ἀλήθεια,
3739 931 3838 980 ἐπὶ
3906 928 4009 981 τοΞ

2379 1018 2632 1088 Σωτῆρος
2653 1016 2898 1086 λέγεται⁹
2929 1016 3120 1088 ὥσπερ
3147 1018 3242 1070 καὶ
3267 1019 3325 1072 ὲν
3353 1019 3453 1089 τῷ·
3494 1019 4008 1084 Ἐξαπέστειλετ

2379 1115 2412 1167 ό
2435 1113 2579 1178 Θεὸς
2607 1113 2676 1166 τὸ
2698 1113 2874 1178 ἕλεος
2916 1114 3104 1169 αὐτοῦ
3142 1115 3240 1168 καί
3281 1114 3398 1182 τὴν
3424 1114 3728 1181 ἀλήθειαν·
3765 1115 4002 1182 αὐτοῦ,

2378 1204 2477 1262 καί
2510 1205 2809 1274 ἐῤῥύσατο
2836 1205 2952 1273 τὴν
2971 1207 3185 1276 ψυχήν
3203 1225 3324 1276 μου
3341 1207 3411 1260 ἐκ
3424 1208 3626 1277 μέσου
3657 1210 3999 1278 σκύμνων.

2378 1297 2529 1367 Αὕτη
2558 1297 2736 1351 τοίνυν
2769 1298 2803 1368 ἠ
2832 1297 3061 1368 ἀλήθεια
3095 1300 3187 1352 καὶ
3215 1299 3554 1367 προσδοκία
3599 1298 3729 1353 τῶν
3786 1299 4000 1353 ἐθνῶν

702 1392 787 1435 tcr
813 1384 976 1437 etiam
1009 1384 1248 1440 humano
1276 1386 1463 1457 generi
1495 1387 1840 1454 illucescens,
1866 1403 2058 1444 omnes
2087 1397 2278 1459 gentes

698 1489 1001 1544 omnesque
1039 1476 1269 1546 populos
1300 1478 1368 1532 ad
1418 1479 1632 1533 laudem
1661 1481 1876 1544 invitat,
1903 1481 2105 1535 docens
2153 1495 2276 1551 gra-

703 1565 808 1621 tias
840 1566 1047 1624 rcferre
1096 1567 1244 1624 Patri
1288 1571 1380 1640 qui
1434 1571 1778 1627 conﬁrmavit
1839 1572 2276 1628 misericordiam

701 1673 880 1724 suam,
917 1668 972 1714 et
1015 1675 1338 1730 permanere
1381 1661 1510 1718 fecit
1550 1663 1837 1720 veritatem
1879 1680 2052 1736 usque
2082 1665 2136 1720 in
2172 1681 2277 1721 sae-

700 1751 906 1808 culum.

1211 1847 1528 1905 PSALMUS
1554 1849 1764 1908 CXVII.

778 1936 940 1995 Vens.
973 1941 1024 1995 ί.
1060 1957 1079 1992 ι
1114 1940 1460 1997 Conﬁtcmini
1496 1943 1728 1999 Domino
1759 1946 2014 2015 quoniam
2040 1946 2272 2002 bonus.»

772 2031 943 2087 David
999 2032 1217 2089 assidue
1260 2035 1407 2089 canit
1460 2035 1886 2102 confessionem,
1937 2038 2120 2094 sciens
2174 2039 2280 2094 hoc

701 2125 1000 2178 maximum
1021 2140 1141 2181 esse
1165 2127 1477 2197 praesidium
1496 2130 1898 2199 peccatoribus,
1920 2141 1976 2187 et
1994 2133 2278 2187 vulnerum

702 2213 901 2269 animae
926 2215 1274 2272 medicinam.

777 2307 938 2364 Vens.
973 2308 1062 2366 10.
1099 2329 1118 2363 ι
1151 2309 1356 2368 Omnes
1389 2322 1583 2383 gentes
1608 2315 2089 2372 circumdederunt
2115 2333 2224 2371 me.
2257 2337 2275 2369 ι

771 2397 844 2455 Et
887 2400 1160 2468 quomodo
1205 2417 1373 2456 unum
1419 2418 1610 2458 onmes
1656 2413 1846 2474 gentes
1902 2404 2283 2459 circumdent?

703 2485 812 2542 Sed
867 2505 1061 2545 omnes
1111 2501 1302 2562 gentes
1351 2493 1642 2563 appellavit
1697 2494 1940 2550 diversas
1997 2494 2280 2549 hominum

702 2579 867 2645 vitas,
894 2584 1341 2654 quandoquidem
1390 2588 1644 2657 gentibus
1690 2587 1802 2642 sint
1835 2588 2053 2643 vivendi
2083 2603 2282 2660 genera

705 2673 941 2739 diversa,
973 2675 1174 2744 quibus
1225 2688 1279 2732 et
1323 2679 1392 2734 ab
1425 2680 1661 2735 invicem
1727 2681 2157 2754 distinguuntur.
2189 2683 2284 2737 Ju-

706 2775 850 2820 stum
870 2767 1032 2838 igitur
1049 2769 1216 2824 etiam
1233 2771 1356 2825 mali
1376 2772 1736 2840 circumdant,
1757 2784 1814 2829 ut
1832 2776 2001 2842 avari,
2019 2785 2075 2831 et
2091 2776 2282 2841 invidi,

706 2869 764 2914 et
810 2861 1052 2930 superbi,
1106 2871 1163 2917 et
1221 2863 1536 2934 hypocrita,
1592 2881 1940 2922 communem
2001 2869 2284 2924 inimicum

711 2948 888 3022 ipsum
936 2961 1283 3021 reputantes,
1330 2964 1558 3025 propter
1601 2958 2088 3026 reprehensionem
2123 2975 2284 3029 quam

711 3060 774 3098 ex
803 3043 973 3113 ipsius
1002 3045 1171 3113 proba
1205 3046 1314 3101 vita
1363 3047 1635 3104 sustinent
1661 3066 1673 3101 :
1703 3058 2077 3105 verumtamen
2110 3050 2198 3105 hic
2227 3066 2288 3106 se

2377 1381 2477 1456 ἦν’
2523 1384 2604 1438 διὸ
2664 1385 2760 1439 καὶ
2807 1385 3167 1456 ὲπιλάμψασα
3305 1386 3415 1441 τῶν
3457 1387 3776 1458 ἀνθρώπιον
3807 1389 3995 1456 γένει,

2379 1480 2459 1540 είς
2488 1476 2636 1531 αἶνον
2659 1478 2835 1532 πάντα
2851 1478 2918 1531 τὰ
2939 1477 3067 1549 ἔθνη
3091 1480 3186 1532 καὶ
3215 1479 3428 1542 πάντας
3449 1481 3577 1544 τοὺς
3597 1481 3775 1545 λαοὺς
3799 1481 3994 1544 καλεῖ,

2379 1571 2723 1642 εὐχαριστεῖν
2748 1569 3080 1626 διδάσκουσα
3125 1571 3204 1641 τῷ
3232 1572 3412 1642 Πατρὶ
3451 1572 3529 1642 τῷ
3560 1572 3993 1643 κραταιώσαγτι

2378 1662 2439 1716 τὸ
2477 1661 2625 1726 ἔλεος
2653 1663 2841 1731 αύτοῦ,
2879 1663 2972 1718 καὶ
3016 1663 3197 1734 μένειν
3227 1664 3517 1733 ποιήσαντι
3558 1664 3656 1734 τῆν
3705 1663 3995 1733 ἀλήθειαν

2379 1751 2484 1816 ἕως
2516 1752 2611 1806 τοῦ
2645 1753 2859 1818 αἰῶνος.

2930 1845 3225 1898 ΨΑΛΜΟΣ
3254 1847 3400 1902 PIZ'.

2460 1953 2479 1987 ι
2515 1935 2964 2006 Ἐξομολογεῖσθε
2991 1938 3071 2008 τῷ
3102 1939 3296 2010 Κυρίῳ
3324 1941 3404 1993 ὅτι
3427 1937 3655 2008 ἀγαθός.
3696 1957 3716 1991 ι

2451 2029 2704 2097 Συνεχῶς
2757 2028 2876 2101 ᾄδει
2925 2028 3027 2100 τὴν
3084 2027 3479 2104 ἐξομολόγησιν
3517 2035 3546 2086 ὁ
3581 2030 3787 2094 Δασὶδ,
3821 2029 3990 2093 είδὼς

2381 2125 2466 2179 ὃτι
2513 2123 2675 2177 τοῦτο
2711 2122 2970 2193 μέγιστον
3016 2125 3131 2187 τοῖς
3182 2125 3532 2196 ἁμαρτωλοῖς
3575 2125 3656 2186 εἰς
3687 2123 3986 2196 βοήθειαν,

2382 2217 2476 2272 xa‘t
2503 2216 2836 2287 τραυμάτων
2869 2215 2980 2272 τῶν
3023 2215 3167 2269 κατὰ
3190 2216 3369 2287 ψυχὴν
3399 2218 3715 2289 φάρμακον.

2462 2327 2480 2360 ι
2522 2308 2709 2360 Πάντα
2745 2307 2814 2362 τὰ
2857 2307 2985 2379 ἔθνη
3026 2306 3350 2360 ὲκύκλωσάν
3384 2326 3472 2378 με.
3511 2327 3530 2360 ι

2458 2402 2568 2455 Καὶ
2591 2400 2709 2464 πῶς
2757 2399 2850 2453 τὸν
2899 2400 2996 2453 ἕνα
3037 2401 3218 2456 πάντα
3268 2401 3458 2454 κυκλοῖ
3502 2401 3569 2454 τὰ
3616 2399 3784 2470 ἕθνης
3840 2397 3986 2453 ἀλλὰ

2382 2496 2562 2549 πάντα
2583 2494 2712 2566 ἔθνη
2739 2495 2865 2556 τοὺς
2883 2487 3177 2564 διαφόρόυς
3202 2491 3349 2562 βίους
3375 2492 3484 2547 τῶν
3506 2493 3601 2546 ἀνθ
3609 2491 3818 2564 ρώπων
3847 2491 3985 2545 ἑκά-

2382 2589 2561 2654 λεσεν,
2616 2586 2806 2657 ἐπειδὴ
2860 2586 3110 2657 διάφοροι
3148 2585 3254 2656 βίοι
3303 2588 3416 2650 τοῖς
3466 2586 3717 2653 ἔθνεσιν,
3750 2585 3881 2639 ὅθεν
3915 2583 3988 2654 δὴ

2386 2684 2479 2737 καὶ
2519 2681 2616 2735 ἀπ’
2645 2679 2894 2751 ἀλλήλων
2921 2681 3259 2751 μερίζονται.
3293 2680 3398 2733 Τὸν
3429 2681 3640 2735 δίκαιον
3670 2679 3861 2733 τοίνυν
3883 2679 3986 2734 και

2385 2777 2434 2829 οί
2475 2774 2706 2846 πονηροὶ
2735 2772 3018 2838 κυκλοῦσι,
3051 2772 3145 2827 καὶ⁸
3173 2775 3221 2827 οί
3257 2773 3586 2845 φιλάργυροι
3609 2813 3624 2839 ,
3655 2773 3750 2826 καὶ
3785 2775 3838 2826 οί
3877 2773 3984 2842 βά-

2389 2883 2619 2931 σκανοι,
2676 2865 2770 2919 καὶ
2821 2865 3206 2935 ὑπερήφανοι,
3277 2867 3375 2920 καὶ
3431 2865 3748 2936 ὑποκριταὶ,
3796 2865 3984 2919 κοινὸν

2389 2956 2584 3028 ἐχθρὸν
2630 2958 2720 3011 τὸν
2761 2956 2850 3009 διὰ
2887 2956 2979 3009 τὸν
3019 2957 3262 3028 ἔλεγχον,
3293 2958 3385 3011 τὸν
3415 2959 3478 3010 ἐκ
3507 2957 3607 3026 τῆς
3637 2956 3858 3010 ἐκείνου
3887 2957 3982 3010 εύ-

2391 3049 2580 3115 ζωῖας,
2617 3049 2953 3119 νομίζοντεςο
2978 3048 3094 3102 ἀλλ’
3133 3044 3290 3112 οὗτος
3311 3047 3471 3102 τούτο
3505 3048 3567 3100 τὸ
3597 3046 3807 3117 πλῆθος
3832 3046 3983 3118 ἀμύ-

708 3136 779 3189 de
815 3137 973 3191 turba
995 3137 1084 3191 illa
1117 3138 1359 3193 vindicat
1379 3156 1477 3210 per
1506 3157 1705 3196 nomen
1726 3142 1845 3197 Det.
1869 3142 2073 3198 Nomen
2103 3154 2284 3198 autem

2392 3157 2542 3194 νεται
2575 3140 2652 3211 τῷ
2680 3140 2904 3210 ὀνόματι
2931 3139 3028 3193 τοῦ
3062 3138 3221 3194 Θεοῦ.
3256 3141 3470 3209 Ὀνομα
3511 3137 3569 3192 δὲ
3597 3137 3748 3208 αύτῳ
3773 3138 3805 3191 ὁ
3840 3138 3980 3210 Χρι-

711 3230 813 3300 ipsi
843 3228 1113 3296 Christus,
1141 3232 1288 3301 quod
1311 3233 1380 3286 ad
1427 3247 1620 3289 omnes
1661 3234 1886 3290 insidias
1933 3236 2288 3294 vindicandas

2395 3236 2538 3301 στὸς,
2563 3238 2702 3305 ὅπερ
2725 3236 2806 3299 είς
2835 3235 3052 3306 ἄμυναν
3089 3234 3274 3306 πάσης
3299 3233 3596 3304 ἐπιϐουλῆς
3623 3234 3810 3306 ἀρκεῖο
3848 3233 3982 3285 αὐτὸ

712 3319 844 3374 satis
899 3327 1012 3375 est:
1070 3321 1199 3374 illud
1244 3322 1392 3376 enim
1435 3332 1491 3378 et
1530 3333 1829 3391 armatura,
1876 3334 1932 3380 et
1979 3335 2192 3380 scutum
2235 3336 2290 3382 et

713 3414 962 3468 custodia
993 3423 1080 3468 est
1111 3414 1186 3468 illi
1215 3416 1306 3482 qui
1337 3416 1477 3485 gerit
1507 3417 1706 3486 ipsum.

787 3501 948 3560 Vens.
991 3505 1080 3560 15.
1115 3523 1134 3556 ι
1176 3506 1445 3575 lmpulsus
1467 3522 1693 3561 eversus
1723 3524 1841 3563 sum
1874 3519 1930 3564 ut
1956 3509 2230 3564 caderem.
2267 3527 2285 3560 ι

787 3596 1082 3665 lmpellunt
1114 3613 1215 3652 nos
1238 3600 1291 3651 in
1323 3607 1607 3667 peceatum
1648 3601 2008 3670 cogitationes
2032 3617 2293 3670 quaecun-

717 3705 824 3757 quc
860 3697 1091 3759 vergunt
1112 3690 1178 3743 ad
1210 3689 1532 3759 voluptates,
1567 3701 1621 3745 et
1649 3706 1679 3744 a
1705 3691 1856 3745 ﬁrma
1891 3691 2022 3762 legis
2060 3692 2295 3745 statione

718 3790 1052 3846 avertentes,
1082 3782 1368 3850 expeditos
1397 3799 1496 3837 nos
1529 3784 1766 3838 reddunt
1798 3795 1854 3838 ut
1883 3801 1914 3839 a
1955 3785 2296 3840 daemonibus

719 3873 1057 3940 dejiciamur.
1083 3873 1280 3929 Verum
1310 3875 1352 3930 si
1386 3875 1552 3930 sobrii
1587 3876 1974 3945 vigilantesque
2007 3875 2293 3940 fuerimus,

724 3965 1047 4018 habebimus
1094 3964 1264 4018 Deum
1299 3975 1701 4035 protectorem:
1740 3969 1855 4036 ipse
1891 3967 2038 4020 enim
2076 3977 2131 4021 et
2175 3967 2298 4021 ani-

721 4071 866 4109 mam
901 4065 1143 4110 nostram
1170 4057 1494 4113 conﬁrmare
1524 4075 1754 4130 eamque
1784 4060 2023 4131 dejicere
2050 4060 2299 4116 volentes

723 4146 978 4215 persequi
1004 4154 1204 4213 potest.

797 4233 959 4290 Vens.
996 4235 1082 4290 15.
1119 4253 1139 4286 ι
1175 4235 1292 4289 Vox
1320 4234 1696 4291 exsultationis
1725 4246 1779 4291 et
1808 4236 2052 4292 salutis.»

795 4327 1031 4392 Quando
1069 4327 1216 4381 enim
1260 4327 1407 4382 Deus
1449 4328 1766 4383 universum
1815 4331 2298 4394 consummaverit,

2391 3327 2500 3394 γὰρ
2530 3325 2693 3378 ὅπλον
2728 3327 2824 3379 καὶ
2875 3326 3044 3390 ἀσπὶς
3083 3326 3179 3380 καὶ
3221 3327 3481 3397 φρούριον
3531 3322 3628 3378 τοῦ
3680 3323 3980 3394 φοροῦντος

2391 3419 2527 3472 αὐτὸ
2559 3419 2792 3487 γίνεται.

2468 3527 2487 3560 ι
2533 3508 2742 3570 Ὠσθεὶς
2773 3507 3089 3579 ἀνετράπην
3117 3507 3211 3561 τοῦ
3250 3510 3458 3565 πεσεῖν.
3491 3529 3511 3562 ι

2478 3599 2723 3654 Ὦθοῦσιν
2773 3602 2920 3670 ἡμᾶς
2966 3601 3046 3664 εἰς
3092 3600 3367 3670 ἁμαρτίαν
3411 3601 3527 3654 ὅσοι
3555 3600 3666 3653 τῶν
3693 3599 3978 3670 λογισμῶν

2397 3695 2533 3767 πρὸς
2565 3695 2665 3758 τὰς
2693 3693 2885 3764 ἡδονὰς
2927 3692 3174 3762 ῥέπουσι,
3210 3692 3304 3745 καὶ
3344 3691 3457 3745 ἀπὸ
3499 3691 3602 3759 τῆς
3638 3689 3982 3763 ἑδραίαςτῆς

2398 3788 2455 3840 ἐν
2489 3785 2565 3857 τῷ
2607 3785 2758 3855 νόμῳ
2785 3785 3028 3845 στάσεως
3068 3782 3499 3853 ἀνατρέψαντες,
3534 3783 3783 3852 εὐχερεῖς
3819 3785 3899 3844 είς
3920 3783 3982 3834 τὸ

2399 3876 2807 3948 καταϐληθῆναι
2843 3875 2995 3945 παρὰ
3025 3874 3296 3943 δαιμόνων
3319 3875 3668 3943 ἐργάζονται.
3715 3872 3859 3926 Ἀλλ’
3884 3873 3984 3925 ἐὰν

2404 3970 2676 4041 νήφωμεν,
2712 3968 2908 4036 ἕξομεν
2937 3967 3026 4018 τὸν
3056 3965 3189 4018 Θεὸν
3220 3966 3299 4028 εἰς
3337 3964 3645 4035 ἀντίληψινο
3683 3957 3841 4028 οὗτος
3873 3964 3984 4034 γὰρ

2401 4062 2556 4133 ἡμῶν
2597 4059 2694 4113 καὶ
2735 4061 2835 4128 τὴν
2881 4056 3058 4127 ψυχὴν
3090 4056 3367 4126 στηρίξαι,
3392 4057 3488 4110 καὶ
3523 4056 3653 4120 τοὺς
3697 4055 3978 4119 ὶθέλοντας

2401 4152 2750 4215 κατασαλείν,
2770 4149 3070 4214 ἀποδιῶξαι
3097 4149 3342 4205 δύναται.

2481 4265 2500 4298 ι
2533 4244 2690 4316 Φωνὴ
2716 4241 3093 4311 ἀγαλλιάσεως
3122 4241 3218 4294 καὶ
3248 4239 3545 4311 σωτηρίας.
3581 4256 3604 4290 ι

2476 4336 2648 4388 Ὅταν
2694 4333 2804 4404 γὰρ
2833 4332 2964 4394 Θεὸς
2997 4329 3324 4403 κατορθώσῃ
3354 4331 3416 4384 τὸ
3445 4331 3574 4395 πᾶν,
3605 4330 3657 4383 οί
3698 4330 3798 4401 τῆς
3827 4329 3976 4392 νίκης

726 4421 785 4474 hi
812 4419 907 4488 qui
935 4419 1160 4473 victoria
1194 4418 1450 4473 fruuntur
1479 4420 1751 4490 gaudent,
1783 4423 2078 4487 exsultant,
2097 4423 2288 4492 duplic1

2406 4427 2767 4489 ἀπολαύοντες
2801 4424 3077 4496 χαίρουσι,
3120 4423 3405 4494 σκιρτῶσι,
3430 4421 3592 4493 διπλῇ
3632 4420 3974 4491 γαννύμενοι,

727 4512 915 4565 laetitia
963 4507 1171 4574 allecti,
1204 4521 1260 4564 et
1313 4512 1458 4580 quod
1501 4511 1700 4565 servati
1735 4513 1863 4578 sint,
1914 4521 1970 4567 et
2015 4514 2162 4583 quod
2208 4531 2288 4584 pe:

2409 4520 2504 4572 xui.
2543 4518 2639 4571 τοῦ
2682 4516 3040 4585 διασωθῆναι,
3089 4515 3186 4568 καὶ
3240 4513 3336 4567 τοῦ
3388 4513 3478 4566 δῖα
3537 4511 3673 4565 Θεοῦ
3726 4511 3975 4581 σωθῆναι.

729 4603 904 4659 Deum
951 4603 1179 4658 servati.
1208 4602 1434 4657 Laetitiae
1475 4618 1638 4658 causa
1669 4611 1754 4657 est
1783 4604 1830 4658 is
1871 4603 1962 4674 qui
1999 4605 2303 4674 tropbaaum

729 4697 928 4752 erexit.
965 4696 1171 4751 Deinde
1216 4696 1513 4750 ostendens
1552 4695 1808 4764 quidnam
1854 4711 1980 4750 eum
2029 4697 2306 4766 impulerit

734 4789 802 4842 ad
826 4787 929 4842 hoc
960 4788 1223 4841 auxilium
1256 4787 1539 4842 ferendum
1569 4788 1870 4856 subiunxit,
1899 4787 1962 4841 In
1991 4789 2306 4843 tabernacu-

739 4880 803 4932 lis
819 4879 1107 4946 justorum.
1134 4877 1252 4932 Non
1288 4877 1423 4932 dixit
1447 4878 1502 4931 in
1533 4878 1803 4943 domibus,
1840 4880 1935 4933 sed
1962 4881 2016 4933 in
2050 4881 2307 4934 taberna-

739 4972 898 5034 culis,
927 4969 1117 5025 volens
1151 4970 1444 5024 ostendere
1474 4970 1902 5040 extemporalem
1934 4985 2130 5026 eorum
2155 4973 2312 5027 habi-

743 5064 1032 5118 tationem.

817 5155 983 5212 Vens.
1021 5155 1105 5210 l6.
1144 5173 1163 5206 ι
1205 5155 1402 5209 Dextra
1438 5154 1648 5209 Domini
1684 5155 2111 5211 fecitvirt'ut'em.
2153 5176 2172 5210 ι

816 5248 932 5302 Hoc
967 5257 1049 5301 est
1082 5247 1316 5301 maxime
1351 5247 1458 5300 vita
1500 5248 1676 5317 ipsum
1708 5247 1951 5314 laudare,
1981 5258 2035 5302 et
2063 5249 2319 5304 omnibus

747 5338 1076 5394 annuntiare
1117 5340 1379 5393 miracula
1407 5340 1547 5409 ejus.
1576 5340 1767 5407 Qualia
1793 5355 1980 5411 opera,
2014 5341 2102 5396 dic
2145 5340 2315 5396 mihi?

751 5432 876 5486 llaec
901 5446 1023 5499 quae
1049 5439 1403 5485 enarraturus
1427 5442 1510 5485 est

823 5522 989 5578 Vens.
1015 5521 1104 5578 20.
1144 5541 1161 5573 ι
1194 5523 1318 5577 llmc
1343 5537 1500 5593 porta
1533 5523 1766 5579 Domini.
1807 5543 1826 5576 ι

825 5613 1004 5669 Pot-t2
1040 5615 1171 5669 olim
1219 5626 1375 5670 erant
1429 5616 1513 5672 lex
1562 5626 1617 5670 et
1675 5618 1976 5688 prophctze,
2035 5634 2130 5689 per
2187 5633 2325 5689 quas

867 5797 910 5827 ³³
943 5793 1085 5848 Paul.
1119 5810 1225 5857 LVI,
1260 5793 1312 5848 5.
1425 5796 1466 5826 ³⁵
1506 5791 1641 5848 Gen.
1685 5810 1831 5859 nix,
1867 5759 1953 5850 il0.

2411 4611 2582 4666 Τοῦτο
2605 4612 2750 4663 ποιεῖ
2772 4608 2868 4680 τὴν
2894 4608 3236 4679 εὐφροσύνην
3268 4607 3355 4660 ὅτε
3384 4606 3445 4658 τὸ
3470 4605 3732 4676 τρόπαιον

2413 4700 2545 4757 Εἶτα
2565 4701 2777 4762 δεικνὺς
2802 4700 2899 4766 τῆς
2930 4697 3252 4768 συμμαχίας
3282 4697 3380 4768 τῆς
3409 4697 3664 4765 τοιαύτης
3690 4695 3790 4766 τὴν
3821 4697 3981 4764 ἀφορ-

2419 4796 2548 4864 μὴν,
2570 4792 2863 4862 φησὶν,Ἐν
2883 4789 3142 4857 σκηναῖς
3166 4789 3430 4842 δικαίων.
3458 4789 3574 4841 υύκ
3593 4782 3748 4840 εἶπεν
3768 4786 3978 4848 οἰκίαις,

2416 4886 2550 4938 ἀλλὰ
2582 4885 2830 4954 σκηναῖς,
2880 4881 2941 4934 τὸ
2994 4881 3411 4950 ἐσχεδιασμένον
3449 4881 3549 4950 τῆς
3578 4879 3845 4950 οἰκήσεως
3891 4879 3979 4933 αύ-

2414 4978 2523 5032 τῶν
2556 4975 2913 5047 παραστῆσαι
2936 4973 3286 5044 βουλόμενος.

2492 5177 2512 5208 σ
2549 5157 2707 5219 Δεξια
2738 5151 2947 5222 Κυρίου
2980 5150 3202 5218 εποίησε
3240 5147 3494 5215 δύναμιν.
3538 5163 3561 5199 ι

2486 5249 2658 5303 Τοῦτο
2688 5247 2922 5317 μάλιστα
2969 5244 3082 5313 ζωὴ
3133 5241 3195 5294 τὸ
3242 5242 3337 5293 καὶ
3369 5238 3532 5291 αὐτὸν
3571 5238 3764 5300 αἰνεῖν,
3791 5237 3883 5290 καὶ
3905 5236 3976 5298 είς

2422 5344 2665 5403 ἅπαντας
2686 5336 3035 5406 ἐξαγγέλλειν
3063 5332 3229 5387 αὐτοῦ
3255 5333 3323 5384 τὰ
3351 5330 3631 5399 θαύματα.
3663 5330 3802 5384 Ποῖα
3836 5329 3978 5400 ἔργα,

2423 5433 2545 5486 εἰπέ
2573 5447 2697 5501 μοις
2727 5427 2916 5482 Ταῦτα
2943 5427 2979 5480 ἃ
3013 5423 3194 5496 μέλλει
3223 5420 3552 5492 διηγεῖσθαι.

2502 5543 2519 5575 ι
2553 5521 2700 5591 Αὕτη
2729 5523 2762 5590 ἡ
2798 5519 2941 5588 πύλη
2975 5516 3068 5570 τοῦ
3099 5512 3324 5584 Κυρίου.
3359 5531 3378 5565 ι

2504 5588 2868 5668 Πύλαινπᾶλαι
2901 5611 2928 5664 ὁ
2953 5608 3115 5679 νόμος
3149 5605 3244 5659 καὶ
3274 5603 3324 5656 οἱ
3365 5600 3666 5674 προφῆται,
3697 5597 3766 5653 δι’
3790 5588 3864 5653 ὧν
3883 5597 3980 5651 εισ-
