4156 6452
195 356 324 421 1337
1285 360 1750 422 FRAGMENTA
1790 362 1872 422 IN
1910 364 2274 427 PSALMOS.
3324 359 3464 426 1338

188 466 276 540 ᾔει
311 464 446 538 πρὸς
475 464 607 522 Θεὸν
637 463 666 518 ό
706 466 948 538 Ἰσραήλ.
977 466 1128 540 Πύλη
1170 469 1229 524 δὲ
1272 470 1369 524 νῦν
1397 472 1430 541 ὴ
1463 472 1671 538 πίστις,
1700 471 1768 526 δι’
1799 479 1829 536 Α

1820 479 1841 536 λ
1874 474 2039 530 Israel
2072 475 2143 531 ad
2185 475 2357 531 Deum
2390 473 2827 547 iugrediebatur.
2862 471 3020 530 Modo
3072 480 3258 528 autem
3305 480 3461 541 porta

186 555 256 634 ἧς
283 560 619 630 οἰκειότερον
639 561 738 616 νύν
759 563 1176 636 προσαγόμεθα,
1202 566 1641 639 μαρτυρούμενοι
1669 565 1778 620 ὑπὸ

1891 577 1976 622 est
1999 566 2155 634 ﬁdes,
2186 581 2286 637 per
2304 582 2468 637 quam
2501 566 2672 639 magis
2702 567 2922 636 proprie
2947 579 3096 620 nunc
3116 562 3463 628 adducimur.

189 654 284 716 τοῦ
315 655 484 726 νόμου
513 657 609 710 καὶ
635 657 958 729 προφητῶν.

1893 662 2028 733 legis
2061 677 2126 717 ac
2159 661 2554 732 prophetarum
2591 660 2908 715 testimonio
2934 657 3162 714 sull‘ulti.

260 766 279 798 ι
316 747 455 811 Θεὸς
492 747 721 820 Κύριος,
755 750 851 804 καὶ
879 751 1159 822 έπέφανεν
1189 752 1344 823 ἡμῖν.
1384 770 1402 804 s

1964 755 2125 811 Vens.
2160 754 2252 810 27.
2281 772 2300 806 ι
2332 754 2474 810 Deus
2498 755 2783 819 Dominus,
2813 761 2869 807 et
2891 752 3066 807 illuxit
3095 749 3276 805 nobis.
3307 767 3325 800 ι

268 837 537 892 Ἐνταῦθα.
569 840 750 893 τοίνυν
783 843 811 894 ὁ
857 841 1154 914 Προφήτης
1201 841 1302 914 τὴν
1351 842 1632 914 σάρκωσιν
1662 840 1797 894 θαυ-

1965 847 2079 904 Hoc
2128 848 2250 904 loco
2302 847 2472 919 igitur
2501 847 2777 918 Propheta
2822 843 3262 901 incarnationem
3296 840 3472 895 admi-

188 925 376 996 μάζει,
409 927 496 980 ὃτι
524 927 658 992 Θεδς
696 927 774 983 ὢν
805 930 904 982 καὶ
948 931 1154 1002 Κύριος
1205 929 1305 995 ὣν,
1352 932 1450 986 ναὶ
1474 932 1575 1002 τῆς
1604 929 1797 994 οὐσίας

1895 949 2070 1006 ratur,
2101 941 2247 1010 quod
2286 954 2414 995 cum
2460 938 2603 994 Deus
2625 946 2772 994 esset
2818 954 2883 993 ac
2913 936 3194 998 Dominus,
3227 942 3282 988 et
3330 933 3474 987 illius

186 1016 437 1086 ἐκείνης,
500 1018 840 1089 κατηξίωσεν
901 1024 1258 1095 ἐπιφανῆναι.
1312 1025 1483 1078 Ὅταν
1534 1024 1594 1078 δὲ
1634 1021 1789 1092 εἴπῃ,

1897 1043 2109 1088 natura!
2130 1035 2435 1097 exsisteret,
2458 1032 2709 1104 dignatus
2736 1030 2903 1087 fuerit
2931 1044 3221 1101 apparere.
3245 1025 3477 1093 Quando

199 1110 530 1179 ‘Eaégars,
565 1113 664 1184 τὴν
693 1114 1009 1184 οἰκονομίαν
1049 1115 1222 1183 λέγει,
1251 1114 1313 1168 τὸ
1341 1116 1422 1179 είς
1452 1115 1668 1186 μήτραν
1695 1111 1792 1164 ὲλο

1897 1134 2080 1178 autem
2129 1124 2262 1179 dicit
2306 1124 2514 1188 Illuxit,
2569 1123 3032 1193 dispensationem
3092 1118 3384 1189 intelligit,
3418 1125 3477 1170 ut

188 1201 310 1255 θεῖν
342 1202 707 1274 παρθενικὴν,
746 1207 842 1258 καὶ
897 1209 1010 1269 τοῖς
1060 1206 1369 1278 ἀνθρώποις
1421 1222 1792 1276 συναναστρα-

1894 1218 2038 1288 quod
2065 1217 2122 1271 in
2155 1226 2371 1272 uterum
2403 1216 2709 1288 virgineuru
2739 1216 2974 1278 venerit,
2996 1222 3204 1268 etcum
3239 1209 3479 1266 homini-

187 1295 386 1364 φῆναι.
410 1295 513 1348 Διὰ
537 1296 601 1364 δὴ
630 1297 810 1366 τοῦτο,
836 1300 1272 1370 Εὺλογήκαμεν
1288 1299 1464 1369 ὑμᾶς,
1492 1297 1681 1369 φησιν,
1707 1297 1792 1350 ὃτι

1895 1313 1996 1361 bus
2048 1316 2410 1363 conversatus
2443 1308 2533 1363 sit.
2584 1306 2855 1373 Quocirca
2901 1305 3055 1370 dicit,
3107 1303 3481 1358 Benediximus

185 1386 462 1454 τοιαύτης
496 1388 849 1459 ἀπηλαύσατε
876 1391 1110 1463 δωρεᾶς·
1152 1391 1181 1446 ὃ
1222 1393 1319 1446 καὶ
1343 1392 1372 1443 ό
1407 1389 1650 1462 Χριστὸς
1681 1387 1797 1440 ἔλε-

1892 1398 2053 1462 vobis,
2085 1397 2232 1467 quod
2269 1397 2374 1452 tale
2405 1398 2614 1452 donum
2646 1397 2768 1452 sitis
2798 1396 3104 1451 consecuti.
3148 1393 3264 1450 Hoc
3307 1392 3480 1448 etiam

187 1495 291 1545 γε·
328 1480 566 1534 Πολλοὶ
630 1481 935 1550 προφῆται
987 1485 1086 1537 καὶ
1132 1483 1356 1539 δίκαιοι
1402 1483 1800 1551 ἐπεθύμησαν

1895 1488 2149 1544 Christus
2201 1488 2369 1544 dixit:
2425 1487 2586 1542 Multi
2617 1489 2885 1557 prophetae
2933 1495 2984 1541 et
3021 1486 3157 1556 justi
3202 1486 3479 1554 cupierunt

188 1569 347 1624 ιδεῒν
369 1569 410 1625 d
432 1571 646 1638 εῖδετε,
670 1574 768 1627 καὶ
791 1574 904 1627 οὐκ
923 1570 1112 1642 εἶδον,
1136 1574 1237 1630 καὶ
1255 1574 1516 1630 ἀκοῦσαι
1534 1570 1572 1628 ἁ
1591 1571 1801 1628 ἀκούε-

1897 1579 2073 1634 videre
2114 1594 2231 1649 qua
2278 1579 2468 1634 videtis
2506 1588 2553 1632 et
2595 1595 2698 1632 non
2728 1580 2994 1643 viderunt,
3041 1586 3090 1633 et
3129 1578 3319 1631 audire
3367 1591 3483 1647 qua:

189 1679 280 1728 τε,
315 1661 420 1716 καὶ
465 1665 576 1717 οὐκ
615 1663 916 1732 ἤκουσαν.

1899 1670 2099 1724 auditis
2121 1678 2170 1722 et
2192 1685 2294 1722 non
2320 1670 2604 1723 audierunt
2627 1669 2693 1725 ⁸⁸.

271 1774 291 1807 ι
339 1757 704 1826 Συστήσασθε
737 1757 930 1827 ἑορτὴν
962 1757 1020 1810 ἐν
1046 1759 1156 1821 τοῖς
1191 1755 1552 1820 πυκάζουσιν.
1592 1773 1612 1807 s
1832 1823 1865 1827 _

1832 1823 1865 1827 _
1977 1779 1996 1814 ι
2032 1760 2362 1817 Constituite
2387 1761 2534 1816 diem
2569 1761 2874 1816 solemnem
2907 1760 2962 1815 in
2998 1759 3319 1815 condensis.
3354 1776 3372 1809 ι

267 1848 369 1913 Τὸ,
394 1847 469 1901 ἐν
495 1823 617 1913 τοῖς
652 1823 1051 1915 πυκάζοιθσιν,
1077 1849 1200 1902 ἀντὶ
1224 1847 1319 1901 τοῦ
1349 1845 1801 1917 πεπυκνωμένοις
1832 1823 1874 1877 Β

1843 1823 1874 1877 Β
1973 1850 2109 1905 Illud
2152 1851 2209 1904 in
2263 1851 2536 1905 condensis
2587 1849 2770 1922 posuit
2823 1866 2922 1920 pro
2967 1849 3484 1918 constipatisznam

191 1939 443 1994 τέθεικε·
466 1940 528 1992 τὸ
551 1941 662 2011 γὰρ
693 1940 1140 2011 πεπυκασμένον,
1171 1939 1603 2011 πεπυκνωμένον
1625 1938 1720 1996 καὶ
1751 1939 1802 1992 oi

1903 1943 2047 2013 quod
2078 1943 2472 1998 condensatum
2517 1951 2622 2008 est,
2657 1942 2714 1997 hi
2744 1958 2965 2013 quoque
3013 1941 3110 2012 qui
3154 1958 3185 1996 a
3235 1955 3488 1996 sermone

193 2032 308 2097 ἔξω
349 2032 450 2085 τοῦ
485 2031 609 2084 καθ’
633 2032 781 2102 ἡμᾶς
823 2030 986 2099 λόγου
1024 2031 1305 2085 καλοῦσιν.

1904 2044 2094 2090 nostro
2122 2034 2368 2090 extranei
2398 2041 2528 2089 eunt
2552 2035 2917 2106 constipatum
2941 2044 3158 2090 vocant.

279 2143 298 2176 ‹
344 2124 489 2186 Θεός
523 2141 625 2194 μου
666 2119 717 2175 εἶ
742 2125 830 2188 σὺ,
867 2123 961 2177 καὶ
986 2123 1458 2195 ἐξομολογησομαί
1493 2141 1596 2177 σοι.
1631 2142 1650 2175 s

1976 2125 2142 2181 Vnus.
2169 2120 2292 2180 28h
2327 2125 2474 2180 Deus
2505 2141 2661 2180 meus
2695 2141 2754 2180 es
2779 2135 2859 2192 tu,
2891 2135 2947 2182 et
2980 2125 3281 2182 conﬁtebor
3311 2123 3428 2179 tibi.
3464 2140 3483 2173 ι

273 2215 403 2269 Τίνι
438 2217 498 2269 δὲ
530 2216 704 2269 ταῦτα
743 2215 914 2284 λέγει,
961 2217 994 2286 ἢ
1039 2217 1116 2285 τῷ
1149 2217 1405 2286 ἀνωτέρω
1447 2215 1805 2289 δεδηλωμένῳ

1974 2217 2074 2274 Cui
2117 2232 2282 2288 porro
2331 2218 2448 2273 haec
2496 2218 2650 2284 dicit,
2687 2218 2795 2272 nisi
2833 2217 3064 2274 Domino
3103 2216 3357 2288 superius
3396 2216 3490 2270 de-

200 2307 406 2376 Κυρίῳ
431 2324 447 2372 ;
476 2306 552 2377 τῷ
574 2309 637 2359 ὲκ
664 2305 897 2376 θλίψεως
923 2307 1214 2378 ῥυσαμένῳ
1240 2306 1421 2370 αὑτὸν,
1452 2306 1529 2378 τῷ
1549 2309 1644 2361 καὶ
1679 2309 1805 2372 τοὺς

1907 2312 2144 2369 clarato?
2171 2310 2263 2381 qui
2312 2310 2380 2365 de
2427 2311 2781 2366 tribulatione
2828 2310 3004 2380 ipsum
3057 2310 3404 2372 liberaverat,
3437 2315 3492 2361 et

202 2399 452 2469 ἐχθροὺς
482 2396 648 2452 αὑτοῦ
685 2395 1109 2465 ταπεινώσαντι,
1161 2397 1241 2469 τῷ
1285 2398 1379 2453 καὶ
1409 2400 1501 2452 τὸν
1528 2399 1675 2454 λίθον
1712 2400 1806 2454 τὸν

1908 2404 2162 2460 inimicos
2203 2403 2326 2473 ejus
2375 2403 2802 2458 bumiliaverat:
2855 2401 2950 2472 qui
3001 2400 3236 2471 lapidem
3273 2411 3491 2468 quoque

202 2490 604 2558 ἀποϐληθέντα
633 2490 770 2562 πρὸς
801 2489 908 2543 τῶν
945 2491 1245 2561 οἰκοδόμων
1277 2491 1576 2561 ὑψώσαντι,
1610 2492 1686 2563 τῷ
1713 2494 1807 2546 καὶ

1907 2499 1976 2554 ab
2009 2496 2408 2553 aediﬁcantibus
2460 2495 2813 2566 reprobatum
2841 2493 3121 2556 exaltavit,
3147 2491 3240 2562 qui
3270 2499 3326 2546 et
3351 2490 3492 2544 bene

206 2581 552 2635 εύοδώσαντι
592 2583 687 2635 καὶ
731 2581 966 2635 σώσαντι
1026 2584 1152 2646 τοὺς
1199 2585 1279 2647 εἰς
1319 2584 1483 2639 αὐτὸν
1521 2585 1807 2639 πιστεύονο

1604 2585 1807 2639 ττεύονο
1908 2588 2274 2661 prosperavit,
2303 2594 2359 2641 et
2389 2586 2628 2642 servavit
2653 2586 2941 2642 credentes
2960 2585 3018 2639 in
3045 2584 3245 2656 ipsum.

209 2691 339 2737 τας.

292 2784 311 2816 ι
363 2765 815 2836 Ἐξομολογεῖσθε
841 2764 919 2836 τῷ
950 2765 1144 2836 Κυρίῳ
1171 2767 1255 2820 ὅτι
1287 2767 1511 2836 ἀγαθός.
1552 2786 1571 2819 s

1983 2775 2150 2830 Vens.
2175 2772 2266 2828 29.
2293 2790 2312 2824 ι
2343 2768 2694 2827 Conﬁtemini
2718 2765 2952 2823 Domino
2977 2763 3237 2834 quoniam
3256 2761 3491 2817 bonus»

289 2857 468 2910 Ὅθεν
501 2861 528 2909 ὁ
558 2858 851 2928 Προφήτης
888 2857 982 2912 τοῦ
1011 2859 1104 2911 νῦν
1138 2858 1356 2929 ψαλμοῦ
1394 2859 1498 2929 τῆς
1541 2858 1811 2930 μελῳδίας

1983 2867 2143 2924 Unde
2187 2865 2462 2934 Propheta
2527 2861 2693 2930 hujus
2739 2856 2932 2928 psalmi
2986 2853 3280 2909 melodiam
3340 2865 3501 2906 orsus

213 2949 454 3018 ἤρξατο,
485 2950 693 3003 ἐκεῖθεν
749 2949 899 3020 αὐτῷ
941 2951 1038 3004 καὶ
1088 2951 1149 3004 τὺ
1189 2951 1340 3014 τέλος
1375 2951 1669 3022 ἐπέθηκεν,
1720 2951 1812 3005 ἶνα

1913 2963 2115 3026 fuerat,
2168 2956 2468 3013 identidem
2501 2967 2720 3024 quoque
2770 2951 2849 3005 illi
2897 2948 3062 3003 ﬁnem
3113 2944 3397 3016 imposuit,
3442 2951 3503 2999 ut

212 3041 320 3111 τὴν
353 3041 749 3114 ἐξομολόγησιν
799 3041 966 3114 μέχρι
1014 3043 1216 3109 παντὸς
1265 3043 1358 3096 τοῦ
1407 3042 1527 3114 βίου
1557 3042 1811 3114 φυλάξω-

1676 3042 1811 3108 ίξω⁶
1915 3052 2320 3114 confessionem
2347 3064 2446 3122 per
2470 3060 2693 3104 omnem
2721 3043 2889 3100 vitam
2917 3038 3317 3113 custodiamus.

267 3152 348 3188 εν.

220 3152 261 3205 μ
781 3225 1077 3280 ΨΔΛΜΟΣ
1109 3226 1264 3280 PIII'.
1842 3170 1861 3232 ⁴

1842 3169 1890 3233 C
2411 3223 2734 3283 PSALBIUS
2773 3217 3005 3279 CXVIII.

301 3337 323 3368 ι
363 3317 647 3386 Μακάριοι
678 3315 729 3369 οί
754 3314 1144 3387 ἐξερευνῶντες
1183 3317 1252 3371 τὰ
1283 3319 1580 3389 μαρτύρια.
1615 3336 1635 3370 s

1991 3324 2158 3381 Vens.
2194 3323 2250 3377 2.
2289 3338 2308 3372 ι
2340 3317 2494 3374 Beati
2515 3317 2610 3387 qui
2638 3320 2958 3371 scrutantur
2981 3307 3319 3365 testimonia.
3352 3321 3372 3358 ο

297 3411 367 3461 Ol
400 3408 671 3480 δεύτεροι,
703 3407 777 3471 ώς
816 3408 911 3461 ἐπὶ
935 3409 1221 3479 κρείττονα
1256 3410 1350 3463 καὶ
1380 3410 1652 3482 ἀνώτερον
1689 3414 1823 3466 ἀνα-

1994 3410 2238 3469 Secundi
2271 3417 2528 3478 tanquam
2561 3405 2628 3460 ad
2666 3402 3106 3474 praestantiorem
3137 3406 3194 3454 et
3223 3393 3509 3452 sublimio-

222 3503 515 3564 ϐαίνοντες
566 3501 795 3572 βαθμὸν,
827 3500 1006 3565 ἄλλως
1043 3501 1283 3570 γίνονται
1313 3503 1598 3575 μακάριοι,
1628 3502 1717 3556 διὰ
1764 3502 1824 3556 τὸ

1924 3519 2042 3561 rem
2067 3501 2296 3575 gradum
2323 3496 2689 3554 ascendentes
2718 3493 2879 3549 aliter
2900 3491 3046 3546 beati
3067 3489 3225 3553 ﬁunt,
3243 3486 3370 3558 quia
3396 3501 3509 3541 non

227 3595 311 3666 μὴ
369 3593 536 3662 μόνον
579 3592 882 3661 κατορθοῦν
930 3593 1024 3647 τὸν
1068 3593 1260 3662 ἠθικὸν
1297 3594 1528 3664 τρόπον,
1578 3592 1692 3647 ἀλλ’
1721 3592 1823 3667 ἠδη

1925 3597 2102 3654 solum
2149 3591 2412 3647 moralem
2459 3586 2681 3642 modum
2730 3592 2880 3639 recte
2931 3589 3177 3647 teneant,
3208 3579 3306 3635 sed
3342 3577 3509 3634 etiam

225 3693 330 3746 καὶ
359 3689 656 3761 ὲξερευνᾷν
685 3688 752 3743 τὰ
784 3688 922 3759 βάθη
950 3688 1060 3744 τῶν
1106 3690 1426 3762 μαρτυρίων
1457 3688 1646 3744 αὑτοῦ.

1497 3688 1646 3744 ύτοῠ.
1927 3686 2367 3744 testimoniorum
2397 3680 2518 3751 ejus
2548 3677 2818 3749 profunda
2845 3676 3136 3729 rimentur.

309 3806 330 3838 ι
383 3759 476 3837 Ἐν
506 3759 609 3837 τίνι
639 3783 975 3854 κατορθώσει
1011 3759 1278 3852 νεώτερος
1295 3759 1399 3851 τὴν
1430 3781 1589 3847 ὁδόν;
1627 3798 1647 3832 s

1995 3778 2159 3833 Vens.
2193 3776 2247 3830 9'.
2282 3793 2301 3826 ι
2334 3773 2395 3827 In
2421 3786 2532 3842 quo
2557 3768 2795 3840 corriget
2828 3764 3232 3820 adolescentior
3256 3761 3398 3817 viam
3424 3759 3451 3813 ’ἔ
3488 3777 3506 3811 s

307 3873 606 3943 Νεώτερος
633 3873 679 3940 ,ὁ
717 3853 825 3924 ἀπὸ
867 3870 977 3924 τῶν
1021 3869 1191 3924 ὲθνῶν
1219 3870 1367 3934 λαὸς,
1401 3871 1430 3922 ό
1463 3868 1693 3932 σκολιῶς
1724 3866 1832 3939 πρὸ

1999 3864 2418 3924 Adulescentior
2462 3861 2554 3916 ille
2596 3861 2834 3930 populus
2859 3873 2926 3913 ex
2962 3857 3239 3929 gentibus,
3263 3853 3354 3924 qui
3385 3861 3514 3906 ante

224 3968 332 4036 τῆς
371 3966 612 4027 πίστεως
642 3961 897 4027 ὁδεύσας,
931 3963 990 4014 ὲν
1022 3960 1128 4014 τίνι
1159 3961 1498 4031 κατορθώσει
1545 3963 1645 4029 τὴν
1692 3959 1830 4023 ὁδὸν,

1932 3962 2094 4017 ﬁdem
2141 3958 2363 4025 oblique
2418 3952 2756 4015 ambulabat,
2816 3951 2873 4004 in
2921 3963 3032 4019 quo
3076 3947 3314 4016 corriget
3371 3944 3513 4036 viam

228 4059 266 4128 ἦ
288 4033 380 4126 *τῷ
418 4054 786 4124 φυλάσσεσθαι
815 4055 942 4117 τοὺς
964 4053 1156 4122 λόγους
1176 4053 1273 4106 τοῦ
1304 4051 1476 4118 Θεοῦ;
1519 4052 1582 4104 Ἦ
1599 4051 1715 4121 γὰρ
1743 4050 1833 4104 ἐν·

1932 4070 2112 4116 suam,
2130 4050 2237 4105 nisi
2267 4047 2629 4103 custodiendo
2659 4054 2944 4097 sermones
2967 4039 3103 4094 Dei?
3133 4037 3338 4092 Divina:
3367 4033 3514 4089 enim

231 4126 366 4200 νοια
396 4141 495 4198 τοῦ
529 4143 675 4196 θείου
702 4143 870 4213 νόμου
899 4142 1209 4213 καθαρτικὴ
1240 4141 1334 4194 καὶ
1365 4145 1499 4209 (ρυλε
1517 4140 1674 4210 μιτικὴ
1704 4139 1836 4192 πάν·

1934 4144 2069 4215 legis
2100 4137 2469 4196 consideratio
2496 4133 2774 4206 purgatrix
2805 4141 2863 4187 et
2884 4126 3260 4186 conservatrix
3288 4135 3373 4180 est
3395 4138 3517 4178 om-

232 4255 355 4290 των
407 4234 546 4291 ἐστί.
596 4233 694 4300 Τὸ,
742 4234 845 4289 Ἐν
881 4233 1002 4287 τίνι
1051 4233 1108 4286 δὲ
1146 4229 1512 4299 κατορθώσει
1551 4231 1838 4300 νεώτερος

1936 4214 2112 4288 nium.
2160 4229 2300 4284 Illud
2349 4235 2554 4289 autem,
2607 4223 2670 4278 lu
2715 4237 2818 4293 quo
2863 4221 3085 4289 corriget
3137 4214 3520 4270 adolescentior

234 4329 364 4396 τὴν
401 4325 548 4380 ὁδὸν
581 4325 806 4389 αὑτοῦ;
861 4327 890 4379 ό
942 4325 1241 4395 Σύμμαχος
1281 4322 1470 4377 τοῦτον
1523 4324 1838 4395 ἡρμήνευσε

1941 4325 2080 4378 viam
2129 4320 2331 4374 suam?
2368 4313 2731 4387 Symmachus
2777 4312 2883 4366 hoc
2915 4310 3080 4364 modo
3126 4307 3524 4376 interpretatus

235 4395 339 4474 τὸν
391 4419 595 4490 τρόπον
619 4436 633 4450 ·
659 4417 764 4471 Διὰ
793 4418 959 4484 τινος
993 4415 1338 4487 λαμπρυνεῖ
1370 4415 1510 4482 νέος
1546 4414 1661 4482 τὴν
1693 4414 1840 4468 ὁδὸν

1939 4422 2045 4476 est,
2075 4412 2139 4466 In
2170 4425 2271 4480 quo
2300 4406 2574 4460 mundabit
2603 4403 2905 4457 adolescens
2931 4401 3074 4454 viam
3097 4398 3295 4452 suam?
3327 4395 3525 4450 Docuit

234 4485 478 4576 ustor},-
526 4509 796 4575 Ἐδίδαξεν
837 4510 893 4563 δὲ
940 4510 1023 4564 ὅτι
1072 4485 1276 4580 πολλῆς
1311 4510 1461 4562 ἐστιν
1492 4508 1875 4580 ἀκαθαρσίας]

1886 4512 1912 4565 )
1941 4517 2140 4572 nempe
2174 4498 2363 4554 multis
2387 4496 2641 4551 sordibus
2669 4491 3094 4548 adolescentiam
3117 4503 3242 4544 esse
3263 4485 3527 4558 plenam?

238 4604 350 4659 καὶ
391 4602 666 4673 ῥυπαρίας
693 4604 726 4673 ἠ
753 4601 945 4672 νεότης
992 4602 1184 4672 μεστή·
1215 4601 1298 4655 διὸ
1319 4602 1414 4654 καὶ
1433 4601 1608 4656 δεῖται
1634 4579 1843 4674 καθάρ-

1938 4602 2277 4667 quapropter
2309 4590 2472 4645 etiam
2506 4587 2716 4657 indiget
2766 4582 3116 4653 purgatione.
3169 4581 3308 4637 Cum
3360 4579 3528 4652 igitur

240 4671 422 4759 σεως.
478 4671 648 4748 Τούτο
699 4671 793 4747 οὖν
834 4671 1193 4764 ἐπιζητήσας,
1218 4694 1516 4764 εὑρηκέναι
1568 4693 1707 4765 φησὶ
1751 4671 1844 4746 τόν

1941 4690 2048 4744 hoc
2094 4686 2421 4754 inquireret,
2445 4681 2522 4734 ait
2550 4694 2611 4733 se
2643 4677 2867 4732 modum
2905 4674 3202 4744 reperisse,
3237 4671 3304 4725 In
3355 4680 3528 4725 custo-

241 4788 488 4860 τρόπον,
532 4787 634 4840 Ἐν
662 4785 743 4850 τῷ
780 4785 1167 4855 φυλάξασθαι
1201 4785 1345 4851 τοὺς
1365 4787 1592 4855 λόγους
1630 4801 1772 4839 σου.

1630 4801 1772 4839 σου.
1941 4779 2129 4833 diendo
2160 4788 2422 4829 sermones
2455 4781 2593 4823 tuos.

335 4897 360 4930 ι
406 4877 530 4930 Ὅτι
557 4877 626 4930 τὰ
658 4877 937 4948 μαρτύριά
975 4894 1071 4930 σου
1098 4877 1422 4948 ὲξεζήτησα.
1458 4895 1478 4929 s

2015 4869 2179 4924 Vsus.
2199 4866 2292 4921 22.
2323 4883 2341 4916 ι
2371 4863 2507 4930 Quia
2540 4859 2849 4916 testimonia
2874 4865 2966 4911 tua
2995 4859 3294 4925 exquisivi.
3337 4872 3358 4906 ι

331 4968 444 5029 Διά
473 4967 632 5022 τοῦτο
662 4946 864 5040 μηκέτι
902 4987 969 5039 με
1000 4969 1196 5041 κρίνῃς
1246 4946 1395 5035 ἄξιον
1440 4967 1535 5022 τοῦ
1584 4967 1848 5032 ὀνειδίζε-

2020 4960 2228 5020 ldcirco
2255 4972 2326 5012 ne
2354 4955 2590 5025 amplius
2609 4967 2698 5006 me
2727 4951 2944 5021 iudices
2971 4949 3199 5019 dignum
3234 4946 3532 5016 Opprobrio

247 5065 398 5118 σθαι
439 5063 534 5115 καὶ
579 5035 679 5116 τοῦ⁷
703 5035 1267 5126 ὲνξουδινεῖσθαιοψνκαὶ
1311 5062 1423 5133 γὰρ
1469 5062 1540 5116 τὰ
1571 5059 1852 5132 μαρτύριά

1950 5063 2008 5109 et
2027 5059 2364 5119 contemptu,
2403 5046 2606 5102 etenim
2639 5041 2957 5097 testimonia
2985 5048 3076 5094 tua
3109 5036 3412 5107 exquisivi;
3464 5035 3534 5090 de

249 5173 360 5211 σου
401 5151 704 5225 ἑξεζήτησα
727 5169 743 5186 ο
776 5154 905 5225 περὶ
931 5146 1008 5208 ὧν
1027 5153 1186 5224 ἔφην,
1224 5154 1518 5223 Μακάριοι
1548 5155 1602 5207 ol
1624 5153 1856 5222 ἐξερευο

1951 5145 2152 5215 quibus
2201 5143 2471 5205 dicebam,
2526 5136 2678 5191 Beati
2729 5137 2820 5206 qui
2866 5143 3177 5190 scrutantur
3229 5136 3532 5185 testimonia

247 5247 495 5310 νῶν-τες
531 5245 604 5297 τὰ
623 5246 918 5314 μαρτύρια
950 5245 1161 5300 αὐτοῦ.

531 5245 604 5297 τὰ
623 5246 918 5314 μαρτύρια
950 5245 1161 5300 αὐτοῦ.
1954 5238 2070 5307 ejus
2102 5237 2168 5290 ".

341 5355 363 5386 ι
423 5333 742 5400 Ἐνύσταξεν
772 5336 806 5405 ἡ
830 5333 977 5405 ψυχή
1012 5351 1137 5404 μου.
1168 5353 1192 5387 »μ

2030 5328 2196 5383 Vsus.
2227 5326 2316 5381 28.
2357 5343 2376 5376 ι
2417 5322 2944 5379 Dormitavitanima
2973 5333 3115 5372 mea.
3157 5335 3175 5368 ι

341 5426 562 5495 Ὠσπερ
591 5427 735 5496 ἁρχὴ
783 5403 1093 5496 κοιμῆσεώς
1141 5427 1262 5479 ἐστι
1309 5427 1644 5497 νυσταγμὸς,
1675 5424 1850 5488 οὕτως

2029 5417 2496 5486 Quemadmodum
2547 5414 2862 5472 dormitatio
2912 5408 3248 5480 principium
3303 5413 3387 5459 est
3437 5403 3537 5456 ob—

254 5515 412 5571 ποτὶ
585 5492 810 5586 bduxi}
854 5492 914 5568 έν
936 5492 1089 5586 ⁷ἀρχῇ
1119 5515 1389 5586 γενομένη
1423 5492 1848 5586 ἁμαρτημάτων

1960 5509 2329 5572 dormitionis,
2367 5509 2446 5562 sic
2493 5508 2657 5561 etiam
2704 5504 2882 5558 anima
2937 5500 3266 5569 quandoque
3315 5496 3444 5548 dum
3483 5492 3537 5544 in

255 5609 498 5677 λέγεται
541 5605 871 5672 νυστάζειν,
925 5606 1304 5678 καθελκομένη
1358 5607 1457 5678 μὶν
1523 5607 1712 5679 ὥσπερ
1772 5607 1855 5670 είς

1966 5603 2236 5676 principio
2264 5609 2626 5671 ~pcccatorum
2684 5604 2936 5650 versatur
2967 5591 3264 5646 dormitare
3313 5587 3537 5649 dicitur,

389 5782 634 5840 “Mal-th.
670 5798 790 5848 xm,
828 5782 913 5837 l7.
1024 5785 1066 5816 ³⁷
1096 5783 1294 5838 I’salm.
1328 5800 1514 5844 cxmt.
1543 5784 1598 5837 ‘2.
