4156 6452
157 390 293 460 1341

1223 394 1305 456 IN
1367 396 1480 456 XII
1531 395 1977 456 PROPIIETAS
2029 394 2393 456 MINORES.

3321 391 3455 455 1342

152 515 411 580 νήματος
442 508 736 581 χρήσιμον.
765 506 1072 572 Δεόιιικότος
1091 505 1153 560 δὲ
1178 505 1274 558 καὶ
1307 504 1436 575 παρ’
1479 505 1638 570 ἀξίαν
1667 501 1747 556 τοζ

1863 499 2090 570 juvante
2141 513 2326 558 autem
2384 501 2524 556 ultra
2585 503 2840 557 meritum
2890 500 3128 572 Spiritu,
3178 503 3324 577 quod
3375 515 3455 561 est

151 601 512 672 Ηνεύματος,
561 601 700 672 ὅπερ
747 601 895 654 ἐστὶν
953 599 1094 669 ἄγαν
1137 599 1441 667 ἀναγκαῖον
1472 598 1552 668 τῷ
1589 597 1750 667 μελε-

146 695 342 760 τῶντι,
401 693 721 765 προσέθηκα
763 693 1026 764 σύντομον
1051 693 1184 761 ὅσην
1207 691 1310 764 τὴν
1333 692 1442 744 τῶν
1471 690 1693 762 ἀπόρων
1719 690 1751 760 ῆ

146 784 319 854 τυχὸν
355 784 587 852 ἀσαφῶν
617 783 649 852 ἦ
681 783 778 836 καὶ
803 782 940 844 ὅλως
971 779 1296 850 ἀμφιϐόλων
1333 778 1619 849 ἐξήγησιν,
1651 793 1756 830 πα-

148 875 354 945 ραθεὶς
388 874 563 945 αὐτὴν
589 876 706 936 τοῖς
753 873 977 942 στίχοις,
1007 871 1146 924 ῶστε
1182 873 1299 939 ἅμα
1326 873 1394 942 τῇ
1449 868 1752 938 ἀναγνώσει

146 965 524 1022 ἐπιλαϐέσθαι
555 965 654 1036 τῆς
683 962 971 1032 γνώσεως·
1017 961 1180 1016 ὅτιδέ
1227 962 1293 1015 τὰ
1337 962 1567 1014 πλεῖστα
1614 959 1754 1030 πρὸς

143 1059 464 1131 ἀναγωγὴν
499 1060 735 1130 εἴρηται,
788 1056 1090 1127 θαυμάζειν
1135 1057 1197 1109 οὐ
1243 1057 1385 1128 χρήο
1444 1054 1752 1126 προφητεία

145 1153 262 1220 γαρ
295 1151 361 1204 τὸ
413 1151 780 1220 σύγγραμμα.
836 1149 1003 1202 Μέλει
1038 1149 1095 1202 δὲ
1139 1149 1252 1211 τοῖς
1303 1149 1629 1217 προφήταις,
1675 1146 1752 1216 τῷ

142 1241 416 1296 λαλοῦντι
445 1241 500 1295 δὲ
535 1241 734 1312 μᾶλλον
763 1239 1028 1301 ἐναύτοῖς
1046 1280 1068 1303 ,.
1095 1239 1264 1310 μηδὲν
1293 1238 1491 1307 λέγειν,
1523 1233 1636 1308 οἷον
1657 1239 1751 1291 καὶ

141 1337 265 1396 τοῖς
317 1335 510 1398 ἄλλοις
547 1334 767 1404 εὐχερὲς
809 1333 1064 1402 ὑπάρχει,
1112 1335 1224 1394 τοῖς
1281 1333 1357 1402 μὴ
1393 1331 1758 1400 τετυχηκόσιν

145 1428 314 1495 ἁγίου
350 1427 499 1481 livet}
510 1445 696 1498 ματος,
722 1425 1063 1494 διαλέγεσθαι
1083 1441 1095 1453 ·
1124 1424 1221 1487 τὰς
1249 1425 1376 1495 περὶ
1403 1423 1538 1477 Θεοῦ
1562 1423 1616 1475 δὲ
1639 1422 1750 1494 [fon

142 1518 236 1591 δὴ]
271 1521 645 1591 προρρήσεις,
687 1518 800 1572 ,καὶ
825 1509 900 1570 ὧν
936 1518 1212 1585 οἰκονομεῖ
1245 1514 1752 1586 συγγεγραμμένων

145 1611 469 1682 θαυμάτων
499 1611 598 1683 τὴν
627 1611 887 1681 ἐξήγησιν
909 1626 922 1639 ’
960 1610 1055 1663 καὶ
1089 1608 1383 1679 μυστήρια,
1440 1608 1508 1660 τὰ
1538 1607 1751 1678 χρόνοις

146 1706 381 1768 πολλοῖς
418 1705 600 1758 αὐτῶν
631 1704 859 1774 ὓστερον
885 1703 993 1757 τῶν
1022 1702 1162 1755 αὐτὰ
1217 1699 1607 1771 φθεγγομένων
1633 1698 1752 1751 ἐσό-

151 1817 304 1871 μενα
324 1816 340 1831 ο
379 1799 528 1871 άπερ
549 1798 610 1851 ού
636 1797 740 1867 χρὴ
765 1796 1030 1858 ταπεινῶς
1050 1797 1212 1849 νοεῖν.
1241 1793 1440 1864 Ὕϐρις
1456 1792 1565 1863 γὰρ
1593 1790 1752 1846 τοῦτο

147 1894 336 1961 δήπου
389 1889 487 1945 τοῦ
512 1889 880 1962 γνωρίσαντος
908 1888 1219 1958 πνεύματος
1240 1902 1254 1918 ·
1282 1886 1398 1939 ἀλλ’
1424 1885 1543 1938 οὐδὲ
1595 1883 1750 1936 δυνα-

1854 596 2103 664 operanti
2175 609 2525 664 summopere
2604 594 2976 649 necessarium
3018 636 3034 658 ,
3087 594 3265 665 adieci
3330 596 3457 651 bre-

1855 701 1978 740 vem
2028 684 2427 755 aliquantulam
2497 684 2793 739 dubiorum
2875 696 2970 740 aut
3042 685 3184 741 forte
3241 687 3451 742 obscu-

1853 792 2080 841 rorum,
2132 788 2229 832 aut
2291 777 2461 832 etiam
2522 777 2749 832 omnino
2807 778 3187 849 ambiguorum
3267 778 3454 849 expla-

1855 870 2173 935 nationem,
2215 886 2376 940 quam
2432 870 2690 940 subjunxi
2729 870 3158 938 versiculis,ita
3224 884 3286 928 nt
3334 873 3448 943 ipsa

1853 962 2087 1019 lectione
2145 963 2458 1033 acquiratur
2530 962 2691 1016 simul
2761 972 2817 1019 et
2875 964 3256 1036 intelligentia.
3327 966 3451 1024 Plu-

1852 1052 1987 1106 rima
2029 1061 2214 1105 autem
2285 1049 2522 1121 mystico
2567 1064 2732 1104 sensu
2779 1051 2923 1106 dicta
2983 1068 3108 1109 csse
3165 1068 3275 1109 non
3347 1055 3450 1109 mi-

1857 1143 2034 1198 reris:
2090 1143 2379 1214 prophetia
2441 1140 2590 1197 enim
2645 1153 2729 1199 est
2783 1143 2873 1199 ille
2927 1144 3086 1200 liber.
3125 1145 3222 1202 Est
3267 1157 3448 1202 autem

1862 1237 2252 1308 prophetarum
2282 1278 2296 1300 .
2321 1252 2420 1292 seu
2449 1237 2641 1308 potius
2668 1229 2944 1307 loquentis
2984 1239 3038 1292 in
3091 1239 3225 1308 ipsis
3249 1280 3266 1305 ,
3311 1241 3447 1295 nihil

1861 1330 2044 1385 dicere
2070 1330 2213 1399 quod
2244 1329 2366 1385 aliis
2411 1330 2656 1401 pervium
2685 1331 2777 1396 sit,
2802 1331 3010 1386 scilicet
3057 1329 3292 1402 Spiritus
3319 1348 3447 1388 san-

1855 1423 1931 1478 cti
1972 1422 2286 1492 expertibus
2311 1463 2328 1488 ,
2375 1432 2608 1477 tractare
2636 1438 2834 1492 nempe
2873 1424 2941 1478 de
2981 1424 3091 1478 Deo
3136 1426 3446 1494 praedictio—

1857 1529 1956 1569 nes
1981 1555 1995 1578 ,
2032 1523 2087 1570 et
2121 1514 2492 1569 narrationem
2518 1515 2906 1570 miraculoru
2966 1531 3088 1586 quae
3139 1517 3444 1586 dispensat.

1857 1616 1911 1662 et
1949 1607 2200 1677 mysteria
2233 1605 2391 1679 longe
2421 1617 2544 1677 post
2571 1609 2912 1663 narrantium
2965 1616 3182 1663 {etatem
3235 1609 3448 1675 futura;

1856 1712 1976 1766 quae
2014 1712 2126 1751 non
2182 1707 2310 1752 sunt
2357 1699 2562 1769 vulgari
2608 1698 2774 1754 modo
2822 1701 3152 1770 cogitanda;
3187 1702 3241 1756 id
3292 1703 3444 1756 enim

1856 1798 2004 1845 esset
2053 1788 2351 1844 revelantis
2407 1787 2644 1860 Spiritus
2683 1792 3042 1846 contumelia.
3091 1791 3443 1864 Nequaquam

1857 1889 2039 1935 autem
2107 1881 2497 1950 prephetarum
2551 1881 2993 1952 explanationem
3067 1887 3283 1956 assequi
3343 1902 3449 1956 ρον

145 1988 252 2057 τὴν
282 1987 547 2056 εὑρήσεις
570 1984 679 2038 τῶν
704 1982 1000 2054 προφητῶν
1021 1983 1120 2052 την
1149 1981 1433 2051 ἐξήγησιν,
1467 1976 1747 2048 γυμνῶσαι

1860 1974 2004 2038 terit,
2037 1972 2128 2042 qui
2163 1987 2287 2027 eam
2329 1988 2360 2027 a
2412 1971 2649 2043 Spiritus
2707 1974 2920 2029 visione
2950 1990 3236 2046 segregare
3264 1985 3445 2032 tenta-

148 2077 367 2148 ταύτην
401 2075 694 2146 ἐπιχειρῶν
722 2074 821 2144 τῆς
847 2073 1082 2144 θεωρίας
1108 2072 1204 2127 τοῦ
1225 2070 1552 2141 πνεύματος.
1569 2069 1632 2122 Τί
1659 2069 1747 2139 μὲν

1858 2063 2018 2118 verit.
2072 2061 2213 2129 Quid
2272 2064 2419 2119 enim
2474 2063 2629 2120 dices
2684 2065 2824 2120 velle
2880 2066 2985 2122 ista
3055 2065 3196 2123 Osee
3234 2068 3438 2123 verba:

150 2170 265 2240 γὰρ
292 2171 447 2241 ἐρεῖς
486 2167 646 2237 Ὠσηέ
674 2165 848 2220 ταῦτα
879 2165 1164 2237 βούλεσθαι
1184 2165 1252 2218 τά
1288 2164 1539 2234 ῥήματα,
1561 2179 1580 2213 ι
1613 2161 1676 2214 Ὀ
1696 2160 1747 2213 δέ

1861 2172 1880 2204 ‹
1915 2153 2195 2222 Ephraim,
2221 2154 2397 2209 malus
2422 2153 2696 2224 spiritus,»
2724 2155 2790 2209 ad
2807 2155 2938 2224 quid
2961 2155 3176 2211 coleum
3205 2156 3260 2211 in
3283 2155 3447 2228 Δίες-

165 2262 463 2332 Ἐφραῖμ,
528 2259 766 2330 πονηρὸν
835 2258 1147 2328 πνεῦμαγ)
1210 2255 1356 2319 τίνος
1418 2254 1582 2325 χάριν
1634 2252 1747 2316 καὶ,

1855 2254 2007 2314 ptum
2048 2245 2281 2301 ferebat.
2322 2265 2344 2298 ι
2374 2244 2635 2311 Quaenam
2667 2247 2768 2302 ista
2799 2247 3144 2319 obiurgatio?
3171 2249 3301 2320 quid
3354 2249 3444 2304 hic

159 2353 426 2406 c'E).3:0v
447 2354 528 2414 είς
550 2351 824 2419 Αἴγυπτον
846 2348 1200 2418 ἐνεπορεύετο
1219 2363 1266 2413 ;›
1290 2347 1383 2399 καὶ
1405 2343 1565 2406 ποίας
1589 2341 1747 2396 τοῦτο

1857 2338 2294 2406 reprehensione
2350 2339 2625 2410 dignum?
2692 2341 2822 2411 quid
2879 2342 2984 2398 hoc
3034 2343 3245 2414 aueipis
3301 2359 3398 2399 vas
3422 2385 3448 2411 ,.

156 2445 452 2515 μέμψεως,
482 2443 628 2506 τίνος
653 2441 1000 2512 ἐγκλήματος
1024 2440 1213 2506 ἄξιον;
1246 2438 1302 2491 τί
1329 2437 1384 2491 δὲ
1413 2435 1508 2489 τοῦ
1538 2433 1749 2501 ἰξευτοῦ

151 2537 214 2590 τὸ
242 2537 442 2605 ἄγγος,
477 2537 613 2605 ὅπερ
657 2533 837 2604 Ἀμὼς
890 2533 1220 2604 παρέδωκε;
1254 2529 1305 2583 τί
1339 2529 1430 2582 τὸν
1479 2527 1628 2580 λίθον
1657 2527 1747 2580 τὶν

153 2629 566 2699 κασσιτέρινον,
598 2627 738 2680 ἐπτὰ
772 2623 1104 2694 ὀφθαλμοὺς,
1137 2622 1212 2684 ὡς
1247 2619 1519 2690 Ζαχαρίας
1541 2619 1745 2689 γέγρα-

154 2733 258 2782 φεν
301 2718 330 2768 ό
365 2715 678 2786 προφήτης,
729 2712 1107 2784 βαστάζοντας
1163 2710 1256 2764 καὶ
1315 2709 1487 2762 πολλὰ
1535 2708 1747 2769 τούτοις

153 2808 322 2879 ἕτερα
351 2807 743 2878 παραπλήσια·
776 2804 863 2874 ἐφ’
891 2800 972 2868 οἷς
1022 2802 1182 2866 αὐτὸς
1212 2803 1240 2855 ό
1285 2800 1458 2855 ταῦτα
1487 2803 1601 2862 τοῖς
1648 2817 1746 2851 καο

154 2898 352 2969 λάμοις
383 2897 496 2951 τῶν
526 2882 820 2968 προφητῶν
838 2895 1236 2966 φθεγξάμενος,
1265 2895 1437 2947 εἰπεῖν
1460 2891 1635 2947 ταῦτα
1655 2891 1745 2944 τὸν

166 2990 329 3058 Ὠσηὲ
369 2989 741 3060 προϐάλλεται
769 3005 782 3019 ·
823 3007 842 3041 ι
878 2986 1028 3056 Ἐγὼ.
1058 2986 1278 3057 ὁράσεις
1322 2983 1621 3054 ἐπλήθυνα.
1651 2983 1744 3036 καὶ

155 3085 213 3136 ἐν
233 3085 398 3154 χερσὶ
441 3081 738 3154 προφητῶν
783 3079 1094 3151 ῶμοιὼθην.
1132 3097 1160 3132 ι
1215 3078 1420 3133 Τούτου
1460 3076 1518 3131 δέ
1570 3076 1744 3135 οὕτως

1851 2427 1995 2500 quod
2025 2431 2192 2486 Amos
2235 2430 2398 2484 tradit
2423 2431 2446 2484 ?
2473 2431 2602 2501 quid
2633 2431 2784 2487 dices
2813 2433 2961 2489 hunc
3024 2435 3269 2506 lapidem
3289 2446 3440 2492 stan-

1851 2537 2014 2576 neum
2035 2562 2049 2586 ,
2088 2530 2299 2592 septem
2345 2522 2535 2578 oculos
2567 2522 2856 2592 ferentem,
2891 2534 2951 2581 ut
2982 2528 3440 2599 scripsitZacha-

1850 2613 1960 2668 rias
1985 2614 2254 2685 pr0pheta
2287 2614 2309 2668 ’ἒ
2339 2625 2396 2670 et
2424 2616 2527 2670 alia
2571 2619 2751 2673 multa
2785 2619 2875 2674 his
2916 2619 3161 2688 similia;
3193 2622 3263 2677 de
3314 2623 3439 2692 qui-

1851 2706 1966 2762 bus
1998 2706 2088 2762 ille
2135 2707 2252 2778 ipse
2298 2707 2390 2778 qui
2421 2708 2538 2764 haec
2583 2725 2680 2780 per
2722 2713 3113 2783 prophetarum
3169 2715 3437 2771 calamum

1848 2798 2061 2855 locutus
2119 2809 2204 2855 est
2253 2818 2268 2855 :
2312 2802 2566 2870 perhibet
2615 2803 2732 2859 haec
2780 2804 2922 2861 Osce
2975 2806 3232 2863 dixisse:
3277 2827 3294 2860 ι
3328 2810 3444 2881 Ego»

1850 2891 2092 2946 visiones
2161 2894 2518 2963 multiplicavi
2555 2936 2569 2961 ,
2604 2905 2662 2951 et
2704 2897 2759 2951 in
2833 2897 3087 2953 manibus
3142 2900 3440 2970 praphcta-

1849 2997 1971 3037 rum
2001 2981 2332 3038 assimilatus
2373 2999 2517 3040 sum.
2548 3003 2568 3038 ι
2609 2983 2784 3055 Hujus
2825 2995 3012 3043 autem
3050 2989 3278 3045 verbum
3307 2990 3437 3046 illud

1843 3074 2083 3130 breviter
2124 3075 2328 3143 tradit,
2362 3076 2575 3132 scilicet
2614 3079 2887 3148 quosdam
2921 3081 3309 3151 prophetarum
3354 3100 3440 3137 re-

157 3177 334 3229 ἐκεῖνο
383 3175 672 3244 συντόμως
722 3175 751 3228 ό
795 3173 952 3242 λόγος
995 3171 1382 3276 παραδίδωσιν,
1407 3169 1484 3232 ὡς
1515 3169 1566 3223 οἱ
1597 3168 1742 3276 τινές

1849 3182 1936 3238 ges
2010 3166 2233 3222 latuisse
2256 3208 2271 3234 ,
2307 3170 2507 3239 quibus
2563 3172 2925 3242 regnantibus
2967 3174 3286 3244 prophetiae
3317 3177 3439 3232 edi-

156 3267 267 3320 τῶν
297 3265 598 3336 προφητῶν
650 3265 775 3327 τοὺς
810 3263 1070 3334 βασιλεῖς,
1111 3263 1196 3332 ἐφ’
1229 3254 1308 3317 ὧν
1354 3259 1602 3326 ἐξέθεντο
1646 3257 1755 3325 τὴν

161 3358 526 3427 προφητείαν,
557 3355 803 3427 ἔκρυψαν
830 3373 844 3388 ο
879 3354 915 3424 ἢ
941 3355 1074 3424 παρ’
1113 3352 1292 3405 ἔθνεσι
1333 3347 1747 3421 προφητεύσαν-

161 3462 270 3510 τες,
296 3446 329 3517 ἢ
360 3447 424 3512 ἐξ
465 3445 636 3498 ἐθνῶν
677 3444 1010 3516 ὁρμηθέντες
1048 3443 1374 3512 ἐτύγχανον·
1432 3442 1489 3493 ει
1509 3439 1618 3509 γὰρ
1653 3439 1746 3490 καὶ

161 3537 540 3608 πρωτοτύπως
561 3539 593 3606 ή
621 3536 934 3607 προφητεία
949 3535 1028 3605 τῷ
1043 3533 1257 3604 Ἰσραὴλ
1275 3531 1602 3593 ἀπέσταλτο,
1628 3528 1744 3583 ἀλλ’

161 3630 308 3697 ὅμως
361 3627 662 3699 προφητῶν
710 3645 873 3681 τινων
931 3627 1052 3680 τινὰ
1113 3625 1224 3678 τῶν
1272 3622 1442 3678 ἐθνῶν
1502 3619 1746 3693 ὑπῆρξεν

162 3719 572 3788 ἀκροάσασθαι·
629 3714 817 3790 ἦούχὶ
863 3718 1023 3772 τοῦτο
1089 3716 1271 3779 Ἰωνᾶς
1325 3717 1460 3786 ἡμῖν
1510 3713 1747 3784 μάλιστα

163 3811 574 3881 παρασκευάζει
637 3809 1027 3880 στοχάσασθαι,
1065 3808 1226 3871 αὑτός
1254 3825 1316 3861 τε
1349 3807 1406 3872 ἐξ
1453 3805 1622 3859 ἐθνῶν
1654 3821 1746 3874 γεο

162 3901 355 3970 γονὼς,
394 3904 487 3955 καὶ
511 3902 896 3974 προφητεύσας
925 3904 983 3955 ἐν
1032 3900 1246 3966 ﬂuet;
1296 3899 1611 3962 Νινευῖταις
1644 3897 1746 3966 μὲν

163 3995 270 4065 γὰρ
296 3994 598 4065 κηρύξωνό
623 3996 911 4064 προφήτης
933 3991 1273 4057 ἀπέσταλτο,
1313 3990 1420 4044 ἀπὸ
1441 3990 1496 4043 δέ
1518 3992 1616 4061 τῆς
1641 3990 1680 4042 Γ
1683 3989 1753 4042 ἐθ·

164 4087 325 4141 αὐτὸν
349 4086 462 4140 τῶν
502 4083 801 4140 Βασιλειῶν
846 4086 880 4154 ή
911 4082 1274 4154 βίϐλος,.ήτις
1313 4076 1388 4152 ἦν.
1410 4081 1508 4151 μία
1540 4079 1647 4132 τῶν
1687 4081 1743 4131 ἐν

163 4182 273 4242 τοῖς
324 4178 646 4247 ἀλλοφύλοις
677 4176 1030 4246 σατρακπιῶν,
1069 4174 1354 4228 ἐκδίδωσι·
1398 4172 1535 4241 cpia-1
1593 4173 1702 4242 γάρ
1727 4189 1739 4203 ο

169 4289 189 4322 ι
226 4271 408 4342 Ῥῆμα
439 4269 645 4340 Κυρίου
691 4267 830 4322 Θεοῦ
883 4265 1120 4337 Ἰσραὴλ,
1148 4266 1177 4318 ὃ
1200 4264 1467 4330 ἐλάλησεν
1499 4281 1555 4317 εν
1599 4263 1742 4332 χειρὶ

162 4365 345 4421 δούλου
378 4363 545 4419 αὑτοῦ
579 4363 752 4426 Ἰωνᾶ,
792 4357 912 4413 υἱοῦ
939 4357 1174 4429 Ἀμαθὶ,
1223 4355 1318 4408 τοῦ
1351 4356 1626 4424 προφήτου
1679 4354 1742 4404 ἐκ

164 4456 263 4509 Γὲθ
289 4456 495 4526 Χοφέρ.
521 4475 539 4507 ι
573 4455 684 4510 Καὶ
712 4452 902 4506 τούτου
921 4449 1082 4521 χάριν
1105 4448 1332 4519 ἄχρονον
1358 4447 1465 4517 ἄρα
1491 4444 1591 4514 τὴν
1611 4460 1744 4513 προ-

1846 3257 2237 3322 derunt,sive
2281 3259 2427 3329 quod
2483 3261 2631 3331 apud
2699 3271 2892 3334 gentes
2943 3266 3435 3335 prophetaverunt,

1848 3349 1966 3405 sive
1997 3349 2144 3419 quod
2192 3350 2260 3406 de
2290 3352 2551 3422 gentibus
2604 3354 2718 3425 ipsi.
2762 3356 3135 3427 prodierunt.
3168 3359 3226 3415 Si
3284 3363 3434 3418 enim

1845 3443 2121 3514 praecipue
2148 3445 2442 3515 prophetia
2469 3445 2538 3501 ad
2569 3444 2743 3503 Israel
2779 3449 2988 3507 directa
3043 3461 3130 3507 est
3149 3493 3178 3518 ,.
3226 3452 3437 3508 nihilo-

1846 3534 2033 3589 minus
2065 3535 2332 3605 quosdam
2383 3537 2683 3608 prophetas
2739 3541 2975 3613 contigit
3023 3559 3054 3598 a
3105 3545 3437 3612 quibusdam

1846 3623 2102 3692 gentibus
2157 3625 2376 3680 auditos
2425 3624 2620 3682 fuisse.
2668 3625 2867 3684 Nonne
2920 3631 3026 3688 hoc
3066 3632 3234 3690 Jonas
3274 3634 3442 3690 nobis.

1847 3717 2152 3785 praesertim
2217 3718 2461 3775 indicare
2528 3720 2785 3788 videtur,
2862 3738 2986 3778 cum
3026 3724 3143 3794 ipse
3186 3736 3333 3783 esset
3365 3745 3440 3786 ex

1848 3805 2102 3874 gentibus
2160 3816 2218 3862 et
2265 3808 2409 3878 apud
2441 3818 2634 3880 gentes
2689 3816 3096 3882 prophetaret.:
3169 3816 3447 3874 Ninivitis

1847 3899 1990 3952 enim
2017 3900 2417 3969 praedicaturus
2451 3905 2718 3974 propheta
2743 3908 2944 3963 missus
2979 3919 3101 3964 est:
3158 3910 3300 3966 liber
3327 3929 3436 3968 au~

1847 3996 1957 4042 tem
2005 3988 2214 4060 Regum
2248 3991 2401 4046 illum
2431 3993 2502 4048 de
2531 3992 2717 4062 Geth',
2749 4013 2875 4066 qua:
2900 4009 2985 4054 est
3033 4016 3140 4055 una
3182 4017 3251 4056 ex
3296 4003 3440 4060 alie-

1845 4081 1932 4135 nis
1966 4084 2241 4153 satrapiis,
2273 4085 2456 4142 tradit.
2495 4086 2644 4142 Dixit
2674 4091 2821 4144 enim
2849 4109 2862 4144 :
2900 4111 2918 4144 ι
2946 4091 3186 4149 Verbum
3219 4097 3439 4156 Domini

1846 4171 1943 4225 Dei
1988 4170 2153 4227 Israel
2190 4214 2206 4240 ,
2266 4175 2413 4244 quod
2438 4175 2656 4232 locutus
2692 4187 2777 4233 est
2834 4179 2889 4234 in
2943 4197 3112 4239 manu
3153 4185 3296 4239 servi
3343 4188 3435 4244 sui

1842 4259 2028 4327 Jonaa,
2083 4263 2158 4316 ﬁli
2202 4262 2450 4328 Amathi,
2480 4266 2762 4336 propheta;
2791 4269 2859 4323 de
2887 4268 3024 4325 Geth
3076 4281 3132 4326 et
3159 4272 3362 4343 0pher_
3402 4295 3434 4328 ι

1845 4354 1913 4407 Et
1942 4363 2227 4423 propterea
2273 4355 2479 4426 absque
2500 4364 2750 4428 tempore
2771 4361 3112 4430 prophetiam
3138 4368 3432 4434 exposuit.

1843 4443 1949 4499 Sed
1977 4454 2033 4500 et
2058 4445 2196 4511 Joel,
2222 4462 2346 4502 cum
2398 4448 2712 4518 scripsisset
2737 4451 2816 4507 sic
2849 4452 2967 4523 ipse
2992 4469 3212 4524 quoque
3240 4473 3439 4527 prem;

167 4551 390 4616 φητείαν
419 4548 708 4617 ἐκθέμενος
730 4561 744 4575 ⁸
772 4543 910 4599 ἀλλὰ
933 4544 1028 4598 καὶ
1046 4540 1221 4611 Ἰωήλ,
1251 4539 1466 4610 γράψας
1481 4537 1625 4590 οὕτω
1649 4539 1743 4589 καί.

1849 4538 2045 4592 mium:
2084 4558 2103 4590 ι
2133 4537 2331 4595 Audite
2371 4542 2478 4597 hoc
2503 4580 2529 4608 ,.
2573 4558 2756 4609 senes,
2790 4554 2846 4598 et
2875 4548 3100 4602 auribus
3132 4551 3437 4620 percipite,.

167 4642 325 4705 αὐτὸς
358 4641 419 4693 τὸ
448 4641 733 4711 προοίμιον
753 4653 767 4666 ·
809 4635 1152 4690 ι’Δκούσατε
1182 4631 1376 4699 ταῦτα,
1407 4632 1457 4684 0i
1495 4630 1741 4700 πρεσϐύ-

166 4749 332 4802 τεροι,
368 4733 461 4786 καὶ
505 4730 857 4795 ἐνωτίσασθε,
895 4730 1101 4792 πάντες
1131 4730 1182 4782 0i.
1227 4724 1611 4788 κατοικοῦντες
1644 4724 1745 4794 τὴν

165 4827 286 4892 γῆν.
318 4843 336 4874 δ
359 4823 432 4876 Τὸ
447 4823 504 4875 δέ
536 4822 664 4876 αὐτὸ
699 4821 795 4875 καὶ
820 4820 1036 4874 Ἀσδιού
1060 4837 1073 4850 ·
1111 4819 1340 4889 «Ἀκοὴν
1361 4819 1573 4889 ἥκουσα
1593 4814 1746 4885 παρὰ

167 4912 393 4980 Κυρίου,
425 4914 520 4966 καὶ
566 4914 828 4982 περιοχὴν
869 4913 951 4974 είς
982 4911 1052 4964 τὰ
1101 4910 1226 4982 ἔθνη
1274 4908 1679 4976 ἐξαπέστειλεν.
1719 4926 1748 4959 ι

172 5003 292 5058 Ἔτι
319 5005 417 5058 καὶ
441 5003 666 5072 Ναούμ·
707 5022 725 5054 ι
753 5004 962 5072 Λῆμμα
985 5000 1176 5054 Νινευῒ
1209 5001 1404 5066 λέγων,
1428 5000 1590 5069 ὃμοια
1624 5015 1746 5051 στο-

168 5097 426 5163 χάζεσθαι
453 5095 580 5165 περὶ
609 5093 758 5162 σφῶν
779 5093 1194 5160 ἀναγκάζουσιν.
1223 5111 1240 5143 ι
1270 5091 1593 5160 Ἀμὸακοὺμ
1613 5089 1740 5156 γὰρ,

169 5190 215 5238 εἰ
244 5190 339 5256 μὲν
369 5182 522 5249 οὗτός
560 5188 708 5239 ἐστιν
739 5184 798 5236 ὃν
828 5186 885 5246 ἐς
928 5183 1026 5253 τὴν
1074 5182 1434 5235 Βαϐυλωνίων
1488 5181 1743 5252 ἁρπάσας

171 5281 504 5348 ἀπεκόμισεν
530 5276 778 5345 ἄγγελος,
808 5276 982 5328 εἰπεῖν
1006 5275 1064 5327 τὸ
1101 5274 1268 5341 σαφὲς
1302 5275 1401 5326 οὐκ
1432 5274 1569 5343 ἔχω’
1603 5273 1744 5343 πλὴν

170 5371 285 5423 οὸδὲ
322 5371 482 5432 αὐτὸς
529 5372 585 5421 ἐν
634 5368 908 5439 προοιμίῳ
950 5366 1049 5434 τῆς
1081 5365 1288 5435 βίϐλου,
1323 5366 1422 5434 τῆς
1457 5365 1742 5428 Ἰουδαίας,

181 5464 402 5531 ωχδν,ἣ
433 5460 742 5531 Σαμαρείας
762 5499 776 5523 ,
805 5459 837 5528 ἢ
885 5456 979 5511 τοῦ
1030 5457 1252 5528 Ἰσραὴλ
1281 5456 1577 5527 μέμνηται,
1610 5456 1745 5509 ἀλλὰ

178 5555 314 5624 ⁸καὶ]
337 5555 431 5616 τῆς
461 5554 563 5621 γῆς
593 5552 754 5620 ὄληςο
787 5552 907 5619 οὐχὶ
938 5551 1046 5620 γαρ
1077 5550 1243 5619 μόνης
1273 5549 1370 5619 τῆς
1406 5547 1667 5610 Ἰουδαίας
1689 5548 1747 5600 ἐν

174 5644 268 5714 ὅλη
292 5664 354 5714 τι,
390 5645 700 5714 προφητικῇ
730 5641 895 5711 βίϐλῳ
929 5641 1262 5711 κατηγορίαν
1283 5640 1621 5709 εἰσέρχεται·
1650 5637 1745 5707 ζη-

176 5733 282 5784 τῶν
305 5735 359 5786 δὲ
380 5735 468 5787 τὸν
495 5733 801 5802 Μαλαχιὴλ,
841 5732 1093 5800 εὑρήσεις
1127 5733 1237 5792 τοῖς
1281 5729 1460 5782 ἔθνεσι
1485 5728 1544 5780 τὸ
1577 5729 1746 5784 πυά-

177 5824 437 5893 λαιοντῆς
484 5822 819 5894 προφητείας
845 5822 1095 5890 νέμοντα.
1148 5824 1242 5884 Ὃς
1291 5822 1339 5874 εἰ
1384 5821 1477 5875 καὶ
1515 5820 1744 5890 ἄγγελος

1845 4645 2037 4685 omnes
2055 4631 2427 4688 inhabitantes
2453 4649 2674 4691 terram.
2690 4655 2710 4688 ι
2742 4637 2890 4692 Idem
2913 4649 3097 4694 autem
3119 4651 3176 4696 et
3199 4643 3436 4702 Abdiasz,

1852 4739 1880 4772 ι.
1902 4719 2158 4775 Auditum
2193 4723 2378 4777 audivi
2411 4740 2440 4778 a
2470 4724 2707 4780 Domino
2753 4736 2808 4780 et
2836 4729 3071 4800 legatum
3123 4733 3193 4786 ad
3235 4745 3441 4804 gentes;

1844 4810 2014 4866 misit.
2055 4830 2074 4864 ι
2108 4812 2177 4867 Ει
2209 4813 2376 4868 etiam
2419 4813 2635 4870 Nabum
2689 4817 2886 4873 Ninive
2937 4822 3155 4876 titulum
3186 4824 3377 4881 dicens
3409 4845 3428 4884 ζ

1844 4899 2048 4957 Omnes
2073 4904 2270 4958 similia
2305 4907 2590 4962 intendere
2635 4909 2704 4964 de
2749 4910 2885 4980 ipsis
2923 4923 3144 4983 cogunt.
3191 4914 3267 4971 De
3319 4918 3429 4972 Ha-

1844 4992 2019 5047 bacuc
2043 4993 2215 5058 enim,
2251 4996 2296 5049 si
2349 4993 2439 5050 ille
2471 4999 2690 5067 quidem
2743 5011 3036 5072 est'quem
3091 5006 3144 5059 in
3200 5007 3430 5080 belo-

1845 5087 1992 5139 niam
2025 5097 2239 5155 raptum
2263 5091 2560 5157 reportavit
2586 5090 3093 5162 Angelus,.non-est
3122 5098 3253 5153 mihi
3283 5103 3433 5162 quod

1846 5176 2022 5229 dicam
2061 5177 2288 5240 clarum,
2317 5178 2419 5233 nisi
2453 5181 2597 5249 quod
2635 5182 2749 5252 ipse
2775 5183 2830 5237 in
2873 5187 3137 5254 prooemio
3163 5189 3288 5245 libri
3319 5176 3427 5246 non

1847 5268 2008 5321 modo
2039 5269 2104 5320 de
2135 5266 2319 5322 Iud-aea
2343 5311 2356 5334 ,
2409 5272 2523 5325 sive
2558 5273 2625 5327 de
2663 5273 2929 5342 Samaria,
2981 5278 3095 5333 sive
3145 5281 3218 5336 de
3267 5282 3434 5344 Israel

1853 5360 2192 5414 mentionem
2221 5359 2372 5427 facit,
2406 5363 2500 5417 sed
2534 5365 2696 5420 etiam
2721 5366 2788 5422 de
2809 5378 2918 5423 tota
2945 5379 3119 5427 terra.
3139 5373 3269 5428 Non.
3284 5378 3430 5432 enim

1846 5451 2015 5504 solius
2038 5450 2240 5507 indies:
2271 5454 2325 5508 in
2369 5459 2830 5527 toto-prophetico
2861 5462 3000 5518 libro
3028 5469 3433 5525 accusationem

1847 5542 2157 5599 introducit.
2192 5545 2511 5604 Malacbiam
2532 5560 2711 5604 autem
2740 5554 2783 5606 si
2807 5570 3050 5622 quaeras,
3079 5558 3323 5616 invenies
3350 5562 3435 5618 di-

1849 5635 2204 5688 stribuentcm
2235 5638 2485 5706 gentibus
2516 5641 2846 5711 prmeipuam
2867 5647 3164 5714 prophetia:
3197 5662 3431 5716 partem.

1847 5727 1963 5793 qui,
1995 5742 2117 5779 cum
2163 5729 2388 5797 angelus
2415 5729 2625 5785 Domini
2678 5735 3011 5800 nominetur,
3058 5739 3219 5795 homo
3253 5752 3430 5796 tamen

1847 5817 2105 5872 ei'atchi
2159 5819 2302 5873 enim
2355 5824 2527 5893 angeli
2574 5824 2850 5897 prophetae
2890 5831 3208 5887 dicebantur
3238 5849 3252 5900 ;
3287 5837 3432 5905 quod
