4156 6452
739 362 872 430 1343

1916 378 2277 440 HESYCIIII
2336 380 2807 444 PRESBYTERI

3888 378 4033 438 1314

732 475 1071 533 demonstrat
1114 478 1340 551 Aggeus
1380 479 1460 537 sic
1494 482 1715 552 quidem
1756 484 1995 555 seipsum
2039 488 2118 542 sic
2147 489 2293 542 etian

2413 490 2550 544 Θεοῦ
2584 495 2969 564 ἑρμηνεύεται,
3002 492 3284 566 ἄνθρωπος
3316 493 3464 563 ὅμως
3490 485 3579 561 ἦν.
3607 487 3891 559 Ἄγγελοι
3915 491 4031 556 γάρ

730 578 788 622 et
813 568 949 623 alios
971 572 1265 641 prophetas
1277 587 1499 638 vocans,
1530 575 1728 644 quibus
1744 577 2044 645 pr0phetiae
2065 593 2179 633 sua:
2209 580 2312 633 mi-

2417 583 2554 636 Θεοῦ
2586 586 2637 637 oi
2659 586 2939 656 προφῆται
2986 586 3263 653 ἐλέγοντο·
3298 584 3447 654 δηλοῖ
3476 584 3534 637 δὲ
3561 584 3836 651 Ἀγγαῖος
3872 581 4035 633 οὕτω

731 659 917 713 nistris
937 662 1210 716 utebatur.
1237 663 1373 719 Dicit
1387 664 1553 718 enim:
1577 684 1595 717 ι
1615 666 2071 739 EtdixitAggaeus
2087 670 2293 740 angelus

2418 677 2517 745 μὲν
2555 678 2768 741 ἑαυτὸν,
2816 676 2959 732 οὕτω
2993 678 3048 732 δέ
3074 678 3170 731 καὶ
3193 678 3320 741 τοὺς
3366 677 3558 740 ἄλλους
3592 676 3905 745 προφήτας
3935 689 4029 725 κε·-

729 750 943 804 Domini
971 753 1113 807 inter
1134 758 1354 827 angelos
1377 757 1588 812 Domini
1640 760 1861 829 populo.
1893 779 1912 811 ι
1946 760 2110 817 Forte
2142 766 2306 819 etiam

728 857 784 897 et
820 846 924 900 hoc
965 862 1164 903 nomen
1194 850 1473 920 proprium
1514 852 1783 923 prepheta
1822 852 2049 911 sortitus
2070 865 2172 911 est.
2198 856 2306 911 Sed

729 935 953 1006 insuper
982 939 1111 993 illud
1141 940 1511 1011 adjiciendum
1546 954 1602 999 et
1642 945 1708 999 ad
1742 946 2100 1003 sinceriorem
2136 950 2304 1004 libro-

729 1043 850 1081 rum
910 1032 1352 1101 propheticorutn
1407 1036 1844 1107 intelligentiam,
1900 1038 2107 1095 scilicet
2161 1042 2306 1096 anti-

725 1136 889 1187 quam
927 1137 1048 1177 esse
1077 1126 1379 1193 prophetia:
1408 1128 1673 1197 gratiam:
1706 1129 1912 1199 quippe
1940 1147 2061 1199 quae
2087 1132 2156 1186 ab
2184 1132 2301 1202 ipsa

726 1210 978 1278 primitus
1014 1216 1296 1270 hominum
1330 1219 1609 1274 creatione
1644 1221 1896 1291 incipiat;
1934 1221 2008 1276 ita
2042 1233 2100 1277 ut
2128 1223 2300 1279 Adam

724 1303 793 1356 de
848 1303 956 1358 Eva
1009 1305 1208 1361 dixerit
1239 1310 1562 1377 prophetico
1603 1310 1763 1379 plane
1796 1311 1978 1366 dono:
2022 1333 2040 1363 ι
2075 1312 2302 1384 Propter

726 1394 833 1449 hoc
889 1396 1234 1467 derelinquet
1296 1401 1461 1455 homo
1499 1412 1707 1472 patrem
1764 1418 1923 1458 suum
1974 1414 2030 1460 et
2071 1416 2297 1462 matrem

720 1500 899 1550 suam,
927 1495 983 1541 et
1015 1489 1316 1545 adharebit
1345 1492 1411 1546 ad
1444 1509 1671 1549 uxorem
1694 1510 1847 1550 suam
1875 1514 1889 1561 ;
1918 1508 1971 1550 et
2003 1506 2164 1552 erunt
2188 1500 2298 1554 duo

721 1576 777 1630 in
814 1591 1033 1633 carnem
1064 1598 1249 1636 unam.
1287 1601 1306 1634 ι
1332 1583 1605 1639 Abraham
1638 1589 1903 1657 propheta
1931 1589 2001 1643 ab
2028 1589 2147 1659 ipso
2185 1592 2295 1647 Deo

721 1668 837 1724 haec
856 1670 1071 1726 dicente
1096 1672 1162 1727 ad
1189 1672 1529 1741 Abimelech,
1564 1689 1915 1748 nuncupatus
1966 1690 2077 1736 est:
2108 1701 2126 1733 ι
2152 1680 2297 1737 Red-

2414 766 2629 838 κληκὼς
2656 763 2737 833 οἷς
2753 769 3053 840 ὑπηρέταις
3068 771 3168 840 τῆς
3187 768 3382 823 ἐαυτοῦ
3404 766 3753 840 προφητείας
3777 765 4029 833 ἐκέχρη-

2410 876 2493 916 το.
2518 860 2655 930 Φησὶ
2686 861 2794 934 γάρ
2818 876 2834 890 ο
2873 880 2892 913 ‹
2922 862 3033 915 Καὶ
3062 856 3219 916 εἶπεν
3249 860 3501 929 ’Δγγαῑος
3530 859 3770 927 ἄγγελος
3794 855 4023 927 Κυρίου

2411 952 2470 1003 ἐν
2490 952 2743 1020 ἀγγέλοις
2778 954 2986 1025 Κυρίου
3017 954 3098 1025 τῷ
3140 952 3274 1025 λαῷ.
3305 972 3327 1005 ι
3372 953 3532 1015 Ἴσως
3561 952 3618 1004 δὲ
3670 950 3775 1003 καὶ
3832 948 4020 1016 ὄνομα

2408 1042 2568 1096 τοῦτο
2591 1043 2779 1115 κύριον
2804 1047 2832 1099 ό
2883 1047 3170 1117 προφήτης
3198 1046 3484 1114 ἐκέκτητο.
3529 1042 3697 1096 Ἀλλὰ
3734 1040 3852 1111 μὴν
3908 1041 4015 1091 κά-

2409 1141 2557 1191 κετνο
2584 1139 2900 1210 προσθεῖναι
2923 1142 3059 1212 πρὸς
3084 1140 3485 1212 άκριὸεστέραν
3522 1138 3733 1206 γνῶσιν
3766 1136 3890 1188 τῶν
3930 1134 4016 1203 βί-

2407 1228 2548 1283 ϐλων
2572 1231 2681 1283 τῶν
2708 1232 3062 1303 προφητικῶν
3089 1232 3259 1297 ἄξιον,
3283 1232 3360 1295 ὡς
3405 1231 3634 1302 ἀρχαῖον
3665 1228 3774 1298 μὲν
3807 1223 3883 1296 ἦν
3910 1230 4016 1293 τῆς

2406 1321 2746 1391 προφητείας
2794 1323 2855 1375 τὸ
2880 1324 3147 1394 χάρισμα,
3190 1324 3249 1390 ἐξ
3278 1321 3453 1393 αὐτῆς
3480 1320 3690 1376 ἄνωθεν
3728 1321 3843 1386 τῆς
3898 1316 4013 1367 τῶν

2404 1410 2709 1480 ἀνθρώπων
2741 1408 3112 1482 δημιουργίας
3137 1412 3469 1484 ἀρξάμενον.
3495 1410 3658 1462 Ὥστε
3691 1408 3793 1460 τὸν
3826 1406 4010 1473 ’Δδὰμ

2404 1503 2533 1568 ’περὶ
2558 1503 2660 1572 τῆς
2694 1502 2837 1567 Εὔας
2859 1504 3062 1573 λέγειν,
3084 1503 3408 1575 προφητικῷ
3435 1501 3681 1571 δηλονότι
3711 1498 4008 1569 χαρίσμα-

2401 1607 2473 1644 τιο
2499 1592 2754 1647 «Ἕνεκεν
2780 1595 2970 1648 τούτου
2991 1595 3307 1665 καταλείψει
3336 1594 3622 1665 ἄνθρωπος
3655 1592 3753 1643 τὸν
3784 1590 4003 1656 πατέρα

2400 1683 2588 1750 αὑτοῦ,
2620 1687 2715 1739 καὶ
2739 1686 2841 1758 τὴν
2876 1687 3085 1758 μητέρα
3133 1687 3322 1753 αὑτοῦ,
3379 1687 3474 1741 καὶ
3506 1682 4003 1755 προσκολληθήσςγ

718 1759 787 1812 de
821 1776 1044 1817 uxorem
1096 1763 1234 1830 viro,
1267 1766 1392 1835 quia
1426 1768 1693 1837 propheta
1723 1779 1827 1824 est.
1860 1770 1978 1825 Non
2030 1773 2196 1842 igitur
2235 1776 2290 1830 hi

2398 1793 2487 1830 ται
2521 1779 2659 1848 πρὸς
2686 1778 2783 1851 τὴν
2808 1783 3043 1848 γυναῖκα
3080 1781 3277 1845 αὑτοῦ,
3314 1777 3411 1834 καὶ
3441 1778 3658 1832 ἔσονται
3687 1777 3741 1829 oi
3790 1775 3893 1828 ἂόο
3924 1774 4002 1825 sic.

717 1848 817 1903 soli
878 1853 1158 1922 propheta:
1210 1865 1361 1922 sunt,
1426 1872 1660 1927 quorum
1706 1860 1929 1915 nomine
1968 1861 2293 1918 inscribitur

2398 1868 2576 1938 σάρκα
2606 1848 2754 1939 μίαν,
2798 1890 2816 1922 ι
2855 1871 3109 1943 Ἀϐραὰμ
3126 1871 3183 1925 δὲ
3218 1872 3506 1943 προφήτης
3538 1869 3668 1939 παρ’
3701 1865 3881 1920 αὐτοῦ
3906 1864 4000 1918 τοῦ

718 1942 1025 2010 prophetia.
1049 1943 1179 1999 Nam
1215 1948 1490 2016 quomodo
1521 1946 1741 2003 Samuel
1772 1950 2025 2021 princeps
2054 1956 2295 2025 prophe-

720 2045 894 2093 tarum
924 2041 1221 2095 vocabatur
1248 2042 1273 2095 ?
1301 2042 1587 2108 Quomodo
1620 2044 1715 2099 lilii
1767 2048 2158 2118 prophetarum
2208 2052 2294 2107 di-

712 2128 979 2183 cebantur
1024 2133 1117 2202 qui
1151 2135 1305 2204 juxta
1349 2136 1518 2191 Eliam
1583 2141 2106 2209 congregabantur?
2163 2142 2295 2200 Pro-

715 2220 900 2289 phetia
948 2223 1094 2278 enim
1139 2225 1248 2280 ulla
1279 2243 1383 2283 nec
1438 2228 1631 2283 horum
1667 2246 1768 2285 nec
1820 2231 2037 2288 illorum
2071 2236 2295 2291 nomine

714 2312 977 2385 inscripta
1009 2316 1263 2371 refertur.
1295 2318 1572 2389 Quotquot
1606 2321 1769 2393 igitur
1828 2334 1983 2380 erant
2047 2327 2293 2397 philoso-

713 2405 858 2475 phiae
891 2406 1075 2463 forsan
1102 2419 1228 2464 ante
1254 2410 1388 2465 alios
1420 2412 1602 2481 periti,
1637 2414 1691 2468 hi
1724 2431 1941 2485 quoque
1972 2420 2293 2487 prophetico

713 2498 895 2552 studio
925 2488 1165 2556 illusﬁes
1196 2501 1325 2556 facti
1355 2541 1370 2567 ,
1425 2504 1543 2559 sive
1585 2506 1731 2575 quod
1800 2507 2076 2565 historicis
2136 2511 2292 2567 libris

715 2590 994 2660 inspirata:
1034 2592 1330 2665 Scriptura:
1355 2612 1695 2667 quaecunque
1745 2600 2068 2670 prophetico
2095 2604 2289 2673 spiritu

714 2682 971 2738 dixerunt
1022 2694 1116 2740 aut
1146 2687 1392 2742 fecerunt
1435 2691 1742 2761 conscripta
1800 2702 1964 2758 sunt,
2012 2695 2155 2748 sicut
2188 2695 2292 2750 Sa-

713 2777 892 2841 muel,
929 2775 1071 2833 Elias
1123 2787 1179 2833 et
1215 2780 1478 2847 Elizaeus;
1506 2782 1620 2837 sive
1642 2785 1786 2868 quod
1820 2785 1991 2841 libros
2042 2787 2143 2857 ipsi
2166 2804 2292 2857 pro-

714 2869 1005 2938 pheticos,
1049 2870 1265 2926 amante
1322 2873 1531 2943 Spiritu
1569 2917 1584 2941 ,
1628 2876 2041 2944 condiderunt,
2100 2882 2292 2949 quales

713 2960 867 3015 fuere
900 2961 1186 3017 duodecim
1217 3006 1231 3030 ,
1292 2972 1348 3019 et
1379 2965 1546 3020 Isaias
1575 3008 1589 3033 ,
1646 2977 1702 3022 et
1735 2967 2000 3025 Jeremias
2020 3010 2035 3036 ,
2069 2980 2126 3027 et
2158 2971 2291 3027 Eze-

714 3052 880 3119 chiel,
912 3063 968 3109 et
1001 3055 1210 3109 Daniel.
1247 3055 1394 3111 Inter
1412 3073 1548 3127 quos
1577 3059 1828 3115 Ezechiel
1859 3062 2080 3131 quidem
2102 3071 2159 3119 et
2185 3064 2291 3119 Da-

2394 1959 2553 2025 Θεοῦ,
2587 1960 2761 2014 ταῦτα
2791 1966 2925 2033 πρὸς
2956 1963 3049 2017 τδν
3078 1964 3374 2034 Ἀϐιμέλεχ
3405 1963 3674 2023 εἰπόντος,
3705 1958 4003 2030 προσηγό-

2395 2070 2582 2124 ρευται
2601 2069 2619 2086 ’
2648 2072 2668 2107 ε
2690 2055 2914 2119 Ἀπόδος
2940 2055 3038 2126 τὴν
3058 2058 3294 2124 γυναῖκα
3319 2054 3399 2124 τῷ
3417 2051 3712 2123 ἀνθρώπῳ,
3742 2052 3832 2103 ὅτι
3864 2065 4003 2117 προ-

2394 2147 2573 2220 φήτης
2615 2149 2787 2203 ἐστίν.
2822 2167 2839 2200 ι
2900 2148 2975 2203 Οὐ
3011 2147 3161 2217 μόνοι
3226 2148 3406 2201 τοίνυν
3437 2146 3715 2216 προφῆται
3760 2141 4003 2211 γεγόνα-

2394 2256 2481 2293 σιν
2500 2281 2514 2305 ,
2546 2232 2622 2293 ὧν
2652 2239 2930 2312 ἔγγραφος
2959 2241 2992 2310 ή
3040 2236 3348 2310 προφητεία
3402 2239 3628 2307 φέρεται
3649 2252 3661 2263 ·
3695 2236 3823 2287 ἐπεὶ
3882 2234 4001 2293 πῶς

2396 2332 2493 2403 μὲν
2527 2334 2555 2385 ό
2575 2332 2829 2402 Σαμουὴλ
2864 2331 3158 2403 προφητῶν
3189 2331 3417 2403 ἔξαρχος
3446 2327 3843 2397 ἐπωνόμαστο;
3878 2325 4003 2385 πῶς

2391 2424 2448 2477 δέ
2486 2424 2593 2476 υἱοὶ
2627 2423 2925 2494 προφητῶν
2955 2424 3004 2475 oi
3031 2422 3387 2493 συναγόμενοι
3414 2419 3567 2491 παρὰ
3588 2418 3683 2472 τὸν
3713 2418 3995 2470 Ἐλισαῖον

2391 2512 2674 2582 ἐλέγοντο;
2708 2514 3020 2587 Προφητεία
3067 2512 3178 2584 γὰρ
3228 2514 3503 2583 ἔγγραφος
3533 2511 3595 2563 ού
3637 2508 3855 2561 τούτων
3898 2507 4001 2573 μὲν

2390 2601 2505 2670 οὖν,
2535 2604 2659 2657 οὑδέ
2693 2607 2914 2670 ἐκείνων
2947 2620 3193 2676 φερεται.
3216 2607 3372 2658 Ὅσοι
3395 2604 3572 2658 τοίνυν
3598 2598 3741 2673 ἦσαν
3764 2601 3871 2668 τὴν
3899 2618 4000 2667 φι-

2391 2695 2646 2765 λοσοφίαν
2677 2696 2809 2758 ἴσως
2838 2695 2980 2765 ὑπὲρ
3002 2696 3132 2760 τοὺς
3157 2694 3350 2759 ἄλλους
3380 2693 3672 2759 ἐξαίρετοι,
3694 2683 3849 2745 οὗτοι
3897 2690 3998 2741 καὶ

2389 2787 2490 2858 τὴν
2515 2786 2859 2858 προφητικὴν
2892 2788 3131 2859 θεωρίαν
3150 2789 3435 2857 γεγονότες
3461 2786 3747 2855 ἐπίσημοι,
3786 2783 3821 2853 ἢ
3864 2783 3997 2841 ταῖς

2394 2880 2691 2949 ἱστορικαῖς
2744 2878 2945 2949 βίὸλοις
2982 2880 3083 2950 τῆς
3146 2878 3509 2933 θεοπνεύστου
3555 2875 3823 2947 Γραφῆς,
3886 2874 3995 2926 ὅσα

2390 2968 2720 3041 προφητικῷ
2747 2970 3031 3039 Πνεύματι
3053 2970 3301 3032 εἰπόντες
3329 2966 3686 3040 ἢπράξαντες
3708 2965 3992 3032 ὑπῆρχον.

2390 3058 2800 3127 ἀνεγράφησαν,
2822 3057 3011 3130 ῶσπερ
3046 3059 3322 3131 Σαμουὴλ,
3358 3058 3545 3120 Ἠλίας
3579 3072 3637 3109 τε
3668 3056 3768 3109 καὶ
3804 3053 3993 3107 Ἐλισ-

714 3139 842 3203 rtiel,
879 3143 1105 3213 Aggrcus
1133 3153 1188 3198 et
1210 3144 1521 3210 Zacharias,
1557 3147 1857 3217 captivitati
1889 3150 2072 3220 populi
2096 3149 2289 3206 Iudai-

2398 3151 2541 3212 σαίος
2558 3166 2574 3179 ·
2606 3149 2639 3220 ἢ
2666 3148 2906 3219 βίϐλους,
2933 3149 3330 3220 ἐπιτραπέντες
3346 3148 3495 3237 παρὰ
3520 3145 3614 3199 τοῦ
3636 3145 3994 3214 ῐίνεύματος,

712 3232 762 3285 ci
791 3232 936 3302 apud
967 3233 1221 3305 Assyrios
1255 3237 1589 3305 posteriores
1621 3239 1969 3307 prephetant.
2024 3242 2291 3299 Jeremias

2398 3242 2548 3294 αὐτοὶ
2598 3241 2943 3312 προφητικίις
2980 3242 3275 3307 συνέταξαν
3353 3236 3453 3294 οἷοί
3484 3257 3626 3300 τινες
3658 3243 3708 3290 οἱ
3744 3238 3987 3293 δώδεκα.

713 3329 896 3377 autem
928 3324 1068 3378 hanc
1104 3326 1275 3395 ipsam
1306 3327 1678 3395 captivitatem
1706 3329 2051 3385 vaticinatur.
2079 3331 2277 3403 Sopho

714 3414 835 3467 :iias
881 3430 989 3468 non
1048 3423 1164 3470 toto
1195 3426 1441 3487 tempore
1501 3434 1610 3473 suae
1644 3420 1969 3490 prophetiae,
2012 3424 2106 3477 sed
2140 3434 2291 3493 parte

717 3514 959 3571 ﬁantIth
1018 3505 1195 3561 tlorui.
1250 3516 1511 3579 regnante
1585 3508 1763 3565 Josia'
1827 3529 1936 3581 quo
1974 3513 2138 3567 etiam
2204 3530 2260 3570 re

714 3607 914 3667 gnante
948 3596 1215 3653 .ieremias
1239 3599 1527 3655 vaticinari
1556 3601 1870 3672 incipiebat.
1893 3604 2088 3658 Caneri
2110 3616 2291 3661 autem

715 3688 868 3742 Esaiae
919 3691 1137 3759 quidem
1171 3693 1614 3763 contmnporanei
1646 3742 1651 3747 .
1713 3694 1799 3748 sed
1846 3695 2097 3751 Samuele
2122 3738 2136 3761 ,
2177 3699 2291 3753 Elia

714 3788 770 3836 et
804 3779 994 3833 lilismn
1031 3786 1363 3837 recertinres
1416 3782 1473 3838 Id
1507 3800 1573 3838 ex
1596 3800 1662 3837 ε)
1712 3794 1864 3854 patet
1913 3789 2059 3856 quod
2098 3789 2291 3844 Elisaeo

717 3873 969 3927 :nmicnt?
1002 3874 1167 3927 adfqu
1222 3873 1491 3940 Joas,rex
1539 3875 1725 3931 Israel.
1769 3879 1825 3932 In
1854 3879 2050 3935 diebus
2107 3891 2291 3937 autem

715 3964 1003 4018 Jeroboan.
1032 4014 1035 4017 .
1074 3982 1183 4019 non
1215 3966 1308 4020 filii
1366 3967 1578 4023 Nabath
1606 4007 1621 4032 ,
1656 3969 1751 4024 sed
1802 3970 1898 4024 ﬁlii
1940 3970 2104 4038 Joas,
2153 3973 2293 4029 Osee

717 4056 1055 4124 prophetiam
1087 4057 1215 4112 edit.
1259 4059 1431 4113 Simul
1456 4075 1581 4114 cum
1610 4075 1677 4115 eo
1738 4058 2043 4116 floruerunt
2098 4063 2289 4128 Amos,

716 4147 971 4201 Iliclneas
1008 4157 1057 4199 θ’
1086 4148 1288 4214 Isaias;
1338 4150 1482 4205 sicut
1518 4152 1823 4207 enumerati
1864 4152 1919 4207 in
1950 4153 2131 4208 fronte
2178 4155 2295 4209 sin-

714 4240 964 4306 gulorum
995 4240 1295 4309 prophetia:
1324 4255 1483 4313 reges
1508 4242 1754 4297 studiose
1778 4245 2115 4313 qimrentiet
2139 4261 2294 4301 scru-

716 4331 849 4383 tanti
888 4332 1130 4386 indicare
1199 4342 1451 4401 possunt.
1487 4333 1640 4399 Quod
1668 4346 1853 4390 autem
1888 4337 2044 4392 deest
2067 4339 2293 4409 prologo

714 4423 1029 4477 necessario
1081 4423 1377 4479 addemus:
1421 4425 1654 4490 scilicet,
1687 4427 1856 4480 Amos
1887 4434 1945 4481 et
1974 4425 2115 4482 Osee
2147 4428 2292 4497 apud

2412 3333 2635 3398 Ησατας
2666 3349 2746 3398 τε,
2770 3334 2863 3387 καί
2893 3334 3182 3404 Ἱερεμίας.
3220 3334 3314 3388 καὶ
3354 3331 3618 3402 Ιεζεκιὴλ,
3652 3330 3750 3384 καὶ
3780 3329 3992 3400 Δανιὴλ

2404 3426 2681 3494 (εγόνασιν
2701 3441 2714 3456 ·
2742 3417 3097 3494 ὦνἸεζεκιὴλ
3128 3425 3223 3495 μὲν
3264 3424 3357 3477 καὶ
3383 3424 3601 3493 Δανιὴλ,
3640 3422 3900 3490 ’.Δγγᾶιός
3925 3439 3983 3474 τε

2398 3518 2487 3569 καί
2521 3516 2817 3588 Ζαχαρίας.
2857 3517 2952 3586 τῆς
3011 3516 3264 3579 ἁλώσεως
3309 3516 3402 3586 τῆς
3463 3518 3524 3579 ἐξ
3552 3514 3869 3585 Ἀσσυρίων
3912 3518 3986 3576 τᾴ

2402 3607 2505 3679 λαῷ
2532 3608 2819 3678 συμϐάσης
2850 3607 2960 3661 τῶν
2994 3608 3279 3671 Ἰουδαίων,
3322 3606 3540 3678 ὕστεροι
3595 3614 3967 3678 προφητευουν

2403 3717 2479 3751 ειν
2546 3699 2814 3768 Ἱερεμίας
2841 3698 2898 3751 δὲ
2922 3702 3130 3770 ταύτην
3163 3696 3493 3769 προφητεύει
3530 3700 3630 3767 τὴν
3680 3697 3891 3750 ἅλωσιν
3914 3717 3925 3725 ι
3960 3716 3987 3745 ο

2395 3788 2655 3857 Σοφονίας
2682 3789 2742 3843 οὐ
2771 3790 2950 3844 πάντα
2984 3791 3074 3844 τὸν
3108 3791 3300 3860 καιρὸν
3328 3790 3429 3859 τῆς
3459 3793 3829 3860 προφητείας,
3866 3789 3983 3840 an

2392 3877 2501 3930 ἀπὸ
2533 3877 2734 3947 μέρους
2767 3880 3140 3949 συνήκμασεν,
3202 3879 3296 3931 ἐπί
3321 3878 3423 3958 τῆς
3445 3876 3653 3932 Ἰωσίου
3700 3876 3987 3945 βασιλείας

2394 3969 2819 4041 προφητεύσαςο
2872 3971 2959 4039 ἐφ’
3014 3963 3078 4024 οὗ
3135 3969 3236 4040 τῆς
3292 3970 3634 4040 προφητείας
3706 3967 3987 4037 Ἱερεμίας

2393 4060 2623 4131 ῆρξατο·
2650 4062 2699 4114 oi
2713 4060 2891 4116 λοιποὶ
2918 4061 2975 4115 δὲ
3003 4062 3224 4115 Ἡσαΐου
3250 4061 3348 4131 μὲν
3376 4060 3690 4131 σύγχρονοι,
3717 4058 3859 4112 ἀλλὰ
3890 4060 3987 4113 καὶ

2393 4151 2669 4221 Σαμουὴλ,
2695 4152 2789 4205 καὶ
2806 4150 3015 4217 Ἠλίου,
3036 4150 3133 4205 καὶ
3164 4149 3470 4203 Ἐλισσαίου
3496 4148 3777 4219 νεώτεροι.
3804 4150 3982 4218 Δῆλον

2393 4242 2503 4313 γὰρ
2531 4243 2625 4310 ἀφ’
2677 4236 2753 4299 ὧν
2790 4242 2867 4312 τῷ
2901 4243 3002 4314 μὲν
3047 4241 3341 4312 Ἐλισσαίῳ
3370 4240 3557 4312 παρῆν
3609 4240 3770 4303 Ίωᾶς
3818 4242 3848 4293 ό
3884 4240 3983 4293 τοῦ

2393 4333 2609 4404 Ἰσραὴλ
2638 4333 2913 4403 βασιλεὺς,
2938 4334 3030 4387 τὸν
3062 4332 3177 4403 βίον
3210 4332 3568 4404 μεταλλάττει
3586 4349 3601 4362 ·
3628 4334 3690 4385 ἐν
3736 4332 3985 4402 ἡμέραις

2391 4426 2451 4479 δὲ
2483 4427 2784 4497 Ἱεροϐοάμ,
2799 4427 2861 4480 οὐ
2881 4425 2978 4480 τοῦ
3003 4426 3122 4480 υίοῦ
3144 4425 3356 4490 Ναυὰτ,
3381 4424 3519 4479 ἀλλὰ
3537 4424 3635 4478 τοῦ
3657 4423 3781 4478 υίοῦ
3802 4423 3982 4487 Ἰωᾶς,

710 4515 955 4569 Judaeum
1006 4524 1060 4568 et
1118 4512 1419 4569 Samariam
1474 4515 1941 4586 pr0phetaverunt
1986 4535 2000 4572 :
2062 4529 2119 4574 et
2166 4520 2292 4575 ideo

2405 4516 2569 4587 Ὠσηὲ
2620 4518 2723 4587 τὴν
2779 4519 3122 4589 προφητείαν
3174 4518 3491 4571 ἐκτίθεται⁶
3547 4516 3727 4586 τούτῳ
3775 4516 3837 4569 δέ
3886 4518 3982 4568 καὶ

713 4609 855 4661 inter
920 4620 1073 4676 reges
1148 4604 1303 4661 Iuda:
1363 4605 1699 4671 Jeroboam,
1771 4608 1863 4678 qui
1927 4609 2117 4666 decem
2188 4610 2288 4666 tri-

710 4697 880 4752 buum
917 4697 1083 4751 Israel
1127 4706 1497 4767 separatarum
1547 4700 1721 4754 tenuit
1758 4710 2058 4770 sceptrum,
2106 4718 2282 4758 annu-

714 4793 948 4841 merant.
989 4785 1141 4840 Patet
1170 4795 1352 4840 autem
1385 4788 1659 4841 Amasiam
1720 4790 2059 4845 sacerdotem
2093 4792 2287 4849 Bethel

712 4876 830 4931 hare
861 4876 927 4931 ad
955 4874 1122 4931 Amos
1145 4875 1379 4932 dixisse:
1416 4897 1434 4930 ι
1458 4876 1769 4949 Trasmigra
1826 4880 1882 4934 in
1924 4890 2123 4937 terram
2147 4884 2287 4940 Iuda

714 4975 770 5022 et
815 4967 887 5020 ibi
925 4966 1045 5020 vive
1074 5006 1090 5031 ,
1122 4974 1179 5021 et
1207 4967 1281 5021 ibi
1348 4969 1737 5040 prophetabis:
1771 4969 1831 5024 In
1866 4970 2057 5028 Bethel
2104 4984 2285 5029 autem

714 5072 827 5111 non
857 5057 1104 5126 adiicias.
1138 5077 1157 5110 ι
1196 5059 1473 5128 Quotquot
1498 5067 1679 5113 autem
1704 5058 1902 5116 futura:
1934 5060 2135 5118 Iudaeae
2153 5081 2285 5135 pro-

2408 4606 2588 4679 ’Δμὼς
2615 4610 2709 4663 καὶ
2735 4611 2974 4680 Μιχαίας
3004 4611 3099 4665 καὶ
3136 4600 3365 4674 Ἡσαΐας
3400 4610 3798 4681 συνήκμασαν·
3830 4607 3905 4667 ὡς
3930 4608 3980 4660 οἱ

2394 4702 2830 4771 προτεταγμένοι
2889 4704 2991 4772 τῆς
3050 4702 3284 4756 ἑκάστου
3337 4700 3678 4771 προφητείας
3731 4698 3978 4768 βασιλεῖς

2393 4792 2683 4846 παιδεῦσαι
2712 4794 2803 4846 τὸν
2834 4794 2943 4847 ἀπὸ
2973 4793 3208 4861 σπουδῆς
3249 4793 3563 4863 μελετῶντά
3586 4808 3648 4844 τε
3683 4791 3781 4845 καὶ
3798 4790 3975 4859 ψηλα-

2393 4884 2579 4953 φῶντα
2601 4886 2878 4940 δύνανται.
2912 4887 3091 4956 Ὅπερ
3120 4887 3177 4940 δὲ
3207 4886 3395 4939 λοιπόν
3422 4885 3541 4937 ἐστι
3577 4884 3659 4953 τῷ
3698 4882 3973 4953 προλόγῳ,

2390 4976 2705 5043 ἀναγκαίως
2740 4977 3122 5047 προσθήσομεν
3143 4993 3159 5008 ’
3195 4976 3271 5039 ὡς
3296 4974 3479 5045 ’Δμὼς
3508 4974 3603 5028 καὶ
3638 4975 3799 5043 Ὡσηέ
3836 4973 3975 5026 κατὰ

2389 5064 2489 5136 τὴν
2513 5065 2773 5121 Ἰουδαίαν
2796 5067 2891 5119 καὶ
2921 5066 3237 5138 Σαμάρειαν
3254 5065 3736 5136 προφητεύσαντες
3758 5064 3970 5132 ἔτυχον,

718 5150 961 5218 phetiam
1019 5150 1485 5219 praedicaverunt,
1522 5152 1579 5207 hi
1605 5152 1783 5207 solum
1840 5170 1998 5226 reges
2063 5157 2119 5211 in
2161 5173 2282 5212 eam

2398 5159 2487 5211 καὶ
2520 5161 2711 5213 τούτου
2763 5161 2924 5232 χάριν
2969 5162 3081 5223 τοίς
3117 5159 3399 5229 βασιλεῦσι
3439 5158 3538 5228 τῆς
3575 5156 3846 5218 Ἰουδαίας
3881 5155 3972 5207 τὸν

714 5251 1006 5312 regnantes
1034 5252 1478 5298 commemorant.

2401 5252 2683 5323 Ἰεροσοὰμ
2710 5254 2803 5306 τὸν
2823 5252 2890 5306 τὰ
2907 5252 3043 5305 δέκα
3070 5251 3329 5321 σκῆπτρα
3359 5249 3462 5318 τῆς
3482 5246 3875 5318 ἁφορισθείσης
3893 5244 3969 5314 τῷ

714 5334 937 5407 Ἰσραὴλ
968 5334 1240 5405 βασιλείας
1290 5336 1565 5406 ἐσχηκότα
1601 5338 1934 5405 συνέταξανο
1963 5340 2123 5412 δῆλον
2163 5341 2221 5395 δέ
2248 5343 2331 5397 ὃτι
2372 5345 2643 5415 ’Δμασίας
2673 5347 2702 5399 ὀ
2750 5346 2931 5415 ἱερεὺς
2961 5345 3163 5415 Βαιθὴλ
3208 5343 3439 5398 τοιαῦτα
3478 5343 3615 5413 πρὸς
3659 5340 3753 5394 τὸν
3786 5337 3966 5408 ’Δμὼς

713 5423 1016 5495 ἐφθέγξατο
1044 5437 1060 5453 °
1099 5421 1484 5496 ιἘκχὼρησον
1519 5430 1599 5492 είς
1641 5429 1747 5500 γῆν
1785 5429 1993 5497 Ἰούδα,
2052 5431 2147 5485 καὶ
2190 5434 2310 5486 ἐκεῖ
2359 5435 2655 5501 κατασίου,
2709 5437 2803 5489 καὶ
2833 5439 2951 5490 ἐκεῖ
3006 5434 3431 5508 προφητεύσεις.
3465 5452 3485 5486 ι
3534 5433 3629 5496 El;
3672 5432 3730 5484 δὲ
3762 5430 3963 5501 Βαιθὴλ

714 5520 901 5576 οὐκέτι
931 5518 1175 5589 προσθῇς
1198 5537 1214 5553 ·
1244 5524 1359 5577 ὅσοι
1388 5521 1445 5575 δέ
1489 5521 1591 5594 τῆς
1627 5522 1894 5588 Ἰουδαίας
1924 5524 2189 5597 ἐσομένης
2228 5526 2330 5598 τὴν
2368 5530 2702 5600 προφητείαν
2746 5528 3041 5601 ἐκήρυξαν,
3073 5523 3219 5583 οὗτοι
3243 5528 3405 5600 μόνον
3424 5525 3534 5582 τῶν
3548 5526 3609 5580 ἐν
3638 5525 3780 5596 αὐτῇ
3813 5523 3964 5591 βασι-

712 5613 1023 5668 λευσάντων
1053 5617 1381 5683 μέμνηνται.
