4156 6452
91 348 95 352 ·
165 327 308 398 1345

205 478 210 484 '
426 476 778 537 κΕεΑΛΑιΑ
812 485 891 555 (5)
924 485 1100 540 usus
1128 487 1522 545 "Poenior.

230 594 306 644 α’.
331 587 521 646 Εἰκὼν
555 595 656 666 τῆς
677 596 785 650 τῶν
834 597 1107 654 Ἰουδαίων
1152 602 1502 673 συναγωγῆς,
1555 602 1615 668 ἐξ
1641 599 1709 676 ἦς
1737 604 1766 657 δ

1241 345 1323 408 ΙΝ
1363 349 1476 408 XII
1518 350 1964 412 PROTIIETAS
2005 352 2370 415 MINORES.

1787 474 1836 532 Α

3314 352 3448 420 1346

2102 527 2114 540 .
2222 494 2471 550 carm
2505 494 2684 550 OSEE
2725 493 3138 550 morumne.
3332 457 3362 472 ”

1935 606 1977 661 I.
2020 606 2234 680 Eﬂigics
2260 609 2551 681 Synagogm
2579 609 2891 666 Judseorum
2933 627 2994 666 ex
3047 626 3154 679 qua
3191 610 3444 665 Christus

155 679 408 752 Χριστὸς
427 685 643 742 τὸκατά
678 690 856 761 σάρκα
882 691 1125 747 τίκτεται
1148 709 1161 724 ’
1189 695 1283 747 καὶ
1317 695 1446 749 λαοῦ
1477 695 1538 750 τὸ
1569 698 1666 766 μὲν
1706 698 1762 750 ἐν

1864 679 2164 755 secundum
2201 679 2424 756 carnem
2475 679 2744 767 nascitur,
2780 712 2835 758 et
2861 702 3049 773 pepuli
3085 701 3103 775 ξ
3136 701 3229 772 qui
3263 701 3282 774 ]
3331 702 3446 772 pri-

157 775 402 850 ἀπιστίᾳ
443 779 679 852 ἔμεινεν,
710 782 769 837 τὸ
791 784 847 839 δέ
901 785 1125 858 ὕστερον
1154 788 1473 860 ἐπιστρέφει
1517 791 1611 844 καὶ
1656 790 1763 843 σώ-

153 864 340 929 ζεται.

241 977 311 1050 β’.
343 983 577 1055 Ἀπειλὴ
601 987 743 1040 κατὰ
767 987 867 1058 τῆς
907 990 1231 1061 συναγωγῆς
1253 1031 1266 1055 ,
1298 993 1378 1047 ὅτι
1406 995 1624 1049 πάντων
1654 997 1762 1052 τῶν

149 1071 436 1129 δοθέντων
461 1078 599 1149 αὑτῇ
628 1079 777 1150 παρά
803 1080 938 1133 Θεοῦ
970 1082 1210 1151 ἀγαθῶν,
1259 1083 1397 1140 ἀλλὰ
1421 1087 1516 1141 καὶ
1548 1081 1624 1142 ὧν
1644 1089 1761 1143 ἐδο-

150 1163 250 1232 ξεν
282 1166 353 1220 ἐκ
377 1168 490 1222 τῶν
519 1169 754 1224 εἰδώλων
791 1172 958 1242 ἔχειν,
993 1175 1437 1247 γυμνωθήσεται.

224 1264 300 1326 γ’.
327 1260 668 1333 Πρόρῤησις,
695 1263 844 1328 ὅπως
869 1266 900 1336 ή
923 1266 1022 1335 μὲν
1044 1267 1344 1341 Συναγωγὴ
1363 1270 1470 1323 τῶν
1489 1271 1761 1327 Ἰουδαίων

145 1351 541 1417 ταπεινοῦται,
567 1353 661 1407 καὶ
677 1356 772 1424 τῆς
804 1356 1049 1421 δουλείας
1069 1358 1167 1426 τῆς
1188 1359 1297 1412 τῶν
1330 1360 1565 1417 εἰδώλων
1587 1364 1761 1418 παύεσ-

145 1457 243 1494 ται
267 1457 281 1471 ·
313 1443 369 1495 oi
412 1442 472 1510 ἐξ
491 1445 666 1517 αὐτῆς
695 1447 752 1500 δὲ
808 1448 1201 1515 πιστεύσαντες
1245 1455 1637 1526 κοινωνήσουσι
1664 1457 1761 1528 τῆς

145 1533 288 1597 νέας
322 1533 620 1608 διαθήκης,
653 1538 748 1592 καὶ
778 1538 886 1592 τῶν
914 1541 973 1594 ἐν
999 1541 1219 1614 Χριστῷ
1272 1546 1593 1619 μυστηρίων
1646 1551 1761 1613 τοῖς

147 1623 365 1681 ῑθνεσι.

219 1742 291 1796 δ’.
324 1744 654 1818 Κατηγορία
674 1750 772 1819 τῆς
801 1750 1253 1822 Συναγωγῆς,ὅτι
1283 1754 1438 1825 παρὰ
1459 1756 1594 1810 Θεοῦ
1622 1758 1759 1827 ἀγα-

1865 808 2012 846 mum
2058 793 2278 863 quidem
2331 793 2384 848 in
2439 794 2825 851 incredulitate
2887 795 3209 865 permansit,
3257 803 3442 866 postea

1862 899 1992 938 vero
2031 899 2090 940 se
2127 887 2397 942 convertit
2425 895 2479 941 et
2517 886 2776 942 salvatur.

1934 993 1999 1049 Il.
2046 994 2204 1053 Minae
2266 997 2531 1052 adversus
2576 996 2937 1070 Synagogam,
2995 997 3205 1052 scilicet
3263 998 3444 1052 omni-

1861 1087 1965 1142 bus
2026 1103 2056 1142 a
2108 1089 2217 1144 Deo
2250 1091 2490 1160 acceptis
2522 1091 2684 1146 bonis
2709 1131 2725 1157 ,
2761 1091 2892 1160 quin
2921 1089 3090 1145 etiam
3136 1091 3202 1144 iis
3229 1105 3349 1160 quae
3375 1090 3444 1144 ab

1862 1180 2020 1236 idolis
2048 1181 2296 1239 obtinere
2327 1184 2557 1253 sibivisa
2586 1192 2690 1252 est,
2725 1185 2982 1240 nudatam
3003 1185 3089 1240 iri.

1934 1273 2021 1328 Ill.
2071 1277 2365 1331 Praedictio
2424 1279 2699 1348 quomodo
2773 1278 3089 1334 Iudaeorum
3162 1278 3442 1350 Synagoga

1863 1365 2200 1431 humiliatur,
2232 1380 2290 1424 et
2323 1385 2354 1424 a
2391 1371 2654 1425 servitute
2709 1370 2974 1426 idolorum
3023 1371 3305 1426 liberatur.
3341 1371 3444 1438 Qui

1862 1473 1929 1512 ex
1959 1473 2023 1513 ea
2053 1460 2390 1515 crediderint
2450 1462 2936 1518 communicabunt
3006 1479 3132 1518 cum
3192 1464 3445 1536 gentibus

1862 1567 2059 1606 novum
2094 1551 2273 1608 {cadus
2305 1561 2360 1608 et
2410 1553 2465 1608 in
2503 1552 2720 1608 Christo
2765 1554 3042 1626 mysteria.

1933 1765 2024 1820 IV.
2065 1764 2360 1821 Accusatio
2401 1764 2719 1837 Syuagogae,
2751 1766 2918 1835 quod,
2956 1781 3076 1821 cum
3117 1782 3146 1821 a
3179 1767 3288 1822 Deo
3318 1768 3444 1822 dili-

149 1834 398 1928 πωμένη
428 1840 542 1901 τοῖς
579 1839 825 1905 εἰδώλοις
878 1845 1231 1917 προσέδραμε
1251 1864 1266 1879 ο
1299 1848 1394 1902 καὶ⁵
1425 1849 1752 1922 πρόρῤησις,

1862 1865 2077 1928 geretur
2105 1899 2120 1923 ,
2160 1858 2227 1912 ad
2268 1858 2413 1912 idola
2441 1829 2518 1913 'se
2549 1829 2888 1913 'anmiéi-n.
2909 1858 2976 1913 Et
2999 1859 3277 1927 praedictio
3304 1875 3442 1928 quo-

147 1924 310 1989 δπως
344 1926 663 2000 ὁλοκλήρως
690 1933 828 2004 αὑτῇ
861 1935 932 1989 τὰ
967 1935 1066 2006 τῆς
1097 1937 1331 2008 ἀρχαίας
1354 1940 1628 2006 πολιτείας
1651 1944 1753 2016 ἀρ-

148 2017 329 2090 γήσῃ,
355 2019 497 2091 αὐτὴ
520 2020 578 2075 δέ
611 2024 916 2099 ἐπιστρέψῃ
950 2028 1087 2100 πρὸς
1116 2029 1207 2085 τὸν
1229 2032 1466 2103 Χριστὸν
1488 2037 1568 2100 είς
1597 2034 1755 2091 ῦστε-

150 2124 274 2180 ρον.

221 2231 290 2283 ε’.
325 2228 598 2300 Διήγησις
634 2225 710 2285 ὧν
729 2234 759 2286 ὁ
783 2233 910 2299 λαὸς
941 2234 1052 2289 τῶν
1079 2237 1351 2294 Ἰουδαίων
1376 2241 1470 2297 καὶ
1488 2242 1538 2297 οε
1566 2244 1754 2299 τούτου

153 2317 329 2387 ἰερεῖς
351 2318 594 2389 ἠσέϐουν
619 2323 714 2376 καὶ
735 2324 1082 2396 ἡμάρτανον.

230 2410 308 2477 ς’.
338 2413 668 2486 Κατηγορία
691 2417 802 2472 τῶν
829 2417 1138 2475 Ἰουδαϊκῶν
1162 2424 1443 2496 ἀρχόντων
1462 2445 1475 2458 ·
1499 2428 1579 2482 ὅτι
1605 2430 1757 2502 παρὰ

153 2503 258 2574 τὴν
287 2503 480 2559 αὐτῶν
507 2508 689 2561 αἰτίαν
716 2510 754 2562 δ’
792 2508 923 2575 λαὸς
970 2510 1348 2586 ἐξημάρτανε*
1379 2520 1474 2572 καὶ
1516 2522 1758 2591 γνησίως

160 2596 265 2666 μὲν
283 2598 426 2668 πρὸς
451 2598 546 2654 τὸν
573 2599 709 2655 Θεδν
757 2603 860 2656 οὐκ
889 2603 1249 2678 ἐπέστρεφον,
1298 2612 1437 2681 μετά
1467 2612 1671 2668 Θυσιῶν
1702 2614 1760 2669 δὲ

157 2688 326 2744 αὐτὸν
351 2689 567 2760 ἀλόγων
602 2692 811 2763 ἐζήτει,
842 2695 937 2749 καὶ
957 2695 1045 2752 διά
1068 2698 1226 2753 τοῦτο
1253 2701 1352 2773 οὐχ
1380 2701 1635 2776 ηὕρισκε.

232 2801 301 2866 ζ’.
331 2801 696 2877 Πρόσταγμα,
746 2809 1092 2881 κηρυχθῆναι
1141 2809 1232 2867 οἷα
1277 2815 1306 2867 ὁ
1359 2814 1486 2881 λαίις
1521 2818 1620 2890 μὲν
1652 2819 1760 2874 τῶν

159 2892 443 2951 Ἰουδαίων
475 2899 812 2972 ἐξήμαρτενο
864 2904 893 2956 ὁ
923 2904 1160 2974 Χριστὸς
1192 2905 1249 2959 δὲ
1291 2906 1379 2960 διὰ
1408 2906 1507 2962 τοῦ
1546 2927 1759 2981 μυστη-

164 2983 284 3056 ρίου
318 2989 417 3042 καί
440 2989 543 3061 τῆς
575 2991 930 3058 ἀναστάσεως
958 2994 1054 3051 καὶ
1079 2997 1180 3068 τῆς
1214 2998 1535 3070 ἀναλήψεως
1564 3004 1663 3075 τῆς
1681 3006 1760 3069 εἰς

161 3078 430 3149 οὐρανοὺς
461 3081 715 3154 ἔπραξεν.

233 3200 306 3263 η’.
349 3197 619 3264 Ἔνδειξις
639 3199 740 3269 τῆς
775 3199 870 3254 τοῦ
894 3199 1030 3255 Θεοῦ
1064 3203 1498 3277 φιλανθρωπίας,
1537 3209 1635 3264 καὶ
1661 3211 1762 3284 τῆς

166 3287 276 3341 τῶν
308 3289 585 3344 Ἰουδαίων
643 3292 1043 3366 ἀγνωμοσύνης
1065 3313 1078 3326 ⁸
1121 3298 1217 3351 καὶ
1251 3301 1576 3372 παραίνεσις
1626 3304 1763 3376 πρὸς

168 3379 391 3447 αὐτοὺς,
419 3381 637 3448 ἴνατοῖς
675 3384 855 3440 ἔθνεσι
876 3387 978 3458 τῆς
1013 3389 1356 3462 ἐπιστροφῆς
1386 3393 1480 3447 καὶ
1520 3394 1622 3465 τῆς
1671 3395 1763 3462 ἐξ·

169 3473 554 3544 ομολογήσεως
582 3475 661 3548 τῷ
680 3477 853 3552 λῃστῇ
866 3479 944 3551 τῷ
974 3481 1118 3536 κατά
1139 3482 1230 3537 τὸν
1253 3485 1450 3557 καιρὸν
1476 3487 1570 3541 τοῦ
1595 3505 1762 3544 σταυ-

172 3566 267 3638 ροῦ
298 3569 529 3622 σωθέντι
557 3573 951 3641 κοινωνήσωσι.

241 3659 307 3716 θ’.
334 3663 663 3734 Κατηγορία
712 3664 806 3718 τοῦ
833 3665 1093 3737 αἰσθητοῦ
1142 3666 1380 3741 Ἰσραὴλ,
1423 3671 1524 3726 ὅσα
1556 3675 1638 3738 εἰς
1673 3675 1764 3730 τὸν

171 3754 408 3825 Χριστὸν
430 3755 704 3829 διαφόρως
739 3756 1048 3831 ἐξήμαρτε’
1095 3763 1191 3815 καὶ
1230 3765 1312 3818 ὅτι
1349 3765 1764 3840 παλαιωθείσης

173 3845 355 3899 αὐτῶν
377 3848 480 3912 τῆς
504 3846 780 3912 πολιτείας
796 3847 896 3905 οὐκ
922 3849 1244 3919 ᾐσθάνοντο,
1269 3851 1552 3925 ἐζήλωσαν
1574 3856 1632 3910 δὲ
1657 3858 1766 3910 τῶν

173 3937 343 3992 ἐθνῶν
386 3938 487 4010 τὴν
517 3939 751 4010 ἀρχαίαν
783 3940 1064 4010 ἀσέϐειαν,
1119 3943 1235 3997 ἀνθ’
1259 3937 1336 4000 ὧν
1362 3946 1548 4011 αὐτοῖς
1574 3948 1767 4001 ταπεί-

175 4047 338 4085 νωσιν
367 4031 658 4102 ἠπείλησε.

248 4131 299 4179 ι’.
340 4125 555 4196 Θρῆνος
583 4125 680 4179 τοῦ
710 4126 840 4181 λαοῦ
871 4125 980 4182 τῶν
1013 4127 1307 4195 Ἰουδαίων,
1327 4127 1416 4185 οἷα
1450 4132 1549 4203 μέν
1575 4132 1655 4198 εἰς
1676 4134 1767 4203 τδν

175 4213 307 4268 Θεὸν
347 4216 678 4288 ἐξήμαρτεν,
713 4211 803 4271 οἷα
846 4217 903 4271 δὲ
947 4218 1076 4290 παρ’
1100 4220 1271 4274 αὑτοῦ
1319 4201 1729 4295 ἐπαιδεύθησαν
1749 4243 1764 4256 ·

176 4308 272 4362 καί¹
296 4310 446 4373 ὅπως
477 4311 565 4365 διὰ
590 4311 691 4383 τὴν
718 4310 932 4383 πλάνην
963 4313 1069 4366 τῶν
1096 4311 1331 4368 εἰδώλων
1360 4316 1633 4388 ἀπόληται
1673 4320 1769 4372 αὺ-

174 4399 283 4452 ἰῶν
315 4403 342 4454 ὁ
367 4399 492 4464 ναὸς
539 4401 632 4454 καὶ
678 4402 712 4473 ή
754 4399 939 4473 χώρα·
967 4401 1062 4455 καὶ
1105 4400 1249 4474 ἅπερ
1277 4403 1467 4458 ἔλαϐον
1499 4407 1651 4478 παρά
1673 4407 1768 4462 τοῦ

175 4491 310 4546 Θεοῦ
337 4495 568 4565 νόμιμα.

249 4613 339 4661 ια’.
378 4607 714 4678 Ἀπόγνωσις
742 4608 842 4680 τῆς
875 4609 1172 4681 Ἰουδαϊκῆς
1204 4613 1398 4683 χαρᾶς,
1429 4611 1545 4666 ἀνθ’
1573 4606 1648 4667 ὧν
1673 4631 1764 4685 μι-

179 4701 488 4773 μησάμενοι
514 4701 624 4755 τῶν
652 4701 823 4756 ἐθνῶν
857 4702 957 4775 τὴν
998 4701 1275 4771 ἀσέϐειαν,
1304 4704 1403 4768 τάς
1447 4702 1640 4769 θυσίας
1668 4707 1762 4759 τοῦ

176 4791 315 4847 Θεοῦ
344 4794 440 4849 καὶ
465 4796 560 4859 τάς
587 4794 821 4858 σπονδὰς
844 4794 1131 4865 ἐμόλυναν,
1157 4795 1253 4851 καὶ
1277 4795 1378 4868 τὴν
1397 4795 1509 4852 τῶν
1528 4795 1764 4852 εἰδώλων

181 4887 392 4961 πλάνην
421 4890 501 4954 εἰς
529 4888 620 4942 τὸν
651 4889 781 4943 ναὸν
810 4889 1126 4961 εἰσήγαγον.

248 5000 337 5070 ιβ’.
363 5002 553 5065 Ὅπως
570 5001 662 5056 τὸν
695 5001 914 5074 Ἰσραὴλ
942 5002 1242 5073 ἀγαπητῶς
1263 5002 1438 5068 ὀΘεδς
1463 5003 1766 5072 ἐξελέξατο,

180 5089 334 5146 αὐτοὶ
358 5091 417 5145 δὲ
436 5091 678 5157 εἰδώλοις
706 5092 1108 5164 προσέδραμον,
1136 5093 1231 5146 καὶ
1248 5092 1342 5147 τοῦ
1364 5093 1499 5147 Θεοῦ
1523 5093 1622 5164 τῆς
1644 5094 1768 5148 δου-

179 5179 329 5247 λείας
355 5183 696 5254 ἀπέστησαν,
728 5184 964 5238 καὶούδέ
986 5183 1044 5249 ἐξ
1067 5184 1248 5238 αὐτῶν
1273 5184 1365 5239 τὸν
1383 5186 1620 5258 Χριστὸν
1644 5204 1772 5258 σαρ-

183 5275 428 5334 κωθέντα
457 5277 794 5359 ᾐδέσθησαν·
826 5277 950 5332 ὅθεν
981 5276 1165 5342 αὐτοῖς
1198 5276 1310 5348 ἀρὰ
1337 5277 1645 5350 ἀκαρπίας,
1674 5279 1770 5333 καὶ

181 5367 280 5438 τῆς
310 5370 391 5436 εἰς
419 5371 490 5426 τά
521 5370 650 5444 ἔθνη
679 5371 980 5444 διασπορᾶς
1014 5371 1305 5441 ἐπάγεται.

1857 1949 2019 2006 modo
2053 1964 2212 2005 suum
2263 1950 2338 2005 illi
2366 1952 2648 2021 antiquum
2694 1950 2935 2022 regimen
2975 1952 3197 2006 omnino
3231 1951 3441 2007 irritum

1858 2044 1990 2110 lict;
2027 2043 2144 2114 ipsa
2174 2058 2306 2100 vero
2345 2059 2402 2099 se
2432 2052 2716 2100 convertet
2745 2052 2930 2114 postea
2970 2044 3036 2099 ad
3079 2043 3384 2100 Christum.

1929 2231 1994 2286 V.
2036 2229 2291 2288 Narratio
2322 2247 2515 2287 eorum
2546 2232 2599 2286 in
2633 2232 2834 2302 quibus
2857 2231 3173 2288 Iudaeorum
3207 2236 3444 2304 populus

1858 2332 1914 2380 et
1938 2324 2060 2394 ejus
2085 2324 2398 2379 sacerdotes
2434 2323 2598 2393 impie
2621 2331 2850 2395 egerunt
2876 2335 2932 2379 et
2960 2335 3344 2394 peccaverunt.

1930 2415 2016 2472 Vl.
2070 2415 2363 2471 Accusatio
2405 2414 2720 2470 Judmorum
2776 2415 3087 2486 principum
3112 2457 3127 2482 ,
3165 2418 3310 2486 quod
3351 2433 3447 2489 per

1859 2524 2050 2564 eorum
2092 2510 2311 2579 culpam
2336 2508 2572 2579 populus
2602 2509 2884 2577 peccavit,
2921 2523 3025 2562 nec.
3055 2510 3293 2580 ingenue
3325 2511 3448 2579 qui-

1859 2603 1981 2657 dem
2018 2602 2084 2657 ad
2123 2601 2294 2657 Deum
2359 2617 2417 2655 se
2450 2601 2744 2667 convertit;
2777 2601 2875 2656 sed
2907 2616 3032 2655 eum
3093 2617 3218 2657 cum
3271 2602 3445 2674 illegi-

1862 2694 2010 2750 timis
2055 2694 2291 2750 victimis
2340 2694 2541 2764 quaerit
2594 2701 2651 2749 et
2676 2701 2966 2763 propterea
3000 2708 3110 2749 non
3144 2694 3374 2751 invenit.

1931 2809 2044 2865 Vll.
2083 2808 2266 2866 Jussio
2291 2818 2352 2865 ut
2406 2810 2765 2865 denuntietur
2802 2823 2922 2878 qua
2952 2809 3188 2880 populus
3228 2808 3448 2867 Judzeo-

1863 2918 1983 2958 rum
2029 2902 2377 2973 peccaverit;
2409 2916 2531 2971 quae
2588 2910 2774 2958 autem
2829 2903 3090 2959 Christus
3135 2919 3234 2974 per
3266 2917 3449 2958 resur-

1863 2995 2124 3052 rectionis
2157 3005 2212 3051 et
2239 2995 2574 3052 ascensionis
2589 2994 2910 3067 mysterium
2933 2995 3199 3052 ell‘ecerit.

1787 3166 1832 3225 ο
1936 3201 2076 3257 VIII.
2120 3202 2532 3259 Demonstratio
2602 3202 2772 3258 divini
2813 3203 2869 3258 in
2937 3203 3190 3258 homines
3247 3205 3449 3259 amoris

1863 3293 2287 3364 Judaeorumque
2338 3294 2677 3350 immemoris
2713 3295 2902 3351 animi.
2951 3295 3018 3349 Et
3051 3297 3118 3350 ad
3168 3297 3310 3366 ipsos
3355 3314 3446 3350 ex-

1865 3387 2103 3442 hortatio
2134 3395 2194 3440 ut
2218 3386 2461 3458 gentium
2482 3386 2862 3441 conversionis
2894 3396 2947 3442 et
2970 3387 3200 3444 latronis
3231 3388 3286 3442 in
3313 3398 3452 3442 tem-

1863 3491 1998 3547 pore
2020 3477 2200 3532 crucis
2225 3476 2418 3533 salvati
2448 3477 2746 3547 participes
2776 3477 2929 3532 ﬁant.

1936 3665 2027 3720 IX.
2072 3665 2364 3721 Aecusatio
2395 3665 2658 3721 adversus
2707 3665 3018 3721 sensualem
3053 3665 3221 3721 Israel
3244 3668 3455 3724 scilicet

1865 3769 1998 3828 quot
2033 3767 2089 3814 et
2143 3766 2347 3828 quanta
2397 3758 2451 3812 in
2495 3757 2776 3813 Christum
2837 3760 3175 3829 peccaverit,
3213 3769 3270 3815 et
3307 3762 3453 3831 quod

1866 3847 2208 3917 antiquatum
2239 3861 2400 3901 suum
2428 3846 2672 3916 regimen
2728 3861 2837 3901 non
2875 3849 3132 3914 senserit,
3164 3849 3260 3904 sed
3283 3865 3456 3906 temu-

1866 3938 2008 3994 Iatus
2043 3938 2112 3993 sit
2140 3937 2385 4008 gentium
2419 3937 2701 4007 antiquam
2736 3937 3071 4008 impietatem
3098 3982 3113 4007 ,
3177 3955 3278 4009 pro
3333 3941 3456 4012 qui-

1867 4031 1970 4086 bus
2018 4030 2339 4086 criminibus
2379 4029 2815 4085 humiliationem
2866 4029 2997 4101 ipsis
3039 4032 3307 4087 minatur.

1939 4122 2008 4177 X.
2051 4121 2397 4177 Lamentatio
2423 4122 2610 4192 populi
2633 4119 2971 4189 Judaeorum,
3007 4134 3209 4195 quanta
3233 4126 3454 4198 quitlem

1869 4216 1925 4270 in
1959 4216 2131 4270 Deum
2168 4214 2501 4286 peccaverit,
2538 4215 2760 4285 quantis
2789 4231 2919 4270 vero
2949 4217 3018 4271 ab
3081 4217 3201 4288 ipso
3256 4219 3458 4273 multa-

1873 4317 1959 4363 tus
2007 4307 2098 4373 sit,
2152 4315 2208 4363 et
2240 4306 2516 4377 quomodo
2569 4315 2794 4377 propter
2853 4307 3175 4364 idololatriae
3213 4325 3457 4365 errorem

1871 4403 2140 4475 perierint
2165 4418 2357 4458 eorum
2393 4401 2658 4473 templum
2691 4411 2746 4458 et
2775 4403 2978 4469 locum,
3005 4410 3061 4458 et
3112 4419 3235 4474 quae
3264 4420 3295 4458 a
3347 4406 3460 4461 Deo

1799 4521 1844 4578 ι)
1874 4495 2188 4565 acceperint
2218 4493 2428 4564 legalis.

1942 4608 2038 4663 XI.
2079 4605 2328 4663 Deiectio
2359 4605 2674 4661 Iudaeorum
2708 4605 2914 4677 gaudii,
2953 4615 3009 4660 et
3037 4621 3104 4660 ex
3135 4606 3281 4676 quod
3322 4622 3458 4677 gen-

1875 4702 2012 4757 tium
2047 4699 2387 4770 impietatem
2418 4697 2619 4752 imitati
2647 4735 2663 4761 ,
2687 4678 2695 4684 ’
2719 4697 2814 4752 Dei
2851 4696 3140 4751 sacriliicia
3197 4704 3253 4751 et
3310 4697 3460 4752 obla-

1873 4797 2051 4852 tiones
2075 4792 2570 4850 contaminaverint
2594 4799 2650 4846 et
2679 4789 2948 4846 idolorum
2972 4804 3217 4844 errorem
3246 4790 3303 4843 in
3330 4797 3462 4844 tem-

1874 4889 2025 4959 plum
2065 4885 2493 4942 introduxerint.

1945 5001 2060 5058 XII.
2109 5002 2394 5069 Quomodo
2430 5000 2595 5056 Israel
2651 5000 2794 5056 Deus
2826 5001 2989 5056 unice
3045 4999 3150 5055 sibi
3184 4998 3408 5070 elegerit
3440 5015 3457 5064 ;

1868 5096 1973 5166 ipsi
2038 5111 2172 5152 vero
2255 5096 2324 5151 ad
2375 5093 2666 5150 simulacra
2732 5101 3117 5149 cucurrerunt.
3180 5099 3237 5147 et
3289 5106 3318 5144 a
3361 5089 3458 5146 Dei

1870 5189 2137 5243 servitute
2153 5188 2526 5250 desciverunt,
2546 5200 2648 5240 nec
2677 5186 2821 5240 inter
2843 5200 2938 5239 eos
2960 5183 3243 5240 Christum
3276 5183 3466 5237 incar-

1869 5290 2060 5336 natum
2095 5280 2319 5337 reveriti
2347 5288 2517 5344 sunt;
2549 5277 2698 5335 unde
2728 5278 2865 5350 ipsis
2893 5277 3221 5349 imprecatio
3253 5273 3460 5332 sterili-

1870 5373 1997 5429 tatis
2033 5382 2090 5430 et
2126 5375 2183 5429 in
2213 5381 2405 5447 gentes
2433 5372 2797 5444 dispersionis
2832 5371 3132 5427 inducitur.

1719 5546 1956 5606 NOTAE.

255 5690 331 5767 ('5)
382 5693 703 5766 ngodxam.
739 5693 879 5749 Cum
944 5693 1030 5749 his
1078 5691 1317 5748 conferri
1361 5701 1596 5763 possunt
1649 5691 1737 5747 illa
1781 5693 2028 5764 Eusebii,
2069 5710 2192 5767 quae
2242 5694 2511 5767 Procopio
2543 5693 2770 5752 Parisiis
2821 5694 2970 5750 edito
3018 5693 3071 5748 in
3117 5689 3310 5749 Isaiam
3333 5698 3460 5746 sunt

187 5765 421 5833 prmlixa.
