4156 6452
179 367 308 436 ιειθ

1241 363 1319 422 IN
1359 362 1474 421 XII
1522 355 1966 420 PROPHETAS
2011 360 2382 424 MINORES.

3303 357 3441 428 I350

170 485 264 553 τῆς
289 480 385 536 τοῦ
408 479 527 536 νόου
551 477 684 534 λαοῦ
706 477 1008 546 πολιτείας,
1031 479 1126 535 καὶ
1158 481 1266 535 τῶν
1291 480 1595 550 μελλόντων
1616 477 1754 531 κατὰ

1876 479 1984 534 Iovi
2015 483 2200 552 populi
2224 478 2522 552 regiminis,
2544 487 2598 536 et
2626 478 2934 536 futurorum
2966 477 3022 535 in
3053 487 3300 551 tempore
3318 496 3445 534 con-

168 576 258 629 τδν
284 573 476 643 καιρὸν
497 571 599 642 τῆς
627 572 941 637 συντελείας
966 571 1208 628 ισεσθαι.

235 669 298 718 ε’.
345 652 677 716 Διδασκαλία
718 663 829 716 τῶν
869 664 972 733 τῆς
1015 662 1308 735 μετανοίας
1362 661 1620 732 τρόπων,
1665 659 1761 712 καὶ

164 753 303 808 Θεοῦ
348 755 698 824 συμπαθείας
735 755 1054 826 ὑπόσχεσις,
1079 756 1175 810 καὶ
1215 752 1525 825 προφητεία
1551 769 1760 822 μυστη-

165 847 303 917 ρίων
326 845 398 898 δι’
420 838 496 899 ὧν
523 849 558 917 ὴ
584 847 873 900 δυναστεία
893 845 986 900 τοῦ
1007 846 1258 900 διαϐόλου
1283 845 1580 900 πέπαυται.

239 936 316 1003 ς’.
359 939 679 1011 Πρόρρησις
712 941 811 1008 τῆς
842 940 934 994 διὰ
971 940 1210 1011 σταυροῦ
1230 939 1526 1010 σωτηρίας,
1552 935 1648 990 καὶ
1662 936 1762 1004 τῆς

162 1028 276 1080 τῶν
297 1028 623 1099 μυστηρίων
643 1029 752 1081 τῶν
774 1029 910 1081 νέων
927 1029 1302 1099 παραδόσεως,
1322 1029 1426 1082 ἆπε
1435 1044 1466 1099 ρ
1487 1030 1516 1081 ό
1530 1027 1761 1097 Χριστὸς

163 1121 605 1192 ἔνανθρωπήσας
636 1123 716 1186 είς
753 1122 1073 1194 ἀποτροπὴν
1101 1122 1210 1175 τῶν
1247 1119 1559 1192 ἔμπροσθεν
1575 1120 1762 1172 κακῶν

163 1214 244 1283 τῷ
283 1213 509 1286 Ἰσραὴλ
537 1213 778 1285 μάλιστα
805 1215 881 1283 τῷ
904 1214 1081 1284 νοητῷ
1099 1213 1426 1284 δεδώρηται.
1552 1273 1559 1278 _

235 1307 305 1368 ζ’.
344 1306 678 1377 ’Υπόσχεσις
709 1307 808 1376 τῆς
836 1306 1135 1376 καθολικῆς
1162 1306 1371 1378 δωρεᾶς
1402 1305 1500 1358 καὶ
1531 1303 1762 1358 καθόλου

160 1395 260 1448 τοῦ
285 1396 612 1468 ιινεύματος
629 1414 643 1428 ο
669 1399 764 1452 καὶ
785 1398 1092 1470 πρόρρησις
1115 1398 1239 1450 τίνα
1274 1400 1332 1450 ὲν
1365 1396 1444 1465 τῷ
1468 1394 1645 1466 καιρῷ
1665 1395 1764 1466 τῆς

161 1489 494 1554 συντελείας
518 1489 674 1542 ἔσται
695 1529 710 1552 ,
740 1491 835 1543 καὶ
874 1491 1018 1553 τίνες
1035 1491 1084 1543 οί
1109 1490 1231 1543 τότε
1252 1489 1574 1560 σωζόμενοι.

234 1585 312 1649 η’.
355 1579 588 1652 Ἀπειλὴ
610 1580 846 1651 κρίσεως
885 1581 1026 1633 κατά
1057 1578 1327 1649 δαιμόνων
1360 1578 1614 1648 μάλιστα,
1635 1575 1766 1631 ἀνθ’

155 1662 235 1722 ὧν
260 1671 362 1723 τοῦ
386 1670 527 1723 Θεοῦ
544 1669 636 1724 τὸν
667 1670 797 1726 λαὸν
815 1672 892 1734 εἰς
913 1669 1118 1742 ἡδονῶν
1133 1669 1378 1723 δουλείαν
1400 1669 1496 1722 καὶ
1510 1667 1766 1737 λατρείαν

161 1761 414 1813 εἰδώλων
450 1761 780 1832 Ἑλληνικῶν
813 1762 1114 1829 ἀπέδοντο,
1154 1762 1251 1815 καὶ
1289 1761 1388 1831 τῆς
1427 1757 1766 1829 ἐπιστροφῆς

156 1854 275 1905 τῶν
309 1851 536 1906 ἀσεϐῶν
575 1853 891 1924 ὑπόσχεσις.

233 1945 305 1999 0'.
352 1945 656 2016 Προτροπὴ
683 1945 827 1998 Θείου
859 1942 1049 2016 ζήλου,
1081 1945 1179 1998 καὶ
1208 1943 1406 2013 ἀπειλὴ
1435 1945 1537 2015 τῆς
1560 1958 1773 2007 παγκο-

159 2037 336 2108 σμίου
383 2037 626 2108 κρίσεως
658 2076 673 2103 ,
720 2037 819 2092 καὶ
863 2036 1187 2108 παραίνεσις
1229 2035 1441 2108 ἀρετῶν
1491 2035 1773 2107 κατορθώ-

159 2147 336 2192 σεως.

237 2219 293 2276 ι’.
343 2220 670 2292 Προφητεία
699 2219 808 2274 τῶν
837 2219 979 2273 κατὰ
1013 2219 1105 2273 τὸν
1129 2219 1324 2291 καιρὸν
1353 2219 1654 2289 γεγονότων
1677 2218 1772 2272 τοῦ

160 2313 445 2385 σταυροῦ,
463 2315 558 2366 καὶ
583 2311 857 2383 ἁγιασμοῦ
880 2313 978 2384 τῆς
1003 2313 1130 2378 νέας
1156 2311 1533 2384 Ἰερουσαλὴμ,
1565 2313 1660 2366 καὶ
1677 2314 1775 2382 τῆς

156 2405 277 2458 τῶν
311 2405 637 2460 ἀποστόλων
664 2403 760 2457 καὶ
787 2403 1084 2476 προφητῶν
1108 2404 1429 2475 συμφωνίας
1458 2403 1553 2458 καὶ
1586 2420 1778 2474 μυστι-

159 2499 273 2568 κῆς
309 2498 530 2569 πηγῆς,
564 2500 685 2569 ἥτις
718 2496 779 2562 ἐξ
809 2499 961 2554 οίκου
992 2497 1200 2567 Κυρίου
1240 2497 1342 2568 τῆς
1380 2496 1624 2569 πλευρᾶς
1677 2498 1777 2564 τῆς

1866 573 2265 628 summationis.

1939 661 2001 714 V.
2039 663 2437 719 Documentum
2474 663 2545 720 de
2571 662 2907 734 pmnitentiaa
2935 662 3246 717 rationibus
3277 670 3332 716 et
3362 661 3446 715 «ιί-

1868 752 2007 807 vina!
2035 757 2432 825 compassionis
2462 755 2756 827 promissio
2777 764 2832 808 et
2854 753 3139 824 prophetia
3165 754 3449 824 mysterio-

1868 858 1989 897 rum
2027 859 2126 913 per
2158 860 2278 915 quae
2305 844 2594 916 imperium
2618 843 2822 898 diaboli
2860 841 3097 896 deletur.

1944 933 2027 988 Vl.
2065 935 2360 992 Praedictio
2409 935 2603 990 salutis
2633 951 2732 1005 per
2758 947 3011 999 crucem,
3053 941 3107 988 et
3139 933 3450 989 traditionis

1869 1039 2134 1080 novorum
2162 1027 2554 1097 mysteriorum
2584 1041 2705 1095 quae
2727 1024 2983 1081 Christus
3030 1023 3212 1079 factus
3251 1024 3446 1091 homo,
3560 1060 3567 1067 -

1868 1118 1936 1172 ad
1966 1119 2258 1174 avertenda
2297 1119 2480 1189 priora
2529 1118 2705 1184 mala,
2737 1116 2922 1172 lsraeli
2976 1117 3284 1188 praesertim
3337 1119 3451 1188 spi-

1871 1211 2011 1265 ritali
2055 1211 2300 1267 donavit.

1942 1302 2052 1358 VII.
2097 1303 2393 1360 Promissis
2412 1305 2665 1361 catholici
2691 1303 2821 1360 doni
2847 1315 2904 1362 et
2922 1305 3162 1360 universi
3193 1303 3416 1374 spiritus
3434 1346 3449 1365 ,

1867 1405 1926 1449 et
1954 1396 2233 1465 prmdictio
2253 1396 2561 1452 futurorum
2585 1398 2638 1451 in
2662 1406 2907 1468 tempore
2931 1394 3448 1460 consummationis;

1871 1493 1927 1539 et
1951 1485 2042 1554 qui
2083 1486 2193 1539 sint
2221 1495 2350 1541 tunc
2387 1486 2606 1541 salvati.

1944 1574 2080 1633 Vlll.
2135 1575 2288 1633 Minae
2323 1578 2515 1648 indicii
2584 1576 2888 1648 praesertim
2944 1577 2998 1630 in
3044 1576 3353 1638 dmmones,
3388 1591 3453 1631 eo

1872 1668 2017 1738 quod
2086 1669 2347 1739 populum
2415 1670 2510 1724 Dei
2571 1669 2896 1724 tradiderint
2976 1667 3034 1723 in
3112 1669 3453 1738 voluptatum

1875 1761 2218 1824 servitutem,
2242 1770 2298 1815 et
2339 1761 2622 1830 gentilium
2666 1762 3050 1815 simulacorum
3090 1761 3295 1816 cultum
3331 1776 3456 1814 ven-

1799 1841 1842 1895 Β
1871 1852 2131 1917 ιιὶιΙετίηι,
2158 1861 2210 1906 et
2231 1851 2611 1906 conversionis
2645 1850 2936 1920 impiorum
2970 1851 3280 1920 promissio.

1945 1945 2037 2001 IX.
2079 1945 2329 2001 lneitatio
2372 1946 2570 2001 divina:
2614 1944 2998 2009 aemulationis,
3044 1953 3100 1998 et
3137 1943 3297 1997 minze
3335 1943 3456 1998 uni-

1873 2040 2102 2095 versalis
2149 2039 2394 2113 judicii;
2452 2047 2508 2094 et
2559 2038 2866 2094 exhortatio
2905 2038 2971 2093 ad
3027 2038 3289 2094 virtutum
3327 2038 3460 2092 ’eul-

1876 2146 2009 2189 tum.

1945 2224 2013 2280 Χ.
2055 2223 2388 2280 Vaticinium
2413 2239 2608 2278 eorum
2640 2240 2762 2294 qua:
2800 2223 2941 2280 facta
2975 2233 3103 2278 sunt
3127 2223 3180 2278 in
3213 2233 3459 2313 tempore

1873 2316 2092 2384 crucis;
2157 2327 2218 2371 et
2271 2315 2725 2371 sanctiﬁcationis
2797 2331 2954 2371 novae
2999 2314 3344 2381 Jerusalem;
3406 2323 3462 2370 ct

1873 2409 2178 2466 concordia:
2246 2409 2620 2481 apostolorum
2684 2419 2741 2465 et
2773 2411 3200 2481 prophetarum;
3238 2419 3293 2466 et
3344 2426 3463 2482 my»

1879 2502 2008 2556 stici
2047 2501 2250 2566 fontis,
2283 2503 2375 2573 qui
2426 2519 2490 2556 ex
2532 2503 2694 2558 domo
2744 2501 2992 2568 Domini,
3026 2502 3198 2558 latere
3256 2503 3462 2557 scilicet

159 2592 529 2662 Δεσποτικῆς
570 2591 834 2662 ερρευσε·
871 2589 967 2644 καὶ
1005 2588 1317 2660 ἀφανισμοῦ
1346 2589 1648 2660 δαιμόνων⁹
1683 2590 1777 2642 καὶ

1876 2593 2196 2656 Dominico,
2244 2593 2490 2659 eiﬂuxit;
2539 2602 2595 2649 et
2642 2593 2955 2650 abolitionis
3019 2595 3360 2660 daemonum,
3408 2604 3464 2650 et

162 2684 524 2756 ἐκδικήσεως
553 2683 650 2737 τοῦ
686 2683 860 2753 ’Δδάμ
878 2697 894 2715 ο
937 2683 1032 2738 καὶ
1058 2683 1354 2753 ὑπόσχεσις
1381 2682 1629 2736 διαϐόλου
1658 2682 1781 2753 κρί-

164 2793 315 2839 σεως
337 2790 352 2804 ’
392 2775 495 2830 καὶ
531 2776 631 2845 τῆς
656 2776 716 2828 ὲν
744 2777 811 2846 τῇ
851 2772 990 2828 Σιὼν
1017 2776 1084 2844 τῇ
1111 2777 1275 2846 νοητῇ
1311 2775 1708 2842 κατοικήσεως.

241 2868 414 2940 Ίωὴλ
435 2867 511 2940 (5)
539 2866 903 2938 ἑρμηνεύεται
932 2867 1243 2937 ἀγαπητὸς
1275 2864 1771 2938 Κυρίου,ἦάρχή.

165 2956 352 3021 Οἰτος
383 2954 456 3029 ἦν
498 2959 565 3011 ἐκ
605 2961 705 3029 τῆς
734 2957 910 3028 φυλῆς
941 2957 1188 3028 Ῥουϐὴν,
1218 2958 1389 3030 ἀγροῦ
1422 2959 1776 3030 μεθομόρωνο

162 3055 228 3106 ἐν
265 3053 476 3124 εἰρήνῃ
506 3051 768 3115 ἀπέθανε,
800 3053 896 3104 καὶ
927 3051 1104 3118 ὲτάφη
1137 3051 1276 3105 εκεῖ.

473 3205 822 3259 ΚΕΦΑΔΑΙΔ
864 3204 1054 3258 ΔΜΩΣ
1096 3201 1492 3258 ΠΡΟΦΗΤΟΥ.

244 3317 322 3374 α’.
371 3317 697 3390 Προφητεία
723 3318 824 3387 τῆς
856 3316 1270 3388 ἀποφανθείσης
1311 3317 1466 3391 παρά
1501 3318 1596 3374 τοῦ
1639 3321 1776 3390 χρι-

168 3412 310 3465 στοῦ
341 3413 465 3475 τοῖς
503 3409 778 3473 Ἰουδαίοις
801 3406 1165 3479 ἐρημώσεως.

1877 2700 2053 2755 paena:
2083 2686 2313 2750 Adami;
2345 2695 2403 2740 et
2442 2686 2739 2755 promissio
2764 2686 2957 2758 iudicii
2985 2687 3190 2744 diaboli
3219 2695 3276 2743 et
3306 2687 3465 2742 habi¢

1881 2774 2102 2830 tationis
2137 2776 2192 2829 in
2218 2777 2446 2845 spiritali
2480 2776 2634 2832 Sion.

1947 2865 2064 2919 Joel
2091 2865 2358 2937 signiﬁcat
2383 2866 2606 2921 dilectus
2648 2866 2761 2922 Deo
2783 2868 2899 2923 sive
2961 2870 3300 2939 principium.
3334 2870 3466 2925 Erat

1880 2972 1945 3010 ex
1986 2957 2128 3011 tribu
2160 2955 2384 3022 Ruben,
2416 2975 2483 3013 ex
2516 2974 2647 3030 agro
2685 2959 3021 3016 vicinorum.
3063 2960 3121 3016 In
3156 2978 3287 3032 pace
3319 2978 3465 3017 mor-

1883 3056 2010 3102 tuus
2051 3057 2134 3103 est
2177 3057 2233 3103 et
2267 3049 2523 3118 sepultus
2550 3049 2776 3105 ibidem.

2199 3203 2452 3260 CAPITA
2489 3203 2677 3260 AMOS
2712 3202 3134 3261 ΡΒΟΡΗΕΤΛΕ.

1955 3318 1993 3372 Ι.
2039 3316 2378 3374 Vaticinium
2425 3317 2793 3374 manifestata:
2823 3332 2854 3372 a
2881 3316 3104 3373 Christo
3141 3316 3343 3373 Iudaeis
3379 3334 3467 3374 va-

1882 3415 2158 3469 stationis.

245 3505 320 3575 β’.
364 3503 596 3574 ’Δπειλὴ
645 3500 790 3557 κατὰ
834 3500 944 3555 τῶν
995 3501 1386 3570 γειτονούντων
1434 3503 1513 3574 τῷ
1561 3503 1781 3576 Ἰσραὴλ

167 3596 387 3661 ἐθνῶν,
419 3594 539 3649 ἀνθ’
561 3587 636 3646 ὧν
660 3593 741 3655 είς
768 3591 933 3646 αὐτόν
953 3608 1015 3645 τε
1041 3591 1302 3656 ποικίλως
1323 3592 1779 3666 ἐπλημμέλησαν,

167 3690 272 3743 καὶ
307 3689 400 3752 είς
427 3686 565 3740 θεὸν
597 3683 899 3756 ἠσέϐησαν.

243 3781 325 3850 γ’,
367 3777 603 3847 ’Δπειλὴ
635 3774 781 3829 κατά
807 3774 903 3828 τού
939 3773 1112 3828 Ἰούδα
1139 3773 1236 3829 καὶ
1261 3775 1356 3828 τοῦ
1384 3775 1621 3849 Ἰσραὴλ,
1651 3779 1751 3834 ἀνθ
1768 3778 1784 3797 ⁶

1953 3505 2018 3561 Il.
2057 3506 2214 3562 Minae
2245 3506 2301 3561 in
2343 3505 2554 3561 vicinas
2612 3504 2800 3560 lsraeli
2839 3514 3064 3576 gentes,
3102 3518 3167 3558 eo
3210 3503 3354 3574 quod
3411 3503 3465 3557 in

1884 3600 2038 3656 illum
2090 3600 2239 3655 varie
2294 3601 2648 3671 peccaverint
2682 3609 2739 3654 et
2783 3599 2842 3654 in
2889 3599 3059 3653 Deum
3111 3597 3278 3668 impie
3341 3611 3470 3668 ege-

1883 3694 2015 3749 rint.

1956 3781 2042 3837 III.
2079 3781 2238 3836 Minae
2284 3781 2549 3836 adversus
2603 3781 2799 3836 Judam
2828 3789 2886 3836 et
2921 3780 3178 3837 Israelem
3213 3797 3280 3838 eo
3323 3785 3470 3855 quod

1882 3876 2055 3945 legem
2095 3873 2421 3944 transgressi
2460 3874 2592 3938 sint,
2617 3872 2901 3928 Christum
2933 3873 3276 3928 vendiderint
3315 3884 3371 3930 et
3415 3875 3470 3929 in

1883 3967 2055 4038 ipsius
2083 3965 2381 4036 discipulos
2427 3964 2801 4035 peccaverint,
2832 3974 2889 4019 et
2915 3965 3177 4035 templum
3204 3966 3472 4019 contami-

1883 4059 2155 4124 naverint,
2189 4068 2246 4114 et
2302 4059 2360 4114 in
2394 4058 2527 4129 ipsis
2579 4057 2776 4128 spiritu
2856 4057 3050 4128 plenos
3089 4058 3472 4129 prohibuerint

1884 4151 2016 4220 quin
2040 4158 2286 4220 agerent.

1956 4239 2043 4296 IV.
2080 4240 2236 4306 Quod
2282 4238 2449 4294 Israel
2511 4253 2542 4292 a
2611 4238 2724 4293 Deo
2757 4238 2967 4293 electus
3007 4237 3305 4293 desciverit
3343 4278 3358 4305 ,
3416 4247 3472 4294 et

1885 4343 2172 4404 propterea
2234 4332 2565 4404 castigatur;
2619 4339 2676 4386 et
2723 4331 2871 4401 quod
2918 4331 3098 4386 omnis
3129 4332 3399 4386 correctio
3441 4347 3472 4386 a

1888 4425 2000 4480 Deo
2044 4425 2322 4480 inducitur
2365 4431 2420 4479 et
2449 4424 2518 4479 ab
2569 4423 2691 4494 ipso
2719 4422 3005 4494 prophetis
3034 4422 3396 4494 significatur.

165 3869 250 3929 ὧν
277 3873 384 3926 τὸν
435 3869 535 3941 μὲν
575 3869 741 3940 νόμον
779 3865 1126 3939 παρέϐησαν,
1159 3867 1252 3918 καὶ
1293 3866 1385 3920 τὸν
1413 3867 1648 3939 Χριστὸν
1673 3871 1781 3924 ἀπ-

103 3951 108 3963 ι
166 3969 391 4028 έδοντο,
424 3963 520 4018 καὶ
551 3963 632 4025 είς
667 3960 795 4024 τοὺς
824 3958 991 4013 αὐτοῦ
1026 3958 1279 4030 μαθητὰς
1317 3959 1777 4033 ἐπλημμέλησαν.

167 4064 231 4114 ὲν
269 4058 359 4130 τῷ
393 4055 514 4126 ναῷ
537 4054 596 4110 δὲ
623 4053 967 4123 ἠσέλγαινον,
989 4052 1082 4106 καὶ
1102 4054 1350 4124 ἐνεργεῖν
1371 4052 1498 4118 τοὺς
1519 4054 1577 4108 ὲν
1600 4056 1783 4121 αὐτοῖς

166 4149 688 4220 πνευματοφόρους
716 4145 980 4200 ικώλυον.

245 4243 317 4298 δ’.
345 4244 481 4296 Ὅτι
509 4238 662 4314 παρά
689 4237 785 4292 τοῦ
819 4235 956 4291 Θεοῦ
992 4236 1210 4308 Ἰσραὴλ
1242 4237 1568 4308 ιπιλεχθεις,
1588 4239 1786 4311 ἠθέτη-

169 4357 236 4392 σε
261 4355 278 4370 ο
322 4335 430 4390 καὶ
475 4333 564 4387 διὰ
608 4330 769 4386 τοῦτο
807 4329 1160 4401 μαστίζεταιο
1197 4330 1294 4384 καὶ
1334 4331 1416 4384 ὅτι
1447 4334 1599 4386 πᾶσα
1635 4334 1787 4406 παρὰ

163 4429 323 4485 Θεοῦ
374 4424 602 4479 παιδεία
632 4423 982 4494 ἐπιφέρεται,
1011 4421 1107 4474 καὶ
1136 4421 1269 4491 παρ’
1289 4420 1459 4476 αὑτοῦ
1495 4425 1608 4486 τοῖς
1648 4440 1785 4495 προ-

167 4524 403 4595 φήταις
430 4515 779 4588 γνωρίζεται.
1817 4528 1859 4583 ι)

146 4636 151 4643 '
250 4624 321 4671 ε’.
372 4612 700 4685 Κατηγορία
720 4611 830 4665 τῶν
856 4611 918 4664 ἑν
945 4613 1012 4682 τῇ
1042 4610 1330 4683 Σαμαρείᾳ
1359 4609 1781 4686 πλημμεληθέν-

164 4726 318 4776 των,
366 4706 469 4761 καὶ⁸
507 4704 707 4776 ἀπειλὴ
739 4702 842 4773 τῆς
871 4703 1069 4773 νοητῆς
1098 4703 1276 4774 Τύρου
1295 4743 1310 4768 ,
1339 4705 1434 4762 καὶ
1478 4705 1783 4777 πρόρρησις

165 4805 263 4856 ὅτι
295 4803 330 4853 ὁ
363 4795 587 4868 Ἰσραὴλ
619 4795 727 4850 ἀπὸ
759 4794 959 4866 μέρους
995 4793 1321 4864 σωθήσεται.

1882 4791 1987 4845 lem
2019 4797 2170 4860 parte
2202 4790 2466 4844 salvatum
2497 4789 2583 4843 iri.

251 4890 346 4959 ς’.
391 4888 710 4960 Προφητεία
737 4887 845 4940 τῶν
877 4884 1305 4956 συμϐησομένων
1330 4888 1397 4957 τῇ
1432 4887 1778 4958 Ἰερουσαλὴμ

1958 4886 2045 4940 Vl.
2081 4884 2411 4940 Vaticinium
2449 4897 2639 4937 eorum
2701 4895 2825 4949 quae
2881 4888 3279 4950 superventnra
3343 4889 3472 4935 sunt

165 4987 281 5040 καὶ
312 4985 395 5054 τῇ
419 4980 581 5052 λοιπῇ
617 4979 868 5049 Ἰουδαίᾳ,
903 4979 1020 5033 ἀνθ’
1046 4996 1121 5037 ων
1149 4979 1240 5033 τδν
1271 4981 1464 5049 νόμον,
1501 4980 1638 5051 πρὸς
1670 4985 1778 5044 τοῖς

1888 4978 2191 5035 Jerusalem
2214 4987 2270 5032 et
2305 4976 2530 5046 reliqua
2567 4973 2769 5029 Judaea
2811 4987 2912 5044 pro
2951 4985 3019 5026 eo
3061 4970 3206 5040 quod
3252 4971 3424 5041 legem
3452 5013 3467 5034 ,

164 5078 382 5140 ἄλλοις
438 5073 659 5138 θύοντες
709 5070 817 5137 ἔξω
861 5070 958 5125 τοῦ
998 5070 1166 5124 τόπου
1203 5069 1300 5125 τοῦ
1327 5071 1778 5143 προσταχθέντος,

1890 5079 2091 5141 praeter
2123 5077 2320 5124 cetera
2370 5065 2745 5122 sacriﬁcantes
2796 5071 2952 5117 extra
2988 5060 3169 5116 locum
3220 5060 3470 5131 praescri-

165 5189 259 5225 πα
269 5167 564 5241 ρέϐαινον.

1891 5173 2047 5236 ptum
2082 5161 2409 5233 transgressi
2447 5166 2598 5214 sunt.

249 5239 332 5329 ζ’.
384 5262 652 5330 Διήγησις
679 5251 756 5341 ών
779 5256 1004 5329 ἔμελλεν
1025 5258 1055 5313 ό
1074 5255 1204 5322 λαὸς
1225 5257 1338 5311 τῶν
1373 5255 1646 5311 Ἰουδαίων
1664 5257 1778 5310 πεί-

1966 5254 2077 5311 VII.
2111 5253 2361 5308 Narratio
2415 5265 2605 5307 eorum
2633 5263 2755 5321 qua:
2811 5239 3082 5341 passurus
3125 5254 3208 5300 est
3237 5244 3473 5315 populus

169 5353 422 5416 σεσθαι,
437 5349 534 5404 καὶ
552 5342 629 5405 ὧν
651 5335 887 5403 πέπονθε
911 5347 1176 5419 πρότερον
1195 5361 1210 5377 °
1243 5347 1340 5402 καὶ
1362 5347 1668 5419 προφητεία
1686 5345 1778 5416 τῆς

1891 5347 2232 5412 Iudaeorum,
2262 5353 2319 5401 et
2346 5359 2468 5415 qua:
2491 5357 2687 5414 passus
2715 5351 2800 5398 est
2829 5339 3002 5412 prius.
3039 5335 3107 5394 Et
3153 5337 3471 5394 vaticinium

165 5443 284 5503 τοῦ
325 5443 590 5513 Σωτῆρος
615 5440 874 5511 ἀφίξεως.
1002 5447 1012 5474 '

1894 5440 2159 5496 adventus
2191 5436 2511 5493 Salvatoris.

1947 4609 2015 4665 ν.
2066 4609 2359 4664 Accusatio
2417 4617 2766 4679 peccatorum
2807 4607 2864 4660 in
2918 4606 3179 4661 Samaria:
3211 4605 3470 4661 commiso

1881 4715 2085 4764 eorum,
2115 4710 2171 4755 et
2216 4700 2379 4754 mina:
2423 4698 2680 4770 spiritalis
2696 4697 2855 4784 .Tyri,
2901 4706 2957 4753 et
2981 4695 3266 4769 praedictio
3295 4695 3472 4750 Israe-

1725 5637 1957 5694 NOTAE.

264 5797 365 5870 (ὅ)
414 5793 567 5866 Ὶωὴλ
598 5787 752 5858 οὗτος
778 5788 848 5864 ἦν
877 5791 936 5860 ἐξ
967 5790 1135 5862 ἀγροῖ.
1168 5786 1387 5862 Βηθώρ,
1415 5787 1615 5858 Epiph.
1640 5806 1657 5856 ;
1685 5791 1778 5846 uici

1876 5809 1888 5847 ι
1925 5782 2054 5864 agro
2089 5790 2373 5855 Betharon,
2415 5788 2645 5846 Doroth.
