4156 6452
169 348 301 413 1353

1209 355 1289 412 IN
1331 355 1448 413 XII
1485 355 1932 416 PROPIIETAS
1969 359 2310 421 MINORES

3287 378 3422 447 1354

160 476 286 526 ρους
327 457 752 528 διαρπάζουσιν·
803 461 850 513 ot
887 460 943 514 δὲ
982 461 1042 526 ἐξ
1083 464 1298 532 Ἰσραὴλ
1347 464 1736 528 πιστεύσαντες

1845 465 2130 522 reditatem
2171 471 2410 539 rapiunt;
2443 473 2533 541 qui
2563 484 2745 530 autem
2776 493 2842 533 ex
2877 479 3040 535 Israel
3069 483 3423 541 crediderunt

158 549 292 617 πρὸς
331 547 427 616 τὴν
463 547 740 601 πολιτείαν
771 549 867 602 καὶ
897 550 996 620 τὴν
1031 551 1215 603 πίστιν
1245 554 1346 622 τὴν
1384 553 1562 606 αὐτῶν
1611 571 1740 622 μετ-

151 638 445 701 οικίζονται
476 638 555 700 εἰς
587 639 677 691 τὸν
704 638 937 710 Χριστὸν
968 641 1382 705 πιστεύσαντες.

230 727 437 781 Ἀὁδιοὺ
455 730 815 799 ἑρμηνεύεται
831 731 1053 798 δοῦλος
1075 734 1546 803 ἑξομολογητής.
1572 729 1741 800 Οὗτος

150 815 218 888 ἦν
241 822 306 870 ἐκ
332 819 431 887 τῆς
465 820 650 892 Συχέμ
679 839 694 854 ’
741 818 896 886 οὗτος
921 819 988 894 ἦν
1016 825 1044 877 6
1069 827 1365 896 τριστάτης
1393 829 1469 898 (7)
1517 830 1738 883 ἑκατόν-

147 926 386 980 ταρχος·
420 911 449 962 6
479 914 662 982 τρίτος
695 912 962 983 Ὀχοζίου,
992 917 1087 968 καὶ
1133 917 1346 988 δεηθεὶς
1390 920 1487 973 τοῦ
1525 920 1737 983 Ἠλίου,

150 1003 244 1052 καὶ
278 1001 566 1066 διασωθεὶς
600 1006 922 1075 παραδόξως
943 1008 1163 1075 ἐγένετο
1187 1010 1351 1063 αὑτοῦ
1387 1011 1736 1083 λειτουργός·

147 1090 319 1143 πολλὰ
348 1091 405 1143 δὲ
440 1094 628 1146 παθὼν
663 1097 761 1148 καὶ
790 1098 893 1150 ὑπὸ
917 1098 1012 1151 τοῦ
1050 1099 1256 1169 ’Λχαὰὁ
1284 1101 1373 1154 διὰ
1402 1101 1494 1154 τὸν
1526 1103 1735 1167 Ἠλίαν,

145 1180 302 1244 τέλος
333 1187 761 1256 καταφρονήσας
782 1187 1038 1253 θανάτου,
1061 1191 1376 1245 καταλιπὼν
1397 1193 1738 1264 τὸνβασιλέα

142 1273 488 1342 ἠκολούθησε
520 1277 597 1347 τῷ
630 1277 806 1350 Ἠλίᾳ,
834 1281 930 1333 καὶ
964 1283 1341 1354 προεφήτευσε
1364 1323 1379 1348 ,
1408 1286 1504 1339 καὶ
1531 1287 1738 1340 ἀποθα-

145 1363 254 1417 νὼν
283 1367 343 1418 ἐν
375 1367 574 1440 εἰρήνῃ
601 1369 779 1440 ἐτάφη
810 1370 949 1440 μετὰ
973 1371 1086 1425 τῶν
1114 1373 1374 1442 πατέρων
1402 1373 1590 1430 αὑτοῦ.

362 1525 717 1579 ΚΕΦΑΛΑΙΔ
748 1527 887 1581 ΤΟΥ
925 1528 1298 1582 ΠΡΟΦΗΤΟΥ
1336 1531 1520 1585 ΙΩΝΔ.

218 1642 290 1689 α’.
335 1636 678 1707 Πρόσταγμα
723 1637 859 1691 Θεοῦ
916 1639 1052 1710 πρὸς
1079 1642 1284 1706 Ἰωνᾶν,
1314 1644 1409 1696 καὶ
1452 1645 1598 1715 φυγὴ
1637 1645 1733 1699 τοῦ

1842 558 1908 610 ad
1948 574 2137 614 eorum
2169 564 2410 633 regimen
2461 575 2512 620 el
2549 567 2707 622 fidem
2743 573 3131 644 transmigrauit
3169 576 3223 629 in
3264 577 3394 632 Chri

1843 659 1985 703 slum
2019 653 2322 708 credentes
2352 687 2354 689 ν

1913 738 2114 794 Abdias
2171 740 2438 811 significat
2485 761 2664 800 servus
2718 749 3000 819 confessor.
3051 751 3144 808 Ille
3193 764 3313 809 erat
3353 757 3424 810 «Ic

1846 828 2103 900 Stchem.
2133 832 2261 887 Erat
2285 835 2474 890 tertius
2512 839 2762 894 centurio
2786 880 2802 905 ,
2837 841 3032 897 tertius
3057 844 3128 898 ab
3158 845 3417 902 Ochozia.

1842 920 1909 974 Et
1939 939 2065 977 cum
2116 924 2465 994 implorasset
2516 929 2690 985 Eliam
2719 941 2774 986 et
2803 934 2945 989 miro
2976 936 3141 990 modo
3183 939 3421 994 salvatus

1839 1024 2006 1079 esset,
2046 1014 2221 1070 factus
2249 1027 2334 1073 est
2384 1021 2433 1075 ei
2501 1022 2772 1078 minister.
2806 1024 2970 1081 Multa
3007 1039 3186 1084 autem
3229 1047 3420 1102 passus

1839 1103 1908 1158 ab
1945 1103 2132 1162 Achab
2164 1108 2295 1189 Elim
2324 1127 2489 1166 causa
2523 1131 2538 1179 ;
2569 1113 2813 1182 demum,
2865 1131 3040 1176 morte
3107 1135 3418 1198 contempta

1839 1204 1894 1248 et
1925 1212 2050 1269 rege
2085 1186 2276 1256 relicto
2305 1241 2320 1266 ,
2358 1203 2532 1258 Eliam
2563 1217 2785 1263 secutus
2813 1220 2897 1267 est
2939 1222 2994 1267 et
3049 1186 3414 1287 prophetavit.

2153 1538 2404 1598 CAPITA
2430 1544 2628 1601 JONIE
2681 1547 3095 1610 PROPHETIE.

1908 1647 1947 1700 1.
1986 1648 2167 1708 Jussio
2214 1652 2308 1709 Dei
2338 1658 2408 1712 ad
2457 1658 2649 1715 Ionam
2680 1672 2736 1718 et
2768 1663 2894 1734 fuga
2927 1669 3231 1740 prophetas,
3280 1684 3334 1731 ct
3360 1678 3414 1733 in

144 1727 458 1796 προφήτου,
491 1727 587 1780 καὶ
618 1727 905 1792 θαλάττιος
937 1729 1180 1801 χειμὼν,
1221 1733 1316 1784 καὶ
1347 1733 1547 1804 κλῆρος
1577 1735 1636 1801 ἐξ
1672 1730 1735 1790 οὗ

1835 1740 1971 1792 mari
2016 1751 2338 1812 tempestas;
2370 1757 2428 1804 et
2458 1765 2579 1806 sors
2604 1767 2700 1821 per
2744 1727 2907 1825 quam
2928 1727 3231 1830 'prophela'

144 1820 327 1887 φυγάς
358 1821 387 1871 6
421 1821 709 1891 προφήτης
737 1820 1042 1890 ἐλέγχεται.

219 1911 288 1980 β’.
318 1912 510 1974 Ὅπως
531 1913 716 1976 Ἰωνᾶς
745 1913 774 1965 6
801 1914 1086 1984 προφήτης
1112 1912 1218 1967 ὑπὸ
1246 1915 1448 1987 κήτους
1475 1934 1734 1972 καταπο-

145 2001 283 2066 θεὶς,
315 2004 412 2056 καὶ
437 2005 586 2074 τρεῖς
619 2003 831 2077 ἡμέρας
858 2004 955 2058 καὶ
994 2003 1196 2069 νύκτας
1227 2007 1285 2061 ὲν
1321 2007 1470 2079 αύτῷ
1494 2007 1736 2064 διατελέ-

148 2110 248 2155 σας
277 2092 484 2164 ηῠξατο
513 2092 590 2164 τῷ
615 2093 756 2165 Θεῷ,
786 2094 880 2147 καὶ
907 2093 1080 2158 οὕτως
1110 2095 1191 2159 είς
1218 2095 1318 2166 τὴν
1347 2098 1451 2168 γῆν
1485 2099 1592 2152 ὑπὸ
1632 2099 1734 2170 κή-

146 2203 276 2246 τους
308 2186 654 2240 ὲκὸάλλεται.
786 2177 794 2182 ’

217 2285 289 2345 γ’.
334 2281 672 2350 Πρόσταγμα
694 2279 1048 2351 κηρύγματος
1076 2281 1212 2353 πρὸς
1236 2281 1328 2336 τὸν
1347 2281 1536 2338 Ἰωνᾶν
1559 2283 1737 2338 δεύτε-

1768 1844 1810 1898 B
1840 1829 1984 1886 tivus
2012 1835 2380 1892 convincitur.

1905 1921 1971 1975 II.
2007 1923 2292 1991 Quomodo
2323 1929 2490 1987 Jonas
2516 1937 2782 2005 propheta
2805 1956 2836 1995 a
2871 1944 3021 2013 pisce
3051 1949 3375 2008 absorbetur
3397 1996 3413 2019 ,

1834 2023 1890 2068 et
1929 2029 2053 2071 cum
2080 2025 2192 2075 tres
2227 2020 2343 2077 dies
2371 2033 2427 2079 et
2457 2035 2648 2083 noctes
2682 2030 2737 2084 in
2769 2033 2889 2104 ipso
2918 2037 3188 2109 degisset,
3224 2046 3414 2116 depre-

1835 2116 1990 2163 catus
2023 2119 2108 2167 est
2139 2111 2308 2168 Deum
2338 2124 2395 2170 et
2425 2117 2482 2172 in
2506 2128 2704 2176 terram
2735 2138 2764 2178 a
2800 2124 2949 2195 pisce
2975 2131 3246 2202 dejicitur.

1904 2293 1993 2348 Ill.
2027 2294 2210 2352 Jussio
2271 2297 2699 2361 denuntiationis
2770 2313 3009 2368 secunda
3057 2316 3125 2372 ad
3171 2317 3409 2391 Ionam;

149 2390 244 2442 ρον
261 2391 275 2403 ·
306 2374 404 2427 καὶ
429 2374 628 2445 δρόμος
652 2376 731 2438 εἰς
757 2376 957 2446 Νινευῆ
980 2377 1074 2430 καὶ
1096 2379 1362 2448 κήρυγμα
1380 2395 1394 2409 ·
1415 2371 1460 2447 ᾧ
1487 2380 1736 2434 πεισθέν-

1835 2399 2029 2442 cursus
2053 2387 2109 2443 in
2149 2387 2416 2458 Niniven,
2441 2401 2497 2449 et
2522 2395 2911 2459 denuntiatio:
2947 2407 3035 2461 cui
3061 2423 3184 2465 cum
3230 2371 3410 2472 credi:

147 2484 238 2530 τες
256 2467 541 2522 Νινευῖται
563 2470 642 2532 εἰς
670 2470 964 2539 μετάνοιαν
984 2465 1168 2542 ἦλθον,
1184 2470 1252 2542 ἢν
1273 2473 1301 2524 6
1318 2471 1452 2537 Θεὸς
1474 2473 1734 2546 δυσωπη-

1835 2476 2044 2532 disscnt
2102 2480 2361 2538 Ninivita:
2399 2485 2466 2539 ad
2501 2489 2883 2556 paenitentiam
2941 2513 3243 2572 venerunt,
3315 2525 3412 2580 per

148 2559 283 2622 θεὶς,
318 2560 420 2632 τὴν
447 2562 675 2632 ἀπειλὴν
703 2562 1072 2616 κατέπαυσεν.

218 2652 280 2704 δ’.
309 2652 592 2719 Ἐντευξις
621 2654 778 2706 Ἰωνᾶ
976 2652 1066 2704 τὸν
1092 2652 1245 2717 Θεὸν,
1278 2655 1373 2708 καὶ
1404 2655 1505 2726 τῆς
1529 2654 1735 2721 πόλεως

151 2741 347 2807 ἔξοδος,
381 2745 477 2796 καὶ
508 2744 715 2814 σκηνῆς
743 2743 1088 2815 κατασκευὴ,
1125 2746 1216 2798 καὶ
1247 2747 1576 2819 κολοκύνθης
1601 2749 1736 2803 ἀνά·

150 2834 297 2896 δοσις
342 2836 442 2888 καὶ
483 2836 691 2908 φθορά·
737 2837 836 2890 καὶ
864 2837 959 2890 τοῦ
991 2837 1130 2892 Θεοῦ
1165 2839 1302 2910 πρὸς
1330 2840 1421 2892 τὸν
1451 2842 1738 2915 προφήτην

151 2927 403 2992 διάλεξις,
435 2931 517 2982 ὅτι
544 2930 640 2999 τῆς
672 2930 878 3000 Νινευῆ
907 2931 1008 2983 οὐκ
1035 2930 1246 2999 ἀλόγως
1275 2931 1558 2999 ἐφείσατο.

217 3020 403 3085 Ἰωνᾶς
433 3022 799 3092 ἑρμηνεύεται
834 3023 1122 3092 Ὑψίσνου
1143 3024 1550 3096 πονοῦντος,ἢ
1575 3040 1737 3095 περι-

151 3113 354 3182 στερά.
377 3117 565 3178 Ἰωνᾶς
593 3111 662 3186 ἦν
703 3117 768 3168 ὲκ
804 3116 908 3184 γῆς
943 3115 1235 3186 Καριαθὲμ
1266 3113 1738 3188 [Καριαθιαρεὶμ,

1834 2583 1998 2638 quam
2039 2569 2184 2627 Deus
2211 2573 2456 2643 placatus
2487 2592 2519 2632 a
2542 2579 2706 2636 minis
2727 2582 2958 2641 destitit.

1907 2656 1998 2712 IV.
2036 2659 2365 2730 Deprecatio
2419 2663 2574 2720 Iona:
2610 2669 2677 2723 ad
2730 2670 2940 2741 Deum,
2976 2688 3033 2733 et
3104 2695 3139 2736 e
3193 2684 3412 2745 civitate

1837 2751 2098 2819 egressio,
2130 2762 2186 2807 et
2217 2755 2553 2813 tabernaculi
2579 2766 2902 2832 praeparatio
2928 2785 2946 2834 ;
2973 2779 3029 2825 et
3062 2772 3280 2834 hedera:
3307 2797 3409 2836 na-

1837 2840 2018 2896 tivitas
2058 2852 2114 2898 et
2148 2859 2297 2900 mors
2339 2864 2356 2912 ;
2393 2856 2447 2902 et
2485 2850 2578 2904 Dei
2607 2853 2674 2906 ad
2705 2857 3021 2926 prophetam
3051 2864 3328 2938 allocutio,
3352 2888 3411 2927 so

1836 2931 2034 2988 Ninive
2064 2945 2258 3006 sponte
2289 2941 2620 3009 pepercisse.

1901 3018 2072 3076 Jonas
2105 3024 2373 3095 signitlcat
2403 3029 2666 3088 altissimo
2694 3035 2971 3096 laborante
3006 3043 3123 3100 sive
3150 3046 3407 3105 columba.

1837 3107 2006 3165 Jonas
2040 3122 2158 3168 erat
2175 3129 2239 3169 ex
2285 3125 2430 3172 terra
2451 3120 2763 3181 Cariathem
2806 3128 3410 3212 (Carialbiarimmmpe

150 3204 224 3268 ὥς
259 3208 403 3271 τινές
435 3225 590 3274 φασι,
626 3207 953 3280 Theophyl.]
982 3208 1206 3279 πλησίον
1237 3207 1476 3274 ’Δζώτου
1526 3210 1730 3276 πόλεως

1837 3202 2088 3269 Azotum,
2117 3207 2308 3263 urbem
2325 3212 2565 3282 gentium
2584 3216 2727 3285 apud
2761 3234 2928 3275 mare.
2954 3222 3020 3276 Et
3061 3240 3184 3280 cum
3202 3201 3410 3298 ej-ectiis

163 3297 435 3367 Ἑλλήνων
488 3301 629 3353 κατὰ
679 3300 994 3355 θάλασσαν’
1037 3304 1132 3355 καὶ
1180 3303 1511 3372 ὲκϐρασθεὶς
1546 3303 1612 3355 ὲκ
1641 3302 1736 3355 τοῦ

152 3388 370 3455 κήτους,
396 3389 651 3442 ἀπελθὼν
676 3391 757 3454 είς
779 3390 970 3444 Νινευῒ
993 3393 1087 3444 καὶ
1107 3391 1354 3463 κηρύξας
1374 3392 1471 3445 καλ⁵
1494 3392 1740 3463 ἀνακάμ-

153 3480 257 3545 ita;
291 3481 392 3533 οὐκ
421 3480 635 3550 ἔμεινεν
664 3483 723 3534 ὲν
768 3484 834 3553 τῇ
877 3485 948 3553 γῇ
1000 3482 1168 3536 αὑτοῦ
1190 3500 1203 3513 ·
1234 3483 1371 3537 ἀλλὰ
1397 3483 1734 3555 παραλαὸὼν

154 3572 250 3638 τὴν
298 3572 515 3643 μητέρα
557 3572 722 3626 αὑτοῦ
768 3575 1103 3646 παρῴκησεν
1133 3577 1191 3627 ὲν
1218 3577 1285 3644 τῇ
1321 3575 1558 3643 ’Ᾱσσοὺρ
1587 3575 1740 3646 χώρᾳ

157 3663 471 3732 ἀλλοφύλων
515 3664 714 3716 ὲθνῶν·
753 3665 906 3732 ἔλεγε
931 3665 1064 3737 γὰρ,
1092 3667 1173 3719 ὅτι.
1217 3665 1403 3729 Οὕτως
1449 3665 1634 3735 ἀφελῶ
1679 3667 1740 3719 τὸ

157 3757 356 3819 ὄνειδός
403 3774 503 3827 μου
522 3794 539 3820 ,
575 3758 657 3810 ὅτι
701 3756 1020 3828 ἐψευσάμην
1050 3757 1437 3829 προφητεύσας
1465 3759 1607 3812 κατὰ
1637 3758 1738 3811 Νι-

156 3846 268 3900 νευῒ
318 3849 420 3920 τῆς
472 3848 720 3919 μεγάλης
767 3849 1008 3911 πόλεως’
1042 3846 1110 3920 ἦν
1159 3867 1242 3912 τις
1277 3849 1462 3913 Ἠλίας
1504 3847 1738 3921 [πόλεώς

159 3956 256 4008 μου
286 3940 386 4007 τῆς
419 3940 687 4010 μεγάλης·
722 3936 790 4011 ἦν
836 3940 893 3994 δὲ
922 3940 1042 3992 τότε
1075 3940 1192 3994 Ἦλ.
1225 3938 1554 4011 Theophyl.]
1582 3939 1738 4004 ἐλέγ-

156 4049 262 4100 χων
305 4033 398 4086 τὸν
418 4031 650 4102 ’Ᾱχαά6,
700 4033 794 4085 καὶ
843 4032 1081 4096 καλέσας
1126 4031 1284 4102 λιμὸν
1330 4033 1424 4086 ἐπὶ
1467 4032 1566 4104 τὴν
1609 4031 1736 4102 γῆν,

156 4122 319 4192 ἔφυγε
343 4142 356 4154 ·
385 4125 478 4192 καὶ
507 4123 678 4176 ἐλθὼν
707 4126 786 4187 είς
813 4124 1076 4195 Σαραφθά
1098 4119 1233 4196 ηὗρε
1258 4123 1562 4196 [Σάρεφθσ,
1587 4118 1734 4195 εὗρε,

157 4212 487 4285 Theophyl.]
541 4216 639 4284 τὴν
693 4217 869 4285 χήραν
917 4215 1055 4285 μετὰ
1106 4214 1202 4268 τοῦ
1248 4208 1371 4269 υίόῦ
1418 4214 1610 4283 αὑτῆς,
1643 4216 1738 4267 καὶ⁹

156 4306 336 4376 ἔμεινε
370 4307 501 4379 παρ’
522 4309 705 4371 αὐτοῖς
727 4325 740 4338 °
771 4309 893 4362 οὐδὲ
940 4309 1049 4380 γὰρ
1091 4308 1322 4379 ἠδύνατο
1371 4310 1553 4378 μένειν
1598 4308 1738 4377 μετὰ

156 4399 261 4449 τῶν
292 4401 689 4471 ἀπεριτμήτων
711 4415 726 4429 ·
763 4400 859 4453 καὶ
888 4399 1183 4470 εὐλόγησεν
1209 4399 1377 4470 αὐτὴν
1403 4399 1488 4452 διὰ
1517 4399 1615 4468 τὴν
1647 4398 1734 4463 ξε-

1839 3305 1982 3350 esset
2008 3313 2038 3352 a
2057 3299 2206 3368 pisce
2218 3313 2273 3357 et
2302 3303 2527 3360 abiisset
2543 3306 2598 3360 in
2615 3307 2871 3377 Niniven,
2897 3322 2953 3368 et
2977 3317 3409 3380 denuntiavism't

1839 3395 1891 3440 et
1920 3403 2199 3459 regressus
2246 3404 2423 3458 esset,
2459 3413 2570 3451 non
2603 3405 2864 3457 remansit
2894 3405 2949 3458 in
2982 3416 3122 3465 terra
3156 3427 3288 3469 sua:
3314 3420 3409 3471 sed

1839 3490 2062 3550 accepta
2084 3495 2256 3538 matre
2285 3501 2404 3551 sua,
2437 3489 2703 3547 habitavit
2729 3494 2781 3547 in
2810 3497 3032 3567 regione
3053 3503 3242 3575 Assur.
3265 3511 3410 3578 apud

1840 3583 2055 3627 exteras
2082 3587 2291 3642 gentes.
2347 3579 2569 3636 Dicebat
2597 3584 2743 3638 enim
2769 3603 2782 3637 :
2821 3588 2912 3644 Sic
2935 3592 3177 3648 auferam
3205 3613 3409 3668 oppro-

1839 3663 2021 3719 brium
2060 3683 2263 3736 meum,
2286 3672 2428 3739 quod
2467 3674 2680 3731 scilicet
2706 3683 3004 3738 erraverim
3032 3689 3410 3756 prophelando

1840 3765 2026 3809 contra
2058 3755 2289 3814 Niniven
2335 3801 2351 3825 ,
2393 3762 2670 3822 civitatem
2712 3771 2995 3840 grandem.
3050 3755 3180 3832 Erat
3226 3791 3408 3835 autem

1841 3856 1970 3902 tunc
2001 3848 2145 3904 Elias
2199 3867 2435 3923 arguens
2473 3857 2684 3914 Achab.
2719 3862 2821 3928 Qui
2861 3880 2985 3919 cum
3030 3883 3280 3926 vocasset
3329 3874 3409 3928 fa-

1839 3952 1982 3992 mem
1999 3953 2164 4009 super
2185 3949 2405 4009 terram,
2436 3944 2592 4016 fugit.
2624 3949 2692 4003 Et
2721 3953 2948 4008 veniens
2974 3956 3028 4009 in
3058 3956 3303 4028 Sarepta,
3327 3963 3410 4015 in-

1838 4028 1987 4085 venit
2019 4031 2235 4086 viduam
2296 4050 2424 4089 cum
2459 4037 2567 4092 filio
2593 4041 2816 4127 ejus,.et
2851 4048 3053 4102 mansit
3105 4052 3248 4118 apud
3271 4068 3365 4106 eos
3393 4070 3406 4116 ;

1839 4137 1948 4176 non
1978 4122 2124 4176 enim
2180 4140 2404 4182 manere
2435 4137 2645 4197 poterat
2687 4122 2812 4187 cum
2869 4135 3293 4196 incircumcisis.
3345 4143 3410 4198 Et

1839 4208 2118 4265 benedixit
2151 4211 2204 4266 ei
2248 4223 2473 4283 propter
2499 4216 2949 4286 hospitalitatem.
2979 4220 3220 4281 Noverat
3262 4232 3407 4285 enim

1838 4315 1958 4354 eam
1989 4301 2262 4370 primitus.
2295 4305 2564 4361 Defuncto
2598 4319 2778 4364 autem
2811 4311 2924 4366 filio
2951 4316 3072 4385 ejus
3107 4317 3160 4370 in
3229 4324 3410 4380 medio

1839 4391 2342 4451 incircumcisorum
2391 4402 2736 4457 resuscitavit
2791 4403 2932 4459 Deus
2982 4419 3257 4465 mortuum
3310 4430 3410 4482 per

157 4490 422 4560 νοδοχίαν,
452 4487 520 4561 ἦν
564 4492 674 4562 γὰρ
716 4491 1110 4562 προγινώσκων
1161 4492 1332 4560 αὐτὴν
1375 4493 1439 4544 ἐκ
1486 4489 1728 4560 πρώτου.
1764 4540 1807 4591 D
1838 4487 2029 4591 Eliam.
2063 4487 2264 4591 νοιυεὶ
2266 4487 2411 4541 enim
2449 4504 2519 4591 osi

158 4581 422 4645 Θανόντος
456 4583 512 4634 δὲ
556 4583 652 4635 τοῦ
699 4583 818 4635 υἱοῦ
848 4584 1019 4653 αὐτῆς
1049 4585 1107 4635 ὲν
1139 4581 1290 4652 μέσῳ
1314 4583 1727 4653 άπεριτμήτων,

1838 4573 1931 4627 Dei
1964 4591 2158 4630 manus
2188 4577 2446 4648 effugere.
2481 4579 2545 4633 Et
2583 4597 2813 4652 surgens
2836 4584 3006 4640 Jonas
3033 4601 3154 4658 post
3177 4593 3406 4652 famem.

160 4673 318 4724 πάλιν
349 4675 573 4744 ἥγειρεν
603 4676 631 4726 6
654 4673 788 4736 Θεὸς
814 4673 903 4726 διὰ
923 4673 1018 4725 τοῦ
1037 4673 1198 4727 Ἠλία
1220 4674 1336 4726 ἐκεῖ
1361 4672 1579 4743 νεκρόνο
1605 4671 1731 4740 ἠθέ-

1835 4665 1979 4719 venit
2013 4665 2066 4718 in
2091 4666 2364 4730 Iudaeam,
2406 4680 2460 4724 et
2501 4683 2712 4726 mortua
2745 4683 2830 4729 est
2873 4689 3048 4732 mater
3078 4683 3197 4752 ejus
3231 4685 3281 4736 in
3322 4687 3410 4738 iti-

157 4763 287 4832 λησε
318 4765 429 4833 γὰρ
457 4765 627 4828 δεῖξαι
653 4765 822 4834 αὐτῷ,
857 4766 939 4817 ὅτι
969 4765 1032 4818 οὐ
1061 4763 1287 4818 δύναταί
1317 4781 1400 4827 τις
1427 4763 1733 4832 ἀποδράσαι

1835 4773 1982 4822 nere,
2025 4767 2081 4812 et
2109 4760 2444 4828 sepelierunt
2482 4778 2600 4818 eam
2649 4765 2802 4833 juxta
2832 4785 3091 4838 quercum
3127 4774 3405 4834 Debbora.

161 4851 462 4923 [διαδράναι
487 4852 786 4922 Theophyl.
819 4871 890 4906 ιιι.
919 4869 965 4907 s.
990 4851 1152 4923 Au3.]
1175 4851 1332 4904 Θεόν.
1362 4850 1474 4904 Καὶ
1497 4849 1734 4911 ἀναστάς

1835 4849 1900 4903 Ει
1949 4849 2214 4906 habitavit
2268 4851 2322 4904 in
2360 4863 2503 4906 terra
2535 4854 2768 4922 Saracr;
2798 4872 3047 4917 mortuus
3092 4874 3176 4918 est
3226 4877 3409 4923 autem

169 4918 350 5006 Ἰωνές
390 4943 526 5012 μετὰ
558 4918 654 4995 τὸν
678 4918 860 5010 λίμὸν,
893 4918 1167 5012 ἦλθεν
1193 4942 1293 5009 τὴν
1313 4939 1574 4993 Ἰουδαίαν
1598 4953 1610 4967 ’
1640 4939 1734 4990 καὶ

1835 4940 1928 5002 ibi,
1960 4952 2016 4995 et
2043 4942 2290 5011 sepultus
2321 4953 2406 4998 est
2474 4945 2526 4998 in
2552 4918 2810 5015 spelunca
2841 4951 3052 5016 Cenez,
3095 4918 3408 5024 judice—viii

158 5035 426 5087 ἀπέθανεν
459 5037 490 5104 ἡ
527 5037 708 5104 μήτηρ
742 5033 908 5086 αὐτοῦ
939 5034 1078 5086 κατὰ
1111 5032 1208 5105 τὴν
1233 5032 1369 5096 ὁδὸν,
1401 5031 1500 5084 καὶ
1521 5029 1728 5095 ἔθαψαν

1835 5033 2026 5088 diebus
2074 5033 2293 5103 quando
2325 5051 2436 5089 non
2481 5048 2640 5092 erant
2685 5056 2857 5111 reges.
2895 5043 2963 5097 Et
3012 5047 3159 5102 dedit
3197 5051 3409 5120 signum

159 5126 347 5195 αὐτὴν.
379 5126 612 5196 ἐχόμενα
649 5125 750 5195 τῆς
785 5124 1015 5194 βαλάνου
1033 5125 1110 5193 (8)
1137 5122 1454 5193 Δεὸὃώρας·
1479 5122 1572 5175 καὶ
1599 5139 1726 5175 κατ-

1835 5139 2086 5192 magnum
2122 5123 2175 5176 in
2208 5124 2409 5188 Israel,
2444 5126 2578 5180 etin
2613 5143 2759 5182 omni
2793 5139 2957 5186 terra.
2989 5133 3124 5189 Cum
3151 5139 3408 5199 viderint.

1764 4540 1807 4594 Β
1839 4479 2029 4536 Eliam.
2063 4483 2242 4540 Voluit
2266 4487 2411 4541 enim
2449 4491 2737 4544 ostendere
2762 4493 2913 4548 Jon:e
2944 4499 3218 4553 neminem
3249 4479 3409 4572 posse

1838 4573 2149 4594 ηε
2226 4577 2264 4594 η
2846 4584 2864 4594 -
3187 4593 3192 4594 ν

1637 5301 1864 5357 ΝΟΤᾸΕ.

1831 5418 2282 5499 gendiﬂpiplran.
2308 5431 2364 5474 et
2389 5422 2611 5499 Doroth.
2634 5426 2725 5492 qui
2751 5429 2815 5480 ἐκ
2836 5427 2938 5497 γῆς
2964 5428 3368 5499 Καριαομαοῦμ
3395 5473 3408 5494 ,

1833 5488 2058 5557 πλησίον
2112 5488 2365 5553 Ἀζώτου,
2400 5488 2693 5549 oriundum
2740 5488 3007 5552 scribunt.
3055 5488 3067 5499 ’
3186 5488 3198 5496 ’
3297 5541 3305 5546 .

1906 5561 1980 5629 (ὃ)
2022 5559 2305 5637 Ὲῇὀμειία
2343 5561 2454 5637 ξ’ᾏῆςῖ
2489 5565 2790 5625 βαλάνου.
2845 5568 3015 5637 I’rnpe
3050 5579 3286 5622 montem
3320 5567 3407 5621 Li-

1832 5628 2056 5718 ban'um,
2090 5628 2314 5718 llorthh’.
2347 5631 2478 5718 Ibid.
2519 5638 2552 5685 Ι.
2585 5651 2692 5718 Ln_._
2720 5628 2973 5718 Σαραῄρῖ
3015 5639 3184 5718 ξααρ,
3213 5638 3408 5718 Epiph.

160 5701 279 5770 ήτοι
333 5705 490 5774 κώμη
524 5699 664 5759 κατά
692 5699 880 5787 γεξῖτὸν
911 5706 1106 5787 εξκὸται
1137 5699 1310 5787 λόγον,
1345 5701 1526 5787 (Σὲ-τίη.
1572 5703 1725 5787 Ales.

1835 5699 2156 5787 Itolroth.
2205 5699 2338 5787 Ibid.
2385 5701 2590 5787 ltuit.
2643 5699 2837 5787 Κενξξ
2876 5699 3169 5787 Κενεζαξου
3215 5699 3403 5778 Εῂῲιι,

164 5767 266 5828 ms.
299 5767 431 5829 Ibid.
463 5767 500 5827 I'.
531 5767 715 5829 χχτινξ
744 5775 1172 5845 Καριαθιαρείμ.
1213 5772 1347 5828 Hinc
1379 5767 1518 5826 forte
1557 5770 1728 5826 corri-

1835 5767 1968 5823 lbid.
2005 5768 2040 5821 I.
2072 5785 2178 5822 uv.
2221 5769 2482 5838 Ἰσραήλ.
2532 5775 2908 5848 Ἰερουσαλήμ,
2941 5767 3165 5830 Doroth.

404 5865 675 5927 ΡΑτειοιη
714 5866 830 5927 Gn.
881 5866 1096 5925 XCIII.

3028 5869 3102 5930 43

232 5425 310 5507 ('l_)
349 5424 690 5507 Τριᾳτάξης.
733 5425 940 5507 ,Τρίτος
991 5423 1477 5507 πεγζτηκρνταρμχοςὶ,
1527 5420 1724 5506 Epiph.

161 5504 214 5547 et
244 5491 248 5493 ’
277 5491 501 5549 υοττηιι.
553 5494 687 5552 Ibid.
732 5491 1003 5576 Ilium":
1041 5492 1270 5576 ςζωνεῑς.
1297 5493 1395 5574 "'U
1439 5491 1725 5576 θεσπέσιος

174 5566 354 5646 Tullii
377 5566 578 5646 πατρὸς
611 5566 893 5646 μὲνεξέςρυ
915 5565 1008 5646 τοῦ
1041 5563 1258 5644 Ἀξριαθὶ2
1529 5579 1590 5627 γε
1619 5562 1726 5641 μὴν

163 5636 226 5685 ὲκ
261 5636 358 5686 Γὲθ
392 5636 561 5703 Χιὸἐρ
588 5633 914 5704 ’πολίχνιον
939 5635 996 5686 δὲ
1021 5635 1298 5704 τοῦτοτῆς
1316 5633 1725 5704 Ἰουδαίωνγῆς,
