4156 6452
781 381 917 447 i355

1983 382 2341 469 IIESYCHII
2379 383 2849 443 PRESBYTERI

3939 389 4064 450 1356

772 501 949 572 inquit
972 541 986 558 .
1022 499 1256 570 lapidem
1288 498 1614 552 clamantem
1643 500 1913 561 luctuose,
1938 507 1994 553 et
2025 499 2347 552 cantharum

2457 498 2675 568 ᾠκησεν
2695 500 2754 550 ὲν
2777 501 2847 569 γῇ
2882 497 3102 569 Σαραὴρ
3136 499 3392 570 [Σαραὰμ
3423 500 3792 572 ῚἸιροριι)·ί.],
3831 502 4066 553 anthr:

771 595 1008 662 ligneum
1038 592 1104 645 ad
1134 591 1302 644 Deum
1334 591 1668 659 loquentem,
1695 601 1824 645 tune
1851 607 2017 662 prope
2047 591 2152 645 erit
2180 591 2349 645 salus.

770 685 928 738 Tunc
955 683 1547 738 videbuntJerusalcm
1581 691 1748 736 totam
1789 692 2014 737 stratam
2070 698 2243 751 usque
2280 682 2345 736 ad

768 777 1158 838 fundamenta,
1189 785 1244 829 et
1287 775 1342 829 in
1375 791 1438 829 ea
1473 790 1666 829 omnes
1694 784 1883 845 gentes
1908 774 2213 828 adorabunt
2242 772 2348 827 Do-

771 868 977 920 minum
996 909 1011 930 ,
1040 875 1096 921 et
1126 865 1455 921 transferent
1475 865 1683 934 lapides
1715 881 1903 920 versus
1923 880 2184 920 occasum
2203 864 2354 926 solis,

766 970 821 1013 et
851 960 923 1014 ibi
956 960 1063 1013 erit
1125 957 1373 1012 adoratio
1430 957 1580 1012 uncti
1627 955 1903 1029 (Christi),
1937 973 2004 1012 eo
2050 957 2194 1027 quod
2249 956 2318 1011 de

765 1059 952 1118 specta
994 1049 1158 1104 fuerit
1181 1047 1481 1103 Jerusalem
1524 1048 1579 1102 in
1601 1049 1822 1103 deserto
1857 1047 2096 1102 ferarum
2141 1057 2197 1102 et
2229 1062 2348 1101 out-

770 1143 856 1196 uis
895 1142 1272 1197 immunditiae.
1317 1143 1385 1197 Et
1435 1152 1564 1196 tunc
1595 1141 1779 1196 veniet
1810 1141 1934 1196 ﬁnis
1995 1142 2176 1196 omnis
2232 1141 2351 1194 ani-

770 1250 891 1288 "NB.

2454 589 2513 641 δὲ
2546 589 2686 653 ἐκεῖ,
2715 589 2811 642 καὶ
2837 588 3014 659 ἐτάφη
3051 589 3108 640 ἐν
3154 591 3407 660 σπηλαίῳ
3435 593 3635 655 Κενὲζ,
3675 591 3892 660 κριτοῦ
3927 611 4070 657 γεμι-

2459 680 2626 750 μὲνου
2675 682 2733 732 ὲν
2783 680 3019 751 ἡμέραις
3067 681 3166 751 τῆς
3202 684 3501 753 ἀναρχίας·
3539 687 3633 736 καὶ
3683 685 3873 736 ἓόωκε
3913 689 4066 752 τέρας

2452 773 2592 827 πολὺ
2643 774 2738 826 ἐπὶ
2790 773 2872 846 [ιν
2907 775 3236 848 Theophyl.j
3277 778 3490 850 Ἰσραὴλ
3541 781 3636 831 καὶ
3690 781 3786 847 ἐφ’
3815 781 3958 849 ὃλην
3982 789 4067 848 τὴν

2459 865 2564 936 γῆν
2585 882 2599 898 ο
2629 865 2779 932 ὅταν,
2812 868 2999 937 φησὶν,
3030 867 3216 922 ῐδωσιν
3248 869 3395 923 λίθον
3422 871 3634 942 βοῶντα
3665 874 3953 942 οίκτρῶς,
3984 877 4066 923 καὶ

2457 959 2731 1028 κάνθαρον
2783 959 2892 1012 ἀπὸ
2944 960 3102 1024 ξύλου
3150 962 3288 1032 πρὸς
3333 962 3465 1015 Θεὸν
3502 964 3928 1032 φθεγγόμενον,
3955 969 4064 1017 τότε

2457 1049 2697 1117 ἐγγίζειν
2743 1050 2841 1121 τὴν
2885 1052 3159 1122 σωτηρίαν
3183 1071 3196 1084 ·
3231 1055 3353 1106 τότε
3388 1056 3611 1124 ὄψονται
3645 1058 3755 1126 τὴν
3790 1058 4061 1126 Ἰερουτα-

2456 1139 2569 1211 λὴμ
2595 1141 2980 1212 ὴδαφισμένην
3011 1142 3427 1214 Ιήφανισμένην
3460 1146 3807 1219 TheOpliyl.]
3841 1149 3956 1210 ἕως
3985 1149 4062 1198 θε-

2461 1231 2664 1301 μελίων
2694 1232 2841 1302 ὅλην,
2863 1236 2958 1287 καὶ
2982 1235 3063 1298 εἰς
3092 1237 3260 1306 αὐτὴν
3285 1239 3460 1292 πάντα
3492 1242 3558 1292 τά
3591 1241 3725 1312 ἔθνη
3759 1242 3876 1312 Ιὲν]
3907 1259 4060 1310 προτο

767 1330 990 1400 κυνήσει
1036 1328 1114 1399 τῷ
1162 1327 1390 1399 Κυρίῳ’
1444 1329 1540 1382 καὶ
1592 1326 1958 1398 μεταθήσουσι
2011 1325 2356 1398 [μεθήσουσι
2402 1325 2733 1399 Theophyl.]
2781 1330 2906 1391 τοὺς
2954 1329 3135 1394 λίθους
3172 1333 3315 1383 κατά
3352 1333 3563 1403 δυσμὰς
3598 1335 3786 1402 ἡλίου,
3817 1340 3921 1389 καὶ
3958 1341 4060 1389 ἐκεῖ

767 1425 921 1477 ἔσται
971 1427 1005 1495 ἡ
1054 1426 1431 1496 προσκύνησις
1485 1423 1580 1477 τοῦ
1627 1424 1949 1494 ὴλημμὲνου
2003 1422 2362 1494 [ὴλειμμένου
2408 1420 2775 1493 Theophyl.].
2828 1423 2916 1476 διὰ
2961 1423 3022 1476 τὸ
3054 1423 3151 1494 τὴν
3187 1426 3548 1497 Ἰερουσαλὴμ
3597 1427 3976 1500 βδελυχθῆναι
4011 1436 4057 1482 ἐν

769 1517 1052 1588 ἐρημώσει
1088 1516 1295 1587 θηρίων
1339 1516 1434 1570 καὶ
1465 1517 1652 1588 πάσης
1690 1516 2057 1584 ἀκαθαρσίας,
2095 1517 2189 1569 καὶ
2239 1515 2361 1568 τότε
2402 1516 2521 1586 ἥξει
2552 1517 2612 1569 τὸ
2643 1517 2795 1580 τέλος
2827 1517 3012 1589 πάσης
3054 1520 3246 1587 πνοῆς.

1048 1672 1296 1728 CAPITA
1318 1671 1623 1728 MICILEIE
1661 1671 2069 1728 PROPHETIE.

841 1788 886 1841 l.
930 1786 1259 1841 Vaticinium
1296 1786 1568 1841 adventus
1614 1785 1842 1851 Christi,
1894 1797 1948 1841 et
1999 1801 2186 1840 eorum
2233 1801 2354 1855 qua:

769 1888 1170 1949 superventura
1195 1889 1325 1934 sunt
1362 1879 1566 1949 populo
1595 1878 1927 1934 Judazorum.

841 1971 901 2025 ll.
936 1971 1254 2025 Exhortatio
1275 1972 1344 2026 ad
1375 1972 1575 2041 impias
1605 1981 1797 2041 gentes
1828 1987 1898 2026 ne
1937 1970 2227 2026 derideant
2278 1971 2357 2025 ls-

770 2063 882 2116 rael
909 2065 1054 2133 quod
1084 2065 1154 2118 ab
1187 2064 1319 2134 ipsis
1348 2062 1685 2134 impietatem
1723 2064 1952 2118 edoctus
1981 2074 2065 2118 est
2092 2081 2107 2128 ;
2148 2073 2204 2118 et
2230 2079 2357 2118 nar-

776 2157 915 2209 ratio
949 2172 1138 2210 eorum
1167 2171 1288 2226 quae
1333 2154 1477 2210 Deus
1514 2155 1699 2210 lsraeli
1731 2155 1969 2209 minatus
2006 2165 2108 2209 est.

841 2343 930 2398 111.
950 2341 1252 2407 Prmdictio,
1270 2357 1518 2411 quaenam
1539 2340 1783 2412 plerique
1795 2339 2106 2395 Judteorum
2137 2351 2357 2411 propter

771 2433 1027 2503 iniuriam
1069 2431 1125 2486 in
1157 2429 1440 2485 Christum
1480 2431 1690 2501 passuri
1724 2431 1856 2494 sint.
1892 2445 2142 2501 quaenam
2174 2441 2355 2486 autem

771 2524 1032 2578 evenient
1059 2524 1125 2576 iis
1158 2524 1249 2592 qui
1283 2539 1347 2577 ex
1374 2524 1507 2594 ipsis
1541 2523 1895 2580 crediderint.

841 2612 924 2666 IV.
957 2610 1117 2665 Minae
1148 2611 1200 2664 in
1220 2611 1497 2681 principes
1517 2610 1828 2667 Judaaorum
1864 2625 1920 2668 et
1947 2629 2138 2668 eorum
2177 2630 2354 2685 pseu-

771 2704 1162 2774 doprophetas,
1216 2712 1406 2773 utpote
1484 2703 1574 2772 qui
1623 2703 1831 2758 faciunt
1878 2714 2066 2759 contra
2122 2705 2172 2758 id
2212 2706 2355 2772 quod

770 2795 987 2847 docent.
1019 2791 1085 2846 Et
1118 2793 1396 2859 przedictio
1427 2807 1538 2846 non
1564 2793 1676 2861 jam
1707 2793 1825 2847 fore
1869 2793 2027 2847 [idem
2057 2796 2357 2863 prophetia:

770 2886 913 2955 apud
945 2886 1114 2955 ipsos,
1133 2884 1434 2940 Jerusalem
1452 2894 1635 2940 autem
1661 2886 1942 2955 antiquam
1969 2897 2023 2939 et
2047 2886 2178 2938 Sion
2203 2902 2354 2940 eter-

773 2979 962 3032 tcndns
991 2977 1124 3032 fore.

843 3067 908 3122 V.
959 3067 1288 3124 Vaticinium
1335 3069 1467 3124 doni
1500 3068 1738 3139 Spiritus
1765 3071 1819 3123 in
1853 3084 2043 3124 omnes
2069 3069 2356 3124 credentes

2695 1675 3046 1729 ΚΕΦΑΛΔΙΑ
3085 1677 3385 1731 ΜΙΧΑῙΟΥ
3423 1679 3829 1736 ΠΡΟΦΗΤΟΥ.

2535 1797 2604 1844 α’.
2645 1790 2967 1861 Προφητεία
2994 1791 3292 1863 ἐπιδημίας
3318 1795 3594 1864 Χριστοῦ,
3629 1799 3730 1852 καὶ
3769 1799 3888 1850 τῶν
3939 1799 4055 1868 pel-

2392 1854 2431 1910 Β
2460 1881 2663 1934 λόντων
2949 1880 3060 1934 τῶν
3099 1854 3382 1937 Ἰουδαίων.
3403 1854 3814 1957 συμϐήσεσθαι.

2537 1970 2603 2042 β’.
2647 1971 2978 2044 Παραίνεσις
3005 1972 3141 2043 πρὸς
3168 1973 3238 2027 τά
3266 1974 3566 2028 ἀσεϐοῦντα
3598 1978 3711 2030 τῶν
3744 1978 3948 2040 ἐθνῶν,
3991 1981 4054 2047 μὴ

2461 2063 2723 2134 ὲπιγελᾷν
2771 2062 3108 2134 τῷΊσραὴλ,
3145 2063 3335 2134 ἐπειδὴ
3385 2066 3444 2119 τὸ
3487 2068 3707 2120 ἀσεϐεῖν
3761 2070 3821 2134 ἐξ
3883 2072 4056 2122 αὐτῶν

2461 2154 2856 2225 ἐδιδάχθησαν·
2909 2155 3005 2207 καὶ
3051 2154 3304 2225 διήγησις
3355 2149 3430 2211 ὧν
3477 2160 3505 2211 ὁ
3549 2159 3678 2222 Θεὸς
3724 2162 3807 2231 τῷ
3840 2161 4054 2232 Ἰσραὴλ

2467 2244 2745 2314 ηπείλησε.

2532 2345 2602 2406 γ’.
2646 2338 2982 2408 Πρόῤῥησις,
3011 2338 3133 2392 τίνα
3189 2341 3290 2411 μὲν
3339 2343 3367 2394 ό
3417 2341 3668 2406 πλεῖστος
3712 2347 3948 2418 Ἰσραὴλ
3976 2347 4055 2400 διὰ

2457 2430 2556 2501 τὴν
2585 2431 2666 2493 εἰς
2697 2431 2932 2498 Χριστὸν
2961 2433 3311 2501 παρανομίαν
3336 2434 3625 2502 πάσχουσι,
3661 2437 3790 2489 τίνα
3813 2438 3876 2490 δὲ
3910 2440 4054 2491 ἔσται

2457 2525 2567 2584 τοῖς
2600 2520 2659 2584 ἐξ
2689 2522 2868 2573 αὐτῶν
2894 2522 3264 2578 πιστεύουσιν.

2527 2614 2587 2667 δ’.
2631 2613 2852 2683 Ἀπειλὴ
2881 2613 3021 2667 κατά
3040 2614 3475 2668 τῶνῚουδαῖκῶν
3498 2619 3805 2688 ἀρχόντων,
3832 2623 3933 2674 καὶ
3956 2625 4057 2675 τῶν

2458 2708 2589 2774 παρ’
2616 2707 2798 2763 αὐτοῖς
2823 2705 3311 2776 ψευδοπροφητῶν,
3337 2709 3411 2770 ὡς
3440 2712 3655 2763 ἐναντία
3681 2713 4012 2767 διδασκόντι.
4031 2736 4056 2764 ν

2457 2791 2536 2858 οἷς
2565 2796 2862 2866 ἔπραττον⁸
2896 2799 2990 2851 καὶ
3019 2799 3354 2869 πρόρρησις,
3384 2803 3459 2863 ὡς
3487 2803 3672 2855 οὐκέτι
3702 2806 3808 2873 μὲν
3839 2824 4048 2876 apol-gi}.

2455 2888 2579 2939 τεία
2629 2888 2763 2957 παρ’
2799 2888 2983 2950 αὐτοῖς
3032 2889 3869 2964 πιστευθήσεται,⁶1ερουσαλὴμ
3923 2900 3978 2950 δὲ
4023 2902 4051 2966 ἡ

2457 2977 2659 3047 ἀρχαία
2687 2977 2793 3030 καὶ·
2817 2977 2954 3029 Σιὼν
2991 2977 3415 3049 πορθηθήσεται.

2527 3075 2588 3119 ε’.
2633 3067 2947 3136 Προφητεία
2967 3067 3067 3136 τῆς
3090 3069 3181 3120 ἐπὶ
3211 3070 3418 3134 πάντας
3443 3073 3567 3135 τοὺς
3589 3076 3822 3138 πιστοὺς
3841 3077 4053 3149 δωρεᾶς

770 3160 952 3225 eﬂ‘usi,
988 3171 1046 3214 et
1071 3160 1316 3231 gentium
1353 3162 1634 3232 ingressus
1660 3162 1714 3216 in
1746 3176 1940 3216 novam
1966 3160 2268 3217 Jerusalem
2300 3172 2354 3216 et

2457 3159 2792 3227 ἐκχεομένης
2830 3159 2927 3210 τοῦ
2967 3158 3317 3229 Πνεύματοςο
3359 3165 3592 3217 καὶτῶν
3634 3165 3810 3220 ἐθνῶν
3840 3171 3926 3232 εἰς
3963 3174 4057 3237 τὴν

768 3253 1012 3317 Siou.,et
1041 3253 1191 3323 pacis
1225 3255 1488 3323 ipsarum,
1520 3253 1680 3324 cuius
1721 3254 2000 3309 Christqu
2048 3256 2353 3326 principem

772 3346 1051 3399 habebunt
1087 3362 1099 3398 :
1128 3353 1184 3400 et
1216 3345 1490 3414 quomodo
1517 3344 1757 3401 Ecclesia
1787 3355 1910 3416 post
1941 3361 2251 3416 pressuram
2285 3346 2355 3400 ab

772 3454 983 3504 errore,
1025 3437 1340 3507 recipietur.

843 3623 930 3678 Vl.
965 3622 1352 3693 Reprehensio
1379 3622 1435 3676 in
1475 3620 1818 3693 Synagogam
1852 3630 2076 3692 prOpter
2112 3636 2352 3676 errorem

771 3715 1143 3778 anteriorem;
1182 3723 1236 3768 et
1285 3712 1634 3768 annuntiatio
1682 3721 1872 3767 contra
1931 3713 2207 3767 damones
2258 3727 2355 3782 per

783 3807 1044 3862 virtutem
1071 3805 1292 3868 Crucis,
1319 3805 1373 3858 in
1397 3819 1588 3859 eorum
1619 3803 1849 3875 gratiam
1870 3805 1964 3875 qui
1985 3820 2050 3860 ex
2074 3803 2353 3877 Synagoga

770 3895 1122 3951 crediderint.

845 3984 953 4038 VII.
992 3983 1325 4040 Vaticinium
1370 3985 1708 4040 annuntians
1756 3984 2036 4041 Christum
2075 4002 2141 4040 ex
2187 3985 2355 4042 Beth-

771 4079 913 4133 leem
944 4096 959 4146 ;
991 4088 1046 4133 et
1104 4078 1379 4147 quomodo
1407 4079 1500 4148 qui
1554 4093 1620 4133 ex
1662 4078 1916 4149 gentibus
1965 4085 2356 4133 convertentur

771 4188 871 4242 per
897 4172 1240 4242 evangelicas
1274 4171 1646 4226 beatitudines
1672 4181 1728 4227 et
1756 4171 1903 4226 dono
1931 4170 2169 4242 Spiritus
2191 4173 2354 4227 liber-

772 4275 936 4320 tatem
969 4279 1031 4320 ex
1062 4263 1327 4318 diabolica
1367 4263 1632 4319 servitute
1661 4273 2090 4332 consequentur.

845 4446 985 4504 Vlll.
1018 4445 1328 4502 Pmdictio.
1349 4448 1626 4516 apostolos
1653 4446 1770 4502 fore
1802 4447 2058 4518 gentibus
2084 4447 2353 4502 terribiles

2456 3249 2582 3301 νέαν
2613 3249 2972 3321 Ἰερουσαλὴμ
3013 3251 3108 3303 καὶ
3147 3251 3290 3304 Σιὼν
3320 3254 3674 3320 ἀναϐάσεως
3713 3261 3955 3331 εἰρήνης
4002 3279 4050 3313 τε

2454 3340 2654 3401 αὐτῶν,
2679 3341 2746 3410 ἢν
2783 3341 2842 3392 ἑν
2871 3341 3094 3410 Χριστῷ
3128 3341 3513 3410 βραδεύονται·
3546 3349 3642 3401 καὶ
3672 3351 3827 3414 ὅπως
3862 3355 3900 3422 ἡ
3932 3354 4052 3405 Ἐκ-

2454 3430 2652 3500 κλησία
2684 3432 2822 3501 μετά
2849 3432 2952 3499 τὴν
2983 3433 3276 3503 πντριῦὴν
3306 3435 3407 3505 τὴν
3449 3438 3514 3490 ἐκ
3543 3437 3755 3510 πλάνης
3785 3440 4053 3514 δεχθήσε-

2453 3541 2566 3579 ται.

2529 3623 2603 3681 ς’.
2641 3617 2990 3689 Ἐπιτίμησις
3014 3623 3080 3690 τῇ
3105 3625 3418 3694 συναγωγῇ,
3438 3625 3540 3695 τῆς
3560 3627 3778 3698 πλάνης
3797 3629 3910 3698 τῆς
3931 3647 4054 3701 προ-

2453 3706 2728 3778 λασούσης
2765 3708 2957 3762 ἕνεκα·
3007 3714 3103 3765 καὶ
3137 3713 3536 3786 εὐαγγελισμδς
3580 3719 3721 3772 κατά
3772 3720 4053 3792 δαιμόνων

2453 3799 2546 3853 διά
2575 3801 2811 3871 σταυροῦ
2839 3802 3160 3867 δυναστείας
3189 3808 3305 3869 τοῖς
3332 3807 3393 3870 ἐξ
3421 3807 3593 3877 αὐτῆς
3629 3809 3984 3865 πιστεύουσι.

2524 3981 2593 4047 ζ’.
2635 3983 2952 4054 Προφητεία
2979 3985 3071 4038 τὸν
3104 3986 3341 4056 Χριστὸν
3367 3989 3432 4042 ὲκ
3458 3988 3709 4060 Βηθλεὶμ
3735 3994 4052 4062 κηρύττου-

2455 4090 2557 4128 σα·
2593 4075 2690 4127 καὶ
2735 4075 2883 4139 ὅπως
2928 4077 2978 4128 oi
3028 4076 3087 4144 ἐξ
3121 4077 3293 4131 ἐθνῶν
3337 4081 3787 4150 ἐπιστρέφοντες,
3819 4083 3916 4136 διά
3945 4086 4052 4138 τῶν

2455 4168 2833 4238 εὐαγγελικῶν
2863 4171 3252 4240 μακαρισμῶν,
3265 4173 3361 4225 καὶ
3384 4173 3491 4227 τῶν
3507 4173 3729 4246 δωρεῶν
3753 4175 3849 4228 τοῦ
3878 4177 4055 4230 Πνεῦ-

2459 4278 2650 4330 ματος,
2673 4259 2992 4330 ἐλευθερίαν
3021 4261 3121 4333 τῆς
3146 4263 3456 4333 διαδολικῆς
3478 4266 3800 4336 τυραννίδος
3825 4267 4049 4337 λαμϐά-

2456 4370 2660 4406 νουσιν.
3069 4379 3076 4384 ·

2527 4444 2604 4522 η’..
2639 4445 2975 4516 Πρόρῤησις,
3009 4445 3275 4516 φοϐεροὺς
3303 4447 3418 4509 τοῖς
3442 4445 3618 4500 ἔθνεσι
3648 4447 3778 4509 τοὺς
3808 4449 4055 4504 ἀποστό-

772 4538 1060 4600 videndos,
1095 4547 1148 4592 et
1170 4537 1287 4592 fore
1333 4513 1400 4591 ut—
1425 4538 1750 4607 praevaleant
1786 4513 1974 4593 contra
2006 4538 2282 4592 daemones
2311 4538 2347 4590 ii

2457 4513 2991 4606 leo—g'dcphqacaﬂat,
3023 4513 3412 4592 δυναστεύσειν
3464 4556 3522 4591 τε
3576 4541 3716 4592 κατὰ
3771 4541 4054 4612 δαιμόνων

772 4629 865 4699 qui
903 4645 969 4682 ex
999 4627 1164 4681 Israel
1202 4627 1558 4692 crediderint,
1591 4641 1878 4700 postquam
1920 4645 1988 4684 ex
2047 4630 2179 4700 ipsis
2224 4645 2350 4700 per-
2385 4699 2389 4704 .

773 4719 939 4773 ierint
969 4717 1195 4772 fallacia:
1235 4718 1508 4773 idolorum
1538 4719 1803 4791 symbola.

845 4808 936 4862 IX.
978 4807 1252 4862 Judicium
1286 4809 1376 4862 Dei
1402 4809 1454 4862 in
1485 4810 1668 4871 Israel.
1728 4821 1952 4882 propter
2000 4813 2149 4868 varia
2179 4813 2351 4868 bene-

775 4901 896 4955 licia
934 4916 1055 4968 quae
1091 4899 1194 4969 ipsi
1227 4901 1457 4954 contulit
1494 4919 1508 4966 ;
1545 4911 1601 4956 et
1635 4903 1700 4955 ad
1733 4903 1986 4958 eumdem
2021 4904 2348 4970 exhortatio,

771 4990 907 5060 quid
935 4989 1144 5044 scilicet
1178 4989 1426 5044 faciendo
1453 4991 1638 5045 salvus
1667 4991 1789 5045 erit.

850 5079 916 5135 Χ.
939 5080 1240 5134 Consilium
1259 5081 1325 5134 ad
1359 5079 1545 5144 Israel,
1577 5089 1632 5134 ut
1656 5083 1724 5135 ab
1747 5081 2034 5152 iniquitate
2060 5082 2351 5149 abstineat,

775 5181 830 5227 et
865 5173 1218 5227 comminatio
1261 5173 1381 5227 illos
1407 5174 1670 5228 delendos
1701 5173 1836 5238 fore,
1867 5183 1924 5228 et
1959 5176 2183 5245 mystica
2211 5176 2353 5231 bona

775 5281 886 5319 non
909 5273 1224 5334 gustaturos
1251 5279 1391 5328 esse,
1415 5273 1469 5319 et
1490 5265 1743 5334 gentibus
1765 5265 1819 5319 in
1843 5267 2194 5336 opprobrium
2215 5268 2349 5324 fore.

846 5449 940 5505 XI.
972 5451 1315 5505 Lamentatio
1344 5451 1626 5521 prophetae
1657 5450 1728 5505 de
1759 5452 2046 5507 sterilitate
2075 5453 2356 5522 populi,et

775 5543 1082 5600 exhortatio
1114 5559 1181 5596 ne
1218 5551 1422 5595 tantum
1465 5541 1517 5594 in
1543 5543 1656 5595 suis
1685 5550 1942 5610 quantam
1975 5543 2028 5596 in
2062 5543 2173 5596 Deo
2211 5542 2352 5596 ﬁdu-

777 5637 912 5690 ciam
954 5635 1166 5687 habeat.

828 5729 962 5786 -Xll.
990 5726 1256 5781 Allocutio
1289 5725 1538 5778 Ευυὶοδίιε
1567 5725 1632 5779 ad
1665 5728 1999 5796 Synagogam
2033 5741 2100 5779 nc
2125 5727 2354 5795 gaudeat

782 5832 1004 5889 propter
1046 5820 1325 5888 antiquam
1357 5819 1718 5887 impietatem.
1753 5819 1871 5888 Ipsa
1911 5820 2055 5872 enim
2112 5819 2366 5873 Ecclesia‘

2457 4629 2582 4690 τοὺς
2632 4629 2690 4694 ἐξ
2717 4628 2936 4699 Ἰσραὴλ
2988 4628 3407 4693 πιστεύσαντας,
3454 4631 3583 4683 ὅταν
3616 4631 3672 4698 ἐξ
3705 4633 3895 4685 αὐτῶν
3927 4636 4049 4687 ὀλο-

2456 4720 2656 4789 θρευθῇ
2687 4721 2786 4789 τῆς
2815 4721 3034 4790 ἀπάτης
3065 4719 3175 4771 τῶν
3201 4719 3435 4774 εἰδώλων
3457 4723 3526 4773 τά
3552 4720 3821 4790 ώμσολα.

2527 4811 2592 4864 θ’.
2635 4811 2830 4881 Κρίσις
2862 4810 2957 4864 τοῦ
2987 4810 3122 4864 Θεοῦ
3155 4811 3292 4882 πρὸς
3325 4811 3416 4864 τὸν
3443 4811 3678 4881 Ἰσραὴλ,
3705 4813 3792 4880 ἐφ’
3822 4807 3911 4874 οἷς
3943 4815 4046 4865 αὑ-

2457 4901 2550 4954 τὸν
2585 4901 2846 4965 ποικίλως
2879 4903 3219 4973 εὐηργέτησε
3241 4918 3255 4932 ο
3295 4903 3391 4956 καὶ
3434 4904 3756 4973 παραίνεσις
3784 4908 3929 4974 πρὸς
3957 4908 4050 4959 τὸν

2455 4994 2639 5058 αὑτὸν,
2670 4995 2724 5047 τί
2758 4996 2994 5064 ποιήσας
3025 4995 3352 5065 σωθήσεται.

2531 5091 2580 5134 ι’.
2626 5083 2915 5154 Συμόουλὴ
2947 5083 3026 5154 τῷ
3059 5084 3299 5155 Ἰσραὴλ,
3319 5086 3664 5154 παρανομίας
3691 5087 4004 5155 ἀπέχεσθαι
4031 5107 4045 5118 ο

2457 5178 2551 5230 καὶ
2582 5177 2781 5246 ἀπειλὴ
2808 5177 3144 5247 ἀφανισμοῦ,
3174 5179 3268 5232 καὶ
3292 5179 3401 5230 τῶν
3429 5178 3650 5246 ἀγαθῶν
3680 5181 3766 5232 ὅτι
3794 5180 3911 5232 τῶν
3945 5200 4049 5249 μυ-

2461 5271 2661 5323 στικῶν
2684 5271 2745 5322 οὐ
2776 5269 3085 5336 γεύσονται,
3119 5271 3256 5324 άλλά
3285 5273 3380 5324 καὶ
3409 5273 3519 5334 τοῖς
3545 5270 3758 5324 ἔθνεσιν
3785 5275 3864 5334 είς
3896 5273 4047 5324 ὀνει-

2455 5361 2647 5429 δισμὸν
2680 5362 2914 5415 ἔσονται.

2532 5451 2618 5507 ια’.
2663 5452 3027 5521 Σχετλιασμὸς
3049 5451 3141 5504 τοῦ
3165 5453 3444 5522 προφήτου
3469 5452 3561 5505 ἐπὶ
3581 5457 3646 5523 τῇ
3668 5455 3926 5524 ἀκαρπία
3949 5456 4043 5508 τοῦ

2461 5543 2619 5595 λαοῦ·
2655 5543 2750 5595 καὶ
2783 5542 3127 5612 παραίνεσις,
3161 5542 3236 5612 μὴ
3261 5542 3516 5594 τοσοῦτον
3549 5545 3641 5595 ἐπὶ
3677 5547 3789 5606 τοίς
3817 5547 4044 5608 οἰκείοις

2461 5636 2582 5687 ὅσον
2611 5635 2754 5703 ἔχειν
2781 5635 2870 5685 ἐπὶ
2904 5633 3022 5704 Θεῷ
3060 5636 3158 5703 τὴν
3188 5633 3531 5703 πεποίθησιν.
3798 5698 3809 5708 _

2531 5726 2614 5794 ιβ’.
2659 5727 3054 5794 Ιιροσφώνησις
3084 5724 3538 5795 τῆςἘκκλησίας
3579 5726 3715 5795 πρὸς
3762 5726 3863 5796 τὴν
3908 5728 4042 5779 Συν-

2459 5816 2699 5886 αγωγὴν,
2734 5817 2811 5888 μὴ
2857 5817 3158 5889 ἐπιχαίρειν
3203 5817 3292 5871 διὰ
3325 5814 3425 5886 τὴν
3469 5819 3707 5888 ἀρχαίαν
3741 5819 4004 5874 ἀσέϐειαν
4027 5836 4042 5849 '
