4156 6452
124 394 268 464 1357

1210 395 1290 462 [vi
1334 403 1446 462 XII
1493 392 1938 465 PI‘LGPHETAS
1977 408 2343 473 MINORES.

3269 422 3397 492 i358

116 510 267 583 αὕτη
316 515 418 584 μὲν
449 517 559 587 γὰρ
590 515 948 586 ήΈκκλησία
977 515 1065 568 διὰ
1101 514 1388 584 ειετττνοίας
1419 515 1710 586 ἀναστήσε-

1818 524 1918 578 per
1971 515 2358 581 paenitentiam
2416 537 2703 596 resurget;
2758 528 2847 582 illa
2899 541 3079 584 autem
3135 533 3398 603 legalibus

110 619 231 666 ται,
267 607 461 678 ἐκείνη
494 609 550 661 δὲ
580 609 674 660 καὶ
704 609 816 661 τῶν
843 611 1092 678 νομίμων
1116 612 1456 673 εκπεοεῖται,
1481 607 1579 660 καὶ
1606 611 1719 670 τοῖς

107 701 342 768 νοητοῖς
370 700 685 772 Ἀσσυρίοις
712 699 1183 770 παραδοθήσεται.

185 795 284 857 ιγ’.
329 791 668 863 Παραίνεσις
699 792 778 863 τῷ
800 792 1022 864 Ἰσραὴλ
1045 832 1060 856 ,
1094 793 1183 845 διὰ
1217 795 1453 866 σταυροῦ
1486 797 1716 866 ποιμαί-

103 880 309 935 νεσθαι
333 899 348 912 ·
389 885 485 937 καὶ
516 885 857 956 πρόρρησις,
889 885 1040 949 ὅπως
1077 886 1144 940 τὰ
1181 887 1282 957 μὲν
1314 887 1442 958 ἔθνη
1473 888 1583 942 τῶν
1603 890 1718 944 δαι-

106 973 304 1041 μόνων
358 978 784 1049 αἰσχυνθήσεται
813 1019 828 1043 ,
878 980 1039 1049 ἡμεῖς
1090 979 1148 1032 δὲ
1192 980 1283 1034 διὰ
1336 980 1717 1052 βαπτίσματος

100 1065 320 1133 ἄφεσιν
365 1070 787 1140 ἁμαρτημάτων
815 1073 969 1141 παρά
996 1070 1134 1125 Θεοῦ
1160 1071 1469 1142 ληψόμεθα.¹

178 1177 435 1246 Μιχαίας
463 1179 832 1250 ἑρμηνεύεται
866 1183 1295 1254 ταπείνωσις-,ἢ
1323 1187 1713 1256 ταπεινούμε-

98 1283 240 1332 νος.
273 1264 454 1333 Οὗτος
480 1266 550 1342 ἦν
575 1271 685 1325 ἀπὸ
709 1273 955 1344 Μοραθεὶ
982 1274 1056 1344 (9)
1086 1273 1327 1347 [Μοραθὶ
1360 1277 1712 1351 Theophyl.],

99 1360 166 1410 ὲκ
203 1361 396 1430 φυλῆς
421 1363 660 1434 Ἐφραίμ
680 1381 695 1395 ⁸
721 1359 878 1428 οὗτος
905 1366 1076 1420 πολλά
1108 1370 1343 1440 ποιήσας
1374 1370 1452 1442 τῷ
1476 1371 1711 1442 Ἀχαά6,

99 1448 216 1502 ὑπὸ
247 1452 471 1524 Ἰωρὰμ
519 1455 613 1508 τοῦ
665 1456 788 1510 υἱοῦ
835 1457 1003 1513 αὐτοῦ
1055 1459 1294 1533 ἀνῃρέθη
1347 1464 1599 1535 κρημνῷ,
1631 1466 1713 1519 ὃτι

97 1539 358 1611 ἤλεγχεν
395 1545 561 1600 αὑτὸν
607 1549 701 1602 ἐπὶ
728 1552 847 1613 ταῖς
879 1551 1161 1614 ἀσεϐείαις
1187 1552 1294 1605 τῶν
1322 1557 1576 1628 πατέρων
1615 1560 1713 1611 αὐ-

97 1633 200 1685 τοῦ
224 1650 236 1662 ·
279 1637 387 1687 καὶ
418 1638 593 1710 ὲτάφη
628 1643 686 1694 ὲν
711 1644 774 1712 τῇ
801 1645 872 1713 γῇ
893 1643 1058 1698 αὑτοῦ
1095 1644 1276 1715 μόνος,
1312 1648 1578 1720 σύνεγγυς
1612 1668 1711 1704 πο·-

98 1723 410 1796 Αυανδρίου
430 1726 712 1801 Ἐνακείμ.

288 1884 651 1942 ΚΕΦΔΛΔΙΔ
685 1889 932 1946 ΝΑΟΥΜ
971 1893 1113 1947 ΤΟΥ
1151 1894 1540 1954 ΠΡΟΦΗΤΟΥ.

177 2016 253 2066 α’.
289 2013 566 2080 Ἔνδειξις
595 2018 831 2091 ἀπειλῆς
862 2012 1023 2091 Θεοῦ,
1059 2027 1155 2081 καὶ
1186 2029 1286 2100 τῆς
1318 2032 1400 2095 είς
1437 2032 1501 2087 τὸ
1540 2051 1714 2106 τιμω-

105 2102 333 2171 ρεῖσθαι
365 2107 653 2178 δυνάμεως
671 2127 685 2141 ο
711 2115 849 2168 κατά
872 2115 1142 2188 δαιμόνων
1163 2119 1299 2190 ὁμοῦ
1323 2123 1424 2176 καὶ
1444 2102 1714 2182 Ἰουδαίων

103 2194 407 2266 ἑκάτερον.

181 2286 252 2356 β’.
293 2288 526 2364 Ἀπειλή
572 2295 716 2350 κατά
763 2298 1049 2356 διαϐόλου·
1090 2306 1184 2360 καὶ
1229 2313 1619 2384 προσφώνησις
1642 2314 1711 2386 τῇ

110 2375 423 2450 Ἐκκλησία
454 2382 554 2454 τῆς
599 2385 710 2440 τῶν
755 2389 990 2446 είδώλων
1029 2375 1353 2470 ἀωλλαίῆς
1374 2375 1399 2430 ’1
1427 2375 1712 2472 καὶέὑαγῖ

107 2470 380 2544 γελισμὸς
407 2477 502 2531 τοῦ
543 2483 816 2555 σωτηρίου
856 2488 1232 2559 κηρύγματος,
1269 2494 1477 2567 ἑορτῶν
1512 2514 1573 2550 τε
1603 2470 1713 2553 τών

107 2562 201 2616 διὰ
250 2567 498 2637 Χριστοῦ
524 2611 540 2636 ,
579 2576 674 2629 καὶ
709 2577 1020 2652 ἀφανισμοῦ
1056 2562 1346 2655 δαιμόνων*
1377 2589 1472 2642 καὶ
1509 2590 1713 2662 συγχύ-

116 2673 282 2719 σεως.

189 2751 261 2816 γ’.
310 2755 630 2828 Πρόρῤησις
673 2761 1025 2830 ἀναστάσεως
1051 2762 1289 2840 Χριστοῦ
1322 2773 1417 2827 καί⁷
1443 2775 1552 2828 τῶν
1585 2794 1713 2830 συνσ

190 3053 254 3108 δ’.
295 3055 525 3127 ’Δπειλὴ
568 3060 710 3114 κατὰ
757 3062 852 3118 τοῦ
903 3063 1203 3122 Ἰουδαϊκοῦ
1243 3069 1409 3133 λαοῦ,
1449 3074 1544 3127 καὶ
1591 3092 1713 3146 σχε-

117 3139 392 3215 τλιασμὸς
413 3145 915 3224 τῆςΊερουσαλήμ·
940 3156 1034 3209 καὶ
1058 3159 1364 3230 πρόρρησις
1392 3156 1468 3218 ὧν
1488 3139 1712 3233 ἔμελλεν

121 3235 179 3284 ὲν
209 3238 276 3306 τῇ
312 3236 516 3291 ἁλώσει
548 3245 613 3311 τῇ
645 3241 928 3317 Ῥωμαϊκῇ
981 3249 1294 3314 πείσεσθαι,
1332 3253 1450 3306 ἀνθ’
1478 3248 1553 3309 ὧν
1600 3259 1713 3323 τοῖς

122 3325 337 3381 ἔθνεσιν
366 3331 394 3382 ὁ
420 3330 546 3395 λαὸς
568 3334 788 3402 ἐγένετο
825 3339 1178 3412 πρόσκομμα.

194 3441 258 3494 ε’.
299 3444 526 3517 Ἀπειλὴ
582 3450 724 3503 κατὰ
788 3451 888 3522 τῆς
941 3451 1296 3530 Ἰερουσαλήμ
1353 3461 1440 3515 ἐπ’
1480 3464 1710 3538 αἰσχύνῃ

125 3536 465 3604 γυμνώσεως
485 3555 498 3569 ο
531 3540 626 3593 καὶ
655 3543 802 3606 ὅπως
829 3545 1055 3616 ζητήσει
1096 3549 1195 3618 μὲν
1224 3553 1256 3621 ἡ
1292 3551 1588 3624 Ἐκκλησία
1613 3536 1712 3628 τῆς

138 3622 496 3702 Ἰερουσαλὴμ
530 3634 901 3706 παράκλησιν,
921 3637 1060 3710 αὑτὴ
1091 3639 1146 3692 δὲ
1171 3643 1433 3710 ποικίλοις
1461 3622 1712 3719 ὁμιλήσει

127 3723 318 3784 κακοῖς
352 3721 731 3797 Ἰερουσαλὴμ,
763 3728 852 3782 διὰ
885 3730 944 3782 τὸ
973 3733 1202 3803 νοσῆσαι
1236 3737 1436 3791 κακίαν
1467 3740 1709 3813 ἀνυπέρ-

129 3811 344 3882 ϐλητον.

200 3906 399 3977 Ναοὺμ
447 3907 814 3980 ἑρμηνεύεται
845 3915 1233 3986 παράκλητος
1273 3919 1663 3995 [παράκλησις
1692 3969 1707 3992 ,

130 3994 457 4071 Theophyl.]
486 3994 656 4065 Οὗτος
679 3999 747 4073 ἦν
777 4005 888 4058 ἀπὸ
914 4007 1191 4063 Ἐλκεσεὶν
1209 4011 1229 4082 [
1247 4012 1506 4069 Ἑλκασαῖ
1537 4018 1711 4090 πέραν

127 4085 222 4139 τοῦ
259 4089 529 4160 Ἰορδάνου
580 4095 660 4155 είς
708 4096 975 4168 Βιγαϐρὶ,
1010 4094 1340 4176 Theophyl.)
1385 4106 1564 4177 πέραν
1611 4085 1710 4164 τοῦ

128 4178 436 4251 Τηνδαρεὶν
464 4181 597 4253 (10),
634 4187 700 4239 ἐκ
741 4188 912 4258 φυλῆς
943 4191 1191 4261 Συμεών.
1225 4189 1395 4261 Οὗτος
1439 4201 1578 4269 μετά
1618 4204 1709 4257 τὸν

142 4269 329 4325 Ἰωνᾶν
360 4274 528 4345 τέρας
575 4275 798 4343 ἔδωκεν,
827 4281 910 4334 ὅτι
946 4282 1056 4336 ἀπὺ
1097 4285 1306 4340 ὑδάτων
1334 4290 1582 4357 γλυκέων
1619 4297 1710 4349 καὶ⁸

129 4364 298 4432 πυρὸς
325 4365 608 4422 ἀπολεῖται
636 4373 668 4441 ή
695 4371 914 4425 Νινευΐο
936 4374 965 4425 ὃ
987 4375 1081 4428 καὶ
1101 4377 1292 4445 γέγονε
1313 4397 1325 4409 ·
1360 4382 1394 4451 ή
1423 4383 1532 4456 γὰρ
1553 4402 1708 4457 περι-

129 4453 326 4523 έχουσα
375 4459 547 4530 αὐτὴν
591 4461 754 4532 λίμνη
799 4466 1136 4523 κατέκλυσεν
1182 4471 1354 4542 αὐτὴν
1385 4477 1444 4529 ὲν
1473 4453 1702 4551 σεισμῷ,

1816 602 2050 669 excidet,
2077 615 2134 659 et
2159 607 2543 677 spiritualibus
2573 617 2812 688 Assyriis
2844 621 3112 677 tradetur.

1894 786 2030 842 Xlll.
2064 788 2380 846 Exhortatio
2405 792 2470 846 ad
2506 793 2667 849 Israel
2700 804 2755 849 ut
2813 809 2911 863 per
2937 811 3156 853 crucem
3188 809 3405 873 regatur

1819 887 1876 933 et
1931 882 2209 950 quomodo
2240 894 2433 954 gentes
2485 887 2706 957 quidem
2735 905 2766 944 a
2795 890 3137 947 daemonibus
3167 895 3403 950 contun-

1817 971 2021 1026 dentur
2059 989 2074 1038 ;
2139 990 2242 1030 nos
2285 989 2468 1033 autem
2511 996 2612 1050 per
2646 982 2974 1053 baptismum
3029 986 3403 1042 remissionem

1819 1072 2169 1132 peccatorum
2194 1083 2224 1122 a
2257 1069 2367 1124 Deo
2390 1072 2749 1143 accipiemur.

1888 1174 2140 1234 Miclmas
2173 1181 2444 1252 signiﬁcat
2471 1187 2745 1242 humilitas
2784 1190 2900 1245 sive
2933 1192 3269 1250 humiliatus.
3311 1194 3407 1249 Ille

1816 1278 1934 1323 erat
1970 1285 2039 1325 ex
2069 1271 2322 1341 Morathi,
2355 1276 2423 1331 de
2453 1277 2595 1332 tribu
2625 1277 2909 1349 Ephraim.
2961 1282 3011 1338 ls
3055 1301 3177 1340 cum
3236 1287 3401 1341 multa

1817 1361 2042 1419 fecisset
2090 1368 2301 1434 Achab,
2334 1385 2363 1424 a
2421 1369 2530 1427 lilio
2577 1372 2699 1440 ejus
2734 1373 2918 1430 Joram
2965 1393 3211 1450 praeceps
3245 1380 3405 1435 datus

1817 1457 1999 1525 periit,
2037 1461 2165 1530 quia
2196 1462 2247 1518 ei
2296 1464 2592 1536 objicicbat
2625 1467 2935 1540 impietates
2993 1481 3210 1540 patrum
3262 1475 3402 1544 ejus.

1815 1547 1884 1602 Et
1915 1553 2163 1621 sepultus
2196 1567 2280 1612 est
2328 1558 2381 1612 in
2427 1569 2567 1614 terra
2599 1577 2695 1617 sua
2731 1563 2903 1630 solus,
2939 1579 3112 1637 prope
3147 1577 3406 1624 eamete-

1816 1640 1956 1696 rium
1991 1645 2246 1701 Enacim.

2093 1893 2349 1954 CAPITA
2401 1900 2646 1958 NAHUM
2703 1905 3120 1969 ΡΗΟΡΗΕΤᾹΞ.

1886 2022 1927 2079 1.
1958 2024 2315 2087 Denuntiatio
2343 2032 2615 2090 minarum
2651 2036 2743 2094 Dei
2774 2050 2832 2097 et
2857 2042 2979 2113 ejus
3010 2045 3079 2101 ad
3110 2046 3400 2107 vindican-

1814 2113 1942 2167 dum
1973 2118 2275 2186 potestatis,
2323 2130 2436 2178 tum
2477 2135 2664 2182 contra
2711 2129 3016 2202 daemones,
3071 2144 3184 2192 tum
3237 2137 3400 2196 etiam

1813 2217 2002 2263 contra
2022 2207 2050 2264 J
2060 2211 2270 2268 udaeos.

1886 2299 1952 2355 ll.
1994 2301 2154 2361 Minae
2183 2306 2450 2366 adversus
2474 2311 2782 2379 diabolum,
2813 2327 2869 2372 et
2896 2321 3161 2378 allocutio
3193 2326 3261 2381 ad
3295 2325 3400 2383 Ec-

1814 2392 2039 2450 clesiam
2100 2397 2168 2452 de
2201 2399 2531 2461 liberatione
2583 2407 2652 2463 ab
2689 2408 2895 2467 idolis:
2943 2424 3001 2470 et
3057 2420 3401 2478 annuntiatio

1814 2486 2225 2552 pradicationis
2259 2492 2454 2550 salutis
2481 2505 2537 2551 et
2565 2497 2928 2558 lestivitatum
2965 2521 3064 2576 per
3094 2508 3400 2578 Christum,

1813 2584 1869 2631 et
1895 2577 2209 2637 abolitionis
2239 2583 2548 2642 daemonum
2596 2596 2653 2645 et
2681 2592 3045 2654 confusionis.

1891 2759 1975 2816 ΙΙΙ.
2009 2762 2298 2822 Praedictio
2324 2772 2746 2830 resurrectionis
2777 2774 2984 2835 Christi
3018 2791 3074 2838 et
3098 2800 3402 2845 animarum

1815 2866 1938 2906 cum
1962 2853 2079 2924 ipso
2101 2862 2677 2933 conresuscitatarum,
2708 2878 2764 2923 et
2796 2870 2968 2928 ruinae
2988 2884 3044 2930 et
3063 2878 3404 2948 spoliationis

1815 2945 2006 3002 mortis
2024 2957 2080 3003 et
2105 2949 2305 3006 diaboli
2343 2961 2478 3012 tunc
2506 2955 2722 3014 futurae.

1885 3061 1976 3114 IV.
2012 3061 2169 3121 Mitte
2195 3066 2247 3120 in
2275 3071 2539 3139 populum
2571 3071 2887 3146 Iudaicum,
2922 3091 2979 3137 et
3012 3085 3280 3144 desolatio
3307 3089 3404 3146 Je-

1816 3151 2075 3221 rusalem,
2107 3167 2161 3212 et
2182 3162 2465 3229 pradictio
2495 3181 2685 3222 eorum
2709 3186 2829 3240 qua:
2867 3175 2920 3228 in
2951 3175 3194 3237 Romana
3219 3183 3405 3254 direp-

1820 3244 1968 3301 tione
2013 3264 2244 3318 passura
2284 3264 2392 3319 est,
2428 3273 2526 3327 pro
2563 3276 2630 3316 eo
2656 3265 2800 3333 quod
2834 3270 3091 3338 gentibus
3155 3244 3392 3343 populiis

1815 3333 1989 3394 iactus
2020 3351 2102 3396 est
2151 3347 2488 3406 scandalum.

1889 3452 1949 3507 V.
1981 3454 2139 3512 Minae
2160 3474 2351 3517 contra
2377 3465 2679 3524 Jerusalem
2701 3473 2769 3528 de
2790 3480 3084 3546 opprobrio
3107 3485 3370 3541 nuditatis
3395 3500 3409 3548 :

1813 3555 1869 3600 et
1896 3555 2172 3616 quomodo
2196 3565 2405 3621 quaeret
2447 3558 2690 3616 Ecclesia
2740 3563 3044 3624 Jerusalem
3072 3575 3404 3630 consolatio-

1813 3653 1961 3705 nem,
1989 3640 2103 3709 ipsa
2135 3651 2316 3698 autem
2349 3645 2404 3700 in
2440 3651 2606 3706 variis
2651 3655 2810 3710 malis
2852 3663 3285 3730 conversabitur,
3321 3680 3403 3720 ut-

1814 3738 1942 3799 pote
1975 3747 2097 3800 qute
2119 3734 2330 3791 laboiet
2358 3740 2566 3795 malitia
2598 3743 3052 3818 inexsuperabili.

1881 3915 2102 3972 Nabum
2133 3920 2406 3991 signiﬁcat
2458 3928 2761 3984 consolator
2799 3933 2916 3989 sive
2961 3941 3266 3998 consolatio.
3308 3947 3401 4001 llle

1812 4015 1930 4061 erat
1950 4025 2018 4063 ex
2044 4009 2323 4078 Helcesin,
2349 4015 2492 4072 ultra
2542 4019 2848 4089 Timbarin,
2875 4028 2943 4082 (le
2973 4032 3114 4086 tribu
3148 4034 3393 4094 Simeon.

1814 4097 1907 4153 Ille
1929 4111 2053 4169 post
2079 4102 2272 4159 Jonam
2305 4107 2521 4178 signum
2555 4113 2745 4182 edidit,
2782 4119 2992 4176 scilicet
3039 4129 3197 4194 aquis
3223 4131 3401 4186 dulci—

1813 4191 1916 4246 bus
1954 4203 2010 4248 et
2063 4195 2185 4266 igne
2237 4201 2533 4268 perituram
2566 4203 2802 4264 Niniven
2841 4228 2854 4277 ;
2906 4218 3051 4284 quod
3090 4191 3158 4274 et
3191 4225 3397 4279 evenit.

1812 4282 1991 4339 Lacus
2021 4287 2168 4342 enim
2195 4291 2289 4358 qui
2322 4308 2445 4348 eam
2476 4296 2852 4359 circumdabat
2875 4282 3138 4366 demersit
3178 4329 3296 4369 eam
3342 4318 3396 4372 iu

1814 4382 1974 4430 terra;
2015 4386 2188 4443 motu,
2229 4389 2288 4434 et
2337 4382 2478 4454 ignis
2511 4401 2576 4440 ex
2612 4390 2834 4447 deserto
2888 4399 3227 4466 superiorem
3277 4406 3398 4474 ejus

1814 4477 2020 4536 partem
2050 4471 2373 4528 combussit.
2417 4476 2660 4537 Mortuus
2716 4495 2802 4541 est
2832 4498 3016 4544 autem
3051 4492 3104 4545 in
3153 4471 3320 4564 pace,
3343 4507 3398 4552 et

128 4548 222 4598 ttat
249 4549 361 4619 πῦρ
390 4551 453 4603 ὲκ
483 4551 581 4620 τῆς
608 4554 817 4625 ἐρήμου
850 4557 1124 4635 [ἐπελθὸν]
1150 4563 1213 4617 τὸ
1243 4565 1576 4640 ὑψηλότερον
1596 4543 1710 4627 ἀῦ-

1816 4561 2064 4629 sepultus
2087 4571 2172 4619 est
2207 4564 2264 4620 in
2289 4575 2430 4623 terra
2459 4585 2578 4626 sua.

127 4636 224 4703 τῆς
268 4640 436 4709 μέρος
483 4643 789 4714 ἐνέπρησεν
816 4665 830 4681 ·
884 4651 1124 4705 ἀπέθανε
1169 4653 1214 4706 δ’
1248 4659 1306 4709 ὲν
1350 4636 1564 4733 είρήνῃ,
1617 4667 1712 4718 καὶ

127 4727 297 4799 ἐτάφη
326 4733 382 4784 ὲν
413 4735 477 4804 τῇ
510 4736 580 4806 γῇ
616 4736 803 4795 αὐτοῦ.

215 4882 565 4941 ΚΕΦΑΛΔΙΑ
603 4890 999 4947 ΑΜΒΑΚΟΥΜ
1038 4895 1178 4951 ΤΟΥ
1215 4901 1612 4962 ΠΡΟΦΗΤΟΥ.

199 5001 265 5049 α’.
308 4998 677 5069 Σχετλιασμὸς
705 5002 801 5055 τοῦ
827 5009 1110 5076 προφήτου
1135 5013 1265 5081 περὶ
1286 5018 1386 5085 τῆς
1415 5019 1473 5070 ὲν
1498 5019 1576 5090 τῷ
1601 5021 1701 5093 βίῳ

129 5084 548 5161 πολιτευομένης
599 5091 844 5156 ἀδικίας·
898 5098 992 5150 καὶ
1048 5084 1356 5174 πρόρρησις
1414 5109 1508 5162 τοῦ
1546 5084 1700 5168 ’κὲιτὰ

1814 5111 1918 5167 vita
1949 5133 1964 5169 :
1997 5125 2054 5170 et
2087 5084 2250 5174 νειιίὶί

2072 4911 2328 4972 CAPITA
2358 4917 2675 4981 IIABACUC
2719 4927 3137 4992 ΡΒΟΡΙΙΕΤᾸΞ.

1879 5021 1920 5076 1.
1942 5021 2174 5090 Querela
2201 5034 2481 5101 prophetae
2513 5039 2580 5093 de
2613 5040 2900 5111 iniquitate
2929 5050 3308 5111 administrata
3339 5063 3391 5113 in

2262 5123 2412 5178 nium
2448 5132 2691 5198 mysterii
2720 5133 2773 5188 in
2806 5134 3047 5206 Christo,
3068 5151 3124 5196 et
3145 5147 3390 5214 gentium

127 5175 356 5246 Χριστὸν
389 5185 714 5254 μυστηρίου.
748 5189 843 5241 καὶ
872 5191 971 5260 τῆς
999 5192 1107 5245 τῶν
1133 5196 1306 5250 ἐθνῶν
1331 5200 1578 5270 κλήσεως
1605 5209 1703 5261 καὶ

127 5263 438 5308 annuntian—
492 5274 548 5308 l-u
580 5269 612 5308 ζ
649 5277 867 5308 σμήνει...
895 5281 983 5308 ..-ὶ
1018 5281 1302 5308 .._n_!-_-..
1335 5289 1399 5308 κεν
1460 5290 1483 5308 ο.
1522 5293 1578 5308 ι-
1611 5294 1628 5308 ι

2448 5175 2691 5198 ---νην-η
2720 5175 2773 5188 ..ι
2808 5175 3047 5206 unum",
3068 5175 3124 5196 cu
3183 5175 3390 5201 cuuulu

1814 5207 2126 5274 vocationis,
2157 5223 2212 5266 et
2245 5215 2460 5271 virtutis
2513 5235 2618 5290 qua
2656 5223 2884 5283 illudent
2908 5230 3126 5292 diabolo
3145 5175 3392 5308 leumque

127 5263 459 5336 δυναστείας,
492 5274 548 5325 ὲν
649 5277 867 5341 παίζειν
895 5281 989 5333 καί⁵
1018 5281 1303 5354 καθαίρειν
1329 5263 1431 5341 τὸν·
1455 5263 1701 5349 διάδολον
1807 5297 2109 5356 destruent.

131 5355 396 5422 μέλλουσι.

1645 5569 1851 5625 NOTAL'
1863 5610 1877 5624 .

198 5678 271 5746 (9)
304 5683 576 5761 Μερειθεί.
616 5686 858 5761 Μαραρί,
893 5687 1092 5761 Epiph.
1122 5705 1179 5749 et
1211 5695 1438 5754 Doroth.
1488 5699 1623 5756 Ibid.
1656 5704 1692 5757 Ι.

131 5761 327 5838 ξιινριτ
367 5754 458 5825 Τῷ
505 5754 734 5838 Ἀχαάσ,
780 5754 966 5838 iide_nf.
995 5754 1152 5838 'lbid.
1188 5767 1225 5820 l.
1279 5754 1695 5838 ιωιινιιιίΊῖοιῗ(ζ

130 5817 440 5887 ἀσεϐειάιςξ
502 5817 672 5882 Αῦτοῦ
711 5817 804 5880 καὶ
835 5829 943 5883 τῶν
989 5837 1241 5905 πατέρων
1270 5840 1454 5903 αὑτοῦ,
1494 5817 1693 5914 Ερίριιῖ

1878 5709 1988 5806 (Ψ)
2031 5712 2757 5806 Πέρξινητῆςρβηθιέσᾳρᾴ.
2811 5729 3031 5787 Doroth.
3072 5735 3250 5806 Πέραν
3297 5735 3387 5789 τοῦ

1816 5778 2083 5849 Ἰορδάνου
2108 5778 2202 5848 ἐίς
2228 5778 2507 5863 Βηῇαὸἀρξ
2551 5778 2747 5866 Epiph.
