4156 6452
188 395 315 463 l36l

1217 397 1310 457 ΙΝ.
1336 397 1450 460 XII
1491 395 1932 454 PROPIIE'TAS
1963 396 2321 455 IlllNOl'lES.

3291 392 3426 459 1362

183 509 523 580 μυστηρίων,
553 507 696 576 ἅπερ
721 509 781 560 ἐν
801 508 940 577 αὐτῇ
965 505 1117 577 παρά
1142 505 1382 576 Χριστοῦ
1411 504 1750 557 τετέλεσται·

1860 505 2114 573 mysteria
2136 520 2258 573 qua:
2293 504 2346 556 in
2369 504 2481 572 ipsa
2510 520 2539 558 a
2572 504 2791 560 Christo
2808 501 3056 573 perfecta
3070 512 3215 565 sunt,
3239 514 3294 558 et
3312 505 3428 575 glo-

180 602 275 651 καὶ
308 601 405 670 τῆς
453 600 633 670 δόξης,
657 590 722 670 ῆν
756 600 790 668 ἡ
836 597 1134 667 Ἐκκλησία
1163 596 1307 649 κατὰ
1339 596 1521 646 πᾶσαν
1548 594 1649 662 τὴν
1677 593 1757 644 οἱ·

179 692 489 762 κουμένην,
560 690 999 762 ἐπιστρεφούσης
1057 689 1155 758 τῆς
1215 685 1593 756 αἰχμαλωσίας
1648 683 1756 736 τών

175 781 542 850 ἁμαρτωλῶν,
572 780 753 850 ἔλαχε.

248 872 518 940 Σοφονίας
546 871 912 943 ἑρμηνεύεται
929 870 1152 923 σκοπιὰ
1169 871 1408 936 Κυρίου.
1429 863 1594 930 Οὗτος
1605 862 1673 938 ἦν
1691 868 1754 919 ἐκ

175 966 355 1036 φυλῆς
386 965 638 1035 Συμεὼν,
681 962 852 1034 ἀγροῦ
897 960 1158 1032 Σαϐαρὼο
1212 961 1323 1030 (l2)
1370 961 1463 1014 καὶ
1509 960 1752 1029 προεφή-

174 1074 341 1109 τευσε
390 1057 650 1128 περὶτῆς
686 1055 893 1116 πόλεως
945 1053 1301 1124 Ἰερουσαλὴμ
1348 1051 1444 1104 καὶ
1486 1049 1616 1120 περὶ¹
1659 1050 1754 1101 τέ-

174 1147 304 1210 λους
336 1147 579 1217 Ἰσραὴλ,
598 1147 694 1199 καὶ
715 1147 1130 1214 ἀντεισαγωγῆς
1149 1149 1243 1197 καί
1263 1143 1537 1213 σωτηρίας
1562 1141 1752 1206 ἐθνῶν,

175 1241 272 1292 καὶ
329 1237 596 1308 αἰσχύνης
641 1237 877 1302 ἀσεϐῶν,
911 1238 1005 1290 καὶ
1036 1236 1193 1305 δόξης
1219 1236 1466 1298 δικαίων,
1499 1235 1605 1286 ικαὶ
1633 1249 1754 1303 κρι-

171 1329 270 1382 τοῦ
323 1331 507 1400 πάσης
554 1331 753 1399 πνοῆς’
790 1329 885 1383 καὶ
932 1327 1111 1382 θανὼν
1159 1327 1332 1398 ἐτάφη
1379 1329 1434 1379 ἐν
1479 1325 1556 1396 τῷ
1599 1323 1755 1395 ἀγρῷ

171 1439 343 1475 αυτου
355 1461 368 1474 .

408 1584 754 1638 ΚΕΦΑΛΔΙΑ
791 1583 1083 1636 ΛΓΓΑΙΟΥ
1138 1582 1526 1636 ΠΡΟΦΙΙΤΟΥ.

241 1703 313 1750 α’.
383 1697 782 1766 Ἀγανάκτησις
827 1695 964 1748 Θεοῦ
1015 1697 1157 1749 κατά
1202 1695 1309 1748 τῶν
1366 1693 1753 1765 ῥᾳθυμούντων

1860 600 1951 650 riae
1971 613 2091 665 qute
2119 598 2378 652 Ecclesiae
2409 614 2505 666 per
2546 599 2860 652 universum
2901 599 3109 660 orbem.
3163 613 3426 653 conversa

1857 687 2121 742 servitute
2149 697 2515 756 peccatorum,
2547 687 2758 758 obtigit.

1927 871 2234 940 Sophonias
2265 871 2534 941 signiﬁcat
2569 869 2782 940 specula
2821 869 3049 924 Domini.
3083 868 3183 926 llic
3212 879 3332 925 erat
3358 885 3425 925 ex

1858 963 2000 1017 tribu
2032 964 2275 1026 Simeon,
2301 979 2331 1016 e
2353 965 2572 1032 regione
2590 963 2876 1017 Sabarotli.
2915 962 2982 1016 Et
3001 961 3326 1016 vaticinatus
3345 971 3428 1017 est

1855 1055 1923 1109 de
1956 1055 2090 1109 urbe
2117 1053 2442 1116 Jerusalem,
2472 1065 2528 1107 et
2557 1055 2625 1108 de
2648 1054 2754 1109 line
2776 1054 2940 1108 Israel
2971 1061 3029 1107 et
3057 1053 3125 1107 de
3154 1052 3429 1106 suﬂ'ectio-

1856 1161 1924 1201 ne
1940 1146 2182 1215 gentium
2202 1147 2256 1200 in
2275 1145 2396 1214 ejus
2415 1145 2534 1199 loco
2549 1160 2846 1214 earumque
2858 1145 3053 1210 salute,
3074 1153 3130 1199 et
3145 1145 3214 1199 de
3235 1142 3428 1198 conlu-

1857 1237 2010 1292 sione
2038 1238 2352 1307 impiorum,
2378 1245 2434 1290 ct
2462 1236 2528 1290 de
2553 1236 2722 1306 gloria
2746 1237 3124 1305 justerum,et
3149 1235 3218 1290 de
3244 1233 3428 1304 judice

1854 1330 2034 1383 omnis
2065 1328 2311 1398 spiritus.
2367 1326 2433 1381 Et
2462 1334 2712 1381 mortuus
2740 1326 2985 1396 sepultus
3010 1334 3093 1380 est
3121 1325 3175 1380 in
3209 1324 3428 1395 regione

1857 1437 1974 1476 sua.

2135 1583 2383 1639 CAPITA
2443 1582 2674 1639 AGGIEI
2728 1580 3144 1637 PROPHET/E.

1929 1697 1967 1750 Ι.
1996 1697 2300 1767 Indignatio
2331 1695 2428 1748 Dei
2453 1704 2646 1747 contra
2684 1693 3008 1762 pigritantes
3038 1691 3090 1744 in
3116 1689 3430 1744 aediﬁcatio-

167 1789 270 1856 τῆς
301 1789 593 1859 οἰκοδομῆς
638 1787 732 1841 τοῦ
782 1788 946 1841 ναοῦο
1000 1787 1095 1840 καὶ
1142 1787 1391 1858 διήγησις
1436 1786 1539 1840 ὃσα
1570 1787 1754 1850 αὐτοῖς

1858 1807 1929 1848 ne
1959 1792 2169 1861 templi;
2187 1801 2242 1847 et
2274 1789 2568 1861 exponitur
2591 1796 2726 1860 quot
2745 1789 2880 1860 ipsis
2911 1787 3041 1844 inde
3064 1785 3204 1843 mala
3230 1801 3426 1857 snper-

169 1881 428 1934 ἐντεῦθεν
458 1881 654 1953 συνέϐη
694 1881 860 1942 κακὰ,
893 1882 992 1934 ὅσα
1019 1879 1075 1933 δέ
1105 1882 1198 1934 καὶ
1230 1879 1590 1951 συμϐήσεται.

244 1972 311 2041 β’.
376 1971 623 2043 ’Υπακοὴ
669 1971 778 2024 τῶν
811 1971 1111 2041 ἀρχόντων,
1162 1970 1328 2024 αὐτοῦ
1360 1988 1420 2024 τε
1451 1970 1544 2024 τοῦ
1586 1969 1750 2025 λαοῦ*

171 2067 268 2119 καὶ
314 2064 524 2134 σπουδὴ
558 2064 688 2133 περὶ
719 2063 786 2117 τά
830 2063 966 2135 ἔργα
1008 2064 1102 2117 τοῦ
1152 2063 1313 2117 ναοῦ⁸
1353 2063 1573 2118 καὶτοῦ
1617 2063 1752 2118 Θεοῦ

168 2157 312 2225 πρὸς
340 2157 540 2220 αὐτοὺς
568 2154 974 2226 προσφώνησις,
1006 2155 1350 2226 ἀνδρίζεσθαι
1380 2156 1474 2209 καὶ
1504 2155 1750 2228 θαρρεῖν,

171 2249 265 2299 καὶ
293 2246 591 2316 γινώσκειν
625 2249 718 2301 τὸν
749 2247 884 2301 Θεὸν
913 2247 1079 2301 αὑτὸν
1124 2247 1352 2320 [αὐτῶν]
1391 2249 1754 2318 ἐφιστάμενον

170 2341 423 2410 ἔχοντας.

243 2440 313 2499 γ’.
349 2433 662 2504 Πρόρῤησις
696 2432 807 2488 τῶν
833 2434 926 2487 ἐπί
952 2431 1046 2487 τοῦ
1074 2431 1307 2504 σταυροῦ
1331 2436 1445 2497 τοῖς
1471 2431 1752 2504 στοιχείοις

174 2525 650 2596 συμϐησομένων·
691 2526 785 2579 καὶ
827 2527 925 2596 τῆς
975 2527 1084 2579 τῶν
1133 2525 1306 2579 ἐθνῶν
1353 2527 1749 2597 καρποφορίας,

177 2619 272 2669 καὶ
301 2618 401 2687 τῆς
437 2617 530 2670 τοῦ
564 2618 686 2670 νέου
715 2616 845 2672 ναοῦ
870 2616 1029 2686 δόξης
1054 2633 1069 2648 ⁸
1104 2619 1198 2671 καὶ
1225 2618 1323 2687 τῆς
1355 2619 1598 2690 εἰρήνης,
1632 2620 1754 2689 ήτις

187 2709 341 2778 παρὰ
371 2709 466 2761 τοῦ
515 2709 751 2780 Χριστοῦ
781 2708 869 2762 διά
916 2709 1009 2763 τοῦ
1058 2710 1294 2780 σταυροῦ
1329 2712 1440 2773 τοῖς
1473 2709 1756 2764 εὐσεϐοῦσι

183 2801 566 2871 κατώρθωται.

246 2897 309 2950 δ’.
369 2894 691 2964 Κατηγορία
746 2893 1034 2956 Ἰουδαίων,
1082 2894 1158 2956 ὼς
1204 2891 1328 2946 οὔτε
1375 2893 1756 2964 ἀγιαζομένων

176 2988 293 3048 ταῖς
343 2985 578 3051 θυσίαις,
615 2988 706 3040 καὶ
736 2989 1061 3056 μιαινόντων
1090 2989 1210 3050 ταῖς
1256 2988 1438 3041 αὐτῶν
1472 2990 1756 3058 πονηρίαις

178 3080 303 3139 τοὺς
346 3078 697 3146 ἐγγίζοντας·
742 3079 837 3131 καὶ¹
884 3079 1138 3150 διήγησις
1171 3074 1247 3133 ὧν
1294 3080 1448 3134 αὐτοί
1473 3098 1531 3134 τε
1573 3084 1666 3134 καὶ
1707 3084 1755 3135 οί

1787 1859 1826 1914 Β
1857 1859 2089 1938 ventura
2124 1883 2254 1937 sint.

1924 1973 1992 2028 ll.
2022 1972 2315 2028 Obauditio
2333 1971 2641 2042 principum
2668 1985 2882 2026 necnon
2910 1981 2963 2024 et
3006 1969 3290 2039 ipsiusmet
3331 1985 3426 2038 po-

1855 2067 1990 2136 puli,
2018 2076 2074 2121 et
2110 2067 2351 2122 studium
2385 2083 2523 2137 opus
2554 2065 2762 2135 templi.
2795 2065 2863 2119 Et
2906 2064 3162 2119 allocutio
3216 2063 3312 2117 Dei
3359 2063 3425 2116 ad

1854 2157 2000 2226 ipsos
2043 2166 2101 2210 ut
2120 2156 2499 2212 confortentur
2519 2157 2815 2211 etviriliter
2839 2163 3068 2225 agantet
3089 2154 3266 2208 sciant
3302 2155 3428 2223 quia

1856 2249 2122 2305 Dominus
2160 2250 2276 2320 ipse
2305 2260 2412 2307 stat
2433 2266 2600 2320 super
2627 2265 2724 2305 eos
2745 2249 2839 2319 qui
2872 2257 3247 2319 perseverant.

1923 2437 2010 2493 lll.
2047 2436 2334 2492 Prazdictio
2370 2451 2561 2491 eorum
2590 2449 2713 2504 qua:
2739 2433 2797 2487 in
2826 2446 2993 2488 cruce
3015 2430 3308 2486 elementis
3336 2445 3428 2483 su—

1857 2531 2258 2601 pervenient,et
2283 2527 2525 2600 gentium
2554 2524 2925 2589 fecunditatis,
2972 2532 3029 2577 et
3075 2522 3258 2593 gloriae
3301 2519 3428 2574 novi

1858 2622 2066 2692 templi,
2087 2629 2143 2675 et
2173 2620 2322 2690 pacis
2340 2635 2461 2690 quae
2489 2633 2523 2673 a
2546 2616 2766 2672 Christo
2795 2631 2893 2684 per
2913 2613 3144 2670 Crucem
3168 2612 3429 2683 disposita

1855 2726 1942 2770 est
1967 2714 2188 2769 sanctis.

1928 2903 2016 2957 IV.
2045 2899 2337 2956 Accusatio
2361 2896 2699 2959 Judzeorum,
2724 2895 2928 2964 quippe
2959 2893 3052 2962 qui
3088 2906 3197 2946 non
3226 2891 3429 2946 sancti--

1858 2997 2021 3052 licant
2049 2995 2350 3060 sacriliciis,
2388 2997 2484 3051 sed
2529 2994 2887 3064 coinquinant
2910 2993 3025 3047 suis
3055 2991 3277 3045 malitiis
3304 3005 3428 3062 pro-

1858 3089 2051 3142 ximos.
2077 3086 2142 3140 Et
2170 3087 2437 3156 expositio
2464 3102 2652 3140 eorum
2675 3085 2876 3154 quibus
2906 3090 2961 3136 et
2995 3081 3101 3151 ipsi
3129 3089 3184 3135 et
3222 3079 3430 3134 fructus

180 3174 382 3240 καρποὶ
415 3172 516 3241 τῆς
543 3171 644 3241 γῆς
671 3171 759 3225 διὰ
787 3170 884 3242 τὴν
913 3171 1006 3224 τοῦ
1037 3170 1168 3226 λαοῦ
1218 3175 1484 3242 πονηρίαν
1514 3174 1753 3244 ὑπέστη-

1862 3192 2016 3234 teme
2035 3189 2258 3249 prepter
2286 3179 2470 3248 populi
2505 3177 2765 3231 malitiam
2813 3175 3229 3244 subiacuerunt,
3256 3180 3312 3227 et
3339 3172 3426 3226 l‘u-

184 3281 315 3316 σανο
355 3266 451 3317 καὶ
492 3267 590 3333 τῆς
635 3265 902 3334 ἐσομένης⁹
942 3263 1029 3316 διά
1071 3265 1310 3335 Χριστοῦ
1341 3265 1590 3334 εὐλογίας
1617 3268 1751 3322 ὑπό-

184 3374 387 3427 σχεσις.

252 3454 311 3500 ε’.
368 3447 681 3519 Πρόρῤησις
733 3448 1121 3520 καταστροφῆς
1165 3449 1456 3520 δαιμόνων,
1509 3454 1604 3508 καὶ
1644 3455 1753 3507 τῶν

186 3541 313 3610 παρ’
360 3539 588 3593 ἐκείνων
640 3540 1082 3610 ἐνεργουμένων
1139 3543 1446 3613 προφητεία
1498 3544 1556 3598 δέ
1602 3548 1753 3615 ποιρά

186 3630 295 3701 [ἵσ.
331 3649 390 3684 τε
424 3631 573 3702 περὶ]
604 3631 865 3701 Χριστοῦ,
896 3633 987 3685 καὶ
1013 3633 1111 3704 τὴν
1139 3635 1452 3706 οἱκονομίαν
1480 3637 1580 3707 τῆς
1617 3656 1753 3709 σαρ-

187 3725 278 3788 κὸς
308 3725 401 3777 καὶ
439 3725 540 3793 τῆς
570 3723 821 3794 θεότητος
857 3725 1153 3795 μηνύουσα.

267 3816 518 3883 Ἀγγαῖος
542 3815 830 3883 ἑορτάζων
850 3816 1234 3887 ἑρμηνεύεται.
1268 3812 1437 3884 Οὗτος
1460 3821 1651 3893 ἐτέχθη
1677 3825 1756 3888 εἰς

189 3905 501 3966 Βαϐυλῶνα,
537 3900 604 3976 ἦν
645 3905 702 3959 δὲ
736 3905 800 3958 ἐκ
833 3905 1007 3975 φυλῆς
1053 3908 1184 3961 Δευῖ
1207 3925 1221 3940 ’
1273 3910 1368 3964 καὶ⁵
1404 3911 1485 3964 ἔτι
1517 3914 1636 3974 νέος
1680 3913 1756 3968 ὣν

187 3993 346 4066 ἢλθεν
372 3995 481 4049 ἀπὸ
506 3996 820 4060 Βαϐυλῶνος
849 4000 930 4059 είς
970 3998 1352 4071 Ἰερουσαλήμ·
1380 4003 1473 4055 καὶ
1505 4004 1758 4074 φανερῶς

190 4087 315 4155 περὶ
345 4087 449 4154 τῆς
497 4087 832 4157 ἐπιστροφῆς
885 4088 981 4141 τοῦ
1024 4089 1154 4144 λαοῦ
1205 4094 1613 4162 προεφήτευσε·
1664 4097 1758 4149 καὶ

186 4173 322 4231 εἶδεν
350 4179 415 4231 ἐκ
448 4179 644 4248 μέρους
673 4178 770 4249 τὴν
801 4179 1091 4251 οἰκοδομήν
1117 4182 1212 4236 τοῦ
1241 4183 1401 4237 ναοῦε
1440 4187 1530 4237 καὶ
1554 4187 1759 4240 ἀποθα-

189 4269 293 4322 νὼν
329 4273 389 4323 ἐν
436 4268 815 4342 Ἰερουσαλήμ,
838 4271 1013 4343 ἐτάφη
1067 4274 1298 4345 πλησίον
1333 4277 1506 4345 τάφου
1555 4276 1660 4330 τῶν
1686 4281 1760 4332 is.

193 4365 326 4433 ρέων
351 4363 598 4428 ἐνδόξως,
629 4364 703 4427 ώς
735 4366 909 4429 αὐτοὶ,
945 4366 1133 4437 ἐπειδὴ
1170 4344 1266 4420 καὶ
1294 4344 1456 4432 αδτὸς
1481 4364 1550 4440 ἦν
1576 4371 1641 4422 ἐκ
1675 4373 1762 4438 γέο

188 4471 307 4516 νους
336 4455 632 4525 ἱερατικοῦ.

386 4612 731 4666 ΚΕΦΑΛΔΙΑ
767 4611 1113 4668 ΖΔΧΑΡΙΟΥ
1160 4615 1547 4672 ΠΡΟΦΗἸὈΥ.

253 4732 320 4777 α’.
386 4722 674 4803 Ιίροτροπὴ
725 4723 862 4793 πρὸς
919 4725 1241 4794 μετάνοιαν,
1301 4727 1396 4779 καὶ
1453 4729 1756 4801 ὀνειδισμὸς

186 4816 278 4868 τοῦ
322 4815 612 4869 Ἰουδαϊκοῦ
656 4814 808 4881 λαοῦ,
856 4817 939 4870 ὅτι
976 4818 1085 4870 τῶν
1118 4819 1397 4888 προγόνων
1425 4819 1524 4889 τὴν
1555 4822 1755 4876 κακίαν

186 4907 484 4978 ἐζήλωσαν.

257 4999 322 5069 β’.
377 4996 692 5068 Προφητεία
721 4997 938 5068 δρόμων
961 5000 1355 5066 ἀποστώικῶν,
1387 5005 1482 5057 καὶ
1512 5005 1755 5058 ἀνανεώ-

190 5107 343 5153 σεως,
382 5090 486 5152 ἓως
513 5090 613 5157 τῆς
651 5087 1025 5160 Ἰερουσαλὴμ,
1054 5093 1175 5164 ήτις
1212 5093 1351 5164 αὐτὴ
1380 5093 1470 5149 διὰ
1499 5095 1599 5165 τῆς
1627 5095 1754 5160 νέας

188 5185 500 5251 γεγένηται.

255 5281 322 5341 γ’.
374 5275 615 5343 Δῐνιγμα
642 5273 750 5327 τῶν
781 5275 1146 5343 Εὑαγγελίων,
1173 5276 1232 5344 ἐξ
1263 5271 1339 5332 ὧν
1365 5278 1432 5331 τὰ
1451 5278 1578 5350 ἔθνη
1611 5280 1752 5334 κατά

187 5367 282 5434 τῆς
328 5364 678 5435 Ἰερουσαλὴμ
724 5366 822 5436 τῆς
854 5367 1087 5437 ἀρχαίας
1113 5367 1447 5438 ώξύνθησαν.

255 5456 317 5508 δ’.
369 5457 699 5527 Πρυφητεία,
723 5460 822 5527 τὴν
849 5459 976 5512 νέαν
1017 5459 1366 5531 Ἰερουσαλὴμ
1396 5463 1484 5516 διά
1513 5463 1751 5534 Χριστοῦ

1856 3283 1988 3326 turze
2029 3288 2127 3342 per
2152 3271 2430 3326 Christum
2461 3267 2856 3326 benedictionis
2878 3265 3188 3337 promissio.

1927 3457 1993 3511 V.
2017 3457 2302 3512 Praedictio
2341 3458 2512 3511 ruinae
2537 3455 2933 3510 daemoniorum
2962 3461 3017 3507 et
3042 3451 3110 3505 ab
3142 3449 3275 3520 ipsis
3297 3463 3427 3519 pos-

1855 3565 2153 3613 sessorum,
2189 3559 2243 3604 et
2281 3549 2566 3620 prophetia
2602 3548 2670 3602 de
2686 3547 2928 3611 Christo,
2970 3543 3280 3616 signiﬁcans
3315 3543 3428 3596 dis—

1857 3645 2180 3715 positionem
2230 3642 2411 3697 carnis
2443 3651 2496 3694 et
2519 3639 2837 3696 divinitatis.

1926 3826 2153 3895 Aggaaus
2192 3819 2460 3893 signiﬁcat
2488 3818 2762 3888 festivam.
2792 3816 2902 3871 Hie
2921 3823 3084 3869 natus
3107 3820 3193 3867 est
3225 3811 3280 3866 in
3326 3810 3429 3865 Ba-

1858 3917 2074 3988 bylone,
2102 3925 2160 3968 et
2196 3921 2315 3968 erat
2337 3912 2406 3966 de
2447 3911 2593 3967 tribu
2632 3909 2781 3963 Levi.
2815 3908 2882 3962 Et
2912 3922 3048 3976 puer
3077 3921 3201 3961 cum
3252 3904 3431 3958 adhuc

1857 4015 2023 4070 esset,
2077 4005 2230 4059 venit
2274 4018 2351 4058 ex.
2390 4001 2662 4072 Babylm
2695 3999 2750 4052 in
2790 3997 3111 4061 Jerusalem,
3144 4005 3201 4051 et
3252 3997 3430 4065 palam

1861 4096 2222 4168 prophetavit'
2241 4095 2310 4150 de
2344 4091 2703 4148 conversione
2731 4089 2918 4160 populi
2945 4098 3001 4143 et
3027 4087 3164 4142 vidit
3197 4087 3250 4140 in
3277 4095 3429 4156 parte

1860 4191 2277 4247 mdiﬁeetionem
2306 4185 2516 4256 templi.
2546 4185 2614 4240 Et
2634 4192 2882 4237 mortuus
2904 4181 2960 4234 in
2991 4179 3313 4243 Jerusalem,
3344 4193 3430 4232 se—

1861 4283 2046 4353 pultus
2073 4290 2156 4334 est
2179 4293 2348 4350 prOpe
2369 4277 2701 4346 sepulturam
2726 4273 3089 4338 sacerdotum,
3113 4272 3304 4326 eodem
3332 4271 3428 4325 lto-

1863 4385 1997 4426 nore
2033 4386 2142 4440 quo
2169 4368 2346 4438 etipsi
2379 4385 2391 4421 :
2419 4373 2610 4436 utpote
2657 4365 2750 4434 qui
2782 4371 2902 4418 erat
2929 4377 2993 4418 ex
3023 4377 3224 4433 genere
3250 4376 3429 4416 sacer-

1859 4462 2051 4519 dotali.

2103 4613 2356 4671 CAPITA
2379 4610 2751 4670 ZACHARLE
2774 4608 3182 4668 PROPHETA‘L

1934 4729 1973 4784 Ι.
2013 4727 2336 4784 Exhortatio
2361 4725 2430 4780 ad
2465 4725 2864 4795 paenitentiam,
2892 4732 2950 4779 et
2985 4725 3291 4797 obiurgatio
3329 4743 3428 4796 po-

1865 4820 1977 4890 puli
2009 4818 2244 4882 Judaici,
2276 4833 2345 4872 eo
2365 4817 2510 4887 quod
2533 4825 2749 4887 patrum
2771 4831 2996 4872 suorum
3029 4818 3287 4873 malitiam
3319 4819 3436 4872 imi-

1863 4907 1956 4963 tati
1996 4915 2144 4962 sunt.
2819 4962 2822 4964 γ

1926 4999 1993 5053 ll.
2026 4997 2358 5052 Vaticinium
2405 5010 2665 5051 cursuum
2703 4995 3075 5065 apostolorum
3109 5004 3167 5049 et
3198 5011 3427 5050 renova~

1864 5093 2028 5148 tionis
2063 5091 2360 5147 Jerusalem
2387 5105 2510 5159 quze
2535 5089 2653 5157 ipsa
2674 5087 2886 5142 novalis
2905 5085 3048 5143 facta
3076 5095 3180 5142 est.

1933 5276 2024 5333 lll.
2055 5275 2324 5331 Indicium
2352 5274 2672 5329 nuntiorum
2711 5289 2780 5329 ex
2807 5275 3005 5343 quibus
3023 5283 3212 5345 gentes
3237 5283 3425 5329 contra

1856 5350 2134 5439 antiquam
2164 5367 2468 5423 Jerusalem
2501 5367 2728 5422 infensa:
2752 5376 2900 5422 sunt.

1931 5460 2016 5515 IV.
2040 5459 2371 5515 Vaticinium
2408 5474 2606 5514 novam
2643 5457 2941 5514 Jerusalem
2967 5473 3000 5512 ο
3033 5457 3252 5513 Christo
3299 5457 3418 5511 fun-

187 5546 589 5616 κτισθήσεσθαι,
621 5547 714 5600 καὶ
748 5547 950 5616 πλῆθος
994 5549 1282 5604 οἰκούντων
1315 5551 1488 5615 ἓξειψ
1524 5555 1618 5608 καὶ
1649 5554 1743 5607 τοῦ

1858 5553 2033 5608 datam
2065 5553 2154 5619 iri,
2186 5561 2242 5605 et
2286 5549 2692 5605 multitudinem
2724 5548 3090 5604 habitantium
3133 5546 3237 5618 ipsi
3271 5546 3406 5600 lutu-

1718 5703 1949 5759 ΝΟΤᾸΞ.

258 5832 370 5902 (12)
402 5833 692 5902 Σαόσρώθ.
756 5834 1068 5905 Σαραϐαθῲ
1114 5837 1306 5908 Εινίρίι.
1369 5841 1744 5905 Saliari/mllio,
1776 5841 1998 5894 Dorutli.
