4156 6452
757 369 894 442 I363

1957 374 2316 435 HESYCHII
2352 375 2827 440 PRESBYTERI

3917 382 4036 445 1362'.

754 505 866 544 ram
909 503 1054 552 esse,
1085 498 1142 542 et
1169 488 1406 558 Spiritus
1447 488 1864 559 inspirationcm
1909 487 2008 558 ipsi
2043 503 2141 557 pro
2167 489 2339 542 'muro

2448 489 2762 558 Πνεύματος
2794 493 2931 564 αὐτῇ
2977 494 3076 566 τὴν
3121 495 3403 566 ἐνέργειαν
3451 498 3576 551 ἀντὶ
3623 497 3859 567 τείχους
3889 504 4034 564 γενῆ-

775 597 889 636 ore.

828 672 891 729 V.
939 674 1162 730 Vocatio
1189 673 1430 745 gentium
1465 672 1519 727 in
1549 689 1744 728 novatn
1771 673 1938 738 Sion,
1983 685 2040 730 et
2075 676 2236 731 mina;
2281 677 2335 731 in

755 765 1052 830 daemones,
1077 775 1133 821 et
1157 767 1504 821 annuntiatio
1540 766 1813 820 adventus
1858 765 2072 822 Domini
2105 767 2159 820 in
2201 767 2335 822 Sion

754 871 880 910 cum
912 872 1101 924 carne,
1133 873 1230 928 per
1257 872 1420 927 quem
1451 866 1644 928 gentes
1684 857 1752 913 ad
1785 855 1964 928 ipsum
2009 869 2338 914 converten-

756 958 865 1002 ιυΓ.

830 1037 921 1092 VI.
951 1039 1204 1093 Narratio
1232 1038 1562 1109 expiationis
1581 1038 1713 1094 Iesu
1757 1039 1903 1109 apud
1923 1039 2074 1110 ipsos
2099 1050 2231 1096 tunc
2249 1055 2338 1096 sa-

756 1128 1010 1190 cerdotis,
1030 1138 1087 1182 et
1118 1130 1440 1198 protestatio
1465 1129 1532 1185 ad
1557 1128 1834 1195 eumdem,
1865 1145 2114 1199 quaenam
2145 1130 2337 1186 obser-

758 1234 888 1273 vare
916 1219 1128 1274 deceat.

827 1309 941 1365 VII.
996 1311 1329 1367 Vaticinium
1401 1315 1670 1367 adventus
1723 1311 2040 1378 Salvatoris,
2072 1315 2126 1368 in
2173 1330 2338 1386 quem

760 1412 972 1471 septem
989 1403 1130 1458 dona
1161 1404 1398 1473 Spiritus
1427 1406 1778 1474 requiescunt
1808 1423 1823 1470 ;
1858 1415 1912 1460 et
1945 1407 2227 1476 praedictio
2255 1407 2341 1462 fu-

762 1501 894 1546 tnrm
927 1509 1025 1563 per
1053 1493 1350 1550 Salvatoris
1374 1496 1682 1566 passionem
1715 1496 2052 1550 remissionis
2083 1506 2337 1567 peccato-

762 1600 906 1650 rum,
939 1587 1387 1656 etpossessionis
1418 1588 1773 1658 mysticorum
1798 1588 2086 1644 bonorum.

831 1764 966 1821 VIII.
1002 1767 1204 1823 Notitia
1225 1769 1518 1841 imaginum
1556 1771 1710 1840 pretii
1741 1780 1796 1826 et
1818 1771 2154 1842 operationis
2173 1772 2339 1843 Spiri-

765 1865 853 1912 tus
895 1867 952 1912 et
977 1857 1112 1929 legis
1137 1860 1284 1915 circa
1318 1861 1518 1931 ipsum,
1545 1870 1602 1916 et
1636 1863 1822 1933 gratia:
1851 1873 1906 1917 et
1937 1864 2153 1918 virtutis
2181 1864 2338 1919 Chri-
2375 1855 2416 1910 Β

762 1945 854 2002 sti.
893 1948 959 2002 Et
990 1951 1346 2019 reprehensio
1379 1953 1642 2009 adversus
1692 1955 1991 2024 diabolum,
2019 1959 2175 2029 quasi
2219 1972 2341 2016 ten-

765 2048 970 2095 tantem
997 2042 1265 2114 impedire
1291 2045 1739 2115 praedicationem
1770 2049 1983 2104 salutis.

835 2225 925 2280 IX.
960 2226 1288 2284 Vaticinium
1305 2231 1374 2286 de
1399 2231 1620 2288 Christo
1647 2245 1704 2289 et
1727 2237 2138 2306 operationibus
2164 2237 2339 2310 Spiri-

767 2326 853 2371 tus
881 2318 933 2371 in
954 2319 1069 2386 ipso
1091 2338 1106 2384 ;
1125 2330 1179 2375 et
1200 2322 1404 2392 eﬂigies
1431 2323 1562 2394 legis
1591 2335 1646 2379 et
1677 2328 1886 2396 gratiae,
1912 2338 1968 2383 et
1996 2346 2187 2386 eorum
2218 2347 2341 2403 quae

765 2409 1230 2467 subministranda
1255 2420 1384 2468 sunt
1416 2413 1469 2469 in
1509 2416 1850 2485 apparitione
1879 2417 2133 2490 Spiritus.

831 2594 898 2651 X.
938 2594 1097 2652 Minae
1129 2598 1182 2652 in
1214 2597 1364 2655 fures
1388 2611 1444 2656 et
1470 2603 1746 2671 periuros,
1769 2606 1924 2674 quasi
1951 2623 2059 2662 una
2095 2623 2218 2665 cum
2244 2611 2340 2666 do-

768 2701 859 2741 mo
881 2688 1209 2753 perdendos.

840 2780 929 2835 XI.
965 2782 1180 2852 Efﬁgies
1216 2783 1520 2854 iniquitatis
1569 2788 1710 2843 inter
1747 2789 2000 2847 homines
2045 2798 2338 2866 regnantis,

765 2887 928 2939 quam
959 2874 1180 2942 pariunt
1202 2876 1364 2931 simul
1387 2888 1670 2947 peccatum
1697 2889 1754 2934 et
1777 2882 2029 2952 impietas
2057 2899 2113 2941 et
2143 2904 2265 2958 quae
2287 2889 2339 2943 in

766 2962 1089 3021 confusione
1121 2968 1327 3022 erroris
1362 2970 1757 3027 habitationem
1779 2976 1967 3030 sortila
1990 2987 2093 3031 est.

840 3053 954 3108 XII.
981 3056 1194 3128 Efﬁgies
1223 3061 1504 3131 regiminis
1519 3065 1662 3132 quod
1693 3067 2075 3136 generationes
2105 3073 2340 3142 prophe-

771 3154 947 3201 tarum
972 3158 1029 3204 et
1054 3149 1209 3221 legis,
1234 3154 1666 3222 patriarcharum
1702 3167 1756 3213 et
1784 3161 2173 3231 prophetarum
2213 3183 2338 3236 per-

767 3250 1078 3296 currerunt.

837 3330 981 3387 XIII.
1011 3331 1276 3390 Indicium
1324 3351 1656 3393 coronarum
1687 3355 1806 3409 qua:
1837 3340 2034 3396 futurae
2066 3353 2195 3398 sunt
2261 3345 2346 3400 his

767 3424 861 3492 qui
891 3441 956 3480 ex
993 3437 1219 3496 peccato
1246 3431 1496 3484 conversi
1529 3429 1754 3493 fuerint,
1799 3447 2030 3500 quorum
2071 3435 2344 3503 specimen

766 3515 954 3572 Jesum
984 3526 1114 3573 tunc
1146 3519 1512 3585 sacerdotem,
1539 3520 1689 3575 velut
1718 3537 1814 3591 per
1845 3522 2218 3591 paenitentiam
2249 3539 2347 3593 pu.

770 3607 1063 3672 riflcatum,
1094 3608 1324 3678 profert.

843 3698 986 3754 XIV.
1020 3701 1268 3757 Narratio
1310 3717 1503 3758 eorum
1527 3718 1647 3774 qua:
1676 3703 1896 3774 quidam
1930 3719 2084 3776 reges
2105 3705 2346 3775 gentium

767 3791 837 3847 ad
859 3808 1037 3847 arcam
1051 3793 1332 3849 mittentes
1347 3795 1734 3850 siscitabantur
1755 3806 1840 3861 ;et
1858 3798 2138 3852 accusatio
2159 3797 2345 3861 Israel,

770 3884 916 3952 quod
945 3899 1056 3940 non
1086 3885 1388 3942 secundum
1419 3900 1646 3956 scopum
1681 3888 1772 3942 Dei
1800 3888 2054 3959 jejunant
2085 3897 2142 3945 et
2187 3906 2347 3945 man-

771 3971 996 4026 ducant.

845 4061 961 4117 XV.
993 4062 1306 4118 Admonitio
1352 4079 1602 4134 quaenam
1638 4065 1748 4118 sint
1773 4065 1972 4135 quibus
2021 4065 2163 4123 Deus
2213 4082 2346 4122 con-

774 4165 980 4219 tentus,
1022 4165 1078 4211 et
1105 4158 1384 4212 accusatio
1423 4158 1804 4213 inobedientia:
1853 4159 2060 4228 populi,
2092 4169 2149 4214 et
2185 4159 2349 4215 mina:

773 4248 1136 4315 dispersionis
1150 4264 1341 4304 eorum
1383 4258 1440 4304 et
1457 4249 1802 4320 perditionis.

843 4338 981 4392 XVI.
1021 4339 1304 4395 Prxdictio
1335 4340 1604 4396 honorum
1635 4356 1757 4410 qua:
1801 4339 2110 4396 Jerusalem
2165 4341 2347 4396 futura

775 4440 904 4485 sunt
921 4446 1016 4500 per
1048 4432 1344 4487 Salvatoris
1370 4431 1693 4487 adventum.

852 4523 1011 4578 XVII.
1046 4523 1325 4595 Expositio
1355 4540 1603 4594 quaenam
1628 4525 1799 4580 veteri
1831 4525 2032 4595 popqu
2063 4536 2192 4582 ante
2214 4528 2347 4583 tedi-
2379 4547 2424 4603 ι)

779 4617 1083 4672 Iicationem
1117 4616 1303 4687 templi
1343 4617 1460 4682 Dei,
1490 4632 1736 4687 quamam
1779 4633 1911 4673 vero
1949 4634 2091 4674 novo
2146 4621 2348 4690 popqu

777 4719 901 4780 post
948 4709 1095 4764 illius
1121 4708 1556 4774 aediﬁcationem,
1591 4724 1620 4764 a
1654 4709 1764 4764 Deo
1807 4708 1951 4765 facta
1989 4709 2195 4766 fuerint
2228 4728 2245 4776 ;
2293 4720 2350 4765 et

779 4801 1069 4856 instructio
1093 4801 1353 4871 quidnam
1375 4802 1652 4873 corrigere
1677 4801 1938 4858 debeant.

852 4892 1039 4948 XVIII.
1069 4894 1390 4949 Exhortatio
1415 4893 1483 4948 ad
1507 4893 1777 4964 jejunium
1831 4895 1916 4950 his
1945 4895 2038 4965 qui
2079 4895 2346 4951 confiten-

785 4995 894 5048 tur,
916 4985 1068 5054 quasi
1098 4986 1153 5039 in
1178 5000 1244 5040 eo
1274 4986 1530 5055 gaudium
1553 4985 1765 5039 nacturi
1802 4986 1912 5041 sint
1949 5004 1964 5051 ;
1993 4995 2046 5041 et
2068 4986 2349 5057 praedictio

785 5078 1158 5134 conversionis
1181 5078 1423 5146 gentium
1442 5093 1538 5146 per
1563 5077 1861 5132 Salvatoris
1888 5078 2206 5133 adventum.

857 5169 998 5223 XIX.
1042 5169 1364 5224 Vaticininm
1403 5169 1714 5224 abolitionis
1747 5169 1953 5222 erroris
1982 5169 2124 5238 apud
2159 5177 2349 5239 gentes

792 5261 954 5314 futuri
997 5279 1011 5322 ς
1043 5270 1096 5314 et
1131 5261 1407 5329 praedictio
1438 5261 1559 5314 fidei
1597 5276 1716 5329 qua:
1747 5260 1799 5312 in
1832 5260 1962 5329 ipsis
1991 5260 2344 5329 plantabitur,

792 5368 886 5421 per
911 5367 1068 5421 quam
1095 5367 1200 5404 non
1220 5353 1330 5420 jam
1353 5353 1671 5407 diabolicam
1690 5354 2046 5423 direptionem
2074 5363 2344 5408 metuunt.

866 5538 983 5592 XX.
1006 5537 1329 5591 Vaticinium
1363 5539 1431 5592 de
1460 5538 1700 5602 Christo,
1727 5539 1996 5608 quomodo
2016 5540 2183 5592 asina:
2213 5538 2346 5591 insi-

795 5631 929 5683 dens
955 5627 1230 5683 Iudaicam
1250 5629 1557 5699 superbiam
1588 5630 2039 5698 destruit,pacem
2063 5643 2189 5682 vero
2214 5644 2348 5682 con-

796 5721 945 5775 ciliat
970 5721 1241 5790 gentibus,
1275 5719 1535 5773 ministris
1564 5735 1692 5773 usus
1715 5719 1974 5788 apostolis
2023 5719 2080 5773 in
2114 5733 2348 5788 evange»

800 5813 952 5866 licam
994 5811 1452 5881 pnedicationcm,
1495 5810 1549 5864 in
1583 5811 2006 5865 destructionem
2037 5810 2256 5875 erroris,
2293 5810 2347 5863 in

2450 581 2655 635 σεσθαι.

2515 671 2577 725 ε’.
2633 672 2844 741 κλῆσις
2893 673 3003 725 τῶν
3035 674 3206 728 ἐθνῶν
3258 678 3338 740 είς
3385 678 3484 748 τὴν
3534 679 3669 731 νέαν
3722 678 3918 731 Σιών·
3955 682 4036 730 καὶ

2443 762 2642 833 ἀπειλὴ
2689 761 2832 816 κατά
2867 762 3172 834 δαιμόνων’
3212 768 3306 819 καὶ
3353 767 3765 837 εὑατγελισμὸς
3819 769 3925 836 τῆς
3951 771 4032 821 ac?

2445 856 2650 928 Κυρίου
2674 856 2811 926 μετά
2847 857 3050 928 σαρκὸς
3075 859 3154 922 εἰς
3179 858 3277 928 τὴν
3310 858 3451 911 Σιὼν
3475 860 3740 929 ἀφίξεως,
3776 860 3857 913 δι’
3885 856 3952 931 ἦς
3980 864 4036 912 τὲ

2444 946 2570 1017 ἔθνη
2603 947 2740 1018 πρὸς
2770 948 2934 1000 αὐτὸν
2964 949 3405 1019 ἐπιστρέφουσιν.

2517 1046 2591 1104 ς’.
2639 1042 2899 1110 Διήγησις
2932 1041 3034 1110 τῆς
3077 1040 3250 1110 Ἰησοῦ
3280 1041 3375 1094 τοῦ
3405 1042 3536 1111 παρ’
3562 1042 3758 1103 αὐτοῖς
3794 1042 3926 1094 τότε

2449 1130 2586 1200 ρέως
2619 1133 2941 1202 καθάρσεως
2965 1149 2979 1162 °
3011 1133 3106 1186 καὶ
3138 1133 3506 1204 διαμαρτυρία
3536 1133 3680 1203 πρὸς
3713 1133 3817 1185 τὸν
3860 1134 4030 1186 αὑτὸν.

2443 1223 2566 1277 τίνα
2597 1223 2888 1292 φυλάττειν
2919 1225 3182 1295 προσῆκε.
3603 1213 3607 1215 ³

2517 1311 2585 1376 ζ’.
2632 1314 2947 1385 Προφητεία
2989 1314 3086 1384 τῆς
3122 1313 3359 1383 ἀφίξεως
3401 1311 3498 1366 τοῦ
3548 1313 3849 1385 Σωτῆρος,
3885 1315 4036 1380 ἐφ’ὃ)

2445 1406 2501 1459 αἱ
2537 1405 2675 1459 ἐπτά
2714 1406 2810 1459 τοῦ
2855 1405 3171 1475 Πνεύματος
3218 1406 3419 1476 δωρεαὶ
3468 1405 3903 1460 ἀναπαύονται·
3961 1410 4036 1459 καὶ

2448 1499 2754 1571 πρόρρησις
2784 1499 2881 1569 τῆς
2933 1500 3198 1569 ἐσομένης
3225 1500 3313 1552 διά
3359 1499 3454 1552 τοῦ
3497 1501 3781 1569 σωτηρίου
3840 1499 4036 1561 πάθους

2445 1591 2862 1662 ἁμαρτημάτων
2896 1591 3164 1660 ἀφέσεως,
3195 1590 3289 1642 καὶ
3330 1590 3609 1660 μυστικῶν
3639 1589 3889 1658 ἀγαθῶν
3922 1592 4037 1644 ἀπο-

2445 1683 2543 1737 λαύ
2552 1700 2708 1747 σεως.

2517 1783 2588 1846 η’.
2636 1777 2850 1848 Θεωρία
2881 1777 2991 1830 τῶν
3021 1776 3244 1829 εἰκόνων
3276 1776 3378 1845 τῆς
3411 1776 3568 1839 ἀξίας
3605 1777 3705 1828 καὶ
3755 1776 4036 1847 ἐνεργείας

2447 1869 2541 1923 τοῦ
2573 1871 2908 1938 Πνεῦματος,
2958 1871 3054 1922 καὶ
3100 1869 3266 1939 νόμου
3321 1870 3447 1940 περὶ
3475 1870 3628 1928 αὐτὸ,
3673 1871 3773 1920 καὶ
3822 1871 4038 1939 χάριτος

2449 1963 2546 2015 καὶ
2583 1961 2869 2032 δυνάμεως
2911 1960 3148 2030 Χριστοῦ
3171 1975 3183 1988 ·
3219 1960 3314 2013 καὶ
3340 1961 3589 2030 ἐπιτιμία
3616 1960 3770 2012 κατά
3798 1959 3902 2012 τοῦ
3937 1961 4037 2013 δια-

2448 2053 2627 2118 δόλου,
2659 2053 2735 2118 ὡς
2763 2052 3077 2124 ἐμποδίζειν
3106 2051 3509 2124 ἐπιχειροῦντος
3537 2051 3618 2122 τῷ
3644 2053 3931 2122 σωτηρίῳ
3957 2069 4039 2122 κη-

2451 2145 2712 2218 ρύγματι.

2520 2237 2586 2291 0’.
2641 2236 2953 2306 Προφητεία
3002 2234 3132 2305 περὶ
3163 2233 3405 2306 Χριστοῦ
3449 2235 3543 2288 καὶ
3585 2235 3701 2288 τῶν
3741 2235 4040 2307 ἐνεργειῶν

2446 2328 2556 2382 τῶν
2587 2331 2644 2382 ἐν
2675 2328 2824 2398 αὺτῷ
2855 2327 2950 2381 τοῦ
2985 2325 3302 2397 Πνεύματσς
3322 2342 3337 2357 ο
3369 2325 3462 2378 καὶ
3504 2323 3673 2377 είκὼν
3723 2325 3912 2392 νόμου
3960 2325 4041 2375 καὶ

2448 2423 2690 2493 χάριτος,
2723 2423 2816 2476 καὶ
2845 2421 2953 2474 τῶν
3001 2420 3304 2490 μελλόντων
3331 2417 3730 2488 ὑπηρετεῖσθαι
3761 2421 3836 2488 τῇ
3884 2433 4041 2484 φανε-

2452 2514 2620 2585 ρώσει
2650 2515 2743 2568 τοῦ
2777 2514 2918 2568 Πνεύ
2927 2531 3117 2584 ματος.

2521 2613 2571 2660 ι’.
2642 2606 2862 2677 Ἀπειλὴ
2895 2607 3032 2659 κατὰ
3062 2604 3310 2658 κλεπτῶν
3341 2604 3434 2656 καὶ
3457 2605 3760 2674 ἐπιόρκων,
3793 2604 3883 2667 ὡς
3921 2622 4048 2656 παν-

2447 2701 2558 2753 οικὶ
2595 2700 2900 2770 μελλόντων
2930 2699 3338 2770 όλοθρεύεσοαι.

2521 2791 2610 2846 ια’.
2662 2792 2841 2844 Εἰκὼν
2875 2791 2972 2858 τῆς
3003 2793 3060 2843 ἐν
3103 2790 3412 2861 ἀνθρώποις
3457 2787 3909 2858 πολιτευομένης
3941 2787 4044 2839 ἀδι-

2450 2886 2594 2948 κίας,
2629 2884 2696 2955 ἣν
2735 2884 2980 2954 ἁμαρτία
3019 2883 3116 2950 μὲν
3147 2885 3442 2951 συγκροτεῖ
3475 2883 3567 2933 καὶ
3597 2881 3863 2939 ἀσέϐεια,
3905 2881 3965 2930 ἐν
3996 2877 4044 2929 δὲ

2447 2979 2513 3046 τῇ
2553 2975 2811 3044 συγχύσει
2845 2974 2947 3042 τῆς
2980 2975 3189 3043 πλάνης
3223 2974 3324 3042 τὴν
3354 2972 3637 3024 κατοικίαν
3673 2970 3978 3037 κέκτηται.

2521 3068 2610 3138 ιβ’.
2659 3067 2835 3120 Είκὼν
2865 3067 3162 3128 πολιτείας,
3194 3065 3260 3134 ἢν
3290 3065 3348 3117 αἱ
3386 3062 3570 3129 γενεαὶ
3600 3064 3919 3131 προφητῶν
3959 3062 4045 3112 καὶ

2450 3162 2639 3231 νόμου,
2670 3160 3024 3232 πατριαρχῶν
3061 3159 3157 3211 καὶ
3186 3156 3522 3220 ἀποστόλων,
3554 3155 3818 3225 ἔδραμον.

2522 3343 2611 3404 ιγ’.
2675 3337 2914 3405 Αἶνιγμα
2966 3335 3075 3386 τῶν
3135 3335 3406 3404 ἐσομένων
3466 3335 3748 3402 στεφάνων
3801 3335 3934 3397 τοῖς
3993 3335 4047 3398 ἐξ

2447 3429 2724 3500 ἁμαρτίας
2755 3428 3196 3496 ἐπιστρέφουσιν,
3227 3423 3304 3481 ὦν
3330 3427 3424 3480 τὸν
3463 3426 3672 3496 Ἰησοῦν
3697 3428 3823 3478 τότε
3865 3427 4042 3494 ἱερέα,

2447 3523 2521 3582 ὼς
2558 3520 2648 3572 διά
2674 3517 2960 3589 μετανοίας
3000 3516 3374 3589 καθαρθέντα,
3418 3517 3747 3588 χαρακτῆρα
3788 3517 4043 3586 προσω-

2447 3614 2618 3667 λεται.

2521 3702 2578 3754 ιδ’
2585 3742 2600 3756 .
2644 3701 2925 3773 Διήγησις,
2955 3695 3043 3754 οἷα
3073 3701 3324 3773 περὶτῆς
3354 3700 3586 3756 κιϐωτοῦ
3618 3701 3869 3771 βασιλεῖς
3896 3719 4043 3765 τινες

2447 3793 2616 3848 ἐθνῶν
2671 3793 2990 3863 πέμψαντες
3045 3793 3436 3847 ἐπυνθάνοντοο
3497 3794 3592 3847 καὶ
3643 3793 3875 3863 ἔλεγχος
3948 3795 4042 3846 τοῦ

2461 3884 2700 3954 Ἰσραὴλ,
2729 3884 2812 3937 ὅτι
2852 3885 2928 3956 μὴ
2980 3883 3125 3937 κατά
3174 3884 3375 3937 σκοπὸν
3407 3883 3545 3937 Θεοῦ
3593 3885 3962 3956 νηστεύουσιν
4007 3888 4038 3956 ἢ

2447 3975 2719 4029 ἐσθίουσιν

2521 4069 2601 4122 ιε’.
2640 4068 2930 4132 Νουθεσία,
2955 4069 3065 4122 τίσι
3084 4067 3218 4134 Θεὸς
3254 4069 3578 4139 ἀρέσκεται⁹
3600 4069 3695 4121 καὶ
3718 4071 4043 4141 κατηγορία

2446 4160 2546 4227 τῆς
2570 4159 2667 4213 τοῦ
2707 4158 2836 4212 λαοῦ
2883 4160 3168 4229 παρακοῆς
3188 4173 3202 4188 ⁶
3236 4160 3330 4213 καὶ
3355 4159 3554 4229 ἀπειλὴ
3583 4159 3894 4230 διασπορᾶς
3926 4161 4040 4213 τῶν

2449 4248 2630 4302 αὐτῶν
2659 4248 2756 4304 καὶ
2782 4250 3120 4320 πορθήσεως.

2525 4339 2619 4404 ις’.
2678 4326 2990 4411 Πρόβρησις
3045 4339 3154 4394 τῶν
3204 4341 3480 4410 ἐσομένων
3529 4343 3595 4411 τῇ
3669 4341 4040 4414 Ἰερουσαλὴμ

2453 4431 2673 4500 ἀγαθῶν
2701 4431 2789 4484 διά
2817 4432 2914 4502 τῆς
2942 4431 3034 4484 τοῦ
3060 4432 3314 4502 Σωτῆρος
3339 4433 3593 4501 ἀφίξεως.

2526 4523 2610 4588 ιζ’.
2663 4508 2945 4594 Διήγησίς,
2977 4518 3065 4577 οἷα
3110 4523 3190 4593 τῷ
3234 4524 3446 4594 ἀρχαίῳ
3475 4523 3609 4592 λαῷ,
3642 4525 3774 4594 πρὶν
3817 4526 4032 4579 οἰκοδο-

2454 4615 2692 4688 μηθῆναι
2724 4616 2814 4670 τὸν
2846 4615 2937 4669 τοῦ
2967 4615 3103 4669 Θεοῦ
3133 4616 3278 4680 ναὸν,
3305 4610 3392 4668 οἷα
3425 4616 3483 4668 δὲ
3519 4614 3657 4685 μετά
3696 4617 3798 4686 τὴν
3823 4617 4034 4669 οἰκοδο-

2452 4709 2561 4778 μὴν
2592 4707 2692 4777 τὴν
2723 4706 2938 4772 τούτου,
2963 4706 3040 4776 τῷ
3067 4707 3174 4777 νέῳ
3202 4706 3318 4775 λαῷ
3349 4705 3501 4776 παρὰ
3524 4706 3660 4759 Θεοῦ
3694 4707 3995 4776 γεγένηται
4013 4725 4026 4738 ·

2449 4800 2544 4854 καὶ
2575 4797 2892 4853 διδασκαλία
2919 4797 2974 4851 τί
3007 4796 3308 4867 κατορθοῦν
3334 4796 3629 4862 ὀφείλουσι.

2521 4890 2609 4958 ιη’.
2643 4890 2930 4961 Προτροπὴ
2961 4889 3214 4958 νηστείας
3241 4890 3353 4950 τοῖς
3376 4887 3912 4957 ἐξομολογουμένοις,
3958 4887 4036 4953 ὡς

2447 4985 2507 5036 ἐν
2537 4981 2676 5052 αὐτῇ
2706 4981 2803 5051 τὴν
2833 4979 3173 5050 εὐφροσύνην
3196 4979 3377 5048 έχουσι
3395 4994 3411 5008 '
3443 4979 3539 5030 xui.
3565 4980 3869 5051 πρόρρησις
3907 4982 4034 5034 ἐπι-

2450 5077 2691 5146 στροφῆς
2720 5072 2890 5126 ἐθνῶν
2915 5071 3004 5125 διά
3031 5072 3130 5140 τῆς
3157 5071 3252 5124 τοῦ
3289 5071 3540 5140 Σωτῆρος
3567 5071 3824 5137 ἀφίξεως.

2522 5166 2606 5219 ιθ’.
2657 5165 2969 5235 Προφητεία
3004 5163 3314 5233 ἀφανισμοῦ
3360 5163 3568 5231 πλάνης
3613 5162 3880 5233 ἐσομένης
3911 5167 4034 5229 τοῖς

2449 5258 2660 5312 ἔθνεσι·
2709 5256 2806 5309 καὶ
2852 5257 3155 5326 πρόρρησις
3186 5256 3283 5325 τῆς
3331 5256 3389 5307 ἐν
3417 5255 3600 5317 αὐτοῖς
3644 5257 4032 5327 φυτευομὲνης

2451 5351 2706 5412 πίστεως,
2754 5348 2822 5400 δι’
2867 5349 2934 5418 ην
2979 5350 3080 5401 οὐκ
3118 5347 3198 5400 ἐτι
3240 5346 3339 5417 τὴν
3377 5345 3687 5415 διαϐολικὴν
3719 5346 4029 5401 ἀπελασίαν

2447 5441 2737 5495 δεδοίκασι.

2522 5533 2591 5587 κ’.
2619 5532 2935 5603 Προφητεία
2971 5531 3100 5599 περ)⁵
3133 5528 3559 5600 Χριστοῦ,ὃπως
3595 5528 3693 5598 τὴν
3738 5528 3859 5581 δνον
3888 5530 4026 5582 καθ·

2454 5625 2593 5687 ίσας,
2633 5623 2730 5695 τὴν
2793 5623 3087 5692 Ὶουδαῖκὴν
3115 5622 3431 5686 ἀλαζονείαν
3461 5622 3720 5674 ἀπόλλυσι
3745 5638 3757 5651 ·
3795 5623 4025 5693 εἰρήνην

2449 5717 2505 5770 δὲ
2551 5716 2877 5786 πρυτανεύει
2903 5717 3012 5778 τοῖς
3049 5714 3245 5775 ἔθνεσι,
3276 5713 3529 5784 ὀργάνοις
3558 5717 3668 5777 τοῖς
3698 5714 4023 5776 ἀποστόλοις

2452 5810 2527 5872 εἰς
2556 5810 2615 5864 τὸ
2640 5808 2995 5880 εύαγγελικὸν
3021 5809 3304 5880 κήρυγμα,
3347 5807 3442 5861 καὶ
3469 5809 3568 5877 τὴν
3607 5808 3883 5862 ἀπώλειαν
3918 5810 4015 5878 τῆς
