4156 6452
163 401 306 468 1365

1225 410 1306 470 IN
1335 411 1452 470 XII
1491 409 1931 470 PHOPIIETAS
1971 413 2332 474 MlNOllES.

3293 406 3430 477 1366

157 518 404 585 πλάνης,
439 517 534 571 καὶ
565 518 674 573 τῶν
711 519 1028 591 μυστηρίων
1056 519 1154 592 τὴν
1181 521 1510 592 φανέρωσιν,
1545 520 1639 574 καὶ
1657 521 1755 591 τὴν

1870 524 2239 592 mysteriorum
2297 523 2836 582 manifestationem.
2907 523 2961 579 in
3015 522 3428 578 conversionem

158 609 516 680 ἐπιστροφὴν
536 611 647 663 τῶν
673 613 1107 683 πεπλανημένων
1137 614 1502 685 χρησάμενος.

231 706 350 754 κα’.
407 703 528 754 Ὀτι
567 704 718 772 παρά
762 703 897 756 Θεοῦ
934 706 1027 758 καὶ
1075 706 1177 775 τὴν
1224 706 1385 776 χάριν
1415 708 1498 761 δεῖ
1530 709 1624 762 καὶ
1662 709 1753 762 τὸν

155 790 332 858 νόμον
375 794 812 863 προσδέχεσθαι·
847 797 943 848 καὶ
993 797 1214 868 διαϐολὴ
1261 799 1372 852 τῶν
1425 800 1754 870 Ἑλληνικῶν

157 881 456 948 μάντεων,
508 885 603 936 καὶ
659 885 857 954 ἀπειλὴ
910 887 1019 940 τῶν
1077 889 1385 943 Ἰουδαϊκῶν
1443 890 1749 960 ποιμένων·

155 975 256 1026 καὶ
290 982 608 1048 προφητεία
630 980 732 1050 τῆς
759 980 847 1034 διὰ
866 981 973 1033 τῶν
1002 982 1318 1036 ἀποστόλων
1348 984 1612 1053 ἐσομένης
1642 985 1756 1034 ἐπι-

158 1069 422 1138 στροφῆς
442 1071 529 1124 διά
559 1071 934 1142 βαπτίσματος
964 1075 1056 1126 καὶ
1097 1075 1383 1143 μετανοίας
1407 1076 1470 1126 ἐκ
1500 1075 1599 1143 τῆς
1625 1075 1752 1128 πλάο

154 1176 261 1226 νης
293 1163 418 1224 τοῖς
450 1162 650 1215 ἔθνεσι.
1246 1164 1251 1169 ’

232 1275 343 1343 κβ’.
400 1277 713 1347 Πρόρρησις
766 1279 972 1332 εἰσόδου
1009 1279 1146 1350 πρὸς
1190 1279 1256 1332 τὰ
1294 1279 1422 1350 ἔθνη
1455 1279 1549 1332 τοῦ
1588 1279 1754 1333 Πνεύ-

159 1378 342 1428 ματος
366 1379 382 1392 ο
420 1365 513 1415 καὶ
544 1364 780 1418 εἰδώλων
815 1366 1072 1430 πτώσεως
1093 1383 1106 1395 ⁸
1130 1369 1224 1421 καὶ
1253 1367 1453 1438 θρήνου
1484 1369 1590 1421 τῶν
1626 1370 1755 1421 Ἰου-

153 1451 376 1504 δαῖκῶν
411 1456 706 1524 ποιμένων,
738 1457 824 1526 ἐφ’
855 1452 936 1521 οἷς
969 1460 1326 1528 καταργεῖται
1373 1457 1443 1511 τά
1489 1461 1621 1529 παρ’
1656 1459 1755 1514 αὐ-

153 1545 275 1606 τοῖς
312 1544 615 1615 καθάρσια.

234 1633 350 1700 κγ’.
406 1638 720 1708 Προφητεία
753 1639 880 1710 περὶ
912 1640 1169 1709 Χριστοῦ,
1202 1641 1510 1710 ποιμαίνειν
1539 1642 1754 1714 εὐδοκία

154 1728 255 1779 τοῦ
310 1729 535 1798 Πατρὺς
588 1730 656 1782 τὰ
699 1730 888 1800 πρώην
939 1732 1256 1786 ἀπολωλότα
1300 1734 1602 1803 μέλλοντος.
1659 1735 1755 1788 καὶ¹

1855 629 2044 668 eorum
2071 616 2162 684 qui
2196 624 2536 670 erraverant.

1927 705 2066 760 XXI.
2090 707 2245 772 Quod
2277 722 2304 760 a
2336 709 2444 763 Deo
2477 719 2590 762 tum
2614 708 2719 772 lex,
2749 717 2860 761 tum
2890 707 3083 778 gratia.
3104 708 3426 774 accipienda

1855 797 1943 850 sit.
1966 798 2029 852 Et
2057 800 2318 853 detractio
2352 801 2635 871 gentilium
2660 809 2864 862 vatum,
2898 811 2953 854 et
2980 801 3142 853 minae
3179 799 3436 853 Iudaico-

1857 901 1976 939 rum
2008 894 2313 955 pastorum.
2343 889 2671 943 Vaticinium
2714 887 3089 942 conversionis
3127 904 3192 942 ex
3245 902 3432 942 errore

1857 987 1953 1040 per
1968 977 2244 1042 apostolos
2266 975 2518 1044 gentibus
2546 976 2742 1031 futurae
2766 990 2865 1045 per
2887 975 3215 1044 baptismum
3247 982 3301 1029 ct
3320 989 3433 1042 pa:-

1857 1065 2165 1120 nitentium.

1929 1267 2091 1322 XXll.
2119 1267 2407 1326 Praedictio
2426 1271 2780 1342 ingressionis
2806 1270 3041 1341 Spiritus
3069 1269 3124 1324 in
3151 1278 3360 1340 gentes,
3381 1274 3436 1322 et

1856 1361 2027 1415 ruinae
2063 1362 2352 1427 idolorum,
2385 1375 2443 1417 et
2475 1363 2885 1424 lamentationis
2925 1361 3280 1417 Judaicorum
3338 1375 3434 1429 pa-

1855 1456 2084 1511 storum,
2112 1464 2178 1502 eo
2197 1451 2338 1518 quod
2357 1461 2534 1505 cessat
2560 1450 2703 1520 apud
2727 1449 2874 1520 ipsos
2890 1448 3068 1504 hostia
3087 1446 3432 1518 expiationis.

1927 1632 2121 1687 XXIII.
2145 1632 2473 1687 Vaticinium
2504 1633 2572 1688 de
2601 1633 2842 1697 Christo.
2872 1635 2964 1704 qui
2987 1649 3052 1688 ex
3074 1634 3216 1688 bona
3241 1633 3435 1688 volun-

1860 1733 1970 1779 tate
2004 1724 2182 1778 Patris
2215 1739 2438 1792 pascere
2468 1725 2713 1779 debetea
2735 1741 2857 1794 quae
2885 1734 3012 1779 ante
3039 1724 3335 1794 perierant.
3369 1724 3436 1777 Et

156 1820 368 1888 ἀπειλὴ
405 1821 508 1890 τῆς
537 1821 645 1875 τῶν
683 1823 948 1877 Ἰουδαίων
970 1825 1308 1895 πορθήσεως,
1335 1827 1556 1895 Καῖάφα
1571 1844 1630 1879 τε
1661 1827 1756 1880 καὶ

1870 1813 2023 1866 minae
2050 1811 2376 1880 direptionis
2416 1811 2748 1875 Judaeorum,
2780 1822 2836 1867 et
2883 1811 3174 1867 ablationis
3212 1810 3437 1881 Caiphu:

159 1912 411 1965 Πιλάτου
448 1914 541 1967 καὶ
581 1913 822 1984 Ἡρώδου
890 1915 1185 1985 ἐξὰρσεως,
1251 1918 1418 1988 νόμου
1461 1935 1521 1971 τε
1550 1919 1755 1989 ἐγγρά-

158 2019 269 2070 φου
309 2004 408 2055 καὶ
451 2005 680 2072 φυσικοῦ
731 2006 1074 2076 μεταθέσεως
1123 2011 1203 2071 είς
1250 2010 1447 2062 αὐτόν·
1493 2010 1755 2082 ἑκατέρου

159 2091 489 2161 διόρθωσιν.

239 2201 347 2258 κδ’.
406 2205 721 2275 Προφητεία
750 2207 850 2276 τῆς
880 2209 1142 2279 ἐσομένης
1174 2210 1233 2262 ὲν
1264 2213 1377 2273 τοῖς
1408 2211 1582 2266 ἔθνεσι
1616 2211 1756 2281 γνώ-

168 2312 336 2361 σεως,
392 2299 492 2351 καὶ
541 2300 636 2368 τῆς
685 2299 778 2367 τοῦ
827 2299 1032 2371 Κυρίου
1081 2303 1416 2371 φαντασίας·
1472 2305 1565 2359 καὶ
1611 2307 1757 2370 ὅπως

163 2390 346 2460 αὐτῆς
387 2389 490 2460 μὲν
531 2390 789 2461 ἀδόκιμον
835 2391 1050 2463 ἐδείχθη
1096 2393 1157 2446 τὸ
1203 2393 1488 2466 ἀργύριον,
1537 2398 1570 2468 ή
1620 2397 1760 2468 πρὸς

164 2483 262 2535 τὸν
299 2483 435 2536 λαὸν
461 2483 516 2535 δὲ
551 2484 659 2536 τῶν
705 2484 973 2538 Ἰουδαίων
996 2485 1230 2559 διαθήκη
1268 2490 1592 2561 κατηγορία.

242 2581 346 2628 κε’.
403 2577 739 2645 Προφήτεία,
772 2577 825 2629 τί
858 2578 955 2648 μὲν
983 2580 1010 2632 ό
1045 2579 1410 2652 ’Δντίχριστος
1441 2583 1682 2653 ποιήσει,
1712 2583 1762 2636 τί

171 2664 228 2717 δὲ
270 2665 365 2718 καὶ
402 2666 588 2735 μέλλει
620 2668 926 2722 πείσεσθαι.

245 2787 362 2844 κς’.
415 2782 723 2853 Πρόρρησις
752 2781 861 2836 τῶν
893 2783 1194 2854 μελλόντων
1214 2788 1280 2856 τῇ
1318 2784 1673 2859 Ἰερουσαλὴμ
1706 2791 1764 2843 ἐν

174 2874 242 2939 τῇ
298 2872 568 2942 πορθήσει
621 2873 1003 2945 συμϐήσεσθαι
1053 2877 1296 2930 καὶτῶν
1347 2878 1623 2948 ἐσομένων
1678 2881 1766 2934 διὰ

180 2964 481 3031 μετανοίας
527 2966 858 3032 σωζομένοις
888 2966 1130 3034 ἀγαθῶν,
1163 2969 1312 3032 ὅπως
1360 2970 1516 3023 αὐτοὶ
1556 2972 1655 3042 μὲν
1684 2973 1765 3034 εἰς

179 3058 279 3124 τὴν
311 3055 470 3120 τάξιν
498 3057 606 3109 τῶν
647 3057 870 3119 δικαίων
903 3057 1284 3130 άναὸήσονται,
1320 3063 1401 3124 είς
1431 3062 1487 3115 δέ
1526 3064 1626 3130 τὴν
1659 3064 1767 3116 τῶν

179 3146 430 3213 ἀγγέλων
462 3149 510 3199 oi
549 3147 765 3200 δίκαιοι.

251 3241 353 3302 κζ’.
413 3240 724 3310 Προφητεία
751 3241 1026 3306 ἀπωλείας
1049 3243 1340 3314 δαιμόνων,
1371 3246 1582 3317 καὶτῆς
1608 3246 1757 3318 ίσχύ-

187 3348 318 3394 σεως
349 3331 452 3400 τῆς
485 3333 580 3385 ἐπὶ
609 3335 735 3397 τοὺς
779 3334 1004 3397 πιστοὺς
1037 3334 1328 3406 γινομένης
1365 3336 1463 3390 τοῦ
1512 3338 1762 3409 Πνεῦμα-

182 3441 272 3486 τος
291 3438 306 3452 ⁸
337 3425 435 3476 καὶ
479 3423 586 3476 τῶν
626 3425 900 3494 ἐσομένων
927 3427 986 3478 ὲν
1009 3426 1089 3497 τῷ
1130 3427 1308 3498 καιρῷ
1332 3429 1430 3499 τῆς
1459 3430 1770 3495 συντελείας

184 3517 297 3578 τοῖς
343 3515 620 3578 Ἰουδαίοις
647 3516 870 3569 κακῶν·
901 3517 1138 3572 εἰδώλων
1162 3535 1221 3572 τε
1261 3520 1355 3572 καὶ
1382 3519 1477 3572 τοῦ
1521 3521 1770 3591 πνεύμα-

187 3623 277 3669 τος
308 3608 409 3677 τῆς
445 3607 653 3678 πλάνης
698 3607 1097 3680 ὀλοθρεύσεως·
1137 3610 1230 3662 καὶ
1281 3608 1372 3665 οἷα
1418 3611 1496 3681 τῷ
1546 3612 1772 3683 Χριστῷ

188 3696 445 3768 ἐξαίρετα
474 3699 873 3771 προφητεύοντι
897 3702 1050 3773 παρὰ
1074 3702 1171 3756 τοῦ
1197 3702 1330 3756 λαοῦ
1358 3702 1467 3757 τῶν
1501 3703 1771 3758 Ἰουδαίων

191 3793 500 3861 γενήσεται.

260 3889 369 3953 κη’.
425 3883 740 3956 Προφητεία
769 3884 864 3939 τοῦ
897 3886 1232 3941 Δεσποτικοῦ
1264 3887 1519 3958 σταυροῦ,
1552 3887 1773 3959 καὶτῆς

191 3971 474 4044 ἀρνήσεως
506 3973 602 4026 τοῦ
633 3975 865 4045 Πέτρου,
909 3978 1006 4029 καὶ
1043 3977 1142 4046 τῆς
1168 3977 1278 4029 τῶν
1312 3978 1628 4033 ἀποστόλων
1654 3978 1773 4031 δια-

195 4065 426 4134 σπορᾶς,
471 4064 566 4116 καὶ
614 4065 711 4134 τῆς
759 4065 870 4119 τῶν
927 4066 1196 4120 Ἰουδαίων
1238 4067 1628 4136 ὀλοθρεύσεως,
1680 4068 1775 4122 καὶ

193 4155 554 4227 προσλήψεως
578 4155 686 4210 τῶν
718 4158 778 4210 ὲν
805 4157 990 4221 αὐτοῖς
1019 4158 1304 4212 σωθέντων
1340 4159 1409 4212 δι’
1441 4158 1773 4229 ἐξομολογή-

196 4260 352 4308 σεως,
384 4245 482 4298 καὶ
504 4245 741 4316 Χριστοῦ
771 4249 1127 4319 στρατηγίας,
1156 4249 1225 4318 ήν
1255 4248 1391 4319 πρὸς
1416 4252 1541 4313 τοὺς
1581 4249 1775 4321 δαίμο-

194 4355 290 4400 νας
323 4339 464 4409 ὑπὲρ
487 4342 585 4408 τῆς
611 4340 888 4411 σωτηρίας
916 4341 1025 4394 τῶν
1054 4340 1224 4394 ἐθνῶν
1253 4342 1676 4412 παρατάττεται.

263 4429 366 4483 κθ’.
411 4430 725 4500 Πρόρρησις
767 4432 864 4502 τῆς
905 4431 997 4484 τοῦ
1050 4431 1287 4502 Χριστοῦ
1333 4433 1676 4503 ἀναλήψεως,
1716 4435 1777 4500 ἐξ

1860 1912 1914 1958 et
1969 1902 2218 1965 Herodis,
2259 1901 2393 1971 legis
2457 1911 2570 1954 tum
2624 1901 2842 1970 scriptae
2887 1911 3001 1954 tum
3068 1900 3335 1955 naturalis
3382 1900 3436 1953 in

1859 1994 2135 2049 Christum
2173 1993 2706 2059 transformationis;
2740 1994 3029 2064 utriusque
3057 1993 3404 2047 instauratio.

1930 2199 2117 2255 XXIV.
2152 2197 2481 2253 Vaticinium
2507 2197 2704 2252 futurae
2724 2197 2777 2249 in
2811 2195 3067 2265 gentibus
3089 2193 3438 2265 cognitionis.

1860 2303 1913 2350 et
1935 2293 2294 2364 apparitionis
2323 2289 2539 2346 Domini
2578 2307 2593 2357 ;
2621 2297 2677 2345 et
2706 2288 2979 2344 accusatio
3005 2288 3278 2358 quomodo
3315 2288 3439 2342 nul-

1862 2386 1967 2441 lius
2017 2386 2172 2454 pretii
2205 2385 2383 2439 visum
2425 2392 2512 2438 est
2551 2391 2837 2453 argentum
2875 2381 3018 2451 ejus,
3051 2380 3265 2436 scilicet
3314 2395 3440 2436 cum

1861 2477 2062 2548 popqu
2091 2476 2403 2532 Iudaeorum
2435 2475 2633 2530 foedus.

1933 2567 2096 2623 XXV.
2129 2569 2458 2624 Vaticinium
2484 2568 2616 2638 quid
2656 2567 3022 2623 Antichristus
3051 2565 3297 2621 facturus
3346 2562 3439 2627 sit,

1862 2663 1996 2734 quid
2036 2678 2167 2717 vero
2201 2676 2483 2732 passurus.

1938 2773 2126 2831 XXVI.
2158 2774 2442 2830 Praedictio
2470 2789 2658 2829 eorum
2677 2789 2796 2844 qua:
2817 2772 3119 2828 Jerusalem
3145 2771 3200 2824 in
3229 2769 3444 2825 destru-

1865 2868 2050 2924 ctione
2091 2874 2496 2936 superventura
2536 2874 2688 2930 sunt,
2718 2873 2774 2920 et
2812 2866 3083 2921 bonorum
3133 2862 3442 2918 futurorum

1869 2961 1956 3016 bis
1981 2961 2073 3031 qui
2117 2976 2216 3029 per
2250 2959 2632 3029 paenitentiam
2662 2959 2796 3013 salvi
2829 2957 3069 3013 faciendi
3109 2963 3271 3020 sunt;
3302 2967 3441 3023 quo-

1872 3053 2032 3106 modo
2060 3052 2114 3104 bi
2137 3052 2359 3121 quidem
2392 3051 2448 3104 in
2481 3050 2731 3105 ordinem
2759 3050 3056 3119 iustorum,
3092 3046 3227 3118 justi
3259 3052 3443 3099 autem

1873 3144 1928 3198 in
1963 3143 2212 3197 ordinem
2236 3144 2551 3212 angelorum
2591 3143 2910 3197 ascendent.

1945 3232 2159 3288 XXVII.
2195 3233 2528 3288 Vaticinium
2558 3232 2882 3303 perditionis
2904 3233 3236 3294 damonum,
3255 3239 3312 3286 et
3332 3230 3447 3285 for-

1875 3327 2123 3382 titudinis
2150 3342 2248 3394 per
2274 3326 2538 3394 Spiritum
2578 3324 2832 3380 fidelibus
2853 3323 3070 3389 futurae,
3105 3322 3445 3378 etmalorum

1869 3420 2071 3475 ludatis
2099 3419 2404 3473 futurorum
2448 3417 2501 3472 in
2527 3425 2772 3486 tempore
2834 3414 3343 3478 consummationis,
3393 3420 3450 3467 et

1871 3513 2048 3568 ruina:
2087 3513 2357 3568 idolorum
2418 3517 2472 3565 et
2514 3509 2752 3578 Spiritus
2798 3507 3020 3574 erroris,
3083 3515 3141 3561 et
3196 3519 3448 3575 quaenam

1869 3607 2092 3663 Christo
2143 3605 2344 3662 eximia
2395 3601 2745 3675 prophetanti
2796 3616 2825 3655 a
2875 3601 3075 3671 populo
3133 3599 3448 3656 Judmorum

1871 3700 2022 3755 ﬁent.

1944 3879 2190 3936 XXVIII.
2208 3880 2542 3936 Vaticinium
2575 3881 2755 3936 crucis
2785 3880 3103 3945 Dominicaa.
3129 3891 3185 3938 et
3205 3885 3426 3954 negatio
3445 3917 3453 3925 -

1872 3971 1958 4026 nis
1987 3971 2156 4037 Petri,
2193 3981 2250 4026 et
2279 3970 2635 4040 dispersionis
2664 3971 3058 4040 apostolorum,
3104 3980 3160 4027 et
3187 3972 3451 4043 perditio«

1872 4064 1960 4119 nis
1986 4062 2327 4126 Iudaeorum,
2371 4069 2426 4116 et
2457 4061 2793 4131 aceeptionis
2823 4077 3011 4118 eorum
3065 4065 3158 4133 qui
3212 4079 3276 4119 ex
3320 4065 3452 4136 ipsis

1874 4170 1972 4224 per
2025 4153 2424 4209 confessionem
2463 4151 2657 4206 salvati
2703 4150 2926 4217 fuerint,
2992 4161 3050 4206 et
3091 4153 3454 4223 expeditionis

1873 4245 2080 4300 Christi
2108 4260 2269 4315 quam
2292 4255 2482 4299 contra
2521 4243 2800 4299 daemones
2833 4253 3057 4315 propter
3087 4245 3332 4315 gentium
3360 4260 3446 4300 sa-

1873 4339 2043 4393 lutem
2076 4337 2338 4404 disponit.

1948 4428 2141 4484 XXIX.
2166 4428 2453 4484 Praedicti'o
2504 4427 2914 4497 Assumptionis
2961 4428 3187 4493 Christi,
3245 4444 3312 4482 ex
3345 4443 3452 4498 qua
3531 4496 3534 4498 γ

196 4513 262 4587 ἧς
287 4520 348 4572 τὸ
381 4523 678 4592 μυστήριον
708 4524 788 4585 είς
825 4523 923 4578 ὅλα
973 4524 1252 4594 μερίζεται
1306 4524 1406 4593 τῆς
1447 4526 1765 4596 οίκουμένης

1876 4522 2193 4593 mysterium
2242 4520 2586 4575 distribuitur
2619 4520 2672 4574 in
2719 4520 2973 4574 universa
3028 4520 3177 4574 orbis
3215 4519 3452 4586 climata,

196 4610 264 4662 τά
286 4611 528 4682 κλίματα
549 4628 562 4643 ·
590 4616 684 4666 καὶ
710 4617 1016 4687 προφητεία
1054 4616 1163 4669 τῶν
1189 4617 1462 4686 ἐσομένων
1490 4618 1549 4670 ἐν
1576 4619 1772 4689 ἐκείνῳ

197 4699 274 4769 τῷ
302 4703 479 4773 καιρῷ
509 4704 825 4774 θαυμάτων,
859 4708 953 4760 καὶ
996 4708 1095 4776 τῆς
1127 4707 1237 4762 τῶν
1268 4708 1438 4762 ἐθνῶν
1470 4709 1770 4779 ὑποταγῆς,

199 4795 290 4846 καὶ
340 4796 695 4868 Ἰερουσαλὴμ
722 4798 820 4867 τῆς
864 4799 990 4860 νέας
1024 4801 1416 4871 κατοικήσεως.

267 4904 332 4961 λ’.
391 4908 617 4976 Ἀπειλὴ
651 4910 791 4962 κατά
823 4909 931 4962 τῶν
980 4909 1055 4980 μὴ
1084 4912 1528 4982 ἐπιστρεψάντων
1561 4912 1732 4967 ἐθνῶν
1757 4927 1770 4942 ⁸

201 4996 294 5046 καὶ
340 4997 593 5068 διήγησις
632 5000 726 5050 τοῦ
785 4999 1016 5053 πλούτου
1066 5002 1176 5054 τῶν
1223 5003 1771 5075 ἐξομολογουμένων·

201 5087 294 5138 καὶ
323 5090 598 5157 ἀπόφασις
628 5091 770 5144 κατά
798 5091 908 5146 τῶν
936 5094 1300 5165 ἁμαρτωλῶν,
1326 5096 1404 5159 ὡς
1433 5098 1775 5166 πεισομένων

201 5183 310 5244 τοῖς
344 5182 600 5237 ἀσεϐέσιν
631 5185 811 5250 ὅμοια.

270 5272 368 5326 λα’.
429 5273 743 5344 Προφήτεία
777 5275 1086 5345 ἀφανισμοῦ
1122 5277 1332 5357 πλάνης
1362 5276 1631 5349 ἐσομένης
1665 5280 1777 5342 τοῖς

205 5359 412 5417 ῑθνεσι·
451 5366 548 5418 καὶ
594 5366 902 5439 πρόρρησις
937 5368 1036 5436 τῆς
1085 5371 1143 5422 ἐν
1172 5371 1356 5432 αὐτοῖς
1401 5372 1776 5440 φυτευομένης

206 5455 458 5517 πίστεως.
497 5457 563 5510 δι’
597 5459 664 5528 ἣν
713 5459 814 5511 οὐκ
858 5459 938 5511 ἐτι
982 5460 1080 5529 τὴν
1119 5460 1430 5531 διαϐολικήν
1475 5461 1774 5515 άπελασίαν

205 5542 520 5602 δεδοίκασιν.

276 5635 371 5704 λβ⁹.
437 5639 660 5710 Ἀπειλὴ
691 5641 832 5692 κατὰ
859 5641 968 5693 τῶν
998 5641 1072 5711 μὴ
1098 5642 1558 5712 παραϐαλλόντων
1583 5646 1649 5713 τῇ
1679 5643 1777 5714 νέᾳ

218 5724 589 5803 Ἰερουσαλὴμ,
618 5730 761 5785 ὥστε
793 5733 861 5786 τά
891 5733 986 5787 νέα
1016 5735 1110 5787 τοῦ
1136 5734 1374 5804 Χριστοῦ
1409 5737 1776 5805 πανηγυρίσαι

211 5824 510 5894 μυστήρια·
559 5825 653 5879 καὶ
685 5826 1008 5898 πρόρρησις,
1044 5827 1122 5898 τῷ
1161 5826 1505 5898 εὐαγγελικῷ
1541 5827 1686 5897 λόγῳ
1707 5828 1775 5882 τὰ

1876 4622 1934 4668 et
1961 4612 2279 4668 vaticinium
2321 4611 2632 4666 futurorum
2677 4627 2744 4666 eo
2771 4619 3018 4682 tempore
3042 4611 3451 4679 miraculorum,

1876 4715 1932 4762 et
1958 4704 2319 4775 subjectionis
2354 4706 2625 4775 gentium,
2646 4712 2702 4759 et
2729 4703 3086 4758 habitationis
3117 4717 3272 4758 nova:
3297 4701 3453 4756 Jeru-

1877 4797 2076 4852 saleni.

1946 4906 2115 4962 XXX.
2147 4907 2307 4962 Minae
2334 4909 2387 4961 in
2435 4922 2531 4962 eos
2564 4910 2656 4978 qui
2688 4924 2754 4962 ex
2784 4907 3035 4979 gentibus
3067 4921 3175 4960 non
3206 4905 3455 4962 conversi

1877 5001 2102 5065 fuerint,
2145 5011 2200 5054 et
2221 5000 2491 5069 cspositio
2518 5000 2830 5054 divitiarum
2871 5015 3060 5053 eorum
3095 5000 3187 5068 qui
3219 4997 3454 5052 confessi

1878 5092 2103 5156 fuerint,
2141 5101 2196 5146 et
2223 5093 2494 5145 sententia
2521 5101 2714 5147 contra
2735 5101 3074 5162 peccatores,
3100 5091 3292 5146 eadem
3342 5091 3454 5147 sci-

1878 5185 2005 5240 licet
2034 5199 2292 5254 passuros
2311 5199 2435 5238 esse
2463 5200 2584 5254 quae
2614 5184 2788 5254 impii.

1947 5277 2137 5331 XXXI.
2178 5277 2506 5332 Vaticinium
2537 5276 2604 5330 de
2622 5291 2807 5330 errore
2823 5275 3100 5344 gentilium
3131 5274 3454 5336 auferendo,

1876 5377 1932 5422 et
1965 5367 2246 5437 praedictio
2273 5367 2340 5421 de
2363 5366 2652 5435 plantanda
2689 5366 2832 5419 inter
2859 5379 2954 5418 eos
2984 5364 3111 5429 fide,
3152 5380 3314 5435 quam
3345 5381 3457 5419 am-

1878 5462 2019 5533 plexi
2051 5461 2198 5516 haud
2231 5459 2464 5530 amplius
2492 5459 2694 5514 diaboli
2724 5460 3158 5528 persecutionem
3201 5458 3416 5512 timent.

1946 5642 2163 5697 XXXII.
2187 5642 2342 5697 Minae
2360 5652 2548 5697 contra
2567 5658 2662 5697 eos
2683 5643 2774 5712 qui
2791 5657 2899 5695 non
2915 5640 3276 5696 adhazrebunt
3294 5656 3453 5697 novae

1875 5731 2204 5796 Jerusalem,
2238 5731 2309 5784 ita
2346 5741 2406 5785 ut
2437 5747 2575 5786 nova
2602 5730 2807 5785 Christi
2840 5729 3118 5783 celebrent
3165 5729 3454 5797 mysteria,

1877 5836 1932 5882 et
1953 5824 2235 5897 praedictio
2261 5831 2453 5894 gentes
2477 5822 2793 5894 evangelico
2817 5822 2986 5877 verbo
3005 5820 3298 5876 frenandas
3316 5820 3452 5876 fore.
