4156 6452
743 363 876 425 1367

1918 383 2274 444 lIESYClIIl
2332 389 2798 450 PRESBYTER!

3864 384 4011 449 138

736 480 871 534 etin
908 480 1232 537 immensum
1269 501 1618 556 progressum
1645 505 1769 547 esse
1789 491 1990 550 Christi
2028 500 2304 569 mysteria.

2413 503 2538 574 ἔθνη
2584 504 3050 574 χαλινωθήσεσθαι
3098 505 3190 556 καὶ
3223 503 3490 574 πνρόκοψιν
3525 504 3605 566 είς
3640 501 3859 572 πλῆθος
3908 501 4007 554 τοῦ

808 656 1096 715 Zacharias
1124 661 1391 732 significat
1419 670 1673 723 memoria
1708 672 1968 727 Altissimi
1991 675 2106 730 sive
2143 678 2308 731 victor

735 748 918 801 leonis.
941 749 1038 804 llic
1059 763 1175 806 erat
1207 755 1276 807 de
1294 743 1493 824 genere
1511 757 1639 814 Levi
1662 777 1676 824 ;
1709 770 1870 816 natus
1897 774 1981 819 est
2006 766 2059 819 in
2084 766 2305 824 Galaad.

738 840 801 891 Et
827 841 1050 894 veniens
1067 858 1131 895 ex
1160 844 1412 901 Chaldaca
1431 847 1544 917 jam
1563 851 1814 919 grandaav
1829 869 1911 916 us,
1931 865 2119 911 etcum
2140 861 2306 915 multa

738 933 938 998 templo
971 934 1300 990 vaticinatus
1323 946 1488 1005 esset,
1512 941 1628 996 inec
1643 942 1793 997 dedit
1811 944 1865 998 in
1883 945 2309 1006 demonstratio-

735 1037 886 1074 nem.
919 1023 1062 1078 Dixit
1089 1027 1153 1080 ad
1192 1028 1422 1085 Josedec
1449 1032 1576 1101 quia
1599 1033 1780 1104 gignet
1804 1036 1972 1090 filium
1998 1049 2052 1093 et
2073 1040 2127 1093 in
2148 1041 2309 1096 Jeru-

736 1114 904 1166 salem
965 1118 1287 1173 sacriﬁcabit
1331 1121 1382 1174 in
1444 1132 1627 1193 typum
1685 1129 1798 1181 veri
1849 1131 2167 1186 sacerdotis.
2210 1134 2308 1189 llic

736 1218 952 1272 quoque
999 1208 1256 1262 Salathiel
1288 1211 1355 1263 de
1397 1211 1505 1268 filio
1574 1216 1875 1282 benedixit,
1924 1229 1980 1272 et
2017 1237 2215 1275 nomen
2258 1225 2308 1276 ci

739 1294 1039 1351 Zorohabcl
1069 1299 1350 1368 imposuit,
1368 1313 1441 1369 et,
1458 1316 1716 1375 regnante
1737 1308 1896 1378 Cyro,
1920 1311 2065 1365 dedit
2091 1313 2306 1382 signum

740 1387 792 1437 in
821 1387 1101 1442 victoriam
1140 1407 1154 1442 :
1203 1400 1259 1446 et
1304 1396 1652 1462 prophetavit
1698 1397 1766 1451 de
1816 1400 2121 1455 ministerio
2167 1403 2305 1472 ejus,

737 1479 882 1544 quod
908 1481 1249 1548 perfecturus
1274 1493 1390 1538 erat
1419 1485 1470 1539 in
1500 1486 1804 1543 Jerusalem
1842 1499 1898 1545 et
1949 1493 2100 1546 valde
2143 1493 2308 1548 henc-

740 1568 877 1622 dixit
909 1571 978 1623 ci.
1006 1570 1149 1626 Vidit
1199 1583 1381 1628 autem
1420 1581 1849 1648 propositionem
1881 1582 2216 1648 Jerusalem;
2253 1596 2308 1640 et

739 1660 908 1714 edidit
934 1664 1278 1732 prolihetiam
1306 1668 1372 1721 de
1406 1669 1510 1722 ﬁne
1541 1670 1725 1736 Israel,
1751 1672 1818 1726 de
1852 1673 2010 1728 initio
2038 1677 2303 1745 gentium.

739 1752 809 1807 de
838 1752 945 1808 line
963 1757 1148 1826 templi
1175 1760 1399 1828 ejusque
1429 1776 1457 1815 a
1486 1761 1853 1820 fundamentis
1880 1767 2060 1831 ruina,
2087 1769 2154 1823 de
2189 1785 2301 1823 ees-

2409 595 2647 663 Χριστοῦ
2678 597 2746 648 τὰ
2778 596 3072 664 μυστήρια.

2477 687 2754 754 Ζαχαρίας
2774 686 3134 756 ἑρμηνεύεται
3155 685 3362 754 μνήμη
3406 685 3724 753 Ὑψίστου,
3752 683 3786 751 ἢ
3817 698 4000 744 νικη-

2408 777 2519 842 τὴς
2545 779 2814 842 λέοντος.
2841 773 3008 839 Οὗτος
3039 773 3110 846 ἦν
3137 779 3199 829 ὲκ
3222 777 3412 844 γένους
3441 777 3596 837 Δευῒ.
3625 774 3915 845 ἐγεννήθη
3946 776 4001 823 ἐν

2408 868 2656 921 Γαλαάδο
2697 870 2792 921 καὶ
2845 869 3012 921 ἐλθὼν
3049 869 3160 922 ἀπὸ
3206 868 3508 930 Χαλδαίων,
3555 867 3657 938 ἤδη
3702 864 3998 937 προδεδη-

2409 961 2545 1024 κὼς,
2581 961 2674 1014 καὶ
2721 960 2893 1012 πολλά
2923 960 3002 1030 τῷ
3044 959 3157 1029 ναῷ
3193 958 3597 1028 προφητεύσας,
3643 958 3860 1009 ἔδωκεν
3920 958 4000 1016 εἰς

2407 1050 2684 1115 ἀπόδειξιν
2729 1049 2937 1112 οὕτως’
2972 1047 3093 1101 εἷπε
3144 1049 3223 1119 τῷ
3279 1048 3545 1113 Ἰωσεδὲκ,
3598 1049 3681 1100 ὅτι
3734 1050 3998 1114 γεννήσει

2410 1142 2545 1200 υἱὸν,
2581 1143 2672 1194 καὶ
2709 1143 2764 1194 ὲν
2821 1141 3181 1210 Ἰερουσαλὴμ
3215 1141 3542 1210 ίερατεύσει,
3581 1141 3662 1200 εἰς
3692 1140 3876 1190 τύπον
3906 1138 3998 1188 τοῦ

2409 1229 2625 1298 ἀληθῶς
2651 1232 2972 1300 ἀρχιερέως.
3008 1226 3175 1293 Οὗτος
3209 1231 3301 1282 καὶ
3324 1231 3414 1281 τὸν
3446 1229 3722 1298 Σαλαθιῆλ
3757 1230 3860 1280 ἐπὶ
3898 1227 3999 1293 ιιι-ξι

2409 1323 2692 1391 εὐλόγησε,
2727 1325 2818 1375 καὶ
2847 1322 2907 1374 τὸ
2951 1322 3120 1390 ὄνομα
3153 1321 3320 1374 αὑτοῦ
3359 1320 3665 1387 Ζοροὸάὸελ
3702 1320 3994 1387 ἑπέθηκε’

2408 1413 2502 1464 καὶ
2527 1414 2620 1464 ὲπί
2651 1413 2833 1484 Κύρου
2858 1413 3026 1483 τέρας
3055 1413 3254 1465 ἔδωκεν
3280 1413 3360 1474 είς
3387 1415 3535 1473 νῖκος
3554 1427 3568 1441 ·
3603 1410 3696 1462 καὶ
3728 1411 3868 1478 περὶ
3897 1409 3998 1476 τῆς

2408 1503 2746 1572 λειτουργίας
2777 1504 2943 1555 αὑτοῦ
2973 1504 3398 1573 προεφήτευσεν,
3431 1502 3497 1572 ἢν
3527 1504 3748 1570 ποιήσει
3790 1501 3854 1551 ἐν
3899 1500 3998 1550 Ἰε·

2411 1595 2715 1665 ρουσαλὴμ,
2750 1597 2844 1648 καὶ
2883 1596 3173 1664 εὐλόγησεν
3221 1594 3383 1647 αὐτὸν
3416 1594 3642 1662 σφόδρα.
3675 1591 3757 1645 Τὸ
3793 1592 3858 1644 δὲ
3899 1592 3999 1658 τῆς

2409 1687 2718 1758 προθέσεως
2747 1683 2889 1740 εἶδεν
2930 1687 3290 1757 Ἰερουσαλήμ
3314 1703 3327 1718 ·
3359 1688 3451 1739 ναὶ
3489 1686 3617 1756 περὶ
3654 1684 3857 1746 τέλους
3909 1683 3997 1735 Ἰσ-

2413 1780 2570 1851 ραὴλ,
2603 1781 2697 1833 καὶ
2731 1781 2906 1851 ἀρχῆς
2961 1779 3153 1842 ἐθνῶν,
3203 1780 3298 1831 καὶ
3346 1777 3531 1840 τέλους
3569 1775 3666 1828 τοῦ
3707 1775 3874 1840 ναοῦ,
3924 1775 3998 1834 di;

741 1845 950 1898 satione
970 1847 1378 1916 prophetarum,
1394 1861 1450 1906 et
1469 1855 1832 1921 sacerdotum,
1851 1865 1907 1910 et
1923 1857 2305 1926 Sabhatorum,

2413 1845 2673 1940 θεμελίων
2713 1845 3120 1940 καταστροφῆς,
3167 1869 3262 1921 καὶ
3310 1868 3507 1937 ἀργίας
3540 1866 3854 1937 προφητῶν
3904 1865 3999 1917 καὶ

740 1941 796 1987 ct
822 1934 890 1988 de
921 1936 1122 2006 duplici
1149 1940 1373 2009 judicio.
1418 1943 1486 1997 Et
1519 1955 1766 2001 mortuus
1797 1957 1882 2002 est
1915 1948 1970 2002 in
2026 1959 2306 2007 senectute

742 2039 953 2096 magna,
976 2029 1304 2087 etdeliciens
1333 2035 1580 2103 sepultus
1606 2044 1689 2090 est
1707 2051 1876 2108 prope
1907 2038 2185 2110 Aggznum.

983 2292 1232 2350 CAPITA
1257 2295 1632 2355 MALACHUE
1671 2299 2084 2361 PBOPHETJE.

814 2401 856 2458 l.
892 2403 1048 2470 Quod
1083 2406 1226 2464 Deus
1270 2411 1547 2468 hominem
1577 2416 1770 2486 diligit,
1798 2429 2084 2473 aversatur
2122 2429 2305 2475 autem

742 2501 798 2547 et
828 2496 943 2550 odit
977 2498 1359 2557 diabolum.Et
1391 2505 1696 2576 objurgatio
1751 2508 1806 2563 in
1842 2509 2028 2577 Israel,
2055 2525 2123 2566 eo
2162 2511 2308 2581 quod

745 2585 855 2640 Deo
892 2597 950 2643 ut
982 2587 1268 2658 Salvatori,
1297 2611 1473 2666 neque
1498 2609 1557 2651 ut
1585 2599 1808 2656 Domino
1834 2616 2202 2659 accesserunt.

809 2768 1188 2830 ILAecusatio
1220 2779 1563 2834 sacerdotum
1613 2781 1986 2850 Judaieorum,
2046 2801 2113 2841 eo
2165 2789 2310 2858 quod

743 2860 1006 2915 sacrificia
1051 2865 1464 2933 adulterantes,
1522 2871 1709 2926 altaria
1764 2873 2201 2943 inquinavrrunt.
2251 2879 2312 2932 lit

746 2952 1063 3009 vaticinium
1085 2958 1305 3026 pietatis
1335 2961 1576 3030 gentium
1602 2980 1616 3028 ;
1643 2973 1698 3017 et
1717 2965 1878 3019 minae
1907 2966 1960 3020 in
1977 2981 2072 3021 eos
2091 2968 2183 3036 qui
2204 2968 2315 3023 Deo

748 3040 891 3096 bona
913 3046 1253 3113 promittunt,
1278 3065 1444 3120 prava
1477 3061 1661 3107 autem
1685 3068 1784 3122 pro
1801 3053 1881 3109 eis
1921 3054 2226 3124 proferunt.

847 3227 917 3281 ll.
944 3226 1102 3284 lina:
1139 3231 1192 3284 in
1228 3235 1536 3288 sacerdotes
1575 3234 1850 3299 Judaicos,
1892 3237 2099 3293 scilicet
2138 3237 2315 3292 ftedus

749 3333 873 3373 cum
909 3319 1041 3388 ipsis
1092 3322 1289 3376 initum
1323 3325 1646 3392 dissipatum
1688 3326 1775 3380 iri.

817 3410 904 3464 IV.
940 3409 1266 3468 Vaticinium
1314 3416 1382 3470 de
1425 3416 1645 3471 Christo
1676 3428 1734 3473 et
1759 3419 1919 3472 minae
1945 3429 2136 3474 contra
2169 3421 2319 3490 prin-

749 3497 900 3567 cipes
931 3500 1265 3570 Judzeorum,
1298 3520 1365 3561 eo
1406 3509 1548 3577 quod
1586 3525 1750 3564 causa
1776 3509 1981 3566 fuerint
2011 3522 2317 3582 transgres-

750 3589 922 3644 sionis
947 3592 1099 3664 legis.

821 3679 885 3735 V.
926 3681 1303 3753 Reprehensio
1334 3697 1522 3743 contra
1557 3688 1794 3755 Iudaeos,
1853 3693 1980 3762 quia
2021 3692 2315 3748 fraternam

747 3773 1096 3834 dilectionem
1121 3796 1232 3835 non
1257 3795 1613 3838 servaverunt
1645 3827 1660 3849 ,
1696 3795 1751 3839 et
1775 3787 2086 3841 maledictio
2127 3789 2180 3841 in
2220 3804 2317 3842 vo—

748 3863 1002 3933 lnptuose
1025 3871 1273 3926 viventes
1295 3884 1346 3926 et
1370 3873 1708 3938 idololatras.
1723 3884 1780 3930 et
1797 3891 1858 3931 ea
1875 3876 2170 3933 oﬂ'erentcs
2191 3895 2317 3948 pro-

749 3965 871 4023 pter
892 3975 1012 4028 que
1045 3974 1370 4031 gemuerunt
1396 3964 1511 4019 alii.

818 4045 902 4100 Vl.
927 4048 1334 4106 Bememoratio
1355 4053 1636 4109 muliebris
1665 4054 1798 4126 legis
1837 4072 1869 4111 a
1906 4057 2017 4112 Deo
2065 4059 2205 4113 data».
2249 4061 2316 4115 de

746 4139 1016 4210 conjugio.
1033 4153 1089 4196 et
1104 4145 1458 4212 reprehensio
1482 4161 1672 4200 eorum
1697 4148 1790 4218 qui
1809 4147 2123 4204 existimant
2144 4151 2314 4206 Deum

747 4230 906 4283 malis
934 4231 1215 4289 delectari.

824 4317 935 4375 \‘ll.
973 4319 1257 4377 Pmdictio
1297 4322 1543 4387 Joannis.
1581 4327 1958 4397 pracursoris,
1994 4331 2314 4398 praesentire,

745 4419 802 4463 et
818 4409 1114 4467 Salvatoris
1129 4414 1418 4481 adventus,
1439 4427 1494 4471 et
1520 4432 1770 4487 quaenam
1799 4420 2057 4474 miracula
2085 4421 2317 4475 veniens

746 4503 1081 4570 operabitur.

815 4592 951 4647 VIII.
987 4594 1278 4649 Accusatio
1302 4593 1653 4650 Iudaicarum
1691 4596 1996 4666 principum
2026 4607 2084 4652 et
2123 4598 2309 4668 p0pnli

747 4693 973 4754 propter
992 4686 1210 4741 crebras
1241 4686 1710 4754 praevaricationes
1736 4705 1751 4740 :
1782 4696 1838 4742 et
1874 4689 2314 4758 ingratitudinem

749 4793 848 4846 pro
876 4776 1032 4851 bonis
1059 4777 1300 4846 antiquis
1321 4778 1628 4832 denuntiat.

815 4957 910 5014 IX.
941 4958 1210 5014 Allocutio
1242 4957 1413 5029 ipsius
1435 4956 1527 5012 Dei
1561 4957 1628 5011 ad
1655 4958 1833 5027 justos
1854 4974 1920 5012 eo
1945 4959 2090 5028 quod
2124 4974 2312 5027 pecca-

749 5061 896 5105 tores
922 5049 1117 5103 melius
1139 5049 1336 5103 habere
1363 5057 1786 5118 conquerantur.
1822 5050 1886 5102 Et
1911 5050 2198 5118 promissio
2221 5050 2316 5103 ho-

749 5155 941 5196 norum
970 5155 1092 5209 qua:
1131 5139 1314 5193 futura
1351 5149 1477 5194 sunt
1505 5139 1690 5208 justis,
1725 5148 1780 5194 et
1823 5144 2090 5194 malorum
2134 5138 2312 5202 malis,

747 5229 803 5283 in
831 5229 1034 5284 seculo
1062 5238 1315 5296 venturo,
1353 5244 1450 5298 per
1477 5230 1714 5297 priorem
1745 5228 1946 5285 Christi
1980 5230 2296 5283 adventum.

818 5503 886 5562 Χ.
922 5504 1242 5561 Exhortatio
1269 5505 1335 5559 ad
1367 5505 1756 5561 recordantium
1778 5472 2118 5574 eorumque
2145 5519 2174 5556 a
2209 5502 2315 5557 Deo

748 5601 894 5656 dicta
933 5607 1062 5653 sunt
1094 5597 1148 5652 in
1177 5596 1381 5661 lloreb,
1413 5614 1539 5653 cum
1563 5598 1840 5654 Christum
1869 5599 1922 5653 iu
1943 5599 2074 5670 ipsis
2109 5599 2314 5670 signiti-

749 5692 972 5746 cavcrit.
1004 5691 1070 5746 Et
1087 5689 1219 5744 Ειίιε
1244 5687 1535 5744 Thesbites
1562 5689 1831 5744 adventus
1859 5690 2171 5760 promissio.

2410 1963 2568 2034 ἱερῶν
2611 1963 2704 2016 καὶ
2733 1962 3036 2026 σαδὸἀτων,
3083 1964 3176 2016 καὶ
3208 1962 3402 2032 διπλῆς
3439 1961 3697 2031 κρίσεως,
3747 1959 3996 2025 ἐξέθετο.

2407 2056 2500 2108 καὶ
2528 2055 2802 2110 ἀπέθανεν
2834 2060 2893 2109 ὲν
2938 2058 3100 2127 γήρει
3138 2055 3359 2126 μακρῷ,
3393 2054 3486 2107 καὶ¹
3516 2053 3794 2106 ἐκλείπων
3829 2051 3996 2122 ἰτέθη

2412 2145 2671 2216 σύνεγγυς
2698 2147 2792 2201 τοῦ
2835 2148 3108 2217 ’Δγγαίου.

2589 2309 2934 2362 ΚΕΦΑΛΑΙΛ
2990 2304 3354 2362 ΜΑΛΑΧΙΟΥ
3410 2304 3811 2360 ΠΡΟΦΗΤΟΥ.

2480 2429 2548 2474 α’.
2609 2421 2732 2476 Ὀτι
2759 2421 2849 2474 τὸν
2876 2420 3160 2491 ἄνθρωπον
3183 2423 3212 2473 ό
3246 2419 3378 2481 Θεὸς
3406 2419 3612 2487 ἀγαπᾷ,
3643 2416 4001 2487 ἀποστρέφε-

2409 2532 2498 2565 ται
2525 2513 2581 2564 δὲ
2613 2513 2707 2565 καὶ
2753 2514 2904 2580 μισεῖ
2941 2511 3032 2564 τὸν
3070 2510 3349 2584 διάϐολονο
3403 2509 3496 2562 καὶ
3543 2508 3861 2577 ὀνειδισμὸς
3905 2507 4000 2559 τοῦ

2421 2604 2660 2674 Ἰσραὴλ,
2693 2602 2810 2656 ἀνθ’
2848 2597 2922 2655 ὧν
2957 2602 3037 2674 τῷ
3067 2602 3189 2673 Θεῷ
3228 2602 3349 2655 οὐδὲ
3390 2603 3465 2663 ῶς
3495 2600 3713 2669 Σωτῆρι
3744 2599 3876 2652 οὐδὲ
3928 2600 4004 2661 ὡς

2411 2695 2656 2764 Δεσπότῃ
2682 2692 3004 2763 προσῆλθον.

2487 2783 2551 2852 β’.
2587 2784 2905 2853 Κατηγορία
2930 2782 3039 2835 τῶν
3082 2779 3382 2834 Ἰουδαϊκῶν
3415 2780 3625 2851 ἱερέων,
3661 2778 3753 2844 ἐφ’
3782 2773 3875 2841 οἷς
3905 2778 4005 2838 τὰς

2418 2871 2606 2933 Θυσίας
2650 2873 2994 2936 νοθεύοντες,
3047 2872 3272 2940 ὲμίανον
3317 2871 3386 2924 τὰ
3442 2870 3857 2937 θυσιαστήρια’
3913 2871 4006 2919 καὶ

2421 2964 2726 3035 προφητεία
2770 2964 2870 3030 τῆς
2910 2963 3020 3016 τῶν
3065 2962 3235 3015 ὲθνῶν
3267 2961 3613 3022 θεοσεϐείαςο
3664 2960 3763 3012 καὶ
3793 2959 4006 3027 ἀπειλὴ

2415 3056 2556 3108 κατὰ
2583 3055 2806 3119 τούτων,
2827 3055 3025 3116 οἵτινες
3041 3053 3465 3122 ἐπαγγέλλονται
3494 3053 3709 3121 χρηστὰ
3739 3050 3825 3118 τῷ
3857 3048 4002 3117 Θεῷ,

2343 3185 2384 3239 C
2420 3144 2598 3212 φαῦλα
2622 3145 2678 3198 δὲ
2705 3147 2817 3198 ἀντ’
2846 3146 3070 3198 ἐκείνων
3099 3144 3448 3213 προφέρουσι.

2487 3235 2558 3304 γ’.
2619 3238 2839 3307 ’Δπειλὴ
2896 3237 3038 3290 κατὰ
3095 3236 3204 3289 τῶν
3269 3233 3572 3288 Ἰουδαϊκῶν
3634 3234 3876 3302 ἱερέων,
3933 3235 4004 3292 ὡς

2422 3327 2721 3398 μελλούσης
2750 3329 2846 3397 τῆς
2881 3328 3016 3398 πρὸς
3047 3327 3240 3389 αὐτοὺς
3280 3327 3542 3395 διαθήκης
3571 3326 4004 3394 σκορπίξεσθαι.

2491 3418 2552 3472 δ’.
2607 3419 2919 3490 Προφητεία
2977 3421 3105 3487 περὶ
3146 3417 3406 3488 Χριστοῦ,
3461 3415 3571 3470 καὶ
3602 3415 3806 3483 ἀπειλὴ
3863 3417 4004 3467 κατὰ

2417 3511 2528 3562 τῶν
2580 3510 2886 3563 ’ἰουδαῖκῶν
2930 3510 3205 3580 ἀρχόντων
3239 3509 3358 3562 ἀνθ’
3404 3502 3479 3562 ὧν
3529 3507 3692 3562 αἴτιοι
3743 3509 4005 3573 ἐγένοντο

2415 3601 2516 3671 τῆς
2545 3600 2640 3655 τοῦ
2670 3601 2837 3670 νόμου
2869 3601 3251 3670 παραῦάσεως.

2488 3700 2552 3748 ε’.
2597 3692 2944 3761 Ἐπιτίμησις
2977 3692 3116 3745 κατά
3145 3691 3254 3744 τῶν
3299 3689 3586 3751 Ἰουδαίων,
3617 3691 3700 3743 ὅτι
3739 3688 3848 3759 τὴν
3881 3688 4003 3758 φιλ-

2417 3784 2675 3853 αδελφίαν
2702 3786 2800 3836 οὐκ
2837 3784 3139 3852 ἐφύλαξαν·
3171 3785 3266 3836 καὶ
3309 3782 3418 3853 ἀρὰ
3452 3780 3594 3834 κατά
3622 3780 3734 3833 τῶν
3782 3782 4003 3849 taum-

2418 3876 2672 3940 θούντων,
2705 3877 2796 3928 καὶ
2825 3872 3377 3944 εἰδωλολατρούντων,
3409 3873 3500 3926 καὶ
3530 3869 3706 3924 ταῦτα
3750 3887 4000 3940 προσφε-

2417 3969 2640 4039 ρόντων,
2672 3967 2756 4035 ἐφ’
2788 3962 2869 4029 οἷς
2905 3964 3420 4034 ὲττὲναξανεῑτεροι.

2488 4068 2562 4125 ς’.
2628 4061 2958 4129 Ἀνάμνησις
2984 4057 3076 4111 τοῦ
3105 4057 3348 4119 δοθέντος
3378 4054 3530 4124 παρά
3551 4053 3686 4106 Θεοῦ
3720 4054 3857 4122 περὶ
3897 4053 4002 4122 τῆς

2416 4151 2678 4220 συζυγίας
2723 4151 2818 4204 τοῦ
2865 4149 3176 4218 γυναικείου
3228 4148 3432 4217 νόμουο
3482 4148 3577 4200 καὶ
3611 4147 3839 4214 ἐλεγχος
3886 4147 4000 4198 τῶν

2414 4241 2730 4314 ἡγουμένων
2758 4240 2851 4294 τὸν
2875 4239 3009 4294 Θεὸν
3042 4241 3155 4304 τοῖς
3185 4240 3442 4308 πονηροῖς
3468 4235 3825 4309 ἀρέσκεσθαι.

2487 4332 2554 4395 ζ’.
2603 4331 2916 4402 Προφητεία
2957 4328 3061 4400 τῆς
3119 4329 3363 4382 Ἰωάννου
3387 4327 3480 4380 τοῦ
3513 4327 3828 4396 προδρόμου
3852 4343 4002 4394 παρα

2414 4423 2632 4484 ουσίας,
2696 4420 2790 4472 καὶ
2840 4420 2938 4489 τῆς
2986 4417 3082 4471 τοῦ
3131 4418 3383 4486 Σωτῆρος
3428 4415 3699 4483 ἀφίξεως,
3753 4415 3859 4466 καὶ
3910 4410 4002 4467 οἷα

2348 4520 2388 4574 ι)
2417 4510 2819 4580 θαυματουργετ
2856 4507 3310 4578 παραγινόμενος.

2486 4608 2554 4669 η’.
2608 4597 2929 4668 Κατηγορία
2971 4597 3080 4650 τῶν
3131 4596 3440 4649 Ἰουδαϊκῶν
3485 4594 3840 4663 συναγωγῶν,
3904 4597 4000 4646 καὶ

2413 4690 2507 4743 τοῦ
2559 4689 2690 4741 λαοῦ
2737 4689 2832 4740 ἐπὶ
2889 4687 3108 4749 πολλαῖς
3162 4686 3563 4757 παρανομίαις·
3619 4687 3713 4738 καὶ
3759 4689 3830 4756 τῇ
3891 4689 4001 4740 τῶν

2415 4778 2680 4846 ἀπαρχῶν
2709 4776 3068 4845 ἀγνωμοσύνῃ
3103 4775 3544 4846 ἅδιορθουμένοις
3566 4774 3788 4841 ἀγαθῶν
3818 4777 4000 4845 ἑπαγο

2417 4870 2607 4936 γελίαν
2644 4870 2835 4921 ἔδωκε.

2486 4963 2550 5016 θ’.
2594 4961 2838 5025 Διάλεξις
2873 4960 3051 5014 -αὐτοῦ
3081 4959 3175 5013 τοῦ
3204 4958 3339 5012 Θεοῦ
3387 4959 3524 5027 πρὸς
3553 4959 3677 5022 τοὺς
3716 4960 3997 5025 δικαίους,

2417 5054 2503 5122 ἐφ’
2548 5047 2629 5117 οἷς
2675 5052 2750 5114 ὡς
2801 5055 3045 5120 κρεῖττον
3084 5052 3194 5104 τῶν
3246 5051 3586 5121 ἁμαρτωλῶν
3634 5051 3999 5121 πραττόντων

2417 5143 2760 5210 ὲμέμφοντο·
2816 5142 2910 5194 καὶ
2959 5141 3250 5209 ὑπόσχεσις
3282 5139 3390 5192 τῶν
3443 5140 3715 5209 ἐσομένων
3764 5141 4000 5206 ἀγαθῶν

2415 5239 2527 5297 τοῖς
2585 5235 2863 5296 δικαίοις,¹
2912 5233 3162 5302 πονηρῶν
3210 5232 3267 5284 δὲ
3307 5234 3418 5294 τοῖς
3475 5233 3754 5301 πονηροῖς,
3797 5233 3865 5284 ὲν
3919 5235 4001 5303 τῷ

2417 5331 2575 5384 αἰῶνι
2611 5329 2875 5399 μέλλοντι,
2906 5327 2993 5381 διὰ
3034 5327 3133 5394 τῆς
3161 5325 3254 5378 τοῦ
3281 5324 3524 5395 Χριστοῦ
3579 5326 3861 5395 προτέρας
3894 5329 4002 5394 ἀψ-

2419 5422 2590 5485 ίξεως.

2490 5512 2541 5567 ι’.
2599 5514 2949 5584 Παραίνεσις,
2999 5510 3308 5580 μεμνῆσθαι
3338 5509 3447 5561 τῶν
3483 5510 3540 5560 ὲν
3568 5506 3770 5577 Χωρὴῦ
3816 5508 3998 5577 λαλη-

2417 5606 2620 5659 θέντων
2673 5603 2824 5673 παρά
2855 5605 3013 5667 Θεοῦ,
3043 5603 3231 5671 ἐπειδὴ
3279 5601 3369 5653 τὸν
3410 5600 3644 5670 Χριστὸν
3693 5601 3752 5652 ὲν
3801 5601 3997 5661 αὐτοῖς

2418 5697 2801 5766 προσεμήνυσε
2865 5694 2974 5765 [ἶσ.
3031 5689 3441 5762 προεμήνυσε
3510 5691 3606 5743 καὶ
3647 5690 3747 5758 τῆς
3805 5691 3999 5743 Ἡλίου

2419 5787 2513 5841 τοῦ
2542 5787 2800 5839 Θεσείτου
2840 5785 3134 5856 παρουσίας
3167 5782 3477 5852 ὑπόσχεσις.
