4156 6452
141 408 276 487 1369

1560 416 1635 474 [Ν
1680 416 1970 479 ISALLVI.

3260 413 3396 480 1370

203 528 490 600 Μαλαχίας
523 528 884 601 ἑρμηνεύεται
922 529 1197 599 ἄγγελος.
1232 522 1401 592 Οὗτος
1447 530 1584 600 μετά
1612 531 1713 598 τὴν

1892 532 2182 586 Malachias
2235 530 2505 600 significat
2552 529 2800 600 Angelus.
2848 526 2944 582 llic
3002 534 3124 597 post
3174 526 3406 580 reditum

136 620 473 692 ἐπιστροφὴν
503 621 751 674 τίκτεται
780 622 839 673 ἐν
867 621 1073 689 Σοφιρᾷ
1115 622 1179 672 ἐκ
1206 620 1399 688 γένους
1436 620 1587 684 Λευῖ,
1622 623 1714 672 καὶ

1837 640 1850 676 l
1890 624 2204 692 captivitate
2228 633 2386 676 natus
2426 621 2592 676 estin
2625 621 2859 691 Sophira
2906 622 2974 676 de
3017 636 3218 690 genere
3250 619 3404 674 Levi.

133 711 213 763 ἔτι
247 713 391 766 πάνυ
422 711 543 776 νέος
569 710 645 764 ὣν
677 711 840 764 καλὸν
879 711 992 782 βίον
1020 710 1144 780 ἔσχε
1166 727 1180 740 ⁸
1209 713 1302 764 καὶ
1328 711 1517 780 ἐπειδὴ
1545 713 1652 774 πᾶς
1687 712 1715 761 ὁ

135 804 263 867 λαὸς
296 805 461 875 ἐτίμα
490 806 652 857 αὑτὸν
683 805 759 868 ὡς
793 789 1084 874 ἄμεμπτον
1114 805 1207 857 καὶ
1247 803 1450 874 πραῢν,
1485 804 1712 856 ἐκάλεσε

133 897 426 964 Μαλαχίαν
475 896 674 960 αὐτὸν,
726 898 755 948 ὃ
807 898 955 948 ἐστιν
1002 895 1260 965 ἄγγελος
1288 912 1304 928 ο
1351 892 1418 967 ἦν
1464 896 1573 966 γὰρ
1619 897 1714 949 καὶ

134 990 210 1059 τῷ
240 991 374 1042 εἴδει
406 991 722 1060 εὐπρεπής·
762 989 900 1042 ἀλλά
933 989 1028 1042 καὶ
1060 988 1117 1051 ὃς
1148 987 1310 1051 αὐτὸς
1339 984 1492 1041 εἶπεν
1523 990 1633 1058 (15)
1657 992 1714 1041 ἐν

140 1083 486 1152 προφητείᾳ,
539 1083 676 1151 αῦτῇ
734 1083 798 1152 τῇ
851 1081 1034 1151 ἡμέρᾳ
1072 1081 1304 1149 ἄγγελος
1333 1080 1516 1151 ὀφθεὶς
1557 1082 1713 1146 Θεοῦ,

138 1172 492 1244 ἐπεδεύτεροι
529 1173 641 1243 (14)
672 1174 798 1234 τοὺς
829 1173 1021 1239 λόγους
1067 1172 1234 1226 αὑτοῦ
1260 1190 1274 1204 ·
1317 1172 1410 1225 τὸν
1453 1172 1511 1225 δέ
1550 1173 1718 1241 ἀγγε-

138 1263 230 1315 λον
265 1263 445 1326 οὐδεὶς
473 1261 689 1327 ἀνάξιος
726 1261 974 1334 ἐθεώρει,
1013 1262 1130 1315 ἀλλ’
1165 1263 1284 1332 ἦτοι
1331 1262 1514 1332 φωνὴν
1555 1260 1719 1314 αὐτοῦ

137 1355 307 1423 ἤκουε
349 1354 546 1423 μόνον·
581 1356 629 1407 οί
675 1355 730 1407 δέ
763 1355 903 1420 ἄξιοι
949 1355 1044 1407 καὶ
1090 1353 1149 1406 τὸ
1181 1350 1319 1416 εἶδος
1363 1353 1526 1406 αὑτοῦ
1561 1352 1724 1406 ἐθεώ-

141 1464 270 1514 ρουν
294 1463 306 1476 ·
339 1446 416 1510 ὡς
444 1447 661 1515 ἐγένετο
687 1451 745 1500 ἐν
785 1451 905 1510 ταῖς
936 1447 1170 1518 ἡμέραις
1197 1447 1292 1517 τῆς
1324 1445 1585 1516 ἀναρχίας
1607 1462 1620 1476 ο
1648 1445 1724 1506 ὡς

139 1539 462 1606 γέγραπται
499 1539 555 1590 ἐν
586 1539 906 1607 Σχωφετεὶμ
946 1537 1118 1608 Ἐφόιρ
1165 1537 1405 1608 Φωτεὶμ,
1447 1536 1724 1590 τουτέστιν

141 1629 199 1679 ἐν
229 1627 400 1698 βίϐλῳ
431 1628 682 1698 Κριτῶν’
723 1631 818 1682 καὶ
856 1630 936 1682 ἐτι
967 1629 1084 1692 νέος
1128 1626 1206 1681 ὢν
1239 1626 1549 1699 προσετέοη
1591 1629 1725 1699 πρὸς

141 1721 270 1783 τοὺς
304 1722 552 1792 πατέρας
582 1722 769 1785 αὐτοῦ,
801 1725 857 1775 ἐν
881 1721 980 1792 βίῳ
1012 1721 1225 1792 ἀγαθῷ,
1254 1723 1350 1774 καὶ
1381 1718 1558 1790 ἐτάφη
1590 1720 1726 1789 μετά

140 1811 251 1865 τῶν
282 1813 539 1883 πατέρων
565 1813 754 1867 αὑτοῦ.

305 1973 662 2026 ΚΕΦΛΛΑΙΑ
699 1971 957 2025 ΗΣΑΙΟΥ
993 1972 1134 2025 ΤΟΥ
1173 1969 1562 2024 ΠΡΟΦΗΤΟΥ.

208 2089 284 2145 α’.
326 2087 715 2159 Διαμαρτυρία
752 2085 862 2140 τῶν
902 2084 1184 2156 στοιχείων
1217 2085 1307 2138 ἐπὶ
1334 2087 1400 2153 τῇ
1442 2082 1553 2136 τῶν
1597 2083 1732 2135 ’1ου-

145 2178 313 2232 δαίων
347 2178 690 2250 παρανομίᾳ,
715 2181 810 2231 καὶ
833 2177 1088 2247 διήγησις
1109 2175 1212 2244 τῆς
1238 2176 1464 2229 ἐκείνων
1492 2174 1727 2245 πληγῆς·

147 2274 243 2328 καὶ
280 2271 591 2344 προφητεία
613 2272 711 2340 τῆς
741 2271 851 2323 τῶν
882 2269 1085 2340 ἑορτῶν
1108 2270 1202 2323 καὶ
1229 2267 1432 2321 θυσιῶν
1459 2267 1565 2320 τῶν
1597 2268 1730 2337 παρ’

145 2365 331 2426 αὐτοῖς
371 2364 667 2433 ἀποϐολῆς,
697 2362 814 2417 ἀνθ’
827 2356 902 2418 ὧν
926 2362 1169 2434 πονηρὰς
1201 2361 1431 2432 πράξεις
1457 2365 1547 2413 καὶ
1581 2377 1730 2430 μιαι-

147 2457 342 2524 φόνους
371 2459 730 2529 μετήρχοντο.

220 2547 286 2617 β’.
331 2548 625 2620 Προτροπὴ
666 2548 803 2610 πρὸς
838 2549 901 2602 τὸ
939 2547 1255 2618 βάπτισμα·
1288 2546 1382 2599 καὶ
1423 2545 1733 2618 κατηγορία

148 2639 385 2710 ἀρχαίας
428 2641 788 2710 Ἰερουσαλήμ
811 2657 824 2669 ·
858 2642 953 2694 καὶ
982 2639 1179 2710 ἀπειλὴ
1217 2639 1360 2692 κατὰ
1389 2638 1499 2690 τῶν
1526 2637 1731 2705 ταύτης

149 2732 468 2803 ἀρχόντων
521 2733 616 2785 καὶ
655 2732 952 2802 ὑπόσχεσις
996 2730 1354 2792 ἀνανεώσεως
1398 2733 1495 2798 τῆς
1535 2730 1732 2799 Ἰερου..

151 2824 354 2893 σαλὴμ,
386 2824 511 2894 ἥτις
555 2825 634 2887 είς
676 2824 778 2894 τὴν
821 2825 948 2876 νέαν
981 2823 1082 2893 μὲν
1129 2821 1554 2892 ἐκλαμϐάνεται,
1604 2823 1732 2873 ἁναο

151 2915 451 2984 νεουμένης
485 2915 541 2968 δὲ
571 2914 799 2984 ταύτης,
832 2914 1054 2982 δλεθρος
1102 2913 1323 2966 πάντων
1353 2911 1464 2966 τῶν
1510 2913 1603 2966 ἐπὶ
1632 2912 1732 2982 τῆς

152 3008 384 3078 ἀρχαίας
434 3007 792 3079 Ἰερουσαλὴμ
830 3007 1166 3077 παρανόμων
1206 3005 1570 3076 ἐπήγγελται.

220 3106 290 3168 γ’.
335 3097 674 3169 Προφητεία,
717 3098 936 3167 ἐμφανῆ
964 3098 1065 3168 τὴν
1095 3097 1224 3149 νέαν
1256 3093 1616 3163 Ἰερουσαλὴμ
1638 3094 1732 3148 καὶ

154 3192 252 3262 τὴν
298 3193 439 3245 Σιὼν
475 3194 611 3244 πᾶσι
657 3193 770 3254 τοῖς
818 3190 1030 3244 ἔθνεσιν
1079 3189 1297 3242 ἔσεσθαι
1315 3205 1340 3239 ο.
1365 3188 1459 3240 καὶ
1489 3185 1732 3256 ἀποϐολὴ

155 3285 248 3338 τοῦ
281 3285 513 3356 ἀρχαίου
546 3284 678 3337 λαοῦ
699 3299 713 3313 °
755 3283 872 3336 ἀνθ’
901 3276 976 3336 ὧν
1006 3282 1078 3335 τὰ
1113 3280 1256 3334 κατὰ
1280 3279 1389 3333 τῶν
1421 3278 1593 3332 ἐθνῶν
1626 3277 1736 3331 τῶν

159 3378 496 3446 παρανόμων
555 3375 835 3445 ἐζήλωσαν
857 3390 869 3403 ο
900 3374 989 3426 καῖ
1029 3372 1334 3444 πρόρρησις
1360 3369 1594 3424 εἰδώλων
1631 3371 1742 3423 ἀπ-

158 3469 352 3531 ωλείας
384 3467 482 3522 καὶ
505 3467 837 3538 βλασφήμων
863 3464 1246 3536 ὀλοθρεύσεως.

225 3565 290 3616 δ’.
329 3562 665 3633 Πρόρῤησις,
692 3561 792 3631 τὴν
824 3559 1060 3630 ἀρχαίαν
1105 3555 1467 3627 Ἰερουσαλὴμ
1491 3553 1561 3608 τὰ
1601 3554 1742 3622 ἀγα-

159 3655 228 3708 θά
250 3655 349 3724 τῆς
381 3653 478 3707 τοῦ
508 3652 748 3724 Χριστοῦ
780 3653 1086 3722 παρουσίας
1121 3648 1593 3719 ζημιωθήσεσθαι,
1619 3645 1736 3699 ἀνθ’

159 3741 231 3800 ὧν
260 3745 404 3817 μετά
444 3746 543 3815 τῆς
583 3745 750 3814 ἄλλης
786 3744 987 3807 κακίας
1022 3744 1080 3796 ἐν
1101 3745 1170 3812 τῇ
1208 3741 1469 3808 ἀντάρσει
1497 3743 1564 3810 τῇ
1601 3740 1743 3793 κατὰ

159 3837 252 3892 τοῦ
273 3836 516 3906 Χριστοῦ
543 3837 641 3907 τὴν
674 3835 929 3905 Σοδόμων
960 3833 1195 3904 ἀνομίαν
1223 3832 1528 3902 ἐζήλωσαν.

228 3930 290 3983 ε’.
308 3928 542 3999 Διαὸολὴ
567 3929 666 3999 τῆς
683 3928 974 3995 ἀσελγείας
997 3925 1093 3979 τοῦ
1125 3923 1422 3978 Ἰουδαϊκοῦ
1450 3922 1583 3976 λαοῦ
1609 3939 1620 3952 ·
1647 3921 1742 3974 καὶ

163 4022 469 4093 πρόρρησις
507 4018 606 4089 τῆς
643 4018 753 4071 τῶν
800 4017 1028 4083 ἐνδόξων
1084 4014 1196 4068 τῶν
1246 4016 1377 4085 παρ’
1404 4015 1592 4075 αὐτοῖς
1646 4029 1743 4080 γυ-

165 4109 426 4180 μνώσεως
444 4125 458 4138 ⁸
489 4109 586 4162 καὶ
602 4107 924 4179 προφητεία,
942 4107 1038 4168 τὰς
1063 4106 1340 4177 ἐνεργείας
1371 4103 1466 4157 τοῦ
1489 4104 1744 4173 Πνεῦμαο

161 4219 249 4265 τος
267 4205 333 4272 τῇ
351 4199 633 4270 οἰκονομία
649 4197 742 4252 τοῦ
767 4194 1003 4268 Χριστοῦ
1029 4195 1370 4265 συναφθήσεσ
1383 4194 1466 4246 Ἷαι
1484 4209 1499 4225 ο
1528 4192 1673 4262 οὔτω
1685 4209 1744 4245 τε

162 4294 285 4358 τοὺς
311 4295 377 4347 ἐκ
418 4291 720 4363 περιτομῆς
744 4289 1103 4350 πιστεύοντας
1129 4287 1210 4350 είς
1239 4287 1386 4356 ζωὴν
1415 4287 1742 4357 ἀπογραφε-

165 4385 318 4438 σθαι·
349 4385 446 4439 καὶ
477 4383 657 4436 πᾶσαν
695 4379 1026 4451 Ἐκκλησίαν
1049 4376 1389 4448 τειχίζεσθαι
1420 4378 1488 4448 τῇ
1531 4394 1741 4447 παρου-

166 4478 258 4550 σίᾳ
280 4476 376 4530 τοῦ
415 4474 556 4529 Πνεύ
563 4491 754 4545 ματος.

1827 716 1887 769 Et
1934 716 2193 785 parvulus
2218 732 2343 770 cum
2376 715 2669 769 admodum
2701 714 2880 768 adhuc
2913 723 3080 777 esset,
3124 713 3408 783 pulchram

1827 807 1991 862 vitam
2028 808 2219 862 habuit
2252 825 2267 871 ;
2305 816 2506 862 etcum
2539 805 2721 860 omnis
2753 805 2986 875 populus
3014 820 3140 859 eum
3177 805 3412 857 honora-

1829 909 1912 953 ret
1953 907 2210 968 tanquam
2261 897 2798 968 irreprebensibilem
2849 905 2905 951 et
2955 896 3165 959 mitem,
3223 895 3412 964 appel-

1831 992 1960 1046 lavit
1993 1008 2121 1046 eum
2155 990 2497 1053 Malacbiam,
2520 991 2664 1060 quod
2696 1003 2782 1046 est
2811 989 3054 1060 Angelus
3083 1005 3098 1054 ;
3125 995 3243 1042 erat
3264 987 3409 1041 enim

1831 1093 1886 1138 et
1925 1081 2097 1137 forma
2130 1082 2398 1153 egregius.
2438 1079 2718 1146 Quinimo,
2779 1080 2921 1134 sicut
2971 1078 3088 1148 ipse
3150 1075 3289 1130 dixit
3353 1075 3409 1126 iu

1832 1175 2136 1248 prophetia,
2162 1176 2264 1229 hac
2286 1175 2403 1245 ipsa
2433 1174 2523 1228 die
2560 1172 2785 1243 angelus
2823 1171 2919 1227 Dei
2948 1171 3098 1226 visus
3122 1177 3228 1231 est,
3258 1167 3414 1236 cujus

1831 1272 2058 1327 iterabat
2093 1270 2280 1325 verba.
2315 1269 2584 1339 Angelum
2613 1277 2796 1322 autem
2830 1281 2993 1320 nemo
3034 1263 3292 1334 indignus
3339 1261 3416 1312 vi-

1831 1365 2133 1431 debat;sed
2149 1379 2338 1419 vocem
2369 1373 2578 1418 tantum
2603 1362 2722 1433 ejus
2753 1361 3006 1416 audiebat
3029 1377 3043 1426 ;
3066 1357 3212 1429 digni
3235 1365 3414 1411 autem

1831 1468 1888 1515 et
1925 1458 2120 1513 faciem
2145 1456 2265 1526 ejus
2291 1455 2549 1509 videbant
2589 1471 2604 1519 ;
2645 1454 2788 1507 sicut
2808 1450 3008 1504 factum
3039 1458 3124 1503 cst
3151 1450 3204 1502 in
3226 1448 3418 1506 diebus

1833 1552 1888 1606 in
1916 1549 2115 1619 quibus
2152 1563 2262 1602 non
2302 1554 2461 1601 erant
2511 1559 2684 1616 reges,
2723 1543 2865 1597 sicut
2919 1541 3182 1611 scriptum
3231 1549 3315 1593 est
3361 1539 3413 1596 in

1835 1641 2144 1713 Sapbatim,
2178 1641 2234 1695 id
2268 1649 2354 1694 est
2379 1640 2432 1692 in
2466 1637 2608 1692 libro
2634 1635 2911 1691 Iudicum.
2958 1633 3024 1688 Et
3061 1648 3184 1686 cum
3238 1633 3416 1684 adhuc

1836 1745 1979 1792 esset
1996 1737 2203 1806 junior,
2223 1733 2504 1803 appositus
2527 1740 2611 1784 est
2626 1730 2690 1784 ad
2710 1738 2892 1800 patres
2909 1728 3104 1782 suosin
3127 1726 3232 1780 vita
3253 1725 3413 1785 bona,

1836 1837 1888 1882 et
1914 1825 2161 1896 sepultus
2187 1834 2273 1878 cst
2297 1838 2422 1877 cum
2457 1822 2702 1891 patribus
2732 1820 2870 1874 suis.

2148 1981 2397 2036 CAPI'I'A
2433 1978 2634 2035 ISAIZE
2678 1974 3094 2033 ΡΒΟΡΙΙΕΤᾹΞ.

1903 2095 1942 2152 Ι.
1988 2095 2327 2153 Testiﬂcatio
2346 2093 2743 2148 elementorum
2775 2090 2843 2144 de
2869 2088 3181 2143 Judzeorum
3207 2098 3419 2156 praeva-

1835 2189 2120 2250 ricatione,
2138 2195 2196 2242 et
2218 2185 2459 2240 narratio
2481 2185 2761 2254 plagarum
2785 2195 2997 2235 eorum.
3017 2178 3081 2232 Et
3101 2175 3415 2231 vaticinium

1832 2281 2138 2338 eversionis
2161 2279 2423 2333 festorum
2453 2285 2508 2331 et
2543 2272 2935 2331 sacriﬁciorum
2957 2271 3099 2342 apud
3117 2270 3285 2340 ipsos,
3319 2282 3419 2337 pro

1833 2389 1899 2430 eo
1927 2372 2070 2443 quod
2091 2371 2230 2426 mala
2254 2385 2417 2441 opera
2456 2377 2511 2423 et
2551 2365 2842 2422 homicidia
2870 2362 3146 2434 prosecuti
3193 2369 3343 2416 sunt.

1902 2558 1970 2612 ll.
1998 2555 2320 2612 Exhortatio
2340 2553 2406 2608 ad
2437 2551 2804 2622 baptismum;
2842 2558 2897 2603 et
2925 2546 3200 2602 accusatio
3218 2543 3419 2600 veteris

1833 2651 2156 2713 Jerusalem,
2185 2657 2236 2702 et
2271 2647 2434 2700 minae
2463 2645 2517 2698 in
2545 2643 2824 2714 principes
2856 2641 3010 2711 ejus;
3043 2648 3099 2692 et
3127 2636 3419 2707 promissio

1837 2741 2214 2798 renovationis
2235 2738 2562 2801 Jerusalem,
2593 2750 2716 2806 quae
2756 2733 2968 2789 novalis
2997 2731 3304 2802 accipitur;
3334 2745 3418 2782 re-

1835 2845 2030 2890 novata
2055 2842 2236 2887 autem
2275 2830 2411 2900 ipsa,
2455 2827 2690 2899 perditio
2761 2823 3007 2880 omnium
3040 2823 3096 2876 in
3127 2819 3297 2876 veteri
3334 2818 3423 2874 Jc-

1838 2928 2077 2983 rusalem
2097 2922 2581 2996 praevaricatorum
2610 2916 2987 2973 annuntiatur.

1912 3115 1999 3170 Ill.
2039 3113 2390 3177 Vaticinium,
2412 3124 2607 3165 novam
2637 3106 2938 3163 Jerusalem
2978 3111 3036 3159 et
3075 3101 3208 3158 Sion
3239 3099 3425 3154 visibi-

1840 3207 1945 3262 lem
1976 3206 2091 3260 fore
2120 3204 2376 3258 omnibus
2398 3200 2651 3272 gentibus
2677 3215 2693 3265 ;
2722 3207 2779 3252 et
2805 3195 3009 3251 veteris
3040 3192 3232 3262 templi
3256 3205 3420 3245 ever-

1843 3300 1946 3363 sio,
1976 3294 2042 3352 eo
2073 3296 2218 3366 quod
2257 3292 2451 3348 imitati
2497 3300 2629 3347 sunt
2674 3298 2866 3361 gentes
2911 3282 3372 3358 praevaricatrices
3408 3299 3422 3342 ;

1842 3401 1898 3445 et
1920 3387 2202 3460 prazdictio
2246 3384 2634 3441 destructionis
2683 3383 2952 3438 idolorum
3008 3389 3064 3434 ct
3107 3375 3426 3449 perditionis

1842 3484 2314 3552 blasphemorum.

1912 3571 2002 3628 ιν.
2039 3571 2325 3626 Ρηεάἰοιίο
2355 3578 2597 3624 veterem
2627 3563 2933 3620 Jerusalem
2963 3561 3127 3617 bonis
3151 3561 3423 3614 adventus

1842 3663 2046 3719 Christi
2079 3662 2354 3731 privatum
2382 3657 2471 3719 iri,
2502 3670 2568 3710 eo
2597 3654 2767 3724 quod,
2799 3660 2998 3722 prater
3050 3658 3278 3706 caeteras
3310 3663 3426 3702 ma-

1844 3758 2009 3819 litias,
2063 3750 2399 3822 insurgendo
2440 3749 2705 3802 adversus
2737 3744 3016 3800 Christum
3067 3742 3424 3797 Sodomorum

1843 3844 2353 3918 praevaricationem
2392 3839 2588 3893 imitati
2631 3846 2781 3891 sunt.

1913 3930 1980 3985 V.
2016 3929 2286 3984 Detractio
2318 3927 2546 3981 luxuriae
2578 3924 2787 3980 Judaici
2824 3923 3030 3994 populi,
3062 3931 3118 3977 et
3148 3919 3428 3991 praedictio

1842 4022 2118 4079 nudidatis
2164 4019 2526 4089 superborum
2577 4017 2724 4087 apud
2768 4017 2916 4086 ipsos
2954 4033 2967 4068 :
3018 4023 3072 4068 et
3106 4012 3426 4068 vaticinium

1843 4115 2190 4186 operationes
2219 4111 2456 4181 Spiritus
2492 4108 2723 4163 aedilicio
2772 4104 2979 4160 Christi
3021 4102 3428 4160 connectendas

1846 4208 1999 4268 fore;
2054 4205 2244 4274 sicque
2280 4218 2347 4258 ex
2390 4199 2808 4256 circumcisione
2851 4198 3143 4252 credentes
3173 4196 3228 4248 in
3260 4193 3426 4249 vitam

1843 4300 2064 4362 ascribi,
2112 4307 2168 4352 et
2211 4299 2521 4350 universam
2565 4293 2865 4347 Ecclesium
2914 4306 3012 4360 pro
3057 4306 3216 4343 muro
3245 4285 3428 4342 fulciri

1845 4391 2130 4464 praesentia
2156 4387 2411 4458 Spiritus.

233 4573 308 4633 ς’.
365 4565 635 4636 Ἀποὸολὴ
670 4565 766 4618 τοῦ
809 4563 1100 4617 ἰουδαῖκοῦ
1149 4562 1492 4634 ἀμπελῶνος,
1521 4561 1639 4615 ἀνθ’
1668 4555 1737 4616 ὧν

1922 4573 2012 4628 Vl.
2052 4571 2277 4627 Eversio
2304 4569 2545 4625 Iudaicae
2579 4569 2774 4631 vineae,
2805 4583 2872 4622 eo
2901 4567 3048 4637 quod
3087 4567 3143 4621 in
3190 4564 3426 4622 adventu

165 4663 225 4712 ἐν
246 4663 316 4731 τῇ
343 4659 622 4729 παρουσίᾳ
652 4676 747 4711 του
780 4654 1018 4728 Χριστοῦ
1048 4655 1508 4726 ἐκαρποφόρησαν
1541 4654 1746 4726 ἀνταρ-

168 4771 275 4806 σιν.

236 4842 304 4908 ζ’.
345 4841 718 4912 Σχετλιασμδς
760 4843 903 4897 κατά
941 4843 1054 4898 τῶν
1100 4846 1160 4897 ἐν
1213 4839 1504 4910 πλεονεξίᾳ
1541 4838 1641 4891 καὶ
1687 4837 1747 4890 ἐν

1843 4664 2046 4721 Christi
2068 4661 2540 4717 fructiﬁcaverunt
2565 4659 2902 4730 insurgendo
2924 4658 2980 4712 in
3005 4673 3154 4712 eum.

1915 4757 2028 4811 Vll.
2068 4754 2302 4822 Querela
2336 4753 2597 4807 adversus
2633 4766 2731 4806 eos
2763 4752 2856 4821 qui
2892 4751 2949 4805 in
2991 4752 3247 4822 superbia
3285 4759 3340 4806 et
3374 4751 3427 4804 in

1845 4846 2122 4917 illegitima
2147 4843 2336 4898 vivunt
2356 4841 2669 4911 voluptate;
2707 4850 2763 4897 et
2792 4841 3068 4910 quomodo
3103 4841 3236 4910 ipsis
3262 4840 3428 4894 infcr-

171 4936 479 5006 παρανόμῳ
501 4933 767 5006 βιούντων
793 4937 973 5006 τρυφῇ
996 4952 1010 4967 ·
1047 4935 1141 4988 καὶ
1194 4935 1344 4995 ὅπως
1388 4929 1475 4982 ἐπ’
1515 4929 1737 4989 ἐκείνοις

1845 4955 1948 4993 nus
1998 4935 2259 5006 spiritalis
2330 4933 2627 5000 dilatatur;
2675 4934 2821 4987 Deus
2873 4940 3054 4987 autem
3110 4933 3165 4987 in
3219 4931 3429 5002 judicio

177 5027 324 5096 μὲνό
358 5026 490 5096 ᾅδης
528 5028 557 5078 ὁ
599 5025 790 5094 νοητὸς
842 5026 1192 5088 πλατύνεται,
1233 5024 1279 5077 δ’
1308 5022 1441 5084 Θεὸς
1488 5020 1544 5074 δὲ
1591 5021 1650 5072 ἐν
1677 5022 1746 5091 τῇ

171 5119 352 5186 κρίσει
378 5117 792 5188 δοξασθήσεται,
822 5117 1326 5188 ἀπολαμϐανόντων
1357 5113 1481 5167 τότε
1523 5113 1632 5165 τῶν
1670 5111 1749 5164 δι-

171 5212 344 5266 καίων
364 5213 462 5265 ὅσα
490 5211 585 5264 νῦν
613 5210 992 5283 ἀφῃρέθησαν.

242 5311 314 5375 η’.
358 5298 714 5375 Ταλανισμδς
752 5304 860 5358 τῶν
933 5305 1214 5375 ἁμαρτίας
1272 5303 1577 5373 ἁμαρτίαις
1632 5317 1754 5354 συν-

1849 5026 2256 5100 gloriilcabitur,
2306 5024 2693 5097 recipientibus
2738 5034 2870 5079 tunc
2918 5023 3116 5094 justis,
3163 5033 3428 5094 quantum

1850 5136 2000 5176 nunc
2020 5118 2242 5190 spoliati
2267 5117 2508 5172 fuerunt.

1929 5301 2062 5356 Vlll.
2095 5299 2311 5356 Miseria
2343 5315 2535 5355 eorum
2565 5300 2657 5372 qui
2690 5299 2930 5370 peccatis
2956 5306 3178 5369 peccata
3203 5295 3428 5353 addunt,

174 5396 477 5460 απτόντων,
525 5398 619 5450 δια)⁸
660 5396 730 5450 τά
773 5396 916 5450 καλά
960 5394 1376 5458 διαϐαλλόντων,
1406 5393 1474 5446 τά
1507 5391 1654 5446 κακὰ
1693 5392 1737 5446 δὲ

1853 5402 1910 5448 et
1943 5391 2034 5459 qui
2084 5389 2244 5445 bonis
2279 5389 2542 5460 operibus
2588 5385 2904 5452 detrahunt,
2956 5385 3113 5440 malis
3133 5395 3314 5439 autem
3349 5384 3428 5436 in-

177 5487 589 5555 συνιστώντων,
642 5490 736 5543 καὶ
789 5489 884 5541 ἐπὶ
941 5487 1104 5558 σοφίᾳ
1144 5485 1322 5557 οίκείᾳ
1367 5483 1745 5557 θαρρούντων,

1857 5484 2082 5550 sistunt,
2123 5491 2178 5537 et
2212 5484 2306 5552 qui
2358 5483 2411 5537 in
2461 5499 2557 5538 sua
2597 5481 2866 5554 sapientia
2907 5480 3209 5544 conﬁdunt,
3258 5485 3314 5533 et
3338 5476 3427 5547 qui

1691 5665 1922 5722 NOTAE.

250 5784 360 5856 (15)
394 5784 531 5856 Lege
559 5783 695 5839 ἀλλά
725 5785 818 5839 καὶ
847 5787 947 5839 ὃσα
970 5781 1124 5838 εἶπεν
1145 5784 1328 5856 αύτός.

249 5847 364 5920 (ιι)
399 5847 536 5924 Lege
564 5856 943 5926 ἐπεδευτίρου,
975 5857 1058 5913 vel
1079 5871 1144 5912 ex
1185 5855 1492 5924 Epiphanio
1524 5853 1945 5923 ἱπεδευτὲρωσε.
