4156 6452
677 387 801 451 1371

1846 388 2211 450 HESYCHII
2253 389 2732 452 PRESBYTEBI

3842 372 4005 439 1372

672 498 928 553 ebrietati
956 507 1009 554 et
1038 513 1329 554 munerum
1361 496 1667 568 acceptioni
1690 496 2014 569 indulgent;
2046 508 2259 553 etvati-
2290 544 2296 561 ι

2397 500 2509 572 ιέθῃ
2535 518 2594 555 τε
2621 502 2721 556 καὶ
2756 496 3058 572 δωροδοκίᾳ
3087 493 3462 577 σχολαζόντων
3480 509 3494 523 ·
3526 491 3622 549 καὶ
3648 491 4007 562 προφητεὴ

676 591 878 645 ciuium
898 591 1161 646 malorum
1186 591 1388 654 quibus
1409 590 1464 644 hi
1490 590 1752 661 puniendi
1771 600 1901 645 sunt
1920 608 1935 657 ;
1952 600 2007 645 et
2028 591 2262 660 promis-

678 681 763 735 sio
785 681 1082 738 vocationis
1112 684 1357 751 gentium
1388 688 1444 735 et
1472 680 1801 750 evangelicae
1830 680 2257 750 praedicationis,

677 783 735 828 et
759 772 1186 842 perturbationis
1208 788 1370 841 quam
1400 772 1526 826 inde
1550 770 1803 826 diabolus
1828 786 2096 841 passurus
2123 780 2231 825 est.

751 864 840 920 lx.
877 865 1147 935 Aspectus
1178 865 1362 937 gloriae
1408 864 1523 928 Dei,
1570 871 1628 919 et
1673 864 1924 919 stationis
1954 877 2172 917 necnon
2207 871 2265 917 et

681 957 931 1012 melodis:
953 958 1263 1027 Seraphim.
1289 957 1498 1012 Electio
1523 957 1805 1027 propheta:
1822 956 1887 1011 ad
1914 956 2263 1023 arguendum

680 1046 898 1103 Judzeos
932 1049 1102 1114 missi,
1133 1057 1190 1102 et
1218 1049 1284 1103 ad
1316 1049 1725 1117 praedicandum
1761 1063 1824 1103 ea
1860 1063 1981 1118 qua:
2024 1064 2093 1103 ex
2133 1048 2267 1103 obe-

683 1140 886 1194 dientia
914 1140 1048 1210 ipsis
1071 1142 1499 1211 exspectandum
1523 1150 1626 1196 est.

756 1229 824 1283 Χ.
863 1228 1113 1312 Narratio
1154 1231 1523 1301 expeditionis
1566 1230 1709 1303 regis
1756 1230 2019 1284 Samaria:
2073 1238 2266 1285 contra

688 1337 868 1393 regem
908 1321 1085 1387 Iudae,
1132 1331 1190 1379 et
1220 1323 1398 1393 iussio
1440 1324 1531 1377 Dei
1564 1324 1632 1378 ad
1666 1324 2013 1393 prophetam,
2047 1321 2269 1378 confor-

688 1423 892 1469 tantem
936 1429 1118 1485 regem
1154 1413 1330 1479 Iudae,
1373 1414 1584 1470 scilicet
1620 1414 1957 1485 insurgentis
1993 1416 2047 1469 in
2089 1416 2268 1485 ipsum

686 1518 827 1557 vana
861 1504 1139 1567 statuisse.
1178 1519 1304 1559 cum
1336 1504 1584 1561 Samaria
1618 1506 1721 1561 sub
1749 1506 1980 1577 imperio
2028 1506 2271 1578 Assyrio-

690 1608 811 1648 rum
843 1594 916 1649 sit
941 1595 1261 1668 redigenda.

763 1776 855 1831 Xl.
888 1775 1213 1831 Vaticinium
1244 1778 1615 1848 generationis
1638 1776 1937 1835 Salvatoris
1964 1795 2029 1835 ex
2053 1780 2274 1853 Virgine

2369 586 2446 646 ὧν
2485 586 2633 647 οῦτοι
2663 592 3028 665 τιμωρεῖσθαι
3052 588 3337 660 μέλλουσιο
3366 584 3466 639 καὶ
3496 582 3821 653 ὑπόσχεσις
3855 581 4006 649 κλή-

2369 701 2510 749 σεως
2540 686 2736 751 ἐθνῶν,
2769 686 2867 741 καὶ
2897 682 3265 741 άποστολικοῦ
3308 677 3697 750 κηρύγματος,
3734 675 3857 728 καὶ
3904 674 4005 725 θο-

2370 776 2537 848 ρύϐου
2570 780 2630 832 ὃν
2656 777 2909 833 ἐντεῦθεν
2932 776 3165 847 ἔμελλεν
3184 777 3213 828 ό
3244 773 3495 835 διάϐολος
3526 769 3870 824 πείσεσθαι.

2443 868 2511 922 θ’.
2550 869 2769 942 Θεωρία
2786 869 2945 941 δόξης
2961 866 3122 932 Θεοῦ,
3153 866 3251 919 καὶ
3279 865 3384 935 τῆς
3410 863 3520 917 τῶν
3540 862 3821 930 Σεραφὶμ
3854 858 4002 910 στά-

2372 958 2511 1023 σεώς
2540 977 2599 1013 τε
2622 963 2716 1014 καλ⁸
2735 960 3014 1031 ὑμνῳδίας
3037 976 3051 989 θ
3071 958 3167 1011 καὶ
3186 954 3493 1027 χειροτονία
3514 953 3609 1006 τοῦ
3650 951 4001 1021 προφήτου,

2370 1052 2752 1124 κατηγορῆσαι
2789 1052 2899 1106 τῶν
2952 1050 3227 1104 Ἰουδαίων
3261 1046 3629 1117 πεμφθέντος,
3665 1044 3764 1096 καὶ
3802 1042 4002 1110 11296-

2373 1143 2461 1209 ξαι
2482 1142 2630 1216 ἆπερ
2657 1146 2721 1198 ἐκ
2750 1145 2847 1215 τῆς
2887 1143 3139 1211 ὑπακοῆς
3159 1141 3384 1213 ἔμελλον
3408 1136 3866 1207 ὑποστήσεσθαι.

2446 1234 2498 1289 ι’.
2538 1236 2805 1308 Διήγησις
2830 1236 2924 1290 τοῦ
2955 1235 3219 1306 βασιλέως
3239 1232 3554 1305 Σαμαρείας
3580 1231 3731 1285 κατὰ
3749 1229 3868 1282 τοῦ
3901 1228 4002 1297 βα-

2376 1327 2567 1389 σιλέως
2601 1329 2703 1397 τῆς
2732 1309 2990 1391 Ἰῖυδαίας
3029 1326 3453 1388 ἐπαναστάσεως
3472 1342 3487 1355 ·
3519 1324 3614 1376 καὶ
3629 1322 4003 1393 πρόσταγμα

2372 1418 2470 1472 τοῦ
2504 1417 2643 1472 Θεοῦ
2685 1419 2820 1489 πρὸς
2852 1419 2943 1472 τδν
2994 1419 3306 1489 προφήτην,
3338 1414 3866 1487 παραθαρρύνοντα
3907 1412 4002 1463 τὴν

2378 1510 2600 1581 βασιλέα
2642 1511 2738 1580 τῆς
2774 1510 3056 1577 Ἰουδαίας,
3104 1510 3182 1573 ὡς
3235 1509 3345 1563 τῶν
3393 1506 3850 1561 ἐπαναστάντων
3870 1504 4001 1555 κατ’

2377 1602 2544 1657 αὐτοῦ
2614 1603 2821 1672 μάταια
2880 1602 3358 1672 βουλευσαμένων.
3398 1599 3704 1671 μελλούσης
3768 1598 3838 1650 δὲ
3898 1596 4002 1662 τῆς

2380 1694 2698 1764 Σαμαρείας
2722 1695 2828 1748 ὑπὸ
2846 1695 2946 1766 τὴν
2976 1694 3256 1765 βασιλείαν
3285 1693 3588 1763 Ἀσσυρέων
3614 1688 3997 1759 γενήσεσθαι.

2455 1786 2546 1843 ια’.
2592 1787 2909 1857 Προφητεία
2936 1788 3035 1858 τῆς
3064 1787 3163 1840 τοῦ
3190 1786 3444 1856 Σωτῆρος
3470 1787 3532 1837 ἐκ
3556 1782 3659 1852 τῆς
3692 1782 4001 1851 Παρθένου

695 1869 790 1923 Dei
822 1868 1119 1933 Genitrice,
1151 1878 1206 1925 et
1229 1871 1616 1926 miraculorum
1648 1887 1768 1941 quae
1806 1871 2063 1928 Christus
2099 1874 2281 1930 adhuc

2397 1878 2480 1946 τῆς
2506 1878 2771 1931 Θεοτόκου
2806 1879 3148 1949 γεννήσεως*
3186 1878 3281 1930 καὶ
3314 1870 3390 1928 ῶν
3418 1878 3446 1929 ὁ
3478 1873 3721 1944 Χριστὸς
3760 1872 4001 1939 θαυμα-

698 1960 955 2028 parvulus
1008 1969 1334 2031 operaturus
1372 1970 1520 2024 erat,
1559 1970 1672 2016 tum
1729 1962 1831 2033 ipsi
1880 1962 2081 2019 Iudaeae
2121 1966 2283 2020 bene-

696 2054 924 2118 faciens,
960 2062 1072 2107 tum
1104 2062 1291 2124 gentes
1325 2069 1548 2113 vocans,
1589 2062 1704 2107 tum
1739 2054 2017 2110 diabolum
2064 2056 2279 2112 irritum

698 2147 926 2212 faciens,
965 2155 1077 2201 tum
1114 2148 1303 2219 gratia:
1335 2148 1539 2204 fontem
1579 2149 1873 2220 aperiens,
1918 2161 2033 2205 tum
2076 2152 2280 2207 sterili-

698 2249 721 2294 t
740 2250 866 2295 item
895 2250 1054 2296 terra:
1075 2240 1131 2296 in
1172 2242 1436 2297 virtutum
1465 2242 1858 2299 fecunditatem
1886 2251 2281 2302 transmutans.

772 2332 889 2387 XII.
930 2334 1216 2389 Praedictio
1260 2336 1588 2407 evangelicae
1629 2336 1934 2408 Scriptum
1990 2354 2023 2393 a
2062 2338 2182 2410 lege
2229 2348 2287 2394 et

702 2427 983 2497 prophetis
1015 2427 1295 2484 aﬂirmatm
1326 2436 1384 2484 et
1413 2431 1786 2499 generationis
1820 2429 2051 2499 Christi,
2093 2441 2149 2489 et
2191 2433 2287 2489 dc-

704 2518 1024 2574 structionis
1053 2519 1279 2574 diaboli.

773 2609 915 2665 Xlll.
959 2610 1116 2665 Minae
1138 2612 1193 2665 in
1216 2610 1454 2679 Iudaeos,
1484 2628 1587 2683 pro
1609 2628 1676 2669 eo
1697 2614 1845 2684 quod
1862 2615 2094 2671 verbum
2114 2632 2287 2672 evan-

706 2704 892 2773 gelicae
920 2706 1111 2776 gratiae
1146 2715 1485 2772 renuerunt;
1521 2715 1578 2762 et
1598 2707 1720 2762 ideo
1739 2709 1841 2763 sub
1865 2723 2055 2765 errore
2087 2710 2289 2765 diaboli

708 2800 1094 2851 versabuntur.
1147 2796 1215 2852 Et
1263 2798 1671 2853 animadversio
1718 2808 1910 2854 contra
1968 2801 2286 2870 daemones,

708 2886 917 2941 scilicet
944 2887 1200 2957 quamvis
1232 2888 1301 2943 ad
1338 2896 1556 2960 tempus
1583 2898 1772 2946 contra
1810 2906 1912 2947 nos
1937 2893 2289 2963 praevaleant,

709 2987 972 3047 attamen,
1004 2979 1117 3035 Deo
1143 2981 1560 3049 commilitante,
1579 2983 1889 3038 vincentur.
1923 2984 1993 3038 Et
2017 2986 2294 3039 accusatio

707 3072 1021 3129 Judmorum
1053 3076 1198 3144 quod
1242 3076 1467 3131 Christo
1508 3092 1618 3131 non
1656 3075 2012 3141 crediderint,
2053 3084 2107 3129 ct
2147 3076 2293 3145 quod

712 3166 898 3222 vivant
926 3166 982 3221 in
1032 3168 1324 3239 hypocrisi,
1358 3178 1556 3239 sponte
1592 3169 1764 3240 legem
1806 3168 2293 3238 transgredientes,

713 3268 769 3314 et
803 3260 1001 3316 frustra
1028 3260 1299 3332 iactantes
1326 3276 1479 3316 suam
1512 3260 1567 3315 in
1612 3261 1780 3316 Deum
1812 3258 2224 3315 conﬁdentiam.

786 3449 929 3505 XIV.
970 3450 1262 3522 Prophetia
1286 3451 1595 3522 adoptionis
1617 3450 1852 3505 ﬁliorum
1878 3465 1977 3521 per
1997 3449 2300 3515 Christum,

716 3544 867 3613 iuxta
902 3544 1142 3613 prodigia
1183 3544 1251 3598 ab
1290 3543 1409 3613 ipso
1449 3543 1711 3614 patranda
1764 3543 1817 3595 in
1869 3540 2207 3606 Jerusalem;
2248 3552 2305 3597 et

719 3635 990 3691 dissuasio
1026 3651 1095 3690 ne
1133 3636 1447 3690 intendatur
1485 3636 1552 3690 ad
1600 3636 1838 3706 gentiles
1880 3635 2302 3703 divinationes;

722 3738 779 3782 et
807 3728 1081 3784 accusalio
1128 3729 1443 3784 Judaaorum
1495 3726 1640 3798 quod
1681 3736 1958 3797 acceptam
2016 3728 2191 3797 legem
2225 3728 2307 3783 eis

724 3835 834 3871 Irm
864 3819 1175 3874 adhmrendi
1216 3835 1323 3874 non
1358 3819 1719 3885 servaverint,
1753 3827 1808 3874 et
1845 3818 1970 3875 ideo
2003 3818 2058 3873 in
2096 3820 2309 3892 magnis

725 3908 1125 3963 calamitatibus
1154 3908 1419 3963 incidunt.

804 3999 918 4055 XV.
955 4000 1180 4055 Vocatio
1214 4001 1454 4072 gentium
1503 4010 1560 4056 et
1608 3999 1926 4055 vaticinium
1969 4000 2312 4059 liberationis

728 4110 939 4161 carum,
962 4104 1016 4149 et
1040 4094 1255 4150 malitiae
1277 4095 1605 4159 daemonum,
1624 4104 1681 4149 et
1702 4093 1854 4163 pravi
1882 4094 1981 4148 zeli
2000 4092 2311 4150 Iudaeorum

731 4188 799 4240 de
849 4187 1198 4258 generatione
1238 4185 1441 4243 Christi
1486 4187 1581 4258 qui
1640 4186 1869 4257 regnum
1917 4186 2088 4241 David
2145 4202 2312 4242 reno-

735 4285 906 4331 varel.

800 4367 937 4422 XVI.
981 4365 1268 4420 Prwdictio
1314 4364 1719 4434 correptionum
1755 4378 1785 4418 a
1845 4362 1958 4419 Deo
1999 4365 2314 4433 missarum,

736 4470 853 4515 tum
880 4456 1102 4519 Iudaeis,
1140 4466 1250 4510 tum
1281 4456 1365 4510 liis
1391 4455 1482 4524 qui
1510 4461 1872 4508 contemnunt
1909 4468 2105 4507 novam
2145 4452 2315 4522 Sion;

737 4561 793 4607 et
822 4549 1091 4606 detractio
1121 4548 1433 4603 Judzeorum
1470 4546 1805 4615 principum,
1852 4559 1920 4600 eo
1952 4545 2099 4615 quod
2136 4561 2314 4616 popu-

740 4646 852 4698 lum
893 4643 947 4695 in
982 4656 1228 4696 errorem
1266 4638 1600 4707 induxerint.
1628 4636 1695 4691 Et
1720 4637 1967 4693 narratio
2006 4639 2311 4709 correptio-

741 4751 873 4790 uum
903 4734 1024 4803 qua:
1050 4733 1182 4803 ipsis
1216 4732 1311 4787 Dei
1347 4732 1537 4786 dextra
1572 4732 1737 4786 illatae
1780 4737 1932 4786 sunt.
1972 4729 2040 4784 Et
2085 4739 2316 4799 questus

742 4836 934 4882 contra
968 4825 1163 4893 inique
1196 4823 1527 4893 iudicantes,
1574 4822 1722 4892 quod
1771 4823 2044 4877 excitetur
2096 4822 2177 4876 ira
2219 4820 2316 4876 Dei

745 4918 1020 4989 praecipue
1049 4930 1240 4970 eorum
1275 4928 1462 4969 causa.

820 5103 1181 5166 X\'ll._Minae
1230 5118 1287 5156 tn
1336 5099 1610 5171 Assyrios,
1652 5099 1755 5155 sub
1802 5113 2035 5169 quorum
2085 5113 2319 5170 persona

748 5184 1026 5255 daemones
1064 5196 1271 5251 indicat
1316 5202 1523 5248 etcum
1563 5192 1645 5247 eis
1684 5192 1986 5259 diabolum,
2034 5192 2191 5262 quasi
2237 5193 2326 5246 in-

750 5298 1060 5361 surgentem
1112 5297 1303 5340 contra
1344 5283 1539 5349 Deum,
1568 5291 1625 5337 et
1652 5281 2001 5337 aﬂ‘ectantem
2043 5281 2322 5337 universa:

756 5395 911 5437 terra:
927 5379 1370 5440 dominationem,
1398 5391 1503 5431 nec
1527 5374 1860 5446 cogitantem
1891 5389 1950 5429 se
1974 5388 2073 5444 per
2106 5388 2326 5429 conces-

752 5475 963 5529 sionem
996 5471 1051 5524 in
1080 5468 1353 5523 modicum
1384 5466 1755 5536 praevaluisse.

825 5564 1016 5623 XVIII.
1050 5566 1319 5621 Allocutio
1358 5562 1502 5619 ﬁdeli
1541 5555 1745 5634 popqu
1783 5578 1854 5618 ne
1894 5562 2085 5617 timeat
2117 5559 2328 5616 dzemo-

756 5674 876 5721 nes.
928 5667 1117 5728 utpote
1144 5672 1376 5726 quorum
1406 5654 1649 5727 tyrannis
1688 5668 1813 5708 mox
1849 5654 1922 5707 sit
1953 5651 2323 5717 conterenda;

759 5760 815 5806 et
847 5750 1108 5806 indicium
1144 5748 1478 5818 operationis
1512 5746 1795 5801 diabolica:
1824 5760 1987 5814 quam
2028 5744 2083 5797 in
2126 5742 2329 5798 Iudaeis

763 5856 863 5915 per
888 5840 1086 5898 caedem
1118 5852 1413 5915 puerorum
1457 5838 1525 5891 ab
1559 5836 1770 5891 Ilcrodc
1797 5844 2156 5890 mactatorum
2192 5850 2329 5905 ope-

2380 1969 2635 2038 τουργεῐν
2678 1967 2759 2020 ἔτι
2794 1967 2994 2038 βρέφος
3030 1965 3106 2020 ῶν
3145 1965 3394 2036 ἔμελλεν,
3429 1963 3603 2035 αὑτήν
3623 1979 3686 2016 τε
3708 1962 3821 2031 τὴν
3863 1961 4003 2013 Ἰου-

2380 2059 2540 2113 δαίαν
2564 2060 2896 2131 εὐεργετῶν,
2930 2060 3026 2113 καὶ
3054 2060 3121 2113 τὰ
3147 2059 3278 2131 ἔθνη
3315 2056 3523 2121 καλῶν,
3548 2058 3641 2110 καὶ
3673 2055 3773 2107 τὸν
3808 2053 4005 2106 διαϐο-

2381 2153 2476 2207 λον
2526 2154 2844 2225 καταργῶν,
2898 2154 2995 2208 καὶ
3038 2138 3139 2224 τὴν
3193 2152 3361 2222 χάριν
3399 2149 3696 2220 πηγάζων,
3746 2147 3858 2199 καί
3904 2144 4004 2212 τὴν

2382 2246 2666 2315 ἀκαρπίαν
2684 2248 2781 2318 τῆς
2794 2247 2897 2317 γῆς
2916 2247 2996 2309 είς
3017 2243 3228 2317 ἀρετῶν
3243 2242 3613 2315 καρπογονίαν
3633 2236 4000 2310 μεταϐαλών.

2453 2337 2542 2409 ιβ’.
2589 2339 2908 2411 Πρόρρησις
2947 2336 3316 2406 εὐαγγελικῆς
3358 2331 3721 2405 συγγραφῆς,
3764 2330 3889 2383 ὑπὸ
3918 2330 4005 2382 νό-

2390 2452 2494 2505 μου
2540 2435 2635 2488 καὶ
2679 2432 2979 2504 προφητῶν
3024 2429 3510 2503 μαρτυρουμένης,
3535 2426 3632 2479 καὶ
3667 2424 4004 2493 γεννήσεως

2386 2525 2649 2597 Χριστοῦ.
2679 2526 2776 2579 καὶ
2810 2524 3062 2579 διαϐόλου
3096 2522 3441 2593 πορθήσεως.

2462 2618 2549 2689 ιγ’.
2604 2619 2828 2689 ’Δπειλὴ
2850 2620 2992 2672 κατά
3014 2616 3123 2670 τῶν
3156 2615 3448 2677 Ἰουδαίων,
3471 2612 3588 2666 ἀνθ’
3605 2603 3684 2665 ὧν
3705 2608 3802 2662 τὸν
3833 2608 4004 2674 λόγον

2389 2709 2487 2777 τῆς
2533 2707 2901 2777 εὐαγγελικῆς
2958 2708 3348 2779 παρῃτήσαντο
3407 2704 3656 2775 χάριτος,
3707 2701 3811 2753 καὶ
3892 2698 4001 2751 ὑπὸ

2388 2799 2487 2870 τὴν
2526 2799 2741 2866 πλάνην
2782 2796 2880 2851 τοῦ
2918 2794 3172 2849 διαϐόλου
3196 2794 3285 2847 διὰ
3310 2790 3470 2847 τοῦτο
3492 2792 3857 2860 γενήσονται.
3886 2786 4002 2840 Καὶ

2392 2891 2651 2959 ἐπιτιμία
2685 2888 2832 2944 κατά
2866 2888 3162 2958 δαιμόνων,
3199 2887 3282 2939 ὅτι
3324 2884 3429 2938 κᾶν
3458 2882 3597 2951 πρὸς
3634 2880 3841 2951 καιρὸν
3873 2878 4000 2932 καθ’

2394 2984 2553 3053 ἡμῶν
2576 2981 2895 3051 ίσχύσωσιν,
2916 2978 3056 3033 ἀλλά
3080 2975 3174 3031 τοῦ
3194 2974 3332 3029 Θεοῦ
3367 2970 3794 3044 συμμαχοῦντος
3819 2972 3993 3039 ήττη·

2397 3075 2677 3145 θήσονται.
2713 3072 2823 3125 Καὶ
2845 3069 3156 3140 κατηγορία
3198 3066 3494 3131 Ἰουδαίων,
3514 3065 3591 3127 ῶς
3612 3061 4003 3117 ἀπειθούντων

2398 3168 2477 3236 τῳ
2500 3162 2743 3235 Χριστῷ,
2772 3162 2868 3216 καὶ¹
2893 3161 3191 3229 διαγόντων
3222 3159 3321 3229 μὲν
3369 3160 3428 3212 ἐν
3462 3156 3776 3226 ὑποκρίσει,
3809 3154 4002 3208 ἑκοντὶ

2400 3260 2457 3313 δὲ
2482 3260 2574 3310 τὸν
2608 3257 2774 3326 νόμον
2821 3254 3300 3325 παραϐαινόντων,
3338 3252 3434 3305 καὶ
3465 3249 3644 3321 μάτην
3670 3247 4002 3318 αὐχούντων

2400 3349 2500 3421 τὴν
2528 3349 2606 3411 είς
2632 3346 2767 3400 Θεὸν
2791 3344 3137 3415 πεποίθησιν.

2476 3441 2555 3494 ιδ’.
2602 3437 2920 3509 Προφητεία
2959 3436 3241 3500 υἱοθεσίας
3276 3435 3364 3488 διὰ
3394 3431 3638 3505 Χριστοῦ
3685 3432 3840 3484 κατὰ
3896 3429 4005 3483 τῶν

2404 3531 2684 3601 ἐσομένων
2717 3529 2851 3600 παρ’
2884 3526 3053 3582 αὐτοῦ
3087 3526 3331 3597 σημείων
3368 3526 3429 3579 ὲν
3472 3522 3878 3595 ’Ῑερουσαλήμ’
3914 3520 4005 3574 καὶ

2405 3622 2693 3695 ἀποτροπὴ
2713 3622 2808 3676 τοῦ
2839 3622 3133 3694 προσέχειν
3172 3618 3515 3689 Ἑλληνικαῖς
3550 3616 3845 3687 μαντείαις
3865 3631 3879 3642 ·
3914 3614 4004 3667 καὶ

2408 3717 2716 3787 κατηγορία
2746 3716 2854 3769 τῶν
2920 3714 3216 3777 Ἰουδαίων,
3245 3711 3330 3764 ὅτι
3373 3711 3543 3780 νόμον
3574 3707 3841 3769 λαϐόντες
3861 3705 4002 3759 ὥστε

2408 3811 2621 3875 τούτοις
2667 3812 2742 3880 μὴ
2782 3808 3095 3879 προσέχειν,
3143 3805 3245 3858 οὐκ
3295 3801 3609 3872 ἐφύλαξαν
3664 3801 3763 3853 καὶ
3810 3800 4005 3860 κακοῖς

2410 3902 2497 3957 διὰ
2528 3900 2688 3955 τοῦτο
2724 3900 2986 3968 μεγάλοις
3014 3896 3428 3969 περιπίπτουσι.

2488 4001 2572 4048 ιε’.
2614 3993 2825 4063 κλῆσις
2862 3990 3057 4053 ἐθνῶν.
3119 3990 3215 4044 καὶ
3277 3984 3588 4059 προφητεία
3641 3984 3746 4053 τῆς
3795 3982 4003 4035 τούτων

2414 4087 2752 4160 ἐλευθερίας,
2802 4086 2897 4139 καὶ
2916 4085 3017 4155 τῆς
3065 4083 3176 4137 τῶν
3219 4082 3493 4152 δαιμόνων
3560 4076 3853 4147 πονηρίας,
3911 4076 4003 4129 καὶ

2416 4181 2587 4252 ζήλου
2616 4176 2861 4251 πονηροῦ
2893 4177 3002 4232 τῶν
3050 4174 3339 4237 Ἰουδαίων,
3378 4174 3472 4225 ἐπὶ
3518 4174 3585 4241 τῇ
3622 4169 3879 4238 γεννήσει
3909 4165 4001 4220 τοῦ

2414 4272 2676 4347 Χριστοῦ,
2711 4272 2863 4334 ὅστις
2886 4269 2984 4341 τὴν
3011 4267 3290 4340 βασιλείαν
3317 4263 3414 4317 τοῦ
3445 4263 3609 4317 Δαυῖδ
3642 4261 3932 4316 άνενέωσε.

2490 4373 2587 4432 ις’.
2632 4365 2947 4436 Πρόῤῥησις
3018 4360 3128 4413 τῶν
3186 4356 3609 4411 ἀποσταλέντων
3670 4352 3821 4423 παρά
3866 4350 3999 4404 Θεοῦ

2419 4456 2678 4511 παιδειῶν
2727 4457 2839 4517 τοῖς
2890 4470 2951 4506 τε
2997 4450 3278 4511 Ἰουδαίοις
3343 4448 3453 4517 καί
3494 4449 3608 4509 τοῖς
3661 4443 3998 4509 ἐξουθενοῦσι

2349 4553 2391 4608 D
2421 4552 2520 4621 τὴν
2548 4548 2676 4601 νέαν
2728 4547 2900 4600 Σιώνο
2935 4544 3029 4597 καὶ
3061 4541 3287 4610 διαϐολὴ
3310 4541 3421 4593 τῶν
3470 4537 3785 4592 Ἰουδαϊκῶν
3806 4536 3999 4607 ἀρχόν-

2415 4658 2547 4707 των,
2583 4640 2670 4710 ἐφ’
2718 4634 2799 4703 οἷς
2830 4638 2924 4691 τὸν
2959 4637 3086 4690 λαὸν
3124 4637 3404 4690 ἐπλάνων·
3453 4632 3550 4686 καὶ
3597 4630 3852 4700 διήγησις
3895 4629 3999 4681 τῶν

2417 4733 2703 4796 παιδειῶν,
2740 4732 2975 4793 αἵτινες
3026 4729 3211 4791 αὐτοῖς
3257 4729 3323 4780 ἐκ
3378 4726 3478 4796 τῆς
3510 4722 3606 4777 τοῦ
3659 4722 3798 4775 Θεοῦ
3824 4720 4013 4785 δεξιᾶς,

2419 4826 2826 4895 ἐπενέχθησαν·
2870 4825 2966 4876 καὶ
3018 4819 3402 4890 σχετλιασμὸς,
3445 4816 3588 4871 κατά
3620 4814 3733 4867 τῶν
3770 4812 3994 4883 παρανό-

2422 4937 2537 4990 μως
2565 4916 2879 4987 κρινόντων,
2910 4915 2985 4978 ὡς
3015 4910 3373 4983 ἀκμαζούσης
3401 4909 3503 4979 τῆς
3528 4907 3698 4978 ὀργῆς
3732 4905 3828 4958 τοῦ
3847 4904 3995 4968 Θεοῦ,

2420 5008 2601 5065 αὐτῶν
2628 5008 2795 5060 ἕνεκα
2831 5003 3084 5075 μάλιστα.

2495 5100 2581 5165 ιζ’.
2635 5098 2861 5167 Ἀπειλὴ
2894 5084 3038 5150 κατά
3081 5092 3409 5168 Ἀσσυρίων,
3444 5094 3500 5146 ἐν
3531 5086 3713 5166 ᾖτοὺς
3749 5089 3998 5160 δαίμονας

2422 5193 2742 5251 αἰνίττεται,
2779 5190 2875 5243 καὶ
2903 5190 3002 5243 σὺν
3037 5189 3223 5251 αὐτοῖς
3245 5186 3337 5239 τὸν
3373 5182 3641 5247 διάϐολον,
3669 5182 3746 5244 ῶς
3772 5181 3994 5251 ἀρθέντα

2426 5286 2567 5341 κατά
2588 5282 2749 5348 Θεοῦ,
2788 5281 2884 5334 καὶ
2924 5280 3108 5349 πάσης
3134 5278 3236 5346 τῆς
3267 5276 3370 5346 γῆς
3398 5273 3672 5344 κρατῆσαι
3701 5271 3993 5342 προσδοκή-

2427 5395 2620 5445 σαντα,
2642 5380 2734 5430 καὶ
2772 5375 2847 5447 μὴ
2880 5373 3265 5442 λογισάμενον,
3295 5369 3487 5438 ὅτιπερ
3511 5367 3577 5420 ἐκ
3608 5364 3992 5436 συγχωρήσεως

2425 5468 2561 5523 Θεοῦ
2600 5466 2738 5537 πρὸς
2768 5464 2947 5533 ὀλίγον
2978 5461 3276 5533 ἐκράτησε.

2500 5565 2589 5630 ιη’.
2634 5554 3038 5629 Προσφὼνησις
3081 5550 3159 5622 τῷ
3211 5547 3391 5618 πιστῷ
3444 5545 3585 5616 λαῷ,
3639 5545 3715 5614 μὴ
3776 5542 3991 5597 δεδιέναι

2426 5654 2554 5715 τοὺς
2593 5652 2878 5721 δαίμονας,
2913 5648 2988 5710 ὼς
3020 5645 3184 5714 τάχος
3218 5641 3400 5697 αὐτῶν
3445 5638 3748 5710 μελλούσης
3778 5636 3874 5705 τῆς
3910 5653 3995 5688 τυ-

2432 5742 2680 5814 ραννίδος
2719 5736 3143 5809 συντρίϐεσθαι·
3176 5732 3270 5785 καὶ
3302 5729 3535 5799 αἴνιγμα
3575 5726 3677 5797 τῆς
3699 5723 3991 5793 διαϐολικῆς

2433 5834 2733 5906 ἐνεργείας,
2761 5832 2829 5897 ἢν
2850 5834 2907 5884 ἐν
2938 5830 3047 5892 τοῖς
3091 5825 3364 5887 Ἰουδαίοις
3386 5821 3474 5875 διὰ
3493 5820 3593 5891 τῆς
3626 5815 3859 5889 Ἡρώδου
3882 5835 3989 5870 παι-
