4156 6452
182 377 326 447 1373

1635 387 1709 446 IN
1752 384 2034 448 [SAL-HI.

3335 392 3468 458 1374

174 494 477 560 δοκτονίας
506 496 781 571 ἐνήργησε
809 516 823 530 ·
861 502 955 554 καὶ
989 500 1335 571 παράκλησις
1365 500 1502 570 πρὸς
1538 498 1638 570 τὴν
1668 499 1781 567 νέαι

1901 507 2054 552 ratus
2105 507 2226 564 est;
2284 509 2339 553 et
2397 501 2698 556 consolatio
2747 503 2811 558 ad
2861 518 3057 558 novam
3109 503 3259 569 Sion,
3324 506 3464 574 quod

181 589 354 657 Σιὼν,
383 589 466 657 ὡς
499 591 811 662 ὀλοθρεύειν
841 592 938 645 τοῦ
967 593 1205 662 Χριστοῦ
1244 593 1335 647 τὸν
1368 593 1781 664 ψευδόχριστον,

176 680 280 734 καὶ
313 682 452 747 τοὺς
478 683 574 736 σὺν
595 683 742 753 αὐτῷ
765 684 1074 754 μέλλοντος.

256 771 348 827 ιϐ’.
395 774 819 845 Εὑαγγελισμδς
847 777 1184 846 σαρκώσεως
1216 776 1481 847 Χριστοῦ,
1504 777 1599 829 καὶ
1635 778 1785 838 ὅπως

171 865 232 917 ἐν
268 865 436 936 αὐτῷ
476 866 539 919 τδ
571 866 848 937 πλήρωμα
900 869 1222 938 κατοικήσει
1269 868 1366 920 τοῦ
1426 869 1780 938 Πνεῦματος·

170 958 276 1009 καὶ
307 959 471 1023 ὅπως
511 960 639 1023 τοὺς
674 960 775 1030 μὲν
810 961 1088 1023 ἐναντίους
1114 961 1420 1034 διαφθερεῖ,
1453 961 1683 1033 ἀληθείᾳ
1725 961 1783 1015 δὲ

172 1048 274 1098 καὶ
317 1047 650 1121 δικαιοσύνῃ
685 1049 823 1120 πρὸς
859 1052 989 1114 τοὺς
1019 1050 1347 1122 ἀνθρώπους
1368 1053 1655 1122 χρήσεται,
1690 1054 1785 1106 καὶ

175 1139 327 1209 μετὰ
369 1139 608 1194 δικαίων
649 1140 901 1212 ἀθροίσει
942 1143 1071 1206 τοὺς
1111 1142 1172 1207 ἐξ
1211 1144 1491 1214 ἁμαρτίας
1525 1145 1786 1216 ἐπιστρέ-

173 1250 395 1300 φοντας
422 1248 437 1262 ·
479 1233 576 1287 καὶ
615 1234 716 1306 τὴν
763 1235 828 1287 ἐκ
868 1235 1142 1305 δαιμόνων
1180 1237 1521 1308 καταργήσει
1553 1236 1782 1308 βλάϐην,

172 1324 619 1397 πληθυνομένης
647 1327 748 1397 τῆς
778 1328 1038 1391 πίστεως.
1338 1319 1351 1326 ’

251 1424 329 1470 κ’.
380 1419 510 1471 Ὀτι
572 1417 745 1473 ἐθνῶν
793 1423 822 1474 ό
872 1421 1111 1492 Χριστὸς
1165 1423 1499 1494 προσδοκία·
1533 1425 1784 1486 καὶτοὺς

173 1511 541 1580 πανταχόθεν
573 1514 653 1576 είς
690 1514 967 1584 σωτηρίαν
998 1515 1236 1580 συνάξει,
1274 1517 1368 1569 καὶ
1412 1519 1523 1579 τοῖς
1551 1517 1785 1579 δικαίοις

171 1601 311 1664 τοὺς
363 1601 905 1674 ἐξομολογουμένους
946 1606 1310 1676 ἁμαρτωλοὺς
1370 1607 1632 1677 συνάψει·
1689 1610 1783 1661 καὶ

170 1694 295 1754 τοῖς
341 1693 449 1761 μὲν
483 1693 694 1747 ἔθνεσιν
731 1695 1008 1767 ἐκπέμψει
1045 1699 1172 1762 τοὺς
1223 1700 1560 1763 ἀποστόλους
1608 1702 1780 1771 κήρυ-

171 1801 321 1849 κας·
362 1789 425 1838 ἐν
469 1787 732 1859 Αίγύπτῳ
770 1789 828 1844 δὲ
873 1792 908 1861 ἡ
940 1791 1143 1859 γνῶσις
1178 1793 1651 1866 πληθυνθήσεται·
1685 1794 1782 1847 καὶ

173 1880 480 1950 προτροπὴ
530 1883 820 1945 κοινωνίας
879 1882 1297 1954 βαπτίσματος·
1350 1887 1444 1939 καὶ
1501 1886 1779 1956 δοξολογία

171 1968 460 2039 Χριστοῦ,
483 1970 567 2039 ἐφ’
596 1964 678 2033 οἷς
705 1971 764 2023 ἐν
781 1973 849 2042 τῇ
876 1971 1016 2027 Σιὼν
1041 1974 1474 2046 ἐμυσταγὼγησε
1509 1976 1775 2048 θαύμασι.

249 2058 364 2113 κα⁹.
411 2060 734 2131 Προφητεία
779 2063 1028 2134 κλήσεως
1069 2064 1241 2118 ἐθνῶν
1264 2066 1353 2120 διὰ
1395 2067 1658 2138 Χριστοῦ,
1685 2069 1780 2122 καὶ

172 2150 462 2220 ἀφίξεως,
493 2154 590 2206 καὶ
614 2154 724 2206 τῶν
748 2155 1024 2225 ἐσομένων
1053 2157 1112 2210 ἐν
1146 2158 1222 2229 τῷ
1251 2159 1430 2235 καιρῷ
1461 2160 1563 2231 τῆς
1591 2177 1781 2214 συντε-

175 2242 335 2306 λείας
379 2246 443 2297 ἐν
479 2247 546 2317 τῇ
592 2248 663 2316 γῇ
716 2248 811 2299 καὶ
836 2252 950 2311 tot;
988 2249 1279 2321 στοιχείοις
1325 2251 1524 2305 ἅπασι·
1561 2252 1781 2322 καὶτῆς

175 2337 293 2391 τῶν
327 2339 554 2408 ἀνόμων
587 2338 909 2409 διαφθορᾶς,
953 2340 1050 2394 καὶ
1076 2341 1177 2412 τῆς
1205 2342 1314 2398 τῶν
1336 2343 1564 2398 δικαίων
1595 2344 1778 2416 δόξης·

179 2431 279 2483 καὶ
307 2425 402 2483 οἷα
455 2431 735 2485 πείσονται
773 2433 823 2485 οί
866 2433 1160 2488 ὑπεύθυνοι
1185 2435 1305 2488 τότε
1353 2439 1419 2508 τῇ
1464 2437 1591 2511 δίκῃ
1631 2440 1780 2511 εὑρια

181 2523 474 2592 σκόμενοι.

257 2619 371 2684 κμθ.
412 2618 758 2689 Προφητεία,
789 2619 872 2673 ὅτι
901 2619 968 2673 τὰ
1004 2620 1131 2689 ἔθνη
1160 2621 1304 2675 κατὰ
1334 2622 1608 2693 δαιμόνων
1648 2623 1780 2676 ἀνα-

186 2707 484 2778 στήσεται,
512 2708 607 2761 καὶ
625 2708 1057 2778 ἀφανισθήσεται
1077 2711 1205 2780 παρ’
1224 2709 1404 2762 αὐτῶν
1439 2712 1472 2780 ἡ
1506 2710 1615 2763 τῶν
1635 2710 1781 2764 είδώ·

183 2800 296 2852 λων
319 2799 612 2872 σύγχυσις,
627 2800 844 2872 Ἰσραὴλ
860 2801 916 2854 δὲ
937 2802 1120 2863 αὐτοῖς
1140 2804 1169 2854 ό
1192 2800 1462 2854 πιστεύων
1473 2801 1778 2872 ἀναμιχθῆ-

187 2909 366 2958 σεται,
401 2895 500 2947 καὶ
535 2893 729 2967 θρῆνος
758 2893 1007 2946 ἐντεῦθεν
1035 2894 1111 2964 τῷ
1134 2893 1364 2963 διαϐόλῳ
1394 2895 1707 2965 γενήσεται.

260 2984 348 3052 κγ’
357 3025 372 3040 .
414 2985 581 3054 Χαρα
618 2984 727 3038 τῶν
755 2982 944 3050 ἐθνῶν,
972 2985 1068 3037 καὶ
1101 2985 1463 3054 σχετλιασμδς
1503 2985 1611 3038 τῶν
1651 2985 1778 3037 ἀσε-

189 3076 301 3128 ϐῶν
330 3078 426 3128 ἐπὶ
462 3075 541 3145 τῷ
581 3076 840 3147 πτώματι
875 3075 972 3128 τοῦ
1002 3076 1252 3130 διαϐόλου
1272 3089 1288 3106 ·
1313 3077 1406 3129 κα)⁵
1458 3076 1776 3146 ἐπιτίμησις

191 3170 313 3222 κατ’
340 3167 516 3222 αὐτοῦ
541 3169 695 3236 παρὰ
716 3168 812 3221 τοῦ
832 3168 991 3229 Θεοῦ,
1025 3168 1263 3238 παντελῆ
1297 3170 1396 3238 μὲν
1430 3169 1652 3239 ὄλεθρον
1677 3169 1774 3222 αὑ-
1802 3201 1844 3258 C

190 3260 284 3313 τοῦ
312 3278 371 3314 τε
397 3262 497 3315 καὶ
522 3261 631 3314 τῶν
668 3260 856 3326 αὐτοῦ,
895 3259 1190 3330 βεϐαίωσιν
1222 3261 1279 3314 δὲ
1313 3263 1411 3332 τῆς
1441 3260 1639 3332 βουλῆς
1673 3262 1774 3332 τῆς

194 3350 344 3413 θείας
377 3352 852 3420 καταγγέλλουσα.

265 3443 367 3497 κδ’.
414 3445 807 3517 Προσφώνησις
857 3449 967 3512 τοῖς
1015 3449 1258 3516 δαίμοσι,
1299 3449 1374 3519 μὴ
1423 3448 1650 3519 θαρρεῖν
1697 3444 1778 3516 τῷ

208 3535 492 3608 Ἰουδαῖκῴ
529 3537 806 3608 πτώματι,
843 3539 1030 3610 ἐπειδὴ
1060 3540 1277 3610 χαλεπά
1325 3541 1476 3611 παρὰ
1520 3539 1631 3593 τῶν
1665 3540 1777 3603 τοῖς

200 3627 522 3691 ἀποστόλοις
549 3631 996 3700 μαθητευθέντων
1025 3617 1326 3686 πείσονται.

271 3719 372 3779 κε’.
417 3722 734 3793 Προφητεία
766 3725 904 3776 κατᾶ
934 3725 1034 3792 τῆς
1058 3724 1501 3796 είδωλολατρείας
1526 3725 1585 3778 ἐν
1610 3725 1780 3794 αἰνίγ-

201 3834 333 3889 ματι
365 3817 466 3885 τῆς
495 3813 670 3869 Μωάϐ
689 3830 703 3845 ·
730 3809 800 3885 ἦν
830 3812 939 3886 γὰρ
977 3815 1115 3886 αὐτὴ
1163 3816 1492 3880 κατείδωλος
1511 3832 1525 3848 ·
1553 3817 1652 3870 καὶ
1679 3817 1780 3886 τῆς

199 3911 495 3982 ἐπιδημίας
534 3909 635 3978 τῆς
681 3906 776 3961 τοῦ
816 3910 1024 3979 Κυρίου
1051 3909 1387 3982 πρόρρησις·
1423 3909 1642 3981 καὶτῆς
1669 3909 1780 3963 τῶν

201 4005 638 4075 πεπλανημένων
659 4003 831 4057 ἐθνῶν
860 4003 1206 4075 διορθώσεως
1232 4006 1484 4075 μήνυσις.

266 4104 380 4163 κς¹.
427 4095 762 4168 Προφητεία,
812 4094 912 4166 τήν
954 4096 1166 4166 πλάνην
1216 4095 1312 4148 καὶ
1360 4096 1426 4149 ἐκ
1485 4092 1777 4166 Δαμασκοῦ

201 4189 506 4244 παύεσθαι·
542 4187 639 4241 καὶ
685 4189 993 4260 πρόρρησις
1021 4187 1122 4258 τῆς
1179 4185 1273 4240 τοῦ
1328 4187 1456 4241 λαοι
1497 4187 1605 4240 τῶν
1642 4189 1778 4240 Ἰου-

200 4282 361 4336 δαίων
416 4279 784 4348 ἐλαττώσεως,
834 4279 1006 4333 ἐθνῶν
1048 4296 1108 4333 τε
1162 4280 1530 4352 ἐπιστροφῆς·
1562 4279 1657 4333 καὶ
1689 4273 1777 4333 οἵα

200 4371 308 4423 τῶν
352 4369 623 4424 Ἰουδαίων
673 4371 721 4421 oi
780 4368 968 4430 παῖδες
998 4367 1085 4420 διὰ
1112 4366 1211 4437 τὴν
1238 4367 1317 4430 είς
1360 4364 1595 4437 Χριστὸν
1647 4366 1777 4418 άπι-

203 4463 353 4516 στίαν
380 4461 705 4515 πεπόνθασι.

1885 592 2137 647 Chrislus
2207 592 2678 662 pseudochristum
2727 604 2782 649 et
2837 596 2929 665 qui
2981 613 3105 650 cum
3153 612 3220 652 eo
3263 609 3463 662 erunt,

1884 688 2166 741 occisurus
2188 688 2278 740 sit.

1956 779 2098 833 XIX.
2134 779 2493 834 Annuntiatio
2537 780 2935 836 incarnationis
2975 782 3202 850 Christi,
3239 795 3289 838 et
3327 802 3465 854 quo-

1885 874 2050 926 modo
2110 872 2166 926 in
2211 871 2329 940 ipso
2381 871 2708 927 inhabitabit
2761 874 3043 941 plenitudo
3097 875 3367 943 Spiritus;
3413 887 3469 933 et

1883 964 2158 1034 quomodo
2187 964 2438 1018 inimicos
2465 965 2688 1033 quidem
2719 965 2990 1027 destruet,
3025 967 3254 1022 veritate
3284 978 3465 1024 autem

1883 1064 1941 1108 et
1965 1054 2175 1124 justitia
2220 1055 2562 1131 in-homines
2607 1063 2813 1120 utetur,
2861 1067 3071 1112 etcum
3110 1056 3273 1126 justis
3332 1075 3466 1113 con-

1884 1140 2128 1219 gregabit
2162 1163 2258 1203 eos
2299 1148 2391 1216 qui
2433 1163 2497 1201 ex
2545 1157 2770 1216 peccato
2815 1149 3068 1203 conversi
3123 1148 3371 1215 fuerint;
3412 1161 3470 1206 et

1885 1239 2196 1292 dazmonum
2283 1238 2488 1292 delebit
2565 1237 3022 1308 perversitatem,
3109 1241 3467 1311 multiplicata

1888 1330 2016 1386 ﬁde.

1954 1421 2073 1475 XX.
2114 1419 2272 1486 Quod
2317 1418 2572 1474 Christus
2593 1420 2699 1474 erit
2731 1419 3072 1490 exspectatio
3103 1421 3366 1491 gentium,
3410 1433 3466 1477 et

1883 1528 2076 1569 omnes
2114 1511 2356 1580 undique
2403 1510 2459 1564 in
2493 1509 2724 1564 salutem
2777 1512 3154 1582 congregabit,
3195 1522 3251 1566 et
3301 1514 3467 1582 justis

1883 1617 2201 1679 peccatores
2229 1604 2556 1661 conﬁtentes
2589 1605 2869 1674 ailjunget,
2915 1615 2971 1660 et
3009 1607 3260 1675 gentibus
3289 1608 3467 1661 mittet

1884 1714 2166 1768 praecones
2198 1698 2499 1768 apostolos,
2537 1707 2593 1750 et
2620 1697 2674 1750 in
2718 1695 2956 1768 Aigypto
2989 1699 3184 1752 notitia
3229 1709 3460 1754 crescet.

1884 1791 1950 1846 Et
1999 1789 2308 1846 exhortatio
2351 1790 2419 1843 ad
2462 1790 2936 1859 participationem
2989 1791 3368 1860 baptismatis;
3409 1805 3466 1847 et

1884 1886 2048 1958 gloria
2080 1883 2282 1941 Christi
2316 1893 2538 1954 propter
2569 1884 2830 1940 miracula
2861 1900 2983 1954 qua:
3010 1885 3065 1938 in
3100 1884 3232 1939 Sion
3261 1901 3463 1956 opera-

1884 1990 1970 2034 tus
2000 1990 2105 2034 est.
3356 1963 3360 1968 ’

1954 2071 2096 2126 XXI.
2142 2070 2471 2126 Vaticinium
2517 2070 2822 2125 vocationis
2869 2070 3116 2142 gentium
3167 2085 3265 2140 per
3302 2069 3466 2125 Chri-

1883 2175 2049 2233 stum,
2081 2175 2136 2220 et
2169 2167 2533 2226 adventus,et
2577 2164 2886 2218 futurorum
2933 2165 2989 2217 in
3032 2173 3278 2233 tempore
3329 2180 3464 2218 cou-

1883 2258 2266 2315 summationis
2303 2258 2358 2312 in
2410 2266 2553 2310 terra
2589 2265 2644 2310 et
2686 2257 2738 2309 in
2770 2257 3025 2311 omnibus
3068 2257 3373 2323 elementis,
3410 2267 3464 2313 et

1882 2351 2190 2420 iniquorum
2225 2348 2574 2418 perditionis,
2613 2357 2666 2401 et
2687 2348 2961 2417 justorum
2985 2349 3208 2419 glorim;
3240 2359 3295 2403 et
3318 2365 3466 2419 quie-

1882 2457 2010 2496 nam
2052 2440 2331 2510 patientur
2379 2439 2432 2492 hi
2470 2439 2561 2507 qui
2609 2447 2737 2492 tunc
2775 2439 2984 2509 judicio
3033 2440 3256 2494 obnoxii
3308 2441 3463 2495 inve-

1881 2533 2123 2587 nieutur.

1952 2625 2124 2680 XXII.
2169 2623 2500 2679 Vaticinium
2551 2633 2744 2690 gentes
2782 2623 2838 2677 in
2884 2623 3162 2678 daemones
3216 2624 3458 2678 insurre-

1881 2728 2066 2775 cturas
2097 2732 2240 2780 esse,
2274 2724 2328 2771 et
2356 2717 2423 2771 ab
2462 2718 2544 2770 eis
2575 2714 2859 2770 delendam
2891 2715 3158 2769 idolorum
3189 2715 3464 2769 confusio-

1884 2827 2030 2867 nem.
2085 2810 2252 2865 lsrael
2283 2818 2485 2862 autem
2533 2806 2708 2861 ﬁdelis
2737 2820 2861 2859 cum
2908 2805 2989 2858 eis
3028 2804 3364 2868 miscebitur,
3407 2813 3465 2860 et

1884 2905 2120 2978 gemitus
2146 2903 2271 2956 inde
2292 2899 2510 2955 diabolo
2536 2899 2646 2952 ﬁet.

1954 2991 2147 3046 XXIII.
2189 2989 2460 3044 Gaudium
2506 2985 2750 3057 gentium
2782 2992 2837 3038 et
2864 2982 3134 3038 desolatio
3170 2982 3461 3052 impiorum

1881 3087 1937 3141 in
1977 3083 2134 3138 ruina
2172 3079 2412 3141 diaboli;
2467 3086 2523 3131 et
2554 3073 2958 3128 animadversio
2991 3073 3044 3126 in
3081 3088 3210 3126 eum
3245 3090 3272 3125 ιι
3330 3075 3461 3137 Deo,

1881 3177 2205 3247 completam
2251 3171 2396 3225 illius
2430 3168 2796 3238 perditionem
2837 3167 3067 3236 ejusque
3100 3165 3458 3229 asseclarum,

1878 3267 2354 3332 conﬁrmationem
2435 3277 2565 3316 vero
2631 3260 2832 3315 divina:
2885 3259 3177 3313 sementim
3241 3274 3460 3313 annun-

1900 3367 2042 3418 ians.

1903 3377 1909 3379 '
1955 3378 2042 3418 ns.

1879 3377 2139 3508 uaXXIV.
2178 3447 2448 3503 Allocutio
2495 3445 2561 3499 ad
2595 3445 2891 3505 dwmones,
2921 3444 3133 3498 scilicet
3172 3460 3242 3497 ne
3290 3444 3464 3498 conﬁ-

1877 3544 2009 3600 dant
2048 3541 2360 3595 Judzeorum
2406 3534 2600 3596 ruina,
2631 3533 2889 3602 quoniam
2932 3532 3116 3602 gravia
3147 3532 3215 3588 ab
3253 3533 3337 3587 his
3367 3534 3461 3603 qui

1877 3636 1945 3689 ab
1975 3630 2234 3702 apostolis
2269 3626 2449 3682 edocti
2480 3625 2709 3690 fuerint,
2741 3624 3043 3694 patientur.

1948 3721 2116 3778 XXV.
2152 3719 2485 3775 Vaticinium
2530 3727 2722 3772 contra
2766 3716 3127 3771 idololatriam
3160 3718 3262 3772 sub
3293 3718 3462 3789 ﬁgura

1880 3817 2071 3881 Moab;
2113 3823 2232 3868 erat
2281 3811 2430 3867 enim
2465 3810 2583 3880 ipsa
2624 3809 2783 3863 idolis
2820 3809 3023 3863 dedita.
3072 3808 3138 3862 Et
3181 3811 3464 3879 praedictio

1878 3909 2147 3964 adventus
2191 3903 2429 3968 Domini,
2471 3914 2527 3956 et
2570 3901 2838 3956 indicium
2877 3901 3288 3956 restaurationis
3327 3917 3465 3970 gen-

1881 4001 2014 4055 tium
2039 4000 2094 4053 in
2127 3995 2410 4052 erroribus
2439 3993 2802 4049 versantimn.

1947 4089 2139 4145 XXVI.
2175 4086 2527 4151 Vaticinium,
2570 4100 2812 4140 errorem
2855 4085 3020 4140 etiam
3075 4100 3143 4140 ex
3202 4084 3464 4138 Damasco

1877 4182 2178 4238 desituram
2225 4195 2381 4246 esse;
2410 4187 2465 4233 et
2503 4176 2785 4248 praedictio
2837 4177 3236 4233 imminutionis
3276 4178 3460 4247 populi

1876 4274 2193 4330 Iudaeorum
2240 4281 2295 4327 et
2351 4270 2728 4327 conversionis
2771 4271 3054 4339 gentium;
3119 4281 3175 4326 et
3213 4269 3461 4340 quzetﬁam

1877 4359 2188 4416 Iudaeorum
2219 4359 2336 4422 ﬁlii,
2369 4374 2436 4413 eo
2463 4357 2614 4428 quod
2639 4357 2693 4411 in
2726 4356 3004 4414 Christum
3064 4375 3173 4413 non
3211 4359 3463 4415 credide-

1881 4456 2016 4519 rint,
2054 4455 2264 4526 passuri
2289 4463 2434 4509 sunt.

269 4551 372 4615 κζ’.
416 4552 647 4621 Κατάρα
677 4549 820 4602 κατὰ
853 4549 962 4602 τῶν
1000 4547 1171 4601 ἐθνῶν
1194 4547 1330 4618 ὁμοῦ
1358 4547 1499 4600 κατὰ
1523 4546 1633 4599 τῶν
1661 4545 1776 4600 δαιο

1952 4545 2168 4600 XXVII.
2213 4545 2349 4600 Dirae
2388 4545 2443 4598 in
2476 4553 2664 4616 gentes
2690 4545 2850 4599 simul
2889 4555 2945 4600 et
2982 4545 3034 4599 in
3070 4546 3374 4613 daemones;
3410 4557 3465 4603 et

207 4643 382 4710 μόνων
401 4660 414 4673 ·
439 4645 537 4697 καὶ
568 4643 878 4714 πρόρρησις
902 4640 1271 4707 άποστολικοῦ
1309 4641 1511 4710 δρόμου
1539 4639 1676 4712 πρὸς
1704 4639 1776 4693 τὰ

206 4734 349 4804 ἔθνη,
373 4735 471 4788 καὶ
498 4735 596 4803 τῆς
620 4734 728 4787 τῶν
757 4733 1004 4787 ἀπίστων
1039 4731 1431 4803 όλοθρεύσεως,
1463 4731 1574 4785 τῶν
1603 4731 1664 4795 ἐξ
1691 4731 1777 4784 ἐθ-

205 4825 308 4878 νῶν
336 4825 393 4881 δὲ
417 4825 825 4879 πιστευσάντων
851 4823 990 4895 πρὸς
1010 4822 1082 4876 τὰ
1110 4823 1388 4895 μυστήρια
1411 4823 1479 4876 τὰ
1503 4822 1602 4892 τῆς
1637 4820 1777 4874 Σιὼν

206 4916 462 4986 ἀφίξεως.

273 5016 380 5080 κη’.
419 5008 752 5083 Πρόρῤησις,
806 5005 894 5062 οἷα
942 5011 1070 5073 τοὺς
1129 5007 1462 5077 Αἰγυπτίους
1499 5008 1527 5060 ό
1574 5005 1779 5078 Κύριος

209 5097 404 5170 βρέφος
437 5103 574 5171 πρὸς
606 5101 803 5165 αὐτοὺς
833 5101 1079 5164 καταϐὰς
1112 5099 1516 5172 εὐηργέτησεν·
1541 5098 1690 5160 ὅπως
1716 5114 1775 5152 τε

209 5193 387 5248 αὐτῶν
425 5196 532 5248 πᾶν
560 5194 718 5262 γένος
744 5194 846 5264 τῆς
881 5194 1097 5264 ἀπάτης
1141 5192 1462 5262 ἐξηφάνισε,
1506 5191 1600 5244 καὶ
1651 5190 1779 5248 τοὺς

211 5287 403 5353 σοφοὺς
433 5288 560 5345 τοὺς
610 5286 738 5360 παρ’
770 5286 954 5348 αὐτοῖς
1004 5284 1398 5353 νομιζομένους
1434 5283 1653 5354 ᾔσχυνε,
1683 5282 1779 5333 καὶ

212 5376 447 5448 φοϐερὰν
479 5380 659 5438 αὐτοῖς
692 5379 787 5448 τὴν
819 5377 1016 5447 βουλὶτν
1061 5376 1160 5448 τὴν
1192 5376 1401 5428 οἰκείαν
1450 5373 1773 5443 κατέστησε.

286 5557 384 5612 κθ’.
427 5559 740 5629 Προφητεία
781 5559 881 5628 τῆς
926 5556 1244 5625 Αἰγυπτίων
1309 5555 1446 5625 πρὸς
1494 5551 1587 5606 τὸν
1646 5553 1780 5606 Θεὸν

215 5647 580 5719 ἐπιστροφῆς·
616 5650 710 5702 καὶ
744 5651 893 5710 ὅπως
944 5647 1084 5718 μετὰ
1116 5647 1225 5699 τῶν
1278 5645 1456 5699 ἄλλων
1499 5642 1671 5696 ἐθνῶν
1713 5643 1780 5695 τὰ

215 5743 452 5808 πρωτεῖα
475 5740 613 5793 κατὰ
636 5739 729 5792 τοῦ
763 5737 977 5808 Ἰσραὴλ
1007 5738 1210 5804 ἕξουσι.

282 5827 348 5886 λ’.
389 5831 781 5904 Προσφώνησις
806 5829 884 5900 τῷ
929 5829 1147 5899 Ἡσαΐᾳ,
1173 5826 1408 5899 κηρύξαι
1428 5826 1525 5899 τὴν
1552 5829 1777 5898 γενομέ-

1877 4638 2158 4709 praedictio
2195 4638 2568 4708 apostolorum
2611 4653 2807 4692 cursus
2865 4638 2917 4692 in
2955 4649 3165 4708 gentes,
3199 4649 3253 4694 et
3282 4639 3462 4694 inere-

1877 4729 2129 4783 dulorum
2162 4728 2515 4798 perditionis,
2544 4737 2601 4781 et
2626 4743 2816 4783 eorum
2843 4727 2931 4797 qui
2957 4745 3021 4782 ex
3061 4729 3316 4798 gentibus
3339 4745 3462 4783 cre-

1877 4818 2138 4873 diderunt
2171 4816 2506 4873 accessionis
2543 4816 2610 4871 ad
2648 4816 2905 4889 mysteria
2941 4815 3094 4874 Sion.

1951 5018 2188 5075 XXVIII.
2232 5017 2563 5074 Vaticinium
2615 5018 3009 5074 beneﬁciorum
3047 5035 3168 5090 quae
3204 5020 3256 5074 in
3297 5020 3462 5091 Egy-

1881 5112 2023 5182 ptios
2067 5111 2332 5180 Dominus
2393 5110 2573 5165 adhuc
2635 5125 2775 5180 puer
2803 5111 2868 5165 ad
2918 5110 3068 5180 ipsos
3120 5112 3460 5167 descendens

1878 5202 2129 5267 contulit,
2191 5213 2246 5256 et
2289 5202 2565 5271 quomodo
2611 5202 2680 5256 ab
2723 5201 2804 5257 eis
2834 5217 2996 5257 omne
3045 5218 3219 5274 genus
3258 5205 3460 5258 erroris

1879 5293 2104 5356 amovit,
2143 5303 2200 5347 et
2240 5293 2330 5362 qui
2379 5293 2522 5346 inter
2572 5292 2723 5362 ipsos
2772 5292 3051 5362 sapientes
3091 5295 3451 5350 censebantui

1881 5383 2148 5449 confudit,
2197 5392 2250 5438 et
2301 5384 2577 5454 propriam
2619 5383 2753 5454 ipsis
2782 5385 3112 5439 sententiam
3156 5385 3456 5439 terribilem

1882 5475 2084 5530 eﬂ'ecit.

1955 5565 2142 5621 XXIX.
2184 5567 2517 5623 Vaticinium
2563 5569 2940 5624 conversionis
2974 5569 3354 5643 Egyptiorum
3388 5570 3458 5626 ad

1884 5658 2076 5723 Deum,
2109 5669 2163 5714 et
2185 5661 2461 5730 quomodo
2492 5676 2614 5715 cum
2642 5660 2766 5716 aliis
2806 5663 3022 5734 populis
3068 5665 3360 5736 primatum
3400 5665 3456 5722 in

1885 5750 2138 5804 lsraelem
2161 5751 2506 5809 obtinebunt.

1955 5838 2122 5896 XXX.
2161 5841 2426 5901 Allocutio
2453 5846 2520 5903 ad
2553 5845 2744 5903 Isaiam
2789 5859 2845 5904 ut
2871 5847 3159 5904 denuntiet
3181 5863 3299 5904 eam
3333 5859 3455 5922 qua:
