4156 6452
197 377 329 444 13Π

1626 392 1707 454 1N
1752 396 2038 457 ISAIAM.

3319 415 3457 478 1318

264 488 372 562 μβ’.
416 492 787 562 Σχετλιασμὸς
819 495 958 547 κατά
981 494 1081 564 τῆς
1104 496 1339 567 ἀρχαίας
1379 498 1739 572 Ἰερουσαλήμ

1945 502 2102 558 XLII.
2143 503 2378 571 Querela
2421 507 2688 566 adversus
2726 522 2969 569 veterem
3019 512 3349 585 Jerusalem,
3399 535 3454 577 et

187 586 283 637 καὶ
310 585 509 656 ἀπειλὴ
550 587 692 638 κατά
728 586 1025 656 δαιμόνων,
1061 588 1170 640 τῶν
1197 589 1371 658 αὐτὴν
1394 595 1771 660 τυραννησάν-

186 695 297 730 των
317 693 329 705 ·
361 677 455 730 καὶ
484 678 790 746 κατηγορία
824 678 925 747 τῆς
951 678 1061 730 τῶν
1100 679 1376 733 Ἰουδαίων
1407 682 1725 753 πωρώσεως
1752 701 1766 716 ·

1875 596 2034 647 minze
2069 595 2122 648 in
2148 596 2428 652 daemones
2444 600 2539 668 qui
2565 614 2686 654 eam
2716 603 3079 674 subegerunt;
3103 617 3161 663 et
3178 615 3456 668 accusatio

1873 686 2092 741 duritiae
2114 686 2449 754 Iudaeorum,
2489 701 2544 747 et
2576 695 2852 763 quomodo
2875 697 3223 770 Evangelium
3252 702 3456 760 Iudaeis

188 770 284 823 καὶ
311 771 461 833 ὅπως
497 770 560 823 τὸ
609 770 947 838 Εὑαγγέλιον
991 773 1105 832 τοῖς
1171 771 1452 836 Ἰουδαίοις
1497 776 1750 845 ὲσφράγι·

1871 780 2142 834 sancitum
2173 791 2289 848 est;
2320 800 2428 838 non
2469 788 2738 858 accipitur
2779 801 2962 846 autem
3010 793 3325 866 priusquam
3364 799 3455 852 di-

188 882 333 930 σται,
365 865 645 931 ἀνοετται
676 864 732 917 δὲ
765 865 896 933 πρὶν
919 865 988 917 τά
1022 864 1138 918 θεῖα
1175 867 1552 937 παιδευθῆναι.

260 964 372 1025 μγ’.
415 958 742 1028 Κατηγορία
787 956 897 1028 [ἵσ.
942 958 1279 1032 προφητεία]
1328 960 1428 1030 τῆς
1479 961 1589 1013 τῶν
1637 962 1766 1015 Ίου-

182 1050 350 1104 δαίων
380 1051 785 1119 κατακρίσεως,
819 1051 915 1103 καὶ
953 1052 1258 1122 πρόρρησις
1315 1052 1416 1121 τῆς
1453 1053 1562 1106 τῶν
1594 1055 1766 1108 ἐθνῶν

183 1143 540 1211 θεογνωσίας,
577 1146 670 1194 καὶ
700 1143 800 1211 τῆς
836 1142 1117 1200 ἀπωλείας
1145 1143 1256 1197 τῶν
1299 1143 1446 1215 ἔργῳ
1492 1148 1588 1200 καὶ
1620 1148 1764 1219 λόγῳ

182 1234 276 1286 τὸν
319 1233 449 1286 λαὸν
500 1233 1004 1297 σκανδαλιξόντων·
1043 1238 1136 1287 καὶ
1166 1236 1317 1298 ὅπως
1346 1241 1459 1298 τοῖς
1492 1239 1586 1290 τοῦ
1627 1241 1762 1309 Χρι-

182 1325 314 1380 στοῦ
349 1325 594 1396 θαύμασι
631 1328 698 1379 τά
733 1327 833 1395 μὲν
860 1326 988 1395 ἔθνη
1025 1327 1471 1399 παιδευθήσεται,
1514 1331 1761 1386 Ἰουδαῖοι

177 1418 240 1470 δὲ
277 1417 756 1488 αἰσχυνθήσονται,
808 1417 883 1480 ῶς
933 1417 1272 1480 ἀποστάντες
1330 1419 1612 1484 Θεοῦ,καὶ
1665 1423 1759 1476 τοῦ

180 1509 377 1580 νοητοῦ
405 1509 505 1578 τὴν
539 1509 863 1578 συμμαχίαν
899 1509 1172 1578 ἑλόμενοι.

255 1601 358 1671 μδ¹.
400 1601 590 1663 Ὅπως
639 1602 708 1653 τά
762 1601 913 1670 παρά
962 1601 1076 1654 τῶν
1125 1600 1405 1672 δαιμόνων
1462 1604 1756 1675 ἀνωφελῆ·

174 1694 410 1756 τούτους
447 1693 557 1763 γάρ
605 1696 717 1755 τοῖς
760 1691 974 1762 θηρίοις
1032 1693 1395 1762 παρείκασεν,
1426 1695 1564 1765 ὅπερ
1594 1697 1653 1747 ἐν
1681 1695 1758 1746 εί-

175 1787 297 1840 κόνι
342 1785 444 1856 τῆς
483 1784 852 1854 εὐαγγελικῆς
897 1782 1084 1853 βίϐλου
1119 1784 1332 1855 γράψαι
1389 1787 1417 1838 6
1465 1788 1756 1858 προφήτης

174 1878 495 1932 κελεύεται·
534 1878 629 1930 καὶ
657 1878 806 1940 ὅπως
833 1875 1058 1930 ἀκούειν
1091 1878 1336 1931 Ἰουδαῖοι
1364 1880 1433 1932 τά
1464 1879 1584 1933 θεῖα
1615 1897 1759 1950 παρ-

177 1970 523 2041 αιτούμενοι,
565 1968 768 2040 πτῶμα
797 1970 1019 2023 ἀνίατον
1045 1970 1331 2024 πίπτουσι.

253 2071 359 2134 με’.
401 2063 732 2134 Παραίνεσις
769 2062 1063 2131 μετανοίας
1100 2062 1180 2133 τῷ
1224 2063 1464 2133 Ἰσραὴλ,
1505 2064 1599 2117 καὶ
1627 2063 1759 2116 ἀνά-

175 2173 380 2227 μνησις
411 2151 500 2208 οἷα
528 2155 687 2208 αὐτοῖ⁵
715 2154 1054 2216 ἀποστάντες
1083 2153 1193 2207 ἀπὸ
1228 2153 1364 2208 Θεοῦ
1401 2154 1757 2207 ὲϐουλεύσανυ

168 2266 258 2308 το.
288 2250 317 2302 6
343 2247 579 2318 Χριστὸς
605 2246 664 2300 δὲ
692 2245 779 2299 διά
810 2247 910 2317 τῆς
931 2245 1142 2310 οἰκείας
1183 2245 1516 2317 σαρκώσεως
1545 2248 1753 2301 οίκονο-

173 2342 302 2411 μεῖν
331 2339 711 2410 εὐτρέπισται.

250 2465 369 2529 pg".
417 2457 731 2529 Πρόρρησις
765 2456 863 2509 τοῦ
917 2452 1166 2526 Χριστοῦ
1200 2455 1300 2525 τῆς
1340 2454 1604 2526 δευτέρας
1651 2458 1754 2525 ἀερ-

174 2552 334 2618 ίξεως
353 2567 366 2580 ·
387 2552 482 2602 καὶ
497 2548 699 2620 ἀπειλὴ
727 2549 865 2602 κατά
887 2547 998 2600 τῶν
1015 2547 1299 2617 ἀποκεχρη
1309 2547 1484 2616 μένων
1513 2547 1592 2618 τῷ
1621 2548 1755 2619 οἴκῳ

167 2642 269 2697 τοῦ
301 2642 458 2706 Θεοῦ,
494 2642 589 2694 καὶ
617 2640 759 2694 κατά
802 2639 896 2693 τοῦ
931 2639 1179 2692 διαόόλου
1221 2641 1317 2691 καὶ
1347 2638 1457 2692 τῶν
1480 2642 1567 2692 ἐπ’
1603 2641 1754 2712 αὐτῴ

170 2735 550 2789 πεποιθότων·
588 2734 681 2786 καὶ
728 2733 877 2796 ὅπως
906 2734 940 2803 ἠ
995 2731 1090 2786 τοῦ
1148 2731 1405 2802 Σωτῆρος
1463 2733 1750 2803 ἐπιδημία,

169 2831 460 2900 ἀναίρεσις
497 2830 596 2898 τῆς
620 2826 832 2889 πλάνης
858 2825 968 2878 τῶν
997 2824 1255 2890 εἰδώλων,
1292 2826 1388 2879 καὶ
1416 2825 1510 2879 τοῦ
1544 2826 1752 2898 ταύτην

170 2927 261 2978 ὲνε
273 2923 580 2994 ργήσαντος
607 2918 840 2988 γίνεται.

244 3013 356 3085 μζ.
397 3010 766 3082 Μακαρισμὸς
794 3011 902 3063 τῶν
931 3010 1312 3079 φυλαττόντων
1343 3009 1442 3080 τὴν
1470 3009 1605 3080 πρὸς
1653 3009 1746 3063 Ἰε-

171 3106 456 3180 ρουσαλὴμ
495 3106 594 3176 τὴν
625 3105 824 3175 νοητὴν
871 3103 1217 3172 συγγένειαν,
1251 3098 1366 3176 ἐνῇ
1403 3107 1630 3174 φανεροί
1650 3105 1750 3173 τῆς

1870 871 1995 926 vina
2026 873 2381 932 edoceantur.

1943 962 2128 1019 XLIII.
2168 967 2459 1037 Prophetia
2488 971 3037 1040 judiciiJudaeorum,
3079 988 3136 1032 et
3167 981 3452 1047 praedictio

1867 1055 2074 1110 notitia:
2112 1057 2206 1112 Dei
2244 1061 2387 1128 apud
2416 1073 2629 1130 gentes,
2661 1072 2716 1118 et
2757 1067 3080 1135 perditionis
3122 1086 3313 1124 eorum
3359 1075 3449 1142 qui

1866 1146 2034 1201 verbo
2065 1157 2120 1223 et
2144 1164 2312 1218 opere
2342 1152 2605 1220 populum
2637 1156 3049 1222 scandalizent;
3090 1168 3146 1214 et
3176 1164 3453 1230 quomodo

1864 1249 2054 1308 gentes
2084 1239 2289 1294 Christi
2326 1243 2609 1299 miraculis
2650 1246 3018 1309 docebuntur.
3066 1251 3237 1307 Judaai
3267 1262 3448 1309 autem

1863 1330 2294 1396 confundentur,
2322 1334 2526 1404 quippe
2557 1337 2648 1405 qui
2677 1353 2706 1391 a
2733 1337 2844 1394 Deo
2874 1341 3201 1406 defecerint,
3250 1345 3450 1401 diaboli

1864 1427 2046 1475 autem
2078 1423 2345 1478 auxilium
2371 1428 2740 1495 praetulerint.

1935 1603 2116 1659 XLIV.
2153 1606 2440 1672 Quomodo
2483 1627 2604 1679 quae
2640 1628 2670 1666 a
2712 1615 3076 1680 daemonibus.
3119 1631 3251 1677 sunt
3285 1640 3446 1680 vana.

1862 1693 1971 1749 llos
1998 1696 2144 1749 enim
2178 1695 2308 1751 feris
2332 1699 2600 1755 assimilat
2624 1721 2637 1767 ;
2663 1705 2804 1772 quod
2837 1707 2889 1760 in
2924 1708 3094 1779 ﬁgura
3123 1711 3243 1766 libri
3277 1730 3448 1769 evan-

1863 1786 2016 1851 gelici
2074 1786 2318 1841 scribere
2353 1790 2618 1860 propheta
2656 1795 2902 1864 jubetur.
2945 1799 3010 1854 Et
3038 1805 3314 1870 quomodo
3352 1822 3450 1860 au-

1861 1876 1977 1930 dire
1997 1876 2179 1932 divina
2204 1875 2375 1932 Judaei
2421 1895 2546 1937 cum
2589 1888 2898 1953 renuerint,
2952 1892 3110 1948 ruina
3155 1895 3446 1953 insanabili

1859 1968 2086 2023 cadent.

1933 2060 2090 2116 XLV.
2136 2062 2458 2122 Exhortatio
2480 2069 2816 2138 paenitentia:
2844 2073 2911 2128 ad
2943 2075 3144 2144 Israel;
3179 2088 3234 2134 et
3276 2097 3448 2137 reme-

1861 2155 2092 2210 moratio
2121 2157 2303 2226 qualia
2335 2159 2463 2230 ipsi,
2507 2174 2632 2215 cum
2668 2178 2698 2216 a
2747 2163 2858 2219 Deo
2897 2167 3226 2237 defecerint,
3257 2175 3443 2228 consi-

1858 2245 1969 2300 liati
2001 2247 2138 2315 sint;
2176 2249 2430 2307 Christus
2455 2262 2648 2325 autem.
2672 2270 2769 2325 per
2806 2253 2958 2312 sitam
3014 2261 3444 2322 incarnationem

1859 2338 2056 2394 bonam
2082 2340 2485 2400 institutionem
2523 2354 2699 2416 parat.

1931 2453 2111 2510 XLVI.
2172 2456 2465 2514 Praedictio
2510 2462 2737 2516 secundi
2790 2468 3055 2522 adventus
3108 2467 3342 2534 Christi;
3389 2484 3445 2527 et

1857 2545 2017 2601 minae
2047 2548 2099 2601 in
2130 2565 2226 2604 eos
2254 2551 2346 2620 qui
2377 2552 2532 2606 abusi
2569 2565 2699 2608 sunt
2723 2555 2887 2610 domo
2929 2560 3043 2623 Dei,
3080 2571 3129 2614 et
3166 2562 3218 2614 in
3252 2563 3446 2619 diabo-

1856 2639 1966 2693 lum
2002 2651 2056 2695 et
2099 2643 2153 2695 in
2194 2658 2290 2696 eos
2338 2644 2429 2713 qui
2481 2647 2765 2701 conﬁdunt
2799 2649 2854 2702 in
2908 2665 2994 2704 eo.
3049 2653 3117 2706 Et
3164 2659 3441 2723 quomodo

1854 2728 2152 2787 Salvatoris
2182 2733 2450 2789 adventus
2478 2736 2569 2791 ﬁat
2598 2738 2906 2795 destructio
2933 2745 3135 2798 erroris
3177 2747 3442 2806 idolorum

1852 2831 1908 2876 et
1929 2822 2051 2892 ejus
2077 2823 2170 2893 qui
2191 2840 2311 2880 eam
2337 2826 2588 2898 inspirat.

1923 3009 2130 3066 XLVII.
2170 3011 2460 3069 Beatitudo
2506 3030 2696 3071 eorum
2741 3018 2834 3087 qui
2877 3031 3098 3078 servant
3140 3024 3438 3094 spiritalem

1851 3117 1976 3157 cum
2023 3101 2323 3161 Jerusalem
2393 3110 2814 3180 cognationem,
2869 3113 2924 3167 in
2963 3129 3068 3184 qua
3121 3119 3439 3176 manifestat

168 3197 379 3259 οἰκείας
409 3194 707 3264 ἐπιδημίας
746 3195 774 3246 6
824 3193 1062 3262 Χριστὸς
1090 3193 1162 3245 τά
1198 3194 1497 3264 μυστήρια,
1531 3193 1625 3247 καὶ
1649 3194 1750 3264 τὴν

1855 3191 2106 3248 Christus
2144 3196 2228 3249 sui
2264 3196 2538 3252 adventus
2575 3201 2850 3270 mysteria,
2897 3211 2953 3257 et
2994 3204 3305 3263 Iudaeorum
3343 3226 3441 3266 su-

168 3291 281 3345 τῶν
326 3288 599 3343 Ἰουδαίων
652 3285 975 3350 ἀλαζονείαν
1027 3285 1212 3353 παύει,
1265 3285 1473 3355 βεόαιοί
1533 3287 1591 3340 δὲ
1639 3286 1748 3339 τῶν

168 3381 382 3438 πιστῶν
409 3382 510 3451 τὴν
537 3379 848 3433 εὐσέϐειαν.

246 3503 360 3568 μην.
402 3493 821 3564 Εὐαγγελισμὸς
863 3493 977 3546 τῶν
1017 3493 1378 3562 Ἐκκλησιῶν,
1413 3495 1508 3548 καὶ
1547 3494 1746 3565 θρῆνος

167 3589 280 3642 τῶν
311 3587 624 3642 Ἰουδαϊκῶν
659 3585 994 3654 συναγωγῶν
1019 3601 1031 3614 ·
1057 3585 1150 3636 καὶ
1181 3585 1381 3655 ἀπειλὴ
1405 3587 1502 3652 τῆς
1544 3587 1745 3656 Ἰερου-

170 3678 357 3748 σαλὴμ
387 3677 742 3748 ἐρημώσεως,
778 3675 975 3745 μέχρις
993 3675 1059 3728 ἀν
1087 3674 1310 3744 δέξηται·
1337 3674 1436 3744 τὴν
1465 3675 1747 3728 κοινωνίαν

166 3771 264 3825 τοῦ
293 3768 630 3840 Πνεύματος,
661 3769 728 3837 ἢν
755 3767 822 3819 τὰ
860 3766 991 3832 ἔθνη
1017 3766 1308 3836 δεχόμενα,
1345 3765 1610 3836 ἐλεύθερα
1641 3767 1746 3820 πά-

168 3882 272 3936 σης
308 3863 512 3934 βλάϐης
540 3861 894 3932 φυλάττεται,
943 3859 1188 3912 Ἰουδαῖοι
1236 3860 1291 3913 δὲ
1341 3858 1643 3932 διασπορὰς
1669 3860 1746 3923 ὡς

166 3956 524 4019 ἀπειθοῦντες
550 3954 848 4008 πείσονται.

241 4071 353 4142 μθ⁹.
392 4068 681 4137 Δοξολογία
713 4065 852 4122 Θεοῦ
882 4067 977 4121 καὶ
993 4066 1101 4120 τῶν
1126 4065 1368 4135 ἀγαθῶν,
1406 4059 1550 4138 άπερ
1581 4065 1744 4130 αὐτὸς

166 4163 486 4236 χαρίζεται·
527 4161 624 4215 καὶ
678 4159 1001 4232 πρόρῤησις,
1046 4158 1404 4230 φθαρήσεσθαι
1471 4161 1568 4229 τὴν
1614 4159 1744 4212 ἀσέ-

168 4258 324 4310 ϐειαν
354 4254 423 4309 δι’
448 4253 800 4315 ἀναστάσεως
842 4249 1086 4322 Χριστοῦ
1125 4249 1221 4303 καὶ
1258 4249 1601 4320 ἀναλήψεως,
1648 4250 1745 4303 καὶ

169 4353 279 4407 τῶν
309 4351 483 4407 ἄλλων
520 4348 863 4420 μυστηρίων,
904 4345 1050 4418 ἅπερ
1091 4346 1171 4410 είς
1216 4345 1524 4414 ἀφανισμὸν
1562 4344 1743 4412 πάσης

168 4445 380 4510 πλάνης
426 4441 670 4496 ἐπιτελεῖ
722 4438 1136 4511 σαρκούμενος·
1166 4438 1227 4501 ἐξ
1258 4432 1332 4490 ῶν
1388 4437 1526 4490 Σιὼν
1578 4436 1678 4506 μὲν
1709 4439 1742 4507 ὴ

1852 3285 2056 3351 perbiae
2102 3286 2266 3341 ﬁnem
2324 3289 2576 3360 imponit,
2616 3301 2672 3348 et
2712 3294 3006 3351 conﬁrmat
3045 3298 3285 3356 ﬁdelium
3325 3305 3441 3374 pie-

1853 3383 2038 3429 tatem.

1919 3487 2151 3543 XLVIII.
2193 3488 2403 3546 Laetitia
2429 3491 2790 3550 Ecclesiarum
2813 3506 2868 3552 et
2895 3498 3218 3560 lamentatio
3243 3507 3432 3564 Iudai-

1848 3593 2038 3633 carum
2089 3594 2479 3652 synagogarum
2510 3592 2566 3638 et
2608 3587 2769 3641 minae
2819 3588 3175 3648 d'esolationis
3208 3595 3434 3655 Jerusa-

1848 3669 1991 3732 lem,
2040 3671 2214 3726 donec
2274 3663 2500 3743 recipiat
2554 3680 3112 3736 communicationem
3159 3685 3430 3756 Spiritus.

1847 3774 2009 3827 quam
2039 3760 2366 3830 recipientes
2389 3773 2601 3832 gentes,
2625 3766 2898 3822 immunes
2926 3785 3218 3828 servantur
3245 3780 3432 3834 omnis

1849 3867 2038 3920 noxae;
2082 3853 2258 3908 Judaei
2305 3865 2491 3910 autem
2539 3873 2639 3927 pro
2669 3873 2768 3913 sua
2800 3859 3182 3921 incredulitate
3223 3868 3433 3941 disper-

1847 3944 2065 3998 sionem
2097 3945 2398 4015 patientur.

1917 4057 2104 4114 XLIX.
2146 4060 2480 4118 Gloriﬁeatio
2510 4061 2605 4117 Dei
2632 4072 2683 4119 et
2717 4064 2989 4123 bonorum
3019 4086 3141 4140 qua:
3174 4073 3290 4143 ipse
3324 4075 3427 4130 lar-

1847 4149 2027 4223 gitur;
2054 4161 2109 4206 et
2137 4154 2420 4223 praedictio
2455 4155 2876 4226 disperdeudam
2909 4159 3025 4222 fore
3069 4162 3428 4233 impietatem,

1844 4259 1942 4312 per
1963 4243 2165 4298 Christi
2196 4246 2650 4300 resurrectionem
2699 4257 2755 4301 et
2790 4253 3167 4308 ascensionem
3209 4257 3424 4328 aliaque

1848 4335 2100 4405 mysteria
2124 4352 2246 4405 qua:
2279 4337 2334 4391 in
2358 4337 2706 4392 abolitionem
2741 4342 2922 4395 omnis
2946 4346 3151 4402 erroris
3181 4350 3430 4417 perﬁciet

1845 4426 2182 4489 incarnatus,
2239 4443 2337 4497 per
2377 4444 2499 4496 quae
2549 4445 2690 4483 neva
2735 4430 2867 4484 Sion
2918 4435 3242 4492 inconcussa
3298 4444 3427 4506 erit,

167 4539 263 4592 νέα
293 4536 589 4597 ἀσάλευτος
610 4533 785 4597 ἔσται,
819 4534 874 4584 αί
907 4531 1226 4599 συναγωγαὶ
1252 4529 1308 4582 δὲ
1329 4529 1440 4581 τῶν
1476 4529 1742 4582 Ἰουδαίων

1853 4532 2129 4590 synagoga;
2159 4531 2341 4574 autem
2372 4518 2681 4575 Iudaeorum
2715 4525 3051 4592 quatientur.

170 4629 424 4683 σείονται.

237 4746 301 4795 ν’.
345 4737 657 4808 Πῴρῤησις
689 4733 1001 4795 συντελείας
1029 4732 1127 4802 τῆς
1162 4732 1447 4802 ὁρωμένης
1487 4732 1742 4794 κτίσεως,

171 4832 291 4883 καθ’
319 4831 385 4900 ἢν
417 4827 778 4897 ἀφανίζονται
825 4826 983 4896 θυμῷ
1022 4825 1117 4879 τοῦ
1148 4825 1284 4879 Θεοῦ
1321 4827 1461 4895 μετά
1488 4825 1590 4894 τῆς
1621 4828 1747 4877 ἀσε-

169 4924 321 4987 ίείας
350 4923 401 4976 οἱ
435 4923 608 4991 ταύτῃ
656 4919 1177 4990 προσχωρήσαντες,
1232 4919 1345 4979 τοῖς
1394 4917 1640 4969 εὐσεϐέσι
1687 4918 1742 4969 δὲ

169 5013 504 5086 κληρονομία
533 5011 760 5065 δίδοται.

239 5106 338 5162 να’.
379 5104 796 5174 Εὑαγγελισμὸς
857 5103 953 5156 τοῦ
998 5101 1101 5171 τῆς
1148 5101 1475 5170 Ἐκκλησίας
1524 5101 1739 5164 ἄνθους,

169 5204 260 5254 καὶ
287 5203 400 5254 τῶν
430 5198 728 5267 θαυμάτων
759 5197 795 5250 ἀ
836 5194 1144 5267 σαρκωθεὶς
1165 5198 1195 5250 6
1227 5194 1462 5265 Χριστὸς
1498 5193 1739 5258 ἐδέξατο,

169 5296 264 5348 καὶ
295 5293 403 5346 τῶν
435 5290 655 5360 ἀγαθῶν
688 5289 786 5358 τῆς
806 5288 1017 5359 δωρεᾶς
1043 5285 1139 5339 τοῦ
1166 5286 1562 5356 βαπτίσματος.

237 5406 337 5478 νβ’.
416 5407 703 5474 Διήγησις,
759 5397 846 5455 οἷα
905 5399 1188 5470 Ῥαψάκης
1241 5400 1308 5468 τῇ
1383 5397 1742 5468 Ἰερουσαλὴμ

170 5501 322 5568 παρὰ
375 5494 470 5549 τοῦ
515 5494 880 5564 Σεναχειρεὶμ
926 5491 1259 5552 ἀποσταλεὶς
1290 5489 1593 5559 ﬁnali-1165'
1645 5489 1740 5541 καὶ

166 5591 314 5651 ὅπως
343 5587 442 5657 τὴν
479 5586 710 5654 ἀπειλὴν
751 5583 1022 5648 Ἑζεκίας.¹
1054 5578 1262 5651 μαθὼν,
1322 5580 1459 5649 πρὸς
1517 5579 1741 5632 Ἡσαΐαν

167 5683 291 5744 τοὺς
319 5680 459 5750 ὑπὲρ
488 5679 658 5748 αὐτῆς
679 5666 938 5747 δεηθῆναι
968 5670 1422 5744 παρακαλοῦντας
1455 5671 1550 5724 ἐπε
1563 5671 1702 5740 μψεν
1725 5690 1738 5704 ·

167 5774 196 5823 6
226 5770 281 5823 δὲ
317 5769 618 5838 ἀσφάλειαν
655 5767 804 5838 παρά
826 5764 961 5818 Θεοῦ
988 5768 1054 5835 τῇ
1075 5763 1266 5825 πόλει,
1296 5762 1651 5833 ἀποστροφὴν
1683 5762 1739 5814 δὲ

167 5862 260 5916 τοῦ
287 5863 618 5932 Σεναχειρὶμ
644 5863 721 5924 εἰς
753 5860 848 5931 τὴν
880 5857 1064 5930 χώραν
1104 5855 1202 5926 τὴν
1234 5855 1442 5908 οἰκείαν
1475 5856 1736 5924 ἐμήνυσε.

1919 4722 1982 4775 L.
2025 4721 2315 4777 Praedictio
2336 4725 2827 4781 consummationis
2849 4729 3142 4787 creationis
3177 4733 3425 4799 visibilis,

1845 4815 1900 4868 in
1936 4830 2040 4883 qua
2065 4813 2154 4868 Dei
2185 4814 2370 4868 furore
2401 4815 2658 4869 delentur
2681 4828 2737 4871 et
2767 4818 3019 4889 impietas
3052 4832 3108 4878 et
3137 4825 3173 4878 ii
3199 4827 3289 4896 qui
3321 4828 3427 4882 im-

1845 4904 2027 4972 pietati
2064 4902 2440 4968 adhaeserunt,
2481 4905 2581 4974 piis
2622 4916 2804 4960 autem
2849 4909 3086 4966 donatur
3115 4913 3424 4975 hereditas.

1919 5107 2006 5160 LI.
2045 5106 2254 5162 Lagtum
2286 5107 2538 5161 nuntium
2573 5107 2721 5162 ﬂoris
2761 5108 3042 5178 Ecclesiae,
3092 5124 3146 5170 et
3186 5118 3427 5175 miracu-

1843 5200 2017 5251 lorum
2045 5215 2166 5267 qu:e
2185 5199 2434 5252 Christus
2463 5199 2776 5254 incarnatus
2799 5202 3049 5269 perfecit,
3073 5218 3131 5262 et
3156 5209 3423 5267 bonorum

1844 5291 1970 5343 doni
2010 5290 2370 5358 baptismatis.

1916 5403 2025 5457 LII.
2068 5403 2342 5471 Expositio
2378 5404 2641 5460 malorum
2672 5422 2791 5474 qua:
2834 5408 3122 5474 Rahsaces,
3155 5426 3184 5464 a
3216 5411 3422 5469 Senna-

1841 5496 2030 5551 clterib
2065 5495 2286 5559 missus,
2309 5493 2613 5551 Jerusalem
2644 5500 2881 5553 minatus
2902 5510 3006 5562 est,
3044 5513 3100 5556 et
3125 5510 3418 5573 quomodo,

1845 5589 1929 5641 his
1955 5587 2173 5648 auditis,
2211 5587 2474 5642 Ezechias
2503 5589 2568 5642 ad
2610 5590 2802 5644 Isaiam
2855 5593 3002 5649 misit
3033 5597 3122 5665 qui
3155 5613 3279 5652 eum
3321 5601 3422 5653 de-

1843 5688 2196 5748 precarentur
2223 5688 2282 5732 ut
2303 5690 2486 5734 oraret
2519 5696 2616 5748 pro
2645 5681 2725 5735 eis
2757 5700 2769 5734 :
2819 5684 2905 5738 ille
2936 5697 3115 5740 autem
3159 5692 3418 5746 securita-

1845 5782 1950 5826 tem
1987 5787 2014 5825 a
2042 5771 2152 5824 Deo
2193 5772 2421 5839 civitati,
2458 5788 2759 5841 regressum
2800 5793 2928 5832 vero
2959 5781 3336 5839 Sennachcrib
3365 5787 3418 5840 in

1843 5877 1997 5916 suam
2035 5862 2312 5933 regionem
2335 5862 2703 5920 annuntiavit.
