4156 6452
192 413 321 481 I381

1623 409 1704 467 ΙΝ
1748 411 2034 470 ISAIAM.

3317 410 3458 480 1382

262 528 360 594 ξρο.
407 523 800 594 Ιίροσφώνησις
868 523 978 580 τοῖς
1035 519 1342 588 στοιχείοις,
1395 519 1483 571 διὰ
1528 520 1628 588 τὴν
1675 519 1771 572 τοῦ

1948 521 2110 576 LXII.
2153 523 2422 579 Allocutio
2459 525 2527 578 ad
2578 526 2844 580 elementa
2898 535 2956 579 ut
2999 538 3220 594 propter
3260 528 3354 585 Dei
3402 532 3456 586 in

189 615 326 668 Θεοῦ
383 616 513 683 περὶ
554 613 661 664 τῶν
704 611 1008 682 ἀνθρώπων
1036 609 1454 679 φιλανθρωπίαν
1483 609 1768 679 εὐφραίνε-

192 705 347 757 σθαι-
383 705 475 756 καὶ
505 704 760 771 ἐπιτιμία
794 705 904 764 τοῖς
938 699 1231 768 ἐγκαλοῦσι
1269 700 1344 770 τῷ
1393 700 1615 774 Χριστῷ
1641 703 1771 772 περὶ

190 791 267 848 ὧν
293 799 591 866 οἰκονομεῖ,
631 797 753 847 δέον
788 794 1093 862 δοξολογεῖν
1125 789 1186 847 οὗ
1220 795 1384 864 μόνου
1417 795 1770 866 προγνώστου

192 889 288 939 καὶ
317 886 539 956 ποιητοῦ
575 886 936 954 τυγχάνοντος
961 901 974 915 ·
1011 886 1105 938 καὶ
1154 888 1242 938 διὰ
1279 886 1439 939 τοῦτο
1470 888 1772 957 τρεχόντων

193 981 333 1049 πρὸς
357 979 518 1031 αὑτὸν
545 978 654 1030 τῶν
684 977 856 1030 ἐθνῶν
888 979 968 1041 εἰς
1001 980 1403 1048 προσκύνησιν.

269 1092 368 1162 if.
433 1095 751 1165 Προφητεία
813 1092 1155 1164 Ἐκκλησιῶν
1239 1095 1632 1166 ἐγκαινισμοῦ’
1679 1098 1775 1149 καὶ

193 1186 344 1249 ὅπως
370 1190 397 1238 ὁ
451 1186 685 1256 Χριστὸς
715 1185 790 1247 ὼς
833 1184 965 1246 Θεὸς
1007 1184 1104 1236 καὶ
1152 1187 1494 1256 Δημιουργὸς
1545 1188 1776 1256 μάταιον

197 1281 300 1347 μὲν
334 1279 486 1330 οὐδὲν
514 1277 592 1348 τῷ
636 1279 855 1349 Ἰσραὴλ
889 1276 1223 1343 ἐντέλλεται,
1254 1278 1321 1332 τὰ
1355 1280 1483 1347 ,ξθνη
1519 1280 1577 1333 δὲ
1609 1281 1772 1333 καλεῖ

195 1371 292 1422 καὶ
315 1369 498 1432 σώζει·
523 1372 619 1422 καὶ
643 1371 793 1438 αύτῷ
826 1371 923 1440 μὲν
946 1372 1054 1422 πᾶν
1079 1370 1209 1438 γόνυ
1233 1371 1467 1442 κάμψει·
1489 1371 1557 1424 τὰ
1576 1372 1772 1426 εῖδωλα

191 1459 252 1512 δὲ
286 1460 418 1528 παρ’
452 1461 618 1513 αὑτοῦ
669 1464 1091 1531 συντριϐήσεται
1123 1478 1137 1492 ·
1169 1464 1262 1514 καὶ
1307 1464 1619 1534 κατηγορία
1674 1465 1768 1517 τοῦ

211 1551 427 1622 Ἰσραὴλ
477 1552 572 1604 ἐπὶ
616 1555 682 1622 τῇ
731 1553 985 1623 εἰδωλικῇ
1042 1554 1259 1624 πλάνην
1291 1555 1388 1606 καὶ
1419 1555 1770 1624 παραίνεσις,

195 1644 573 1713 προσδραμεῖν
594 1644 672 1714 τῷ
701 1643 923 1714 Χριστῷ
945 1646 1021 1708 ὼς
1047 1649 1354 1715 οἰκονομεῖν
1389 1647 1456 1698 τὰ
1497 1649 1773 1719 μυστήρια

199 1736 469 1804 μέλλοντι,
531 1735 676 1806 άπερ
726 1740 805 1800 εἰς
874 1737 1146 1807 σωτηρίαν
1214 1739 1294 1808 τῷ
1363 1739 1582 1809 Ἰσραὴλ
1644 1760 1776 1813 προ-

196 1823 372 1876 έθετο.

273 1939 366 2003 ξδ’.
397 1937 792 2009 Προσφώνησις
823 1943 888 2010 τῇ
932 1940 1143 2010 ἀρχαίᾳ
1211 1941 1568 2014 Ἰερουσαλὴμ
1591 1986 1606 2008 ,
1643 1961 1776 1996 πεν-

199 2032 318 2085 θεῖν
346 2031 433 2085 διὰ
454 2032 554 2101 τὴν
574 2031 851 2098 ἀσέϐειαν,
886 2034 1011 2086 ὅθεν
1038 2033 1176 2104 αὑτῇ
1223 2034 1284 2088 τό
1316 2037 1418 2104 τῆς
1457 2035 1775 2100 Βαϐυλῶνος

197 2123 529 2195 περιέθηκεν
579 2124 893 2196 πρόσωπον,
925 2125 1001 2190 ὡς
1041 2125 1110 2180 τά
1157 2127 1378 2198 ἐκείνης
1415 2133 1776 2203 μιμησαμένη

199 2217 381 2269 κακά’
415 2218 510 2269 καὶ
559 2218 782 2287 ἀπειλὴ,
816 2219 907 2270 τὸν
964 2219 1214 2273 διάϐολον
1265 2222 1347 2284 εἰς
1399 2222 1461 2275 τὸ
1517 2223 1628 2294 πῦρ
1675 2226 1777 2295 τῆς

197 2314 428 2381 γεέννης
463 2311 907 2382 πεμφθήσεσθαι.

275 2426 366 2490 ξε’.
417 2426 740 2496 Κατηγορία
785 2426 882 2494 τῆς
936 2425 1032 2479 τοῦ
1070 2426 1289 2498 Ἰσραὴλ
1342 2426 1683 2498 ὑποκρίσεώς
1718 2444 1778 2481 τε
1850 2469 1861 2476 .

201 2519 304 2571 καὶ
327 2518 761 2589 σκληροκαρδίας
783 2533 796 2547 ο
839 2519 934 2570 καὶ⁵
963 2518 1332 2590 διαμαρτυρία
1355 2519 1464 2571 τῶν
1501 2519 1778 2589 ἐσομένων

202 2612 274 2679 τῇ
323 2608 623 2680 Ἐκκλησία
675 2609 1015 2678 μυστηρίων,
1049 2611 1145 2662 καὶ
1199 2610 1296 2678 τῆς
1340 2608 1436 2662 τοῦ
1486 2607 1777 2663 Ἰουδαϊκοῦ

204 2698 335 2752 λαοῦ
360 2697 851 2768 άπαλλοτριώσεως
875 2713 890 2728 ·
933 2700 1028 2751 καὶ
1056 2697 1132 2761 ῶς
1161 2700 1189 2752 ὁ
1214 2699 1454 2769 Χριστὸς
1478 2698 1638 2762 αὐτὸς
1673 2699 1781 2768 πρὸ

201 2791 418 2844 αἰώνων
472 2790 568 2843 καὶ
612 2791 701 2842 ἐπ’
724 2790 971 2860 ἐσχάτων
1015 2791 1288 2843 tati-xui.
1337 2791 1646 2861 ὀνειδισμὸς
1702 2790 1780 2861 τῷ

216 2881 452 2953 Ἰσραὴλ,
472 2883 546 2945 ὡς
571 2881 671 2953 οὐχ
691 2882 1069 2936 ὑπακούσαντι
1090 2899 1102 2911 '
1133 2883 1325 2954 κλῆσις
1345 2883 1402 2936 δὲ
1432 2887 1542 2948 τοῖς
1581 2885 1776 2951 ἔθνεσι,

202 2975 298 3028 καὶ
329 2975 619 3045 ὑπόσχεσις
648 2975 746 3045 τῆς
772 2974 958 3046 πηγῆς
983 2974 1078 3028 τοῦ
1101 2975 1497 3046 βαπτίσματος.

276 3085 382 3151 Eg’.
419 3086 629 3156 Κλῆσις
687 3086 878 3152 ἐθνῶν,
912 3087 1006 3138 καὶ
1046 3086 1351 3157 προφητεία
1394 3087 1489 3141 τοῦ
1519 3087 1778 3159 Χριστοῦ,

1880 613 2127 668 homines
2152 615 2590 670 benevolentiam
2616 617 2886 672 laetentur.
2914 619 2978 674 Et
3005 621 3365 690 reprehensio
3402 623 3454 676 in

1876 720 1970 760 eos
1999 706 2088 775 qui
2126 707 2421 763 detrahunt
2447 708 2669 764 Christo
2697 711 2764 763 de
2795 710 3026 781 hisque:
3065 712 3304 777 ordinat,
3333 729 3456 768 cum

1879 799 2262 868 gIoriIicandus
2287 801 2360 855 sit
2397 809 2654 873 tanquam
2693 804 2887 858 unicus
2917 805 3084 860 futuri
3122 806 3382 876 praescius
3406 816 3455 859 ct

1880 902 2114 956 creator,
2151 901 2206 947 et
2250 903 2541 963 propterea
2581 896 2648 949 ad
2680 909 2804 949 eum
2842 905 3176 951 concurrant
3196 898 3457 951 nationes

1880 983 1948 1036 ad
1983 984 2346 1038 adorandum.

1952 1093 2135 1149 LXIII.
2178 1093 2504 1150 Vaticinium
2551 1098 2918 1151 renovationis
2971 1097 3362 1160 Ecclestarum,
3405 1108 3457 1150 et

1881 1188 2156 1255 quomodo
2187 1187 2460 1253 Christus,
2487 1199 2546 1242 ut
2573 1188 2714 1244 Deus
2741 1198 2796 1244 et
2817 1200 3050 1252 creator,
3077 1189 3214 1243 nihil
3240 1188 3458 1258 quidem

1884 1278 2004 1331 vani
2035 1279 2101 1332 ad
2134 1278 2296 1332 Israel
2316 1280 2493 1348 jubet,
2534 1289 2725 1350 gentes
2762 1289 2944 1334 autem
2977 1290 3134 1334 vocat
3172 1290 3226 1334 et
3251 1281 3455 1348 salvat;

1884 1379 1937 1422 et
1975 1368 2077 1438 ipsi
2125 1384 2286 1423 omne
2329 1385 2471 1440 genu
2514 1371 2798 1436 ﬂectetur;
2855 1370 2995 1424 idola
3047 1386 3176 1425 vero
3219 1372 3288 1425 ab
3339 1371 3460 1441 ipso

1883 1470 2258 1516 conterentur.
2299 1463 2365 1516 Lt
2403 1463 2681 1517 accusatio
2722 1455 2883 1517 Israel
2923 1471 3148 1532 propter
3190 1462 3458 1518 idolorum

1881 1568 2158 1618 errorem;
2192 1564 2247 1607 et
2274 1554 2580 1608 exhortatio
2610 1556 2676 1608 ad
2705 1555 3033 1608 currendum
3055 1554 3121 1607 ad
3155 1554 3457 1621 Christum,

1883 1649 2083 1718 quippe
2115 1651 2206 1717 qui
2240 1649 2652 1718 dispensaturus
2687 1647 2760 1703 sit
2797 1650 3049 1716 mysteria
3089 1663 3210 1716 qua:
3264 1663 3462 1717 propo-

1883 1740 1992 1793 suit
2016 1740 2082 1794 ad
2112 1739 2343 1794 salutem
2373 1739 2560 1793 Israel.

1950 1937 2136 1993 LXIV.
2176 1939 2452 1994 Allocutio
2481 1937 2814 1992 ad‘veterem
2835 1935 3159 2001 Jerusalem,
3193 1946 3250 1990 ut
3271 1936 3458 1991 doleat

1878 2049 2032 2087 suam
2071 2033 2427 2103 impietatem,
2465 2031 2605 2086 unde
2632 2031 2732 2101 ipsi
2759 2030 3044 2101 Babylonis
3075 2030 3290 2085 induxit
3323 2030 3456 2100 ligu-

1879 2142 2014 2192 ram,
2076 2135 2331 2196 tanquam
2383 2123 2659 2179 imitatrici
2723 2122 2946 2176 malitia:
2975 2123 3116 2193 ejus.
3177 2121 3241 2177 Et
3296 2124 3458 2177 minae

1879 2221 2154 2276 diabolum
2183 2219 2512 2275 mittendum
2540 2219 2657 2274 fore
2682 2218 2734 2273 in
2766 2219 2942 2291 ignem
2974 2219 3256 2290 gehennzc.

1951 2417 2112 2474 LXV.
2167 2419 2458 2474 Accusatio
2518 2418 2820 2490 hypocrisis
2890 2427 2944 2474 et
3005 2417 3230 2490 duritia:
3275 2417 3458 2472 ccrdis

1883 2511 2063 2577 Israel,
2099 2521 2151 2567 et
2187 2511 2560 2565 testimonium
2603 2510 2915 2565 futurorum
2965 2509 3221 2565 Ecclesiae
3268 2521 3460 2580 myste-

1882 2608 2084 2658 riorum
2124 2612 2175 2658 et
2218 2603 2432 2658 Iudaici
2489 2604 2673 2674 populi
2718 2603 3170 2670 abalienationis;
3210 2610 3266 2657 et
3312 2604 3460 2673 quod

1881 2694 2132 2750 Christus
2148 2702 2233 2750 est
2251 2704 2380 2749 ante
2408 2695 2604 2750 saecula
2634 2696 2761 2750 etin
2792 2694 2975 2750 tinem.
3008 2693 3074 2750 Et
3101 2696 3452 2764 exprobratio

1881 2787 1948 2841 ad
1995 2786 2181 2851 Israel,
2212 2802 2278 2842 eo
2309 2788 2456 2858 quod
2500 2803 2609 2842 non
2644 2786 2970 2841 obediverit.
3020 2785 3243 2841 Vocatio
3274 2794 3459 2842 autem

1883 2881 2148 2951 gentium,
2171 2889 2227 2936 et
2250 2881 2542 2951 promissio
2565 2881 2733 2935 fontis
2762 2881 3127 2950 baptismatis.

1955 3083 2138 3139 LXVI.
2183 3082 2408 3139 Vocatio
2458 3083 2701 3154 gentium
2750 3091 2806 3135 et
2858 3077 3175 3133 vaticinium
3235 3075 3459 3142 Christi.

201 3179 282 3239 ῶς
313 3179 391 3240 είς
433 3179 622 3230 δούλου
655 3177 871 3249 μορφὴν
902 3178 1097 3232 ἑαυτὸν
1135 3178 1230 3230 ἐπὶ
1277 3179 1524 3249 σωτηρίᾳ
1549 3181 1660 3232 τῶν
1688 3181 1780 3233 ἑθ-

1887 3187 2141 3244 tanquum
2180 3177 2232 3230 in
2273 3174 2501 3230 formam
2527 3174 2670 3228 servi
2702 3173 2944 3243 seipsum
2974 3172 3027 3225 in
3064 3171 3292 3226 salutem
3325 3185 3460 3240 gen-

203 3271 314 3324 νῶν
351 3272 710 3343 κηρύξαντος,
745 3269 925 3343 καιρῷ
963 3287 1023 3323 τε
1058 3269 1230 3340 αὐτὴν
1262 3269 1679 3340 οἰκονομοῦντος
1705 3272 1782 3344 τῷ

1887 3269 2019 3322 ιίυιιι
2067 3268 2466 3332 annuntiantis,
2517 3278 2574 3321 et
2618 3280 2742 3320 eam
2788 3263 3156 3333 dispensantis
3216 3272 3461 3335 tempore

202 3362 402 3415 δέοντι.

279 3454 381 3520 ξζ’.
416 3454 812 3527 Προσφώνησις
859 3458 974 3518 τοῖς
1026 3455 1334 3525 στοιχείοις,
1363 3457 1643 3527 ἑορτάζειν
1681 3458 1782 3527 τῆς

208 3547 487 3618 σωτηρίας
521 3548 628 3601 τῶν
653 3547 958 3618 ἀνθρώπων
987 3548 1150 3600 ἕνεκα
1179 3562 1192 3574 ·
1224 3550 1318 3601 καὶ
1345 3549 1640 3619 ὑπόσχεσις
1682 3549 1782 3617 τῆς

205 3641 474 3712 ἐσομένης
529 3642 912 3705 πολυπαιδίας,
955 3641 1126 3694 ἐθνῶν
1166 3657 1224 3693 τε
1283 3642 1628 3712 συναγωγῆς,
1687 3642 1782 3694 καὶ

203 3730 457 3784 διαϐόλου
481 3732 843 3795 σκυλεύσεως,
871 3731 1146 3796 ἀπωλείας
1163 3750 1224 3786 τε
1243 3732 1536 3804 δαιμόνων,
1563 3732 1784 3786 καὶτῶν

206 3825 418 3877 πιστῶν
446 3824 792 3894 λυτρώσεως.

281 3933 384 4003 ξη’.
431 3933 763 4003 Ὀνειδισμὸς
783 3933 862 4003 τῷ
902 3935 1144 4004 Ἰσραὴλ,
1178 3933 1272 3988 καὶ
1303 3933 1404 4003 τῆς
1435 3932 1567 4002 παρ’
1599 3934 1783 3997 αὐτοῖς

209 4027 536 4095 συναγωγῆς
559 4025 801 4092 ἀποϐολή
828 4038 842 4054 ⁸
875 4025 972 4078 καὶ
1001 4024 1228 4090 ἔνδειξις
1264 4025 1447 4093 ἰσχύος
1482 4023 1618 4078 Θεοῦ
1645 4042 1660 4056 ο
1687 4024 1785 4077 καὶ

207 4115 519 4186 προφητεία
547 4114 656 4168 τῶν
679 4114 777 4168 τοῦ
805 4113 1012 4181 Κυρίου
1047 4113 1235 4167 παθῶν
1256 4129 1270 4143 ’
1293 4114 1390 4166 καὶ
1422 4113 1620 4182 ἀπειλὴ
1642 4113 1784 4167 κατά

206 4205 319 4258 τῶν
357 4205 652 4268 Ἰουδαίων,
684 4204 761 4267 ὡς
785 4205 967 4257 αὑτῶν
1002 4205 1388 4259 σκευασάντων
1439 4206 1535 4271 τὴν
1578 4204 1784 4258 οἰκείαν

209 4296 507 4351 ἀπώλειαν.

284 4408 381 4472 ξθθ.
416 4408 812 4480 Προσφώνησις
836 4408 915 4480 τῷ
947 4410 1188 4479 Ἰσραὴλ,
1222 4410 1516 4480 προσέχειν
1553 4411 1668 4470 τοῖς
1689 4408 1780 4461 τοῦ

208 4501 385 4568 τάφου
433 4501 528 4553 τοῦ
569 4502 905 4555 Δεσποτικοῦ
942 4501 1184 4571 θαύμασι
1216 4518 1230 4532 ·
1267 4501 1489 4554 καὶτοῦ
1531 4500 1781 4572 Ἀϐραὰμ
1815 4549 1856 4605 D

210 4591 309 4659 τὴν
333 4590 585 4659 εὐλογίαν
615 4592 929 4659 λογίζεσθαι
950 4609 964 4622 ο
999 4592 1220 4663 καὶτῆς
1251 4590 1390 4648 Σιὼν
1421 4592 1781 4663 ἑγκαινισμδν

214 4684 631 4754 προσδέχεσθαι,
672 4684 844 4738 ἐθνῶν
894 4685 1278 4754 προσέλευσιν,
1336 4685 1430 4737 καὶ
1476 4684 1587 4739 τῶν
1639 4701 1784 4738 στοι-

210 4775 375 4844 χείων
407 4775 722 4829 συντέλειαν
753 4793 767 4808 ·
805 4779 898 4829 καὶ
921 4777 1251 4846 παραίνεσις
1279 4778 1393 4840 τοῖς
1428 4779 1673 4841 πιστοῖς,
1709 4776 1785 4848 μὴ

211 4865 494 4932 φοϐεῖσθαι
522 4867 631 4918 τῶν
656 4867 902 4919 ἀπίστων
931 4868 998 4919 τά
1030 4864 1362 4936 σκώμματα.

281 4973 344 5029 o'.
398 4975 753 5044 Παράκλησις
782 4978 847 5046 τῇ
889 4975 1264 5046 Ἰερουσαλὴμ,
1297 4977 1372 5039 ὡς
1416 4974 1546 5030 λαοῦ
1588 4976 1784 5030 πιστοῦ

211 5070 270 5121 ὲν
297 5069 435 5138 αὐτῇ
464 5069 876 5122 συνελεύσεσθαι
911 5069 1215 5138 μέλλοντος
1241 5070 1334 5122 καὶ
1364 5071 1666 5139 προτροπὴ.
1693 5073 1786 5124 ἐπὶ

212 5160 331 5229 8εῷ
370 5160 717 5212 πεποιθέναιο
770 5161 864 5212 καὶ
921 5160 1246 5229 ὑπόσχεσις,
1298 5161 1395 5232 τὴν
1439 5161 1560 5214 κατ’
1615 5162 1786 5231 αὑτῆς

213 5253 384 5321 ὀργήν
407 5251 548 5304 κατὰ
584 5252 855 5320 δαιμόνων
882 5251 1282 5321 τραπήσεσθαι.

286 5370 384 5417 οα’.
438 5364 769 5434 Παραίνεσις
823 5366 889 5434 τῇ
945 5363 1116 5426 Σιὼν,
1153 5364 1227 5425 ῶς
1259 5365 1359 5433 τῆς
1411 5363 1785 5434 αἰχμαλωσίας

218 5453 484 5525 μελλούσῃ
505 5454 959 5508 ἀπαλλάττεσθαι·
985 5456 1078 5507 καὶ
1105 5455 1431 5526 ἀνάμνησις,
1453 5452 1539 5508 οἷα
1571 5457 1787 5526 Ἰσραήλ

214 5551 242 5596 ο
286 5545 511 5608 παλαιὸς
556 5547 817 5618 ήνόμησε·
858 5548 953 5598 καί
982 5548 1321 5620 πρόρρησις,
1351 5549 1425 5611 ὡς
1481 5549 1726 5619 ἐνδημῶν
1760 5553 1788 5603 ὁ

216 5636 444 5704 Χριστὸς
476 5638 570 5689 καὶ
596 5637 852 5708 γνωρίζει
877 5639 944 5691 τὰ
976 5640 1150 5693 οἰκεῖα
1178 5642 1473 5711 μυστήρια,
1497 5643 1590 5695 καί
1617 5644 1789 5695 ἀπαλ-

213 5724 384 5797 λαγὴν
432 5729 612 5791 αὐτοῖς
666 5729 765 5797 τῆς
815 5731 1046 5798 ἀρχαίας
1099 5732 1451 5804 Ἰερουσαλὴμ
1480 5735 1553 5798 ὼς
1583 5752 1786 5807 τυγχα-

216 5814 408 5887 νούσης
439 5819 750 5889 ἀκαθάρτου
785 5819 1090 5889 χαρίζεται.

1883 3369 2214 3429 Opportuna.

1957 3452 2166 3507 LXVII.
2202 3452 2474 3506 Allocutio
2502 3450 2571 3504 ad
2605 3450 2874 3504 elementa
2901 3456 2960 3503 ut
2982 3446 3220 3518 jubilent
3241 3457 3463 3517 propter

1886 3548 2168 3601 hominum
2211 3545 2462 3609 salutem,
2495 3553 2549 3598 et
2570 3542 2857 3611 promissio
2874 3540 3072 3595 futurae
3114 3539 3464 3594 fecunditatis

1883 3645 1937 3690 et
1973 3635 2212 3707 gentium
2252 3632 2710 3702 congregationis,
2754 3639 2809 3684 et
2860 3629 3060 3684 diaboli
3098 3628 3461 3698 spoliationis,

1884 3729 2193 3782 daemonum
2252 3735 2434 3779 autem
2477 3721 2820 3793 perditionis,
2867 3730 2922 3776 et
2973 3720 3213 3775 ﬁdelium
3251 3719 3461 3774 redem-

1883 3819 2106 3889 ptionis.

1956 3929 2183 3985 LXVIII.
2212 3926 2574 3997 Exprobratio
2586 3926 2652 3980 ad
2679 3922 2864 3987 Israel,
2889 3933 2943 3978 et
2961 3922 3254 3994 Synagogas
3273 3937 3461 3976 eorum

1884 4020 2171 4091 abnegatio
2213 4028 2310 4084 ;et
2335 4017 2736 4072 demonstratio
2771 4015 3030 4086 potentize
3064 4013 3197 4075 Dei,
3235 4022 3290 4067 et
3321 4014 3463 4066 vati-

1883 4113 2089 4168 cinium
2126 4110 2696 4181 Domini‘passionum,
2734 4119 2790 4163 et
2821 4109 2982 4182 minae
3018 4109 3072 4161 in
3108 4106 3350 4171 Judteos,
3403 4114 3466 4160 ut

1883 4203 1975 4272 qui
2003 4201 2105 4273 ipsi
2145 4201 2248 4256 sibi
2279 4201 2593 4271 paraverint
2620 4215 2776 4254 suam
2807 4191 3195 4268 perditionem.

1958 4408 2144 4464 LXIX.
2181 4407 2450 4462 Allocutio
2476 4406 2543 4460 ad
2567 4403 2754 4468 Israel,
2792 4411 2853 4458 ut
2907 4402 3153 4457 attendat
3183 4401 3462 4456 miraculis

1887 4503 2122 4574 sepulcri
2177 4500 2391 4555 Domini
2418 4509 2474 4554 et
2513 4499 2785 4553 rationem
2815 4497 3014 4550 habeat
3054 4495 3456 4550 benedictionis

1885 4596 2148 4660 Abrahaa;
2183 4593 2592 4648 renovationem
2621 4583 2774 4656 Sion,
2800 4590 3042 4660 gentium
3068 4589 3460 4649 accessionem,

1884 4696 1941 4742 et
1977 4687 2372 4741 elementorum
2395 4682 2924 4738 consummationem
2956 4687 3254 4749 exspectat.
3277 4679 3345 4733 Et
3362 4693 3468 4733 ex-

1887 4777 2126 4833 hortatio
2157 4776 2222 4830 ad
2247 4775 2440 4830 ﬁdeles
2473 4782 2533 4828 ut
2557 4773 2963 4828 incredulorum
2995 4771 3228 4825 ludibria
3259 4783 3369 4823 non
3401 4769 3462 4824 ti-

1886 4877 2091 4923 meant.

1957 4979 2119 5035 LXX.
2152 4979 2467 5034 Consolatio
2492 4978 2556 5032 ad
2584 4976 2908 5039 Jerusalem,
2931 4989 2994 5029 ex
3021 4988 3086 5027 eo
3111 4972 3254 5042 quod
3290 4956 3463 5041 popu-

1886 5077 1972 5130 Ius
1999 5073 2171 5128 ﬁdelis
2195 5073 2252 5126 in
2281 5088 2400 5127 eam
2433 5080 2694 5124 venturus
2728 5069 2821 5132 sit,
2851 5075 2906 5121 et
2934 5065 3242 5120 exhortatio
3269 5075 3327 5118 ut
3351 5063 3462 5119 Deo

1887 5167 2091 5229 credat,
2114 5172 2170 5217 et
2193 5163 2486 5232 promissio
2507 5159 2652 5230 quod
2686 5160 2766 5213 ira
2795 5174 2916 5226 qua:
2953 5152 3142 5212 contra
3173 5171 3292 5211 eam
3323 5165 3459 5219 erat,

1888 5257 1941 5311 in
1972 5257 2249 5310 daemones
2283 5261 2660 5308 convertetur.
2852 5239 2857 5245 ’

1959 5369 2145 5423 LXXI.
2178 5367 2494 5421 Exhortatio
2529 5367 2596 5420 ad
2629 5364 2758 5420 Sion
2812 5373 3067 5432 tanquam
3094 5377 3123 5414 ιι
3150 5359 3462 5429 captivitate

1888 5460 2219 5514 liberandam
2247 5476 2260 5524 ;
2281 5468 2335 5512 et
2358 5457 2739 5512 rememoratio
2755 5465 2955 5525 quanta
2979 5465 3133 5508 vetus
3151 5453 3309 5508 Israel
3334 5467 3458 5521 pec-

1889 5553 2113 5613 caverit,
2163 5559 2219 5604 et
2275 5551 2557 5620 praedictio
2586 5549 2862 5602 Christum
2905 5548 2957 5600 in
2994 5563 3090 5600 sua
3150 5546 3458 5599 venientem

1890 5643 2284 5714 patefacturum
2316 5657 2411 5697 sua
2450 5642 2724 5713 mysteria,
2757 5648 2811 5694 et
2831 5640 2912 5694 eis
2943 5638 3316 5692 liberationem
3363 5650 3461 5694 vc-

1890 5738 2020 5792 tcris
2048 5736 2348 5791 Jerusalem
2385 5747 2641 5809 tanquam
2673 5733 2889 5802 pollutae
2924 5731 3264 5801 largiturum.
