4156 6452
162 396 290 462 I335

1245 410 1720 470 FRAGMENTA
1756 413 1832 470 [Ν
1867 414 2370 484 EZECHIELEM.

3267 431 3398 496 1385

157 507 483 575 κατεδέξατο
503 549 517 574 ,
550 509 635 579 ἐφ’
665 505 744 574 οἷς
787 511 946 566 αὑτὸν
976 512 1004 564 ὁ
1047 516 1333 586 προφήτης
1375 518 1562 585 ὑμνεῖ·
1594 535 1695 572 κατ

1800 573 1802 582 ,
1835 525 2096 592 propheta
2125 527 2392 582 collaudat
2428 546 2438 581 :
2484 529 2695 585 incusat
2721 540 2900 586 autem
2930 533 3164 600 Judmos,
3202 549 3254 591 et
3285 542 3397 607 pri-

156 606 347 672 ηγορεί
390 603 446 656 δὲ
479 604 589 656 τῶν
629 605 933 673 Ἰουδαίων,
969 609 1065 661 καὶ
1103 609 1211 662 τῶν
1249 608 1543 679 θαυμάτων
1590 612 1720 663 ἀνα-

154 696 455 763 μιμνήσκει
493 696 598 748 τῶν
631 697 963 768 ἔμπροσθεν.

220 784 324 838 πδ’.
358 786 636 862 Ἐντευξις
665 791 757 841 τοῦ
795 792 1078 861 προφήτου
1126 792 1261 862 πρὸς
1295 793 1384 846 τὸν
1417 793 1548 845 Θεὸν
1581 792 1720 862 ὑπὲρ

146 875 242 927 τοῦ
287 852 519 949 Ἰσραήλ,
549 881 621 944 ώς
659 852 1031 953 παροφθέντος
1074 852 1290 957 διάιτην
1327 887 1716 956 πρόσκρουσιν,

147 968 240 1017 καὶ
289 971 388 1032 τὰς
443 973 715 1042 ἁμαρτίας
765 976 846 1027 ἔτι
898 977 1099 1046 μᾶλλον
1152 978 1575 1038 πλεονάσαντος·
1624 981 1718 1032 καὶ

147 1060 416 1130 ἱκετηρία,
453 1064 527 1136 μὴ
563 1065 726 1136 μέχρι
755 1067 944 1131 τέλους
979 1071 1412 1140 παρασιωπῆσαι
1445 1070 1535 1122 τὸν
1563 1071 1714 1134 Θεὸν,

141 1151 282 1205 ἀλλά
325 1156 416 1207 τὸν
461 1157 658 1210 ἑαυτοῦ
695 1159 821 1214 λαὸν
857 1162 950 1214 καὶ
981 1161 1076 1231 τὴν
1111 1162 1464 1233 Ἰερουσαλὴμ
1498 1165 1718 1215 ἐπισκέ-

137 1247 409 1320 sacoma,

208 1338 316 1393 πε’.
373 1341 702 1413 ’Υπόσχεσις
742 1348 1003 1416 Χριστοῦ,
1036 1351 1147 1413 τοῖς
1177 1350 1386 1404 ἔθνεσιν
1416 1352 1576 1406 αὐτὸν
1610 1354 1712 1422 ἐμ-

135 1419 575 1502 φανισθήσεσθαι
601 1452 613 1465 ·
653 1438 744 1490 καὶ
769 1440 966 1510 ἀπειλὴ
998 1441 1137 1493 κατά
1167 1441 1274 1496 τῶν
1318 1444 1604 1508 Ἰουδαίων,
1637 1445 1713 1506 ὡς

129 1521 549 1592 ἀπειθησάντων
568 1529 623 1580 ὲν
647 1528 723 1597 τῷ
749 1531 986 1601 σταυρῷ,
1002 1531 1096 1583 καὶ
1118 1531 1354 1598 είδώλοις
1379 1534 1476 1604 μὲν
1491 1535 1708 1588 δουλευ-

129 1611 365 1677 σάντων,
417 1616 643 1680 ὲαυτοὺς
687 1619 742 1672 δὲ
804 1619 1193 1690 δικαιούντων,
1228 1625 1368 1696 ὑπὲρ
1413 1620 1489 1679 ῶν
1526 1628 1709 1688 αὐτοῖς

125 1701 434 1757 ἀποδώσειν
462 1708 559 1768 τάς
593 1708 874 1780 ἁμαρτίας
896 1713 1218 1784 ἠπείλησεν.

203 1800 329 1857 πς’.
373 1795 676 1866 ’Δπόφασις
729 1801 890 1867 Θεοῦ,
928 1806 1022 1857 τὸν
1056 1806 1272 1878 Ἰσραὴλ
1322 1807 1397 1879 μὴ
1432 1811 1511 1872 είς
1554 1809 1706 1872 τέλος

1833 609 1971 663 stiua
2005 614 2252 683 prodigia
2284 616 2337 669 in
2377 619 2693 673 memoriam
2736 634 2972 677 revocat.

1899 793 2179 849 LXXXIV.
2219 796 2538 867 Deprecatio
2564 805 2839 872 prophetae
2878 809 2942 861 ad
2975 809 3141 864 Deum
3185 828 3282 882 pro
3319 813 3396 867 Is-

1829 885 1959 948 rael,
1995 898 2052 940 ut
2081 898 2208 956 pote
2227 891 2314 958 qui
2343 905 2565 961 propter
2605 897 2934 952 oll‘ensiones
2961 901 3306 970 despiciatnr,
3339 919 3394 960 ct

1828 977 1919 1043 qui
1951 989 2172 1045 peccata
2210 997 2306 1036 sua
2337 985 2569 1053 amplius
2593 988 2754 1042 etiam
2787 991 3110 1060 multiplieet
3143 1012 3156 1059 ;
3189 1007 3242 1048 et
3267 1014 3392 1066 sup-

1827 1067 2046 1134 plicatio
2085 1086 2154 1123 ne
2191 1072 2332 1126 Deus
2366 1075 2522 1148 sileat
2551 1077 2601 1129 in
2637 1077 2795 1131 linem
2824 1084 2912 1134 sed
2942 1099 3096 1136 suum
3137 1088 3390 1155 populum
3470 1132 3479 1156 ,

1825 1167 1878 1210 et
1904 1157 2204 1216 Jerusalem
2241 1166 2440 1219 visitet.

1890 1342 2147 1399 LXXXV.
2185 1345 2480 1403 Promissio
2506 1351 2732 1417 Christi,
2767 1357 3014 1412 videlicet
3040 1375 3098 1412 se
3139 1365 3389 1431 gentibus

1820 1434 2296 1492 manil'estaturum
2342 1457 2355 1505 ;
2397 1453 2452 1496 et
2495 1445 2658 1498 mina:
2703 1447 2754 1500 in
2785 1450 3021 1516 Judreos,
3063 1468 3128 1506 eo
3153 1459 3294 1523 quod
3332 1463 3386 1510 in

1818 1522 1992 1577 Cruce
2023 1542 2130 1580 non
2162 1532 2515 1597 crediderint,
2542 1545 2595 1589 et
2640 1538 2794 1593 idolis
2830 1543 3045 1608 quidem
3077 1548 3384 1610 servierint,

1816 1614 2023 1682 scipsos
2064 1630 2244 1675 autem
2279 1626 2642 1682 condemuent
2669 1631 2735 1685 iis
2758 1647 2856 1700 pro
2876 1637 3074 1705 quibus
3103 1638 3236 1707 ipsis
3255 1655 3384 1710 pec-

1815 1717 2060 1763 calorum
2099 1714 2363 1770 ultionem
2395 1719 2633 1775 minatus
2657 1732 2762 1788 est,

1889 1799 2172 1858 LXXXVI.
2205 1806 2508 1865 Declaratio
2540 1811 2630 1867 Dei
2671 1831 2782 1870 non
2805 1817 2865 1870 in
2894 1818 3053 1874 ﬁnem
3083 1823 3244 1878 Israel
3287 1842 3385 1895 pe-

121 1884 532 1954 φθαρήσεσθαι,
595 1891 733 1946 ἀλλά
784 1895 910 1958 τοὺς
962 1897 1320 1962 ἀπειθοῦντας
1367 1900 1699 1964 ἀπολεῖσθαι,

1813 1891 2066 1955 riturum.
2089 1897 2184 1952 sed
2210 1897 2522 1957 incredulos
2546 1907 2764 1974 quidem
2794 1911 3104 1979 perdendos
3127 1884 3382 1982 fore,Deo

119 1975 252 2037 τοὺς
279 1977 626 2044 δουλεύοντας
655 1980 711 2036 δὲ
758 1984 877 2055 Θεῷ
913 1989 1007 2040 καὶ
1051 1992 1367 2060 μυστηρίων
1404 1993 1699 2046 ἀπόλαυσιν

1809 1993 1992 2038 autem
2025 1990 2345 2059 servientes,
2398 2002 2509 2048 tum
2542 2001 2924 2068 mysteriorum
2956 2009 3377 2075 possessionem,

119 2068 218 2119 καὶ⁹
267 2070 530 2140 ὀνόματος
578 2075 768 2130 καινοῦ
822 2077 1129 2145 τεύξεσθαι,
1180 2082 1277 2134 καὶ
1328 2081 1405 2152 τῷ
1458 2083 1571 2154 ναῷ
1603 2087 1700 2155 τῆς

116 2161 248 2222 νέας
302 2161 653 2236 Ἰερουσαλὴμ
695 2170 908 2239 ἀρετῶν
945 2171 1166 2225 ἔσεσθαι
1214 2173 1530 2244 τελειότητα
1558 2216 1572 2236 ,
1607 2179 1700 2228 καὶ

114 2252 226 2305 τῶν
263 2255 438 2308 πόνων
468 2257 577 2311 τῶν
614 2260 830 2314 οἰκείων
859 2264 1183 2319 ἀπόλαυσιν.

182 2346 296 2410 πζν.
342 2349 645 2418 ’Δπόφασις
680 2353 835 2418 Θεοῦ,
888 2355 1072 2421 οῐκους
1103 2359 1396 2430 αἰσθητοὺς
1438 2360 1512 2431 μὴ
1547 2361 1698 2414 ἐκλέ-

112 2439 334 2503 γεσθαι,
373 2442 508 2511 μηδὲ
532 2447 652 2508 ταῖς
679 2445 737 2509 ἐξ
759 2447 972 2512 ἀδικίας
997 2448 1210 2511 Θυσίαις
1234 2453 1577 2522 ἀρέσκεσθαι·
1605 2454 1698 2507 καὶ

115 2530 442 2595 παραίνεσις
490 2537 604 2597 τοῖς
667 2543 878 2602 πιστοῖς
910 2580 924 2604 ,
974 2542 1322 2606 ἀνεξικακίαν
1378 2546 1513 2616 πρὸς
1568 2548 1693 2609 τοὺς

115 2618 350 2690 ἐχθροὺς
385 2624 757 2682 ἐνδείκνυσθαι
783 2646 795 2658 ⁸
824 2632 918 2683 καὶ
955 2634 1260 2704 πρόρρησις
1311 2635 1404 2689 τοῦ
1442 2638 1698 2708 τεχθησο·

116 2710 284 2776 μένου
322 2711 452 2764 λαοῦ
501 2717 567 2784 τῇ
615 2718 711 2786 νέᾳ
752 2718 920 2772 Σιών·
964 2724 1056 2775 καὶ
1090 2724 1473 2796 προσφώνησις
1497 2729 1694 2797 εὐφρο-

114 2799 287 2870 σύνης
337 2805 430 2857 ἐπὶ
469 2810 580 2869 τοῖς
611 2807 864 2875 ἀγαθοῖς,
906 2811 942 2865 ἃ.
974 2816 1039 2883 τῇ
1081 2815 1177 2885 νέᾳ
1227 2817 1576 2889 Ἰερουσαλὴμ
1601 2821 1694 2871 εὑο

111 2893 452 2959 τρεπίζεται.
1243 2963 1254 2988 τ

177 2989 292 3047 mf.
339 2985 652 3056 Προφητεία
682 2989 940 3061 δευτέρας
969 2996 1206 3066 Χριστοῦ
1241 2985 1566 3070 παρουσίας,
1602 3005 1692 3056 καὶ

112 3072 392 3139 ἀπωλείας
417 3079 524 3129 τῶν
550 3080 787 3133 ἀσεϐῶν·
819 3088 910 3136 καὶ
938 3089 1242 3158 πρόρρησις
1263 3092 1360 3159 τῆς
1379 3095 1488 3146 τῶν
1521 3095 1691 3148 ἐθνῶν

114 3163 260 3229 μετά
293 3164 450 3236 δόξης
494 3170 572 3232 εἰς
621 3172 722 3243 τὴν
755 3176 880 3228 νέαν
925 3178 1282 3251 Ἰερουσαλὴμ
1316 3185 1556 3250 συνόδου,
1594 3191 1689 3240 καὶ

110 3253 210 3323 τῆς
248 3255 338 3310 διά
371 3259 608 3328 Χριστοῦ
639 3266 834 3336 καινῆς
875 3270 1122 3334 κτίσεωςο
1160 3275 1254 3326 καὶ
1281 3275 1426 3338 ὅπως
1447 3279 1516 3329 τά
1551 3280 1692 3332 κατά
1721 3255 1762 3310 C

109 3347 204 3398 τοῦ
260 3347 392 3400 λαοῦ
433 3351 539 3404 τῶν
588 3355 857 3411 Ἰουδαίων
901 3364 1013 3424 τοῖς
1073 3363 1283 3418 ἔθνεσιν
1335 3370 1412 3430 είς
1464 3371 1696 3440 θεωρίαν

110 3440 492 3506 προκείσεται.

197 3527 429 3594 Ἡσαΐας
466 3533 494 3584 ὁ
526 3540 816 3610 προφήτης
849 3545 1070 3611 ἐγένετο
1103 3549 1203 3617 μὲν
1236 3554 1294 3603 ὲν
1340 3553 1695 3628 Ἰερουσαλὴμ

111 3634 173 3666 εκ
204 3619 379 3688 φυλῆς
429 3623 616 3691 Ἰούδα,
651 3628 874 3699 θνήσκει
918 3635 975 3686 δὲ
1016 3638 1120 3688 ὑπὸ
1149 3619 1424 3714 Μανασσῆ.
1459 3647 1553 3699 τοῦ
1599 3619 1695 3717 βέ-

111 3708 305 3772 σιλέως
323 3711 493 3768 Ἰούδα
511 3716 718 3786 [πρίονι
744 3724 1352 3799 ξυλίνῳ](16)πρισοεὶς
1374 3708 1450 3796 ei;
1468 3737 1578 3802 δύο,
1599 3708 1692 3791 καὶ
1727 3741 1757 3775 κ

108 3796 268 3864 ἐτέθη
321 3801 577 3857 ὑποκάτω
625 3806 784 3877 δρυὸς
823 3796 1052 3884 Ῥωγὴλ,
1100 3796 1334 3889 ἐχόμενα
1368 3825 1468 3893 τῆς
1497 3796 1688 3880 διαδά-

108 3901 248 3948 σεως
275 3889 384 3943 τῶν
414 3895 643 3960 ὑδάτων,
680 3895 754 3953 ὦν
786 3905 1067 3959 ἀπώλεσεν
1093 3907 1349 3971 Ἐζεκίας
1377 3919 1404 3967 ὁ
1433 3917 1682 3985 βασιλεὺς

106 3987 290 4045 χώσας
322 3987 475 4040 αὐτὰ.

123 4151 645 4173 ..η-ιζ..-,--

1810 2084 1921 2128 tum
1943 2093 2138 2133 nomen
2162 2098 2362 2138 novum
2380 2090 2671 2144 sortituros
2698 2107 2839 2159 esse,
2856 2105 2912 2149 et
2928 2097 2982 2150 in
3005 2100 3204 2168 templo
3227 2117 3379 2156 novae

1806 2165 2106 2224 Jerusalem
2143 2174 2405 2231 virtutum
2451 2182 2842 2249 perfectionem
2882 2165 3132 2246 futuram
3162 2209 3284 2249 esse
3326 2205 3380 2251 et

1807 2259 2050 2317 laborum
2085 2280 2308 2322 suorum
2341 2271 2735 2331 liberationem.

1871 2353 2176 2424 LXXXVII,
2199 2359 2498 2420 Declaratio
2521 2367 2618 2422 Dei
2638 2372 2828 2427 domos
2844 2379 3126 2434 sensuales
3147 2396 3257 2436 non
3279 2383 3376 2438 eli-

1803 2446 1872 2515 gi,
1895 2463 1996 2502 nec
2021 2465 2082 2504 se
2105 2452 2343 2511 victimis
2373 2473 2438 2513 ex
2473 2460 2757 2531 iniquitate
2795 2478 3109 2524 contentum
3137 2488 3275 2528 esse.
3310 2478 3375 2532 Et

1802 2538 2106 2596 exhortatio
2127 2545 2194 2598 ad
2219 2546 2432 2615 'lideles,
2476 2560 2531 2605 ut
2568 2556 2882 2622 patientiam
2915 2561 2978 2614 ad
3012 2563 3259 2620 inimicos
3289 2583 3377 2622 os-

1805 2631 2152 2698 tendantg‘Et
2189 2640 2472 2707 praedictio
2509 2647 2693 2716 populi
2741 2648 2796 2702 in
2833 2651 2962 2706 Sion
3009 2658 3290 2724 nascituri,
3318 2671 3373 2714 et

1803 2725 2084 2792 praedictio
2119 2729 2479 2798 jucunditatis
2505 2739 2571 2792 de
2618 2739 2776 2795 bonis
2808 2758 2928 2812 quae
2960 2762 3115 2803 novae
3159 2750 3373 2807 Jerusa-

1803 2814 1906 2868 lem
1939 2831 2337 2888 praeparantur.

1866 3003 2200 3072 LXXXVIII,
2234 3009 2562 3070 Vaticinium
2596 3022 2819 3076 secundi
2855 3024 3056 3080 Christi
3082 3030 3368 3095 adventus.

1799 3105 1854 3148 et
1877 3097 2166 3167 impiorum
2203 3104 2567 3174 perditionis;
2621 3118 2676 3164 et
2694 3115 2974 3180 praedictio
3021 3118 3372 3189 ingressionis

1802 3193 2041 3260 gentium
2071 3210 2192 3249 cun:
2229 3199 2396 3268 gloria
2437 3201 2490 3255 in
2518 3218 2715 3259 novam
2756 3207 3077 3295 Jerusalem,
3125 3224 3180 3268 et
3218 3232 3372 3273 novae

1797 3299 1895 3352 per
1945 3286 2226 3343 Christum
2266 3285 2560 3350 cre‘ati'onis
2594 3315 2605 3362 ;
2640 3308 2697 3352 et
2742 3307 3014 3371 quomodo
3058 3285 3195 3376 ἠοω
3244 3320 3372 3366 sunt

1796 3385 1984 3429 contra
2016 3376 2255 3443 Judaeos,
2290 3385 2543 3453 gentibus
2570 3388 2623 3441 in
2647 3393 3138 3452 considerationem
3169 3415 3371 3470 propo-

1799 3477 2020 3533 nentur,

1868 3561 2030 3616 Isaias
2070 3568 2332 3636 propheta
2376 3580 2536 3626 natus
2566 3583 2649 3627 est
2679 3575 2733 3629 in
2769 3576 3064 3635 Jerusalem
3114 3583 3181 3637 de
3228 3587 3369 3641 tribu

1797 3653 1933 3706 Juda
1957 3671 1969 3717 ;
1989 3667 2236 3712 mortuus
2259 3670 2343 3714 est
2362 3672 2546 3717 autem
2573 3679 2836 3736 regnante
2865 3671 3070 3728 inJuda
3101 3676 3364 3734 Manasse.

1800 3747 1970 3810 (serra
2026 3746 2228 3819 lignea)
2257 3763 2440 3806 sectus
2476 3756 2528 3807 in
2560 3757 2690 3821 duo,
2718 3771 2772 3812 et
2832 3765 3076 3833 sepultus
3139 3779 3220 3824 est
3268 3775 3368 3824 suh

1795 3851 1998 3904 quercu
2034 3837 2275 3912 Rhogel,
2319 3847 2472 3913 juxta
2537 3853 2963 3917 praeterﬂuentes
3009 3877 3193 3929 aquas.
3231 3857 3366 3934 q'nas

1794 3929 2029 3994 perdidit
2055 3931 2317 4006 Ezechias
2347 3954 2438 3992 rex
2465 3950 2605 3995 terra
2632 3945 2894 4010 defossas,

2306 4195 3349 4226 ..___—_.__.________.._.._..__....

803 4343 1510 4441 FRAGMENTA
1623 4361 1748 4448 IN
1868 4364 2670 4465 EZECHIELEM.

1246 4597 1270 4619 ν,
1298 4543 1741 4618 IVILLALmNous,
1784 4565 1822 4612 t.
1861 4558 1902 4622 l,
1930 4574 1984 4627 p.
2023 4561 2170 4634 I30.)

171 4845 308 4916 cap'
343 4847 435 4912 lx’
469 4867 520 4903 ν·
554 4851 606 4905 6'
656 4872 673 4905 ¹
711 4855 777 4910 Et
819 4872 846 4909 ³
875 4864 1189 4918 ⁸³¹¹⁰ίυ³τί⁰
1225 4882 1345 4923 meo
1373 4871 1614 4942 ῑηοίρίιθ·
1651 4893 1670 4926 ³
1709 4885 1752 4938 D
1780 4878 2241 4940 Murmurantibus
2289 4891 2466 4944 Aaron
2510 4902 2565 4947 et
2616 4891 2778 4950 Maria
2819 4898 3084 4958 adversus
3127 4904 3312 4962 Mosen
3336 4947 3352 4974 ,

171 4937 374 4974 Inninm
415 4939 601 4974 Ινιιιῖσ..
635 4944 809 4974 Mil...“
852 4952 1023 4974 ---με
1079 4969 1179 4974 ..ᾼ-
1666 4968 1676 4974 .
2053 4967 2061 4974 ,

97 4933 375 5000 Quoniam
414 4939 604 4996 habitu
635 4944 811 5000 solum
850 4952 1048 5019 sancti,
1079 4969 1186 5009 non
1215 4972 1403 5016 revera
1436 4981 1448 5018 :
1477 4979 1601 5020 nam
1635 4968 1677 5022 si

97 5029 425 5086 habuissent
457 5035 671 5105 signum
693 5079 708 5102 ,
744 5056 852 5094 non
888 5059 1077 5100 revera
1103 5089 1116 5110 ,
1150 5059 1313 5120 atque
1344 5055 1431 5108 alii
1464 5057 1678 5114 delendi

95 5119 372 5187 fuissent,
430 5135 538 5181 etc.
583 5128 793 5185 Novum
851 5151 1024 5205 genus
1076 5119 1239 5196 audio
1297 5149 1676 5218 providentiae,

93 5211 334 5267 Domine
383 5217 528 5272 Deus
555 5262 569 5284 ,
619 5222 883 5282 adversus
927 5231 1206 5289 ministros
1248 5243 1544 5296 sanctuarii
1577 5246 1674 5298 tui.

91 5300 237 5358 Olim
297 5307 440 5363 enim
487 5316 798 5371 errantibus
853 5323 1220 5393 connivebas,
1265 5334 1526 5399 parcebas
1579 5339 1670 5392 de-

92 5394 512 5467 linquentibus;
545 5419 653 5472 quo
694 5414 787 5461 tuo
819 5415 1023 5468 nomini
1054 5427 1107 5470 et
1151 5394 1343 5475 honori
1393 5440 1664 5492 parceres.

117 5591 120 5594 ’
175 5577 190 5606 ¹
229 5576 335 5632 Isa.
369 5596 516 5648 xxrv,
547 5583 600 5639 2.

1779 4971 1867 5026 illa
1901 4967 2124 5042 punifur
2155 4979 2326 5054 lepra,
2373 4983 2460 5038 ille
2515 4985 2786 5044 innocuus
2840 4994 3042 5047 evadit.
3086 4996 3264 5052 Aaron
3300 5012 3357 5054 et

1780 5063 1991 5135 Moyses
2015 5044 2340 5140 delinqnu'nt
2371 5075 2435 5129 ad
2463 5091 2633 5146 aquas
2659 5083 3127 5151 contradictionis,
3161 5091 3353 5143 conni-

1777 5168 1868 5212 vet
1901 5159 2044 5214 Deus
2073 5165 2290 5235 utrique
2321 5169 2491 5224 multo
2518 5179 2791 5242 tempore,
2825 5181 3176 5245 quantumvis
3208 5196 3354 5240 esset

1778 5249 2111 5321 indignatus.
2139 5257 2439 5313 Abiatharo
2464 5260 2630 5332 digno
2660 5276 2837 5322 morte
2872 5271 3046 5338 parcit
3074 5273 3354 5338 Salomon,

1779 5341 1906 5409 quia
1939 5345 2139 5400 tulerat
2160 5363 2339 5403 arcam
2367 5350 2605 5407 Domini.
2632 5357 2701 5409 At
2728 5373 2874 5415 nunc
2897 5363 2999 5416 erit
3021 5365 3156 5418 sicut
3185 5382 3352 5436 popu-

1777 5432 1877 5496 lus,
1910 5437 1985 5488 sic
2013 5439 2256 5492 sacerdos
2281 5441 2292 5470 '
2322 5441 2343 5494 ?
2371 5442 2478 5496 imo
2506 5461 2633 5499 vero
2663 5448 2803 5503 sicut
2837 5452 3112 5520 sacerdos,
3138 5455 3216 5510 sic
3247 5473 3346 5528 po-

1606 5720 1831 5778 ΝΟΤᾹΞ.

165 5814 285 5884 (16)
315 5819 513 5884 Πρίονι
540 5821 787 5890 ξυλίνῳ.
828 5826 881 5881 Id
910 5844 976 5882 ex
1007 5831 1222 5889 Justino
1253 5834 1506 5907 Martyrc.

349 5914 623 5979 PATROL.
673 5921 788 5985 Gn.
839 5925 1052 5991 XCIII.
