4156 6452
746 437 878 502 1387
1896 421 2262 486 HESYCHII
2303 417 2772 481 PRESBYTERI
3925 399 4049 460 1358

744 548 926 617 pulus,
962 541 1271 599 interfectis
1317 539 1525 594 sanctis
1573 545 1700 591 ante
1755 534 2091 606 populares?
2123 533 2326 586 Verum
2357 545 2401 600 Α
2432 528 2708 598 supplicio
2740 541 2957 596 quoque
2989 530 3211 578 anteeat
3251 529 3563 594 populares,
3599 530 3668 575 ut
3703 514 3943 587 quibus
3972 530 4047 566 oc-

745 641 825 694 l’as
850 647 956 704 est,
989 653 1020 691 ο
1054 637 1201 705 juste
1231 633 1398 704 judex
1427 673 1443 698 ,
1490 646 1616 685 cum
1660 629 1752 699 qui
1795 628 2046 697 exemplo
2098 637 2324 681 caeteros
2433 623 2583 676 casio
2612 620 2716 675 fuit
2741 619 2940 684 ruinae,
2969 617 3279 686 exemplum
3311 615 3384 669 sit
3425 614 3598 668 necis.
3648 609 3919 676 Tempus
3965 617 4049 666 at,

745 703 1068 802 pra-cedere
1095 703 1416 790 debuisset,
1467 726 1514 780 si
1557 724 1768 780 scelere
1797 721 2037 792 reliquos
2075 717 2324 784 excellat,
2433 718 2510 772 ait
2537 717 2752 783 Petrus,
2781 726 2837 769 ut
2870 713 3090 782 incipiat
3117 711 3377 782 judicium
3404 725 3436 762 a
3462 709 3615 761 domo
3645 704 3768 760 Dei
3796 703 3848 755 ‘.

818 871 840 902 ⁸
867 870 886 923 1
908 868 1057 924 Petr.
1081 886 1154 936 Iv,
1189 867 1276 922 17.

2127 1021 4037 1054 ________________________———-—

1470 1206 2289 1298 FRAGMENTUM
2401 1204 2526 1292 IN
2636 1195 3296 1289 DANIELEM.

1529 1402 1682 1471 (Anc.
1724 1399 1851 1463 ΜΑι,
1879 1398 2138 1464 Scriptor.
2177 1395 2286 1449 νει.
2310 1393 2554 1458 Collect.,
2581 1405 2620 1449 t.
2657 1395 2700 1458 1,
2737 1402 2875 1465 part.
2905 1409 2986 1457 ιιι,
3013 1409 3068 1462 p.
3092 1391 3208 1460 54.)

2336 1578 2405 1591 β

826 1739 957 1808 Cap.
981 1737 1045 1800 II,
1066 1755 1118 1791 ν.
1147 1736 1237 1790 55.
1270 1754 1288 1786 ι
1307 1732 1512 1787 Pedum
1534 1729 1779 1801 quaedam
1803 1744 1930 1798 pars
1951 1737 2066 1783 erat
2084 1725 2282 1781 ferrea.
2313 1739 2332 1774 ι
2519 1741 2536 1773 ι
2579 1722 2640 1775 Οἱ

2519 1741 2536 1773 ι
2579 1722 2641 1775 Οἱ
2681 1722 2840 1786 πόδες
2885 1721 3050 1791 μέρος
3085 1719 3185 1790 μέν
3218 1737 3270 1772 τι
3309 1714 3586 1787 σιδηροῦν.
3618 1735 3638 1769 ι
3684 1713 3909 1778 Πόὸας
3959 1709 4049 1780 τὴ)

753 1829 859 1885 Per
873 1801 1024 1900 pedes
1042 1828 1331 1900 imperium
1351 1827 1655 1881 Romanum
1675 1823 1945 1892 designat,
1968 1820 2170 1890 quippe
2190 1819 2336 1888 quod
2442 1815 2551 1866 τῶν
2597 1813 2640 1866 Ἱ

2460 1815 2551 1866 τῶν
2597 1812 2887 1882 Ῥωμαίων
2918 1811 3197 1882 βασιλείαν
3235 1809 3311 1872 ὡς
3356 1810 3617 1876 ἐσχάτην·
3650 1801 3976 1872 σιδηροῦς
4000 1801 4047 1851 δὲ

756 1923 1045 1987 ultimum;
1083 1895 1275 1994 ferreos
1306 1934 1436 1974 vero
1474 1927 1661 1989 utpote
1700 1915 1937 1970 validum
1983 1921 2038 1967 et
2091 1912 2336 1967 omnium
2442 1907 2518 1970 ὡς
2567 1907 2640 1975 ἱσ)

2460 1907 2518 1970 ὃς
2567 1905 2796 1977 ἰσχυρὰν
2833 1904 2927 1958 καὶ
2982 1902 3361 1968 ὑποτακτικὴν
3414 1899 3681 1953 ἁπάντων
3726 1895 4046 1964 τυγχάνου-

747 2014 1068 2070 dominator
1094 2013 1384 2069 exsistens.
2448 2015 2569 2052 σαν.

1536 2162 4019 2200 ______._____.______._.__..__.__.__—-————-

1187 2343 1910 2438 FRAGMENTA
2014 2337 2142 2429 IN
2252 2335 2538 2424 ACTA
2646 2331 3581 2424 APOSTOLORUM.

2343 2561 2414 2572 —-

833 2728 972 2796 Cap.
1007 2724 1068 2789 ll,
1101 2739 1153 2776 ν.
1185 2721 1276 2774 27.
1334 2737 1354 2771 ι
1387 2717 1656 2784 Quoniam
1701 2729 1816 2769 non
1843 2712 2193 2782 derelinques
2222 2709 2343 2766 ani-
2374 2718 2420 2777 Β
2521 2734 2540 2764 ι
2581 2715 2640 2765 Ὅ

2521 2734 2540 2764 ι
2581 2715 2706 2766 Ὅτι
2758 2712 2858 2764 οὐκ
2915 2710 3340 2779 ἐγκαταλείψεις
3403 2710 3503 2780 τὴν
3559 2713 3752 2784 ψυχήν
3808 2730 3919 2782 μου
3979 2716 4047 2774 εξς

769 2834 915 2874 mam
950 2830 1126 2870 meam
1177 2812 1230 2866 in
1288 2810 1522 2865 inferno.
1563 2805 2031 2874 Quemadmodum
2071 2805 2344 2874 iustorum
2447 2806 2640 2876 ᾅδην.)

2460 2806 2603 2876 iam.
2635 2825 2654 2857 ι
2691 2805 2906 2871 Ὠσπερ
2932 2803 2986 2856 αἱ
3017 2801 3188 2871 ψυχαὶ
3231 2802 3342 2855 τῶν
3364 2803 3593 2857 δικαίων
3624 2805 3776 2874 μετὰ
3807 2805 3913 2857 τοῦ
3948 2807 4048 2856 Σω-

770 2912 968 2965 animze
1009 2924 1077 2961 cx
1122 2902 1477 2959 inferioribus
1505 2900 1642 2954 locis
1671 2913 1796 2953 cum
1826 2897 2107 2951 Salvatore
2155 2893 2348 2950 ascen-
2446 2898 2618 2966 τῆρος

2460 2898 2618 2966 τῆρος
2655 2899 2718 2948 ἐκ
2768 2897 2877 2947 τῶν
2909 2896 3063 2948 κάτω
3092 2897 3311 2964 χωρίων
3352 2895 3581 2967 ἓτριψαν
3609 2897 4043 2951 ἀναϐαίνουσαι.

773 3004 993 3056 derunt.
2454 2988 2710 3060 [Canem
2733 2987 2828 3052 III,
2864 2985 2982 3056 47.]

847 3094 980 3162 Cap.
1017 3091 1106 3151 IV,
1140 3105 1190 3141 v.
1221 3086 1313 3140 27.
1356 3102 1374 3134 ι
1400 3082 1794 3138 Convenerunt
1831 3079 1976 3134 enim
2002 3092 2130 3132 vere
2163 3076 2354 3131 adver-
2527 3099 2545 3132 ‹
2580 3081 2640 3132 Et

2527 3099 2545 3132 ι
2580 3080 2936 3149 Συνήχθησαν
2986 3077 3096 3149 γὰρ
3153 3078 3242 3132 ἐπ’
3287 3079 3546 3148 ἀληθείας
3600 3083 3698 3133 ἐπὶ
3748 3082 3853 3133 τὸν
3899 3083 4047 3145 ἆγεον

779 3201 871 3240 sus
899 3192 1146 3239 sanctum
1173 3192 1400 3249 puerum
1431 3185 1581 3229 tuum
1610 3173 1852 3228 Jesum.»
1886 3169 2174 3224 Dominum
2197 3175 2354 3221 vocat
2453 3162 2620 3226 παῖδά

2460 3162 2620 3226 παῖδά
2651 3189 2745 3224 σου
2791 3170 3023 3241 Ἰησοῦν.
3079 3189 3097 3222 ι
3153 3171 3361 3242 Κύριον
3421 3173 3581 3225 καλεῖ
3634 3175 3734 3227 τὸν
3799 3176 4043 3240 Πατέρα.

780 3279 1022 3341 Patrem,
1045 3274 1327 3330 Christum
1347 3271 1470 3340 jure
1490 3267 1710 3322 Filium.
1738 3265 1952 3319 Insidiae
1975 3262 2124 3317 enim
2144 3261 2202 3316 in
2219 3259 2352 3313 Uni-
2455 3263 2640 3332 Χριστὶ

2460 3263 2687 3332 Χριστὸν
2718 3261 2948 3324 εἰκότως
2979 3261 3073 3314 τὸν
3103 3261 3252 3314 Υίόνο
3277 3265 3344 3332 τῇ
3376 3262 3485 3330 γὰρ
3517 3262 3655 3314 κατὰ
3683 3262 3781 3314 τοῦ
3816 3265 4050 3328 Movera-

782 3370 1026 3440 genitum
1057 3364 1379 3420 ceciderunt
1407 3361 1461 3414 in
1498 3357 1712 3412 Patrem
1762 3354 1855 3424 qui
1891 3355 1946 3406 in
1983 3351 2118 3405 Filio
2158 3349 2356 3417 injuria

782 3459 1013 3515 aIIicitur
1045 3498 1058 3521 ,
1107 3455 1234 3524 quia
1265 3448 1606 3520 heneplacito
1633 3445 1811 3500 Patris
1857 3444 1989 3496 fecit
2027 3440 2357 3509 Unigenitus

782 3549 1045 3623 quidquid
1074 3549 1141 3602 de
1177 3540 1574 3612 redemptionis
1600 3547 1804 3593 nostra:
1834 3531 2248 3606 mysterio‘cgit.

2455 3355 2578 3416 νοῦς
2609 3353 2898 3423 ἐπιϐουλῇ,
2926 3353 3002 3410 ὡς
3030 3352 3386 3423 ὑϐριζόμενον
3424 3355 3480 3404 ὲν
3503 3353 3674 3421 αὐτῷ,
3703 3353 3800 3405 τὸν
3832 3354 4046 3425 Πατέρα

2457 3445 2801 3510 συνέπλεξεν·
2835 3445 3132 3514 ἐπειδήπερ
3163 3445 3380 3514 εὐδοκία
3428 3445 3518 3496 τοῦ
3552 3441 3798 3514 Πατρδς.
3851 3446 3978 3497 ὃλην
4003 3447 4049 3495 τῦ

2457 3539 2600 3609 ὑπὲρ
2631 3539 2789 3608 ἡμῶν
2823 3537 3121 3608 μυστήριον
3166 3537 3196 3588 ό
3227 3534 3546 3607 Μονογενὴς
3590 3536 3868 3606 ἔπραξεν.
3904 3536 4048 3608 [Clu-

2456 3647 2581 3685 ιιειι.
2609 3630 2702 3694 III,
2731 3629 2818 3683 81.

853 3728 989 3794 Cap.
1014 3723 1129 3789 VII,
1164 3739 1218 3776 ν.
1253 3719 1342 3774 57.
1390 3737 1408 3770 ι
1437 3717 1745 3773 Clamantes
1783 3728 1932 3769 vero.
1970 3731 1991 3765 ι
2040 3710 2178 3765 Cum
2211 3708 2358 3763 enim
2456 3635 2640 3771 “Bt-12

2460 3647 2581 3685 Ian.
2611 3635 2702 3694 ιιι,
2731 3635 2863 3706 81.]

2535 3739 2554 3770 ι
2592 3717 2903 3788 Κράζοντες
2941 3714 2996 3767 δὲ
3038 3716 3216 3784 φωνῇ.
3271 3733 3290 3765 ι
3333 3714 3422 3766 Ἐν
3447 3713 3554 3784 γὰρ
3611 3715 3728 3776 τοῖς
3768 3714 4052 3775 Ἰοιδαεοες

786 3818 989 3875 ,Ιιιιὶπιε
1035 3816 1106 3869 ob
1151 3826 1344 3867 eorum
1393 3807 1830 3863 incredulitatem
1877 3803 2183 3874 indigeret,
2233 3815 2360 3854 eum
2460 3809 2627 3864 αὐτὴν

2460 3809 2627 3864 αὐτλν
2653 3809 2744 3862 διὰ
2773 3807 2872 3878 τὴν
2895 3807 3122 3860 ἐκείνων
3157 3806 3420 3858 ἀπιστίαν
3443 3806 3748 3873 πενόμενον
3792 3805 4052 3857 πλουτεῖν

789 3910 1043 3983 gentibus
1077 3903 1359 3960 abundare
1396 3901 1528 3956 fecit
1551 3939 1566 3963 ,
1604 3907 1892 3968 postquam
1929 3910 1960 3949 a
2008 3894 2216 3949 dextris
2245 3891 2362 3945 suis
2463 3901 2640 3954 πεποετ

2463 3901 2768 3970 πεποίηκεν
2797 3901 2855 3950 ὲν
2886 3900 2998 3958 τοῖς
3051 3896 3282 3960 ἔθνεσιν,
3330 3897 3394 3947 ὲκ
3449 3895 3639 3958 δεξιῶν
3687 3896 3869 3949 αὐτοῦ
3921 3915 4052 3964 παρ-

791 3982 1076 4060 coiiocavit
1105 4016 1117 4052 :
1146 3995 1290 4066 quod
1315 4003 1372 4047 tu
1402 3991 1624 4062 quidem
1658 3989 1912 4056 exiguum
1940 3993 1996 4040 et
2031 3986 2150 4040 leve
2178 3993 2358 4054 putas,
2469 3992 2640 4053 ιστάς,

2469 3992 2641 4053 ιστὰς,
2685 3992 2823 4058 ὅπερ
2868 3990 2932 4041 σὺ
2976 3988 3074 4057 μὲν
3097 3986 3271 4047 δοκεῖς
3303 3982 3444 4038 εἶναι
3485 3986 3763 4045 ταπεινὸν,
3822 3986 3953 4038 ἐστι
4009 3986 4054 4038 δὲ

788 4112 913 4151 cum
937 4090 1201 4148 eximium
1242 4085 1399 4140 valde
1441 4083 1547 4147 sit,
1573 4089 1629 4135 et
1667 4080 1735 4134 de
1777 4078 1894 4133 solo
1921 4076 2060 4131 Filio
2102 4085 2360 4144 tanquam
2387 4075 2430 4131 C
2465 4080 2640 4150 σφόδρ

2465 4080 2669 4150 σφόδρα
2706 4079 2929 4147 ὑψηλὸν,
2977 4078 3067 4128 καὶ
3118 4077 3248 4144 περὶ
3292 4076 3455 4144 μόνου
3487 4075 3616 4127 Υἱοῦ
3661 4075 3738 4138 ὡς
3779 4076 3938 4129 Θεοῦ
3976 4080 4056 4129 καὶ

795 4188 934 4249 Deo,
963 4181 1140 4234 Patris
1181 4175 1399 4246 aequali,
1436 4173 1540 4227 dici
1572 4171 1766 4242 possit.
1809 4169 1961 4223 Sicut
2001 4168 2148 4222 enim
2194 4166 2361 4219 Filius
2463 4175 2640 4240 δμοου.

2463 4171 2752 4240 ὀμοουσὶου
2782 4169 3083 4238 δυνάμενον
3118 4167 3394 4234 λέγεσθαι.
3429 4168 3641 4235 Ὠσπερ
3688 4167 3805 4235 γὰρ
3872 4171 3904 4220 ὁ
3943 4169 4054 4228 Υξίςς

792 4292 903 4330 non
937 4273 1114 4328 solum
1148 4285 1177 4322 a
1207 4267 1417 4323 dextris
1444 4264 1623 4319 Patris
1661 4261 1834 4326 sedet,
1873 4260 1968 4314 sed
2013 4266 2068 4312 et
2100 4273 2131 4311 a
2160 4256 2364 4311 dextris
2464 4263 2526 4315 οὺ
2569 4261 2638 4332 μό

2464 4263 2526 4315 οὐ
2569 4261 2728 4332 μόνον
2759 4261 2992 4330 κάθηται
3030 4261 3095 4312 ὲκ
3139 4259 3328 4324 δεξιῶν
3359 4257 3454 4310 τοῦ
3489 4258 3724 4326 Πατρὶς,
3755 4260 3911 4311 ἀλλὰ
3976 4263 4055 4311 xui

793 4377 938 4429 stat,
971 4363 1283 4430 Stephanus
1313 4358 1459 4412 enim
1485 4356 1562 4410 ait
1591 4372 1605 4410 :
1649 4353 1768 4408 Vidi
1788 4352 1939 4407 caios
1965 4360 2194 4418 apertos,
2222 4359 2362 4413 etc.;
2467 4358 2530 4408 ὲκ
2579 4355 2640 4407 δε

2467 4358 2530 4408 ὲκ
2579 4355 2769 4420 δεξιῶν
2805 4354 3039 4406 ἵσταται.
3094 4353 3235 4421 Φησὶ
3291 4351 3401 4420 γὰρ
3452 4352 3480 4402 ό
3535 4350 3839 4417 Στέφανος·
3882 4352 4057 4405 Εἶδον

795 4461 866 4514 ita
901 4465 958 4511 et
991 4456 1152 4508 Pater
1196 4460 1342 4506 stare
1372 4447 1573 4503 dicitur
1623 4460 1655 4498 a
1706 4444 1913 4498 dextris
1953 4441 2104 4506 Filii,
2151 4449 2211 4494 ut
2243 4439 2368 4493 inde
2468 4447 2607 4512 τοὺς

2468 4447 2607 4512 τοὺς
2652 4445 2948 4512 οὐρανοὺς
2988 4441 3406 4512 ἀνεῳγμένους
3431 4458 3445 4473 ο
3481 4440 3625 4494 οὕτω
3655 4444 3751 4492 καὶ
3776 4443 3827 4493 .6
3871 4444 4056 4509 Πατὴρ

795 4555 1072 4607 discamus
1126 4543 1370 4600 eamdem
1423 4553 1545 4596 esse
1574 4536 1698 4591 Filii
1726 4545 1782 4590 et
1815 4535 1997 4589 Patris
2025 4533 2364 4604 dignitatem.
2470 4538 2640 4590 ῖστασι

2470 4537 2725 4590 ἵστασθαι
2754 4537 2829 4606 (1)
2886 4535 2950 4588 ἐκ
2979 4535 3172 4601 δεξιῶν
3222 4534 3445 4600 λέγεται
3484 4532 3578 4584 τοῦ
3615 4532 3766 4593 Tia-3,
3804 4533 3904 4584 ἵνα
3939 4538 4056 4600 μίαν

2472 4631 2633 4696 ἡμεῖς
2679 4628 2836 4692 ἀξίαν
2890 4626 3020 4679 Υἱοῦ
3079 4626 3175 4678 καὶ
3229 4623 3444 4696 Πατρός
3505 4622 3795 4694 μάθωμεν.
3843 4623 4054 4694 [\VoLr.

2471 4721 2664 4774 Anecd.
2699 4720 2864 4774 Grato.
2891 4727 2930 4772 t.
2971 4717 3057 4782 111,
3079 4734 3133 4787 p.
3160 4717 3306 4788 155.]

868 4829 1171 4903 Cap..XllI,
1199 4845 1251 4884 ν.
1280 4829 1372 4884 55.
1420 4847 1439 4881 ι
1468 4827 1622 4882 Sicut
1651 4835 1707 4881 et
1751 4825 1807 4880 in
1857 4824 2068 4895 psalmo
2106 4821 2372 4892 scriptum
2550 4833 2567 4864 ι
2596 4814 2640 4864 Ὢ

2550 4833 2567 4864 ι
2596 4814 2681 4875 '0;
2711 4811 2807 4865 καὶ
2853 4813 2911 4864 ὲν
2941 4809 3144 4880 ψαλμῷ
3187 4809 3501 4879 γέγραπται
3525 4823 3540 4838 ·
3573 4806 3704 4868 Υἱός
3737 4823 3848 4875 μου
3875 4803 3926 4860 εἷ
3984 4811 4056 4868 σὺ,

797 4933 879 4979 est
907 4942 920 4977 :
949 4896 1128 4977 'Filius
1156 4935 1312 4975 meus
1338 4935 1398 4975 es
1451 4928 1532 4984 tu,
1582 4933 1681 4989 ego
1702 4916 1867 4971 hodie
1894 4914 2056 4985 genui
2082 4922 2154 4968 te.
2187 4932 2205 4964 ι
2251 4911 2376 4966 11ωο
2477 4905 2588 4973 ἐγὼ
2634 4925 2640 4952 ε

2477 4905 2588 4973 ἐγὼ
2634 4905 2874 4973 σήμερον
2933 4901 3244 4971 γεγέννηκά
3301 4916 3382 4953 σε.
3422 4917 3440 4950 ι
3477 4896 3664 4949 Ταῦτα
3684 4899 3751 4966 τῇ
3779 4899 4059 4968 eumpo-

798 5017 963 5070 verba
993 5016 1047 5070 in
1078 5012 1510 5068 incarnationem
1560 5009 1767 5065 Christi
1817 5008 2044 5064 omnino
2083 5006 2374 5075 quadram,
2478 5000 2640 5064 πήσει

2478 5000 2642 5064 πήσει
2675 4995 2768 5048 τοῦ
2814 4994 3056 5065 Χριστοῦ
3100 4993 3302 5063 πρέπει
3336 4991 3510 5062 δήπου
3562 4989 3631 5042 τὰ
3662 4989 3923 5059 ῥήματα,
3948 4993 4059 5061 ﬁn;

798 5123 920 5179 qua:
962 5108 1016 5161 in
1048 5113 1293 5176 tempore
1320 5119 1378 5160 se
1412 5103 1673 5158 exseruit.
1710 5101 1883 5156 Voces
1930 5100 2076 5155 enim
2131 5099 2282 5152 hodie
2325 5109 2380 5152 et
2479 5105 2640 5158 χρονιῖ

2479 5087 2735 5158 χρονικὴν
2791 5083 2907 5156 εἶχε
2951 5085 3071 5154 τὴν
3101 5083 3480 5153 ἐπιφοίτησιν.
3513 5081 3597 5134 Τὰ
3636 5080 3750 5151 γὰρ
3792 5082 4061 5150 σήμερον

800 5171 917 5255 cras
948 5200 1068 5253 dies
1099 5171 1361 5252 inierunt.
1397 5196 1442 5251 Α
1463 5194 1622 5248 Patre
1648 5192 1793 5247 enim
1820 5199 1948 5245 ante
1976 5201 2214 5260 tempus,
2235 5190 2379 5260 quod
2481 5182 2574 5234 καὶ
2605 5197 2640 5232 a

2481 5182 2574 5234 καὶ
2605 5181 2815 5249 αὔριον
2861 5176 3088 5248 ἡμερῶν
3143 5176 3262 5228 ἔστι
3311 5172 3745 5244 παραστατικόν.
3788 5171 4058 5241 ’Λχρόνως

801 5300 858 5345 et
886 5289 1272 5345 haereticorum
1305 5286 1404 5341 ﬁlii
1430 5284 1780 5357 proﬁtentur,
1807 5282 2058 5355 gignitur.
2442 5272 2451 5281 ’
2481 5273 2588 5344 γὰρ
2634 5291 2640 5304 ‘

2481 5273 2588 5344 γὰρ
2634 5272 2784 5342 παρὰ
2838 5270 2931 5323 τοῦ
2987 5267 3201 5340 Πατρδς
3245 5265 3321 5329 ὡς
3371 5265 3467 5318 καὶ
3530 5263 3722 5324 παῖδες
3768 5263 4060 5331 αἱρετικῶν

1949 5423 1952 5426 ,
2411 5410 2458 5465 Β
2483 5364 2640 5434 ὁμολο

2483 5363 2830 5434 ὁμολογοῦσι,
2864 5364 3134 5415 τίκτεται.
3167 5358 3378 5431 [Vi/ou.
3408 5356 3508 5409 loc.
3541 5355 3631 5406 cit.
3667 5351 3825 5422 £75.]

871 5467 943 5524 Ὗ.
979 5469 1070 5524 '55.
1118 5489 1135 5520 ι
1166 5467 1285 5523 Non
1341 5468 1628 5539 permittes
1685 5473 1934 5520 sanctum
1985 5472 2137 5515 tuum
2189 5461 2378 5514 videre
2415 5443 2458 5465 ν
2563 5475 2582 5506 ι
2614 5457 2640 5508 C

2563 5475 2582 5506 ι
2614 5457 2688 5508 Οὐ
2716 5454 2912 5516 δώσεις
2942 5452 3035 5505 τὸν
3078 5451 3226 5504 ὅσιόν
3262 5465 3358 5501 σου
3410 5447 3540 5499 ἰδεῖν
3571 5443 3903 5512 διαφθοράν.
3946 5465 3963 5496 ι
4015 5443 4059 5494 Ὀ

804 5561 1235 5632 corruptionem.
1271 5579 1288 5612 ι
1331 5536 1584 5614 Christus
1627 5556 1774 5611 enim
1821 5564 2067 5623 tempore
2109 5548 2378 5622 passionis
2485 5549 2640 5620 γὰρ)

2485 5549 2594 5620 γὰρ
2624 5548 2860 5618 Χριστὸς
2908 5545 3049 5599 κατὰ
3081 5543 3173 5595 τὸν
3217 5539 3410 5608 καιρὸν
3443 5537 3540 5591 τοῦ
3570 5536 3778 5598 πάθους
3828 5538 3926 5590 καὶ
3977 5538 4060 5604 τὴν

809 5855 848 5899 n
881 5769 960 5838 (tl
991 5770 1334 5826 Ἵστασθαι.
1364 5763 1620 5820 Fortasse
1654 5761 1877 5834 respicit
1904 5760 2099 5818 Noster
2120 5759 2258 5830 psal.
2296 5773 2404 5823 cu,
2431 5757 2520 5824 3i,
2560 5757 2652 5826 qui
2684 5763 2768 5812 est
2791 5749 3164 5824 propheticus,
3191 5745 3256 5801 ad
3299 5742 3549 5799 Mcssiam
3580 5741 3636 5797 in
3668 5740 3868 5811 primis
3905 5741 4056 5814 perti-

849 5856 972 5898 eus.
2663 5861 2670 5869 υ
3048 5879 3053 5883 .

923 5856 972 5898 Β.
2663 5861 2670 5869 ,
