4156 6452
146 399 274 464 1389

1128 400 1593 462 FRAGMENTA
1634 399 1715 458 ΙΝ
1752 399 1992 459 EPIST.
2035 401 2096 459 S.
2131 400 2379 460 PETRI.

3264 405 3397 473 1390

138 513 313 583 ψυχὴν
360 515 552 571 ἑαυτοῦ
586 516 680 569 καὶ
714 516 773 569 τὸ
819 516 977 585 σῶμα
1026 516 1196 585 χωρὶς
1227 515 1431 585 φθορᾶς
1486 513 1560 575 ὡς
1587 511 1721 574 Θεδς

1835 526 1939 565 suae
1962 521 2017 565 et
2045 512 2280 565 animam
2322 527 2474 565 suam
2522 520 2576 565 et
2602 528 2799 582 corpus
2844 530 2872 567 a
2920 517 3290 586 corruptione.
3342 532 3398 574 ut

140 608 477 678 διεφύλαξεν.
512 607 726 679 [\Vou.
766 609 863 661 loc.
903 609 992 661 cit.
1030 605 1179 678 177.]

1830 599 1998 669 Deus,
2039 602 2282 657 imtuuue
2308 604 2675 658 conservavit.

1870 779 2071 790 ——-—

458 941 1174 1033 FRAGMENTA
1276 941 1403 1029 IN
1514 938 2299 1030 EPISTOLAMI
2408 941 2500 1029 S.
2617 939 3076 1035 JACOBI.

1236 1132 1427 1205 (νοις.
1484 1134 1682 1188 Anecd.
1711 1134 1879 1192 Graec.
1913 1143 1952 1188 t.
1984 1132 2076 1196 Ill,
2110 1150 2161 1204 p.
2195 1135 2306 1204 58.)

219 1472 239 1503 ι
274 1450 546 1510 ’Ἕκαστος
590 1446 648 1500 δὲ
701 1442 1046 1514 πειράζεται,
1083 1440 1188 1493 ὑπὸ
1233 1441 1331 1512 τῆς
1368 1441 1502 1504 ἰδίας
1534 1442 1727 1496 ἐπιθυ-

139 1544 274 1615 μίας
303 1541 675 1611 ὲξελκόμενος.
719 1555 737 1589 ι
784 1536 984 1598 Ὠδίνες
1018 1534 1255 1588 θανάτου
1289 1535 1345 1586 αί
1384 1533 1495 1586 τῶν
1546 1535 1727 1604 ἁμαρ-
1762 1578 1765 1579 ,

135 1636 331 1689 τω).ὦν
363 1631 647 1701 ἐπιθυμίαι
675 1628 1032 1698 τυγχάνουσι.

217 1745 237 1776 ι
302 1724 729 1792 Κατακαυχᾰται
781 1720 931 1782 ἔλεος
993 1717 1253 1789 κρίσεως.
1317 1736 1335 1770 ι
1396 1718 1611 1789 Ὥσπερ
1669 1718 1730 1772 τὸ

1900 1441 2033 1512 Cap.
2074 1442 2115 1505 Ι,
2163 1441 2333 1496 v.14.
2392 1462 2411 1494 ‹
2452 1442 2842 1513 Unusquisque
2896 1460 3024 1500 vero
3078 1455 3317 1503 tentatur
3370 1467 3399 1505 a

1829 1534 2278 1604 Concupiscentia
2305 1549 2402 1588 sua
2427 1534 2755 1589 abstractus.
2793 1556 2812 1587 ι
2845 1537 3182 1608 Cupiditates
3208 1556 3403 1611 pecca-

1833 1637 2008 1681 torum
2049 1637 2175 1680 sunt
2197 1625 2414 1680 dolores
2440 1628 2634 1682 mortis
2667 1628 2766 1700 (2).

1904 1717 2037 1786 Cap.
2071 1716 2139 1784 ll,
2182 1734 2234 1772 ν.
2281 1718 2367 1771 15.
2407 1738 2423 1768 ι
2462 1717 2741 1772 Gloriatur
2792 1720 3167 1778 misericordia
3214 1735 3403 1781 contra

136 1817 328 1868 ἔλαιον
358 1811 746 1877 ἐξολισθαίνειν
776 1812 906 1873 τοὺς
952 1809 1191 1879 ἀθλητὰς
1243 1809 1345 1872 τὰς
1393 1812 1584 1878 χεῖρας
1621 1809 1730 1863 τῶν

1835 1809 2116 1879 iudicium.
2150 1828 2168 1859 ο
2222 1807 2378 1863 Sicut
2425 1809 2606 1863 oleum
2641 1809 2803 1865 elﬁcit
2848 1820 2907 1866 ut
2947 1814 3165 1870 athletae
3206 1816 3407 1871 adver-

137 1906 443 1960 ἀντιδίκων
496 1907 661 1967 ποιεῖ,
691 1902 868 1967 οὕτως
914 1905 947 1974 ἡ
990 1902 1336 1973 ἐλεημοσύνη
1370 1902 1498 1964 τοὺς
1525 1900 1731 1967 ταύτης

138 1994 525 2062 ἀσκουμένους
553 1992 824 2045 ἐκκλίνειν
858 1993 952 2045 καὶ
995 1989 1333 2060 ἀποφεύγειν
1378 1990 1732 2059 παρασκευά-

136 2086 227 2149 (at
254 2086 385 2148 τοὺς
422 2085 708 2153 δαίμονας.

217 2197 236 2228 ι
281 2177 393 2248 Τὴν
419 2177 475 2230 δὲ
502 2176 752 2243 γλῶσσαν
776 2172 972 2237 οὐδείς.
1009 2193 1028 2227 ι
1071 2172 1344 2244 Καθάπερ
1382 2174 1490 2242 γὰρ
1526 2176 1560 2245 ἡ
1592 2176 1732 2246 ῥομ-

149 2271 297 2337 φαία
326 2268 650 2337 ἐτοιμοτέρα
676 2266 810 2337 πρὸς
839 2266 1035 2336 τομὴν,
1091 2264 1157 2317 ἂν
1184 2266 1452 2337 ἀκονηθῇ,
1481 2267 1575 2319 καὶ
1612 2268 1735 2333 ὀξυ-

133 2362 279 2432 τέρα
345 2361 482 2430 πρὶς
546 2359 830 2428 ἀναίρεσιν
901 2358 1161 2425 γίνεται,
1216 2356 1388 2421 οὕτως
1436 2360 1469 2428 ὴ
1517 2357 1735 2425 γλῶσσα

134 2450 438 2520 δυσχερὴς,
458 2451 553 2504 καὶ
581 2449 703 2503 καθ’
731 2449 932 2519 ἑαυτὴν
959 2450 1038 2513 εἰς
1058 2450 1118 2500 τὸ
1145 2449 1371 2519 ἠρεμεῖν
1390 2451 1734 2520 τυγχάνουσα

137 2546 237 2597 καὶ
286 2542 680 2607 δυσκάθεκτος,
735 2542 856 2594 τότε
913 2542 1271 2611 χαλεπωτέρα
1322 2541 1563 2609 γίνεται,
1605 2542 1733 2595 ὅταν

138 2636 303 2707 παρὰ
334 2633 445 2686 τῶν
492 2632 749 2703 πονηρῶν
794 2636 1152 2701 συκοφαντεῖν
1188 2632 1285 2686 καὶ
1324 2632 1589 2702 λοιδορεῖν
1640 2637 1735 2686 καὶ

137 2726 462 2779 ὃιαὸἀλλειν
495 2724 765 2795 ἐθίζηται.

223 2839 244 2871 ι
290 2817 686 2886 Ταπεινώθητε
718 2816 950 2869 ἐνώπιον
980 2815 1074 2868 τοῦ
1105 2817 1336 2888 Κυρίου.
1386 2835 1403 2868 ι
1443 2816 1735 2886 Μακάρων

140 2910 387 2963 ἐνώπιον
417 2908 555 2961 Θεοῦ
598 2906 1009 2961 ταπεινοῦσθαι.
1060 2908 1201 2976 Φησὶ
1244 2908 1352 2978 γὰρ
1382 2909 1410 2960 ὁ
1459 2907 1734 2970 Ἰάκωϐος

148 2998 567 3067 Ταπεινὼθητε
588 2998 848 3052 ἐνώπιον
877 2998 1121 3064 Κυρίου,
1144 2997 1243 3050 καὶ
1281 2998 1516 3065 ὑψώσει
1560 2997 1733 3067 ὑμᾶς.

144 3093 327 3145 Ὅταν
374 3092 556 3145 τοίνυν
590 3090 735 3144 οὓτω
778 3088 1227 3159 ταπεινωθῶμεν,
1261 3089 1362 3142 κᾶν
1395 3090 1498 3143 ὑπὸ
1524 3088 1736 3159 ἀνθρὼ-

1834 1899 2104 1955 sariorum
2137 1913 2361 1954 suorum
2397 1898 2652 1953 manibus
2681 1899 3002 1967 elabantur;
3049 1902 3121 1956 ita
3163 1903 3405 1959 eleemo-

1834 2005 2092 2061 synarum
2131 1991 2349 2060 largitio
2377 1989 2563 2055 eﬂicit,
2599 2000 2678 2055 ut,
2706 1990 2800 2061 qui
2825 1991 2901 2045 illi
2919 1991 3159 2059 student,
3196 1992 3405 2049 daemo-

1834 2096 1933 2136 nes
1959 2082 2222 2153 eﬂugiant
2251 2090 2306 2136 et
2344 2081 2571 2137 evitent.

1904 2172 2036 2242 Cap.
2081 2174 2187 2237 Ill,
2236 2189 2290 2227 v.
2338 2174 2391 2228 8.
2435 2173 2737 2243 «Linguam
2784 2190 2915 2229 vero
2962 2191 3144 2232 nemo.
3176 2196 3195 2229 ι
3255 2177 3409 2237 Si0ut

1834 2264 1982 2319 enim
2012 2263 2243 2336 gladius,
2273 2264 2319 2319 si
2353 2277 2612 2332 acuatur,
2642 2266 2711 2321 ad
2738 2267 3056 2322 credendum
3103 2270 3281 2340 aptior
3306 2314 3319 2335 ,
3353 2280 3409 2327 et

1833 2356 1900 2410 ad
1929 2357 2285 2412 occidendum
2317 2359 2527 2414 acutior
2570 2359 2815 2414 redditur
2844 2377 2858 2414 :
2895 2362 2968 2416 ita
3007 2361 3187 2433 lingua
3216 2405 3230 2429 ,
3284 2379 3406 2434 qua:

1835 2464 1934 2518 per
1960 2464 2020 2503 se
2049 2449 2342 2505 diﬂiculter
2391 2451 2446 2504 in
2486 2451 2672 2520 quiete
2700 2452 3015 2507 continetur
3038 2494 3052 2517 ,
3109 2470 3213 2510 nec
3252 2455 3408 2511 facile

1835 2541 2076 2595 coerceri
2097 2548 2297 2611 potest,
2322 2541 2641 2595 insolentior
2673 2543 2873 2608 evadit,
2902 2545 2999 2597 sia
3024 2545 3182 2599 malis
3200 2545 3407 2613 fallere,

1836 2632 2159 2685 calumniari
2189 2642 2243 2686 et
2278 2632 2554 2687 criminari
2587 2633 2784 2687 discat.

1905 2807 2034 2877 Cap.
2075 2807 2162 2873 IV,
2208 2827 2260 2864 v.
2310 2808 2392 2862 10.
2437 2828 2455 2861 ι
2486 2809 2863 2880 Suhjiciat'nini
2895 2828 3073 2868 coram
3101 2813 3349 2871 Domino.
3386 2839 3404 2870 ι

1837 2900 1999 2955 Beata
2034 2915 2142 2963 res,
2187 2915 2371 2953 coram
2393 2900 2505 2953 Deo
2536 2900 2832 2957 humiliari.
2857 2902 3094 2959 Jacobus
3125 2908 3272 2962 enim
3299 2911 3409 2966 ait:

1837 2984 2139 3040 Humilietis
2157 3002 2241 3040 vos
2254 3003 2433 3039 coram
2447 2987 2691 3052 Domino,
2709 3000 2757 3044 et
2777 2992 3035 3046 exaltabit
3054 3011 3160 3049 vos.
3183 2996 3413 3063 Quando

1838 3075 2019 3145 itaque
2050 3078 2129 3131 sic
2158 3078 2393 3132 humiles
2430 3080 2740 3146 reddimur,
2774 3084 2988 3139 etiamsi
3011 3101 3043 3141 a
3071 3087 3413 3163 daemonibus

145 3201 269 3237 πων
305 3181 613 3252 μισούντων
666 3180 768 3242 τὰς
808 3180 1009 3250 ἀρετὰς
1064 3178 1486 3249 πολεμηθῶμεν,
1536 3178 1732 3249 ἔχομεν

1842 3178 2123 3224 struantur
2148 3170 2383 3232 insidiae,
2414 3171 2627 3225 etiamsi
2660 3174 2728 3227 ab
2778 3175 3093 3232 hominibus
3152 3181 3413 3237 virtutum

144 3277 239 3327 τὸν
270 3274 412 3327 Θεὸν
468 3271 874 3342 ἐξαιρούμενον,
913 3269 1074 3339 μόνον
1121 3270 1209 3322 ἵνα
1255 3269 1348 3322 τοῦ
1372 3270 1538 3340 νόμου
1565 3270 1732 3323 αὑτοῦ

149 3367 227 3437 μὴ
254 3362 671 3432 ἐπιλαθώμεθα,
710 3360 843 3431 μηδὲ
875 3358 1249 3427 ἀποκακῶμεν
1277 3361 1333 3412 ὲν
1360 3362 1480 3422 ταῖς
1499 3358 1731 3429 θλίψεσι.

144 3456 289 3526 Φησὶ
321 3458 436 3525 γὰρ
472 3457 501 3507 ὁ
547 3451 710 3505 Δαείδ
732 3467 747 3482 ·
786 3450 907 3503 Ἴδε
936 3450 1050 3517 τὴν
1078 3450 1442 3503 ταπείνωσιν
1461 3467 1602 3519 μου,
1635 3451 1736 3503 καί

142 3546 377 3612 ἐξελοῦ
423 3562 523 3617 με,
570 3544 660 3598 ὅτι
695 3542 802 3595 τοῦ
826 3542 1014 3611 νόμου
1039 3559 1155 3595 σου
1192 3543 1304 3595 οὐκ
1333 3543 1733 3611 ἐπελαθόμην.

228 3744 249 3777 ι
280 3720 428 3793 Ἀγε
455 3720 571 3786 νῦν,
598 3721 648 3773 οἱ
677 3714 945 3771 πλούσιοι.
972 3733 991 3766 ι
1024 3715 1289 3783 Προλέγει
1314 3716 1412 3784 τὴν
1438 3713 1730 3784 τιμωρίαν,

145 3818 238 3870 διὰ
269 3811 714 3884 φιλανθρωπίαν,
762 3805 851 3859 ἶνα
882 3807 1317 3876 μετανοήσαντες
1356 3805 1463 3868 ἔξω
1492 3805 1735 3873 γένοιντο

147 3905 261 3958 τῶν
292 3903 729 3974 ἀπειλουμένων.

223 4042 241 4075 ⁸
273 4038 429 4094 Psal.
452 4055 638 4103 cxvm,
677 4038 796 4092 155.

519 4207 687 4216 _._——_

147 4208 517 4221 —-——————-—

1840 3260 2091 3315 osoribus
2120 3274 2499 3331 oppugnemur
2524 3304 2537 3326 ,
2575 3262 2746 3319 Deum
2783 3272 2964 3321 tamen
2999 3268 3265 3328 habemus
3314 3291 3413 3330 nos

1841 3351 2190 3412 exaltantem,
2221 3354 2382 3407 modo
2410 3354 2544 3424 legis
2570 3356 2689 3425 ejus
2721 3372 2830 3410 non
2869 3360 3279 3429 obliviscamur,
3313 3382 3414 3421 ne-

1840 3456 1948 3510 que
1977 3442 2034 3496 in
2063 3441 2464 3498 calamitatibus
2490 3443 2924 3514 langueseamus.
2959 3448 3124 3505 David
3156 3454 3300 3508 enim
3328 3455 3415 3509 in-

1839 3533 1995 3601 quit:
2031 3533 2154 3587 Vide
2186 3533 2529 3603 dejectionem
2586 3553 2757 3589 meam
2782 3577 2796 3600 ,
2832 3548 2880 3592 et
2915 3539 3079 3595 libera
3116 3560 3197 3597 me
3219 3586 3233 3611 ,
3287 3550 3413 3616 quia

1841 3622 1966 3693 legis
2000 3632 2104 3675 tua:
2133 3638 2237 3687 nou
2261 3639 2377 3676 sum
2407 3623 2600 3677 oblitus
2630 3627 2669 3678 '.

1911 3710 2045 3781 Cap.
2080 3711 2142 3776 V,
2176 3729 2227 3766 ν.
2264 3712 2315 3766 1.
2362 3729 2381 3762 ι
2404 3710 2560 3783 Agite
2600 3714 2801 3781 itaque.
2833 3731 2868 3770 ο
2904 3717 3122 3774 divites.
3155 3741 3175 3772 ι
3208 3723 3414 3780 Praedi-

1840 3803 1912 3858 cit
1929 3818 2168 3873 pinnam,
2196 3818 2382 3857 amore
2415 3804 2700 3860 hominum
2734 3806 2956 3875 ductus,
2980 3820 3061 3880 ut,
3094 3817 3411 3883 paenitentia

1840 3900 1978 3957 acta,
2010 3892 2167 3947 liberi
2197 3893 2496 3948 evaderent
2538 3910 2566 3946 a
2608 3896 2763 3950 malis
2807 3898 3271 3969 impendentibus.

3001 4202 3220 4215 -————.--

3225 4210 3349 4221 α*-

443 4366 1266 4455 FBAGMENTUM
1375 4363 1500 4451 IN
1610 4357 2275 4450 EPISTOLAM
2384 4364 2419 4451 Ι
2526 4364 2619 4454 S.
2728 4366 3189 4457 PETRI.‘

218 4712 238 4745 ι
266 4694 332 4746 Ὀ
358 4691 474 4759 γὰρ
521 4688 692 4742 θέλων
721 4686 867 4758 ζωὴν
909 4689 1150 4759 ἀγαπᾷν.
1192 4707 1210 4741 υ
1242 4690 1317 4759 (⁸5)
1382 4689 1644 4743 Ἐνταῦθα
1675 4691 1733 4744 τὸ

1905 4692 2037 4758 Cap.
2071 4690 2165 4751 Ill,
2198 4708 2249 4745 ν.
2281 4692 2366 4745 10.
2399 4709 2416 4741 t
2442 4688 2546 4757 Qui
2572 4694 2719 4747 enim
2761 4693 2928 4748 vitam
2965 4695 3079 4751 vult
3114 4696 3359 4767 diligere.
3390 4718 3406 4750 ι

139 4787 241 4852 Τίς
264 4803 284 4851 ;
313 4786 425 4854 οὐχ
453 4783 529 4847 ὡς
558 4780 894 4853 ἀποροῦντος
922 4782 1018 4835 τοῦ
1046 4783 1334 4852 προφήτου
1364 4786 1564 4845 κεῖται,
1594 4782 1731 4836 ἀλλά

134 4878 577 4951 μακαρίζοντος,
614 4875 710 4929 καὶ
746 4874 945 4944 μᾶλλον
982 4876 1406 4946 προτρέποντος,
1452 4875 1584 4938 ἴσως
1635 4876 1730 4929 καὶ

131 4968 511 5040 ἀποροῦντος.
553 4968 617 5019 (ll.
667 4966 776 5038 γὰρ
823 4965 1009 5020 πολλοὶ
1052 4966 1113 5020 οὐ
1170 4965 1383 5020 θέλουσι
1436 4967 1533 5037 τὴν
1560 4967 1730 5031 ὅντως

132 5062 292 5133 ζωὴν
350 5059 591 5129 ὑπὸτῆς
641 5057 737 5111 τοῦ
795 5058 1131 5129 προσκαίρου
1178 5058 1579 5127 δελεαζόμενοι,
1605 5058 1727 5109 οὐδὲ

131 5156 269 5207 ἰδεῖν
303 5152 610 5222 ἀγαπῶσιν
660 5152 878 5224 ἡμέρας
927 5152 1141 5221 ἀγαθὰς
1168 5152 1269 5214 τὰς
1299 5152 1396 5206 τοῦ
1449 5151 1733 5222 μέλλοντος

122 5250 197 5318 τῇ
231 5245 385 5299 κατὰ
419 5245 514 5297 τδν
534 5245 779 5315 παρόντα
810 5244 923 5315 βίον
944 5245 1216 5316 εὐημερίᾳ
1245 5245 1625 5314 προσέχοντες.

202 5470 287 5541 (2)
358 5467 464 5541 Est
504 5467 604 5541 ille
634 5467 824 5541 procul
871 5466 1035 5520 dubio
1083 5463 1403 5541 Hesychius,
1448 5462 1729 5541 presbyter

125 5532 1164 5608 llierosiilymitanus.scriptorisazeuli
1190 5532 1243 5599 ν,
1276 5533 1434 5608 cuius
1470 5532 1730 5602 frequens

124 5622 217 5668 est
250 5612 309 5664 in
343 5605 577 5663 catenis
622 5607 906 5677 speciatim
952 5607 1006 5659 in
1038 5605 1301 5677 Psalmos,
1332 5605 1387 5657 in
1413 5618 1552 5672 quos
1577 5620 1730 5657 com-

126 5680 457 5739 mentarius
481 5679 599 5744 ejus
634 5676 762 5732 mss.
793 5692 860 5730 ex
892 5685 1043 5746 parte
1077 5676 1219 5745 apud
1248 5690 1333 5727 me
1359 5682 1555 5734 exstat,
1579 5690 1732 5727 men-

129 5755 229 5806 tio.
273 5750 455 5805 Forte
496 5763 727 5816 sequens
747 5745 1037 5815 explicatio
1078 5748 1144 5799 ad
1176 5746 1450 5799 Psalmum
1496 5759 1627 5816 nu,
1675 5745 1730 5816 5,

132 5825 201 5879 ab
225 5837 297 5877 eo
322 5820 499 5874 allata
530 5815 649 5874 fuit.
681 5818 741 5873 In
769 5817 1014 5873 Corderii
1046 5825 1226 5870 tamen
1261 5816 1461 5870 Catena
1494 5816 1546 5867 in
1584 5815 1730 5869 Psal-

1841 4782 1957 4835 γοα
1992 4780 2164 4845 Quis?
2202 4782 2305 4836 hoc
2334 4782 2454 4836 loco
2496 4797 2607 4836 non
2647 4794 2730 4838 est
2771 4786 3053 4855 prophetae
3086 4787 3410 4856 dubitantis,

1838 4872 1930 4926 sed
1960 4871 2169 4925 felicem
2199 4872 2572 4940 praedic-antis,
2604 4875 2688 4928 vel
2730 4876 2910 4944 potius
2943 4876 3255 4945 exeitantis,
3296 4880 3413 4936 for-

1839 4973 1982 5018 tasse
2015 4970 2195 5016 tamen
2233 4962 2398 5017 etiam
2453 4964 2773 5021 dubitantis.
2806 4966 3057 5037 Plerique
3107 4972 3253 5025 enim
3301 4989 3410 5027 non

1835 5063 2021 5110 amant
2058 5055 2227 5109 vitam
2268 5071 2394 5110 vere
2424 5057 2608 5121 talem,
2636 5058 2860 5115 inescati
2892 5061 3100 5117 scilicet
3127 5078 3156 5116 a
3185 5071 3413 5119 temera-

1834 5147 1911 5199 ria
1941 5145 2063 5211 ista,
2096 5161 2274 5215 neque
2326 5146 2514 5202 videre
2562 5149 2881 5205 desiderant
2914 5152 3034 5208 dies
3075 5153 3261 5210 felices
3287 5157 3411 5210 vite

1834 5237 2212 5303 imminentis,
2266 5240 2647 5309 tranquillitati
2681 5245 2970 5312 praesentis
3020 5247 3146 5302 vitae
3200 5255 3412 5302 tantum

1836 5336 2050 5388 intenti.

1828 5482 2110 5547 rms,_qu:e
2133 5480 2332 5535 exstat,
2357 5470 2556 5547 frustra
2580 5476 2803 5547 (ιυκείνί
2828 5478 2970 5543 quod
3002 5488 3058 5533 et
3075 5480 3140 5533 de
3162 5480 3407 5547 reliquis,

1827 5553 1952 5612 quae
1976 5542 2063 5612 hic
2092 5551 2415 5612 sequuntur,
2446 5542 2765 5612 fragmentis
2795 5542 3000 5602 dictum
3034 5560 3136 5605 est.

1904 5610 2181 5683 (ὅμορος
2204 5612 2291 5665 hic
2310 5610 2559 5679 Hesychi'i
2591 5617 2781 5683 procul
2810 5618 2977 5673 dubio
3002 5637 3064 5673 ex
3097 5622 3412 5679 Comment.

1828 5681 2035 5763 ἕξεις-1η
2068 5681 2308 5763 Psalqtos
2337 5681 2677 5763 petitusest,
2700 5687 2799 5763 pbi
2828 5703 3027 5763 “sint
3046 5691 3113 5745 15
3169 5694 3369 5763 legitur
3395 5709 3409 5746 :

1830 5753 1927 5827 Τίς
1957 5755 2104 5827 εστιν
2134 5752 2419 5827 ἄνθρωπνς
2446 5756 2475 5806 6
2503 5753 2674 5807 θέλων
2696 5757 2873 5827 ζωήνς
2909 5757 2965 5816 In
2989 5760 3191 5826 Catena
3223 5752 3408 5820 tamen

1830 5822 2161 5877 Corderiana
2203 5826 2257 5875 in
2296 5822 2535 5879 l‘salmos
2572 5841 2685 5881 non
2718 5822 2937 5899 legitur,
