4142 6436
159 382 294 439 1409

1520 377 2040 447 ΟΙΙᾸΞΞΤΊΟΝΕΞ.

3278 377 3414 440 14ίο

150 488 335 537 Ὅταν
359 481 543 549 λαλῇ,
572 483 638 535 τὸ
679 482 907 551 ψεῦδος
933 483 1000 535 ἐκ
1024 482 1141 536 τῶν
1177 484 1341 537 ἰδίων
1371 484 1567 538 λαλεῖ·
1603 487 1730 540 ’ὅτι

1844 494 2043 543 dacium
2073 507 2138 544 ex
2163 493 2391 560 propriis
2412 492 2676 562 loquitur;
2706 495 2828 564 quia
2869 493 3094 547 mendax
3118 502 3212 558 est,
3239 504 3287 547 et
3317 511 3415 563 pa-

150 581 420 648 ψεύστης
449 578 641 644 ἐστὶν,
672 583 768 631 καὶ
793 582 828 632 ό
853 579 1051 646 πατὴρ
1078 579 1288 632 αὑτοῦ.

846 672 1059 736 Λύσις.

221 760 479 815 Διάϐολον
507 761 764 826 ἐνταῦθα,
790 764 824 833 ἢ
869 763 958 814 τὸν
990 764 1404 832 Ἀντίχριστονά
1425 763 1576 818 λαλεῖ
1598 763 1732 834 (16),

147 853 257 905 τὸν
291 852 426 906 υἱὸν
465 853 576 921 τῆς
618 855 921 920 ἀπωλείας
976 854 1119 909 κατὰ
1172 854 1406 922 Παῦλον,
1454 856 1512 918 ὃς
1554 855 1629 908 ὅτ’
1669 854 1734 908 ἂν

149 945 283 1015 λέγῃ
304 946 366 996 τὺ
399 944 617 1014 ψεῦδος,
647 946 954 1001 διαϐάλλων
985 948 1076 1000 τὸν
1109 948 1347 1018 Χριστὸν
1370 949 1445 1010 ὼς
1469 948 1735 1011 ἀντίθεον,

149 1038 246 1088 καὶ
287 1038 480 1089 ἑαυτὸν
531 1038 797 1090 συνιστῶν
836 1039 909 1101 ὡς
943 1039 1075 1091 Θεὸν
1100 1079 1115 1102 ,
1153 1042 1217 1092 ὲκ
1249 1039 1356 1091 τῶν
1390 1040 1535 1092 ἰδίων
1564 1039 1736 1104 λαλεῖ,

147 1128 395 1196 ψεύστης
434 1127 530 1192 ὣν,
562 1129 820 1198 καθάπερ
858 1133 885 1182 6
913 1132 1099 1202 πατὴρ
1133 1130 1304 1185 αὐτοῦ
1345 1131 1373 1183 6
1405 1132 1673 1193 Σατανᾶς
1704 1130 1738 1201 ἢ

149 1219 244 1269 τὸν
277 1215 518 1282 Κάῖν,οὗ
541 1219 708 1274 τέκνα
729 1220 955 1284 δικαίως
973 1223 1102 1285 τοὺς
1137 1223 1423 1286 Ἰουδαίους
1453 1223 1738 1286 ἐκάλεσεν,

149 1312 472 1380 εἰρηκότας,
503 1314 656 1374 υἱοὺς
689 1310 829 1367 εἶναι
858 1313 953 1366 τοῦ
994 1315 1385 1385 Ἀϐραάμ-διὰ
1409 1315 1469 1366 τὸ
1496 1315 1741 1384 μιμητὰς

150 1403 492 1472 γεγενῆσθαι
523 1404 632 1458 τῶν
661 1404 757 1457 τοῦ
792 1407 932 1459 Κάῐν
963 1407 1184 1477 τρόπων
1206 1448 1220 1472 ,
1261 1406 1356 1458 τοῦ
1391 1407 1740 1476 ψευσαμένου

152 1491 256 1558 μὲν
285 1491 381 1543 τὸν
411 1492 564 1557 Θεὸν,
595 1493 748 1562 ἐντῷ
765 1497 939 1548 εἰπεῖν
956 1510 969 1524 ·
999 1495 1097 1563 Μὴ
1120 1496 1324 1564 φύλαξ
1343 1497 1449 1550 τοῦ
1471 1496 1744 1566 ἀδελφοῦ

143 1598 304 1647 μου;
325 1580 548 1651 πρώτου
569 1583 624 1636 δὲ
649 1585 845 1652 φθόνον
874 1586 969 1638 καὶ
989 1586 1148 1654 φόνον
1171 1588 1425 1651 τεκόντος
1447 1589 1503 1640 ὲν
1533 1588 1632 1641 ἀνθ
1642 1588 1747 1659 ρώ-

151 1689 282 1734 ποις
325 1673 468 1744 (17),
502 1675 753 1748 καθάπερ
788 1677 882 1730 καὶ
927 1679 955 1730 6
987 1678 1149 1731 τούτο
1186 1679 1370 1749 πατὴρ
1415 1682 1443 1732 6
1474 1680 1742 1742 Σατανᾶς.

827 1769 1084 1836 Ἀπορία.

1835 589 1913 632 ter
1941 580 2055 647 ejus
2086 579 2150 633 ⁸³.

2514 673 2740 728 Salutio.

1904 762 2017 818 Hoc
2042 764 2160 818 loco
2202 763 2476 819 diabolum
2540 775 2715 832 vocat,
2753 767 2836 821 vel
2883 769 3302 836 Antichristum,
3352 771 3420 838 lt-

1836 859 1965 912 lium
1997 860 2303 928 perditionis
2333 859 2400 924 ⁸⁸,
2432 875 2497 913 ex
2530 859 2730 926 Paulo;
2755 862 2847 931 qui
2895 865 3238 919 mendacium
3291 882 3417 920 cum

1837 951 2054 1016 dixerit,
2078 952 2416 1007 calumniam
2443 951 2718 1008 Christum
2755 965 2812 1010 ut
2841 954 2953 1011 Deo
3015 958 3328 1023 adversum,
3365 969 3422 1014 et

1838 1042 2187 1111 semetipsum
2213 1044 2606 1098 commendans
2627 1045 2782 1113 quasi
2807 1046 3076 1111 Deum,ex
3103 1049 3425 1118 propriislo-

1840 1132 2046 1200 quitur,
2098 1139 2284 1200 utpote
2314 1133 2570 1198 mendax,
2603 1134 2744 1188 sicut
2793 1143 2944 1204 pater
2976 1135 3095 1204 eius
3154 1135 3422 1205 Satanas;

1843 1222 1927 1276 vel
1955 1223 2206 1286 Cainum,
2237 1223 2394 1292 cujus
2426 1225 2708 1294 ﬁliosjure
2739 1227 2932 1281 merito
2953 1227 3171 1282 Judaeos
3235 1230 3425 1298 appel-

1843 1313 1992 1377 lavit,
2041 1329 2165 1367 cum
2203 1314 2470 1370 dixissent
2519 1332 2578 1370 se
2635 1333 2756 1372 esse
2787 1318 2924 1373 ﬁlios
2955 1320 3227 1385 Abrahze;
3279 1323 3427 1389 quod

1843 1417 2023 1456 mores
2046 1401 2202 1456 Caini
2242 1403 2605 1468 imitarentur,
2657 1407 2749 1475 qui
2780 1407 2848 1461 ad
2880 1407 3046 1462 Deum
3092 1410 3428 1464 mendaciter

1844 1493 2020 1547 dixit:
2055 1493 2199 1547 Num
2238 1506 2410 1548 custos
2449 1498 2634 1567 fratris
2682 1499 2784 1552 mei
2813 1516 2925 1552 sum
2957 1501 3001 1530 ⁸⁵
3023 1501 3046 1553 ?
3068 1501 3270 1572 quique
3313 1503 3428 1572 pri-

1845 1601 1967 1638 mus
1994 1586 2137 1640 inter
2164 1587 2415 1642 homines
2466 1589 2725 1644 invidiam
2763 1600 2820 1644 et
2852 1592 3208 1647 homicidium
3238 1595 3425 1661 edidit,

1845 1677 2300 1745 quemadmodum
2326 1688 2380 1732 et
2411 1680 2581 1748 ipsius
2614 1693 2766 1749 pater
2789 1680 3036 1739 Satanas.

2440 1769 2732 1839 Diﬁicultas
2755 1788 2844 1826 xx.

220 1856 383 1908 Διατί
421 1857 640 1920 Λουκᾶς
678 1859 837 1928 φησὶ,
885 1862 998 1923 τοῖς
1049 1861 1428 1932 ἑϐδομήκοντα
1462 1863 1743 1933 εἰρηκέναι

1921 1859 2098 1925 Quare
2127 1860 2301 1915 Lucas
2327 1861 2424 1927 ait,
2465 1864 2807 1935 septuaginta
2841 1864 2948 1919 illis
2991 1865 3194 1920 dixisse
3242 1866 3431 1921 Domi-

147 1947 244 1999 τὺν
281 1947 511 2017 Κύριον·
549 1949 703 2002 Ἰδοὺ
737 1950 852 2019 ἐγὼ
888 1951 1252 2006 ἀποστέλλω
1277 1951 1435 2022 ὑμᾶς
1481 1954 1559 2018 ὠς
1595 1955 1741 2022 πρό-

152 2040 305 2091 ϐατα
341 2039 415 2090 ἐν
457 2038 629 2108 μέσῳ
672 2043 898 2107 λύκων,
933 2044 1026 2096 καὶ
1064 2045 1132 2098 τά
1167 2046 1314 2116 ἑξῆς
1359 2045 1639 2108 Ματθαῖος
1687 2045 1743 2097 δὲ

150 2135 265 2194 τοῖς
300 2130 551 2198 δώδεκα;
592 2133 702 2186 Καὶ
741 2133 885 2198 τίνος
913 2137 1073 2206 χάριν
1123 2139 1150 2189 6
1185 2137 1401 2199 Λουκᾶς
1440 2135 1549 2190 τῶν
1599 2136 1745 2188 ἐϐδο-

155 2226 415 2295 μήκοντα
450 2227 727 2297 μέμνηται
759 2229 920 2298 μόνον
945 2247 960 2295 ;

847 2321 1061 2387 Λύσις.

229 2406 356 2460 Ὅτι
412 2408 676 2473 πολλάκις
719 2410 816 2482 τὴν
851 2411 1021 2481 αὐτὴν
1070 2412 1424 2468 διδασκαλίαν
1466 2413 1682 2480 ἐξέθετο
1721 2415 1749 2466 6

157 2499 391 2570 Κύριος,
437 2503 497 2554 οὐ
527 2502 703 2570 λόγων
737 2503 981 2573 ἀπορῶν,
1013 2505 1148 2559 ἀλλὰ
1177 2507 1305 2569 τοὺς
1348 2505 1623 2577 ἀκροατὰς
1655 2505 1747 2575 βε·-

155 2592 354 2647 6αιῶν.
401 2592 568 2645 Ὅθεν
606 2595 700 2646 καὶ
729 2597 841 2659 τοῖς
882 2596 949 2666 ιβ’
991 2597 1083 2649 καὶ
1134 2596 1248 2661 τοῖς
1300 2595 1340 2650 o'
1381 2599 1438 2649 ἐν
1467 2597 1747 2666 διαφόροις

159 2687 380 2754 καιροῖς
414 2684 482 2736 τὰ
509 2685 647 2739 αὐτὰ
675 2686 913 2750 ἐξέθετο.

814 2779 1079 2848 Ἀπορία.

228 2869 391 2932 Τίνος
422 2871 578 2940 χάριν
611 2873 774 2941 φησὶν
809 2875 837 2926 6
873 2873 1081 2942 Κύριος
1116 2874 1251 2943 πρὸς
1285 2873 1626 2943 Νικόδημον,
1667 2873 1748 2925 ὅτι

164 2962 380 3027 Οὐδεὶς
412 2964 782 3030 ἀναϐέϐηκεν
809 2967 897 3030 εὶς
934 2967 1042 3018 τὸν
1082 2966 1364 3032 οὐρανὸν,
1396 2969 1446 3019 εἰ
1481 2964 1568 3034 μὴ
1609 2969 1641 3018 ό
1681 2965 1748 3016 ἐν(

163 3052 270 3106 τοῦ
303 3055 566 3120 οὐρανοῦ
595 3057 877 3122 καταϐὰς,
905 3060 938 3110 ό
960 3057 1090 3123 Υἱὸς
1113 3057 1220 3110 τοῦ
1254 3056 1570 3124 ἀνθρώπου
1603 3058 1634 3108 ό
1666 3054 1753 3118 ὢν

1843 1968 2012 2006 num:
2059 1951 2190 2007 Ecce
2217 1970 2309 2024 ego
2341 1955 2490 2007 mitto
2518 1971 2606 2009 vos
2638 1957 2771 2010 sicut
2810 1973 2973 2028 agnos
3010 1958 3148 2010 inter
3179 1958 3327 2027 lupos
3364 1961 3429 2024 ⁸⁸,

1845 2055 2046 2114 etquae
2075 2056 2379 2114 sequuntur
2413 2063 2427 2099 :
2465 2045 2752 2102 Matthaeus
2781 2063 2910 2103 vero
2935 2048 3041 2104 illis
3085 2049 3374 2104 duodecim
3407 2051 3431 2104 ἲ

1846 2135 1915 2190 Et
1950 2151 2118 2205 quare
2141 2137 2288 2191 solus
2337 2137 2514 2193 Lucas
2541 2139 2877 2195 mentionem
2905 2140 3034 2195 facit
3090 2156 3280 2196 eorum
3344 2158 3430 2197 se-

1848 2229 2130 2300 ptuaginta
2158 2230 2200 2260 ⁸⁷
2228 2230 2251 2282 ?

2521 2321 2743 2378 Salutio.

1916 2411 2052 2476 Quia
2082 2427 2225 2482 sazpe
2261 2412 2522 2469 Dominus
2546 2416 2792 2471 eamdem
2817 2416 3121 2472 doctrinam
3182 2419 3430 2489 protulit,

1847 2518 1956 2556 non
1990 2504 2171 2573 inOpia
2197 2521 2533 2574 sermonum,
2570 2509 2665 2562 sed
2719 2516 2781 2562 ut
2815 2509 3091 2565 auditores
3141 2510 3433 2566 conﬁrma-

1849 2604 1952 2649 ret.
1982 2595 2326 2666 Quapropter
2353 2607 2405 2652 et
2435 2599 2722 2654 duodecim
2752 2610 2806 2656 et
2839 2603 3182 2676 septuaginta
3213 2619 3313 2675 per
3339 2619 3434 2660 va-

1851 2688 1928 2740 ria
1960 2696 2206 2758 tempora
2233 2691 2422 2746 eadem
2457 2693 2728 2761 exposuit.

2417 2785 2710 2854 Difﬁcultas
2747 2803 2834 2841 xx:
2847 2828 2860 2839 .
2907 2841 2914 2849 ,

1921 2876 2092 2946 Cujus
2109 2876 2184 2930 rei
2198 2892 2361 2932 causa
2378 2877 2445 2931 ad
2473 2877 2827 2932 Nicodemum
2851 2877 2927 2932 ait
2948 2876 3243 2945 Dominus;
3269 2879 3438 2935 Nemo

1851 2969 2087 3021 ascendit
2111 2969 2166 3021 in
2185 2968 2392 3033 caelum,
2408 2968 2509 3021 nisi
2524 2969 2610 3038 qui
2628 2970 2893 3023 descendit
2917 2971 2981 3024 de
2993 2970 3140 3037 cwlo,
3157 2969 3329 3027 Filius
3344 2972 3439 3025 ho-

1853 3059 2032 3124 minis,
2057 3062 2144 3128 qui
2166 3061 2312 3112 estin
2339 3060 2464 3114 caelo
2487 3061 2565 3113 ⁸θῖ
2588 3061 2646 3114 Si
2669 3062 2816 3116 enim
2838 3078 2936 3132 per
2959 3062 3154 3118 Filium
3197 3065 3438 3122 hominis

161 3146 234 3198 ἐν
270 3146 350 3210 τῷ
395 3147 667 3214 οἰιρανῷ;
702 3148 763 3200 Εἰ
811 3149 910 3217 μὲν
944 3148 1053 3220 γὰρ
1090 3148 1217 3200 Υξὸν
1260 3147 1550 3218 ἀνθρώπου
1578 3161 1742 3215 προσ-

1852 3148 2079 3222 intelligi
2105 3152 2298 3207 debeat
2329 3153 2566 3208 humana
2614 3163 2832 3219 natura,
2858 3157 2972 3226 ipsa
3030 3158 3098 3212 de
3137 3159 3277 3213 coelo
3327 3175 3434 3213 non

164 3238 288 3305 ήκει
323 3238 564 3290 νοεῖσθαι
599 3239 697 3308 τὴν
738 3238 1164 3309 ἀνθρωποτητα,
1215 3237 1356 3308 αὕτη
1407 3236 1467 3301 ἐξ
1509 3234 1743 3305 οὐρανοῦ

1849 3243 2167 3309 descendit;
2219 3245 2304 3298 sin
2367 3261 2497 3300 vero
2555 3257 2728 3301 totum
2780 3246 3019 3302 Verbum
3074 3248 3436 3312 incarnatum,

160 3328 224 3379 οὐ
255 3329 489 3399 κατέ6η’
525 3331 573 3382 si
624 3330 681 3382 δὲ
731 3329 853 3382 ὅλον
888 3331 979 3382 τὸν
1015 3329 1375 3399 σαρκωθέντα
1405 3329 1586 3397 λόγον,
1632 3328 1748 3391 πῶς

167 3421 334 3488 μήπω
389 3419 723 3489 ἀναληφθεὶς
770 3420 1153 3491 ἀναληφθῆναι
1181 3420 1263 3482 είς
1308 3418 1576 3490 οὐρανοὺς
1630 3417 1751 3470 ἐλέ-

165 3525 294 3575 γετο
315 3527 330 3574 ς

855 3605 899 3653 Λ
910 3583 1066 3666 date.

234 3695 340 3748 Τὸν
386 3694 696 3764 Νικόδημον
756 3695 821 3747 ὲκ
862 3695 961 3764 τῆς
1009 3693 1313 3763 Ἰουδαϊκῆς
1358 3692 1752 3762 ταπεινότητος

162 3791 238 3852 εἰς
270 3791 332 3842 τὸ
355 3790 467 3842 τῶν
498 3791 788 3860 δογμάτων
825 3790 957 3859 ὕψος
1001 3791 1302 3857 ἀναγαγεῖν
1325 3791 1352 3841 6
1381 3788 1589 3858 Κύριος
1627 3787 1751 3857 βου-

161 3881 413 3950 λόμενος,
462 3882 556 3933 καὶ
600 3882 731 3949 περὶ
771 3881 873 3950 τῆς
920 3881 1304 3952 πνευματικῆς
1332 3881 1750 3950 ὰναγεννήσεως

158 3973 353 4026 τοῦτον
385 3974 844 4042 μυσταγωγῆσαι,
875 3974 950 4036 ὼς
980 3969 1090 4026 εἶδε
1139 3974 1276 4042 πρὸς
1318 3973 1380 4026 τὸ
1431 3971 1565 4042 ὕψος
1615 3973 1749 4039 ἰλιγ-

160 4065 391 4132 -ίιῶντα,
426 4066 613 4135 φησίν·
649 4069 717 4120 Et
747 4065 818 4119 τὰ
836 4067 1069 4134 ἐπίγεια
1103 4063 1280 4120 εἷπον
1316 4066 1497 4137 ὑμῖν,
1536 4066 1634 4119 καί
1666 4066 1739 4119 οὐ

231 4243 275 4274 ⁸³
293 4241 455 4298 Joan.
479 4259 601 4302 vm,
631 4244 722 4298 44.

826 4244 871 4277 ⁸⁸
898 4243 942 4297 ll
967 4245 1162 4300 Thess.
1207 4261 1268 4307 ιι,
1300 4245 1352 4298 5.

186 4310 388 4367 'Joan.
418 4329 503 4376 ιιι,
537 4312 625 4369 12.
840 4331 846 4338 λ

1846 3349 2083 3404 quonam
2112 3335 2296 3398 modo,
2326 3335 2418 3404 qui
2475 3336 2718 3390 nondum
2772 3349 3084 3407 assumptus
3138 3337 3334 3403 fuerat,
3384 3338 3436 3391 in

1847 3425 2015 3479 caelos
2037 3418 2354 3493 assumptus
2383 3424 2716 3480 dicebatur?

2514 3603 2741 3660 Salutio.

1920 3697 2120 3752 Voleus
2147 3695 2411 3751 Dominus
2443 3694 2797 3751 Nicodemum
2830 3711 2894 3750 ex
2939 3696 3162 3752 Judaica
3214 3697 3439 3750 humili-

1849 3799 1958 3845 tate
1986 3790 2039 3844 iu
2071 3791 2384 3860 dogmatum
2424 3789 2812 3843 sublimitatem
2842 3791 3096 3850 evehere,
3134 3789 3294 3857 eique
3325 3805 3439 3860 my-

1846 3882 2070 3936 sterium
2099 3881 2309 3950 aperire
2363 3880 2658 3949 spiritualis
2719 3880 3165 3950 regenerationis,
3198 3887 3254 3933 ut
3301 3879 3438 3934 vidit

1845 3987 1970 4026 eum
1998 3971 2064 4024 ad
2090 3971 2432 4024 altitudinem
2470 3969 2622 4039 quasi
2652 3969 2915 4040 vertigine
2935 3970 3204 4032 laborare,
3239 3967 3323 4033 Si,
3349 3968 3435 4023 in.

1844 4062 1982 4134 quit,
2015 4071 2220 4116 terrena
2249 4061 2361 4116 dixi
2392 4061 2554 4125 vobis,
2594 4069 2641 4114 et
2675 4076 2775 4114 non
2818 4061 3029 4115 creditis
3052 4061 3117 4114 ⁸⁸.
3151 4061 3306 4117 Unde
3351 4077 3436 4116 as~

1455 4245 1500 4275 υδ
1530 4243 1669 4298 Gen.
1712 4256 1786 4306 tv,
1813 4240 1866 4294 9.
1944 4241 1989 4272 “
2019 4239 2150 4294 Luc.
2193 4253 2249 4304 x,
2282 4239 2334 4292 3.
2413 4239 2456 4269 "’
2489 4235 2676 4290 Matth.
2712 4253 2766 4302 x,
2799 4235 2885 4292 16.
2962 4237 3007 4269 ⁸⁸
3038 4235 3195 4291 Joan.
3230 4252 3315 4304 ιιι,
3347 4237 3436 4294 15.

1468 4426 1703 4483 νΑιιιλΕ
1747 4425 2156 4482 LECTIO'NES.

227 4517 257 4559 ἀ
286 4519 327 4588 f.
361 4519 537 4575 καλεῖ.

1690 4605 1920 4663 NOTAE.

232 4766 815 4835 (16)Ἀντίχριστον.
849 4761 1129 4833 Objicient
1178 4763 1371 4835 procul
1407 4762 1576 4817 dubio
1603 4777 1748 4835 non-
1782 4766 1826 4821 D
1854 4730 1979 4835 non;
2021 4761 2318 4835 substituat
2375 4762 2434 4835 ἓν
2486 4761 2598 4815 τῶν
2635 4761 2890 4831 κεράτων
2913 4764 2956 4835 27
3001 4783 3021 4815 ι
3073 4762 3258 4835 Aiunt
3285 4764 3434 4820 enim

158 4832 433 4896 nulli.'me
463 4832 792 4889 necessariis
841 4832 1314 4887 observationibus
1343 4832 1748 4902 praetermissis,

156 4919 415 4962 externas
447 4905 736 4974 minusque
778 4905 941 4958 utiles
987 4914 1143 4957 notas
1185 4900 1510 4974 procudere.
1563 4900 1749 4971 Neque

157 4979 374 5031 inﬁcias
413 4977 565 5039 iero;
620 4973 782 5044 spero
829 4985 1008 5028 tamen
1057 4975 1272 5028 veniam
1331 4973 1749 5044 impetraturum

155 5064 246 5102 me
275 5050 345 5101 ab
369 5061 527 5115 aequo
570 5042 799 5106 lectore.
820 5060 929 5113 quo
949 5060 1071 5097 cum
1096 5044 1286 5115 morbo
1316 5043 1535 5096 assiduo
1559 5042 1749 5097 conﬂi-

155 5128 335 5182 ctans,
380 5114 502 5172 cum
543 5133 654 5171 non
703 5116 910 5185 possim
957 5130 1095 5168 nova
1139 5114 1491 5184 investigare,
1531 5121 1748 5185 veteres

156 5188 662 5242 animadversiones
705 5183 867 5241 'velut
932 5185 1254 5253 protrudere
1321 5183 1615 5243 contendo,
1676 5199 1746 5237 ne

156 5257 413 5312 funditus
455 5267 643 5326 pereat
700 5255 1219 5326 quantuluscunquc
1261 5269 1417 5326 meus
1465 5254 1521 5307 in
1560 5253 1758 5326 litteris

156 5328 334 5381 labor.
365 5323 551 5396 Itaque
581 5323 747 5388 nunc,
777 5325 1087 5396 occasione,
1121 5323 1207 5378 vix
1242 5325 1552 5396 occasione.
1590 5323 1755 5396 Anti-

155 5397 376 5462 christi,
409 5393 613 5452 fuidum
637 5411 879 5452 errorem
903 5411 932 5450 e
962 5394 1166 5450 Catena
1195 5396 1249 5447 in
1278 5393 1516 5449 Marcum
1545 5394 1750 5459 tollam,

156 5483 280 5537 cap.
320 5469 408 5532 15,
459 5483 601 5523 vers.
651 5467 721 5520 20
765 5484 778 5522 :
810 5467 948 5520 Φασὶ
987 5467 1097 5535 γάρ
1136 5481 1283 5528 τινες
1309 5465 1439 5537 τρια
1469 5465 1752 5537 ἔτη-γενη-

158 5535 356 5590 σεσθαι
405 5539 903 5608 τὴνέπικράτειαν
952 5537 1050 5608 τοῦ
1111 5535 1647 5608 Ἀντιχρίστουηδιὰ
1689 5535 1751 5586 τὸ

159 5608 418 5679 εἰρῆσθαι
457 5605 535 5679 τῷ
567 5605 788 5678 Δανιὴλ,
833 5606 1150 5679 καιρὸν-καὶ
1179 5605 1419 5679 καιροὺς
1453 5605 1549 5679 κο)ἶ
1577 5609 1745 5679 ἥμισυ

158 5674 462 5750 κρατήσειν
506 5674 733 5750 ’καιροῦ
763 5679 824 5730 τὸ
871 5674 944 5730 ὲν
977 5676 1053 5750 τῷ
1095 5674 1350 5750 κεράτῲς
1395 5675 1431 5750 ὃ.
1467 5674 1622 5750 δηλοὶ⁹
1653 5674 1746 5727 τὸν

171 5696 194 5731 ιι
237 5695 462 5746 ατησειν
520 5696 715 5733 καιοου
763 5695 824 5730 το
871 5695 928 5730 εν
977 5695 1053 5747 τῳ
1095 5695 1350 5747 κερατῳ·
1395 5695 1424 5728 ο
1467 5695 1617 5745 οηΛοι
1653 5695 1745 5727 τον

171 5695 566 5818 ’Κντίχριστοψ
620 5737 929 5803 ’Μοιιειτυιῐι
991 5747 1244 5800 lectionis
1293 5745 1350 5799 τὸ
1415 5744 1598 5818 έν-τῴ
1652 5761 1745 5797 κε-

174 5764 355 5818 ’Λντιχ
399 5765 566 5803 ιστον.
629 5764 929 5803 Μοιιειτυιη
991 5764 1244 5800 iecuonis
1293 5764 1350 5799 το
1415 5764 1474 5796 εν
1521 5764 1598 5814 τῳ
1652 5764 1743 5797 κε-

158 5820 331 5888 ράτῳ.
366 5764 568 5874 ἵίετυιιι
624 5820 776 5874 nullo
809 5819 1030 5887 negotio
1065 5818 1355 5872 domabile.
1409 5814 1543 5881 Quis
1596 5817 1743 5869 enim

1854 4833 2074 4901 quidam
2098 4833 2338 4902 triennio
2359 4833 2679 4887 duraturam
2709 4834 3053 4902 tyrannidem
3085 4834 3433 4899 Antichristi;

1853 4903 2000 4974 quod
2040 4919 2069 4974 a
2098 4901 2328 4974 Daniele
2359 4904 2566 4974 dictum
2596 4904 2689 4966 sit,
2723 4901 2821 4972 per
2855 4914 3069 4973 tempus
3108 4914 3163 4958 et
3196 4915 3438 4974 tempora

1853 4984 1909 5028 et
1943 4973 2227 5028 dimidium
2259 4973 2519 5040 temporis
2542 4976 2949 5043 prsevaliturum
2977 4991 3144 5028 unum
3191 4990 3221 5028 e
3252 4973 3438 5029 torni-

1851 5044 2166 5166 bus,2i5llud
2229 5045 2373 5114 quod
2430 5044 2701 5113 signiﬁcat
2758 5044 3175 5098 Antichristum.
3226 5063 3245 5096 ι
3301 5043 3437 5098 Dan.

1853 5131 1956 5166 vn.
2067 5153 2081 5166 .

1853 5131 1956 5179 vn,
1989 5131 2081 5167 τε).

1923 5185 2036 5254 (17)
2055 5181 2423 5250 Ἀνθρώποις.
2439 5184 2691 5240 Ostendit
2708 5183 2839 5237 mihi
2859 5184 3150 5251 aliquando
3166 5185 3217 5237 in
3241 5199 3439 5254 magno

1853 5255 2035 5325 magni
2067 5254 2166 5307 viri
2185 5254 2464 5325 Glosﬁsario
2481 5255 2838 5308 charissimus
2859 5264 2914 5307 et
2935 5255 3270 5307 clarissimus
3299 5255 3438 5306 ami-

1851 5324 1960 5380 cus
1975 5325 2285 5394 communis
2311 5324 2452 5378 hanc
2483 5340 2671 5379 vocem
2703 5343 2715 5377 :
2771 5343 2790 5375 ι
2822 5325 3094 5394 AntOpius
3123 5326 3439 5393 Anonyrnus

1849 5395 2108 5450 Barensis
2150 5395 2206 5448 in
2255 5393 2462 5448 Chron.
2516 5410 2646 5449 ann.
2707 5394 2865 5450 1046.
2938 5393 3069 5448 »Ει
3122 5394 3441 5448 ceciderunt

1849 5466 2020 5520 Grieci
2063 5474 2140 5529 et,
2182 5466 2336 5519 multi
2366 5465 2595 5534 antopii,
2625 5475 2729 5520 etc.
2767 5485 2784 5516 ι
2841 5464 3142 5534 Expressit,
3190 5465 3244 5517 ni
3281 5464 3439 5517 fallor

1847 5534 2272 5606 vocemiGmc.
2335 5533 2650 5606 ἄνθρωποι,
2724 5535 2842 5606 viri.
2883 5553 2902 5584 ι
2968 5533 3221 5602 Dixitque
3277 5549 3438 5606 posse

1853 5607 2019 5661 etiam
2064 5605 2169 5675 legi
2209 5603 2726 5674 entapii,'tv16mot.
2759 5604 2870 5673 Ego
2902 5619 3034 5658 vero
3057 5646 3071 5667 ,
3103 5613 3159 5658 ut
3204 5603 3441 5658 varietas

1853 5676 2176 5745 opinionum
2212 5677 2467 5742 delectat,
2513 5675 2812 5731 retinebam
2852 5676 3074 5744 antopii,
3112 5677 3212 5729 hoc
3233 5682 3321 5728 est
3346 5675 3444 5728 αν-

1852 5747 2067 5800 τώπιοι.
