4142 6436
124 362 260 429 1413

799 481 1015 546 Λύσις.

191 568 763 641 Καταστοχασάμενος
794 570 1040 634 διάϐολος
1072 571 1173 641 τῆς
1211 571 1452 641 Χριστοῦ
1489 590 1700 644 παρου-

117 671 265 732 σίας,
283 667 475 737 ἦγειρε
498 664 606 736 πρὸ
621 663 804 732 ὀλίγου
831 665 930 734 τῆς
949 663 1117 716 αὑτοῦ
1137 664 1453 734 ἐπιδημίας,
1476 680 1703 718 στασια-

119 761 251 822 στάς
283 774 460 821 τινας,
491 757 620 820 τοὺς
669 757 802 827 περὶ
831 756 1040 810 Θευδᾶν
1075 759 1172 809 καὶ
1218 755 1444 820 Ἰούδαν,
1487 758 1702 819 ἑαυτοῖς

113 853 277 915 δόξαν
299 852 688 921 ἁρπάσαντας,
712 849 807 902 καὶ
833 850 961 912 τοὺς
995 849 1322 912 πεισθέντας
1353 849 1539 913 αὐτοῖς
1572 850 1703 902 ἀνα-

114 943 457 1004 στώσανταςο
493 944 542 994 oi
567 942 660 994 καὶ
693 940 1093 1009 διελύθησαν,
1130 941 1277 994 καθὰ
1310 941 1388 1012 τῷ
1416 940 1703 1011 Γαμαλιήλ

111 1036 358 1106 εἴρηται.
398 1033 624 1096 Τούτοις
664 1034 850 1085 τοίνυν
882 1032 970 1085 διὰ
1001 1032 1212 1086 τούτων
1256 1033 1579 1096 αἰνίττεται,
1607 1032 1703 1084 καὶ

112 1128 233 1180 ὅσοι
269 1125 478 1178 τούτων
529 1124 772 1195 ζηλωταὶ
803 1125 1115 1193 γεγόνασιν.
1152 1124 1435 1188 Μωυσέως
1481 1123 1583 1194 μέν
1619 1141 1702 1177 τοι

115 1217 208 1269 καὶ
240 1214 350 1269 τῶν
380 1215 701 1286 προφητῶν,
728 1214 1008 1284 ἤκουσαν
1037 1217 1107 1270 τὰ
1133 1215 1416 1284 πρόϐατα.
1492 1250 1500 1258 -

788 1312 1045 1378 Ἀπορία.

185 1403 350 1465 Τίνος
386 1403 548 1473 χάριν
583 1402 862 1465 Ματθαῖος
897 1402 996 1473 τὴν
1048 1402 1262 1473 μητέρα
1293 1403 1404 1456 τῶν
1437 1402 1572 1456 υἱῶν
1602 1403 1704 1455 Ζε-

112 1496 338 1550 ϐεδαίου
375 1496 602 1565 αἰτῆσαι
655 1496 754 1565 τὴν
788 1497 853 1547 ἐκ
895 1493 1089 1558 δεξιῶν
1123 1495 1397 1566 καθέδραν
1421 1496 1535 1559 τοῖς
1569 1494 1703 1556 υίοῖς

111 1589 206 1642 τὸν
245 1588 454 1658 Κύριον
485 1587 742 1657 ἱστόρησε
768 1602 784 1617 ⁸
836 1586 1064 1654 Μάρκος
1111 1586 1168 1638 δὲ
1205 1587 1305 1639 ούκ
1338 1586 1534 1655 αὐτὴν,
1567 1584 1704 1641 ἀλλὰ

113 1679 243 1743 τοὺς
277 1680 430 1741 υἱοὺς
463 1677 625 1732 τοῦτο
654 1677 882 1747 αἰτῆσαι
916 1677 1167 1744 ὲξέθετο;

803 1769 1018 1833 Λύσις.

1495 369 2016 440 QUIESTIONES.

3257 372 3395 439 1414

2489 484 2716 541 Salutio.

1876 574 2204 644 Conjectans
2251 575 2499 633 diabolus
2536 578 2830 634 adventum
2882 579 3106 647 Christi,
3140 584 3394 643 excitavit

1806 665 1967 730 [aulo
1990 676 2116 718 ante
2148 680 2309 733 quam
2331 667 2563 734 veniret,
2581 669 2872 724 seditiosos
2898 674 3185 741 quosdam,
3209 675 3362 730 Tbeu
3379 707 3391 716 -

1803 755 1926 807 dam
1978 765 2033 808 et
2085 755 2278 811 Judam
2325 772 2448 812 cum
2486 762 2832 830 sequacibus,
2887 765 2980 833 qui
3013 768 3238 836 gloriam
3289 769 3393 823 sibi

1804 842 2172 910 arripuerunt,
2202 846 2440 916 ipsisque
2486 849 2828 908 adhaarentes
2871 854 2938 909 ad
2973 857 3263 911 tumultum
3291 859 3393 912 im-

1804 932 2062 1002 pulerunt
2089 951 2103 999 ;
2133 936 2226 1004 qui
2261 945 2314 990 et
2338 939 2581 1008 dissipati
2600 956 2718 996 sunt
2740 945 2804 1009 τ’,
2835 957 2948 1001 uta
2983 946 3282 1003 Gamaliele
3309 951 3392 1004 di-

1804 1033 1951 1078 ctum
1983 1035 2084 1080 est.
2113 1025 2224 1082 Hos
2261 1027 2443 1098 itaque
2474 1047 2572 1100 per
2599 1033 2715 1088 hac
2764 1038 2927 1091 verba
2956 1039 3230 1110 designat,
3262 1043 3391 1096 reli-

1803 1131 2047 1186 quosque
2068 1120 2160 1188 qui
2188 1134 2284 1176 eos
2305 1124 2542 1179 aemulati
2567 1135 2712 1182 sunt.
2743 1127 2813 1183 At
2836 1127 3022 1186 Mosen
3067 1141 3122 1186 et
3148 1133 3389 1204 prophe-

1807 1216 1886 1264 tas
1911 1226 2025 1264 oves
2056 1213 2362 1267 audierunt.

2361 1303 2650 1373 Difﬁcultas
2685 1324 2834 1363 χειν.

1874 1390 2235 1456 Quamobrem
2268 1392 2556 1450 Matthzeus
2576 1399 2760 1454 retulit
2785 1410 3010 1455 matrem
3030 1402 3260 1456 ﬁliorum
3290 1402 3392 1455 Ze-

1803 1481 1975 1537 bedaai
2023 1485 2244 1551 petiisse
2293 1499 2321 1537 a
2349 1485 2578 1543 Domino
2607 1489 2734 1544 ﬁliis
2777 1494 2962 1546 sedem
2992 1509 3021 1546 a
3064 1494 3269 1547 dextris
3298 1494 3388 1559 3°;

1804 1571 2014 1625 Marcus
2039 1588 2168 1626 vero
2196 1588 2304 1628 non
2336 1574 2529 1645 ipsam,
2549 1579 2646 1633 sed
2689 1579 2829 1634 ﬁlios
2860 1581 2910 1636 id
2931 1584 3236 1651 postulasse
3263 1599 3390 1637 nar-

1806 1662 1945 1716 ravit
1967 1665 2008 1694 "
2040 1665 2064 1717 ί

2481 1761 2706 1817 Solatia.

185 1863 471 1925 Ματθαίος
493 1861 902 1932 λεπτομερεστέ
911 1877 1021 1931 ρως
1046 1858 1149 1931 τὴν
1167 1859 1283 1930 ἅμα
1310 1861 1421 1922 τοῖς
1447 1858 1584 1921 υἱοῖς
1604 1857 1701 1928 τῆς

1877 1845 2159 1908 Μειῑιιαιιιε
2187 1853 2360 1910 fusius
2387 1865 2443 1911 et
2474 1857 2720 1911 exactius
2750 1856 2938 1910 matris
2967 1873 3074 1910 una
3115 1873 3236 1911 cum
3267 1857 3391 1912 ﬁliis

119 1956 334 2025 μητρὸς
365 1951 669 2024 πρεσϐείαν
696 1952 929 2016 ἐξέθετο*
959 1952 1188 2021 Μάρκος
1236 1951 1292 2004 δὲ
1333 1949 1698 2022 βραχυλογίας

116 2050 265 2101 πάνυ
318 2045 723 2118 πεφροντικὼς,
760 2044 924 2115 μόνον
956 2045 1064 2099 τῶν
1095 2043 1229 2100 υἱῶν
1268 2044 1696 2115 ἐμνημόνευσεν·

115 2141 255 2211 ὅπερ
291 2140 668 2208 ὶναντιολογία
697 2140 797 2191 οὑκ
827 2138 973 2191 ἐστιν

787 2230 1051 2296 Ἀπορία.

191 2319 316 2382 Πῶς
356 2321 385 2372 ὁ
419 2320 640 2382 Λουκᾶς
678 2319 772 2372 τὸν
805 2317 1013 2389 Κύριον
1039 2318 1217 2370 εἰπεῖν
1268 2317 1382 2381 τοῖς
1424 2315 1703 2380 Ἰουδαίοις

119 2412 444 2482 ἐκθέμενος·
469 2413 553 2465 Οὐ
583 2410 668 2480 μή
696 2428 773 2480 με
818 2410 982 2478 ἴδητε
1007 2408 1226 2478 ἁπάρτι
1252 2409 1362 2475 ἕως
1383 2406 1460 2462 ἂν
1475 2409 1700 2476 ετπητε·

123 2503 554 2572 Εὐλογημένος
579 2505 612 2556 ό
649 2502 974 2570 ἐρχόμενος
1024 2501 1095 2553 ἐν
1143 2500 1389 2569 ὀνόματι
1446 2500 1700 2566 Κυρίου·

124 2596 494 2664 συγγενέσθαι
525 2598 639 2659 τοῖς
672 2595 973 2659 Ἰουδαίοις,
1005 2597 1321 2664 συμφαγεῖν
1340 2611 1401 2646 τε
1426 2592 1588 2646 αὐτὸν
1613 2592 1705 2645 καὶ

122 2689 479 2760 διαλεχθῆναι
527 2688 624 2741 καὶ
679 2687 1172 2758 θαυματουργῆσαι
1216 2687 1312 2739 ἐπὶ
1341 2686 1590 2738 πλεῖστον
1616 2685 1707 2750 εξ-

127 2776 315 2842 έθετο;
362 2777 487 2841 Πῶς
529 2777 586 2829 δὲ
619 2779 954 2844 ἀπαγγεῖλαι
1003 2777 1081 2847 τῷ
1128 2777 1344 2847 Ἡρώδῃ
1389 2778 1516 2838 τοὺς
1542 2777 1710 2846 Φαρι-

130 2871 319 2931 σαίους
351 2869 673 2930 ἐκέλευσεν,
719 2869 876 2923 Ἰδοὺ
923 2868 1036 2937 ἐγὼ
1091 2869 1365 2922 ἐκϐάλλω
1408 2868 1703 2936 δαιμόνια,

130 2959 228 3012 καὶ
273 2959 468 3023 ἰάσεις
497 2957 752 3012 ἐπιτελῶ
783 2958 1053 3028 σήμερον
1091 2959 1190 3012 καὶ
1235 2959 1466 3027 αὔριον,
1499 2958 1597 3011 καὶ
1632 2956 1708 3025 τῇ

129 3052 296 3118 τρίτῃ
332 3051 692 3119 τελειοῦμαι.
723 3050 860 3104 Μεθ’
899 3051 1115 3122 ἡμέρας
1147 3051 1255 3122 γὰρ
1292 3050 1566 3114 πλείονας,
1617 3050 1710 3102 τὸν

134 3144 371 3214 σταυρὸν
403 3144 690 3214 ὑπέμεινε.

817 3234 1026 3300 Λύσις.

203 3327 278 3380 Τὸ
312 3328 532 3399 πρῶτον
585 3328 813 3396 ἄπορον,
865 3327 1074 3396 ταύτην
1127 3325 1241 3394 εχει
1293 3324 1396 3394 τὴν
1450 3323 1624 3378 λύσιν⁸
1655 3324 1713 3374 ἐν

135 3419 399 3488 Γαλιλαίᾳ
431 3422 498 3490 τῇ
529 3419 636 3471 ὑπὸ
673 3418 922 3487 Ἡρώδην
953 3415 1206 3487 τελούσῃ,
1235 3415 1328 3469 τοῦ
1380 3415 1586 3486 Κυρίου
1631 3415 1713 3468 δι-

139 3513 365 3580 άγοντος
393 3513 489 3565 καὶ
521 3508 1088 3581 Θαυματουργοῦντος,
1118 3510 1166 3560 οἱ
1197 3506 1306 3560 τῶν
1337 3508 1516 3560 ἐκεῖσε
1547 3507 1714 3577 ⁴Ιναριμ

138 3606 331 3668 σαίων,
366 3605 417 3656 oi
445 3601 704 3672 φορτικὸν
739 3600 902 3654 αὐτὸν
939 3598 1028 3652 διὰ
1055 3597 1126 3650 τὰ
1156 3600 1360 3668 σημεῖα
1389 3597 1485 3650 καὶ
1514 3596 1612 3666 τὴν
1637 3595 1714 3648 δι-

135 3697 439 3751 δασκαλίαν
491 3694 599 3746 ὑπὸ
651 3692 850 3760 φθόνου
880 3690 1140 3761 ὁρῶντες,
1187 3689 1282 3742 καὶ
1333 3689 1414 3751 εἰς
1437 3688 1542 3758 τὴν
1586 3687 1717 3740 ἰουο

134 3789 293 3841 δαίαν
326 3787 518 3840 ἐλάσαι
546 3783 893 3845 σπεύδοντες,
925 3769 1111 3846 ελεγον
1132 3777 1303 3849 αὐτῷ,
1334 3778 1437 3844 ὅτι,
1463 3777 1716 3843 Ἔξελθε

134 3880 438 3940 ἐντεῦθεν,
473 3877 548 3931 δι’
575 3876 665 3929 ὅτι
700 3873 962 3943 Ἡρώδης
985 3873 1144 3928 θέλει
1173 3886 1248 3924 σε
1282 3870 1546 3925 ἀνελεῖν.
1573 3870 1714 3941 Πρὸς

136 3969 230 4034 οὓς
249 3973 277 4023 ὁ
310 3969 540 4038 Κύριος,
570 3966 754 4028 συνεὶς
787 3965 906 4035 μεθ’
928 3965 1048 4027 οἵας
1076 3963 1320 4025 διανοίας
1343 3961 1502 4016 τοῦτο
1529 3961 1716 4025 ελεγον

138 4061 308 4131 αὐτῷ,
361 4060 717 4130 ἀπεκρίνατο·
750 4056 1174 4124 Πορευθέντες,
1213 4055 1420 4108 εῖπατε
1449 4051 1524 4121 τῇ
1563 4051 1716 4106 ἀλώ-

138 4168 274 4206 πεκι
303 4153 518 4219 ταύτῃ,
557 4147 762 4220 δηλαδὴ
787 4149 863 4219 τῷ
903 4147 1138 4218 Ἡρώδῃ,
1169 4146 1244 4209 ὡς
1276 4142 1500 4214 δολερῷ,
1530 4144 1624 4198 καὶ
1648 4145 1716 4197 τὰ

139 4244 289 4314 ἑξῆς.
318 4244 394 4294 Τὸ
420 4239 514 4295 οὖν
559 4240 864 4294 Ἐκὸάλλω
895 4237 1194 4308 δαιμόνια,
1227 4237 1327 4289 καὶ
1365 4238 1556 4300 ιασεις
1587 4235 1714 4288 ἑπι-

140 4334 295 4388 τελῶ
320 4334 593 4402 σήμερον
637 4331 734 4384 καὶ
767 4331 994 4396 αὔριον,
1026 4330 1126 4391 τὰς
1171 4327 1387 4398 ἡμέρας
1422 4326 1573 4397 δηλοί
1616 4327 1715 4389 τὰς

140 4426 253 4488 δύο,
304 4428 364 4479 ἐν
397 4421 486 4487 αἷς
521 4426 639 4477 ἐκεῖ
667 4422 964 4492 διατρίϐων
1003 4419 1461 4490 ὲθαυματούργει·
1503 4417 1622 4488 μεθ’
1650 4418 1717 4481 ἃς

1739 3192 1786 3253 C

1807 1954 1997 2008 preces
2020 1949 2307 2015 exposuit;
2332 1949 2543 2004 Marcus
2585 1958 2788 2016 autem,
2819 1949 3263 2020 breviloquentia:
3304 1951 3393 2004 ad-

1809 2032 2029 2087 modum
2086 2039 2382 2106 studiosus,
2444 2041 2739 2096 liberorum
2795 2041 3060 2098 duntaxat
3103 2042 3387 2108 meminit;

1808 2119 1954 2186 quod
1976 2137 2085 2176 non
2117 2135 2195 2180 est
2219 2130 2525 2184 contrarius
2551 2146 2752 2185 sermo.

2376 2219 2670 2289 Diﬁicultas
2697 2238 2821 2277 xxv.

1879 2303 2125 2368 Quonam
2162 2321 2320 2376 pacto
2342 2325 2466 2364 cum
2500 2310 2674 2366 Lucas
2704 2314 3024 2382 prodiderit,
3059 2315 3258 2370 dixisse
3284 2314 3389 2368 Do-

1810 2394 2015 2450 minum
2041 2396 2242 2453 Judaeis
2266 2417 2279 2453 :
2315 2401 2435 2455 Non
2478 2420 2560 2457 me
2581 2405 2816 2458 videbitis
2846 2409 3038 2460 amodo
3058 2408 3220 2461 donec
3243 2408 3392 2461 dica-

1812 2486 1876 2538 tis
1902 2487 1947 2518 ⁸¹
1983 2504 1996 2540 :
2041 2488 2351 2546 Benedictus
2406 2495 2496 2563 qui
2542 2496 2676 2548 venit
2707 2497 2762 2548 in
2816 2499 3022 2550 nomine
3069 2498 3277 2552 Domini
3320 2499 3389 2566 ⁸³,

1811 2578 2060 2634 eumdem
2088 2596 2212 2635 cum
2243 2582 2443 2637 ludatis
2471 2594 2882 2640 conversantem
2901 2627 2914 2651 ,
2949 2599 3388 2656 convescentem,

1813 2669 2196 2737 disserentem,
2222 2682 2276 2727 et
2308 2675 2452 2744 apud
2485 2691 2581 2730 eos
2619 2677 2878 2751 miracula
2900 2679 3187 2735 facientem
3220 2681 3392 2750 pluri-

1813 2761 1915 2815 bus
1941 2762 2251 2818 desi‘ribat?
2285 2764 2567 2830 Quomodo
2595 2769 2779 2832 etiam,
2816 2768 3010 2823 llerodi
3045 2773 3205 2838 jussit
3239 2773 3393 2826 Pha-

1815 2855 2002 2908 risaaos
2029 2858 2373 2912 renuntiare:
2413 2860 2545 2913 Ecce
2569 2875 2668 2930 ego
2685 2861 2838 2928 ejicio
2873 2863 3155 2929 dwmonia,
3183 2876 3232 2919 et
3249 2870 3396 2921 sani-

1816 2954 1950 2999 tates
1976 2948 2186 3015 perﬁcio
2209 2949 2360 3003 hodie
2376 2961 2423 3004 et
2446 2967 2584 3014 cras,
2609 2961 2657 3004 et
2690 2953 2841 3005 tertia
2864 2955 2947 3006 die
2972 2971 3303 3011 consummor
3323 2961 3390 3015 ⁸⁵.

1817 3036 1945 3093 Post
1992 3041 2190 3096 multos
2237 3042 2383 3097 enim
2428 3044 2565 3107 dies,
2595 3044 2774 3098 crucis
2837 3045 3160 3114 supplicium
3202 3066 3396 3120 passus

1816 3143 1915 3186 εει.

2486 3212 2713 3285 Salutio.

1886 3317 2011 3374 Haec
2031 3318 2317 3374 dilIicultas
2333 3320 2487 3374 istam
2530 3322 2690 3377 habet
2722 3323 3084 3390 solutionem;
3127 3342 3252 3382 cum
3288 3327 3395 3381 Do-

1815 3407 1996 3461 minus
2021 3407 2241 3476 degeret
2265 3408 2320 3462 in
2346 3407 2580 3473 Galilaea,
2617 3427 2735 3480 quae
2766 3409 3239 3484 Herodisimperio
3269 3417 3396 3472 sub-

1810 3501 1955 3570 jecta
1988 3510 2122 3566 erat,
2160 3502 2341 3571 ibique
2385 3503 2646 3557 miracula
2699 3505 2904 3568 ederet,
2939 3506 3194 3563 Pharisaei
3252 3510 3397 3564 illius

1815 3591 2070 3661 regionis.
2099 3593 2190 3662 qui
2220 3609 2345 3647 eum
2395 3609 2504 3663 pra:
2543 3595 2742 3649 invidia
2793 3596 2896 3650 sibi
2937 3598 3237 3652 cernebant
3273 3614 3397 3655 esse

1815 3687 2101 3740 molestum
2136 3685 2207 3740 ob
2236 3686 2475 3757 prodigia
2508 3697 2564 3741 et
2589 3688 2913 3750 doctrinam,
2955 3689 3398 3760 festinabantque

1815 3777 1966 3832 illum
2011 3779 2064 3830 in
2098 3776 2342 3832 Iudaeam
2378 3778 2644 3848 ablegare,
2679 3780 2932 3834 dixerunt
2956 3781 3004 3834 ei
3033 3798 3047 3835 :
3096 3780 3200 3834 Exi
3253 3783 3391 3848 hinc,

1815 3869 2068 3937 quoniam
2096 3867 2324 3921 Herodes
2344 3869 2452 3921 vult
2486 3880 2534 3922 te
2563 3870 2852 3938 interﬁcere
2878 3871 2942 3924 ⁸⁸.
2969 3871 3180 3938 Quibus
3213 3871 3396 3928 Domi-

1817 3973 1942 4024 nus,
1967 3958 2059 4028 qui
2106 3958 2429 4030 intelligeret
2453 3976 2560 4028 quo
2617 3961 2798 4014 animo
2834 3962 2887 4015 id
2922 3962 2969 4015 ei
3019 3963 3283 4028 dicerent,
3308 3979 3396 4018 re-

1816 4051 2072 4120 spondit;
2102 4049 2202 4114 lte,
2236 4060 2284 4103 et
2309 4051 2464 4106 dicite
2484 4052 2630 4120 vulpi
2659 4052 2758 4117 illi,
2788 4052 2986 4107 Herodi
3016 4054 3241 4117 scilicet,
3276 4062 3396 4109 tan-

1817 4156 1980 4210 quam
2011 4140 2355 4197 fraudulento
2380 4159 2395 4209 ;
2419 4151 2474 4196 et
2518 4158 2637 4212 qua:
2664 4151 2982 4212 sequuntur.
3042 4142 3179 4198 Illud
3211 4143 3391 4216 igitur,

1819 4231 1993 4301 Ejicio
2049 4234 2330 4298 dwmonia,
2364 4242 2413 4287 et
2443 4235 2697 4287 sanitates
2727 4235 2940 4304 perﬁcio
2966 4235 3116 4288 hodie
3144 4245 3191 4288 et
3253 4253 3391 4294 cras.

1817 4324 1955 4378 duos
1981 4323 2101 4378 illos
2125 4324 2240 4378 dies
2269 4324 2492 4388 indicat,
2524 4325 2722 4393 quibus
2752 4325 2859 4380 illic
2892 4341 3253 4387 commorans,
3289 4328 3391 4380 nii-

1819 4415 2000 4469 racula
2029 4416 2230 4482 edidit;
2259 4425 2381 4485 post
2412 4431 2549 4485 quos
2578 4416 2744 4484 coepit
2772 4416 2875 4468 iter
2914 4430 3102 4469 versus
3141 4415 3394 4470 Hieroso-

137 4519 240 4586 τῆς
271 4518 366 4569 ἐπὶ
400 4516 468 4569 τὰ
512 4513 862 4585 Ἱεροσόλυμα
894 4511 1098 4584 ἤρξατο
1139 4510 1396 4580 πορείας,
1431 4511 1498 4580 τῇ
1533 4509 1710 4579 ἡμέρᾳ

1822 4507 1982 4577 lyma,
2012 4508 2100 4562 die
2125 4508 2380 4561 nimirum
2413 4507 2597 4570 tertio,
2626 4507 2680 4560 in
2711 4522 2820 4576 quo
2844 4514 2900 4561 et
2932 4520 2989 4559 se
3023 4507 3394 4562 consummari

137 4609 388 4678 δηλονότι
418 4612 483 4676 τῇ
518 4609 679 4678 τρίτῃ
707 4647 721 4670 ,
762 4610 819 4658 ἐν
913 4607 1011 4658 καὶ
1045 4602 1386 4657 τελειοῦσθαι
1421 4618 1608 4672 φησιν,
1645 4601 1720 4662 ὡς

139 4701 198 4751 ὲν
233 4699 375 4769 αὐτῇ
403 4698 790 4768 ἀπαρχόμενος
821 4699 920 4766 τῆς
943 4695 1065 4749 ὀδοῦ
1091 4695 1191 4764 τῆς
1216 4694 1280 4747 τὸ
1309 4695 1418 4747 πᾶν
1440 4693 1527 4746 διὰ
1556 4709 1722 4745 σταυ-

141 4786 238 4855 ροῦ
278 4789 338 4839 ἐν
379 4785 776 4858 Ἰεροσολύμοις
805 4783 1120 4853 τελειούσης
1153 4785 1476 4856 μυστήριον.
1525 4782 1600 4834 Τὸ
1641 4781 1718 4846 δὲ,

143 4880 227 4933 Οὐ
263 4880 351 4949 μή
384 4897 460 4948 με
490 4880 656 4946 ιδητε
684 4877 921 4946 ἀπάρτι,
961 4877 1098 4948 πρὸς
1131 4879 1257 4939 τοὺς
1300 4877 1594 4946 οἰκήτορας
1626 4875 1724 4927 Ἰε-

141 4972 433 5043 ρουσαλὴμ
459 4967 528 5041 ἦν
567 4971 880 5041 είρημὲνον,
914 4971 980 5040 ἦν
1016 4971 1073 5021 ἐν
1106 4971 1218 5030 τοῖς
1250 4966 1490 5038 πρώτοις
1521 4966 1718 5019 ὲταλά·

138 5081 291 5118 νισεν
312 5064 573 5134 εἰρηκώ;’
609 5060 1016 5130 Ἰερουσαλὴμ,
1059 5058 1480 5128 Ἰερουσαλὴμ,
1505 5060 1542 5126 ή
1573 5058 1720 5112 ἀπο-

138 5159 468 5212 κτείνουσα
497 5157 640 5222 τοὺς
673 5155 1005 5223 προφήτας,
1029 5154 1125 5206 καί
1151 5151 1552 5206 λιθοϐολοῦσα
1581 5150 1720 5216 τοὺς

137 5247 647 5318 ἀπεσταλμένους
699 5245 848 5315 πρὸς
900 5244 1200 5314 αὐτήνοῆ
1249 5261 1335 5306 τις
1384 5243 1570 5296 ἔκτοτε
1622 5243 1721 5312 οὐχ

1819 4598 2050 4652 aliirmat
2072 4599 2215 4668 quod
2242 4615 2308 4654 eo
2334 4599 2423 4653 die
2444 4599 2547 4654 iter
2571 4599 2849 4652 inchoaret
2886 4598 3029 4666 quod
3060 4612 3222 4650 omne
3280 4614 3395 4668 my-

1819 4691 2044 4745 sterium
2084 4691 2466 4762 Hierosolymis
2490 4707 2588 4762 per
2620 4706 2836 4745 crucem
2889 4699 3395 4743 consummaturum

1819 4791 1958 4838 erat.
1992 4782 2130 4837 Illud
2160 4797 2310 4849 vero,
2351 4783 2472 4838 Non
2504 4800 2584 4837 me
2613 4783 2850 4838 videbitis
2878 4781 3088 4845 amodo,
3120 4781 3188 4835 ad
3207 4778 3396 4834 Hiero-

1820 4875 2036 4945 solymaa
2065 4874 2270 4928 incolas
2310 4873 2514 4929 dictum
2573 4874 2881 4942 lnit,quam
2929 4880 3090 4926 antea
3141 4870 3396 4927 miseram

1821 4967 2153 5036 pradicavit,
2182 4967 2270 5022 his
2319 4967 2533 5021 verbis:
2560 4964 2872 5026 Jerusalem,
2928 4961 3255 5029 Jerusalem,
3284 4979 3400 5033 qua:

1821 5057 2012 5110 occidis
2036 5057 2315 5126 prophetas
2332 5065 2382 5109 et
2412 5056 2618 5124 lapidas
2639 5070 2723 5108 eos
2749 5055 2838 5124 qui
2868 5054 3146 5105 mittantur
3168 5053 3238 5105 ad
3259 5064 3309 5106 te
3330 5052 3397 5105 ".

1822 5147 1954 5215 Quae
2016 5149 2206 5203 abillo
2241 5158 2484 5217 tempore
2521 5162 2634 5201 non
2680 5146 2813 5200 vidit
2858 5142 3168 5208 Dominum,
3227 5143 3401 5197 donec

1822 5257 1949 5296 eum
1984 5243 2130 5312 pullo
2165 5241 2490 5295 insidentem
2524 5248 2579 5294 et
2607 5255 2636 5294 a
2665 5239 2818 5308 plebe
2851 5233 3141 5305 puerisque
3185 5234 3400 5304 hymnis

139 5341 358 5411 ἑώρακε
388 5341 480 5393 τὸν
507 5340 734 5409 Κύριον,
762 5337 922 5408 ἄχρις
949 5337 1044 5389 ἐπὶ
1073 5336 1253 5388 πώλου
1281 5335 1594 5405 καθήμενον
1627 5336 1710 5387 ml

1825 5334 2158 5388 celebratum
2185 5341 2496 5402 spectarunt
2528 5332 2594 5384 ⁸⁷.
2624 5329 2808 5383 Potest
2854 5341 3068 5396 quoque
3098 5328 3287 5380 amodo
3313 5325 3399 5378 in-

141 5432 487 5503 ὑμνούμενον
520 5431 684 5485 αὐτὸν
734 5431 839 5484 ὑπὸ
884 5430 981 5484 τοῦ
1030 5429 1188 5499 ὄχλου
1237 5427 1478 5481 καὶτῶν
1510 5426 1710 5480 παίδων

1826 5427 1990 5498 telligi
2021 5427 2088 5481 de
2119 5427 2266 5482 omni
2301 5437 2564 5496 tempore,
2609 5439 2775 5492 usque
2801 5423 2866 5474 ad
2892 5420 3035 5490 quod
3064 5419 3399 5474 Dominicam

140 5525 458 5580 ἐθεάσαντο.
499 5524 737 5578 Δυνατδν
765 5525 822 5577 δὲ
863 5525 924 5577 τὸ
951 5523 1169 5592 ἀπάρτι
1205 5520 1468 5593 νοηθῆναι
1507 5520 1602 5573 καὶ
1627 5521 1710 5572 ἐπὶ

1826 5517 2169 5586 passionem;
2201 5533 2375 5588 usque
2406 5518 2470 5570 ad
2510 5514 2652 5584 quod
2682 5512 2970 5566 Dominum
2996 5509 3175 5564 intuiti
3205 5507 3396 5572 Judaei,

210 5707 254 5736 τ’
277 5707 396 5758 Act.
417 5723 467 5768 ν,
498 5705 586 5760 5'7.
664 5704 709 5735 ⁸⁰
733 5702 919 5757 Matth.
944 5721 1034 5767 xx,
1064 5704 1153 5757 21.
1233 5703 1276 5735 ⁸¹
1313 5705 1552 5765 Marc.x,
1577 5705 1665 5758 57.
1743 5705 1788 5736 ⁸²
1809 5703 1940 5758 Luc.
1967 5718 2080 5764 xm.
2114 5700 2204 5755 35.
2279 5701 2327 5732 ⁸³
2357 5699 2544 5755 Matth.
2575 5713 2728 5764 mu,
2755 5696 2843 5752 39.
2919 5697 2962 5730 “
2998 5693 3130 5750 Luc.
3158 5709 3276 5757 xm,
3311 5693 3400 5747 5‘2.

136 5776 182 5809 ⁸⁸
214 5775 350 5830 ibid.
381 5777 468 5830 3i.
547 5777 591 5807 ⁸⁸
632 5774 762 5828 ibid.
808 5776 895 5829 5-1.
974 5775 1014 5805 ⁸⁷
1054 5774 1187 5828 Luc.
1221 5791 1332 5839 .ux,
1369 5775 1556 5828 Matth.
1592 5793 1701 5829 ut.
