4142 6436
135 409 257 476 Illi

127 619 216 669 tiri.
247 616 366 669 δνον
395 616 489 666 καὶ
520 614 696 666 πῶλον
721 610 875 664 εἶπεν
897 628 911 642 ⁸
941 611 1023 664 ὅτι
1052 611 1138 664 διά
1171 610 1266 662 τοῦ
1295 609 1476 662 πώλου
1505 609 1598 660 καὶ
1628 612 1692 677 τῇ

122 709 227 777 ὄνῳ
255 706 509 774 ἐκάθητο,
542 706 786 774 ἑπομένῃ
833 706 924 756 καὶ
965 702 1307 773 συνεργούσῃ
1344 701 1423 770 τῷ
1446 701 1542 754 τοῦ
1586 703 1695 752 Ku-

127 801 239 870 ρίου
267 799 528 867 ὀχήματι.
568 798 627 849 Εἰ
678 796 734 848 δέ
764 813 846 858 τις
871 796 1121 864 ἀποροίη,
1180 796 1321 855 τίνος
1355 793 1517 862 χάριν
1545 792 1696 844 Ματ-

121 892 274 948 Gaio;
299 892 395 958 μὲν
417 890 507 940 τὸν
544 887 830 956 προφήτην
851 883 1110 938 ἐκθέσθαι
1141 884 1304 952 φησιν
1336 883 1426 934 ἐπί
1458 881 1576 932 ὖνον
1603 882 1698 934 καὶ

121 982 301 1033 πῶλον
339 979 557 1035 καθίσαι
587 983 676 1035 τὸν
709 980 931 1049 Κύριον·
965 981 998 1048 ἡ
1019 979 1075 1030 δὲ
1097 979 1204 1030 τῶν
1232 981 1286 1031 0’
1323 981 1575 1040 Ἔκδοσις
1605 975 1697 1027 ἐπὶ

122 1074 302 1125 πῶλον
322 1073 444 1125 ὃνου
478 1071 700 1124 καθίσαι
750 1070 994 1139 περιέχει
1021 1084 1035 1097 ·
1063 1068 1221 1122 τοῦτο
1250 1068 1590 1138 μανθανέτω,
1623 1069 1699 1130 ὠς

120 1166 186 1233 τῇ
230 1162 494 1233 Ἐὕραῖκῇ
552 1159 767 1232 γλώττῃ
799 1158 1130 1230 κεχρημένοι
1180 1161 1229 1210 οἱ
1260 1156 1570 1221 ἀπόστολοι,
1598 1156 1696 1210 ἀτε

121 1257 221 1323 τῆς
257 1253 582 1321 Ἑλληνικῆς
612 1252 945 1321 εὐγλωττίας
974 1251 1212 1320 ἄπειροι,
1241 1251 1335 1304 καὶ
1367 1253 1467 1318 τῆς
1493 1249 1604 1302 τῶν
1639 1251 1694 1300 0'

116 1346 409 1407 ἐκδόσεως,
464 1344 659 1414 ῶσπερ
705 1347 825 1407 ταῖς
853 1343 1033 1396 αὐτῶν
1088 1343 1292 1412 βίϐλοις
1325 1341 1697 1411 ἀρχαιοτέροις

116 1435 454 1497 ἐκτεθεὶσαις
485 1436 790 1503 ἐνεφέρετο,
827 1433 968 1487 οὓτω
994 1435 1089 1497 τάς
1120 1433 1463 1504 προφητικάς
1488 1450 1697 1502 μαρτυο

119 1525 246 1598 ρίας
273 1524 547 1590 ἐξέθεντοδ
575 1526 670 1576 τοῦ
688 1525 1008 1594 Πνεύματος
1032 1524 1188 1577 τοῦτο
1219 1525 1696 1593 οίκονομήσαντος,

120 1620 207 1670 ἴνα
243 1617 318 1689 μὴ
345 1617 420 1679 ὡς
451 1619 516 1670 ἐκ
552 1617 892 1686 συνθήματος
946 1616 1160 1684 φανῶσι
1211 1615 1592 1681 συντάξαντες.
1640 1617 1701 1666 Ὀ

123 1714 311 1781 μέντοι
345 1709 523 1773 πῶλος
556 1711 622 1763 τά
679 1711 825 1778 ἔθνη,
879 1713 912 1781 ὴ
977 1711 1033 1763 δὲ
1067 1711 1258 1763 τούτου
1315 1711 1532 1781 μήτηρ,
1572 1710 1698 1771 τοὺς

136 1800 431 1864 Ἰουδαίους
458 1803 774 1856 αἰνίττεται.

777 1895 1037 1964 Ἀποριά.

206 1993 457 2049 ⁹Ανθότου
487 1991 765 2055 Ματθαῖος
801 1991 899 2062 μὲν
928 1991 1243 2062 αὐθημερὸν
1269 1992 1366 2061 τὴν
1399 1994 1570 2061 συκῆν
1606 1991 1698 2058 ξη-

122 2083 392 2153 ρανθῆναι
421 2082 725 2152 ἱστόρησεν,
778 2081 1004 2149 Μάρκος
1038 2080 1094 2133 δὲ
1137 2083 1206 2150 τῇ
1241 2079 1469 2150 αὖριον;
1511 2079 1701 2131 Ὡσαύ-

117 2192 227 2236 τως
263 2175 321 2227 δὲ
358 2175 453 2226 καὶ
497 2174 625 2234 τοὺς
678 2172 990 2236 πωλοῦντας
1025 2174 1115 2225 καὶ
1145 2172 1517 2243 ἀγοράζοντας
1542 2173 1601 2224 ἐν
1623 2170 1700 2241 τῷ

121 2265 275 2337 ἱερῷ,
306 2265 336 2318 ὁ
370 2265 467 2335 μὲν
496 2267 553 2317 ἐν
630 2266 812 2336 ἡμέρᾳ⁴
842 2255 1111 2336 τιζῗπὼλῳ
1143 2263 1414 2334 ἐκαθέσθη
1439 2265 1468 2315 ὁ
1496 2263 1700 2332 Κύριος

119 2357 384 2413 εἰσελθὼν
431 2360 512 2421 εἰς
542 2360 641 2428 τὴν
672 2359 847 2422 πόλιν,
878 2358 1208 2428 ἐκϐληθῆναι
1243 2358 1336 2411 ὑπ’
1365 2357 1530 2411 αὐτοῦ
1555 2360 1701 2410 ἱστο-

121 2451 246 2519 ρεῖο
283 2451 311 2502 ὁ
337 2447 396 2500 δὲ
421 2449 479 2500 ἐν
521 2451 585 2518 τῇ
617 2447 902 2518 ὑστεραίᾳ.
943 2449 1054 2501 Καὶ
1100 2449 1245 2511 τίνος
1271 2448 1435 2518 χάριν
1489 2447 1700 2518 καρπὸν

119 2539 187 2592 ἐκ
218 2537 318 2608 τῆς
344 2538 511 2606 συκῆς
532 2539 590 2590 ἐν
613 2538 672 2590 ού
698 2536 879 2608 καιρῷ
913 2537 1095 2608 ἐζήτει
1120 2556 1134 2571 ο
1166 2539 1200 2609 ἢ
1233 2538 1352 2603 πῶς
1377 2539 1699 2608 ἀγανακτή-

122 2643 242 2688 σας,
269 2627 354 2677 ὅτι
385 2625 460 2696 μὴ
485 2621 630 2695 εὗρε,
657 2626 864 2696 ταύτην
895 2627 1162 2696 ἐξήρανεν
1187 2645 1200 2693 ;

789 2719 998 2783 Λύσις.

203 2807 500 2879 Ἐκάτερος
549 2810 624 2870 ὡς
679 2809 736 2860 ἐν
768 2810 937 2862 ἅπασι
967 2810 1062 2862 καὶ
1108 2812 1164 2861 ἐν
1195 2811 1370 2881 τούτῳ
1408 2799 1700 2881 ηλήθειὶπε.

125 2905 358 2972 Πρωιας
385 2906 514 2974 γάρ,
547 2903 728 2966 καθώς
759 2921 920 2973 φησιν
950 2907 978 2956 ό
1022 2905 1437 2977 εὐαγγελιστής,
1478 2907 1702 2962 ἐπανά-

1487 400 1999 474 QU/ESTIONES.

128 525 263 579 κατά
315 524 374 576 τὸ
414 523 517 575 ὑπὸ
568 521 662 576 τοῦ
693 522 974 591 προφήτου
1038 518 1244 587 λεχθὲν,
1301 517 1689 587 ἐπιϐεϐηκέναι

1801 520 2106 574 ascendisse
2133 535 2296 590 super
2334 521 2541 575 asinam
2585 532 2640 575 et
2685 522 2896 590 pullum
2939 521 3075 575 dixit
3099 521 3185 584 ";

3232 407 3365 471 1418

3243 528 3368 590 quia

1801 625 1896 679 per
1933 611 2138 680 pullum
2180 611 2344 665 etiam
2375 612 2543 666 asina:
2573 613 2863 677 insidebat,
2899 613 3154 682 sequenti
3186 624 3242 667 et
3270 614 3369 667 ad-

1796 701 2005 768 juvanti
2037 701 2249 754 Domini
2278 712 2578 756 vecturam.
2610 702 2765 767 Quod
2787 704 2832 756 si
2858 703 2981 772 quis
3013 704 3370 760 dubitaverit.

1799 808 1966 861 quare
1996 793 2284 848 Matthazus
2311 795 2453 849 dicat
2492 795 2815 865 prophetam
2851 796 3153 849 declarasse
3188 796 3374 849 Domi-

1801 901 1930 938 num
1966 888 2172 941 sedisse
2212 901 2378 956 super
2414 887 2620 941 asinam
2652 897 2708 942 et
2737 887 2942 956 pullum
2968 887 3052 950 ·³;
3088 889 3255 942 editio
3286 905 3377 941 au-

1801 986 1910 1032 tem
1927 976 2067 1031 LXX
2090 994 2254 1046 super
2275 979 2479 1046 pullum
2495 979 2661 1033 asina:
2689 978 2897 1032 sedisse
2928 978 3206 1031 contineat
3231 997 3245 1043 ;
3273 980 3374 1032 hoc

1802 1068 1991 1130 discat,
2015 1070 2293 1137 apostolos
2317 1069 2577 1124 Ilebraica
2597 1070 2779 1139 lingua
2800 1083 2952 1129 usos,
2972 1079 3158 1137 utpote
3173 1068 3375 1123 Graeca:

1802 1160 2126 1226 eloquentiae
2157 1160 2396 1230 ignaros,
2429 1170 2593 1227 atque
2627 1174 2693 1213 ex
2725 1157 2866 1211 LXX
2899 1157 3373 1226 editione,quetn-—

1801 1252 2090 1306 admodum
2135 1252 2189 1304 in
2223 1266 2412 1304 eorum
2451 1249 2600 1304 libris
2640 1248 2918 1317 antiquius
2961 1249 3196 1303 exaratis
3231 1248 3376 1302 fere-

1802 1343 1998 1408 batur,
2055 1342 2133 1395 sic
2164 1342 2482 1411 prophetica
2517 1341 2826 1395 testimonia
2883 1341 3116 1402 eitasse;
3164 1339 3374 1409 Spiritu

1803 1436 1875 1489 ita
1913 1437 2284 1505 dispensante,
2311 1450 2378 1489 ne
2406 1444 2662 1503 tanquam
2688 1450 2754 1488 ex
2777 1433 3031 1488 condicto
3060 1433 3379 1488 viderentur

1801 1529 2170 1583 conscribere.
2207 1527 2479 1581 Caeterum
2515 1527 2696 1596 pullus
2721 1567 2736 1593 ,
2769 1534 2990 1597 gentes;
3045 1535 3222 1580 mater
3244 1541 3375 1581 vero

1803 1622 1966 1689 illius,
1991 1621 2204 1676 Iudaeos
2235 1621 2496 1690 designat.

2375 1889 2663 1959 Difﬁcultas
2692 1905 2835 1943 xxix.

1872 1984 1974 2038 Pro
2015 1997 2121 2052 qua
2161 1997 2219 2035 re
2258 1980 2544 2035 Matthaeus
2571 1980 2791 2048 quidem
2833 1978 2918 2032 tici
2959 1976 3212 2032 arborem
3211 1986 3376 2075 τέμι-

1804 2076 1899 2128 tim
1931 2074 2123 2128 eodem
2153 2072 2240 2126 die
2267 2071 2560 2126 arefactam
2587 2071 2632 2104 ”
2665 2070 2852 2134 refert,
2900 2068 3114 2123 Marcus
3135 2068 3378 2123 ver'o'die

1802 2167 2052 2237 sequenti
2076 2166 2098 2219 ?
2126 2163 2498 2220 Consimiliter
2526 2171 2581 2217 et
2612 2162 2910 2216 vendentes
2932 2171 3286 2231 ementesque
3324 2162 3377 2214 in

1804 2262 2007 2331 templo
2036 2261 2106 2324 ",
2139 2258 2227 2313 ille
2269 2257 2490 2327 quidem
2523 2257 2610 2311 die
2643 2272 2748 2325 qua
2780 2255 2927 2325 pullo
2953 2255 3168 2331 insedit]
3194 2254 3378 2309 Domi-

1802 2368 1906 2408 nus
1928 2353 2021 2450 ”in
2072 2353 2259 2406 urbem
2302 2349 2615 2421 ingrediens
2639 2350 2704 2414 ",
2739 2358 2926 2402 narrat
2969 2348 3037 2401 ab
3089 2363 3156 2402 eo
3211 2346 3380 2401 fuisse

1803 2441 2039 2517 eiectos;
2070 2445 2285 2500 Marcus
2333 2459 2464 2498 vero
2497 2444 2754 2512 postridie
2785 2443 2849 2497 ".
2892 2441 2958 2495 Et
2998 2457 3096 2496 cur
3143 2441 3378 2495 fructum

1802 2546 1952 2591 extra
1991 2545 2206 2605 tempus
2233 2550 2262 2588 a
2296 2533 2528 2588 ﬁculnea
2555 2533 2906 2602 requirebat;
2948 2541 3042 2586 aut
3082 2547 3190 2600 quo
3220 2539 3380 2600 pacto

1802 2629 1946 2697 quod
1977 2643 2088 2682 non
2115 2626 2409 2682 invenisset
2441 2625 2771 2696 indignatus,
2802 2624 3025 2679 arel'ecit
3047 2627 3214 2680 eam?

1994 2707 2007 2751 ί
2477 2715 2700 2770 Salutio.
3147 2780 3151 2787 _

1866 2812 2128 2881 Uterque,
2161 2810 2303 2864 sicut
2332 2811 2387 2864 in
2421 2809 2698 2874 omnibus,
2740 2810 2812 2863 ita
2845 2819 2900 2864 et
2921 2809 2972 2864 in
3006 2811 3108 2863 hoc
3142 2825 3268 2866 vere
3298 2813 3378 2866 lo-

1805 2914 1964 2959 cutus
1988 2912 2089 2957 est.
2122 2901 2284 2956 Hane
2313 2902 2459 2956 enim
2481 2939 2495 2963 ,
2557 2911 2619 2955 ut
2675 2901 2750 2955 ait
2785 2901 3123 2972 Evangelista
3147 2946 3160 2968 ,
3205 2920 3378 2958 rever—

120 3008 246 3060 νων
266 2993 366 3045 ἐπὶ
397 2993 510 3060 τὴν
529 2997 712 3046 πόλιν
739 2993 766 3044 ὁ
783 2994 1008 3063 Κύριος,
1035 2994 1318 3064 ἐπείνασε
1338 3011 1352 3025 ·
1390 2995 1489 3049 ea!
1510 2995 1696 3050 ἐλθὼν

1806 3006 1915 3050 ten:
1947 2998 2002 3049 in
2033 2996 2298 3049 civitatem
2347 2993 2644 3057 Dominus,
2693 2995 2908 3056 esuriit,
2956 3005 3006 3048 et
3060 2996 3265 3050 veniens
3311 3003 3379 3049 ad

121 3086 220 3140 ἐπὶ
245 3088 361 3153 τὴν
387 3084 623 3152 συκῆν-,⁸
673 3089 784 3154 οὐχ
814 3082 992 3152 εὗρεν
1023 3087 1178 3156 εἰμὴ
1226 3089 1432 3156 φύλλα
1491 3090 1700 3157 μόνον.

1805 3088 1996 3156 ﬁcum,
2054 3103 2155 3139 non
2203 3085 2398 3139 invenit
2446 3086 2548 3138 nisi
2576 3085 2704 3156 folia
2752 3095 2956 3138 tantum
2978 3086 3045 3138 “.
3081 3085 3217 3141 Cum
3253 3103 3380 3157 ergo

126 3175 376 3248 Εἰρηκὼς
400 3173 490 3230 οὖν
511 3193 526 3207 θ
556 3175 778 3242 Μηκέτι
807 3176 874 3229 ἐκ
909 3175 1021 3229 σοῦ
1048 3177 1275 3243 καρπὸς
1304 3177 1563 3246 γένηται,
1601 3195 1692 3232 πα-

1806 3180 2050 3243 dixisset,
2085 3178 2370 3249 Nunquam
2398 3195 2461 3231 ea:
2488 3188 2537 3231 te
2568 3179 2771 3246 fructus
2804 3188 3093 3240 nascatur,-
3117 3182 3380 3233 continuo

127 3271 391 3341 ραχρῆμα
413 3270 618 3338 ταύτην
669 3267 921 3339 ἐξήρανε.
956 3270 1054 3322 Διά
1085 3269 1140 3321 δέ
1175 3269 1236 3322 τὸ
1268 3270 1498 3339 μέγεθος
1521 3272 1615 3323 καὶ
1641 3271 1702 3322 τὸ

127 3362 273 3428 ξένον
307 3361 402 3415 τοῦ
433 3360 728 3431 θαύματος,
774 3362 839 3430 τῇ
887 3359 1152 3424 ἐπαύριον
1183 3361 1231 3413 οἱ
1293 3361 1535 3432 μαθηταὶ
1568 3363 1702 3415 ταύ-

126 3471 224 3522 την
248 3452 739 3513 κατοπτεύσαντες,
774 3451 858 3519 ἐφ’
896 3443 940 3516 ᾧ
968 3451 1496 3520 πολυπραγμονῆσαι
1526 3456 1573 3504 εί
1607 3455 1702 3506 καὶ

127 3545 185 3596 αι
209 3543 354 3613 ῥίζαι
374 3542 632 3604 ὡσαύτως
655 3543 730 3610 τῷ
759 3540 997 3610 στελέχει
1048 3542 1144 3593 καὶ
1179 3545 1290 3605 τοῖς
1315 3542 1528 3604 κλάδοις
1577 3544 1700 3612 ἐξητ

129 3635 426 3704 ράνθησαν,
461 3633 835 3702 ἐξεπλάγησαν
860 3635 924 3702 τῇ
949 3629 1244 3699 βεϐαιώσει
1270 3632 1360 3683 τοῦ
1401 3634 1698 3700 θαύματος.

140 3727 399 3796 Ἐξήρανε
428 3727 533 3795 γάρ
563 3724 767 3792 ταύτην
794 3726 821 3776 ὁ
851 3724 1072 3792 Κύριος,
1103 3725 1200 3794 τῆς
1253 3726 1383 3784 τδίας
1421 3725 1702 3792 δυνάμεως

125 3821 322 3886 πεῖραν
351 3819 461 3876 τοῖς
492 3817 759 3884 μαθηταῖς
786 3818 1225 3884 παρασχόμενος,
1262 3815 1351 3867 διὰ
1383 3817 1441 3868 τὸ
1469 3819 1700 3886 προσδο-

104 3928 373 3977 ιδιωμενον
425 3907 609 3969 πάθος.
685 3907 1000 3976 Ἐπειδηπερ
1051 3909 1107 3958 ἐν
1163 3909 1282 3968 ταῖς
1334 3912 1678 3976 εὐεργεσιαις

128 4001 476 4068 πολυτρόπως
508 3998 848 4066 τὴνόύναμιν
874 3997 1185 4060 ἐπεδείξατο
1246 4001 1339 4064 τῆς
1365 3998 1419 4049 δὲ
1452 4017 1665 4068 τιμωρη
1691 4034 1694 4038 -

133 4093 280 4160 τικής
297 4093 577 4158 δυνάμεως
609 4089 667 4140 ού
699 4090 1002 4158 παρέσχετο
1033 4093 1258 4157 πεῖραν
1294 4092 1357 4158 ἠν
1383 4094 1698 4156 ἀναγκαίως

127 4189 177 4233 ἐς,
206 4185 286 4253 τῷ
311 4184 502 4250 ἀψύχῳ
534 4182 627 4233 νῦν
687 4181 1017 4243 ἐπεδείξατο.
1053 4181 1191 4240 Τοὺς
1234 4181 1418 4249 μέντοι
1456 4182 1694 4233 πωλοῦν-

126 4295 220 4336 τας
252 4275 350 4327 καὶ
383 4273 770 4342 ἀγοράζοντας,
805 4274 862 4323 ὲν
889 4273 1008 4332 ταῖς
1038 4270 1132 4323 δύο
1159 4270 1409 4334 ἐξέϐαλεν
1440 4273 1695 4341 ἡμέραις,

121 4371 190 4438 τῇ
215 4385 274 4420 τε
300 4367 490 4437 πρώτῃ
522 4367 614 4419 καὶ
637 4367 700 4432 τῇ
739 4362 874 4432 μετὰ
907 4362 1028 4431 τὴν,
1061 4362 1154 4414 ἆτε
1199 4362 1275 4429 τῷ
1320 4366 1416 4432 τῆς
1447 4364 1697 4432 φιλοκερ-

122 4457 241 4520 δίας
267 4459 364 4510 καὶ
392 4457 694 4525 καπηλείας
725 4453 955 4515 ἀναιδῶς
987 4455 1341 4522 ἐγκειμένους
1378 4456 1662 4524 νοσήματι.

811 4545 1074 4612 Ἀπορία.

191 4645 318 4708 Πῶς
347 4641 623 4701 Ματθαῖος
653 4639 744 4690 καὶ
770 4637 993 4705 Μάρκος
1026 4637 1113 4688 τὸν
1160 4639 1546 4710 οἰκοδεσπότην
1597 4659 1698 4710 φη-

124 4737 212 4792 σὶν
242 4736 381 4806 (21),
403 4734 460 4795 ὃς
487 4733 580 4785 τὸν
607 4731 903 4801 ἀμπελῶνα
932 4729 1192 4796 ἐφύτευσε
1218 4771 1231 4793 ,
1284 4730 1510 4794 πολλοὺς
1562 4733 1696 4784 ἀπο..

192 4895 238 4927 ”
265 4892 436 4948 Zach.
471 4906 546 4954 Ix,
572 4889 625 4944 9.
702 4887 745 4920 ⁵³
771 4886 956 4940 Matth.
992 4901 1103 4948 ut,
1136 4885 1218 4940 19.
1297 4886 1342 4916 ’δ
1367 4887 1497 4941 ibid.
1523 4888 1574 4941 5.
1652 4891 1693 4921 "
1722 4888 1885 4943 Marc.
1941 4905 2012 4952 x1,
2049 4888 2141 4940 ‘20.

121 4966 166 4996 °‘
199 4965 390 5019 Matth.
438 4979 545 5023 xxi,
587 4959 671 5012 t8.

1807 3269 1952 3322 illam
1977 3268 2222 3322 arefecit.
2248 3267 2476 3336 Propter
2509 3267 2937 3337 magnitudinem
2972 3278 3150 3323 autem
3183 3280 3238 3323 et
3268 3276 3380 3323 lno-

1806 3362 2027 3416 vitalem
2055 3360 2323 3422 miraculi,
2357 3361 2596 3414 crastino
2623 3360 2710 3414 die
2743 3360 2992 3431 discipuli
3043 3340 3161 3417 eram
3207 3366 3382 3419 oculis

1804 3455 2120 3516 lustrantes,
2155 3459 2214 3505 ut
2244 3451 2534 3521 diligenter
2558 3452 2904 3520 explorarent
2929 3493 2943 3517 ,
2995 3469 3125 3507 num
3173 3458 3382 3511 radices

1805 3546 2008 3614 pariter
2039 3561 2161 3599 cum
2189 3556 2380 3597 trunco
2410 3552 2463 3596 et
2493 3540 2842 3598 rainis‘aridze
2868 3555 3072 3610 essent,
3116 3549 3378 3618 obstupe-

1804 3638 1926 3691 t'acti
1987 3647 2113 3690 sunt
2169 3636 2245 3688 rei
2301 3636 2449 3688 mira:
2501 3634 2930 3690 conﬁrmatione.
2974 3637 3145 3704 Ipsam
3180 3640 3379 3707 quippe

1805 3730 2028 3783 .trefecn
2055 3730 2337 3790 Dominus,
2371 3737 2426 3781 ut
2468 3746 2575 3782 sua:
2612 3729 2868 3796 potentiae
2900 3731 3174 3798 specimen
3210 3732 3373 3785 disci-t

1807 3823 1948 3888 pulis
1977 3823 2260 3875 exhiberet
2290 3863 2299 3885 ._
2346 3832 2567 3889 promer
2625 3822 2997 3875 imminentem
3042 3824 3376 3880 passionem.

1802 3915 2248 3982 Quandoquidem
2285 3914 2338 3966 in
2369 3913 2651 3966 beneﬁciis
2695 3915 2868 3966 modis
2900 3915 3060 3967 variis
3089 3916 3195 3968 vim
3225 3933 3376 3968 suam

1805 4016 2148 4060 exscruerat:
2181 4015 2234 4088 at.
2262 4005 2470 4058 ultricis
2504 4005 2718 4058 virtutis
2745 4005 3051 4072 exemplum
3078 4023 3181 4059 non
3213 4008 3375 4061 dede-

1804 4109 1884 4151 rat
1909 4139 1922 4160 ,
1975 4113 2135 4164 quam
2167 4097 2477 4148 necessario
2515 4097 2566 4146 in
2604 4109 2658 4147 re
2687 4094 2922 4166 inanima
2949 4112 3093 4149 nunc
3117 4099 3375 4149 ostendit.

1805 4189 2111 4242 ‘Vendentes
2136 4203 2296 4256 porro
2324 4197 2379 4240 et
2404 4197 2669 4248 ementes,
2695 4183 2906 4240 duolids
2929 4186 3122 4241 diebus
3152 4188 3375 4256 expulit,

1803 4285 1978 4351 primo
2003 4291 2058 4334 et
2083 4282 2342 4343 secundo,
2369 4290 2425 4334 ut
2453 4281 2693 4336 avaritia:
2725 4289 2777 4334 et
2809 4282 3223 4349 cauponationis
3251 4283 3376 4337 ab»

1803 4390 1905 4442 que
1938 4374 2144 4443 pudore
2174 4371 2363 4425 morbo
2390 4371 2635 4424 affectos.

2379 4549 2668 4619 Difﬁcultas
2693 4566 2816 4603 xxx.
2951 4548 2961 4574 '

1877 4627 2134 4707 Quiditxl?
2158 4641 2300 4711 quod
2329 4640 2611 4694 Matthieus
2640 4649 2693 4693 et
2726 4639 2938 4694 Marcus
2961 4639 3114 4695 aiunt
3143 4650 3378 4709 patrem-

1809 4733 2074 4796 familias,
2133 4732 2224 4801 qui
2279 4731 2492 4784 vineam
2552 4729 2857 4798 plantavit,
2916 4729 3116 4784 multos
3161 4729 3378 4784 misisse

2219 4889 2264 4916 -°'
2301 4885 2490 4939 Matth.
2537 4902 2625 4939 χχι
2656 4924 2669 4945 ,
2704 4885 2786 4939 l2.
2889 4887 2931 4917 ⁹²
2962 4885 3124 4939 Marc.
3160 4902 3250 4948 xi,
3290 4886 3377 4939 t5.

1634 5052 1865 5106 ΝΟΤᾹΞ.

119 5167 213 5217 pro
250 5166 333 5212 eo,
395 5160 448 5202 et
507 5145 806 5217 ascendens
859 5157 1020 5211 super
1068 5143 1422 5217 subjugalem,
1489 5155 1542 5199 et
1576 5145 1697 5217 pul-

123 5214 232 5272 lum
280 5220 571 5285 juvenem,
631 5214 932 5285 Mattheus,
987 5215 1424 5285 superasinam,
1471 5223 1525 5268 et
1575 5214 1696 5285 pul-

120 5288 230 5340 lum
265 5283 435 5340 tilium
462 5284 778 5354 subjugalis,
815 5289 986 5354 autut
1010 5283 1406 5354 iitquibttsdam
1430 5283 1694 5348 exempla-

117 5359 264 5412 ribus
291 5357 510 5410 habetur
532 5394 546 5418 ,
564 5351 787 5424 ‘pullum
818 5351 1111 5424 subjugalis
1135 5369 1149 5418 ;
1197 5352 1432 5407 Joannes
1460 5369 1578 5424 uero
1599 5370 1693 5424 po-g

125 5429 250 5489 suit,
289 5427 500 5479 Sedens
526 5423 676 5495 venit
709 5423 1114 5495 supe_r__pullum
1154 5425 1344 5495 asinae.
1372 5453 1440 5495 —_
1469 5423 1623 5495 Quod
1649 5423 1693 5475 si

118 5497 347 5565 insuper
370 5493 707 5549 consulueris
732 5490 910 5560 Cyrilli
931 5490 1394 5565 Commentarium
1414 5492 1470 5565 in
1492 5492 1695 5565 Zacha-

120 5563 285 5628 riam,
318 5581 495 5618 mutes
517 5567 678 5620 velim
704 5576 768 5614 ex
796 5575 958 5632 sensu
987 5564 1267 5632 εὐτεχνίαν
1296 5563 1351 5617 in
1375 5563 1689 5615 εύτεκνίανε

118 5650 244 5690 cum
304 5645 494 5689 contra
558 5631 862 5703 φιλοτεχνεῖ
917 5646 1016 5699 pro
1071 5631 1377 5703 φιλοτεχνεῖ
1427 5632 1693 5703 habeatur

118 5704 276 5759 initio
309 5704 526 5761 Catena:
572 5701 650 5758 ‘ad
688 5701 947 5762 Marcum,
991 5704 1042 5757 in
1085 5701 1364 5758 ’Encomio
1417 5701 1685 5771 Proc0pii,

1866 5144 1977 5212 (21)
2009 5143 2204 5209 Φησὶι·
2228 5159 2326 5210 pro
2353 5144 2536 5211 φασίν.
2565 5142 2720 5212 Saepe
2748 5143 2800 5196 in
2828 5144 2932 5198 hoc
2957 5151 3126 5207 tomo,
3162 5153 3218 5199 et
3250 5160 3377 5212 pas-

1794 5216 1894 5268 sim
1930 5215 2073 5282 apud
2111 5223 2363 5266 auctores
2386 5213 2660 5267 interdum
2692 5228 2757 5267 ex
2798 5213 3091 5276 idiotismo,
3129 5222 3189 5268 ut
3222 5214 3378 5268 vide-

1796 5295 1903 5347 tur,
1923 5283 2193 5337 interdum
2225 5293 2406 5336 errato
2433 5284 2800 5349 librariorum,
2820 5284 3053 5337 maxime
3079 5285 3149 5337 ob
3170 5285 3381 5338 brevia-

1796 5365 1904 5408 tatn
1953 5353 2331 5424 scriptionem.
2391 5352 2479 5405 Sic
2511 5354 2671 5424 apud
2701 5354 3024 5424 Gregorium
3064 5354 3374 5424 Nyssenum

1794 5426 2040 5478 oratione
2072 5424 2105 5478 8
2133 5423 2187 5477 in
2219 5422 2373 5476 Cant.
2406 5432 2550 5476 cant.
2583 5432 2622 5476 t.
2657 5423 2698 5481 1.
2725 5439 2779 5492 p.
2804 5422 2908 5478 59ιέ
2941 5425 3001 5476 C.
3047 5422 3180 5491 φησι
3211 5425 3399 5484 habet.

1794 5495 1964 5548 editio
1997 5535 2011 5557 ,
2045 5494 2179 5561 φασὶ
2209 5493 2378 5564 codex
2411 5493 2611 5564 Regius
2644 5493 2800 5564 I797.
2835 5492 2954 5564 Non
3005 5508 3139 5564 ergo,
3168 5503 3377 5548 temere

1795 5565 2162 5630 mutandum;
2199 5575 2257 5617 ut
2297 5563 2426 5618 fecit
2486 5562 2712 5616 Allatius
2777 5562 2833 5617 in
2900 5562 3374 5616 Notis—Eustathii

1793 5634 2165 5704 Hexaemeron
2181 5650 2235 5701 ιι.
2256 5633 2377 5696 153,
2398 5633 2477 5704 σε,
2499 5633 2618 5704 loco
2661 5631 3034 5704 Chrysostomi
3075 5632 3371 5704 adderem.

1795 5720 1927 5768 Xvir,
1976 5703 2060 5758 ll.
2107 5700 2328 5757 Catenae
2380 5700 2840 5764 Ghislerianae,'t.
2877 5701 2941 5766 ll,
2989 5715 3045 5769 p.
3074 5701 3198 5758 955.
3229 5700 3371 5754 Vide

119 5785 248 5828 ante
299 5776 480 5828 tinem.
525 5775 665 5830 Loca
701 5783 810 5825 non
834 5771 1049 5837 profero
1080 5813 1094 5838 ,
1131 5774 1256 5843 quia
1311 5773 1465 5842 plura
1508 5771 1688 5827 dicere
1788 5772 2047 5828 Catenam
2075 5772 2130 5826 in
2165 5773 2286 5837 Job,
2315 5788 2367 5843 p.
2400 5772 2522 5836 519,
2549 5771 2674 5836 ‘80,
2714 5775 2837 5827 111.

125 5853 210 5895 aut
247 5845 556 5899 describere
580 5845 747 5915 piget.

477 5937 750 5996 Parnm”
797 5939 911 6000 Gtt.
958 5935 1185 5998 XCIII.

2891 5924 2965 5987 ῖιὸ
