4142 6436
132 387 261 452 1421

1498 377 2014 452 ΟΠιἘΞΤΙΟΝΕΞ.

3257 373 3396 438 1422

125 498 182 549 ἐν
209 493 452 564 Βηθανίᾳ
481 491 675 564 μύρον,
701 491 796 546 καὶ
828 491 890 544 τδ
925 491 1211 559 σύμφωνον
1241 489 1340 558 τῆς
1379 487 1548 541 Ἰούδα
1575 505 1701 556 προ·
1731 529 1737 544 ι

1843 487 2024 541 itionis
2050 485 2233 553 Iudae;
2283 501 2345 541 ea
2393 500 2515 556 qure
2561 501 2658 556 per
2699 485 2842 541 illam
2875 492 3090 541 noctem
3120 484 3265 541 dicta
3309 487 3394 542 fa-

123 585 331 646 δοσίας,
361 581 431 635 τὰ
462 584 522 634 ὲν
550 585 617 653 τῇ
649 582 808 635 νυκτὶ
855 581 1116 652 λεχθέντα
1149 598 1208 633 τε
1245 579 1339 634 καὶ
1395 579 1714 649 πραχθέντα

1843 591 2011 649 :taquc
2036 588 2185 644 sunt,
2217 579 2272 632 in
2306 594 2410 648 qua
2441 578 2671 634 traditus
2699 587 2810 645 est,
2845 577 3122 634 memoria:
3145 577 3385 648 reliquit.

122 674 361 742 ἐξέθετο,
394 666 512 748 ὲνῇ
547 673 842 744 παρεδόθη.

787 766 843 820 Ἀ
853 765 1053 833 πορία.

196 859 322 922 Πῶς
354 857 634 922 Ματθαῖος
668 858 766 928 μὲν
798 858 961 912 αὑτὸν
987 857 1324 926 ὁμολογῆσαι
1377 856 1471 909 τὸν
1514 855 1716 909 Ἰούδαν

122 951 223 1021 τὴν
255 950 544 1020 προδοσίαν
580 949 818 1016 ἐξέθετο,
875 948 1132 1001 εἰπόντα·
1191 946 1286 1012 Μή
1324 963 1378 999 τι
1432 946 1548 1015 ἐγώ
1576 949 1715 1014 εἰμι,

136 1039 340 1093 Ῥαὸϐί
357 1055 376 1103 ;
421 1036 675 1106 Ἰωάννης
706 1036 787 1100 δὲ,
809 1037 943 1089 ὅτιὸ
970 1035 1207 1106 Χριστὸς
1235 1033 1297 1087 τὸ
1324 1033 1542 1105 ψωμίον
1570 1033 1719 1102 αὐτῷ

154 1133 379 1198 ἑδωκεν,
405 1133 479 1195 ὡς
503 1133 570 1202 τῇ
601 1131 866 1203 προδοσίᾳ
890 1132 1118 1200 σημεῖον
1139 1147 1154 1196 ;
1691 1145 1694 1148 ’

804 1222 1016 1287 Λύσις.

200 1315 325 1366 Ὅτι
360 1313 716 1384 πολυτρόπως
749 1313 1003 1376 ποικίλας
1034 1313 1136 1384 τὴν
1179 1312 1343 1366 αὐτοῦ
1372 1313 1722 1366 διδασκαλίαν

119 1407 150 1456 ὁ
186 1405 414 1476 Κύριος.
450 1406 546 1459 καὶ
574 1405 666 1458 τὸν
711 1405 934 1470 Ἰούδαν,
968 1405 1068 1474 οὐχ
1091 1403 1259 1469 ἅπαξ,
1287 1403 1409 1458 οὐδὲ
1443 1404 1548 1467 δὶς,
1584 1404 1722 1456 ἀλλά

120 1497 222 1549 καὶ
255 1496 536 1560 πολλάκις,
587 1497 716 1550 ποτὲ
773 1497 873 1566 μὲν
913 1497 1398 1567 συνεσκιασμένως
1455 1496 1720 1565 ἐλέγχων,

121 1588 261 1640 ποτὲ
281 1587 339 1640 δὲ
369 1587 788 1658 φανερωτέρως,
816 1587 1082 1641 ἀνέκοπτε
1111 1588 1210 1658 τῆς
1233 1587 1624 1656 ἐγχειρήσεως.
1644 1587 1724 1639 Ta

124 1681 231 1746 μὲν
267 1677 358 1732 οὖν
386 1681 580 1750 πρῶτα
603 1680 705 1749 τῆς
732 1681 791 1730 ἐν
819 1679 898 1748 τῷ
951 1681 1158 1749 δείπνῳ
1189 1679 1384 1745 τούτου
1416 1679 1576 1749 χάριν
1604 1678 1724 1730 δια-

119 1769 326 1832 λέξεως
360 1769 636 1833 Ματθαῖος
661 1771 880 1838 ἐξέθετο
905 1788 919 1802 ·
957 1772 1027 1826 τὰ
1049 1772 1105 1825 δὲ
1133 1771 1422 1826 τελευταῖα
1447 1769 1722 1840 Ἰωάννης,

119 1860 438 1932 ἀρξάμενος
471 1861 695 1914 ἀπὸτοῦ
722 1862 1007 1933 νιπτῆρος,
1051 1863 1145 1916 καὶ
1188 1861 1518 1934 παραλιπὼν
1559 1861 1628 1915 τά
1666 1865 1723 1916 ὲν

120 1955 204 2025 τῷ
231 1955 494 2023 Ματθαίῳ
520 1955 810 2025 εἰρημένα.
857 1953 1077 2024 Ἐπειδὴ
1108 1955 1444 2026 γέγραπται,
1492 1953 1636 2024 μετὰ
1665 1953 1726 2007 τὸ

119 2044 368 2114 ψωμίον,
400 2045 482 2107 είς
514 2044 607 2097 τὸν
663 2045 866 2099 Ἰούδαν
913 2044 1178 2098 εἰσελθεῖν
1208 2044 1298 2098 τὸν
1328 2044 1598 2107 Σατανᾶν,
1650 2041 1726 2114 μὴ

122 2134 487 2202 ξενισθῶμεν.
547 2135 622 2189 Οὐ
656 2134 764 2207 γάρ
825 2135 886 2187 τὸ
931 2135 1146 2205 ψωμίον
1194 2134 1344 2205 αὐτῷ
1368 2133 1559 2187 τούτου
1585 2151 1728 2206 παρ-

122 2224 307 2278 αίτιον
325 2239 338 2255 ο
367 2223 468 2294 ἤδη
502 2222 613 2293 γὰρ
665 2218 735 2294 ἦν
760 2222 1046 2294 βεϐληκὼς
1071 2225 1151 2288 είς
1183 2224 1282 2294 τὴν
1308 2223 1536 2294 καρδίαν
1559 2223 1725 2277 αὐτοῦ

125 2316 232 2385 τῆς
260 2315 548 2385 προδοσίας
573 2315 635 2368 τὸ
665 2314 922 2386 τόλμημα
942 2334 954 2348 ·
991 2316 1128 2370 άλλά
1149 2318 1268 2371 τότε
1297 2318 1433 2381 ὅλως
1455 2319 1535 2380 είς
1565 2318 1730 2372 αὑτὸν

125 2406 406 2478 ἐχώρησε,
466 2405 527 2459 τὸ
577 2407 947 2478 ἀμετανόητον
998 2407 1165 2461 αὐτοῦ
1222 2409 1334 2480 (29.)
1369 2409 1725 2479 θεασάμενος.

127 2501 251 2571 Πρὸ
282 2503 392 2568 γάρ
424 2499 617 2552 τούτου
667 2498 852 2570 ἠρέμα
874 2499 1051 2572 τούτῳ
1085 2501 1447 2570 προσέϐαλλε.
1507 2502 1581 2555 Τὸ
1612 2501 1730 2572 doto-

134 2593 260 2660 μίον
291 2591 473 2643 τοίνυν
506 2589 754 2661 σιδηρίου
809 2591 1060 2661 ίατρικοῦ
1095 2593 1251 2659 τάξιν
1281 2595 1521 2664 ἐπεῖχεν,
1568 2593 1602 2664 ἢ
1634 2595 1734 2663 ὲμ-

131 2685 415 2753 πλάστρου
445 2682 855 2753 ἐπιτιθεμένης,
897 2684 992 2735 καὶ
1048 2684 1504 2754 ὲκκαλυπτούσης
1535 2684 1602 2736 τὰ
1639 2701 1733 2736 κε-

133 2775 434 2846 κρυμμένα
482 2774 796 2844 τραύματα.

842 2865 1096 2932 Ἀπορία.

210 2958 368 3020 Τίνος
387 2957 546 3027 χάριν
575 2955 857 3020 Ματθαῖος
897 2957 995 3026 μὲν
1021 2959 1078 3008 ὲν
1105 2959 1171 3026 τῇ
1207 2955 1408 3026 πρώτῃ
1440 2956 1550 3009 τῶν
1580 2956 1738 3022 Ἀεύ-

140 3063 286 3115 μων,
312 3046 372 3096 τὸ
397 3046 610 3097 δεῖπνον
646 3046 867 3114 γεγονὸς
913 3046 1188 3099 ἐκτίθεται
1215 3062 1230 3077 ο
1261 3048 1309 3098 οἱ
1357 3046 1412 3098 δὲ
1455 3046 1607 3101 ἄλλοι
1638 3048 1737 3118 τὴν

136 3136 361 3206 ἡμέραν
389 3135 520 3188 αὐτὸ
576 3135 670 3188 τοῦ
698 3135 997 3189 Ἰουδαῖκοῦ
1029 3137 1221 3206 Πάσχα
1257 3129 1732 3209 ἐπιφημίζουσιν·

139 3230 401 3298 Ἰωάννης
420 3229 477 3281 δὲ
501 3229 607 3299 πρὸ
631 3229 732 3299 τῆς
756 3231 949 3300 ἑορτῆς
965 3231 1058 3282 τοῦ
1083 3231 1270 3298 Πάσχα
1293 3231 1454 3282 τοῦτο
1486 3231 1742 3296 γενέσθαι

144 3327 509 3390 μαρτύρεται.
555 3321 650 3374 τοῦ
684 3322 900 3390 ψωμίου
949 3323 1354 3392 μνημονεύσας,
1390 3325 1529 3396 ὅπερ
1569 3328 1598 3378 ὁ
1633 3327 1744 3378 K6-

144 3428 263 3482 ριος
281 3411 358 3480 τῷ
373 3412 544 3483 Ἰούδᾳ
567 3413 832 3478 ἐπέδωκε,
852 3413 942 3466 καὶ
961 3409 1082 3466 εἷπε
1106 3415 1240 3484 πρὸς
1257 3413 1386 3467 αὐτὸ
1407 3438 1435 3480 ι,
1450 3420 1519 3470 Ὃ
1533 3418 1734 3484 ποιεῖς,

145 3501 411 3568 ποίησον
434 3503 503 3554 ἐν
534 3502 699 3570 τάχει
721 3517 734 3530 ⁸
758 3504 853 3556 καὶ
885 3505 1142 3572 προσθεὶς
1159 3507 1239 3557 ὅτι
1267 3508 1426 3570 τινὲς
1456 3508 1734 3572 ἐδόκουν,

145 3593 243 3646 ἔτι
277 3594 436 3661 λέγει
469 3595 627 3660 αὐτῷ
674 3598 705 3648 ό
762 3597 1018 3675 Ἰησοιξᾳ
1057 3597 1388 3665 Ἀγόρασον
1416 3591 1504 3650 ὧν
1536 3605 1745 3666 χρείαν

147 3682 372 3751 ἔχομεν
397 3687 485 3748 είς
537 3683 652 3750 τὴν
688 3684 924 3752 ἑορτὴν,
971 3683 1007 3753 ἢ
1050 3686 1170 3749 τοῖς
1226 3687 1485 3754 πτωχοῖς
1537 3689 1636 3740 ἵνα
1690 3709 1742 3741 τι

148 3773 237 3839 δεῖ)
271 3792 290 3838 ;

865 3871 1074 3934 Λύσις.

226 3954 335 4026 Τὴν
370 3957 975 4027 τεσσαρεσκαιδεκάτην
1025 3959 1117 4010 τοῦ
1155 3961 1323 4029 μηνὸς
1375 3961 1469 4014 τοῦ
1503 3963 1744 4033 πρώτου,

154 4045 351 4115 Πάσχα
382 4045 614 4116 σύνηθες
641 4050 706 4117 τῇ
742 4048 933 4118 Γραφῇ
979 4050 1195 4100 καλεῖν·
1230 4050 1307 4114 ὼς
1351 4053 1409 4104 ὲν
1441 4053 1578 4124 αὐτῇ
1614 4055 1747 4108 ἀνα-

157 4133 326 4202 μέσον
357 4135 464 4186 τῶν
496 4135 820 4206 ἐσπερινῶν,
847 4137 940 4188 τοῦ
966 4138 1142 4205 ἀμνοῦ
1165 4139 1482 4209 ἐσθιομένου
1511 4145 1598 4195 ἐπ’
1619 4144 1747 4209 ἀζύο

158 4241 314 4292 μοις·
345 4227 444 4296 τὴν
482 4227 542 4280 δὲ.
596 4229 1092 4300 πεντεκαιδεκάτην
1145 4231 1380 4301 ἡμέραν,
1434 4235 1496 4286 οὗ
1536 4237 1746 4306 Πάσχα,

155 4315 277 4367 ἀλλ’
297 4317 491 4387 ἑορτὴν
527 4317 622 4370 τοῦ
657 4318 872 4388 Πάσχα,
908 4321 1078 4390 ἠγουν
1113 4321 1306 4392 ἑορτὴν
1349 4324 1620 4394 Ἀζύμων·
1655 4345 1751 4380 κα-

155 4405 270 4469 θώς
297 4425 431 4477 φησι
463 4410 728 4477 Μωυσῆς,
761 4411 864 4473 ὅτι,
893 4411 1000 4463 Ἔν
1024 4410 1103 4475 τῷ
1123 4413 1332 4481 πρώτῳ
1357 4415 1524 4483 μηνί,
1581 4416 1651 4484 τῇ
1680 4417 1749 4470 ιδ’

2347 751 2636 822 υἱῃῗευιιαε
2670 770 2867 809 xxxnl.

1879 842 1982 908 Qui
2017 843 2302 900 Matthaaus
2333 845 2510 914 ipsum
2557 846 2752 902 ludam
2807 846 2978 902 edixit
3023 849 3229 905 fassum
3273 866 3398 906 esse

1819 934 1886 988 dc
1950 936 2258 1003 proditione
2315 953 2410 992 sua
2445 979 2459 1003 ,
2519 938 2716 993 aiendo
2757 941 3058 1011 :Nunquid
3111 958 3207 1012 ego
3257 960 3396 1003 sum.

1821 1025 1988 1080 Rabbi
2013 1029 2072 1081 °?
2094 1026 2357 1094 Joannes,
2380 1028 2658 1084 Christum
2692 1028 2794 1098 ipsi
2824 1029 3042 1086 dedisse
3075 1031 3397 1096 buccellam,

1822 1128 1882 1173 ut
1919 1121 2217 1188 proditioni
2247 1123 2461 1193 signum
2496 1124 2538 1154 '°
2572 1125 2594 1177 ?

2533 1215 2762 1273 Salutio.

1895 1305 2162 1372 Quoniam
2216 1307 2447 1364 diversis
2500 1310 2678 1364 modis
2736 1326 3048 1380 proponens
3099 1310 3401 1365 doctrinam

1826 1415 1979 1453 suam
2009 1400 2292 1463 Dominus,
2339 1411 2394 1455 et
2426 1401 2622 1457 Judam
2675 1418 2786 1458 non
2826 1403 3018 1466 semel,
3073 1417 3251 1472 neque
3296 1403 3403 1466 his,

1827 1492 1920 1546 sed
1963 1507 2132 1562 saepe,
2167 1493 2440 1549 interdum
2468 1494 2737 1558 obscure,
2783 1495 2986 1550 clarius
3013 1495 3286 1550 interdum
3313 1511 3404 1548 ar-

1827 1600 2018 1654 guens,
2047 1585 2363 1640 retrahebat
2405 1586 2475 1640 ab
2501 1584 2758 1657 incmpto.
2805 1587 2990 1643 Priora
3020 1602 3149 1658 ergo
3175 1587 3260 1640 illa
3291 1601 3412 1642 ser-

1832 1677 2008 1731 monis
2046 1693 2164 1731 eam
2201 1679 2272 1732 oh
2319 1694 2433 1733 rem
2473 1678 2646 1734 habiti
2693 1679 2746 1733 in
2785 1695 2960 1740 omna,
3003 1679 3246 1734 narravit
3274 1677 3411 1733 Mat-

1831 1769 2040 1832 thazus;
2075 1777 2351 1836 postrema
2377 1766 2644 1831 Joannes,
2689 1770 2958 1840 incipiens
2977 1786 3008 1824 a
3035 1769 3326 1837 lavipedio,
3356 1778 3413 1823 et

1832 1859 2149 1928 relinquens
2181 1873 2269 1914 res
2301 1874 2332 1913 a
2354 1858 2607 1914 Matlhaeo
2653 1870 3002 1916 memoratas.
3039 1859 3195 1927 Quod
3227 1867 3412 1917 autem

1831 1949 2097 2018 scriptum
2137 1958 2240 2013 est,
2271 1958 2396 2018 post
2439 1949 2768 2015 buccellam,
2817 1949 2870 2002 in
2904 1949 3100 2004 Judam
3138 1949 3414 2004 introiisse

1834 2040 2112 2102 Satanam.
2147 2056 2215 2095 ne
2238 2041 2396 2096 nobis
2417 2041 2617 2096 mirum
2643 2041 2912 2096 videatur.
2945 2041 3063 2096 Non
3097 2041 3246 2096 enim
3275 2041 3413 2096 buc-

1833 2127 1970 2181 cclla
2022 2127 2074 2181 ei
2119 2129 2222 2182 hoc
2268 2128 2486 2194 eﬂecit;
2537 2131 2974 2200 quandoquidem
3014 2132 3126 2200 jam
3171 2131 3418 2186 diabolus

1835 2217 2137 2274 immiserat
2161 2218 2214 2273 in
2248 2235 2342 2275 cor
2389 2220 2510 2290 ejus
2553 2221 2770 2276 facinus
2817 2221 3181 2290 proditionis;
3226 2237 3417 2277 verum

1838 2319 1969 2366 tunc
1989 2313 2215 2368 omnino
2233 2313 2287 2367 in
2311 2330 2436 2368 eum
2458 2314 2671 2380 insiliit,
2693 2314 3130 2384 impmnitentem
3151 2329 3414 2379 cernens;

1837 2412 1997 2458 antea
2061 2404 2262 2475 quippe
2310 2405 2513 2460 sensim
2565 2406 2936 2460 adoriebatur.
2997 2406 3247 2462 Buccella
3289 2419 3422 2476 ergo

1839 2493 2020 2550 locum
2050 2497 2228 2551 tenuit
2251 2495 2567 2552 ferramenti
2603 2498 2967 2565 medicorum,
2999 2507 3092 2553 aut
3116 2497 3418 2567 emplastri,

1839 2588 1983 2657 quod
2014 2590 2428 2660 superponitur,
2460 2598 2516 2646 et
2554 2590 2767 2646 occulta
2800 2592 3024 2648 vulnera
3055 2591 3335 2660 patefacit.

2387 2857 2678 2928 Difﬁcultas
2704 2875 2891 2916 xxxrv.

1913 2949 2030 3016 Qua
2079 2952 2247 3021 gratia
2289 2951 2573 3008 Matthmus
2619 2955 2841 3023 quidem
2890 2955 3066 3025 prima
3099 2955 3425 3026 Azymorum

1842 3041 1932 3095 die
1967 3056 2181 3096 comam
2218 3043 2414 3098 factam
2467 3045 2665 3109 docet,
2699 3047 2788 3100 alii
2811 3063 2942 3102 vero
2977 3047 3121 3102 diem
3149 3049 3430 3104 celebrant

1847 3128 2056 3184 Pascha
2086 3131 2372 3186 Judaicum
2401 3133 2480 3200 ιι,
2523 3133 2764 3190 Joannes
2803 3146 2985 3191 autem
3029 3137 3078 3190 i-d
3125 3149 3251 3193 ante
3281 3139 3426 3194 diem

1847 3220 2047 3276 festum
2091 3223 2295 3280 Pascha
2335 3228 2584 3281 evenisse
2631 3229 2920 3295 perhibet,
2977 3231 3313 3286 mentionem
3347 3232 3427 3286 fa-

1847 3317 2000 3369 ciens
2022 3316 2304 3379 huccellre,
2340 3334 2502 3386 quam
2548 3319 2811 3374 Dominus
2839 3323 2992 3376 Judae
3016 3324 3276 3390 porrexit,
3303 3340 3426 3378 cum

1850 3405 1935 3458 his
1971 3406 2151 3460 verbis
2183 3425 2196 3461 :
2235 3406 2383 3472 Quod
2430 3410 2563 3480 facis
2585 3452 2598 3475 ,
2649 3412 2734 3480 fac
2767 3415 2909 3477 cito;
2940 3415 3253 3484 addensque
3283 3418 3428 3485 quod

1849 3498 2065 3565 quidam
2097 3501 2374 3564 pulabanl,
2425 3504 2565 3570 quod
2609 3504 2830 3556 dixisses
2876 3507 2920 3555 ei
2974 3505 3123 3559 Jcsus
3149 3523 3167 3559 :
3206 3505 3338 3559 Eme
3368 3525 3429 3560 ea

1848 3604 1963 3657 qua:
1986 3605 2114 3656 opus
2148 3600 2269 3642 sunt
2303 3593 2446 3643 nobis
2491 3597 2557 3644 ad
2594 3598 2728 3646 diem
2761 3601 2988 3665 festum;
3034 3609 3125 3650 am
3159 3602 3330 3667 egenis
3374 3606 3430 3650 ιιι

1849 3681 2053 3749 aliquid
2080 3681 2275 3734 daret?

2553 3865 2775 3921 Salutio.

1922 3956 2458 4027 Decimumquartum
2499 3958 2657 4027 primi
2685 3960 2892 4012 mensis
2927 3959 3072 4014 diem
3111 3961 3248 4014 soin
3285 3961 3434 4016 Scri-

1852 4061 2007 4116 ptura
2038 4049 2312 4118 appellare
2335 4049 2540 4104 Pascha
2568 4067 2583 4116 ;
2625 4051 2769 4120 quod
2810 4051 2861 4104 in
2907 4068 2974 4105 eo
3008 4053 3148 4106 inter
3177 4069 3434 4124 vesperas

1851 4157 2024 4210 agnus
2043 4142 2422 4196 cornederclur
2449 4157 2571 4195 cum
2614 4144 2815 4213 azymis
2841 4160 2854 4208 ;
2884 4144 3157 4197 decimum
3187 4145 3436 4214 quintum

1853 4244 2057 4296 autem,
2081 4249 2190 4287 non
2223 4232 2452 4292 Pascha.
2490 4234 2585 4288 sed
2618 4235 2816 4289 festum
2841 4235 3083 4301 Paschm,
3120 4253 3216 4290 seu
3237 4237 3436 4292 festum

1855 4329 2180 4395 Azymorum
2215 4345 2228 4392 ;
2268 4326 2410 4381 sicut
2463 4327 2540 4380 ait
2592 4327 2801 4397 Moyses
2847 4343 2859 4378 :
2908 4327 2972 4380 In
3019 4331 3190 4398 primo
3243 4346 3436 4395 mense,

1853 4418 2254 4483 quartadecima
2309 4419 2544 4477 mensis,
2588 4418 2727 4470 inter
2788 4419 3020 4472 medium
3079 4436 3437 4486 vesperarum,

155 4500 350 4568 ἡμέρᾳ
383 4499 491 4553 τοῦ
514 4503 731 4571 μηνὸς,
760 4503 1071 4573 ἀναμέσων
1098 4503 1218 4558 τῶν
1241 4507 1596 4576 ἐσπερινῶν,
1641 4513 1737 4563 Πα‹

1856 4503 2061 4559 Pascha
2091 4504 2337 4558 Domino.
2373 4504 2438 4558 Et
2469 4506 2524 4559 in
2568 4507 2961 4576 quintadecima
3017 4508 3100 4560 die
3134 4508 3441 4563 solemnilaa

155 4609 287 4658 σχα
321 4590 399 4656 τῷ
439 4596 650 4661 Κυρίῳ.
687 4594 796 4648 Καὶ
827 4595 895 4647 ἐν
940 4595 1015 4663 τῇ
1038 4599 1545 4668 πεντεκαιδεκάτῃ
1567 4602 1746 4672 ἑορτὴ

173 4681 436 4752 Ἀζτόμων
457 4683 538 4750 τῷ
567 4688 781 4751 Κυρίῳ.
840 4688 951 4758 [Iph
978 4685 1071 4741 οὖν
1105 4689 1310 4758 ταύτης
1342 4693 1408 4762 τῇ
1472 4691 1535 4744 ιδ’
1586 4693 1749 4763 ὀψίας

159 4774 268 4846 ἤδη
307 4775 478 4846 οὔσης
525 4777 922 4848 συνδειπνήσας
951 4781 1062 4843 τοῖς
1103 4781 1381 4851 μαθηταῖς
1427 4783 1489 4838 τὸ
1517 4786 1748 4840 τυπικδν

158 4866 356 4935 Πάσχα
393 4869 421 4919 ὁ
443 4866 665 4936 Κύριος,
715 4868 836 4921 τότε
865 4871 960 4921 καὶ
1011 4871 1073 4923 τὸ
1107 4873 1366 4940 μυστικὸν
1398 4877 1579 4937 αὐτοῖς
1614 4895 1748 4948 παρ‹
1784 4878 1790 4885 ’

161 4955 333 5009 έδωκε
353 4958 557 5028 Πάσχα
579 4974 594 4988 ·
621 4958 877 5029 οὐδαμῶς
909 4959 964 5012 δὲ
999 4961 1304 5017 ἐκωλύοντο
1354 4967 1418 5018 ὲκ
1441 4967 1535 5021 τοῦ
1583 4968 1746 5037 νόμου

157 5043 234 5095 τά
264 5045 401 5115 πρὸς
422 5044 652 5116 τροφὴν,
680 5045 713 5116 ἢ
738 5046 938 5098 πωλεῖν
964 5047 998 5117 ἦ
1047 5049 1360 5120 ἀγοράζειν,
1391 5051 1423 5122 ἢ
1449 5053 1748 5122 ἐλεημοσύ-

157 5151 262 5202 νην
300 5137 565 5207 παρέχειν
588 5152 603 5166 '
633 5136 721 5191 διὰ
749 5137 812 5190 τὸ
838 5139 1092 5208 εἰρῆσθαι
1121 5157 1135 5170 ·
1163 5140 1322 5195 Ὅσα
1354 5143 1745 5210 ﬂammicam:

235 5315 257 5344 ’
293 5313 483 5368 Matth.
517 5314 776 5374 xxv1.25.
857 5316 900 5346 ¹⁹
924 5314 1086 5370 Joan.
1115 5333 1232 5375 xm.
1267 5317 1358 5370 26.
1440 5320 1479 5350 “

163 5384 219 5446 l,
244 5383 334 5448 27,
370 5384 456 5439 29.
537 5386 580 5416 ’³
604 5385 782 5440 Levit.
815 5401 970 5451 mu,
1003 5388 1056 5452 5,
1089 5387 1144 5441 6.
1223 5391 1267 5423 ιδ
1299 5387 1467 5443 Exod.
1493 5405 1587 5454 xu,
1617 5392 1702 5444 16.

243 5570 356 5642 (22)
388 5571 456 5625 Τὸ
485 5573 893 5642 ἀμετανόητον
918 5571 1123 5627 αὐτοῦ.
1147 5571 1297 5642 Idem
1328 5570 1489 5626 tradit
1509 5569 1746 5626 Severus

160 5640 544 5700 AntiOchenus
566 5644 631 5698 ad
652 5643 880 5697 Joannis
904 5641 1294 5706 testimonium,
1321 5642 1499 5696 verbis
1525 5643 1596 5696 ob
1619 5657 1744 5710 par-

165 5712 765 5780 vamrdepravationem
797 5713 1129 5768 adducendis
1158 5729 1170 5765 :
1200 5713 1287 5764 ὅτε
1316 5712 1372 5762 δὲ
1397 5713 1612 5765 πάντων
1638 5712 1744 5763 τῶν

158 5779 495 5854 ὀφειλόντων
518 5783 688 5838 αὑτοῦ
717 5785 778 5836 τὸ
805 5785 976 5846 πάθος
1021 5783 1213 5835 σϐέσαι
1249 5782 1560 5849 γενομένων
1595 5781 1746 5852 παρά

1858 4597 2178 4665 ιὶιτῃηιονωη
2209 4596 2437 4650 Domino
2465 4597 2530 4650 ¹³.
2564 4601 2703 4651 Ante
2729 4613 2859 4668 ergo
2891 4598 3041 4652 illum
3071 4598 3216 4652 diem
3241 4640 3256 4664 ,
3297 4599 3443 4654 deci-

1857 4701 2161 4757 maquar:a,
2198 4705 2322 4742 cum
2363 4704 2486 4743 sero
2511 4689 2622 4759 jam
2653 4702 2818 4753 esset,
2848 4705 3004 4745 caena
3043 4706 3166 4746 cum
3193 4691 3440 4761 discipu-

1856 4777 1923 4831 lis
1970 4775 2111 4831 facta
2153 4776 2438 4832 Paschatis
2468 4777 2650 4848 typici,
2693 4787 2822 4834 tunc
2853 4779 3122 4840 Dominus,
3150 4780 3440 4849 mysticum

1854 4885 2073 4940 quoque
2095 4870 2228 4941 ipsis
2253 4869 2475 4924 tradidit
2502 4870 2732 4924 Pascha.
2757 4871 2802 4924 N
2810 4871 3082 4926 ullatenus
3104 4881 3288 4926 autem
3309 4884 3441 4941 pro—

1857 4963 2191 5019 hibebantur
2224 4978 2322 5032 per
2359 4961 2558 5033 Legem
2579 5003 2594 5027 ,
2625 4963 2756 5032 quin
2813 4963 2968 5016 cibos
3001 4962 3306 5017 venderent
3341 4971 3442 5017 aut

1855 5062 2125 5116 emerent,
2157 5054 2242 5108 vel
2274 5053 2470 5108 darent
2493 5055 2897 5124 eleemosynam
2931 5095 2946 5116 ,
2978 5062 3272 5124 propterea
3298 5054 3443 5123 quod

1853 5148 2059 5201 dictum
2094 5156 2178 5200 cst
2201 5162 2213 5196 :
2235 5144 2362 5210 Qua!
2385 5146 2508 5214 ﬁent
2537 5147 2752 5210 animm,
2782 5146 2878 5199 illa
2903 5146 3028 5213 ﬁent
3059 5146 3203 5201 vobis
3222 5144 3444 5211 “.Quo—

1549 5319 1737 5373 Matth.
1771 5337 1918 5384 sxw,
1958 5324 2052 5384 l7;
2082 5319 2244 5375 ηενρ.
2282 5339 2392 5379 xw.
2433 5322 2533 5386 1‘2;
2571 5322 2702 5375 Luc.
2744 5338 2878 5387 χχιι,
2919 5323 2968 5375 7.
3052 5325 3093 5352 ¹¹
3124 5321 3282 5376 Joan.
3311 5338 3443 5388 XIII,

1705 5479 1939 5535 ΝΟΤᾹί.

1852 5571 1948 5626 τοῦ
1987 5572 2258 5648 ΣΑωτῆρος,
2293 5573 2540 5648 κρεῖττον
2568 5573 2710 5648 (sine
2731 5574 2915 5648 dubio_
2935 5575 3234 5648 scripserat"
3259 5574 3447 5643 κρείτυ

1844 5648 1983 5706 των)
2016 5640 2342 5713 θεραπείας
2366 5640 2602 5707 ἐγένετο.
2645 5643 2828 5697 Verum
2862 5645 2948 5697 ubi
2976 5685 2992 5708 ,
3042 5640 3441 5713 omnibusque?

1856 5713 2053 5766 malum
2088 5711 2202 5780 ejus
2246 5711 2398 5767 Iuda:
2439 5713 2767 5780 exstinguere
2799 5731 2864 5767 ac
2906 5715 3094 5768 sedare
3127 5711 3436 5781 debuerunt,

1857 5800 1888 5836 a
1923 5781 2202 5836 Salvatore
2232 5781 2498 5845 adhibitis,
2526 5783 2783 5837 medicina
2814 5784 3055 5853 superior
3085 5783 3304 5838 exstitit.
