4142 6436
167 397 304 470 1437

1524 396 2038 471 ΟΠΑΞΞΤΙΟΝΕΞ·

3261 386 3398 452 1Δ38

156 510 449 582 κλαιούσῃ,
484 510 580 563 καὶ
633 509 781 565 ενδον
807 506 1079 581 βλεπούσῃ
1120 524 1195 578 φα
1210 507 1380 571 θέντες
1407 508 1455 561 οί
1489 506 1731 575 ἄγγελοι,

1836 519 2017 563 rentes
2046 505 2247 577 angeli,
2279 504 2582 561 eﬂeeerunt
2602 512 2665 558 ut
2700 501 2862 557 Maria
2916 499 3110 554 iterum
3136 504 3282 551 retro
3301 509 3397 550 ει-

157 604 302 673 πρὸς
355 602 448 654 τὸν
498 601 763 671 ὁραθέντα
805 601 988 662 αὐτοῖς
1045 598 1151 662 ἔξω
1202 597 1413 651 ἑστῶτα
1467 596 1726 666 Χριστὸν,

153 693 509 765 διεγερθέντα
567 691 873 762 στραφῆναι
917 690 1016 761 τὴν
1055 689 1279 759 Μαρίαν
1310 686 1415 753 ἔξω
1447 687 1609 739 πάλιν
1638 702 1729 737 πε-

158 785 479 852 ποιήκασιν·
600 798 765 853 φησιν
796 783 826 834 ὁ
872 780 1096 849 Κύριοςο
1133 780 1194 833 Τί
1236 778 1500 842 velalt-nc;
1536 776 1632 829 καί⁵
1663 774 1732 828 τὰ

156 875 313 944 ἑξῆς.
348 873 479 927 Εἶτα
514 873 809 944 ἑπιγνούσῃ
866 874 961 924 καὶ
1018 869 1293 926 Ῥαὸουνί
1338 868 1598 940 καλούτῃ,
1649 869 1729 930 τὸ,

152 966 257 1036 Μή
288 985 409 1035 μου
430 966 642 1031 ἅπτου,
680 968 775 1019 καὶ
795 966 864 1018 τὰ
889 966 1120 1036 ἐχόμενα
1144 963 1281 1033 πρὸς
1306 961 1475 1032 αὐτὴν
1504 962 1733 1027 ἁπεγρί-

154 1074 314 1111 νατο.
352 1057 520 1110 Οὐεὲν
552 1056 646 1111 οὖν
700 1057 928 1118 ἀπεικὸς
991 1055 1127 1125 μετά
1170 1054 1269 1122 τὴν
1308 1054 1501 1124 ὅρασιν
1526 1049 1732 1119 ταύτην

154 1148 263 1217 τὴν
281 1150 505 1218 Μαρίαν
528 1149 664 1216 πρὸς
684 1150 812 1210 τοὺς
845 1146 1176 1209 ἀποστόλους
1203 1146 1504 1216 τρέχουσαν
1542 1158 1733 1194 συναν-

153 1243 328 1311 τῆται
357 1244 476 1303 ταῖς
507 1239 602 1291 τοῦ
629 1247 654 1274 ⁰
681 1239 865 1292 Λουκᾶ
900 1236 1303 1309 ὲμφερομέναις
1334 1234 1427 1286 ἑπὶ
1452 1232 1515 1285 τὸ
1545 1229 1734 1300 μνῆμα

153 1330 509 1402 τρεχούσαις,
540 1330 729 1400 Μαρίᾳ
759 1329 853 1382 τοῦ
896 1328 1153 1382 Ἰακώϐου
1193 1329 1287 1377 καὶ
1342 1323 1588 1392 Ἰωάννᾳ,
1639 1320 1734 1372 καὶ

153 1424 367 1486 ταύτας
438 1422 662 1476 ἐλκῦσαι
720 1422 858 1493 πρὸς
919 1420 980 1473 τὺ
1053 1417 1379 1486 κοινωνῆσαι
1440 1414 1577 1481 αὐτῇ
1634 1409 1735 1477 τῆς

150 1514 451 1575 ὀπτασίας.
485 1514 571 1575 Ὠς
616 1513 672 1565 δὲ
700 1512 849 1573 Evt->2;
882 1511 976 1563 τοῦ
1017 1511 1297 1580 μνήματος
1321 1507 1592 1575 ἐγένοντο,
1641 1506 1733 1554 καὶ

150 1605 352 1658 οὐδένα
379 1604 681 1668 τεθέανται,
720 1604 962 1674 ἠπόρουν
993 1602 1272 1671 ἑκάτεραι·
1303 1600 1335 1667 ἡ
1383 1598 1480 1666 μὲν
1519 1594 1734 1661 Μαγδα-

152 1696 300 1764 ληνὴ
351 1695 438 1764 ἐφ’
494 1689 575 1757 οἷς
617 1694 710 1757 οὒς
760 1693 951 1765 πρώην
1000 1693 1265 1760 ἀγγέλους
1320 1690 1485 1759 ἑώρα,
1533 1688 1625 1741 νῦν
1670 1687 1730 1738 οὐ

152 1787 406 1840 τεθέατο·
445 1786 501 1839 αί
549 1786 605 1840 δὲ
634 1786 789 1838 ἄλλαι
829 1785 942 1849 δύο,
969 1784 1059 1838 διὰ
1097 1784 1159 1835 τὸ
1192 1782 1520 1835 Δεσποτικὸν
1550 1778 1730 1847 σῶμα,

156 1876 260 1931 ἅτε
292 1880 410 1930 ἐκεῖ
444 1877 516 1947 μὴ
559 1877 804 1946 εὑρεθέν.
861 1875 1182 1943 Ἐκατέραις
1228 1872 1320 1926 οὖν
1350 1870 1514 1924 πάλιν
1540 1871 1735 1934 ἑπιφα-

156 1969 349 2032 νέντες
378 1969 427 2020 οί
478 1967 718 2035 ἄγγελοι,
752 1966 822 2020 τὰ
857 1964 1209 2035 ἰστορηθέντα
1257 1962 1335 2032 τῷ
1384 1961 1569 2030 Λουκᾷ
1598 1960 1735 2027 πρὸς

157 2060 333 2122 αὐτὰς
361 2058 737 2128 διελέχθησαν.
784 2056 1064 2109 Ἐλθοῦσαι
1108 2054 1288 2108 τοίνυν
1316 2055 1372 2106 αἱ
1402 2054 1551 2123 τρεῖς
1598 2050 1734 2119 μετά

155 2151 256 2202 aut
287 2149 398 2202 τῶν
434 2148 639 2202 λοιπῶν
668 2147 948 2216 γυναικῶν
980 2146 1090 2197 τῶν
1136 2143 1213 2213 τῷ
1249 2144 1431 2213 Δουκᾷ
1468 2145 1524 2194 ὲν
1554 2157 1734 2211 παρα-

155 2244 339 2313 δρομῇ
380 2242 774 2312 ἱστορημένων,
822 2237 1165 2309 ἀπήγγειλαν
1202 2238 1314 2300 τοῖς
1349 2234 1639 2305 μαθηταῖς.
1670 2232 1733 2283 UE

155 2333 216 2386 δὲ
252 2333 406 2404 παρὰ
432 2332 642 2403 Πέτρου
687 2330 781 2384 καὶ
822 2330 1070 2383 Ἰωάννου
1100 2326 1401 2395 ἀκηκοότες
1439 2325 1513 2386 ὼς
1545 2322 1733 2376 οὐδένα

158 2428 448 2482 τεθέανται
493 2426 571 2485 είς
598 2421 659 2475 τὸ
706 2421 899 2492 μνῆμα
959 2417 1229 2480 ἐλθόντες,
1259 2415 1427 2485 λῆρον
1467 2413 1533 2466 τά
1585 2409 1733 2481 παρά

156 2521 272 2573 τῶν
295 2516 569 2587 γυναικῶν
593 2514 853 2584 λεχθέντα
884 2514 1180 2583 ἡγήσαντο.
1227 2511 1287 2563 Ὀ
1318 2508 1375 2561 δὲ
1405 2508 1613 2576 Πέτρος
1657 2504 1732 2566 ώς

160 2612 391 2682 θερμὸς.
446 2613 510 2662 ἐκ
568 2607 823 2678 δευτέρου
877 2607 972 2658 ἐπὶ
1030 2603 1089 2657 τὸ
1153 2601 1345 2672 μνῆμα
1398 2598 1587 2657 ἐλθὼν.
1639 2596 1733 2648 καὶ

160 2700 435 2755 ἀκόλουθα
467 2702 533 2770 τῇ
592 2696 785 2771 πρώτῃ
850 2694 1033 2763 ἀφίξει
1104 2691 1462 2760 θεασάμενος,
1521 2685 1731 2754 ἀπῆλθε

161 2792 462 2863 θαυμάζων
492 2792 552 2846 τὺ
582 2792 824 2859 γεγονός.
861 2788 1088 2859 Μάρκος
1149 2786 1337 2855 μέντοι
1375 2783 1569 2850 ἑτέραν
1608 2781 1729 2834 Μα-

162 2885 291 2957 ρίαν
335 2882 695 2952 Ματδαληνὴν
741 2878 894 2946 παρά
926 2878 1026 2941 τὰς
1051 2876 1164 2941 δύο,
1194 2877 1293 2934 τὰς
1333 2872 1413 2943 τῷ
1444 2869 1728 2939 Ματθαίῳ,

158 2974 347 3044 Λουκᾷ
390 2989 447 3025 τε
499 2971 593 3024 καὶ
653 2969 878 3039 Ἰωάννῃ
909 2965 1426 3036 συγγεγραμμένας,
1463 2962 1580 3030 ἅμα
1624 2960 1732 3013 Σα-

159 3065 321 3137 λώμῃ
353 3065 449 3118 καὶ
471 3062 661 3133 Μαρία
699 3060 984 3122 Ἰακώϐου,
1014 3058 1178 3128 ἑτέρᾳ
1203 3056 1374 3126 ταύτῃ
1414 3052 1552 3124 οὔσῃ
1578 3051 1729 3122 παρὰ

1834 608 2023 669 traque
2077 606 2488 655 converteretur
2534 596 2602 651 ad
2646 594 2924 650 Christum
2986 590 3076 659 qui
3143 586 3212 641 ab
3266 584 3402 653 ipsis

1830 700 2155 760 conspectus
2200 689 2395 755 fuerat,
2443 699 2594 743 extra
2649 686 2848 748 stabat,
2911 690 2961 738 et
2990 681 3399 738 resurrexerat;

1832 783 1919 836 cui
1943 783 2074 837 dicit
2126 780 2389 836 Dominus
2428 778 2603 844 :Quid
2627 776 2852 848 pluma?
2895 780 3091 839 etquae
3118 770 3397 834 deinceps-

1833 874 1961 928 lnde
1992 874 2337 944 agnoscenti,
2366 881 2423 926 et
2442 870 2676 934 vocanti,
2729 865 2966 922 Rabboni
2992 864 3059 927 ",
3096 860 3251 922 illud,
3279 854 3403 910 Νοίὶ

1833 982 1915 1018 me
1954 976 2187 1035 tangere,
2228 974 2285 1020 et
2331 961 2719 1032 subsequentia
2762 959 3077 1029 prolocutus
3107 961 3209 1007 est.
3258 945 3409 1002 Nihil

1833 1072 1963 1127 ergo
1987 1056 2206 1111 absurdi
2231 1065 2334 1121 est,
2371 1054 2419 1110 si
2456 1062 2580 1124 post
2624 1050 2889 1105 visionem
2931 1048 3097 1110 hanc,
3138 1041 3302 1095 Maria
3332 1037 3398 1090 ad

1833 1148 2108 1217 apostolos
2137 1162 2385 1208 currens,
2426 1142 2716 1199 offenderit
2752 1140 2872 1193 illas
2901 1138 3059 1191 Lucae
3091 1127 3402 1193 relatas,ad

1836 1248 2246 1293 monumentum
2271 1245 2572 1297 currentes,
2599 1232 2819 1286 Mariam
2835 1228 3023 1284 Jacobi
3038 1235 3092 1281 et
3112 1224 3399 1281 Joannam,

1834 1345 2035 1398 easque
2060 1329 2282 1383 traxerit
2306 1329 2369 1382 ad
2401 1325 2827 1396 participandam
2860 1335 2982 1374 cum
3014 1334 3076 1372 ea
3107 1315 3399 1371 visionem.

1835 1420 1940 1475 Ubi
1971 1429 2154 1474 autem
2196 1420 2337 1473 intra
2362 1418 2758 1471 monimentum
2794 1413 3038 1487 fuerunt,
3072 1416 3128 1461 et
3149 1405 3402 1459 viderunt

1836 1515 2131 1577 neminem,
2165 1519 2377 1566 cuncta:
2398 1509 2571 1563 amite
2618 1508 2872 1568 fuerunt;
2906 1499 3221 1568 Magdalena
3283 1493 3406 1562 qui-

1834 1602 1980 1665 dem,
2038 1610 2328 1671 eapropler
2389 1599 2533 1669 quod
2604 1612 2741 1667 quos
2774 1595 2924 1665 prius
2978 1589 3173 1644 intuita
3225 1587 3404 1640 fuerat

1836 1696 2077 1763 angulos,
2110 1710 2256 1747 nunc
2282 1710 2389 1747 non
2416 1698 2697 1754 cerneret;
2717 1688 2837 1742 alia:
2867 1700 2996 1740 vero
3015 1682 3158 1741 duae.
3177 1685 3403 1748 prepter

1839 1788 2050 1841 Domini
2109 1801 2330 1855 corpus,
2379 1786 2523 1854 quod
2584 1785 2695 1837 illic
2749 1796 2858 1836 non
2902 1781 3241 1847 repererunt.
3295 1768 3402 1823 Illis

1837 1894 1967 1947 ergo
2011 1886 2336 1947 apparentes
2384 1877 2581 1930 iterum
2651 1871 2863 1942 Angeli,
2907 1883 3028 1938 qua:
3065 1880 3162 1935 per
3198 1862 3399 1915 Lucam

1838 1981 2148 2034 narrantur,
2171 1969 2236 2023 ad
2276 1969 2394 2022 illas
2419 1966 2621 2021 elocuti
2650 1971 2806 2018 sunt.
2854 1960 3123 2025 Quocirca
3176 1952 3399 2007 venien-

1836 2071 1917 2115 tes
1942 2061 2044 2114 illac
2075 2069 2202 2124 tres,
2234 2074 2339 2112 una
2365 2073 2486 2111 cum
2538 2053 2762 2122 reliquis
2792 2048 3132 2109 mulieribus,
3164 2060 3195 2099 a
3256 2041 3401 2095 Luca

1834 2152 2010 2206 obiter
2053 2150 2386 2211 memoratis,
2435 2148 2884 2201 renuntiaverunt
2934 2136 3234 2207 discipulis.
3298 2130 3400 2197 Qui

1833 2244 1978 2314 quod
2004 2258 2035 2296 a
2060 2243 2216 2296 Petro
2248 2248 2303 2295 et
2329 2238 2542 2294 Joanne
2581 2235 2944 2306 accepissent,
2992 2230 3201 2284 nullum
3259 2241 3288 2278 a
3342 2238 3402 2279 se

1832 2344 2207 2405 conspectum,
2255 2347 2379 2386 cum
2428 2329 2789 2385 accessissent
2841 2326 2909 2380 ad
2960 2329 3397 2381 monumentum,

1830 2441 1951 2495 qn.e
1996 2439 2026 2478 a
2076 2422 2295 2478 feminis
2332 2421 2676 2483 dicebantur,
2726 2432 2824 2486 pro
2853 2413 3207 2468 deliramento
3232 2406 3403 2462 duxe-

1830 2526 1979 2570 runt.
2010 2515 2279 2571 Caeterum
2311 2510 2527 2574 Petrus,
2548 2517 2607 2562 ut
2635 2506 2854 2577 ingenio
2884 2496 3399 2562 fervidus,secunda

1832 2610 1950 2662 vice
1979 2620 2211 2676 pergens
2245 2604 2312 2658 ad
2350 2602 2683 2672 sepulcrum,
2709 2606 2764 2652 et
2798 2602 3165 2651 consentanea
3214 2588 3401 2657 primae

1833 2696 2153 2770 profectioni
2178 2695 2476 2757 contuitus,
2500 2691 2726 2747 recessit
2761 2686 3036 2741 admirans
3085 2681 3227 2752 quod
3272 2695 3400 2735 eve-

1832 2800 2009 2845 nerat.
2038 2788 2209 2843 Porro
2231 2786 2446 2841 Marcus
2468 2784 2630 2838 aliam
2679 2780 2902 2836 Mariam
2942 2774 3313 2845 Magdalenam
3370 2786 3400 2825 a

1832 2882 2043 2936 duabus
2064 2879 2340 2939 latthao,
2365 2877 2544 2938 Lucae,
2569 2882 2624 2928 et
2650 2870 2847 2926 Joanni
2884 2863 3236 2934 conscriptis,
3290 2870 3403 2913 tra-

1833 2974 1913 3028 dit
1962 2986 2073 3026 una‘
2119 2985 2244 3025 eum
2306 2968 2546 3031 Salome,
2581 2972 2638 3019 et
2680 2961 2846 3016 Maria
2900 2956 3087 3015 Jacobi
3130 2955 3343 3008 diversa
3369 2967 3402 3005 a

1836 3067 2039 3137 priore,
2066 3072 2130 3118 ut
2155 3060 2421 3131 competit
2443 3066 2747 3129 postremas
2770 3049 3078 3107 cucurrisse
3105 3046 3172 3099 ad
3204 3058 3401 3099 monu-

284 3132 530 3226 πρώτην,
567 3132 866 3222 ἑκτίθεται,
898 3151 974 3214 ὼς
997 3149 1143 3210 είκὸς
1168 3145 1486 3208 τελευταίας
1543 3144 1634 3195 ἐπὶ
1666 3144 1728 3194 τὸ

1835 3132 2079 3212 ruentum
2100 3173 2115 3222 ;
2140 3154 2470 3222 intuitasque
2500 3149 2663 3204 unius
2715 3145 2914 3215 angeli,
2946 3142 3087 3194 illius
3115 3139 3207 3207 qui
3256 3132 3400 3205 apud

163 3247 431 3314 μνημεῖον
465 3243 717 3313 δραμεῖν·
755 3242 852 3294 καὶ
877 3239 977 3309 τὴν
1019 3239 1126 3292 τοῦ¹
1167 3237 1287 3300 ἑνὸς
1318 3235 1574 3302 ἀγγέλου,
1633 3232 1727 3285 τοῦ

155 3334 315 3404 παρά
337 3333 415 3401 τῷ
441 3331 705 3401 Ματθαίῳ
734 3330 990 3399 κειμένου
1018 3326 1288 3380 ὀπτασίαν
1309 3323 1645 3392 θεασάμενος
1677 3332 1725 3386 ιδ,

150 3422 491 3494 περιφόϐους
530 3439 590 3475 τε
620 3421 941 3491 γενομένας,
978 3421 1169 3488 φυγεῖν
1214 3419 1278 3470 ἑκ
1308 3415 1402 3470 τοῦ
1435 3417 1726 3486 μνημείου,

156 3515 254 3567 καὶ
290 3513 481 3583 μηδενὶ
525 3512 801 3583 θαρρῆσαι
846 3512 1044 3575 εἰπεῖν,
1088 3509 1176 3563 διὰ
1208 3508 1271 3562 τὸ
1315 3508 1589 3561 ἀνατεῖλαι
1618 3507 1731 3560 λοι-

158 3603 262 3655 πὸν
285 3603 374 3656 τὸν
411 3602 582 3673 ἥλιον,
614 3601 703 3655 τὸν
738 3602 1025 3655 Ἰουδαϊκὸν
1052 3600 1446 3672 προορωμένας
1471 3599 1655 3668 φόϐον.

827 3715 1082 3784 Ἀπορία.

227 3805 384 3858 Διατί
447 3807 663 3869 Λουκᾶς
730 3806 832 3875 μὲν
889 3809 985 3861 καὶ
1051 3809 1281 3878 Μάρκος
1331 3810 1590 3864 εἰσελθεῖν
1647 3813 1728 3875 εἰς

156 3898 219 3951 τὸ
276 3900 466 3968 μνῆμα
525 3899 625 3961 τὰς
678 3901 964 3966 γυναῖκας·
1010 3903 1060 3953 οί
1123 3901 1180 3954 δὲ
1237 3902 1435 3967 λοιποὶ,
1485 3904 1548 3957 οὐ
1604 3903 1726 3957 τοῦ-

158 4003 241 4051 το,
298 3988 435 4042 ἀλλά
490 3988 651 4059 μόνον
703 3990 1031 4061 παρακύψαι
1104 3992 1491 4063 πεφοϐημένας
1562 3994 1727 4065 μηνύ-

156 4091 340 4145 ουσιν;

839 4170 1050 4235 Λύσις.

227 4257 505 4320 Ματθαίος
541 4258 645 4329 ’μὲν
676 4258 769 4312 καὶ
805 4259 1033 4329 Μάρκος
1074 4260 1349 4332 ἱστοροῦσι
1386 4263 1449 4317 τὸ
1482 4266 1539 4319 ἑν
1584 4266 1727 4336 ἀρχῇ

159 4351 401 4417 γεγονὸς,
448 4352 609 4421 ἡνίκα
658 4350 861 4415 εὐθέως
916 4354 1247 4425 ἐπέστησανο
1293 4358 1510 4422 Λουκᾶς
1560 4359 1617 4413 δὲ
1667 4358 1730 4412 τὸ

160 4443 297 4510 μετὰ
347 4441 526 4508 τοῦτο,
573 4444 664 4495 ὅτε
718 4443 905 4496 λοιπὸν
946 4447 1249 4517 ἀναχωρεῖν
1288 4448 1384 4501 τοῦ
1443 4451 1727 4522 μνήματος
1759 4487 1805 4545 D

156 4534 404 4603 ἔμελλον.
441 4534 663 4603 Ἐπειδὴ
707 4536 817 4605 γὰρ
864 4537 1005 4589 κατά
1048 4539 1107 4590 τὸ
1150 4541 1244 4591 τοῦ
1286 4542 1541 4614 ⁹Δὸραὰμ
1586 4546 1725 4617 σπή-

156 4623 327 4691 λαιον,
373 4625 540 4679 διπλᾶ
581 4626 689 4679 τῶν
720 4626 997 4682 Ἰουδαίων
1031 4631 1246 4701 ὑπῆρχε
1268 4634 1335 4686 τὰ
1370 4636 1652 4704 μνήματα,
1698 4638 1727 4689 ό

152 4712 210 4764 δὲ
239 4714 555 4785 summost;
590 4714 735 4779 λίθος
777 4718 842 4785 τῇ
888 4716 1047 4788 θύρᾳ,
1080 4720 1170 4773 τὸν
1214 4720 1362 4775 ἔνδον
1409 4719 1581 4789 οἷκον,
1635 4725 1727 4777 τὸν

153 4804 213 4857 τὸ
243 4807 571 4859 Δεσποτικὸν
596 4808 755 4877 σῶμα
789 4808 1001 4879 ἔχοντα,
1043 4812 1150 4866 ἀπὸ
1180 4814 1274 4867 τοῦ
1304 4814 1410 4881 ἔξω
1452 4816 1723 4886 διώριζεν,

154 4893 211 4942 ἐν
239 4893 317 4964 τῷ
367 4895 799 4965 προϐεϐλημένῳ
827 4897 960 4969 οἴκῳ
990 4901 1329 4956 εἰσελθοῦσαι
1371 4905 1463 4957 τὸν
1494 4906 1724 4974 ἄγγελον

155 4979 449 5035 ἐθεάσαντο
483 4984 540 5034 ἑν
562 4982 639 5052 τῷ
669 4982 801 5053 λίθῳ
832 4986 1164 5056 καθήμενον,
1199 4990 1343 5045 καθά
1370 4992 1447 5061 τῷ
1465 4995 1727 5061 Ματθαίῳ

151 5070 314 5125 δοκεῖ·
366 5073 443 5144 τῷ
507 5074 563 5127 δὲ
615 5052 874 5146 Μάρκιι>,.
920 5052 1203 5133 νεανίσκον
1262 5052 1727 5156 περιέεϐλημένον

155 5163 346 5234 στολὴν
382 5163 606 5235 λευκὴν,
635 5167 728 5219 καὶ
765 5167 1073 5239 καθήμενον
1110 5173 1166 5224 ὲν
1190 5175 1303 5236 τοῖς
1323 5174 1537 5239 δεξιοῖς,
1572 5177 1728 5245 δηλοκ

153 5252 266 5306 νότι
294 5253 386 5306 τοῦ
414 5254 684 5323 ὲξωτέρου
727 5257 1015 5328 σπηλαίου.
1067 5263 1146 5314 Δι’
1179 5263 1464 5333 ἑκατέρων
1503 5262 1595 5319 οὖν
1616 5269 1725 5320 τῶν

154 5344 575 5412 εὐαγγελιστῶν,
608 5348 891 5402 Ματθαίου
917 5353 1008 5404 καὶ
1034 5353 1286 5422 Μάρκου,
1319 5358 1552 5425 ἄγγελον
1582 5357 1723 5414 εἶναι

152 5431 244 5485 τὸν
285 5435 523 5503 φανέντα
583 5440 701 5500 ταῖς
754 5440 991 5505 γυναιξὶ,
1048 5445 1493 5516 προτρεπόμενον
1554 5449 1723 5514 αὑτὰς

222 5587 269 5620 ⁸⁵
296 5590 451 5647 Joan.
478 5608 569 5657 xx,
612 5594 693 5657 I3,
734 5594 818 5651 16.

926 5596 973 5629 ⁸⁸
994 5597 1127 5653 Luc.
1159 5615 1302 5669 XXIV,
1334 5601 1387 5669 5;
1419 5602 1583 5658 Marc.
1624 5621 1731 5669 xvt,

1832 5602 2052 5661 .Mattb.
2092 5613 2281 5659 xxvut,
2318 5596 2372 5663 8;
2400 5593 2557 5650 Joan.
2591 5605 2693 5654 xx,
2720 5588 2805 5642 Η.

1831 3249 2140 3303 Mattbmum
2176 3247 2391 3317 legitur,
2416 3241 2837 3313 apparitionem,
2895 3242 2950 3288 et
2984 3232 3179 3286 timore
3212 3242 3401 3282 corre-

1831 3349 1973 3410 ptas,
2031 3339 2231 3410 fugisse
2269 3353 2300 3391 a
2351 3341 2728 3395 monumento,
2787 3342 2890 3382 nec
2939 3324 3195 3391 cuiquam
3241 3333 3402 3374 ausas
3476 3386 3481 3389 _

1831 3430 2001 3484 fuisse
2039 3428 2242 3493 dicere,
2266 3433 2552 3496 propterea
2583 3420 2727 3490 quod
2763 3419 2877 3487 jam
2924 3413 3007 3469 sol
3033 3420 3190 3466 ortus
3231 3416 3398 3474 esset,

1832 3536 1896 3576 ac
1929 3519 2217 3576 Judaioum
2253 3519 2613 3589 prmvidentes
2633 3523 2858 3568 tnetntn.

2413 3711 2704 3782 Difﬁcultas
2731 3724 2805 3763 ιι.

1900 3813 2040 3881 Quid
2092 3810 2168 3865 rei
2217 3817 2318 3871 est,
2355 3806 2496 3875 quod
2547 3803 2724 3857 Lucas
2759 3811 2813 3853 ct
2860 3797 3093 3860 Marcus,
3148 3792 3404 3848 mulieres

1832 3904 2107 3960 introiisse
2140 3901 2195 3954 in
2224 3903 2675 3959 monumentum;
2705 3891 2795 3946 alii
2824 3892 2955 3953 duo,
2988 3903 3097 3942 non
3132 3887 3255 3950 hoc,
3304 3881 3400 3937 sed

1833 4001 2044 4049 tantum
2078 3986 2465 4058 introspexisse
2500 3983 2819 4055 perterritas
2847 3972 3192 4034 indicent"?

2510 4159 2733 4218 Solatia.

1904 4259 2191 4314 Mattheus
2215 4252 2433 4324 quidem
2464 4258 2521 4303 et
2555 4248 2766 4308 Marcus
2794 4244 2845 4299 id
2878 4248 3103 4298 narrant
3128 4239 3270 4313 quod
3299 4236 3406 4291 ini-

1834 4353 1910 4409 tio
1930 4345 2373 4416 actum,quando
2402 4340 2542 4396 illico
2570 4340 2943 4401 advenerunt;
2985 4334 3157 4387 Lucus
3193 4346 3321 4388 vero
3350 4330 3408 4383 id

1834 4445 1976 4517 quod
2042 4449 2249 4513 postea,
2296 4450 2420 4491 cum
2459 4433 2570 4500 jam
2638 4442 2935 4485 recessurae
2966 4432 3149 4481 essent
3209 4437 3241 4475 a
3285 4436 3405 4474 mo-

1831 4512 2266 4598 numentoﬂuia
2284 4528 2429 4582 enim
2458 4526 2610 4595 juxta
2634 4522 2864 4577 Abrahae
2886 4518 3196 4588 speluncam
3213 4515 3278 4579 ",
3306 4512 3411 4567 duo

1832 4629 1989 4701 plicia
2023 4632 2179 4682 erant
2216 4620 2527 4676 Judaeorum
2556 4618 2932 4672 monumenta,
2965 4618 3021 4663 et
3048 4606 3185 4677 lapis
3235 4613 3407 4674 portze

1832 4697 2129 4777 inmissus,
2166 4710 2480 4768 interiorem
2512 4705 2710 4771 edent,
2748 4717 2871 4771 quae
2904 4697 3247 4752 Dominicutn
3282 4710 3407 4748 coro

1831 4827 1934 4882 pus
1985 4805 2321 4869 continebat,
2373 4800 2441 4855 ab
2489 4794 2745 4853 exteriori
2795 4791 3099 4861 scparabat,
3149 4787 3404 4856 ingressa:

1830 4874 2003 4956 aedem
2038 4894 2458 4967 prominentem,
2488 4886 2737 4957 angelum
2768 4884 3172 4951 conspexerunt
3209 4874 3406 4929 seden-

1835 5005 1944 5049 tem
1993 4992 2047 5045 in
2090 4988 2290 5058 lapide,
2326 4986 2478 5055 juxta
2520 4976 2758 5033 Matthaei
2790 4970 3181 5041 Evangelium;
3232 4973 3288 5019 at
3335 4980 3404 5017 ex

1830 5086 2033 5148 Marco,
2053 5057 2311 5151 juvenem
2341 5080 2659 5144 coopertum
2685 5067 2823 5122 stola
2852 5061 3104 5125 candida,
3130 5066 3184 5113 et
3209 5057 3406 5112 seden-

1831 5187 1939 5231 tem
1982 5145 2311 5233 in'dextris,
2342 5162 2625 5220 exterioris
2658 5158 2909 5213 videlicet
2955 5152 3249 5223 speluncae.
3280 5145 3405 5200 Fuit

1828 5280 1955 5335 ergo
1985 5262 2284 5318 secundum
2315 5267 2611 5323 utrumque
2637 5250 3052 5320 evangelistam,
3091 5243 3403 5297 Matthteum

1831 5331 2181 5415 ct'Marcnm,
2217 5347 2437 5418 angelus
2483 5344 2577 5414 qui
2620 5339 2868 5412 apparuit
2898 5334 3239 5394 mulieribus,
3271 5331 3400 5385 hor—

1832 5458 2084 5517 tatusque
2112 5453 2196 5499 est
2222 5456 2313 5497 eas
2337 5449 2396 5494 ut
2422 5438 2669 5493 viderent
2691 5434 2893 5494 locum,
2931 5427 3019 5482 ubi
3043 5438 3243 5495 corpus
3294 5422 3403 5475 Do-

2911 5586 2958 5620 "
2983 5586 3119 5643 Gen.
3152 5596 3281 5637 χχιιι
3305 5619 3318 5645 ,
3344 5578 3397 5632 9.

1416 5742 1646 5797 VARle
1681 5741 2085 5798 LECTIONES.

226 5802 253 5831 ο
286 5797 326 5865 ι’,
363 5797 457 5869 τῷ,
536 5810 563 5850 r
592 5801 953 5872 θεασαμέναςο
