4142 6436
139 421 272 486 Μιειῦ

1535 424 1961 488 SERMONES.

3247 433 3392 500 14661

115 532 461 602 ἀμάραντον,
492 532 599 601 ἄρα
634 532 966 604 ήΠαρθένος
1000 533 1313 605 ἀφθαρσίας
1347 534 1544 602 φυτὸν,
1578 535 1710 587 ἀθα-

1818 539 2152 608 prospiciens
2182 557 2362 612 nuper
2421 543 2754 598 acclamabat
2796 543 2985 598 dicens
3021 561 3034 596 :
3073 543 3206 598 Ecce
3236 551 3384 619 virgo

119 624 314 687 νασίας
347 623 693 695 παράδεισος.
725 622 817 686 Ei;
861 625 926 695 ήν
957 624 1184 688 Ἡσαΐας
1213 625 1385 678 ταῦτα
1426 625 1566 680 θεῶν
1602 627 1702 697 ἀρ-

116 714 251 778 τίως
301 713 731 785 προανεφώνησε
774 713 978 782 λέγων’
1007 712 1186 778 Ἰδοὺ,
1224 715 1263 782 ἠ
1301 716 1600 783 Παρθένιος
1631 717 1704 770 ἐν

119 806 340 874 γαστρί
367 805 643 873 λήψεται,
684 804 780 856 καὶ
808 803 1037 868 τέξεται
1064 806 1222 865 υίὸν.
1245 807 1341 860 καὶ
1364 807 1703 862 καλέσουσι

113 896 186 950 τὸ
238 889 433 964 ὄιῖομα
477 894 664 949 αὐτοῦ
695 895 1098 964 Ἐμμανουήλ.
1129 895 1265 950 Ἰδοὺ
1321 898 1354 967 ἡ
1406 897 1700 967 Παρθένοςο

118 988 288 1051 ποίας
340 987 405 1039 Ἥ
451 987 558 1040 τῶν
603 986 878 1055 γυναικῶν
912 985 1186 1057 ἔγκριτος,
1220 988 1255 1057 ή
1285 986 1393 1039 τῶν
1422 986 1704 1056 παρθένων

115 1075 430 1146 ἐξαίρετος,
459 1075 521 1127 τὸ
557 1076 752 1143 σεμνὸν
796 1073 897 1143 τῆς
939 1074 1213 1146 ἡμετέρας
1248 1074 1463 1142 φύσεως
1505 1075 1701 1142 ἐγκαλ·

114 1166 410 1236 λὼπισμα,
440 1167 502 1220 τὸ
548 1165 644 1218 τοῦ
688 1165 861 1236 πηλοῦ
910 1167 1181 1237 ήμετέρου
1233 1166 1515 1238 καύχημα,
1543 1167 1703 1238 ήτῆς

114 1258 395 1328 αἰσχύνης
441 1259 542 1328 τήν
596 1257 738 1312 Εὕαν
765 1298 781 1323 ,
827 1257 919 1309 καὶ
968 1256 1070 1326 τῆς
1115 1257 1350 1328 ἀπειλῆς
1399 1257 1704 1332 τδνΙἈδαμ

114 1350 510 1414 ἀπαλλάξασα,
537 1351 572 1420 ή
601 1350 698 1418 τὴν
732 1349 1044 1420 παρρησίαν
1068 1348 1423 1420 ἀποτεμοῦσα
1449 1349 1542 1404 τοῦ
1571 1349 1703 1420 δρά-

113 1459 314 1504 κοντος
335 1457 351 1472 °
383 1437 451 1514 ἦς
487 1441 692 1503 καπνὶς
724 1441 1019 1508 ἐπιθυμίας
1047 1442 1144 1510 οὐχ
1171 1441 1380 1510 ἥψατο,
1406 1442 1530 1495 οὐδέ
1558 1440 1704 1495 σκώ-

114 1536 219 1604 ληξ
265 1536 444 1604 αὐτὴν
487 1532 823 1603 ἡδυπαθείας
869 1531 1122 1602 ἔϐλαψεν.
1146 1532 1304 1588 ἰδοὺ
1333 1535 1370 1601 ἠ
1403 1532 1704 1600 Παρθένος

113 1629 187 1681 ἐν
224 1634 444 1696 γαστρὶ
474 1625 760 1695 λήψεται·
792 1625 974 1681 πόθεν.
1009 1620 1056 1679 ὦ
1099 1625 1389 1698 «praeﬁca;
1417 1626 1492 1678 Οὐ
1539 1623 1704 1692 λέγω,

116 1719 280 1788 ensi.
320 1720 493 1772 Τοῦτο
540 1719 650 1790 γὰρ
701 1718 780 1789 τῷ
828 1717 1069 1789 Γαϐριὴλ
1115 1717 1483 1787 πεφύλακται.
1516 1717 1706 1770 Πολλοὶ

113 1811 218 1879 τῆς
246 1810 519 1863 Θεοτᾶκου
548 1809 881 1879 διαιροῦνται
901 1809 970 1862 τὰ
994 1809 1270 1878 θαύματα,
1288 1809 1458 1864 πολλὰ
1478 1810 1534 1863 δέ
1557 1811 1706 1879 ὅμως

116 1903 216 1956 καὶ
251 1901 316 1966 ἐξ
347 1900 528 1954 αὐτῶν
563 1901 996 1973 παραλέλειπται
1020 1916 1034 1930 ο
1082 1901 1222 1969 πλὴν
1267 1899 1377 1968 ἐγὼ
1418 1899 1509 1955 τὸν
1550 1900 1707 1954 τόκον

114 1997 220 2061 τῆς
246 1993 643 2063 Ἀειπσιρθένου
677 1993 1045 2061 πεπίστευμαι
1067 2009 1082 2023 ·
1124 1991 1383 2063 Μιχαίας,
1401 1993 1494 2046 τὸν
1531 1993 1706 2064 χῶρον

119 2089 178 2138 ἐν
206 2079 254 2154 ᾧ
273 2086 333 2138 τὺ
360 2085 547 2154 θαῦμα
581 2087 930 2158 πέπρακται·
967 2083 1149 2148 Δαεὶδ,
1176 2085 1269 2137 τὸν
1300 2084 1510 2155 καιρόν.
1536 2087 1706 2148 Αὐτὸς

118 2179 234 2250 γὰρ
265 2178 352 2242 τὸ,
381 2180 483 2232 Ἐκ
515 2181 772 2247 γαστρὸς
799 2177 912 2244 πρὸ
943 2176 1254 2245 ἑωσφόρον
1275 2175 1574 2245 ἐγέννησὰ
1609 2193 1704 2239 σε,

121 2274 190 2342 τῇ
223 2271 337 2325 τῶν
368 2269 614 2340 Ψαλμῶν
645 2271 956 2340 προφητείᾳ
984 2269 1232 2339 ἐνέθηκε.
1264 2268 1504 2339 Γαϐριὴλ
1527 2268 1708 2322 τοίνυν

125 2366 247 2434 ἒρεί
271 2362 353 2424 τὸ,
392 2362 576 2414 πόθεν.
601 2363 843 2424 Ἐκεῖνος
862 2361 970 2429 γὰρ
996 2359 1056 2424 ἐξ
1081 2359 1312 2429 οὐρανοῦ
1345 2359 1671 2432 κατέρχεται
1691 2375 1704 2390 ο

124 2457 338 2517 ἐκεῖνος
371 2455 457 2507 ἐπ’
479 2454 611 2513 αὐτὸ
648 2453 806 2506 τοῦτο
832 2454 924 2505 ἐπὶ
952 2453 1052 2522 τὴν
1082 2453 1354 2523 Παρθένον
1386 2452 1668 2524 πέμπεται
1690 2469 1705 2483 ·

124 2548 338 2608 ἐκεῖνος
368 2548 424 2598 ἐν
456 2547 632 2616 καιρῷ
659 2546 751 2598 τοῦ
783 2546 942 2598 τόκου
974 2546 1357 2613 παραγίνεται,
1391 2545 1598 2599 καὶτοῦ
1624 2545 1709 2598 τό-

125 2655 226 2690 κου
257 2638 360 2708 τὴν
387 2639 682 2690 ὑπόστασιν
731 2638 1043 2704 ἀναγκαίως
1091 2639 1427 2709 ἑρμηνεῦσαι
1455 2637 1707 2691 πιστεύε-

127 2747 238 2783 ται.
274 2730 338 2784 Εἰ
373 2729 430 2783 δὲ
467 2729 556 2782 καὶ
600 2729 730 2800 παρ’
753 2729 888 2796 ἐμοῦ
919 2729 1210 2798 μανθάνειν
1239 2729 1436 2792 θέλεις,
1468 2730 1537 2783 τὰ
1579 2729 1708 2796 ἐξῆς

129 2821 230 2889 τῆς
259 2821 600 2894 προφητείας
627 2820 821 2873 ἔπελθε
845 2837 860 2852 ο
886 2821 994 2874 Kal
1028 2819 1256 2884 τέξεται
1289 2823 1446 2882 υἱὸν,
1477 2821 1574 2874 καί
1603 2836 1709 2874 κα-

129 2910 390 2964 λέσουσι
413 2911 480 2963 τὸ
537 2910 719 2978 ὄνομα
742 2909 928 2964 αὑτοῦ
961 2910 1358 2979 Ἐμμανουήλ.
1396 2910 1462 2963 Τί
1482 2910 1538 2964 δέ
1563 2915 1709 2964 ἐστιν

145 2999 524 3068 Ἑμμανουήλ;
547 2998 868 3068 Μεθ’ήμῶν
887 3004 920 3055 0'
937 3001 1102 3066 Θεός.
1128 3001 1218 3070 Μὴ
1243 3002 1422 3053 τοίνυν
1443 3000 1576 3064 Θεὸς
1602 3002 1709 3055 ἀπὸ

135 3093 320 3162 γάμου
344 3093 440 3146 καὶ
468 3091 671 3164 φθορᾶς
700 3092 1159 3162 συλλαμϐάνεται,
1191 3094 1284 3145 καί⁵
1314 3092 1372 3157 ἐξ
1405 3093 1595 3162 ἀνδρὸς
1618 3095 1711 3146 καὶ

138 3184 323 3253 κοίτης
351 3183 610 3253 τεχθῆναι
658 3182 693 3255 ἢ
743 3182 1092 3253 σαρκωθῆναι
1133 3184 1392 3247 δύναταις
1421 3184 1710 3255 Οὐδαμῶς,

137 3273 334 3340 ἀλλ’ἐξ
364 3273 646 3344 ἐνεργείας
689 3272 847 3337 Θεοῦ,
879 3273 941 3338 ἐξ
985 3268 1390 3343 ἐπιφυτεὺσεως
1434 3274 1711 3345 Ὑψίστου,

140 3369 205 3420 ὲκ
237 3365 543 3438 παρουσίας
574 3364 916 3434 Πνεύματος.
947 3365 1012 3417 Τί
1051 3365 1160 3435 γὰρ
1188 3361 1280 3418 οὖν
1309 3365 1475 3434 ήνίκα
1506 3369 1540 3434 ή
1570 3367 1717 3436 Παρ-

143 3457 294 3521 θένος
318 3460 454 3528 πρὸς
473 3458 566 3510 τὸν
590 3456 832 3528 Γαϐριὴλ
853 3457 1006 3524 ἔλεγε
1022 3473 1035 3487 ·
1059 3455 1190 3521 Πῶς
1209 3457 1379 3510 ἔσται
1393 3473 1496 3526 μοι
1517 3456 1712 3519 τοῦτο,

144 3551 273 3606 ἐπεὶ
304 3550 494 3620 ἄνδρα
515 3553 588 3605 οὺ
607 3549 875 3620 γινώσκω
892 3564 912 3614 ;
931 3547 1075 3600 τοῦτ’
1097 3547 1266 3610 εστιν,
1297 3547 1624 3617 Ἐκπλήττει
1649 3565 1716 3618 με

145 3641 206 3695 τὸ
235 3641 441 3712 θαῦμα,
469 3640 839 3710 καταπλήττει
891 3655 958 3708 με
995 3637 1057 3691 τδ
1086 3637 1385 3707 ρῆμανκαὶ
1425 3641 1454 3691 ὁ
1489 3637 1586 3691 τοῦ
1615 3640 1717 3707 ἀγ-

145 3732 306 3802 γέλου
337 3732 720 3804 χρηματισμὸς
754 3730 852 3800 τὴν
884 3729 1162 3799 Παρθένον
1196 3729 1439 3797 ἐξίστησι
1460 3729 1720 3798 ,θαυμα-

149 3825 247 3879 στὰ
275 3825 474 3892 λέγεις,
507 3822 630 3892 ἐμοὶ
657 3823 712 3876 δὲ
739 3820 829 3874 διὰ
852 3821 912 3874 τὸ
939 3820 1087 3885 ξένον
1113 3818 1348 3873 ὕποπτα.
1380 3821 1605 3872 Δὲδοικα
1624 3821 1719 3873 τοῦ

148 3915 546 3987 εὐαγγελισμοῦ
589 3915 649 3969 τὸ
698 3913 904 3978 καινὸν,
933 3911 1271 3983 θορυὸοὖμαι
1313 3911 1448 3977 πρὸς
1497 3911 1558 3964 τδ
1600 3911 1721 3964 λίαν

149 4010 255 4062 τῶν
280 4007 589 4077 λεγομένων
621 4003 813 4074 ἄηθες.
859 4001 992 4069 Πῶς
1035 4005 1202 4057 ἔσται
1229 4019 1333 4072 μοι
1365 4001 1565 4064 τοῦτο,
1589 4002 1719 4057 ἐπεὶ

150 4100 341 4169 ἄνδρα
384 4101 458 4153 οὐ
496 4095 804 4167 Tir-diana);
849 4094 969 4156 πῶς
1002 4093 1198 4162 ἔσομαι
1233 4093 1440 4162 μήτηρ,
1473 4090 1549 4162 μὴ
1569 4108 1722 4161 γενο-

154 4192 288 4262 μάνη
317 4190 545 4261 νύμφης
583 4188 683 4240 οὐκ
727 4185 940 4257 ἔφοάρη
980 4184 1042 4238 τδ
1085 4183 1186 4252 τῆς
1223 4182 1372 4254 ὥρας
1420 4181 1598 4246 ἄνθος,
1631 4182 1723 4236 τὸν

153 4284 406 4354 ζωστῆρα
439 4281 541 4350 τῆς
585 4279 886 4351 παρθενίας
926 4278 1027 4331 οὐκ
1059 4275 1251 4339 ἔλυσα,
1283 4275 1373 4328 τὸν
1399 4275 1599 4345 ὁητμδν
1624 4276 1724 4346 τῆς

155 4376 365 4445 μήτρας
391 4373 492 4426 οὐκ
519 4371 821 4442 ὲχαύνωσα,
842 4369 943 4440 τὴν
975 4366 1246 4437 σφραγῖδα
1276 4366 1378 4433 τῆς
1403 4364 1640 4436 γαστρὸς
1660 4366 1723 4417 οὐ

154 4466 454 4535 παρέλυσα.
497 4463 558 4516 '0
610 4462 667 4516 δέ
732 4461 964 4529 ἄγγελος
1024 4455 1373 4528 παραχρῆμα
1442 4455 1720 4526 ἐπήγαγεο

1741 3236 1786 3294 C

1811 630 1866 682 in
1893 640 2040 684 utero
2068 634 2343 703 concipiet,
2368 643 2418 688 et
2445 635 2616 703 pariet
2630 635 2821 702 ﬁlium,
2849 645 2898 689 et
2924 635 3179 688 uocabunt
3198 653 3383 692 nomen

1809 721 1925 790 ejus
1945 719 2262 777 Emmanuel
2283 725 2346 780 “.
2381 724 2520 780 Ecce
2543 723 2714 793 virgo,
2750 725 3038 792 qua-nam?
3094 725 3382 781 Mulierum

1808 811 2041 881 egregia,
2075 829 2106 866 e
2129 813 2427 882 virginibus
2461 814 2654 874 electa,
2688 814 3006 883 praeclarum
3046 826 3254 872 natura;
3279 831 3383 870 ηο-

1813 912 1908 958 tne
1938 913 2347 970 ornamentum,
2375 906 2547 976 gloria
2584 907 2679 960 luti
2715 906 2910 968 nostri,
2937 922 3056 969 qua:
3081 907 3244 962 Evam
3272 924 3376 978 pu-

1809 991 1962 1053 dore,
1987 1001 2043 1046 et
2068 992 2334 1046 Adamnm
2363 993 2784 1048 comminatione
2813 994 3080 1056 liberavit,
3098 995 3382 1050 audaciam

1809 1083 2062 1138 draconis
2111 1083 2346 1140 abscidit
2401 1101 2414 1137 :
2462 1100 2624 1153 quam
2677 1084 3142 1153 concupiscentia:
3197 1085 3383 1142 [uinus

1810 1191 1918 1230 non
1947 1176 2142 1246 attigit,
2178 1191 2358 1245 neque
2384 1175 2585 1228 vermis
2607 1176 2898 1243 voluptatis
2924 1192 3044 1230 eam
3076 1176 3230 1231 ltesit.
3251 1176 3386 1231 Ecce

1811 1269 1953 1340 rirgo
1975 1269 2029 1322 in
2051 1277 2198 1322 utero
2214 1270 2486 1333 concipiet,
2517 1267 2810 1332 undenam,
2834 1282 2869 1320 ο
2909 1267 3215 1336 propheta?
3265 1266 3380 1321 Non

1810 1361 1956 1422 dico,
1990 1361 2082 1414 ait.
2117 1358 2230 1414 l‘loe
2257 1360 2404 1414 enim
2441 1369 2780 1414 reservatum
2829 1367 2915 1412 est
2940 1357 3205 1414 Gabrieli.
3246 1359 3381 1413 Per-

1811 1454 1964 1507 multi
1998 1453 2250 1507 distincte
2278 1452 2560 1506 deeLarare
2591 1449 2846 1504 nituntur
2874 1448 3136 1502 miracula
3196 1447 3378 1520 Virgi-

1811 1545 1916 1605 nis.
1953 1546 2207 1614 pleraque
2231 1554 2412 1598 tamen
2437 1559 2623 1596 eorum
2684 1541 3052 1609 praetermissa
3074 1551 3222 1596 sunt.
3264 1542 3355 1595 (ξω

1813 1645 1989 1691 terum
2015 1653 2116 1702 ego
2145 1637 2212 1690 de
2247 1645 2404 1706 partu
2435 1649 2651 1704 selnper
2675 1631 2935 1703 Virginis,
2995 1631 3157 1686 ﬁdem
3204 1631 3380 1687 facio:

1811 1729 2084 1793 Miclnras,
2137 1728 2206 1782 de
2263 1728 2484 1797 regione
2513 1735 2569 1780 et
2617 1726 2738 1780 loco
2796 1725 2851 1778 in
2901 1723 3381 1794 quomiraculum

1812 1827 2093 1889 peractum
2142 1828 2226 1873 est
2291 1834 2304 1870 :
2361 1816 2549 1879 Da~id,
2612 1817 2679 1870 de
2729 1825 2994 1886 tempore.
3051 1815 3177 1886 Ipse
3231 1816 3382 1871 enim

1813 1909 2118 1979 Prophetia:
2187 1908 2525 1963 Psaltnorum
2574 1907 2807 1960 inseruit
2865 1906 3010 1960 istud
3045 1923 3060 1958 :
3090 1905 3175 1959 Es:
3230 1916 3383 1960 utuo

1813 2011 1938 2055 ante
1985 1999 2261 2070 luciferum
2292 2000 2449 2068 qenui
2494 2009 2543 2051 te
2570 1999 2636 2052 ⁸³.
2668 1996 2887 2052 Gabriel
2921 1997 3084 2067 igitur
3134 1999 3382 2052 dicturus

1813 2103 1896 2148 est
1949 2093 2115 2147 unde.
2171 2093 2264 2146 Ille
2324 2093 2470 2145 enim
2519 2090 2587 2143 de
2655 2091 2792 2144 coelo
2834 2089 3138 2150 descendit.
3180 2090 3272 2144 ille
3315 2090 3381 2143 ad

1817 2190 1918 2239 hoc
1982 2185 2162 2254 ipsum
2230 2183 2468 2236 mittitur
2515 2180 2582 2235 ad
2640 2179 2942 2251 Virginem,
3002 2181 3092 2234 ille
3138 2189 3384 2247 tempore

1817 2287 2006 2346 partus
2078 2275 2263 2338 adest,
2319 2283 2374 2327 et
2435 2274 2798 2326 substantiam
2891 2282 3082 2340 partus
3142 2272 3386 2326 creditur

1817 2367 2128 2421 necessario
2181 2365 2508 2420 declarasse.
2559 2363 2652 2415 Siu
2736 2361 2892 2430 cupis
2944 2372 3000 2415 et
3053 2379 3082 2415 a
3169 2376 3255 2415 me
3302 2360 3382 2414 di-

1814 2475 1991 2524 scere,
2022 2473 2143 2528 quae
2178 2465 2485 2527 sequuntur
2538 2454 2591 2507 in
2644 2454 2910 2523 propheta
2934 2468 3190 2521 perturre
3245 2470 3259 2505 :
3317 2452 3385 2504 Et

1814 2551 1984 2620 pariet
2032 2550 2225 2618 ﬁlium,
2298 2557 2346 2601 et
2394 2547 2648 2599 vocabunt
2699 2560 2886 2596 nomen
2912 2545 3027 2613 ejus
3045 2543 3380 2598 Emmanuel.

1813 2643 1952 2707 Quid
1981 2656 2144 2711 porro
2170 2651 2256 2694 est
2290 2638 2648 2693 Emmanuel?
2699 2635 2986 2690 Nobiscum
3019 2635 3182 2688 Deus.
3232 2634 3386 2688 Nun-

1814 2735 1944 2804 quid
1970 2749 2100 2804 ergo
2132 2733 2275 2786 Dens
2302 2747 2368 2785 ex
2403 2731 2610 2799 nuptiis
2654 2739 2708 2783 et
2736 2729 3092 2796 corruptione
3132 2724 3382 2796 cont-ipi-

1817 2838 1926 2887 tur,
1946 2837 2001 2878 et
2024 2842 2090 2879 ex
2126 2825 2242 2878 viro
2271 2833 2435 2890 atque
2465 2821 2764 2876 concubitu
2789 2819 2970 2876 editus
3005 2829 3101 2874 aut
3127 2819 3386 2873 incarna-

1819 2925 1903 2971 tus
1936 2930 2057 2970 esse
2082 2913 2294 2983 potest?
2311 2912 2682 2981 Nequaquam,
2716 2911 2812 2965 sed
2838 2910 3161 2979 operatione
3178 2907 3386 2967 divina.

1816 3008 2176 3061 seminatione
2227 3017 2487 3072 superna,
2517 3010 2574 3056 et
2597 3003 2832 3055 adventu
2880 3000 3114 3070 Spiritus
3188 3002 3384 3054 sancti.

1816 3096 2182 3163 Quamobrem
2206 3109 2330 3148 cum
2364 3090 2528 3162 Virgo
2553 3090 2790 3144 Gabrieli
2838 3091 3050 3145 diceret
3077 3108 3091 3143 :
3119 3088 3388 3154 Quomodo

1817 3188 1907 3257 ﬁet
1923 3185 2244 3255 istud-apud
2269 3200 2373 3246 me,
2404 3183 2530 3252 quia
2555 3183 2724 3234 virum
2749 3196 2849 3234 non
2891 3197 3139 3251 cognosco
3162 3180 3240 3235 “?
3266 3197 3390 3251 per-

1817 3280 1964 3335 cellit
1987 3293 2113 3333 me:
2145 3276 2466 3332 miraculum
2505 3275 2650 3344 quod
2692 3275 2898 3337 dixisti.
2953 3290 3040 3329 me
3075 3284 3386 3345 perterret:

1816 3377 1871 3422 et
1896 3365 2177 3420 oraculum
2207 3363 2383 3432 angeli
2413 3361 2690 3432 Virginem
2723 3362 3116 3432 obstupefacit,
3143 3363 3389 3420 miranda

1817 3459 1972 3520 dicis,
1985 3458 2216 3527 ideoque
2238 3455 2370 3510 mihi
2393 3455 2577 3515 dubia,
2603 3453 2730 3523 quia
2753 3455 3064 3524 peregrina,
3089 3456 3398 3510 extimesco

1819 3549 1998 3603 nuntii
2031 3548 2192 3602 fausti
2215 3545 2512 3600 novitatem
2548 3561 2560 3596 :
2600 3544 2889 3612 perturbor
2919 3545 2992 3599 ob
3027 3560 3091 3600 ea
3129 3559 3252 3614 quae
3303 3545 3391 3599 di-

1817 3650 2014 3696 cuntur
2044 3656 2074 3692 a
2109 3649 2161 3694 te
2182 3641 2478 3696 admodum
2502 3642 2741 3699 insolita.
2813 3643 3085 3706 Quomodo
3141 3643 3270 3696 mihi
3303 3642 3391 3711 ﬁet

1819 3732 1980 3794 istud,
2050 3732 2174 3800 quia
2195 3733 2366 3786 virum
2409 3749 2512 3787 non
2536 3736 2820 3804 cognosco?
2866 3750 2972 3804 qua
3003 3734 3218 3788 ratione
3267 3733 3388 3787 llam

1821 3830 2014 3884 mater,
2038 3835 2157 3888 qua.
2179 3835 2287 3874 non
2322 3820 2398 3875 fui
2426 3824 2663 3891 sponsa?
2691 3822 2792 3878 llos
2815 3823 2992 3878 etatis
3009 3823 3242 3893 vigentis
3279 3839 3391 3878 non

1819 3921 1907 3966 est
1938 3920 2278 3979 corruptus:
2338 3911 2617 3982 cingulum
2666 3913 2994 3984 virginitatis
3037 3927 3149 3966 non
3197 3911 3336 3967 solvi
3373 3929 3389 3968 :

1822 4002 2035 4057 vincula
2118 4002 2288 4056 vulvae
2339 4018 2446 4056 non
2495 4004 2667 4057 laxavi
2722 4022 2737 4058 :
2781 4003 2922 4058 uteri
2983 4018 3096 4056 non
3168 4001 3393 4057 dissolvi

1822 4093 2078 4164 sigillum.
2119 4093 2358 4164 Angelus.
2413 4093 2703 4149 confestim
2755 4095 3040 4162 subiunxit
3081 4109 3096 4148 :
3159 4091 3394 4164 Spiritus

1819 4195 2032 4237 sanctus
2049 4186 2372 4251 superveniet
2423 4186 2479 4238 in
2533 4195 2603 4252 te,
2646 4195 2697 4240 et
2731 4189 2898 4242 virtus
2926 4185 3182 4240 Altissiun’
3209 4185 3395 4239 obuiu-

1824 4273 1996 4330 brabit
2016 4275 2210 4343 tibi";
2256 4278 2359 4331 hoc
2380 4285 2488 4342 est,
2526 4278 2573 4332 si
2630 4292 2992 4349 cognosceres
3023 4277 3225 4341 virum,
3281 4290 3395 4330 non

1824 4381 2044 4436 pareres
2071 4365 2264 4432 Deum,
2287 4367 2374 4420 cui
2410 4367 2584 4421 visum
2603 4376 2686 4423 est
2717 4383 2782 4423 ex
2809 4377 2882 4431 te,
2941 4374 3239 4437 propter-te
3259 4365 3393 4420 citra

1823 4455 2252 4524 corruptionem,
2297 4457 2437 4510 servi
2490 4456 2719 4510 formam
2774 4471 2992 4511 sumere
3049 4473 3063 4510 :
3114 4469 3395 4523 nunquam

155 4557 394 4626 Πνεῦμα
440 4555 610 4624 ἅγιον
649 4553 1040 4607 ἐπελεύσεται
1071 4548 1171 4602 ἐπὶ
1200 4546 1296 4611 σὲ,
1325 4546 1421 4600 καί
1464 4545 1713 4616 δύναμις

1825 4543 1983 4598 ﬂeres
2003 4543 2426 4598 instrumentum
2457 4543 2850 4598 incarnationis
2907 4543 3028 4612 ejus
3076 4541 3166 4610 qui
3212 4540 3395 4595 omnia

167 4648 459 4716 Ὑψίστου
481 4645 820 4700 ἐπισκιάσει
839 4661 938 4700 σοι
954 4660 966 4674 ·
991 4641 1136 4696 τοῦτ’
1154 4641 1322 4702 ἐστιν,
1349 4641 1410 4695 Ei
1433 4639 1727 4707 ἐγίνωσκες

155 4739 344 4809 ἄνδρα,
375 4738 475 4791 οὐκ
510 4736 576 4790 ἂν
605 4735 792 4797 ἔτεκες
821 4734 976 4798 Θεὸν,
1004 4731 1193 4786 δούλου
1223 4730 1437 4802 μορφὴν
1459 4729 1646 4784 λαϐεῖν
1665 4730 1729 4782 ἐκ

159 4829 250 4883 σοῦ
275 4830 362 4884 διὰ
396 4828 457 4882 σέ
491 4827 658 4898 χωρὶς
684 4824 891 4894 φθορᾶς
922 4821 1310 4892 εὐδοκήσαντα,
1337 4821 1438 4872 οὐκ
1465 4819 1532 4873 ἂν
1557 4819 1727 4890 δργα-

157 4937 243 4975 νον
269 4919 452 4986 ὲγίνου
480 4918 581 4988 τῆς
612 4915 707 4969 τοῦ
735 4915 914 4968 πάντα
933 4911 1349 4984 παραγαγόντος
1375 4908 1726 4980 σαρκώσεως.

170 5013 308 5066 Ἀλλ’
356 5010 542 5080 ἐπειδὴ
584 5007 800 5078 καθαρὰ
851 5006 1140 5075 τυγχάνεις
1199 5002 1388 5070 κοίτης
1434 5002 1682 5071 γαμικῆς
1709 5039 1724 5065 ,

161 5101 344 5173 ίπειδή
391 5101 485 5154 τὸν
531 5099 656 5153 ναδν
699 5097 994 5168 ἄφθαρτον,
1021 5095 1118 5149 καὶ
1161 5094 1261 5165 τήν
1306 5094 1516 5164 σκηνήν
1550 5093 1726 5164 ῥύπου

163 5194 358 5257 παντὸς
401 5190 689 5260 ἐλευθέραν
736 5189 1034 5258 ἐτήρησας,
1061 5186 1154 5240 καὶ
1182 5187 1210 5238 ὁ
1239 5184 1430 5256 Πατὴρ
1471 5184 1732 5254 ἐπιδημεῖ

163 5300 263 5346 σοι.
293 5285 390 5338 καὶ
423 5282 483 5336 τὸ
518 5280 739 5351 Πνεῦμα
768 5278 1099 5340 ἐπισκιάζει,
1132 5277 1230 5330 καὶ
1267 5275 1410 5345 μετα
1439 5273 1642 5342 σαρκὸς
1663 5275 1729 5328 ἐκ

163 5371 256 5427 σοῦ
285 5374 314 5426 ὁ
335 5369 644 5441 Μονογενὴς
681 5369 947 5422 τίκτεται.
987 5367 1059 5419 Σὺ
1099 5360 1194 5418 οὖν
1222 5360 1486 5433 μηδαμῶς
1513 5361 1730 5431 διακρι-

163 5466 260 5536 θῇς
287 5469 356 5520 τὰ
383 5465 511 5533 ἑξῆς
541 5463 835 5534 μυστήρια,
871 5459 945 5530 μὴ
971 5458 1252 5529 διακριθῇς
1284 5458 1341 5509 ἐν
1376 5453 1625 5526 σπηλαίῳ
1648 5455 1730 5506 τί-

163 5571 362 5609 κτουσα
395 5556 486 5607 τὸν
529 5554 657 5616 ὅλης
701 5553 799 5623 τῆς
846 5550 1080 5610 κτίσεως
1119 5547 1482 5618 Δημιουργὸν,
1514 5547 1588 5616 μή
1619 5545 1734 5598 δια·

1823 4633 2100 4706 produxit.
2147 4633 2348 4688 Verum
2395 4634 2523 4704 quia
2580 4635 2783 4688 munda
2823 4649 2885 4688 es
2913 4647 2943 4686 a
2974 4631 3270 4686 concubitu
3293 4647 3397 4684 nu-

1822 4727 1996 4798 ptiali,
2020 4727 2146 4797 quia
2178 4727 2440 4795 templum
2469 4726 2868 4795 incorruptum,
2891 4734 2948 4780 et
2983 4723 3397 4779 tabernaculum

1823 4819 1893 4874 ab
1929 4817 2078 4872 omni
2106 4815 2267 4871 sorde
2293 4816 2521 4869 liberum
2547 4815 2884 4870 conservasti
2917 4833 2930 4868 :
2954 4822 3010 4868 et
3037 4811 3200 4867 Pater
3219 4810 3401 4881 hospi-

1824 4919 1970 4964 tatur
1991 4907 2132 4977 apud
2165 4915 2238 4975 te,
2257 4913 2313 4960 et
2344 4904 2583 4976 Spiritus
2605 4914 2828 4960 sanctus
2875 4903 3186 4969 obumbrat,
3221 4911 3279 4958 et
3309 4918 3399 4956 as-

1833 5009 2048 5068 sumpta
2071 5013 2237 5053 carne
2262 4996 2592 5068 Unigenitus
2621 5012 2689 5052 ex
2740 5006 2811 5051 te-
2837 4996 3123 5050 nascitur:
3166 5009 3284 5048 eam
3329 4994 3400 5048 ob

1834 5103 1971 5146 rem.
1994 5103 2064 5140 ne
2083 5085 2306 5140 dubites
2342 5083 2453 5138 ullo
2485 5083 2668 5147 modo,
2737 5081 2808 5138 de
2856 5080 3085 5151 reliquis
3123 5077 3402 5150 mysteriis

1834 5192 1903 5231 ne
1933 5177 2008 5230 sis
2027 5174 2208 5237 auxia,
2229 5174 2272 5228 si
2298 5174 2478 5243 parias
2517 5173 2573 5227 in
2605 5171 2820 5226 stabulo
2843 5171 3112 5225 universa:
3138 5179 3402 5224 creatura:

1834 5265 2084 5336 opiﬁcem
2121 5279 2135 5317 :
2177 5278 2245 5318 ne
2275 5263 2516 5330 haesites,
2554 5263 2601 5317 si
2623 5262 2817 5316 sedere
2854 5260 3025 5316 facias
3055 5259 3111 5313 in
3133 5255 3401 5327 praesepio

1834 5373 1960 5415 eum
1990 5355 2085 5426 qui
2114 5357 2271 5408 sedet
2298 5354 2353 5407 in
2393 5353 2561 5409 dorso
2591 5350 2909 5414 Cherubim,
2941 5350 2986 5406 si
3041 5363 3152 5402 non
3203 5345 3403 5400 habeas

1835 5452 2013 5506 locum
2069 5449 2123 5503 in
2172 5446 2492 5509 diversorio,
2531 5461 2656 5501 cum
2717 5444 2796 5500 sis
2828 5449 3001 5498 mater
3033 5438 3176 5509 regis
3212 5450 3400 5490 eorum

1835 5559 1954 5613 qua:
1983 5555 2198 5594 sursum
2227 5545 2354 5593 sunt
2378 5540 2726 5592 etcleorsum.
2755 5535 2953 5590 Libens
2969 5531 3115 5587 enim
3137 5528 3230 5598 qui
3265 5544 3332 5581 ex
3351 5533 3403 5578 te

167 5646 353 5717 κριθῇς
384 5648 440 5700 ἐν
467 5647 641 5715 φάτνῃ
671 5643 968 5706 καθίζουσα
992 5641 1084 5693 τὸν
1130 5639 1224 5692 ἐπὶ
1268 5637 1378 5691 τῶν
1409 5637 1593 5691 νώτων
1623 5637 1713 5692 τῶε

1839 5641 2000 5688 natus
2024 5641 2128 5694 Cal,
2177 5645 2384 5701 pauper
2408 5628 2660 5694 eﬂicitur,
2712 5635 2770 5682 ut
2804 5625 3004 5681 divites
3057 5621 3311 5680 refrenet,
3348 5624 3398 5670 et

238 5820 282 5853 ³⁷⁵
311 5819 426 5876 Joa.
454 5837 547 5888 vn,
580 5821 662 5890 lli.
744 5821 786 5852 ³⁸
817 5819 956 5873 Psal.
984 5835 1040 5882 ιι,
1063 5821 1114 5872 7.
1191 5818 1232 5848 "‘
1255 5814 1382 5869 Luc.
1413 5831 1448 5878 ι,
1473 5814 1560 5868 23$-

1639 5814 1680 5844 ³⁷
1714 5813 1840 5867 ibid.
1874 5812 1960 5866 35.
