4142 6436
119 359 269 426 1469

1566 385 1876 449 SERMON
1881 390 1992 450 ES.

3257 414 3386 478 15.70

108 476 185 599 δῖ
231 481 385 550 τέκῃ
435 482 611 550 θῆλυ,
652 485 746 553 δὶς
777 489 927 545 ἑπτὰ
952 492 1284 563 ἀκάθαρτος
1309 497 1503 556 ἔσται.
1548 500 1703 560 Τίνος

1815 507 2060 575 adduxit.
2119 511 2177 566 Si
2234 524 2410 570 autem
2451 523 2710 588 pepererit
2762 525 3035 592 feminam,
3061 529 3140 582 bis
3193 544 3390 599 septem

107 570 291 640 χάριν
349 576 586 631 ἐνταῦθα
629 579 730 642 τὰς
789 582 1010 653 ἡμέρας
1067 586 1416 652 διπλασίονας
1478 591 1712 657 ἔταξε-ις

121 659 369 738 Ἐπειδὴ
393 666 508 722 Εὕα
535 671 696 724 πάλιν
715 672 822 725 ἀπὸ
839 674 938 745 τῆς
964 675 1105 740 Εὔας
1131 679 1396 742 τίκτεται,
1424 681 1484 732 τὸ
1513 683 1713 752 σαθρὸν

106 756 349 822 σκεῦος.
379 763 440 814 eo
477 765 700 828 ἀσθενὲς
729 771 953 835 ἀγγεῖον
975 811 988 834 ,
1021 771 1083 824 τὸ
1120 776 1585 846 συντετριμμένον
1617 795 1714 830 κε-

101 853 351 916 ράμιον,
387 855 419 918 ἡ
456 861 801 925 χειραγωγὸς
840 863 938 929 τῆς
995 864 1306 933 παρακοῆς,
1343 868 1375 935 ή
1439 867 1533 919 τοῦ
1582 868 1714 938 δρά-

100 957 321 1006 κοντος
349 944 653 1014 σύμϐουλος
677 966 690 980 ο
716 950 830 1002 ἀλλ’
865 951 1053 1023 ὥσπερ
1087 954 1330 1024 ἤκουσας
1364 959 1620 1024 γυναικὸς
1647 962 1714 1014 τὰ

100 1035 477 1106 ἐγκλήματα,
513 1039 674 1111 δεῦρο
700 1044 795 1094 καὶ
819 1045 880 1096 τὸ
914 1043 974 1109 ἐξ
1010 1047 1183 1116 αὐτῆς
1208 1050 1544 1117 κατόρθωμα
1575 1053 1711 1120 μάν-

100 1128 274 1178 θανε.
337 1130 478 1200 Γυνὴ
502 1133 806 1202 παρθενίαν
841 1135 920 1197 τῷ
954 1136 1056 1207 βίῳ
1084 1140 1404 1208 εἰσήγαγεν,
1431 1140 1712 1212 ἐχώρησεν

99 1217 165 1267 ἐν
199 1219 273 1288 τῇ
311 1222 515 1291 γαστρὶ
544 1221 635 1274 τὸν
664 1223 796 1276 Θεὸν
819 1225 878 1278 ὃν
907 1229 938 1296 ἠ
985 1229 1167 1290 κτίσις
1201 1231 1448 1300 χωρῆσαι
1496 1233 1556 1284 οὐ
1618 1233 1711 1287 δύ-

98 1325 285 1360 ναται
319 1327 332 1339 ·
366 1313 554 1366 ἔτεκεν
586 1315 642 1366 ὲν
675 1318 838 1384 σαρκὶ
868 1317 1077 1382 τοῦτον,
1103 1321 1250 1384 ὅστις
1281 1323 1438 1392 ⁴ζπμῶν
1468 1312 1528 1376 τδ
1551 1324 1712 1391 γένος

97 1398 433 1456 ἀνέπλασεν
462 1420 476 1433 ·
511 1404 703 1474 πρώτη
739 1407 831 1460 τὸν
880 1407 1087 1479 Ἰησοῦν
1110 1413 1173 1464 ὲκ
1203 1413 1417 1483 νεκρῶν
1444 1414 1707 1478 ὑπεδέξαο

95 1510 190 1559 το,
228 1494 432 1566 πρώτη
460 1497 556 1549 τοῦ
587 1499 946 1570 κηρύγματος
976 1504 1075 1571 τῆς
1107 1505 1458 1568 ἀναστάσεως
1482 1506 1706 1575 ἦρξατο,

98 1591 322 1662 πρώτη
357 1593 455 1660 τὴν
507 1595 684 1666 χαρὰν
719 1600 833 1660 τοῖς
884 1599 1158 1669 μαθηταῖς
1202 1604 1493 1672 ἐμήνυσεν.
1537 1605 1705 1673 Γυνὴ

99 1682 253 1749 ἣτις
285 1725 303 1748 ,
339 1687 524 1754 φησιν,
557 1691 979 1759 σπερματισθῇ
1003 1709 1016 1722 ·
1052 1695 1084 1763 ἡ
1138 1694 1400 1758 Θεοτόκος
1459 1698 1513 1750 δὲ
1568 1700 1705 1770 γυνὴ

101 1775 215 1842 μὲν
259 1770 357 1846 ἧν,
388 1778 457 1830 τὰ
501 1781 779 1846 γυναικῶν
806 1783 861 1835 δὲ
895 1785 954 1836 ού
991 1785 1260 1839 πέπονθεν
1287 1802 1300 1814 ·
1341 1788 1562 1859 σπέρμα
1594 1791 1704 1861 γὰρ

97 1867 319 1936 ἀνδρὸς
341 1871 374 1940 ἡ
402 1872 616 1942 γαστὴρ
639 1873 738 1926 ούκ
761 1873 998 1940 ἐδέξατο,
1022 1879 1119 1930 οὐκ
1149 1875 1289 1932 εἶδεν
1304 1853 1535 1952 ἄροτρον
1561 1883 1587 1933 ὁ
1739 1853 1782 1906 Β

96 1957 344 2026 Μαρίας
368 1960 556 2030 ἀγρὸς,
587 1965 617 2016 ὁ
649 1965 976 2035 παρθενικδς
999 1969 1261 2038 ἁμπελὼν
1283 1972 1383 2042 οὐχ
1409 1973 1703 2042 ὑπέμεινεν

99 2048 393 2116 δίκελλαν,
420 2053 561 2106 ὥστε
592 2055 691 2126 οὐχ
742 2058 887 2127 ὑπὲρ
929 2059 1100 2130 αὐτῆς
1137 2063 1168 2131 ἡ
1215 2064 1530 2133 προσφορὰ,
1568 2065 1708 2136 ὑπὲρ

100 2144 242 2195 ὅλου
297 2145 393 2198 τοῦ
422 2147 614 2213 γένους
660 2150 912 2217 ἐγένετο’
946 2154 1106 2223 ἡμῶν
1139 2155 1248 2225 γὰρ
1281 2155 1447 2209 ἕνεκα
1486 2159 1708 2229 περιτέ-

107 2254 321 2304 μνεται
351 2240 609 2309 Χριστος,
629 2242 770 2313 ὑπὲρ
801 2245 959 2315 ἡμῶν
985 2247 1079 2298 καὶ
1103 2247 1552 2320 βαπτίζεται,ὲφ’
1579 2254 1708 2322 ἡμῖν

103 2328 362 2382 τελεῖται
390 2333 458 2385 τὰ
490 2332 583 2384 νοῦ
619 2334 785 2404 νόμου
811 2337 1086 2407 καθάρσια
1109 2355 1123 2369 ο
1165 2340 1260 2393 ἐὰν
1303 2342 1550 2414 δακρύσῃ
1569 2384 1583 2405 ,
1611 2346 1710 2411 τὴν

110 2417 291 2484 φύσιν
329 2421 589 2474 ὲκπλύνει
620 2440 635 2454 ι
679 2426 774 2478 ὲάν
817 2428 1066 2499 ραπισθῇ
1097 2467 1112 2491 ,
1147 2431 1246 2501 τὴν
1277 2433 1553 2503 ἡμετέραν
1584 2437 1707 2506 αἰχ-

114 2511 419 2577 μαλωσίαν
440 2512 735 2584 ἐλευθεροῖ⁸
762 2517 858 2569 ἐὰν
880 2517 1143 2586 βαστάσει
1169 2523 1262 2573 τὸν
1285 2524 1541 2596 σταυρὸν,
1561 2529 1709 2596 ἡμᾶς

113 2602 379 2668 κουφίζει
420 2605 516 2657 τοῦ
552 2607 720 2675 ζυγοῦ
754 2610 858 2676 τῆς
910 2612 1188 2681 ἁμαρτίας
1211 2631 1226 2645 ·
1255 2616 1350 2667 ἐὰν
1397 2618 1705 2688 ὲμπτυσθῇ,

112 2692 213 2744 τὸν
258 2693 432 2764 ’Δδὰμ
486 2699 822 2754 ἀπαλλάττει
880 2703 979 2756 τοῦ
1033 2704 1134 2775 τῆς
1191 2707 1442 2778 κατάρας
1493 2709 1708 2780 ἐμπτύε-

117 2800 364 2853 σματος.

195 2877 340 2931 Ὅτε
372 2880 797 2950 ἐπλήσθησαν,
827 2888 1012 2958 φησὶν,
1050 2894 1110 2944 αὶ
1141 2893 1350 2962 ἡμέραι
1395 2895 1502 2949 τοῦ
1531 2900 1710 2950 καθα-

109 2972 348 3039 ρισμοῦ
378 2973 597 3038 αὐτῶν,
622 2977 930 3047 ἀνήγαγον
958 2983 1145 3036 αὐτὸν
1173 2988 1261 3050 εις
1294 2987 1708 3056 Ἰεροσόλυμα,

119 3065 324 3128 καθὼς
356 3064 675 3134 τέτραπται
700 3070 769 3123 ἐν
794 3073 956 3141 νόμῳ
977 3076 1218 3143 Κυρίου,
1256 3077 1343 3131 ὅτι
1374 3078 1498 3135 πᾶν
1521 3079 1710 3149 ἄρσεν

1819 604 2025 670 impura
2056 607 2176 659 erit.
2209 606 2380 676 Cujus
2411 610 2488 662 rei
2518 613 2688 681 gratia
2722 612 2814 667 liic
2850 614 3062 670 dierum
3101 633 3391 675 numerum

1817 694 2090 764 duplicem
2145 698 2382 754 statuit?
2412 698 2548 765 Quia
2575 701 2684 758 Eva
2716 720 2937 760 rursum
2977 708 3046 762 ab
3085 709 3196 764 Eva
3218 712 3392 783 gigni-

1817 799 1924 855 tur,
1982 789 2170 860 fragile
2226 791 2671 857 instrumentum,
2730 797 2910 852 debile
2969 815 3084 862 vas,
3162 805 3391 858 contrita

1817 889 1979 942 testa,
2004 883 2386 938 manuductrix
2414 885 2821 954 inobedientiaa,
2877 906 2976 960 per
3011 907 3174 960 quam
3223 897 3391 948 suasit

1815 988 2064 1041 serpens.
2089 974 2194 1028 Sed
2229 975 2372 1029 sicut
2403 977 2604 1030 audisti
2641 979 2886 1035 mulieris
2918 983 3271 1052 improperia,
3305 985 3391 1039 hic

1816 1078 2033 1133 quoque
2053 1074 2108 1118 et
2135 1067 2377 1120 mulieris
2404 1068 2597 1122 merita
2634 1069 2820 1137 disce;
2878 1075 3074 1127 mulier
3107 1075 3388 1145 virginita-

1815 1169 1922 1213 tem
1959 1161 2159 1214 saeculo
2191 1161 2425 1224 induxit,
2453 1163 2683 1218 contulit
2707 1165 2760 1218 in
2779 1166 2981 1234 gremio
3029 1167 3198 1222 Deum
3227 1184 3389 1238 quem

1826 1253 2031 1305 creatio
2054 1252 2337 1306 continere
2383 1269 2493 1307 non
2534 1264 2735 1323 potest,
2761 1258 3040 1324 generavit
3093 1258 3148 1312 in
3223 1274 3389 1314 carne

1814 1341 1962 1395 illum
1987 1343 2079 1412 qui
2103 1352 2348 1397 nostram
2387 1345 2798 1413 generationem
2830 1345 3154 1412 fabricavit;
3212 1349 3385 1417 prima

1810 1430 1994 1485 Jcsum
2018 1448 2084 1486 ex
2107 1434 2338 1487 mortuis
2362 1434 2601 1488 solutum
2657 1436 2888 1506 accepit,
2944 1437 3119 1507 prima
3177 1439 3388 1505 procla-

1830 1534 1987 1580 mata:
2021 1528 2442 1583 resurrectionis
2469 1527 2742 1596 primitias
2769 1530 3007 1598 accepit;
3037 1530 3211 1600 prima
3253 1546 3388 1601 gau-

1810 1617 1958 1672 dium
1990 1620 2274 1690 discipulis
2306 1620 2676 1676 annuntiavit.
2740 1621 2952 1689 Mulier,
3016 1625 3215 1693 inquit,
3271 1636 3388 1696 qua

1809 1716 2097 1782 susceperit
2151 1731 2346 1768 semen.
2414 1714 2639 1784 Deipara
2697 1726 2877 1771 autem
2914 1717 3114 1771 mulier
3165 1719 3386 1788 quidem

1811 1815 1948 1868 erat,
1977 1806 2268 1860 muliebria
2295 1823 2428 1862 vero
2464 1824 2578 1861 non
2627 1824 2786 1878 passa
2835 1820 2953 1877 est;
3006 1826 3194 1866 semen
3241 1812 3387 1866 enim

1811 1899 1913 1953 viri
1936 1911 2128 1955 venter
2163 1916 2274 1955 non
2302 1901 2563 1971 suscepit,
2615 1917 2793 1970 neque
2821 1902 2974 1956 novit
3009 1912 3248 1957 aratrum
3276 1901 3388 1958 Μαι

1813 1993 1908 2046 riae
1933 2008 2085 2062 ager,
2116 1992 2422 2063 virgineum
2447 1993 2692 2046 vinetum
2741 1994 3014 2062 pastinum
3045 2009 3152 2048 non
3185 1996 3388 2051 tolera-

1809 2085 1908 2150 vit,
1967 2086 2039 2138 ita
2093 2093 2152 2138 ut
2203 2100 2312 2138 non
2345 2101 2444 2151 pro
2487 2101 2546 2139 se
2574 2086 2929 2152 oblationem,
2963 2087 3057 2142 sed
3092 2102 3192 2156 pro
3237 2089 3387 2142 omni

1821 2177 2062 2228 humano
2084 2190 2283 2244 genere
2309 2175 2503 2231 iecerit
2530 2193 2544 2240 ;
2569 2185 2790 2246 propter
2804 2193 2906 2231 nos
2927 2177 3072 2231 enim
3096 2178 3386 2232 circumci-

1812 2269 1961 2322 ditur
1994 2267 2268 2334 Christus,
2301 2278 2525 2337 prOptcr
2555 2283 2656 2321 nos
2688 2277 2744 2322 et
2808 2268 3136 2337 baptizatur,
3167 2283 3265 2337 pro
3288 2283 3388 2321 no-

1812 2361 1896 2414 bis
1928 2359 2141 2429 perticit
2176 2359 2310 2430 legis
2336 2357 2782 2428 puriﬁcationes;
2815 2359 2858 2412 si
2879 2357 3111 2422 ﬂeverit,
3136 2367 3386 2412 naturam

1814 2451 1992 2514 lavat;
2037 2450 2080 2504 si
2113 2451 2296 2518 alapas
2347 2448 2655 2518 pertulerit,
2687 2459 2871 2504 nostra
2911 2466 3012 2504 nos
3069 2449 3388 2519 captivitate

1811 2542 2035 2608 liberat;
2068 2544 2114 2596 si
2145 2558 2361 2596 crucem
2396 2542 2741 2605 sustinuerit,
2765 2557 2866 2596 nos
2887 2543 3084 2596 allevat
3127 2541 3260 2612 jugo
3287 2541 3388 2595 ini-

1810 2636 2127 2706 quitatis;si
2162 2644 2319 2704 Sputa
2377 2634 2734 2698 induraverit,
2765 2635 3032 2688 Adamum
3056 2633 3246 2688 liberat
3271 2647 3388 2687 ma—

1811 2730 2119 2786 ledictionis
2148 2738 2330 2800 sputo.

1890 2889 2180 2960 Postquam
2224 2889 2428 2957 impleti
2453 2897 2595 2942 sunt.
2632 2888 2826 2957 inquit,
2856 2889 2967 2941 dies
3000 2888 3388 2958 puriﬁcationis

1812 3000 2013 3046 eorum,
2075 2982 2307 3035 tulerunt
2353 2982 2504 3034 illum
2550 2983 2604 3034 in
2629 2980 2945 3044 Jerusalem,
2973 2981 3108 3033 sicut
3135 2981 3386 3048 scriptum

1813 3087 1886 3130 est
1913 3079 1965 3130 in
1993 3078 2103 3146 lege
2127 3077 2360 3139 Domini,
2383 3077 2507 3143 quia
2565 3091 2719 3129 omne
2786 3074 3137 3127 masculinum
3194 3075 3390 3142 adape-

117 3155 435 3247 διανοῖγον
469 3158 725 3227 μήτραν,
757 3162 929 3232 ἅγιον
960 3165 1039 3230 τῷ
1079 3170 1275 3235 Κυρίῳ
1316 3172 1705 3238 κληθήσεται·

1815 3171 1954 3222 riens
1976 3169 2209 3228 vulvam,
2232 3177 2470 3220 sanctum
2501 3165 2728 3219 Domino
2771 3166 3068 3220 vocabitur.
3097 3165 3250 3220 Talia
3303 3167 3388 3221 lex

120 3244 304 3298 ταῦτα
325 3248 352 3298 ὁ
380 3250 544 3318 νόμος
571 3249 704 3320 ἔχει.
741 3253 798 3307 Ὀ
823 3255 1060 3325 Χριστὸς
1094 3258 1170 3322 δὲ,
1193 3259 1337 3314 καθὰ
1367 3262 1598 3333 ἔφημεν,
1634 3267 1710 3330 ώς

121 3335 430 3407 νομοθέτης
467 3340 559 3393 τὸν
589 3342 786 3395 ἑαυτοῦ
817 3347 983 3416 νόμον
1012 3350 1151 3421 ὑπὲρ
1182 3353 1345 3421 νόμον
1369 3355 1708 3425 ἐπλήρωσενο

121 3426 248 3482 οὐδὲ
289 3429 398 3500 γὰρ
428 3431 662 3500 ἤνοιξεν,
691 3434 828 3489 ἀλλὰ
860 3438 1260 3512 κεκλεισμένην
1283 3444 1381 3514 τὴν
1402 3445 1580 3517 πύλην
1610 3451 1709 3518 τῆς

125 3520 411 3588 Παρθένου
443 3525 742 3580 κατέλιπεν
775 3544 790 3560 ο
846 3529 946 3583 οὐκ
980 3532 1248 3605 ἐσύλησεν
1290 3537 1389 3608 τὴν
1433 3541 1709 3610 σφραγῖδα

123 3611 224 3678 τῆς
254 3613 469 3681 φύσεως
491 3632 507 3647 ⁸
534 3617 635 3670 οὐκ
663 3620 974 3690 ἐζημίωσεν
1003 3626 1102 3695 τὴν
1125 3629 1415 3684 τεκοῦσαν·
1444 3633 1708 3706 ἀκέραιον

125 3704 237 3775 γὰρ
282 3709 419 3778 αὐτῇ
475 3710 536 3762 τὸ
578 3713 762 3783 σχῆμα
799 3715 900 3784 τῆς
932 3718 1264 3788 παρθενείας
1295 3704 1624 3781 κατέλιπεν·
1658 3729 1706 3780 εί

123 3799 181 3850 δὲ
213 3801 485 3866 ἀπιστεῖς,
521 3805 675 3875 παρὰ
706 3806 801 3859 τοῦ
846 3808 1106 3880 Ὶεζεκιὴλ
1136 3816 1374 3882 μάνθανε
1404 3834 1417 3847 ·
1454 3819 1561 3872 Καὶ
1593 3822 1708 3874 ἀπ-

124 3888 429 3981 ἐστρεψέν
439 3911 518 3962 με
537 3899 690 3951 κατὰ
718 3897 832 3965 τὴν
855 3899 1000 3954 ὁδὸν
1020 3902 1132 3970 τῆς
1154 3907 1356 3974 πύλης
1379 3907 1496 3961 τῶν
1523 3912 1709 3981 ἁγίων

127 3998 147 4032 τ
166 3980 239 4046 ἧς
262 3983 552 4053 ἐξωτέρας
582 3989 690 4057 τῆς
709 3991 1070 4062 βλεπούσης
1097 3997 1248 4050 κατὰ
1265 3980 1586 4068 ἀνατολὰς,
1610 4005 1706 4058 καὶ

124 4074 280 4142 αὕτη
307 4076 386 4144 ἦν
415 4081 811 4150 κεκλασμένη
842 4099 855 4114 ο
890 4085 988 4138 καὶ
1049 4084 1223 4142 εἶπεν
1285 4093 1502 4161 Κύριος
1555 4099 1707 4164 πρός

125 4182 200 4230 με
222 4181 236 4195 ⁸
291 4166 357 4222 Ἡ
384 4170 546 4238 πύλη
571 4172 724 4238 αὕτη
760 4178 1164 4248 κεκλεισμένη
1190 4181 1385 4245 ἔσται,
1411 4211 1417 4218 -
1445 4187 1518 4238 ὺκ
1541 4187 1707 4241 ἀνοι-

132 4255 438 4325 χθήσεται,
493 4260 593 4314 καί
666 4265 867 4331 οὐδεὶς
947 4271 1020 4322 οὺ
1067 4269 1153 4338 μὴ
1220 4272 1427 4343 διέλθῃ
1475 4275 1551 4329 δι’
1593 4281 1704 4331 αὑ-

126 4347 234 4415 τῆς
254 4367 268 4381 ·
298 4352 388 4406 ὅτι
411 4358 626 4423 Κύριος
652 4360 685 4411 ό
718 4359 863 4425 Θεὸς
890 4363 998 4416 τοῦ
1042 4365 1280 4434 Ἰσραὴλ
1311 4369 1410 4422 καὶ
1441 4374 1707 4427 εἰσελεύ-

125 4457 297 4496 σεται
345 4445 444 4497 καὶ
496 4447 884 4510 ἐξελεύσεται
905 4495 920 4518 ,
985 4456 1081 4510 καὶ
1140 4458 1312 4513 ἔσται
1360 4463 1707 4532 κεκλεισμέ-

1814 3259 1977 3313 habet
2020 3277 2032 3310 :
2066 3257 2318 3311 Christus
2335 3266 2539 3321 autem,
2570 3265 2628 3310 ut
2654 3256 3043 3327 jamdiximus,
3087 3273 3192 3326 qua
3225 3257 3388 3327 legis-

1814 3351 1952 3404 lator
2004 3365 2160 3403 suam
2203 3349 2378 3419 ipsius
2400 3350 2573 3418 legem
2595 3364 2758 3417 supra
2780 3348 2954 3417 legem
2976 3347 3248 3416 implevit.
3280 3347 3388 3402 Ne-

1813 3458 1916 3512 que
1941 3442 2090 3495 enim
2111 3441 2417 3508 adaperuit,
2443 3441 2536 3493 sed
2592 3440 2834 3493 clausam
2895 3450 3107 3509 portam
3156 3437 3391 3508 Virginis

1812 3533 2063 3602 reliquit;
2084 3547 2194 3587 non
2221 3531 2382 3602 fregit
2406 3531 2640 3601 sigillum
2669 3541 2916 3597 naturae;
2942 3545 3052 3583 non
3107 3528 3390 3584 deﬂoravit

1811 3624 2174 3694 genitricem;
2216 3622 2602 3675 intemeratum
2640 3623 2784 3674 enim
2835 3619 2911 3672 illi
2948 3620 3166 3689 signum
3217 3619 3378 3688 virgi-

1813 3717 2001 3770 nitatis
2052 3715 2290 3784 reliquit.
2331 3713 2388 3767 Si
2436 3729 2568 3767 vero
2598 3728 2708 3766 non
2759 3713 2957 3776 credis,
2987 3713 3057 3765 ab
3103 3709 3390 3764 Ezechiele

1809 3812 2008 3864 docere
2037 3828 2048 3860 ε
2077 3808 2148 3862 Et
2177 3809 2432 3863 convertit
2471 3825 2553 3860 me
2578 3809 2646 3860 ad
2687 3807 2828 3860 viam
2870 3816 3041 3876 porta:
3087 3815 3391 3858 sanctorum

1810 3901 2084 3956 exterioris
2116 3916 2233 3969 qua:
2263 3899 2575 3966 respiciebat
2607 3898 2678 3950 ad
2729 3897 3005 3959 orientem,
3047 3901 3094 3946 et
3127 3895 3243 3962 ipsa
3276 3903 3389 3946 erat

1811 3992 2030 4056 clausa;
2065 4000 2112 4043 et
2139 3991 2274 4043 dixit
2305 3989 2564 4042 Dominus
2589 3989 2659 4040 ad
2693 4005 2774 4040 me
2805 4003 2822 4040 :
2857 3986 3022 4040 Porta
3062 3986 3171 4037 haec
3206 3983 3388 4036 clausa

1811 4087 1933 4150 erit,
1961 4101 2064 4138 non
2094 4082 2364 4152 aperietur
2387 4093 2433 4135 et
2471 4097 2622 4134 nemo
2654 4081 2901 4134 transibit
2935 4095 3026 4148 per
3057 4095 3207 4141 eam;
3263 4077 3390 4146 quia

1810 4178 2066 4231 Dominus
2085 4176 2226 4230 Deus
2254 4173 2427 4228 Israel
2448 4175 2717 4244 ingressus
2766 4180 2841 4225 est
2900 4180 2950 4224 et
3003 4186 3240 4240 egressus
3290 4178 3390 4230 est,

1809 4282 1858 4325 et
1887 4273 1985 4324 erit
2027 4271 2210 4323 clausa
2234 4269 2298 4321 ³⁸.
2334 4297 2401 4308 -
2433 4266 2600 4321 Omne
2676 4266 3023 4319 masculinum
3075 4262 3390 4330 adaperiens

1809 4365 2039 4429 uuluam,
2082 4372 2324 4417 sanctum
2373 4361 2595 4414 Domino
2626 4358 2919 4412 vocabitur.
2948 4356 3055 4409 Iste
3074 4364 3257 4408 autem
3277 4368 3385 4406 non

1808 4457 1985 4511 solum
2045 4463 2314 4514 sanctus;
2380 4459 2648 4521 quantum
2724 4449 2872 4505 enim
2946 4449 3234 4502 sanctitate
3289 4462 3388 4499 ex-

129 4547 222 4597 νη.
256 4560 322 4571 -
354 4534 488 4588 Πᾶν
535 4536 730 4604 ἄρσεν
765 4539 1076 4612 διανοῖγον
1099 4547 1371 4615 μήτραν,
1407 4549 1579 4619 ἅγιον
1625 4550 1704 4617 τῷ

1813 4551 2052 4613 tollitur,
2088 4555 2296 4602 tantum
2317 4542 2577 4614 praecellit
2607 4541 2890 4595 nativitate
2924 4548 2979 4592 et
3004 4537 3387 4606 superabunde

126 4624 321 4690 Κυρίῳ
340 4626 712 4693 κληθήσεται
741 4647 758 4664 ο
789 4627 946 4697 οὗτος
963 4635 1019 4688 δὲ
1042 4637 1102 4689 οὑ
1142 4638 1303 4707 μόνον
1333 4641 1511 4709 ᾰγιος.
1541 4643 1704 4697 Ὅσον

124 4715 306 4770 τοίνυν
327 4718 589 4790 ὑπερέχει
613 4721 689 4791 τῷ
719 4723 998 4796 ἁγιασμῷ,
1034 4729 1291 4783 τοσοῦτον
1327 4734 1422 4786 καὶ
1455 4733 1533 4804 τῷ
1559 4737 1704 4807 τόκῳ

128 4805 462 4874 πλεονεκτεῖ,
496 4814 590 4866 καὶ
627 4813 722 4866 τοῦ
744 4816 921 4885 ’νόμου
952 4819 1050 4888 τὴν
1084 4821 1305 4893 ἐντολὴν
1337 4805 1700 4898 ἀναϐέϐηκεν-ο

126 4899 267 4989 πλὴν
295 4901 350 4954 δὲ
389 4904 560 4972 ὅμως,
600 4907 711 4962 Τοῦ
750 4908 962 4962 δοῦναι
996 4915 1220 4968 θυσίαν
1256 4919 1409 4972 κατὰ
1445 4920 1510 4972 τὸ
1544 4923 1700 4989 εἰρη-

121 4987 307 5053 μένον
337 4992 406 5045 ἐν
445 4994 606 5063 νόμῳ
649 4997 895 5064 Κυρίου,
931 4998 1134 5071 ζεῦγος
1164 5007 1491 5075 τρυγόνων,
1528 5011 1562 5078 ἣ
1590 4987 1698 5065 δύο

128 5082 431 5149 νεοσσοὺς
472 5087 847 5155 περιστερῶν
871 5130 886 5154 ,
925 5092 1111 5146 ἀτελεῖ
1156 5097 1246 5149 τὸν
1286 5098 1451 5169 νόμον
1483 5103 1512 5153 ὁ
1560 5103 1700 5154 Λου-

127 5171 266 5235 κᾶς;
299 5171 413 5225 Οὐκ
447 5174 644 5247 ἀγνοίᾳ⁵
698 5180 1034 5248 κρατηθεὶς,
1072 5185 1235 5256 σοφίᾳ
1283 5186 1339 5238 δὲ
1384 5189 1694 5260 ὁδηγηθεὶς,

124 5261 356 5326 ἐξέθετο.
425 5264 483 5317 ’0
525 5267 623 5335 μὲν
661 5269 825 5338 νόμος
879 5272 1063 5340 ἔλεγεν
1124 5278 1295 5346 ἀμνὸν
1331 5282 1425 5333 καὶ
1457 5283 1697 5336 νεοσσὸνο

125 5355 222 5407 οὐκ
253 5357 615 5427 εὐποροῦντος
645 5362 702 5415 δὲ
732 5364 828 5417 τοῦ
859 5369 1264 5439 προσφέροντος
1286 5413 1300 5435 ,
1337 5373 1530 5442 ζεῦγος
1565 5393 1698 5446 τρυ-

125 5450 297 5512 γόνων
350 5451 383 5522 ἢ
439 5452 534 5505 δύο
582 5456 842 5520 νεοσσοὺς
889 5463 1251 5532 περιστερῶν,
1272 5465 1365 5517 καὶ
1423 5467 1702 5535 σεμίδαλιν

126 5543 531 5609 προσέταττεν·
588 5548 616 5598 ὁ
671 5550 884 5614 Λουκᾶς
942 5553 999 5606 δὲ
1047 5555 1144 5625 τὴν
1192 5557 1287 5610 τοῦ
1338 5559 1702 5626 πλουτοῦντος

127 5633 331 5703 ἀφῆκεν
376 5639 726 5708 προσφοράν·
768 5645 983 5713 πτωχοῦ
1027 5648 1133 5719 γὰρ
1166 5651 1574 5723 ἐμνημόνευσεν
1603 5658 1696 5711 τοῦ

209 5806 250 5835 ³⁸
282 5805 481 5865 Ετευιι.
513 5826 658 5874 mv,
694 5814 751 5864 2.

1813 4644 1947 4714 legis
1977 4648 2248 4711 precepta
2275 4637 2534 4706 complet.
2571 4634 2634 4687 1n
2672 4634 2780 4687 hoc
2809 4643 2992 4685 autem
3027 4644 3042 4682 :
3083 4628 3144 4683 Ut
3198 4629 3386 4681 darent

1809 4736 2056 4797 hostiam,
2083 4735 2367 4785 secundum
2395 4726 2531 4796 quod
2557 4724 2750 4777 dicitur
2777 4722 2830 4772 in
2865 4719 2974 4787 lege
2993 4715 3229 4774 Domini,
3288 4729 3387 4780 par

1812 4838 2100 4888 turturum,
2127 4831 2222 4876 aut
2251 4823 2380 4876 duos
2411 4817 2581 4888 pullos
2614 4813 3021 4867 columbarum:
3071 4821 3258 4861 nonne
3308 4804 3387 4856 le-

1808 4935 1927 4991 gem
1959 4918 2253 4971 obtruncat
2303 4911 2515 4966 Lucas?
2555 4906 2674 4961 Non
2711 4902 3016 4975 ignorantia
3064 4896 3386 4991 captususe-d

1806 4986 2075 5080 sapientia
2138 5007 2357 5067 ductus,
2417 5001 2490 5054 ita
2543 4994 2875 5053 enuntiavit.
2913 4993 3022 5047 Lex
3080 4989 3227 5044 enim
3256 4986 3387 5042 dicit

1807 5122 2006 5177 agnum
2037 5109 2092 5156 et
2121 5097 2468 5158 columbam;
2499 5091 2543 5147 si
2568 5101 2757 5177 autem,
2777 5089 2931 5142 dives
2959 5101 3069 5177 non
3098 5082 3269 5177 fuerit
3290 5079 3387 5177 ille

1805 5168 1898 5264 qui
1930 5191 2110 5250 oll'ert,
2141 5201 2241 5256 par
2281 5191 2563 5237 turturum
2603 5187 2698 5231 aut
2729 5176 2868 5229 duos
2910 5173 3087 5243 pullos
3106 5168 3387 5264 columba-

1808 5261 1949 5348 rum.
1977 5293 2032 5339 et
2076 5283 2268 5336 ﬂorem
2300 5277 2489 5332 farinze
2531 5280 2798 5342 apponet;
2836 5267 3008 5321 Lucas
3039 5279 3170 5319 vero
3204 5261 3387 5315 divitis

1809 5377 1995 5433 omisit
2038 5372 2398 5430 oblationem,
2437 5362 2916 5427 humilitatemque
2935 5349 3388 5410 commemoravit

1811 5474 1958 5528 illius
1989 5468 2083 5539 qui
2111 5460 2419 5521 voluntarie
2452 5465 2677 5528 propter
2727 5467 2828 5507 nos
2874 5447 3230 5516 semetipsum
3284 5443 3386 5496 hu-

1809 5564 2061 5622 miliavit.
2103 5559 2219 5614 Non
2245 5563 2364 5611 erat
2398 5552 2497 5615 illi,
2519 5548 2738 5610 dicitur,
2773 5545 2863 5599 ubi
2901 5542 3383 5606 reclinareteaput.

1812 5659 1955 5714 unde
1983 5665 2182 5724 agnum
2214 5641 2620 5716 comparasset?
2666 5640 2718 5692 in
2765 5635 3030 5708 praesepio
3060 5629 3252 5702 pannis
3299 5627 3383 5680 in-
