  <div class='ocr_page' id='page_1' title='image "/cluster/home/n/w/nwhite01/storage/ocr_20150623/93/nnc1.0046980059/725.png"; bbox 0 0 4142 6436; ppageno 0'>
   <div class='ocr_carea' id='block_1_1' title="bbox 705 377 4020 463">
    <p class='ocr_par' dir='ltr' id='par_1_1' title="bbox 705 377 4020 463">
     <span class='ocr_line' id='line_1_1' title="bbox 705 377 4020 463; baseline -0.007 0"><span class='ocrx_word' id='word_1_1' title='bbox 705 400 837 463; x_wconf 69' lang='grc' dir='ltr'><strong>ΙᾹΒἾ</strong></span> <span class='ocrx_word' id='word_1_2' title='bbox 1890 392 2255 457; x_wconf 70' lang='lat' dir='ltr'><strong>lIESYCHlI</strong></span> <span class='ocrx_word' id='word_1_3' title='bbox 2298 389 2769 449; x_wconf 73' lang='lat' dir='ltr'><strong>PRESBYTERI</strong></span> <span class='ocrx_word' id='word_1_4' title='bbox 3874 377 4020 441; x_wconf 67' lang='lat' dir='ltr'><strong>H553</strong></span> 
     </span>
    </p>
   </div>
   <div class='ocr_carea' id='block_1_2' title="bbox 768 492 2404 582">
    <p class='ocr_par' dir='ltr' id='par_1_2' title="bbox 768 507 2354 582">
     <span class='ocr_line' id='line_1_2' title="bbox 768 507 2354 582; baseline -0.009 -11"><span class='ocrx_word' id='word_1_5' title='bbox 768 519 859 572; x_wconf 68' lang='lat'><strong>2|.</strong></span> <span class='ocrx_word' id='word_1_6' title='bbox 903 516 1003 581; x_wconf 84' lang='lat' dir='ltr'><strong>Qui</strong></span> <span class='ocrx_word' id='word_1_7' title='bbox 1065 530 1171 568; x_wconf 87' lang='lat' dir='ltr'><strong>non</strong></span> <span class='ocrx_word' id='word_1_8' title='bbox 1209 524 1290 568; x_wconf 75' lang='lat' dir='ltr'><strong>est</strong></span> <span class='ocrx_word' id='word_1_9' title='bbox 1321 514 1491 567; x_wconf 71' lang='lat' dir='ltr'><strong>fretus</strong></span> <span class='ocrx_word' id='word_1_10' title='bbox 1522 510 1835 582; x_wconf 72' lang='lat' dir='ltr'><strong>precatione</strong></span> <span class='ocrx_word' id='word_1_11' title='bbox 1861 507 2281 579; x_wconf 78' lang='lat' dir='ltr'><strong>cogitationibus</strong></span> <span class='ocrx_word' id='word_1_12' title='bbox 2316 509 2354 564; x_wconf 72' lang='grc' dir='ltr'>Α</span> 
     </span>
    </p>
   </div>
   <div class='ocr_carea' id='block_1_3' title="bbox 2380 492 4016 582">
    <p class='ocr_par' dir='ltr' id='par_1_3' title="bbox 2459 492 4016 569">
     <span class='ocr_line' id='line_1_3' title="bbox 2459 492 4016 569; baseline -0.007 -15"><span class='ocrx_word' id='word_1_13' title='bbox 2459 507 2559 554; x_wconf 83' lang='grc' dir='ltr'>κα’.</span> <span class='ocrx_word' id='word_1_14' title='bbox 2623 501 2683 553; x_wconf 85' lang='grc' dir='ltr'><strong>Ὀ</strong></span> <span class='ocrx_word' id='word_1_15' title='bbox 2716 500 2792 569; x_wconf 81' lang='grc' dir='ltr'>μὴ</span> <span class='ocrx_word' id='word_1_16' title='bbox 2823 498 2962 569; x_wconf 78' lang='grc' dir='ltr'>ἔχων</span> <span class='ocrx_word' id='word_1_17' title='bbox 3001 497 3164 569; x_wconf 78' lang='grc' dir='ltr'>εὐχὴν</span> <span class='ocrx_word' id='word_1_18' title='bbox 3195 495 3448 567; x_wconf 70' lang='grc' dir='ltr'>καθαρὰν</span> <span class='ocrx_word' id='word_1_19' title='bbox 3488 492 3814 563; x_wconf 74' lang='grc' dir='ltr'><strong>λογισμῶν,</strong></span> <span class='ocrx_word' id='word_1_20' title='bbox 3841 494 4016 543; x_wconf 56' lang='grc' dir='ltr'>ἰπέοεδ</span> 
     </span>
    </p>
   </div>
   <div class='ocr_carea' id='block_1_4' title="bbox 703 585 2339 682">
    <p class='ocr_par' dir='ltr' id='par_1_4' title="bbox 703 602 2278 682">
     <span class='ocr_line' id='line_1_4' title="bbox 703 602 2278 682; baseline -0.01 -15"><span class='ocrx_word' id='word_1_21' title='bbox 703 621 949 682; x_wconf 80' lang='lat' dir='ltr'><strong>purgata,</strong></span> <span class='ocrx_word' id='word_1_22' title='bbox 984 610 1316 663; x_wconf 82' lang='lat' dir='ltr'><strong>caretarmis</strong></span> <span class='ocrx_word' id='word_1_23' title='bbox 1348 606 1413 660; x_wconf 77' lang='lat' dir='ltr'><strong>ad</strong></span> <span class='ocrx_word' id='word_1_24' title='bbox 1444 607 1644 660; x_wconf 73' lang='lat' dir='ltr'><strong>bellum</strong></span> <span class='ocrx_word' id='word_1_25' title='bbox 1682 605 1846 674; x_wconf 88' lang='lat' dir='ltr'><strong>aptis.</strong></span> <span class='ocrx_word' id='word_1_26' title='bbox 1894 602 2278 656; x_wconf 79' lang='lat' dir='ltr'><strong>Precationem</strong></span> 
     </span>
    </p>
   </div>
   <div class='ocr_carea' id='block_1_5' title="bbox 2381 585 4017 682">
    <p class='ocr_par' dir='ltr' id='par_1_5' title="bbox 2381 585 4017 664">
     <span class='ocr_line' id='line_1_5' title="bbox 2381 585 4017 664; baseline -0.006 -18"><span class='ocrx_word' id='word_1_27' title='bbox 2381 594 2485 648; x_wconf 79' lang='grc' dir='ltr'><strong>οὐκ</strong></span> <span class='ocrx_word' id='word_1_28' title='bbox 2514 594 2627 664; x_wconf 81' lang='grc' dir='ltr'>ἔχει</span> <span class='ocrx_word' id='word_1_29' title='bbox 2656 595 2737 657; x_wconf 87' lang='grc' dir='ltr'><strong>είς</strong></span> <span class='ocrx_word' id='word_1_30' title='bbox 2778 593 3013 663; x_wconf 79' lang='grc' dir='ltr'>πόλεμον</span> <span class='ocrx_word' id='word_1_31' title='bbox 3032 608 3047 625; x_wconf 75' lang='grc' dir='ltr'><strong>ο</strong></span> <span class='ocrx_word' id='word_1_32' title='bbox 3086 591 3249 661; x_wconf 79' lang='grc' dir='ltr'>εὐχὴν</span> <span class='ocrx_word' id='word_1_33' title='bbox 3278 590 3335 643; x_wconf 80' lang='grc' dir='ltr'>δὲ</span> <span class='ocrx_word' id='word_1_34' title='bbox 3370 589 3516 657; x_wconf 82' lang='grc' dir='ltr'>λέγω</span> <span class='ocrx_word' id='word_1_35' title='bbox 3545 585 3816 647; x_wconf 75' lang='grc' dir='ltr'>ἀεννὰως</span> <span class='ocrx_word' id='word_1_36' title='bbox 3855 586 4017 655; x_wconf 67' lang='grc' dir='ltr'>ἐνερ-</span> 
     </span>
    </p>
   </div>
   <div class='ocr_carea' id='block_1_6' title="bbox 701 676 2337 769">
    <p class='ocr_par' dir='ltr' id='par_1_6' title="bbox 701 694 2283 769">
     <span class='ocr_line' id='line_1_6' title="bbox 701 694 2283 769; baseline -0.007 -15"><span class='ocrx_word' id='word_1_37' title='bbox 701 705 846 763; x_wconf 85' lang='lat' dir='ltr'><strong>dico,</strong></span> <span class='ocrx_word' id='word_1_38' title='bbox 871 717 1086 769; x_wconf 80' lang='lat' dir='ltr'><strong>semper</strong></span> <span class='ocrx_word' id='word_1_39' title='bbox 1114 701 1383 768; x_wconf 65' lang='lat' dir='ltr'><strong>vigentem</strong></span> <span class='ocrx_word' id='word_1_40' title='bbox 1429 698 1481 751; x_wconf 89' lang='lat' dir='ltr'><strong>in</strong></span> <span class='ocrx_word' id='word_1_41' title='bbox 1533 696 1903 766; x_wconf 71' lang='lat' dir='ltr'><strong>penetralibus</strong></span> <span class='ocrx_word' id='word_1_42' title='bbox 1952 694 2181 747; x_wconf 76' lang='lat' dir='ltr'><strong>animm:</strong></span> <span class='ocrx_word' id='word_1_43' title='bbox 2223 699 2283 745; x_wconf 88' lang='lat' dir='ltr'><strong>ut</strong></span> 
     </span>
    </p>
   </div>
   <div class='ocr_carea' id='block_1_7' title="bbox 2375 676 4011 769">
    <p class='ocr_par' dir='ltr' id='par_1_7' title="bbox 2383 676 4011 759">
     <span class='ocr_line' id='line_1_7' title="bbox 2383 676 4011 759; baseline -0.009 -18"><span class='ocrx_word' id='word_1_44' title='bbox 2383 689 2658 759; x_wconf 84' lang='grc' dir='ltr'>γουμένην</span> <span class='ocrx_word' id='word_1_45' title='bbox 2683 689 2742 742; x_wconf 81' lang='grc' dir='ltr'>ὲν</span> <span class='ocrx_word' id='word_1_46' title='bbox 2773 686 2989 749; x_wconf 78' lang='grc' dir='ltr'><strong>ἀδύτοις</strong></span> <span class='ocrx_word' id='word_1_47' title='bbox 3022 684 3123 753; x_wconf 80' lang='grc' dir='ltr'>τῆς</span> <span class='ocrx_word' id='word_1_48' title='bbox 3171 682 3374 752; x_wconf 69' lang='grc' dir='ltr'>ψυχῆς,</span> <span class='ocrx_word' id='word_1_49' title='bbox 3412 682 3503 733; x_wconf 86' lang='grc' dir='ltr'>ἶνα</span> <span class='ocrx_word' id='word_1_50' title='bbox 3547 682 3621 750; x_wconf 78' lang='grc' dir='ltr'>τῇ</span> <span class='ocrx_word' id='word_1_51' title='bbox 3657 676 3767 731; x_wconf 83' lang='grc' dir='ltr'><strong>τοῦ</strong></span> <span class='ocrx_word' id='word_1_52' title='bbox 3825 677 4011 744; x_wconf 65' lang='grc' dir='ltr'>Ἱηπῦ</span> 
     </span>
    </p>
   </div>
   <div class='ocr_carea' id='block_1_8' title="bbox 705 768 2341 865">
    <p class='ocr_par' dir='ltr' id='par_1_8' title="bbox 705 768 2279 865">
     <span class='ocr_line' id='line_1_8' title="bbox 705 768 2279 865; baseline -0.008 -15"><span class='ocrx_word' id='word_1_53' title='bbox 705 813 803 865; x_wconf 80' lang='lat' dir='ltr'><strong>per</strong></span> <span class='ocrx_word' id='word_1_54' title='bbox 835 768 1235 849; x_wconf 70' lang='lat' dir='ltr'><strong>invocationem</strong></span> <span class='ocrx_word' id='word_1_55' title='bbox 1262 791 1392 846; x_wconf 80' lang='lat' dir='ltr'><strong>Jesu</strong></span> <span class='ocrx_word' id='word_1_56' title='bbox 1422 789 1627 845; x_wconf 87' lang='lat' dir='ltr'><strong>Christi</strong></span> <span class='ocrx_word' id='word_1_57' title='bbox 1655 799 1711 844; x_wconf 91' lang='lat' dir='ltr'><strong>et</strong></span> <span class='ocrx_word' id='word_1_58' title='bbox 1737 788 2054 842; x_wconf 88' lang='lat' dir='ltr'><strong>intestinum</strong></span> <span class='ocrx_word' id='word_1_59' title='bbox 2079 785 2279 840; x_wconf 89' lang='lat' dir='ltr'><strong>bellum</strong></span> 
     </span>
    </p>
   </div>
   <div class='ocr_carea' id='block_1_9' title="bbox 2374 768 4010 865">
    <p class='ocr_par' dir='ltr' id='par_1_9' title="bbox 2384 768 4010 851">
     <span class='ocr_line' id='line_1_9' title="bbox 2384 768 4010 851; baseline -0.008 -18"><span class='ocrx_word' id='word_1_60' title='bbox 2384 780 2625 851; x_wconf 79' lang='grc' dir='ltr'><strong>Χριστοῦ</strong></span> <span class='ocrx_word' id='word_1_61' title='bbox 2656 779 2943 850; x_wconf 78' lang='grc' dir='ltr'><strong>ἐπικλήσει</strong></span> <span class='ocrx_word' id='word_1_62' title='bbox 2974 778 3004 831; x_wconf 82' lang='grc' dir='ltr'><strong>ὁ</strong></span> <span class='ocrx_word' id='word_1_63' title='bbox 3033 776 3281 847; x_wconf 78' lang='grc' dir='ltr'>κρυφίως</span> <span class='ocrx_word' id='word_1_64' title='bbox 3325 774 3569 843; x_wconf 77' lang='grc' dir='ltr'>πόλεμος</span> <span class='ocrx_word' id='word_1_65' title='bbox 3619 768 4010 842; x_wconf 69' lang='grc' dir='ltr'>μαστιγῆτει,</span> 
     </span>
    </p>
   </div>
   <div class='ocr_carea' id='block_1_10' title="bbox 703 871 2339 955">
    <p class='ocr_par' dir='ltr' id='par_1_10' title="bbox 703 881 1609 955">
     <span class='ocr_line' id='line_1_10' title="bbox 703 881 1609 955; baseline -0.008 -17"><span class='ocrx_word' id='word_1_66' title='bbox 703 886 1022 955; x_wconf 82' lang='lat' dir='ltr'><strong>eastigetur.</strong></span> <span class='ocrx_word' id='word_1_67' title='bbox 1045 891 1102 937; x_wconf 88' lang='lat' dir='ltr'><strong>et</strong></span> <span class='ocrx_word' id='word_1_68' title='bbox 1132 881 1309 936; x_wconf 89' lang='lat' dir='ltr'><strong>hostis</strong></span> <span class='ocrx_word' id='word_1_69' title='bbox 1328 887 1609 934; x_wconf 78' lang='lat' dir='ltr'><strong>exuratur.</strong></span> 
     </span>
    </p>
   </div>
   <div class='ocr_carea' id='block_1_11' title="bbox 2206 871 3842 955">
    <p class='ocr_par' dir='ltr' id='par_1_11' title="bbox 2384 871 3842 944">
     <span class='ocr_line' id='line_1_11' title="bbox 2384 871 3842 944; baseline -0.008 -15"><span class='ocrx_word' id='word_1_70' title='bbox 2384 875 2482 929; x_wconf 74' lang='grc' dir='ltr'>καὶ</span> <span class='ocrx_word' id='word_1_71' title='bbox 2513 873 2781 944; x_wconf 80' lang='grc' dir='ltr'><strong>φλέγηται</strong></span> <span class='ocrx_word' id='word_1_72' title='bbox 2815 871 3090 941; x_wconf 83' lang='grc' dir='ltr'>πολέμιος.</span> <span class='ocrx_word' id='word_1_73' title='bbox 3834 878 3842 885; x_wconf 95' lang='grc'><strong>·</strong></span> 
     </span>
    </p>
   </div>
   <div class='ocr_carea' id='block_1_12' title="bbox 774 955 2410 1040">
    <p class='ocr_par' dir='ltr' id='par_1_12' title="bbox 774 965 2282 1040">
     <span class='ocr_line' id='line_1_12' title="bbox 774 965 2282 1040; baseline -0.007 -12"><span class='ocrx_word' id='word_1_74' title='bbox 774 974 866 1028; x_wconf 74' lang='lat'><strong>9.2.</strong></span> <span class='ocrx_word' id='word_1_75' title='bbox 913 973 1086 1027; x_wconf 78' lang='lat' dir='ltr'><strong>Debes</strong></span> <span class='ocrx_word' id='word_1_76' title='bbox 1108 971 1361 1040; x_wconf 80' lang='lat' dir='ltr'><strong>equidem</strong></span> <span class='ocrx_word' id='word_1_77' title='bbox 1398 978 1454 1024; x_wconf 93' lang='lat' dir='ltr'><strong>tu</strong></span> <span class='ocrx_word' id='word_1_78' title='bbox 1480 966 1665 1023; x_wconf 85' lang='lat' dir='ltr'><strong>subtili</strong></span> <span class='ocrx_word' id='word_1_79' title='bbox 1698 977 1754 1022; x_wconf 90' lang='lat' dir='ltr'><strong>et</strong></span> <span class='ocrx_word' id='word_1_80' title='bbox 1806 967 2039 1021; x_wconf 89' lang='lat' dir='ltr'><strong>intenso.</strong></span> <span class='ocrx_word' id='word_1_81' title='bbox 2082 965 2282 1020; x_wconf 84' lang='lat' dir='ltr'><strong>mentis</strong></span> 
     </span>
    </p>
   </div>
   <div class='ocr_carea' id='block_1_13' title="bbox 2372 955 4008 1040">
    <p class='ocr_par' dir='ltr' id='par_1_13' title="bbox 2456 955 4008 1038">
     <span class='ocr_line' id='line_1_13' title="bbox 2456 955 4008 1038; baseline -0.01 -16"><span class='ocrx_word' id='word_1_82' title='bbox 2456 967 2566 1037; x_wconf 77' lang='grc' dir='ltr'><strong>κβ’.</strong></span> <span class='ocrx_word' id='word_1_83' title='bbox 2617 967 2694 1020; x_wconf 76' lang='grc' dir='ltr'><strong>Εὖ</strong></span> <span class='ocrx_word' id='word_1_84' title='bbox 2724 966 2826 1038; x_wconf 81' lang='grc' dir='ltr'>μὲν</span> <span class='ocrx_word' id='word_1_85' title='bbox 2860 964 3098 1034; x_wconf 77' lang='grc' dir='ltr'><strong>ὀφείλεις</strong></span> <span class='ocrx_word' id='word_1_86' title='bbox 3139 962 3252 1027; x_wconf 79' lang='grc' dir='ltr'><strong>ὀξεῖ</strong></span> <span class='ocrx_word' id='word_1_87' title='bbox 3285 961 3379 1015; x_wconf 77' lang='grc' dir='ltr'>καὶ</span> <span class='ocrx_word' id='word_1_88' title='bbox 3409 958 3655 1029; x_wconf 82' lang='grc' dir='ltr'><strong>συντόνῳ</strong></span> <span class='ocrx_word' id='word_1_89' title='bbox 3694 955 3800 1009; x_wconf 84' lang='grc' dir='ltr'>νοῦ</span> <span class='ocrx_word' id='word_1_90' title='bbox 3830 956 4008 1024; x_wconf 66' lang='grc' dir='ltr'>βλέμ-</span> 
     </span>
    </p>
   </div>
   <div class='ocr_carea' id='block_1_14' title="bbox 705 1049 2341 1133">
    <p class='ocr_par' dir='ltr' id='par_1_14' title="bbox 705 1057 2280 1133">
     <span class='ocr_line' id='line_1_14' title="bbox 705 1057 2280 1133; baseline -0.006 -14"><span class='ocrx_word' id='word_1_91' title='bbox 705 1067 905 1119; x_wconf 89' lang='lat' dir='ltr'><strong>intuitu</strong></span> <span class='ocrx_word' id='word_1_92' title='bbox 928 1063 1262 1133; x_wconf 89' lang='lat' dir='ltr'><strong>perspicere,</strong></span> <span class='ocrx_word' id='word_1_93' title='bbox 1294 1060 1640 1129; x_wconf 79' lang='lat' dir='ltr'><strong>utintelligas</strong></span> <span class='ocrx_word' id='word_1_94' title='bbox 1674 1058 2044 1127; x_wconf 79' lang='lat' dir='ltr'><strong>ingredientes</strong></span> <span class='ocrx_word' id='word_1_95' title='bbox 2072 1057 2280 1125; x_wconf 68' lang='lat' dir='ltr'><strong>cogita-</strong></span> 
     </span>
    </p>
   </div>
   <div class='ocr_carea' id='block_1_15' title="bbox 2370 1049 4006 1133">
    <p class='ocr_par' dir='ltr' id='par_1_15' title="bbox 2387 1049 4006 1129">
     <span class='ocr_line' id='line_1_15' title="bbox 2387 1049 4006 1129; baseline -0.009 -16"><span class='ocrx_word' id='word_1_96' title='bbox 2387 1077 2516 1129; x_wconf 84' lang='grc' dir='ltr'>ματι</span> <span class='ocrx_word' id='word_1_97' title='bbox 2542 1058 2786 1129; x_wconf 77' lang='grc' dir='ltr'><strong>βλέπειν,</strong></span> <span class='ocrx_word' id='word_1_98' title='bbox 2822 1058 2961 1118; x_wconf 75' lang='grc' dir='ltr'>ὥστε</span> <span class='ocrx_word' id='word_1_99' title='bbox 2989 1058 3130 1108; x_wconf 87' lang='grc' dir='ltr'>νοεῖν</span> <span class='ocrx_word' id='word_1_100' title='bbox 3170 1054 3298 1116; x_wconf 75' lang='grc' dir='ltr'>τοὺς</span> <span class='ocrx_word' id='word_1_101' title='bbox 3327 1051 3775 1121; x_wconf 78' lang='grc' dir='ltr'><strong>εἰσερχομένους</strong></span> <span class='ocrx_word' id='word_1_102' title='bbox 3798 1065 3812 1077; x_wconf 94' lang='grc'><strong>·</strong></span> <span class='ocrx_word' id='word_1_103' title='bbox 3840 1049 4006 1115; x_wconf 53' lang='lat' dir='ltr'><strong>ms;</strong></span> 
     </span>
    </p>
   </div>
   <div class='ocr_carea' id='block_1_16' title="bbox 708 1140 2344 1223">
    <p class='ocr_par' dir='ltr' id='par_1_16' title="bbox 708 1149 2283 1213">
     <span class='ocr_line' id='line_1_16' title="bbox 708 1149 2283 1213; baseline -0.007 -1"><span class='ocrx_word' id='word_1_104' title='bbox 708 1159 909 1213; x_wconf 85' lang='lat' dir='ltr'><strong>tiones.</strong></span> <span class='ocrx_word' id='word_1_105' title='bbox 939 1154 1041 1210; x_wconf 89' lang='lat' dir='ltr'><strong>Ubi</strong></span> <span class='ocrx_word' id='word_1_106' title='bbox 1073 1170 1205 1209; x_wconf 87' lang='lat' dir='ltr'><strong>vero</strong></span> <span class='ocrx_word' id='word_1_107' title='bbox 1234 1153 1408 1212; x_wconf 89' lang='lat' dir='ltr'><strong>noris,</strong></span> <span class='ocrx_word' id='word_1_108' title='bbox 1438 1152 1622 1205; x_wconf 84' lang='lat' dir='ltr'><strong>statim</strong></span> <span class='ocrx_word' id='word_1_109' title='bbox 1675 1149 1982 1204; x_wconf 81' lang='lat' dir='ltr'><strong>resistendo</strong></span> <span class='ocrx_word' id='word_1_110' title='bbox 2031 1157 2283 1204; x_wconf 87' lang='lat' dir='ltr'><strong>conteras</strong></span> 
     </span>
    </p>
   </div>
   <div class='ocr_carea' id='block_1_17' title="bbox 2371 1140 4007 1223">
    <p class='ocr_par' dir='ltr' id='par_1_17' title="bbox 2382 1140 4007 1223">
     <span class='ocr_line' id='line_1_17' title="bbox 2382 1140 4007 1223; baseline -0.008 -18"><span class='ocrx_word' id='word_1_111' title='bbox 2382 1152 2462 1216; x_wconf 77' lang='grc' dir='ltr'>δὲ,</span> <span class='ocrx_word' id='word_1_112' title='bbox 2495 1150 2624 1223; x_wconf 70' lang='grc' dir='ltr'>παρ’</span> <span class='ocrx_word' id='word_1_113' title='bbox 2668 1150 2810 1205; x_wconf 82' lang='grc' dir='ltr'>αὐτὰ</span> <span class='ocrx_word' id='word_1_114' title='bbox 2847 1149 2914 1202; x_wconf 82' lang='grc' dir='ltr'><strong>δι’</strong></span> <span class='ocrx_word' id='word_1_115' title='bbox 2946 1147 3321 1219; x_wconf 71' lang='grc' dir='ltr'>ἀντιρρήσεως</span> <span class='ocrx_word' id='word_1_116' title='bbox 3356 1144 3487 1215; x_wconf 83' lang='grc' dir='ltr'>θλᾷν</span> <span class='ocrx_word' id='word_1_117' title='bbox 3526 1144 3635 1212; x_wconf 74' lang='grc' dir='ltr'>τὴν</span> <span class='ocrx_word' id='word_1_118' title='bbox 3679 1140 3792 1195; x_wconf 80' lang='grc' dir='ltr'>τοῦ</span> <span class='ocrx_word' id='word_1_119' title='bbox 3824 1140 4007 1208; x_wconf 72' lang='grc' dir='ltr'>δῖρεως</span> 
     </span>
    </p>
   </div>
   <div class='ocr_carea' id='block_1_18' title="bbox 708 1234 2344 1320">
    <p class='ocr_par' dir='ltr' id='par_1_18' title="bbox 708 1240 2282 1320">
     <span class='ocr_line' id='line_1_18' title="bbox 708 1240 2282 1320; baseline -0.006 -17"><span class='ocrx_word' id='word_1_120' title='bbox 708 1248 1191 1320; x_wconf 85' lang='lat' dir='ltr'><strong>caputserpentis:</strong></span> <span class='ocrx_word' id='word_1_121' title='bbox 1228 1259 1445 1313; x_wconf 90' lang='lat' dir='ltr'><strong>unaque</strong></span> <span class='ocrx_word' id='word_1_122' title='bbox 1476 1242 1778 1311; x_wconf 87' lang='lat' dir='ltr'><strong>suspirans,</strong></span> <span class='ocrx_word' id='word_1_123' title='bbox 1801 1241 2077 1296; x_wconf 84' lang='lat' dir='ltr'><strong>Christum</strong></span> <span class='ocrx_word' id='word_1_124' title='bbox 2111 1240 2282 1295; x_wconf 90' lang='lat' dir='ltr'><strong>incla-</strong></span> 
     </span>
    </p>
   </div>
   <div class='ocr_carea' id='block_1_19' title="bbox 2370 1234 4006 1320">
    <p class='ocr_par' dir='ltr' id='par_1_19' title="bbox 2385 1234 4006 1313">
     <span class='ocr_line' id='line_1_19' title="bbox 2385 1234 4006 1313; baseline -0.007 -16"><span class='ocrx_word' id='word_1_125' title='bbox 2385 1243 2653 1313; x_wconf 80' lang='grc' dir='ltr'>κεφαλὴν,</span> <span class='ocrx_word' id='word_1_126' title='bbox 2688 1242 2783 1297; x_wconf 76' lang='grc' dir='ltr'>καὶ</span> <span class='ocrx_word' id='word_1_127' title='bbox 2811 1241 2927 1312; x_wconf 77' lang='grc' dir='ltr'>ἅμα</span> <span class='ocrx_word' id='word_1_128' title='bbox 2952 1240 3127 1309; x_wconf 83' lang='grc' dir='ltr'>τούτῳ</span> <span class='ocrx_word' id='word_1_129' title='bbox 3162 1239 3261 1292; x_wconf 82' lang='grc' dir='ltr'>σὺν</span> <span class='ocrx_word' id='word_1_130' title='bbox 3290 1237 3589 1306; x_wconf 77' lang='grc' dir='ltr'><strong>στεναγμῷ</strong></span> <span class='ocrx_word' id='word_1_131' title='bbox 3623 1235 3841 1305; x_wconf 76' lang='grc' dir='ltr'>βόησον</span> <span class='ocrx_word' id='word_1_132' title='bbox 3872 1234 4006 1304; x_wconf 70' lang='grc' dir='ltr'>πρὶρς</span> 
     </span>
    </p>
   </div>
   <div class='ocr_carea' id='block_1_20' title="bbox 710 1327 2346 1407">
    <p class='ocr_par' dir='ltr' id='par_1_20' title="bbox 710 1335 2281 1407">
     <span class='ocr_line' id='line_1_20' title="bbox 710 1335 2281 1407; baseline -0.006 -10"><span class='ocrx_word' id='word_1_133' title='bbox 710 1353 874 1397; x_wconf 76' lang='lat' dir='ltr'><strong>muto.</strong></span> <span class='ocrx_word' id='word_1_134' title='bbox 942 1343 1010 1396; x_wconf 87' lang='lat' dir='ltr'><strong>Et</strong></span> <span class='ocrx_word' id='word_1_135' title='bbox 1062 1342 1134 1394; x_wconf 88' lang='lat' dir='ltr'><strong>ita</strong></span> <span class='ocrx_word' id='word_1_136' title='bbox 1189 1338 1475 1407; x_wconf 78' lang='lat' dir='ltr'><strong>experiere</strong></span> <span class='ocrx_word' id='word_1_137' title='bbox 1536 1336 1780 1391; x_wconf 90' lang='lat' dir='ltr'><strong>divinam</strong></span> <span class='ocrx_word' id='word_1_138' title='bbox 1839 1344 1890 1389; x_wconf 93' lang='lat' dir='ltr'><strong>et</strong></span> <span class='ocrx_word' id='word_1_139' title='bbox 1953 1335 2281 1389; x_wconf 87' lang='lat' dir='ltr'><strong>invisibilem</strong></span> 
     </span>
    </p>
   </div>
   <div class='ocr_carea' id='block_1_21' title="bbox 2367 1327 4003 1407">
    <p class='ocr_par' dir='ltr' id='par_1_21' title="bbox 2387 1327 4003 1405">
     <span class='ocr_line' id='line_1_21' title="bbox 2387 1327 4003 1405; baseline -0.007 -17"><span class='ocrx_word' id='word_1_140' title='bbox 2387 1335 2657 1405; x_wconf 77' lang='grc' dir='ltr'>Χριστὸν,</span> <span class='ocrx_word' id='word_1_141' title='bbox 2724 1334 2817 1387; x_wconf 69' lang='grc' dir='ltr'>καὶ</span> <span class='ocrx_word' id='word_1_142' title='bbox 2879 1330 3028 1405; x_wconf 68' lang='grc' dir='ltr'>λήψῃ</span> <span class='ocrx_word' id='word_1_143' title='bbox 3090 1332 3283 1400; x_wconf 85' lang='grc' dir='ltr'>πεῖραν</span> <span class='ocrx_word' id='word_1_144' title='bbox 3342 1328 3464 1383; x_wconf 87' lang='grc' dir='ltr'>τότε</span> <span class='ocrx_word' id='word_1_145' title='bbox 3526 1327 3692 1390; x_wconf 83' lang='grc' dir='ltr'>θείας</span> <span class='ocrx_word' id='word_1_146' title='bbox 3760 1327 4003 1397; x_wconf 67' lang='grc' dir='ltr'>ἀοράτου</span> 
     </span>
    </p>
   </div>
   <div class='ocr_carea' id='block_1_22' title="bbox 706 1420 2342 1499">
    <p class='ocr_par' dir='ltr' id='par_1_22' title="bbox 706 1426 2285 1497">
     <span class='ocr_line' id='line_1_22' title="bbox 706 1426 2285 1497; baseline -0.005 -9"><span class='ocrx_word' id='word_1_147' title='bbox 706 1433 1115 1489; x_wconf 75' lang='lat' dir='ltr'><strong>defensionem.</strong></span> <span class='ocrx_word' id='word_1_148' title='bbox 1148 1431 1225 1483; x_wconf 82' lang='lat' dir='ltr'><strong>Ac</strong></span> <span class='ocrx_word' id='word_1_149' title='bbox 1253 1438 1365 1482; x_wconf 90' lang='lat' dir='ltr'><strong>tum</strong></span> <span class='ocrx_word' id='word_1_150' title='bbox 1387 1427 1598 1496; x_wconf 84' lang='lat' dir='ltr'><strong>liquido</strong></span> <span class='ocrx_word' id='word_1_151' title='bbox 1624 1426 1913 1497; x_wconf 79' lang='lat' dir='ltr'><strong>perspicua</strong></span> <span class='ocrx_word' id='word_1_152' title='bbox 1966 1427 2058 1481; x_wconf 87' lang='lat' dir='ltr'><strong>ﬁet</strong></span> <span class='ocrx_word' id='word_1_153' title='bbox 2104 1426 2285 1481; x_wconf 87' lang='lat' dir='ltr'><strong>cordis</strong></span> 
     </span>
    </p>
   </div>
   <div class='ocr_carea' id='block_1_23' title="bbox 2370 1420 4006 1499">
    <p class='ocr_par' dir='ltr' id='par_1_23' title="bbox 2385 1420 4006 1499">
     <span class='ocr_line' id='line_1_23' title="bbox 2385 1420 4006 1499; baseline -0.005 -18"><span class='ocrx_word' id='word_1_154' title='bbox 2385 1428 2721 1499; x_wconf 71' lang='grc' dir='ltr'><strong>ἀντιλήψεως</strong></span> <span class='ocrx_word' id='word_1_155' title='bbox 2764 1442 2776 1456; x_wconf 90' lang='grc'><strong>·</strong></span> <span class='ocrx_word' id='word_1_156' title='bbox 2830 1427 2926 1480; x_wconf 77' lang='grc' dir='ltr'>καὶ</span> <span class='ocrx_word' id='word_1_157' title='bbox 2979 1428 3103 1480; x_wconf 88' lang='grc' dir='ltr'>τότε</span> <span class='ocrx_word' id='word_1_158' title='bbox 3156 1425 3287 1495; x_wconf 83' lang='grc' dir='ltr'><strong>ὁρᾷς</strong></span> <span class='ocrx_word' id='word_1_159' title='bbox 3347 1422 3642 1493; x_wconf 80' lang='grc' dir='ltr'>τηλαυγῶς</span> <span class='ocrx_word' id='word_1_160' title='bbox 3718 1420 4006 1490; x_wconf 65' lang='grc' dir='ltr'>εὐθύτητα</span> 
     </span>
    </p>
   </div>
   <div class='ocr_carea' id='block_1_24' title="bbox 711 1521 2347 1591">
    <p class='ocr_par' dir='ltr' id='par_1_24' title="bbox 711 1525 1002 1581">
     <span class='ocr_line' id='line_1_24' title="bbox 711 1525 1002 1581; baseline -0.007 -2"><span class='ocrx_word' id='word_1_161' title='bbox 711 1525 1002 1581; x_wconf 83' lang='lat' dir='ltr'><strong>rectitude.</strong></span> 
     </span>
    </p>
   </div>
   <div class='ocr_carea' id='block_1_25' title="bbox 1004 1521 2640 1591">
    <p class='ocr_par' dir='ltr' id='par_1_25' title="bbox 2388 1521 2640 1591">
     <span class='ocr_line' id='line_1_25' title="bbox 2388 1521 2640 1591; baseline 0 -18"><span class='ocrx_word' id='word_1_162' title='bbox 2388 1521 2640 1591; x_wconf 86' lang='grc' dir='ltr'>καρδίας.</span> 
     </span>
    </p>
   </div>
   <div class='ocr_carea' id='block_1_26' title="bbox 780 1605 2416 1682">
    <p class='ocr_par' dir='ltr' id='par_1_26' title="bbox 780 1610 2282 1682">
     <span class='ocr_line' id='line_1_26' title="bbox 780 1610 2282 1682; baseline -0.006 -10"><span class='ocrx_word' id='word_1_163' title='bbox 780 1619 871 1673; x_wconf 77' lang='lat'><strong>23.</strong></span> <span class='ocrx_word' id='word_1_164' title='bbox 942 1614 1409 1682; x_wconf 80' lang='lat' dir='ltr'><strong>Quemadmodum</strong></span> <span class='ocrx_word' id='word_1_165' title='bbox 1452 1613 1499 1666; x_wconf 91' lang='lat' dir='ltr'><strong>is</strong></span> <span class='ocrx_word' id='word_1_166' title='bbox 1542 1611 1633 1681; x_wconf 91' lang='lat' dir='ltr'><strong>qni</strong></span> <span class='ocrx_word' id='word_1_167' title='bbox 1683 1611 1964 1680; x_wconf 83' lang='lat' dir='ltr'><strong>speculum</strong></span> <span class='ocrx_word' id='word_1_168' title='bbox 2028 1619 2175 1664; x_wconf 87' lang='lat' dir='ltr'><strong>tenet</strong></span> <span class='ocrx_word' id='word_1_169' title='bbox 2230 1610 2282 1664; x_wconf 93' lang='lat' dir='ltr'><strong>in</strong></span> 
     </span>
    </p>
   </div>
   <div class='ocr_carea' id='block_1_27' title="bbox 2366 1605 4002 1682">
    <p class='ocr_par' dir='ltr' id='par_1_27' title="bbox 2462 1605 4002 1682">
     <span class='ocr_line' id='line_1_27' title="bbox 2462 1605 4002 1682; baseline -0.006 -16"><span class='ocrx_word' id='word_1_170' title='bbox 2462 1620 2568 1680; x_wconf 82' lang='grc' dir='ltr'>κγ’.</span> <span class='ocrx_word' id='word_1_171' title='bbox 2601 1612 2813 1682; x_wconf 80' lang='grc' dir='ltr'>Ὠσπερ</span> <span class='ocrx_word' id='word_1_172' title='bbox 2852 1613 2880 1666; x_wconf 83' lang='grc' dir='ltr'>ὁ</span> <span class='ocrx_word' id='word_1_173' title='bbox 2902 1610 3120 1681; x_wconf 83' lang='grc' dir='ltr'>κρατῶν</span> <span class='ocrx_word' id='word_1_174' title='bbox 3154 1609 3424 1681; x_wconf 80' lang='grc' dir='ltr'><strong>ἔσοπτρον</strong></span> <span class='ocrx_word' id='word_1_175' title='bbox 3453 1610 3512 1661; x_wconf 82' lang='grc' dir='ltr'>ὲν</span> <span class='ocrx_word' id='word_1_176' title='bbox 3541 1609 3721 1679; x_wconf 69' lang='grc' dir='ltr'>χειρὶ,</span> <span class='ocrx_word' id='word_1_177' title='bbox 3762 1605 4002 1677; x_wconf 68' lang='grc' dir='ltr'>μέσονᾶ</span> 
     </span>
    </p>
   </div>
   <div class='ocr_carea' id='block_1_28' title="bbox 713 1697 2349 1775">
    <p class='ocr_par' dir='ltr' id='par_1_28' title="bbox 713 1701 2283 1773">
     <span class='ocr_line' id='line_1_28' title="bbox 713 1701 2283 1773; baseline -0.007 -8"><span class='ocrx_word' id='word_1_178' title='bbox 713 1727 898 1773; x_wconf 85' lang='lat' dir='ltr'><strong>manu,</strong></span> <span class='ocrx_word' id='word_1_179' title='bbox 963 1709 1007 1763; x_wconf 94' lang='lat' dir='ltr'><strong>si</strong></span> <span class='ocrx_word' id='word_1_180' title='bbox 1076 1709 1215 1763; x_wconf 80' lang='lat' dir='ltr'><strong>forte</strong></span> <span class='ocrx_word' id='word_1_181' title='bbox 1264 1706 1576 1761; x_wconf 88' lang='lat' dir='ltr'><strong>consistens</strong></span> <span class='ocrx_word' id='word_1_182' title='bbox 1630 1706 1685 1757; x_wconf 91' lang='lat' dir='ltr'><strong>in</strong></span> <span class='ocrx_word' id='word_1_183' title='bbox 1736 1703 1916 1758; x_wconf 87' lang='lat' dir='ltr'><strong>medio</strong></span> <span class='ocrx_word' id='word_1_184' title='bbox 1964 1701 2283 1767; x_wconf 80' lang='lat' dir='ltr'><strong>multorum,</strong></span> 
     </span>
    </p>
   </div>
   <div class='ocr_carea' id='block_1_29' title="bbox 2365 1697 4001 1775">
    <p class='ocr_par' dir='ltr' id='par_1_29' title="bbox 2390 1697 4001 1775">
     <span class='ocr_line' id='line_1_29' title="bbox 2390 1697 4001 1775; baseline -0.007 -16"><span class='ocrx_word' id='word_1_185' title='bbox 2390 1706 2605 1775; x_wconf 84' lang='grc' dir='ltr'>εἰτύχοι</span> <span class='ocrx_word' id='word_1_186' title='bbox 2634 1703 2842 1757; x_wconf 80' lang='grc' dir='ltr'>πολλῶν</span> <span class='ocrx_word' id='word_1_187' title='bbox 2865 1703 3153 1771; x_wconf 80' lang='grc' dir='ltr'><strong>ἱστάμενος</strong></span> <span class='ocrx_word' id='word_1_188' title='bbox 3176 1701 3439 1765; x_wconf 81' lang='grc' dir='ltr'>ἀτενίζων</span> <span class='ocrx_word' id='word_1_189' title='bbox 3463 1700 3541 1772; x_wconf 81' lang='grc' dir='ltr'><strong>τῷ</strong></span> <span class='ocrx_word' id='word_1_190' title='bbox 3557 1700 3858 1767; x_wconf 80' lang='grc' dir='ltr'>ἐσόπτρῳ,</span> <span class='ocrx_word' id='word_1_191' title='bbox 3888 1697 4001 1767; x_wconf 68' lang='grc' dir='ltr'><strong>βλέ-</strong></span> 
     </span>
    </p>
   </div>
   <div class='ocr_carea' id='block_1_30' title="bbox 710 1790 2346 1868">
    <p class='ocr_par' dir='ltr' id='par_1_30' title="bbox 710 1790 2346 1868">
     <span class='ocr_line' id='line_1_30' title="bbox 710 1790 2346 1868; baseline -0.009 -11"><span class='ocrx_word' id='word_1_192' title='bbox 710 1802 906 1857; x_wconf 83' lang='lat' dir='ltr'><strong>detixis</strong></span> <span class='ocrx_word' id='word_1_193' title='bbox 933 1799 1106 1855; x_wconf 90' lang='lat' dir='ltr'><strong>oculis</strong></span> <span class='ocrx_word' id='word_1_194' title='bbox 1132 1799 1411 1852; x_wconf 86' lang='lat' dir='ltr'><strong>intueatur</strong></span> <span class='ocrx_word' id='word_1_195' title='bbox 1471 1795 1525 1848; x_wconf 96' lang='lat' dir='ltr'><strong>in</strong></span> <span class='ocrx_word' id='word_1_196' title='bbox 1574 1794 1821 1864; x_wconf 90' lang='lat' dir='ltr'><strong>speculo,</strong></span> <span class='ocrx_word' id='word_1_197' title='bbox 1881 1792 2030 1847; x_wconf 85' lang='lat' dir='ltr'><strong>videt</strong></span> <span class='ocrx_word' id='word_1_198' title='bbox 2066 1790 2283 1861; x_wconf 89' lang='lat' dir='ltr'><strong>quidem</strong></span> <span class='ocrx_word' id='word_1_199' title='bbox 2321 1856 2346 1868; x_wconf 82' lang='lat'><em>_</em></span> 
     </span>
    </p>
   </div>
   <div class='ocr_carea' id='block_1_31' title="bbox 2364 1790 4000 1868">
    <p class='ocr_par' dir='ltr' id='par_1_31' title="bbox 2390 1790 4000 1868">
     <span class='ocr_line' id='line_1_31' title="bbox 2390 1790 4000 1868; baseline -0.007 -17"><span class='ocrx_word' id='word_1_200' title='bbox 2390 1816 2480 1851; x_wconf 86' lang='grc' dir='ltr'><strong>πει</strong></span> <span class='ocrx_word' id='word_1_201' title='bbox 2536 1797 2635 1868; x_wconf 85' lang='grc' dir='ltr'>μὲν</span> <span class='ocrx_word' id='word_1_202' title='bbox 2685 1796 2746 1848; x_wconf 84' lang='grc' dir='ltr'>τὸ</span> <span class='ocrx_word' id='word_1_203' title='bbox 2795 1794 2924 1847; x_wconf 78' lang='grc' dir='ltr'>ἴδιον</span> <span class='ocrx_word' id='word_1_204' title='bbox 2971 1794 3266 1863; x_wconf 80' lang='grc' dir='ltr'>πρόσωπον</span> <span class='ocrx_word' id='word_1_205' title='bbox 3314 1795 3517 1855; x_wconf 81' lang='grc' dir='ltr'>ὁποῖον,</span> <span class='ocrx_word' id='word_1_206' title='bbox 3546 1791 3755 1861; x_wconf 81' lang='grc' dir='ltr'>βλέπει</span> <span class='ocrx_word' id='word_1_207' title='bbox 3804 1790 3867 1843; x_wconf 76' lang='grc' dir='ltr'>δὲ</span> <span class='ocrx_word' id='word_1_208' title='bbox 3916 1790 4000 1840; x_wconf 73' lang='grc' dir='ltr'>καὶ</span> 
     </span>
    </p>
   </div>
   <div class='ocr_carea' id='block_1_32' title="bbox 714 1856 2350 1964">
    <p class='ocr_par' dir='ltr' id='par_1_32' title="bbox 714 1856 2350 1964">
     <span class='ocr_line' id='line_1_32' title="bbox 714 1856 2350 1964; baseline -0.008 -17"><span class='ocrx_word' id='word_1_209' title='bbox 714 1894 859 1964; x_wconf 83' lang='lat' dir='ltr'><strong>quali</strong></span> <span class='ocrx_word' id='word_1_210' title='bbox 891 1895 959 1947; x_wconf 88' lang='lat' dir='ltr'><strong>sit</strong></span> <span class='ocrx_word' id='word_1_211' title='bbox 991 1893 1105 1961; x_wconf 89' lang='lat' dir='ltr'><strong>ipse</strong></span> <span class='ocrx_word' id='word_1_212' title='bbox 1136 1890 1296 1953; x_wconf 79' lang='lat' dir='ltr'><strong>facie,</strong></span> <span class='ocrx_word' id='word_1_213' title='bbox 1328 1889 1475 1942; x_wconf 81' lang='lat' dir='ltr'><strong>videt</strong></span> <span class='ocrx_word' id='word_1_214' title='bbox 1499 1887 1665 1941; x_wconf 89' lang='lat' dir='ltr'><strong>etiam</strong></span> <span class='ocrx_word' id='word_1_215' title='bbox 1696 1885 1928 1939; x_wconf 89' lang='lat' dir='ltr'><strong>aliorum</strong></span> <span class='ocrx_word' id='word_1_216' title='bbox 1988 1856 2198 1937; x_wconf 76' lang='lat' dir='ltr'><strong>vultum</strong></span> <span class='ocrx_word' id='word_1_217' title='bbox 2229 1882 2284 1935; x_wconf 89' lang='lat' dir='ltr'><strong>in</strong></span> <span class='ocrx_word' id='word_1_218' title='bbox 2320 1856 2350 1910; x_wconf 63' lang='grc' dir='ltr'><strong><em>Ε</em></strong></span> 
     </span>
    </p>
   </div>
   <div class='ocr_carea' id='block_1_33' title="bbox 2362 1856 3998 1964">
    <p class='ocr_par' dir='ltr' id='par_1_33' title="bbox 2388 1856 3998 1954">
     <span class='ocr_line' id='line_1_33' title="bbox 2388 1856 3998 1954; baseline -0.006 -11"><span class='ocrx_word' id='word_1_219' title='bbox 2388 1890 2494 1953; x_wconf 75' lang='grc' dir='ltr'><strong>τῶν</strong></span> <span class='ocrx_word' id='word_1_220' title='bbox 2536 1856 2714 1945; x_wconf 57' lang='grc' dir='ltr'>αλλων</span> <span class='ocrx_word' id='word_1_221' title='bbox 2760 1888 2868 1941; x_wconf 85' lang='grc' dir='ltr'><strong>τῶν</strong></span> <span class='ocrx_word' id='word_1_222' title='bbox 2909 1856 3297 1954; x_wconf 74' lang='grc' dir='ltr'>ὲγκυπτόντων</span> <span class='ocrx_word' id='word_1_223' title='bbox 3330 1884 3389 1937; x_wconf 83' lang='grc' dir='ltr'>ὲν</span> <span class='ocrx_word' id='word_1_224' title='bbox 3436 1883 3517 1954; x_wconf 81' lang='grc' dir='ltr'>τῷ</span> <span class='ocrx_word' id='word_1_225' title='bbox 3546 1856 3643 1937; x_wconf 30' lang='grc' dir='ltr'><strong>*ἑνὶ</strong></span> <span class='ocrx_word' id='word_1_226' title='bbox 3694 1882 3998 1953; x_wconf 74' lang='grc' dir='ltr'>ἐσόπτρῳ·</span> 
     </span>
    </p>
   </div>
   <div class='ocr_carea' id='block_1_34' title="bbox 718 1973 2354 2055">
    <p class='ocr_par' dir='ltr' id='par_1_34' title="bbox 718 1976 2288 2055">
     <span class='ocr_line' id='line_1_34' title="bbox 718 1976 2288 2055; baseline -0.009 -13"><span class='ocrx_word' id='word_1_227' title='bbox 718 1990 858 2042; x_wconf 84' lang='lat' dir='ltr'><strong>idem</strong></span> <span class='ocrx_word' id='word_1_228' title='bbox 894 1984 1174 2055; x_wconf 86' lang='lat' dir='ltr'><strong>speculum</strong></span> <span class='ocrx_word' id='word_1_229' title='bbox 1201 1980 1663 2037; x_wconf 88' lang='lat' dir='ltr'><strong>incumbentium:</strong></span> <span class='ocrx_word' id='word_1_230' title='bbox 1695 1982 1768 2033; x_wconf 88' lang='lat' dir='ltr'><strong>ita</strong></span> <span class='ocrx_word' id='word_1_231' title='bbox 1787 1978 1881 2046; x_wconf 88' lang='lat' dir='ltr'><strong>qui</strong></span> <span class='ocrx_word' id='word_1_232' title='bbox 1926 1986 2074 2032; x_wconf 89' lang='lat' dir='ltr'><strong>totus</strong></span> <span class='ocrx_word' id='word_1_233' title='bbox 2099 1976 2155 2031; x_wconf 91' lang='lat' dir='ltr'><strong>in</strong></span> <span class='ocrx_word' id='word_1_234' title='bbox 2194 1990 2288 2031; x_wconf 90' lang='lat' dir='ltr'><strong>cor</strong></span> 
     </span>
    </p>
   </div>
   <div class='ocr_carea' id='block_1_35' title="bbox 2339 1973 3975 2055">
    <p class='ocr_par' dir='ltr' id='par_1_35' title="bbox 2389 1973 3975 2049">
     <span class='ocr_line' id='line_1_35' title="bbox 2389 1973 3975 2049; baseline -0.006 -12"><span class='ocrx_word' id='word_1_235' title='bbox 2389 1983 2561 2045; x_wconf 73' lang='grc' dir='ltr'>οὕτως</span> <span class='ocrx_word' id='word_1_236' title='bbox 2597 1985 2625 2036; x_wconf 85' lang='grc' dir='ltr'><strong>ὁ</strong></span> <span class='ocrx_word' id='word_1_237' title='bbox 2650 1981 2719 2036; x_wconf 83' lang='grc' dir='ltr'>δι’</span> <span class='ocrx_word' id='word_1_238' title='bbox 2755 1982 2876 2035; x_wconf 79' lang='grc' dir='ltr'>ὅλου</span> <span class='ocrx_word' id='word_1_239' title='bbox 2908 1979 3200 2049; x_wconf 86' lang='grc' dir='ltr'>ὲγκύπτων</span> <span class='ocrx_word' id='word_1_240' title='bbox 3246 1980 3327 2041; x_wconf 84' lang='grc' dir='ltr'><strong>είς</strong></span> <span class='ocrx_word' id='word_1_241' title='bbox 3368 1977 3467 2049; x_wconf 75' lang='grc' dir='ltr'><strong>τὴν</strong></span> <span class='ocrx_word' id='word_1_242' title='bbox 3501 1976 3753 2045; x_wconf 78' lang='grc' dir='ltr'>καρδίαν</span> <span class='ocrx_word' id='word_1_243' title='bbox 3787 1973 3975 2033; x_wconf 69' lang='grc' dir='ltr'>αὑτοῦ,</span> 
     </span>
    </p>
   </div>
   <div class='ocr_carea' id='block_1_36' title="bbox 720 2068 2356 2146">
    <p class='ocr_par' dir='ltr' id='par_1_36' title="bbox 720 2068 2289 2140">
     <span class='ocr_line' id='line_1_36' title="bbox 720 2068 2289 2140; baseline -0.011 -5"><span class='ocrx_word' id='word_1_244' title='bbox 720 2094 880 2137; x_wconf 80' lang='lat' dir='ltr'><strong>suum</strong></span> <span class='ocrx_word' id='word_1_245' title='bbox 913 2074 1198 2140; x_wconf 87' lang='lat' dir='ltr'><strong>incumbit,</strong></span> <span class='ocrx_word' id='word_1_246' title='bbox 1238 2081 1292 2127; x_wconf 90' lang='lat' dir='ltr'><strong>ct</strong></span> <span class='ocrx_word' id='word_1_247' title='bbox 1331 2087 1488 2127; x_wconf 90' lang='lat' dir='ltr'><strong>suum</strong></span> <span class='ocrx_word' id='word_1_248' title='bbox 1520 2071 1694 2140; x_wconf 83' lang='lat' dir='ltr'><strong>ipsius</strong></span> <span class='ocrx_word' id='word_1_249' title='bbox 1726 2078 1927 2124; x_wconf 89' lang='lat' dir='ltr'><strong>statum</strong></span> <span class='ocrx_word' id='word_1_250' title='bbox 1958 2068 2014 2123; x_wconf 90' lang='lat' dir='ltr'><strong>in</strong></span> <span class='ocrx_word' id='word_1_251' title='bbox 2045 2083 2111 2121; x_wconf 90' lang='lat' dir='ltr'><strong>eo</strong></span> <span class='ocrx_word' id='word_1_252' title='bbox 2153 2081 2289 2121; x_wconf 91' lang='lat' dir='ltr'><strong>con-</strong></span> 
     </span>
    </p>
   </div>
   <div class='ocr_carea' id='block_1_37' title="bbox 2365 2068 4001 2146">
    <p class='ocr_par' dir='ltr' id='par_1_37' title="bbox 2393 2068 4001 2146">
     <span class='ocr_line' id='line_1_37' title="bbox 2393 2068 4001 2146; baseline -0.005 -18"><span class='ocrx_word' id='word_1_253' title='bbox 2393 2075 2581 2146; x_wconf 81' lang='grc' dir='ltr'>βλέπει</span> <span class='ocrx_word' id='word_1_254' title='bbox 2621 2075 2720 2146; x_wconf 79' lang='grc' dir='ltr'>μὲν</span> <span class='ocrx_word' id='word_1_255' title='bbox 2765 2074 2864 2145; x_wconf 82' lang='grc' dir='ltr'>τὴν</span> <span class='ocrx_word' id='word_1_256' title='bbox 2902 2071 3100 2126; x_wconf 79' lang='grc' dir='ltr'>ἑαυτοῦ</span> <span class='ocrx_word' id='word_1_257' title='bbox 3144 2071 3482 2125; x_wconf 84' lang='grc' dir='ltr'>κατάστασιν</span> <span class='ocrx_word' id='word_1_258' title='bbox 3515 2074 3573 2124; x_wconf 81' lang='grc' dir='ltr'>ἐν</span> <span class='ocrx_word' id='word_1_259' title='bbox 3603 2071 3783 2139; x_wconf 82' lang='grc' dir='ltr'>αὐτῇ,</span> 
     </span>
    </p>
   </div>
   <div class='ocr_carea' id='block_1_38' title="bbox 719 2156 2355 2237">
    <p class='ocr_par' dir='ltr' id='par_1_38' title="bbox 719 2156 2290 2237">
     <span class='ocr_line' id='line_1_38' title="bbox 719 2156 2290 2237; baseline -0.01 -12"><span class='ocrx_word' id='word_1_260' title='bbox 719 2169 902 2237; x_wconf 83' lang='lat' dir='ltr'><strong>spicit,</strong></span> <span class='ocrx_word' id='word_1_261' title='bbox 937 2177 992 2220; x_wconf 89' lang='lat' dir='ltr'><strong>et</strong></span> <span class='ocrx_word' id='word_1_262' title='bbox 1034 2165 1241 2235; x_wconf 76' lang='lat' dir='ltr'><strong>nigrant</strong></span> <span class='ocrx_word' id='word_1_263' title='bbox 1283 2160 1608 2235; x_wconf 82' lang='lat' dir='ltr'><strong>spiritaljum</strong></span> <span class='ocrx_word' id='word_1_264' title='bbox 1669 2158 1990 2228; x_wconf 64' lang='lat' dir='ltr'><strong>Ethiopum</strong></span> <span class='ocrx_word' id='word_1_265' title='bbox 2046 2156 2290 2211; x_wconf 88' lang='lat' dir='ltr'><strong>intuetur</strong></span> 
     </span>
    </p>
   </div>
   <div class='ocr_carea' id='block_1_39' title="bbox 2361 2156 3997 2237">
    <p class='ocr_par' dir='ltr' id='par_1_39' title="bbox 2389 2160 3997 2237">
     <span class='ocr_line' id='line_1_39' title="bbox 2389 2160 3997 2237; baseline -0.004 -17"><span class='ocrx_word' id='word_1_266' title='bbox 2389 2169 2445 2220; x_wconf 86' lang='grc' dir='ltr'>δὲ</span> <span class='ocrx_word' id='word_1_267' title='bbox 2478 2169 2571 2221; x_wconf 69' lang='grc' dir='ltr'>καὶ</span> <span class='ocrx_word' id='word_1_268' title='bbox 2598 2168 2668 2221; x_wconf 79' lang='grc' dir='ltr'>τὰ</span> <span class='ocrx_word' id='word_1_269' title='bbox 2718 2166 2924 2237; x_wconf 83' lang='grc' dir='ltr'>μέλανα</span> <span class='ocrx_word' id='word_1_270' title='bbox 2982 2164 3251 2235; x_wconf 81' lang='grc' dir='ltr'>πρόσωπα</span> <span class='ocrx_word' id='word_1_271' title='bbox 3290 2164 3400 2216; x_wconf 86' lang='grc' dir='ltr'><strong>τῶν</strong></span> <span class='ocrx_word' id='word_1_272' title='bbox 3444 2162 3659 2233; x_wconf 83' lang='grc' dir='ltr'>νοητῶν</span> <span class='ocrx_word' id='word_1_273' title='bbox 3689 2160 3997 2214; x_wconf 71' lang='grc' dir='ltr'>Αἰθιόπων.</span> 
     </span>
    </p>
   </div>
   <div class='ocr_carea' id='block_1_40' title="bbox 720 2262 933 2316">
    <p class='ocr_par' dir='ltr' id='par_1_40' title="bbox 720 2262 933 2316">
     <span class='ocr_line' id='line_1_40' title="bbox 720 2262 933 2316; baseline -0.019 0"><span class='ocrx_word' id='word_1_274' title='bbox 720 2262 933 2316; x_wconf 73' lang='lat' dir='ltr'><strong>faciem.</strong></span> 
     </span>
    </p>
   </div>
   <div class='ocr_carea' id='block_1_41' title="bbox 789 2340 2425 2415">
    <p class='ocr_par' dir='ltr' id='par_1_41' title="bbox 789 2341 2291 2415">
     <span class='ocr_line' id='line_1_41' title="bbox 789 2341 2291 2415; baseline -0.009 -8"><span class='ocrx_word' id='word_1_275' title='bbox 789 2353 879 2407; x_wconf 69' lang='grc'><strong>24.</strong></span> <span class='ocrx_word' id='word_1_276' title='bbox 920 2350 1189 2406; x_wconf 63' lang='lat' dir='ltr'><strong>Caeterum</strong></span> <span class='ocrx_word' id='word_1_277' title='bbox 1219 2360 1375 2401; x_wconf 90' lang='lat' dir='ltr'><strong>mens</strong></span> <span class='ocrx_word' id='word_1_278' title='bbox 1404 2358 1500 2415; x_wconf 89' lang='lat' dir='ltr'><strong>per</strong></span> <span class='ocrx_word' id='word_1_279' title='bbox 1521 2342 1755 2413; x_wconf 87' lang='lat' dir='ltr'><strong>seipsam</strong></span> <span class='ocrx_word' id='word_1_280' title='bbox 1778 2341 1951 2397; x_wconf 86' lang='lat' dir='ltr'><strong>solam</strong></span> <span class='ocrx_word' id='word_1_281' title='bbox 1978 2356 2087 2396; x_wconf 91' lang='lat' dir='ltr'><strong>non</strong></span> <span class='ocrx_word' id='word_1_282' title='bbox 2112 2348 2291 2410; x_wconf 88' lang='lat' dir='ltr'><strong>potest</strong></span> 
     </span>
    </p>
   </div>
   <div class='ocr_carea' id='block_1_42' title="bbox 2365 2340 4001 2415">
    <p class='ocr_par' dir='ltr' id='par_1_42' title="bbox 2465 2340 4001 2412">
     <span class='ocr_line' id='line_1_42' title="bbox 2465 2340 4001 2412; baseline -0.007 -11"><span class='ocrx_word' id='word_1_283' title='bbox 2465 2349 2559 2401; x_wconf 81' lang='grc' dir='ltr'>κδ’.</span> <span class='ocrx_word' id='word_1_284' title='bbox 2628 2346 2768 2399; x_wconf 78' lang='grc' dir='ltr'>Ἀλλ’</span> <span class='ocrx_word' id='word_1_285' title='bbox 2799 2344 2860 2398; x_wconf 74' lang='grc' dir='ltr'><strong>οὐ</strong></span> <span class='ocrx_word' id='word_1_286' title='bbox 2896 2343 3119 2397; x_wconf 83' lang='grc' dir='ltr'>δύναται</span> <span class='ocrx_word' id='word_1_287' title='bbox 3162 2345 3190 2396; x_wconf 86' lang='grc' dir='ltr'>ὁ</span> <span class='ocrx_word' id='word_1_288' title='bbox 3234 2342 3359 2406; x_wconf 88' lang='grc' dir='ltr'>νοῦς</span> <span class='ocrx_word' id='word_1_289' title='bbox 3409 2342 3640 2412; x_wconf 84' lang='grc' dir='ltr'>νικῆσαι</span> <span class='ocrx_word' id='word_1_290' title='bbox 3685 2340 4001 2409; x_wconf 76' lang='grc' dir='ltr'>φαντασίαν</span> 
     </span>
    </p>
   </div>
   <div class='ocr_carea' id='block_1_43' title="bbox 722 2428 2358 2511">
    <p class='ocr_par' dir='ltr' id='par_1_43' title="bbox 722 2428 2292 2510">
     <span class='ocr_line' id='line_1_43' title="bbox 722 2428 2292 2510; baseline -0.008 -16"><span class='ocrx_word' id='word_1_291' title='bbox 722 2453 982 2510; x_wconf 88' lang='lat' dir='ltr'><strong>superare</strong></span> <span class='ocrx_word' id='word_1_292' title='bbox 1048 2436 1357 2490; x_wconf 89' lang='lat' dir='ltr'><strong>illusionem</strong></span> <span class='ocrx_word' id='word_1_293' title='bbox 1413 2433 1761 2487; x_wconf 73' lang='lat' dir='ltr'><strong>dzemonum:</strong></span> <span class='ocrx_word' id='word_1_294' title='bbox 1824 2445 1891 2484; x_wconf 90' lang='lat' dir='ltr'><strong>ne</strong></span> <span class='ocrx_word' id='word_1_295' title='bbox 1960 2428 2065 2483; x_wconf 89' lang='lat' dir='ltr'><strong>sibi</strong></span> <span class='ocrx_word' id='word_1_296' title='bbox 2108 2428 2177 2483; x_wconf 89' lang='lat' dir='ltr'><strong>de</strong></span> <span class='ocrx_word' id='word_1_297' title='bbox 2225 2442 2292 2481; x_wconf 83' lang='lat' dir='ltr'><strong>eo</strong></span> 
     </span>
    </p>
   </div>
   <div class='ocr_carea' id='block_1_44' title="bbox 2368 2428 4004 2511">
    <p class='ocr_par' dir='ltr' id='par_1_44' title="bbox 2392 2428 4004 2511">
     <span class='ocr_line' id='line_1_44' title="bbox 2392 2428 4004 2511; baseline -0.009 -17"><span class='ocrx_word' id='word_1_298' title='bbox 2392 2439 2673 2511; x_wconf 70' lang='grc' dir='ltr'>δαιμονίαν</span> <span class='ocrx_word' id='word_1_299' title='bbox 2707 2438 2771 2491; x_wconf 80' lang='grc' dir='ltr'><strong>δι’</strong></span> <span class='ocrx_word' id='word_1_300' title='bbox 2818 2434 3012 2490; x_wconf 77' lang='grc' dir='ltr'>ἑαυτοῦ</span> <span class='ocrx_word' id='word_1_301' title='bbox 3084 2435 3249 2505; x_wconf 88' lang='grc' dir='ltr'>μόνου</span> <span class='ocrx_word' id='word_1_302' title='bbox 3286 2475 3301 2499; x_wconf 87' lang='grc'><strong>,</strong></span> <span class='ocrx_word' id='word_1_303' title='bbox 3351 2432 3557 2503; x_wconf 82' lang='grc' dir='ltr'>μήποτε</span> <span class='ocrx_word' id='word_1_304' title='bbox 3612 2428 3826 2483; x_wconf 87' lang='grc' dir='ltr'>τούτου</span> <span class='ocrx_word' id='word_1_305' title='bbox 3874 2429 4004 2499; x_wconf 80' lang='grc' dir='ltr'><strong>θαρ-</strong></span> 
     </span>
    </p>
   </div>
   <div class='ocr_carea' id='block_1_45' title="bbox 724 2520 2360 2607">
    <p class='ocr_par' dir='ltr' id='par_1_45' title="bbox 724 2520 2290 2586">
     <span class='ocr_line' id='line_1_45' title="bbox 724 2520 2290 2586; baseline -0.008 0"><span class='ocrx_word' id='word_1_306' title='bbox 724 2531 954 2586; x_wconf 88' lang='lat' dir='ltr'><strong>nimium</strong></span> <span class='ocrx_word' id='word_1_307' title='bbox 988 2528 1137 2583; x_wconf 87' lang='lat' dir='ltr'><strong>ﬁdat.</strong></span> <span class='ocrx_word' id='word_1_308' title='bbox 1176 2526 1308 2581; x_wconf 80' lang='lat' dir='ltr'><strong>Nam</strong></span> <span class='ocrx_word' id='word_1_309' title='bbox 1328 2541 1453 2580; x_wconf 89' lang='lat' dir='ltr'><strong>eum</strong></span> <span class='ocrx_word' id='word_1_310' title='bbox 1484 2525 1594 2579; x_wconf 90' lang='lat' dir='ltr'><strong>sint</strong></span> <span class='ocrx_word' id='word_1_311' title='bbox 1643 2521 1874 2583; x_wconf 87' lang='lat' dir='ltr'><strong>versuti,</strong></span> <span class='ocrx_word' id='word_1_312' title='bbox 1930 2522 2095 2575; x_wconf 86' lang='lat' dir='ltr'><strong>etiam</strong></span> <span class='ocrx_word' id='word_1_313' title='bbox 2149 2520 2290 2574; x_wconf 88' lang='lat' dir='ltr'><strong>vinci</strong></span> 
     </span>
    </p>
   </div>
   <div class='ocr_carea' id='block_1_46' title="bbox 2369 2520 4005 2607">
    <p class='ocr_par' dir='ltr' id='par_1_46' title="bbox 2398 2521 4005 2607">
     <span class='ocr_line' id='line_1_46' title="bbox 2398 2521 4005 2607; baseline -0.011 -18"><span class='ocrx_word' id='word_1_314' title='bbox 2398 2536 2563 2607; x_wconf 81' lang='grc' dir='ltr'>ρείτω</span> <span class='ocrx_word' id='word_1_315' title='bbox 2590 2552 2601 2564; x_wconf 92' lang='grc'><strong>·</strong></span> <span class='ocrx_word' id='word_1_316' title='bbox 2640 2532 2941 2602; x_wconf 79' lang='grc' dir='ltr'>πανοῦργοι</span> <span class='ocrx_word' id='word_1_317' title='bbox 2983 2529 3092 2599; x_wconf 86' lang='grc' dir='ltr'><strong>γὰρ</strong></span> <span class='ocrx_word' id='word_1_318' title='bbox 3132 2528 3285 2588; x_wconf 75' lang='grc' dir='ltr'>ὄντες</span> <span class='ocrx_word' id='word_1_319' title='bbox 3320 2526 3412 2578; x_wconf 81' lang='grc' dir='ltr'>καὶ</span> <span class='ocrx_word' id='word_1_320' title='bbox 3460 2521 3743 2595; x_wconf 74' lang='grc' dir='ltr'><strong>ἡττᾶσθαι</strong></span> <span class='ocrx_word' id='word_1_321' title='bbox 3779 2522 4005 2589; x_wconf 76' lang='grc' dir='ltr'>ὑποκρί-</span> 
     </span>
    </p>
   </div>
   <div class='ocr_carea' id='block_1_47' title="bbox 724 2613 2360 2687">
    <p class='ocr_par' dir='ltr' id='par_1_47' title="bbox 724 2615 2294 2687">
     <span class='ocr_line' id='line_1_47' title="bbox 724 2615 2294 2687; baseline -0.008 -8"><span class='ocrx_word' id='word_1_322' title='bbox 724 2624 1002 2687; x_wconf 83' lang='lat' dir='ltr'><strong>simulant,</strong></span> <span class='ocrx_word' id='word_1_323' title='bbox 1029 2621 1157 2674; x_wconf 90' lang='lat' dir='ltr'><strong>dum</strong></span> <span class='ocrx_word' id='word_1_324' title='bbox 1188 2619 1404 2672; x_wconf 84' lang='lat' dir='ltr'><strong>aliunde</strong></span> <span class='ocrx_word' id='word_1_325' title='bbox 1426 2616 1754 2687; x_wconf 75' lang='lat' dir='ltr'><strong>perinanem</strong></span> <span class='ocrx_word' id='word_1_326' title='bbox 1788 2615 2011 2685; x_wconf 80' lang='lat' dir='ltr'><strong>gloriam</strong></span> <span class='ocrx_word' id='word_1_327' title='bbox 2036 2615 2294 2685; x_wconf 83' lang='lat' dir='ltr'><strong>supplan-</strong></span> 
     </span>
    </p>
   </div>
   <div class='ocr_carea' id='block_1_48' title="bbox 2366 2613 4002 2687">
    <p class='ocr_par' dir='ltr' id='par_1_48' title="bbox 2395 2613 4002 2684">
     <span class='ocr_line' id='line_1_48' title="bbox 2395 2613 4002 2684; baseline -0.011 -6"><span class='ocrx_word' id='word_1_328' title='bbox 2395 2643 2601 2684; x_wconf 88' lang='grc' dir='ltr'>νονται,</span> <span class='ocrx_word' id='word_1_329' title='bbox 2641 2623 2865 2677; x_wconf 76' lang='grc' dir='ltr'>ἄλλοθεν</span> <span class='ocrx_word' id='word_1_330' title='bbox 2909 2621 2998 2673; x_wconf 81' lang='grc' dir='ltr'>διὰ</span> <span class='ocrx_word' id='word_1_331' title='bbox 3041 2616 3349 2681; x_wconf 80' lang='grc' dir='ltr'>κενοδοξίας</span> <span class='ocrx_word' id='word_1_332' title='bbox 3396 2613 3908 2676; x_wconf 73' lang='grc' dir='ltr'>ὑποσκελίζοντες·</span> <span class='ocrx_word' id='word_1_333' title='bbox 3942 2613 4002 2677; x_wconf 76' lang='grc' dir='ltr'><strong>τῇ</strong></span> 
     </span>
    </p>
   </div>
   <div class='ocr_carea' id='block_1_49' title="bbox 726 2702 2362 2786">
    <p class='ocr_par' dir='ltr' id='par_1_49' title="bbox 726 2706 2294 2779">
     <span class='ocr_line' id='line_1_49' title="bbox 726 2706 2294 2779; baseline -0.008 -9"><span class='ocrx_word' id='word_1_334' title='bbox 726 2725 861 2770; x_wconf 77' lang='lat' dir='ltr'><strong>tant.</strong></span> <span class='ocrx_word' id='word_1_335' title='bbox 898 2714 1130 2779; x_wconf 84' lang='lat' dir='ltr'><strong>Quando</strong></span> <span class='ocrx_word' id='word_1_336' title='bbox 1160 2726 1290 2765; x_wconf 90' lang='lat' dir='ltr'><strong>vero</strong></span> <span class='ocrx_word' id='word_1_337' title='bbox 1326 2708 1488 2764; x_wconf 82' lang='lat' dir='ltr'><strong>Jesns</strong></span> <span class='ocrx_word' id='word_1_338' title='bbox 1527 2708 1829 2771; x_wconf 73' lang='lat' dir='ltr'><strong>invocatur,</strong></span> <span class='ocrx_word' id='word_1_339' title='bbox 1883 2722 1953 2760; x_wconf 90' lang='lat' dir='ltr'><strong>ne</strong></span> <span class='ocrx_word' id='word_1_340' title='bbox 2004 2706 2070 2760; x_wconf 86' lang='lat' dir='ltr'><strong>ad</strong></span> <span class='ocrx_word' id='word_1_341' title='bbox 2104 2707 2294 2760; x_wconf 81' lang='lat' dir='ltr'><strong>horam</strong></span> 
     </span>
    </p>
   </div>
   <div class='ocr_carea' id='block_1_50' title="bbox 2370 2702 4006 2786">
    <p class='ocr_par' dir='ltr' id='par_1_50' title="bbox 2399 2702 4006 2786">
     <span class='ocr_line' id='line_1_50' title="bbox 2399 2702 4006 2786; baseline -0.011 -16"><span class='ocrx_word' id='word_1_342' title='bbox 2399 2718 2456 2770; x_wconf 82' lang='grc' dir='ltr'>δὲ</span> <span class='ocrx_word' id='word_1_343' title='bbox 2523 2714 2697 2786; x_wconf 82' lang='grc' dir='ltr'>Ἰησοῦ</span> <span class='ocrx_word' id='word_1_344' title='bbox 2754 2712 3042 2781; x_wconf 74' lang='grc' dir='ltr'>ἐπικλήσει</span> <span class='ocrx_word' id='word_1_345' title='bbox 3096 2708 3307 2775; x_wconf 78' lang='grc' dir='ltr'>στῆναι,</span> <span class='ocrx_word' id='word_1_346' title='bbox 3359 2706 3454 2758; x_wconf 73' lang='grc' dir='ltr'><strong>καὶ</strong></span> <span class='ocrx_word' id='word_1_347' title='bbox 3501 2702 3907 2757; x_wconf 73' lang='grc' dir='ltr'>δολιεύσασθαί</span> <span class='ocrx_word' id='word_1_348' title='bbox 3951 2717 4006 2752; x_wconf 79' lang='grc' dir='ltr'><strong>σε</strong></span> 
     </span>
    </p>
   </div>
   <div class='ocr_carea' id='block_1_51' title="bbox 725 2799 2361 2875">
    <p class='ocr_par' dir='ltr' id='par_1_51' title="bbox 725 2799 2221 2874">
     <span class='ocr_line' id='line_1_51' title="bbox 725 2799 2221 2874; baseline -0.006 -16"><span class='ocrx_word' id='word_1_349' title='bbox 725 2804 944 2874; x_wconf 87' lang='lat' dir='ltr'><strong>quidem</strong></span> <span class='ocrx_word' id='word_1_350' title='bbox 976 2803 1301 2862; x_wconf 83' lang='lat' dir='ltr'><strong>subsistere,</strong></span> <span class='ocrx_word' id='word_1_351' title='bbox 1337 2807 1428 2852; x_wconf 81' lang='lat' dir='ltr'><strong>aut</strong></span> <span class='ocrx_word' id='word_1_352' title='bbox 1458 2799 1643 2852; x_wconf 77' lang='lat' dir='ltr'><strong>fallere</strong></span> <span class='ocrx_word' id='word_1_353' title='bbox 1675 2806 1727 2851; x_wconf 88' lang='lat' dir='ltr'><strong>te</strong></span> <span class='ocrx_word' id='word_1_354' title='bbox 1755 2806 2004 2867; x_wconf 90' lang='lat' dir='ltr'><strong>possunt.</strong></span> <span class='ocrx_word' id='word_1_355' title='bbox 2218 2830 2221 2833; x_wconf 53' lang='grc' dir='ltr'><strong>ν</strong></span> 
     </span>
    </p>
   </div>
   <div class='ocr_carea' id='block_1_52' title="bbox 1768 2799 3404 2875">
    <p class='ocr_par' dir='ltr' id='par_1_52' title="bbox 1768 2801 3404 2875">
     <span class='ocr_line' id='line_1_52' title="bbox 1768 2801 3404 2875; baseline -0.008 -12"><span class='ocrx_word' id='word_1_356' title='bbox 1768 2806 2004 2863; x_wconf 68' lang='lat' dir='ltr'><strong>)OSSUN-</strong></span> <span class='ocrx_word' id='word_1_357' title='bbox 2218 2830 2221 2833; x_wconf 53' lang='grc' dir='ltr'><strong>ν</strong></span> <span class='ocrx_word' id='word_1_358' title='bbox 2396 2808 2518 2861; x_wconf 79' lang='grc' dir='ltr'><strong>οὐδὲ</strong></span> <span class='ocrx_word' id='word_1_359' title='bbox 2546 2807 2652 2859; x_wconf 74' lang='grc' dir='ltr'>κᾶν</span> <span class='ocrx_word' id='word_1_360' title='bbox 2682 2806 2819 2875; x_wconf 78' lang='grc' dir='ltr'>πρὸς</span> <span class='ocrx_word' id='word_1_361' title='bbox 2842 2804 2991 2873; x_wconf 79' lang='grc' dir='ltr'>ὤραν</span> <span class='ocrx_word' id='word_1_362' title='bbox 3022 2803 3098 2855; x_wconf 83' lang='grc' dir='ltr'>ὑπ</span> <span class='ocrx_word' id='word_1_363' title='bbox 3114 2801 3404 2870; x_wconf 74' lang='grc' dir='ltr'>ομένωσιν.</span> 
     </span>
    </p>
   </div>
   <div class='ocr_carea' id='block_1_53' title="bbox 794 2885 2430 2965">
    <p class='ocr_par' dir='ltr' id='par_1_53' title="bbox 794 2888 2295 2959">
     <span class='ocr_line' id='line_1_53' title="bbox 794 2888 2295 2959; baseline -0.006 -9"><span class='ocrx_word' id='word_1_364' title='bbox 794 2896 885 2950; x_wconf 70' lang='lat'><strong>2‘3.</strong></span> <span class='ocrx_word' id='word_1_365' title='bbox 928 2893 1206 2955; x_wconf 78' lang='lat' dir='ltr'><strong>Observa,</strong></span> <span class='ocrx_word' id='word_1_366' title='bbox 1258 2907 1329 2945; x_wconf 89' lang='lat' dir='ltr'><strong>ne</strong></span> <span class='ocrx_word' id='word_1_367' title='bbox 1386 2906 1493 2959; x_wconf 89' lang='lat' dir='ltr'><strong>qua</strong></span> <span class='ocrx_word' id='word_1_368' title='bbox 1550 2889 1769 2944; x_wconf 87' lang='lat' dir='ltr'><strong>ducaris</strong></span> <span class='ocrx_word' id='word_1_369' title='bbox 1814 2888 2099 2957; x_wconf 90' lang='lat' dir='ltr'><strong>opinione,</strong></span> <span class='ocrx_word' id='word_1_370' title='bbox 2143 2901 2295 2941; x_wconf 90' lang='lat' dir='ltr'><strong>more</strong></span> 
     </span>
    </p>
   </div>
   <div class='ocr_carea' id='block_1_54' title="bbox 2361 2885 3997 2965">
    <p class='ocr_par' dir='ltr' id='par_1_54' title="bbox 2467 2885 3997 2965">
     <span class='ocr_line' id='line_1_54' title="bbox 2467 2885 3997 2965; baseline -0.01 -15"><span class='ocrx_word' id='word_1_371' title='bbox 2467 2904 2568 2951; x_wconf 85' lang='grc' dir='ltr'>κε’.</span> <span class='ocrx_word' id='word_1_372' title='bbox 2628 2897 2789 2965; x_wconf 87' lang='grc' dir='ltr'>Ὅρα,</span> <span class='ocrx_word' id='word_1_373' title='bbox 2842 2893 2916 2963; x_wconf 84' lang='grc' dir='ltr'>μὴ</span> <span class='ocrx_word' id='word_1_374' title='bbox 2952 2890 3144 2962; x_wconf 82' lang='grc' dir='ltr'>οίηθῇς</span> <span class='ocrx_word' id='word_1_375' title='bbox 3194 2888 3337 2941; x_wconf 87' lang='grc' dir='ltr'>κατὰ</span> <span class='ocrx_word' id='word_1_376' title='bbox 3386 2887 3477 2940; x_wconf 82' lang='grc' dir='ltr'>τὸν</span> <span class='ocrx_word' id='word_1_377' title='bbox 3511 2885 3687 2939; x_wconf 79' lang='grc' dir='ltr'>πάλαι</span> <span class='ocrx_word' id='word_1_378' title='bbox 3760 2885 3997 2955; x_wconf 65' lang='grc' dir='ltr'>Ἰσραὴλ.</span> 
     </span>
    </p>
   </div>
   <div class='ocr_carea' id='block_1_55' title="bbox 727 2976 2363 3058">
    <p class='ocr_par' dir='ltr' id='par_1_55' title="bbox 727 2979 2299 3058">
     <span class='ocr_line' id='line_1_55' title="bbox 727 2979 2299 3058; baseline -0.005 -17"><span class='ocrx_word' id='word_1_379' title='bbox 727 2988 910 3058; x_wconf 85' lang='lat' dir='ltr'><strong>populi</strong></span> <span class='ocrx_word' id='word_1_380' title='bbox 934 2985 1213 3040; x_wconf 77' lang='lat' dir='ltr'><strong>lsraelitici</strong></span> <span class='ocrx_word' id='word_1_381' title='bbox 1249 3001 1263 3038; x_wconf 88' lang='lat'><strong>:</strong></span> <span class='ocrx_word' id='word_1_382' title='bbox 1302 2993 1356 3037; x_wconf 82' lang='lat' dir='ltr'><strong>et</strong></span> <span class='ocrx_word' id='word_1_383' title='bbox 1404 2983 1476 3037; x_wconf 88' lang='lat' dir='ltr'><strong>ita</strong></span> <span class='ocrx_word' id='word_1_384' title='bbox 1509 2983 1738 3037; x_wconf 84' lang='lat' dir='ltr'><strong>tradaris</strong></span> <span class='ocrx_word' id='word_1_385' title='bbox 1784 2980 2037 3036; x_wconf 78' lang='lat' dir='ltr'><strong>hostibus</strong></span> <span class='ocrx_word' id='word_1_386' title='bbox 2086 2979 2299 3034; x_wconf 89' lang='lat' dir='ltr'><strong>intelle-</strong></span> 
     </span>
    </p>
   </div>
   <div class='ocr_carea' id='block_1_56' title="bbox 2361 2976 3997 3058">
    <p class='ocr_par' dir='ltr' id='par_1_56' title="bbox 2399 2976 3997 3058">
     <span class='ocr_line' id='line_1_56' title="bbox 2399 2976 3997 3058; baseline -0.01 -15"><span class='ocrx_word' id='word_1_387' title='bbox 2399 2990 2493 3043; x_wconf 75' lang='grc' dir='ltr'>καὶ</span> <span class='ocrx_word' id='word_1_388' title='bbox 2546 2986 2902 3058; x_wconf 80' lang='grc' dir='ltr'>παραδοθήσῃ</span> <span class='ocrx_word' id='word_1_389' title='bbox 2949 2985 3044 3037; x_wconf 69' lang='grc' dir='ltr'>καὶ</span> <span class='ocrx_word' id='word_1_390' title='bbox 3094 2981 3255 3044; x_wconf 69' lang='grc' dir='ltr'>αὐτὸς</span> <span class='ocrx_word' id='word_1_391' title='bbox 3308 2980 3420 3043; x_wconf 84' lang='grc' dir='ltr'>τοῖς</span> <span class='ocrx_word' id='word_1_392' title='bbox 3468 2981 3686 3047; x_wconf 74' lang='grc' dir='ltr'>νοητοῖς</span> <span class='ocrx_word' id='word_1_393' title='bbox 3738 2976 3997 3047; x_wconf 77' lang='grc' dir='ltr'><strong>ἐχθροῖς·</strong></span> 
     </span>
    </p>
   </div>
   <div class='ocr_carea' id='block_1_57' title="bbox 732 3065 2368 3149">
    <p class='ocr_par' dir='ltr' id='par_1_57' title="bbox 732 3071 2297 3134">
     <span class='ocr_line' id='line_1_57' title="bbox 732 3071 2297 3134; baseline -0.006 0"><span class='ocrx_word' id='word_1_394' title='bbox 732 3080 1026 3134; x_wconf 82' lang='lat' dir='ltr'><strong>ctualibus.</strong></span> <span class='ocrx_word' id='word_1_395' title='bbox 1054 3078 1147 3131; x_wconf 85' lang='lat' dir='ltr'><strong>llle</strong></span> <span class='ocrx_word' id='word_1_396' title='bbox 1182 3076 1328 3131; x_wconf 87' lang='lat' dir='ltr'><strong>enim</strong></span> <span class='ocrx_word' id='word_1_397' title='bbox 1358 3074 1628 3131; x_wconf 80' lang='lat' dir='ltr'><strong>beneﬁcio</strong></span> <span class='ocrx_word' id='word_1_398' title='bbox 1656 3073 1752 3130; x_wconf 88' lang='lat' dir='ltr'><strong>Dei</strong></span> <span class='ocrx_word' id='word_1_399' title='bbox 1788 3074 2033 3129; x_wconf 87' lang='lat' dir='ltr'><strong>omnium</strong></span> <span class='ocrx_word' id='word_1_400' title='bbox 2055 3071 2297 3127; x_wconf 89' lang='lat' dir='ltr'><strong>auctoris</strong></span> 
     </span>
    </p>
   </div>
   <div class='ocr_carea' id='block_1_58' title="bbox 2364 3065 4000 3149">
    <p class='ocr_par' dir='ltr' id='par_1_58' title="bbox 2398 3065 4000 3149">
     <span class='ocr_line' id='line_1_58' title="bbox 2398 3065 4000 3149; baseline -0.011 -15"><span class='ocrx_word' id='word_1_401' title='bbox 2398 3084 2605 3144; x_wconf 83' lang='grc' dir='ltr'>ἐκεῖνος</span> <span class='ocrx_word' id='word_1_402' title='bbox 2660 3079 2769 3149; x_wconf 79' lang='grc' dir='ltr'>γὰρ</span> <span class='ocrx_word' id='word_1_403' title='bbox 2818 3075 2970 3147; x_wconf 87' lang='grc' dir='ltr'>παρὰ</span> <span class='ocrx_word' id='word_1_404' title='bbox 3020 3073 3114 3126; x_wconf 89' lang='grc' dir='ltr'>τοῦ</span> <span class='ocrx_word' id='word_1_405' title='bbox 3155 3072 3265 3125; x_wconf 83' lang='grc' dir='ltr'>τῶν</span> <span class='ocrx_word' id='word_1_406' title='bbox 3301 3071 3438 3124; x_wconf 86' lang='grc' dir='ltr'>ὅλων</span> <span class='ocrx_word' id='word_1_407' title='bbox 3488 3065 3649 3132; x_wconf 84' lang='grc' dir='ltr'>Θεοῦ,</span> <span class='ocrx_word' id='word_1_408' title='bbox 3708 3067 4000 3134; x_wconf 73' lang='grc' dir='ltr'><strong>Αἰγύπτου</strong></span> 
     </span>
    </p>
   </div>
   <div class='ocr_carea' id='block_1_59' title="bbox 727 3156 2363 3250">
    <p class='ocr_par' dir='ltr' id='par_1_59' title="bbox 727 3169 2363 3250">
     <span class='ocr_line' id='line_1_59' title="bbox 727 3169 2363 3250; baseline -0.004 -22"><span class='ocrx_word' id='word_1_409' title='bbox 727 3177 988 3230; x_wconf 79' lang='lat' dir='ltr'><strong>liberatus</strong></span> <span class='ocrx_word' id='word_1_410' title='bbox 1052 3173 1121 3228; x_wconf 88' lang='lat' dir='ltr'><strong>ab</strong></span> <span class='ocrx_word' id='word_1_411' title='bbox 1183 3171 1438 3243; x_wconf 66' lang='lat' dir='ltr'><strong>Aigypto,</strong></span> <span class='ocrx_word' id='word_1_412' title='bbox 1500 3172 1571 3226; x_wconf 89' lang='lat' dir='ltr'><strong>ad</strong></span> <span class='ocrx_word' id='word_1_413' title='bbox 1618 3186 1779 3242; x_wconf 87' lang='lat' dir='ltr'><strong>opem</strong></span> <span class='ocrx_word' id='word_1_414' title='bbox 1844 3170 1948 3224; x_wconf 89' lang='lat' dir='ltr'><strong>sibi</strong></span> <span class='ocrx_word' id='word_1_415' title='bbox 2010 3169 2294 3225; x_wconf 75' lang='lat' dir='ltr'><strong>ferendam</strong></span> <span class='ocrx_word' id='word_1_416' title='bbox 2325 3196 2363 3250; x_wconf 63' lang='grc' dir='ltr'><strong>ρ</strong></span> 
     </span>
    </p>
   </div>
   <div class='ocr_carea' id='block_1_60' title="bbox 2366 3156 4002 3250">
    <p class='ocr_par' dir='ltr' id='par_1_60' title="bbox 2399 3156 4002 3239">
     <span class='ocr_line' id='line_1_60' title="bbox 2399 3156 4002 3239; baseline -0.012 -12"><span class='ocrx_word' id='word_1_417' title='bbox 2399 3170 2759 3239; x_wconf 69' lang='grc' dir='ltr'>ἀπαλλαγεὶς,</span> <span class='ocrx_word' id='word_1_418' title='bbox 2798 3166 2991 3238; x_wconf 81' lang='grc' dir='ltr'>βοηθὸν</span> <span class='ocrx_word' id='word_1_419' title='bbox 3039 3162 3232 3217; x_wconf 80' lang='grc' dir='ltr'>ἑαυτοῦ</span> <span class='ocrx_word' id='word_1_420' title='bbox 3277 3159 3574 3229; x_wconf 70' lang='grc' dir='ltr'>ἐπενόησεν</span> <span class='ocrx_word' id='word_1_421' title='bbox 3619 3156 3863 3209; x_wconf 77' lang='grc' dir='ltr'>εἴδωλον</span> <span class='ocrx_word' id='word_1_422' title='bbox 3903 3173 4002 3225; x_wconf 76' lang='grc' dir='ltr'><strong>χω-</strong></span> 
     </span>
    </p>
   </div>
   <div class='ocr_carea' id='block_1_61' title="bbox 727 3262 2363 3337">
    <p class='ocr_par' dir='ltr' id='par_1_61' title="bbox 727 3262 1617 3337">
     <span class='ocr_line' id='line_1_61' title="bbox 727 3262 1617 3337; baseline -0.007 -16"><span class='ocrx_word' id='word_1_423' title='bbox 727 3265 1054 3337; x_wconf 78' lang='lat' dir='ltr'><strong>excogitavit</strong></span> <span class='ocrx_word' id='word_1_424' title='bbox 1091 3264 1294 3317; x_wconf 90' lang='lat' dir='ltr'><strong>idolum</strong></span> <span class='ocrx_word' id='word_1_425' title='bbox 1326 3262 1617 3319; x_wconf 80' lang='lat' dir='ltr'><strong>conﬁatilc.</strong></span> 
     </span>
    </p>
   </div>
   <div class='ocr_carea' id='block_1_62' title="bbox 974 3262 2610 3337">
    <p class='ocr_par' dir='ltr' id='par_1_62' title="bbox 978 3262 2610 3321">
     <span class='ocr_line' id='line_1_62' title="bbox 978 3262 2610 3321; baseline -0.004 -2"><span class='ocrx_word' id='word_1_426' title='bbox 978 3265 1054 3319; x_wconf 88' lang='lat' dir='ltr'><strong>vit</strong></span> <span class='ocrx_word' id='word_1_427' title='bbox 1091 3264 1294 3317; x_wconf 90' lang='lat' dir='ltr'><strong>idolum</strong></span> <span class='ocrx_word' id='word_1_428' title='bbox 1326 3262 1617 3319; x_wconf 81' lang='lat' dir='ltr'><strong>conﬁatilc.</strong></span> <span class='ocrx_word' id='word_1_429' title='bbox 2403 3265 2610 3321; x_wconf 79' lang='grc' dir='ltr'>νευτὸν,</span> 
     </span>
    </p>
   </div>
   <div class='ocr_carea' id='block_1_63' title="bbox 801 3336 2437 3425">
    <p class='ocr_par' dir='ltr' id='par_1_63' title="bbox 801 3336 2296 3425">
     <span class='ocr_line' id='line_1_63' title="bbox 801 3336 2296 3425; baseline -0.005 -13"><span class='ocrx_word' id='word_1_430' title='bbox 801 3336 892 3413; x_wconf 74' lang='lat'><strong>26.</strong></span> <span class='ocrx_word' id='word_1_431' title='bbox 932 3354 1432 3411; x_wconf 75' lang='lat' dir='ltr'><strong>ldolumconllatile</strong></span> <span class='ocrx_word' id='word_1_432' title='bbox 1455 3354 1743 3425; x_wconf 80' lang='lat' dir='ltr'><strong>intelliges,</strong></span> <span class='ocrx_word' id='word_1_433' title='bbox 1776 3362 2017 3409; x_wconf 87' lang='lat' dir='ltr'><strong>mentem</strong></span> <span class='ocrx_word' id='word_1_434' title='bbox 2050 3362 2296 3407; x_wconf 82' lang='lat' dir='ltr'><strong>nostram</strong></span> 
     </span>
    </p>
   </div>
   <div class='ocr_carea' id='block_1_64' title="bbox 2364 3336 4000 3425">
    <p class='ocr_par' dir='ltr' id='par_1_64' title="bbox 2476 3336 4000 3420">
     <span class='ocr_line' id='line_1_64' title="bbox 2476 3336 4000 3420; baseline -0.012 -11"><span class='ocrx_word' id='word_1_435' title='bbox 2476 3361 2589 3420; x_wconf 84' lang='grc' dir='ltr'>κς’.</span> <span class='ocrx_word' id='word_1_436' title='bbox 2646 3350 2880 3407; x_wconf 77' lang='grc' dir='ltr'><strong>Εἴδωλον</strong></span> <span class='ocrx_word' id='word_1_437' title='bbox 2934 3348 2991 3401; x_wconf 80' lang='grc' dir='ltr'>δὲ</span> <span class='ocrx_word' id='word_1_438' title='bbox 3040 3346 3254 3415; x_wconf 77' lang='grc' dir='ltr'>νοήσεις</span> <span class='ocrx_word' id='word_1_439' title='bbox 3307 3342 3594 3413; x_wconf 83' lang='grc' dir='ltr'>χωνευτὸν,</span> <span class='ocrx_word' id='word_1_440' title='bbox 3648 3338 3749 3392; x_wconf 81' lang='grc' dir='ltr'>τὸν</span> <span class='ocrx_word' id='word_1_441' title='bbox 3800 3336 4000 3405; x_wconf 68' lang='grc' dir='ltr'>ἀσθενῆ</span> 
     </span>
    </p>
   </div>
   <div class='ocr_carea' id='block_1_65' title="bbox 730 3430 2366 3518">
    <p class='ocr_par' dir='ltr' id='par_1_65' title="bbox 730 3444 2296 3516">
     <span class='ocr_line' id='line_1_65' title="bbox 730 3444 2296 3516; baseline -0.003 -15"><span class='ocrx_word' id='word_1_442' title='bbox 730 3448 1033 3502; x_wconf 83' lang='lat' dir='ltr'><strong>inﬁrmam:</strong></span> <span class='ocrx_word' id='word_1_443' title='bbox 1083 3462 1205 3516; x_wconf 72' lang='lat' dir='ltr'><strong>qua:</strong></span> <span class='ocrx_word' id='word_1_444' title='bbox 1246 3445 1489 3514; x_wconf 86' lang='lat' dir='ltr'><strong>quandiu</strong></span> <span class='ocrx_word' id='word_1_445' title='bbox 1535 3446 1754 3514; x_wconf 86' lang='lat' dir='ltr'><strong>quidem</strong></span> <span class='ocrx_word' id='word_1_446' title='bbox 1808 3444 2061 3513; x_wconf 91' lang='lat' dir='ltr'><strong>implorat</strong></span> <span class='ocrx_word' id='word_1_447' title='bbox 2108 3444 2296 3498; x_wconf 87' lang='lat' dir='ltr'><strong>Jesum</strong></span> 
     </span>
    </p>
   </div>
   <div class='ocr_carea' id='block_1_66' title="bbox 2366 3430 4002 3518">
    <p class='ocr_par' dir='ltr' id='par_1_66' title="bbox 2404 3430 4002 3518">
     <span class='ocr_line' id='line_1_66' title="bbox 2404 3430 4002 3518; baseline -0.013 -17"><span class='ocrx_word' id='word_1_448' title='bbox 2404 3447 2560 3518; x_wconf 76' lang='grc' dir='ltr'>ἡμῶν</span> <span class='ocrx_word' id='word_1_449' title='bbox 2590 3444 2733 3510; x_wconf 86' lang='grc' dir='ltr'>νοῦν,</span> <span class='ocrx_word' id='word_1_450' title='bbox 2765 3444 2823 3505; x_wconf 83' lang='grc' dir='ltr'>ὃς</span> <span class='ocrx_word' id='word_1_451' title='bbox 2852 3438 3058 3509; x_wconf 73' lang='grc' dir='ltr'>γε,ἒως</span> <span class='ocrx_word' id='word_1_452' title='bbox 3092 3437 3189 3507; x_wconf 80' lang='grc' dir='ltr'>μὲν</span> <span class='ocrx_word' id='word_1_453' title='bbox 3228 3432 3433 3505; x_wconf 85' lang='grc' dir='ltr'>Ἰησοῦν</span> <span class='ocrx_word' id='word_1_454' title='bbox 3460 3430 3702 3503; x_wconf 74' lang='grc' dir='ltr'>Χριστὸν</span> <span class='ocrx_word' id='word_1_455' title='bbox 3734 3446 4002 3500; x_wconf 64' lang='lat' dir='ltr'><strong>Rapax;-</strong></span> 
     </span>
    </p>
   </div>
   <div class='ocr_carea' id='block_1_67' title="bbox 728 3523 2364 3608">
    <p class='ocr_par' dir='ltr' id='par_1_67' title="bbox 728 3534 2300 3608">
     <span class='ocr_line' id='line_1_67' title="bbox 728 3534 2300 3608; baseline -0.005 -11"><span class='ocrx_word' id='word_1_456' title='bbox 728 3542 1008 3597; x_wconf 88' lang='lat' dir='ltr'><strong>Cbristum</strong></span> <span class='ocrx_word' id='word_1_457' title='bbox 1026 3540 1287 3594; x_wconf 78' lang='lat' dir='ltr'><strong>adversus</strong></span> <span class='ocrx_word' id='word_1_458' title='bbox 1305 3538 1563 3607; x_wconf 77' lang='lat' dir='ltr'><strong>nequitize</strong></span> <span class='ocrx_word' id='word_1_459' title='bbox 1592 3538 1837 3608; x_wconf 85' lang='lat' dir='ltr'><strong>spiritus,</strong></span> <span class='ocrx_word' id='word_1_460' title='bbox 1867 3536 2025 3592; x_wconf 82' lang='lat' dir='ltr'><strong>facile</strong></span> <span class='ocrx_word' id='word_1_461' title='bbox 2051 3534 2300 3606; x_wconf 80' lang='lat' dir='ltr'><strong>proﬁigat</strong></span> 
     </span>
    </p>
   </div>
   <div class='ocr_carea' id='block_1_68' title="bbox 2364 3523 4000 3608">
    <p class='ocr_par' dir='ltr' id='par_1_68' title="bbox 2406 3523 4000 3605">
     <span class='ocr_line' id='line_1_68' title="bbox 2406 3523 4000 3605; baseline -0.011 -12"><span class='ocrx_word' id='word_1_462' title='bbox 2406 3540 2515 3602; x_wconf 88' lang='grc' dir='ltr'><strong>λείς</strong></span> <span class='ocrx_word' id='word_1_463' title='bbox 2563 3537 2705 3592; x_wconf 79' lang='grc' dir='ltr'>κατὰ</span> <span class='ocrx_word' id='word_1_464' title='bbox 2742 3535 2850 3589; x_wconf 84' lang='grc' dir='ltr'><strong>τῶν</strong></span> <span class='ocrx_word' id='word_1_465' title='bbox 2893 3534 2993 3605; x_wconf 84' lang='grc' dir='ltr'>τῆς</span> <span class='ocrx_word' id='word_1_466' title='bbox 3044 3528 3305 3599; x_wconf 81' lang='grc' dir='ltr'>πονηρίας</span> <span class='ocrx_word' id='word_1_467' title='bbox 3344 3526 3706 3596; x_wconf 81' lang='grc' dir='ltr'>πνευμάτων,</span> <span class='ocrx_word' id='word_1_468' title='bbox 3757 3523 4000 3581; x_wconf 69' lang='grc' dir='ltr'>εὐκόῖως</span> 
     </span>
    </p>
   </div>
   <div class='ocr_carea' id='block_1_69' title="bbox 728 3614 2364 3698">
    <p class='ocr_par' dir='ltr' id='par_1_69' title="bbox 728 3626 2298 3698">
     <span class='ocr_line' id='line_1_69' title="bbox 728 3626 2298 3698; baseline -0.003 -13"><span class='ocrx_word' id='word_1_469' title='bbox 728 3648 861 3686; x_wconf 84' lang='lat' dir='ltr'><strong>eos:</strong></span> <span class='ocrx_word' id='word_1_470' title='bbox 910 3641 965 3686; x_wconf 90' lang='lat' dir='ltr'><strong>et</strong></span> <span class='ocrx_word' id='word_1_471' title='bbox 1018 3629 1319 3684; x_wconf 83' lang='lat' dir='ltr'><strong>invisibiles</strong></span> <span class='ocrx_word' id='word_1_472' title='bbox 1366 3628 1572 3683; x_wconf 81' lang='lat' dir='ltr'><strong>inimici</strong></span> <span class='ocrx_word' id='word_1_473' title='bbox 1634 3626 1825 3698; x_wconf 72' lang='lat' dir='ltr'><strong>copias</strong></span> <span class='ocrx_word' id='word_1_474' title='bbox 1879 3628 2145 3682; x_wconf 81' lang='lat' dir='ltr'><strong>militares</strong></span> <span class='ocrx_word' id='word_1_475' title='bbox 2181 3637 2298 3681; x_wconf 89' lang='lat' dir='ltr'><strong>arte</strong></span> 
     </span>
    </p>
   </div>
   <div class='ocr_carea' id='block_1_70' title="bbox 2364 3614 4000 3698">
    <p class='ocr_par' dir='ltr' id='par_1_70' title="bbox 2407 3614 4000 3691">
     <span class='ocr_line' id='line_1_70' title="bbox 2407 3614 4000 3691; baseline -0.014 -5"><span class='ocrx_word' id='word_1_476' title='bbox 2407 3631 2546 3686; x_wconf 81' lang='grc' dir='ltr'>αὐτὰ</span> <span class='ocrx_word' id='word_1_477' title='bbox 2571 3626 2901 3683; x_wconf 82' lang='grc' dir='ltr'>καταδιώκει</span> <span class='ocrx_word' id='word_1_478' title='bbox 2919 3641 2934 3656; x_wconf 77' lang='grc' dir='ltr'><strong>ο</strong></span> <span class='ocrx_word' id='word_1_479' title='bbox 2967 3622 3064 3676; x_wconf 70' lang='grc' dir='ltr'>καὶ</span> <span class='ocrx_word' id='word_1_480' title='bbox 3102 3621 3220 3691; x_wconf 84' lang='grc' dir='ltr'>μετ’</span> <span class='ocrx_word' id='word_1_481' title='bbox 3249 3617 3561 3688; x_wconf 68' lang='grc' dir='ltr'>ὶπιστήμης</span> <span class='ocrx_word' id='word_1_482' title='bbox 3584 3614 3856 3684; x_wconf 69' lang='grc' dir='ltr'>ἔντέχνου</span> <span class='ocrx_word' id='word_1_483' title='bbox 3883 3631 4000 3683; x_wconf 76' lang='grc' dir='ltr'>τρο-</span> 
     </span>
    </p>
   </div>
   <div class='ocr_carea' id='block_1_71' title="bbox 729 3705 2365 3791">
    <p class='ocr_par' dir='ltr' id='par_1_71' title="bbox 729 3718 2298 3791">
     <span class='ocr_line' id='line_1_71' title="bbox 729 3718 2298 3791; baseline -0.003 -15"><span class='ocrx_word' id='word_1_484' title='bbox 729 3723 913 3777; x_wconf 84' lang='lat' dir='ltr'><strong>subtili</strong></span> <span class='ocrx_word' id='word_1_485' title='bbox 968 3721 1227 3791; x_wconf 82' lang='lat' dir='ltr'><strong>repulsat.</strong></span> <span class='ocrx_word' id='word_1_486' title='bbox 1280 3719 1376 3773; x_wconf 86' lang='lat' dir='ltr'><strong>Sin</strong></span> <span class='ocrx_word' id='word_1_487' title='bbox 1414 3733 1640 3789; x_wconf 80' lang='lat' dir='ltr'><strong>prorsus</strong></span> <span class='ocrx_word' id='word_1_488' title='bbox 1700 3720 1751 3772; x_wconf 92' lang='lat' dir='ltr'><strong>in</strong></span> <span class='ocrx_word' id='word_1_489' title='bbox 1809 3719 1987 3787; x_wconf 87' lang='lat' dir='ltr'><strong>seipsa</strong></span> <span class='ocrx_word' id='word_1_490' title='bbox 2042 3718 2298 3773; x_wconf 88' lang='lat' dir='ltr'><strong>ﬁduciam</strong></span> 
     </span>
    </p>
   </div>
   <div class='ocr_carea' id='block_1_72' title="bbox 2362 3705 3998 3791">
    <p class='ocr_par' dir='ltr' id='par_1_72' title="bbox 2408 3705 3998 3789">
     <span class='ocr_line' id='line_1_72' title="bbox 2408 3705 3998 3789; baseline -0.016 -6"><span class='ocrx_word' id='word_1_491' title='bbox 2408 3723 2601 3782; x_wconf 84' lang='grc' dir='ltr'>ποῦται</span> <span class='ocrx_word' id='word_1_492' title='bbox 2626 3721 2724 3784; x_wconf 87' lang='grc' dir='ltr'>τὰς</span> <span class='ocrx_word' id='word_1_493' title='bbox 2744 3716 3009 3789; x_wconf 77' lang='grc' dir='ltr'>ἀοράτους</span> <span class='ocrx_word' id='word_1_494' title='bbox 3039 3712 3303 3783; x_wconf 83' lang='grc' dir='ltr'>πολεμίας</span> <span class='ocrx_word' id='word_1_495' title='bbox 3329 3708 3424 3764; x_wconf 89' lang='grc' dir='ltr'>τοῦ</span> <span class='ocrx_word' id='word_1_496' title='bbox 3460 3705 3690 3777; x_wconf 86' lang='grc' dir='ltr'>Ἐχθροῦ</span> <span class='ocrx_word' id='word_1_497' title='bbox 3708 3705 3998 3775; x_wconf 78' lang='grc' dir='ltr'>δυνάμεις.</span> 
     </span>
    </p>
   </div>
   <div class='ocr_carea' id='block_1_73' title="bbox 730 3794 2366 3884">
    <p class='ocr_par' dir='ltr' id='par_1_73' title="bbox 730 3808 2299 3884">
     <span class='ocr_line' id='line_1_73' title="bbox 730 3808 2299 3884; baseline -0.004 -16"><span class='ocrx_word' id='word_1_498' title='bbox 730 3814 1107 3884; x_wconf 84' lang='lat' dir='ltr'><strong>imprudenter</strong></span> <span class='ocrx_word' id='word_1_499' title='bbox 1129 3812 1381 3875; x_wconf 85' lang='lat' dir='ltr'><strong>collocet,</strong></span> <span class='ocrx_word' id='word_1_500' title='bbox 1408 3811 1557 3865; x_wconf 88' lang='lat' dir='ltr'><strong>velut</strong></span> <span class='ocrx_word' id='word_1_501' title='bbox 1587 3811 1703 3865; x_wconf 85' lang='lat' dir='ltr'><strong>avis</strong></span> <span class='ocrx_word' id='word_1_502' title='bbox 1745 3825 1866 3880; x_wconf 77' lang='lat' dir='ltr'><strong>qua:</strong></span> <span class='ocrx_word' id='word_1_503' title='bbox 1900 3809 2100 3865; x_wconf 90' lang='lat' dir='ltr'><strong>dicitur</strong></span> <span class='ocrx_word' id='word_1_504' title='bbox 2132 3808 2299 3876; x_wconf 77' lang='grc' dir='ltr'>ὀξύπ-</span> 
     </span>
    </p>
   </div>
   <div class='ocr_carea' id='block_1_74' title="bbox 2362 3794 3998 3884">
    <p class='ocr_par' dir='ltr' id='par_1_74' title="bbox 2419 3794 3998 3884">
     <span class='ocr_line' id='line_1_74' title="bbox 2419 3794 3998 3884; baseline -0.016 -15"><span class='ocrx_word' id='word_1_505' title='bbox 2419 3814 2587 3868; x_wconf 71' lang='grc' dir='ltr'>Ἒπὰν</span> <span class='ocrx_word' id='word_1_506' title='bbox 2616 3813 2672 3866; x_wconf 81' lang='grc' dir='ltr'>δὲ</span> <span class='ocrx_word' id='word_1_507' title='bbox 2693 3811 2854 3871; x_wconf 81' lang='grc' dir='ltr'>αὐτὸς</span> <span class='ocrx_word' id='word_1_508' title='bbox 2882 3810 2962 3870; x_wconf 82' lang='grc' dir='ltr'><strong>είς</strong></span> <span class='ocrx_word' id='word_1_509' title='bbox 2986 3802 3180 3859; x_wconf 74' lang='grc' dir='ltr'>ἑαυτὸν</span> <span class='ocrx_word' id='word_1_510' title='bbox 3210 3800 3463 3870; x_wconf 80' lang='grc' dir='ltr'>ἀφρόνως</span> <span class='ocrx_word' id='word_1_511' title='bbox 3489 3797 3838 3867; x_wconf 80' lang='grc' dir='ltr'>θαρρήσειεν</span> <span class='ocrx_word' id='word_1_512' title='bbox 3864 3794 3998 3884; x_wconf 64' lang='grc' dir='ltr'>ὅλος,</span> 
     </span>
    </p>
   </div>
   <div class='ocr_carea' id='block_1_75' title="bbox 730 3883 2366 3976">
    <p class='ocr_par' dir='ltr' id='par_1_75' title="bbox 730 3901 2302 3976">
     <span class='ocr_line' id='line_1_75' title="bbox 730 3901 2302 3976; baseline -0.004 -18"><span class='ocrx_word' id='word_1_513' title='bbox 730 3923 905 3976; x_wconf 79' lang='grc' dir='ltr'>τερος,</span> <span class='ocrx_word' id='word_1_514' title='bbox 934 3904 1331 3960; x_wconf 86' lang='lat' dir='ltr'><strong>deturbabitnr.</strong></span> <span class='ocrx_word' id='word_1_515' title='bbox 1387 3903 1450 3956; x_wconf 87' lang='lat' dir='ltr'><strong>lu</strong></span> <span class='ocrx_word' id='word_1_516' title='bbox 1490 3903 1615 3965; x_wconf 88' lang='lat' dir='ltr'><strong>Deo,</strong></span> <span class='ocrx_word' id='word_1_517' title='bbox 1683 3902 1876 3972; x_wconf 88' lang='lat' dir='ltr'><strong>inquit,</strong></span> <span class='ocrx_word' id='word_1_518' title='bbox 1933 3901 2160 3971; x_wconf 81' lang='lat' dir='ltr'><strong>speravit</strong></span> <span class='ocrx_word' id='word_1_519' title='bbox 2213 3916 2302 3953; x_wconf 88' lang='lat' dir='ltr'><strong>cor</strong></span> 
     </span>
    </p>
   </div>
   <div class='ocr_carea' id='block_1_76' title="bbox 2366 3883 4002 3976">
    <p class='ocr_par' dir='ltr' id='par_1_76' title="bbox 2405 3883 4002 3971">
     <span class='ocr_line' id='line_1_76' title="bbox 2405 3883 4002 3971; baseline -0.016 -11"><span class='ocrx_word' id='word_1_520' title='bbox 2405 3908 2480 3971; x_wconf 85' lang='grc' dir='ltr'>ὡς</span> <span class='ocrx_word' id='word_1_521' title='bbox 2521 3905 2550 3957; x_wconf 80' lang='grc' dir='ltr'>ὁ</span> <span class='ocrx_word' id='word_1_522' title='bbox 2586 3902 2881 3971; x_wconf 83' lang='grc' dir='ltr'>λεγόμενος</span> <span class='ocrx_word' id='word_1_523' title='bbox 2933 3896 3271 3965; x_wconf 73' lang='grc' dir='ltr'>ὀξύπτερος,</span> <span class='ocrx_word' id='word_1_524' title='bbox 3318 3889 3677 3961; x_wconf 82' lang='grc' dir='ltr'>ταράσσεται.</span> <span class='ocrx_word' id='word_1_525' title='bbox 3740 3885 3884 3939; x_wconf 77' lang='grc' dir='ltr'>Ἐπὶ</span> <span class='ocrx_word' id='word_1_526' title='bbox 3930 3883 4002 3947; x_wconf 64' lang='grc' dir='ltr'>τῷ</span> 
     </span>
    </p>
   </div>
   <div class='ocr_carea' id='block_1_77' title="bbox 734 3978 2370 4068">
    <p class='ocr_par' dir='ltr' id='par_1_77' title="bbox 734 3997 2299 4068">
     <span class='ocr_line' id='line_1_77' title="bbox 734 3997 2299 4068; baseline -0.001 -16"><span class='ocrx_word' id='word_1_527' title='bbox 734 4018 923 4065; x_wconf 82' lang='lat' dir='ltr'><strong>meum,</strong></span> <span class='ocrx_word' id='word_1_528' title='bbox 948 4011 998 4055; x_wconf 77' lang='lat' dir='ltr'><strong>et</strong></span> <span class='ocrx_word' id='word_1_529' title='bbox 1029 4001 1249 4068; x_wconf 76' lang='lat' dir='ltr'><strong>adjutus</strong></span> <span class='ocrx_word' id='word_1_530' title='bbox 1268 4016 1382 4052; x_wconf 82' lang='lat' dir='ltr'><strong>sum</strong></span> <span class='ocrx_word' id='word_1_531' title='bbox 1403 4015 1423 4053; x_wconf 90' lang='lat'><strong><em>:</em></strong></span> <span class='ocrx_word' id='word_1_532' title='bbox 1445 4007 1494 4052; x_wconf 86' lang='lat' dir='ltr'><strong>ct</strong></span> <span class='ocrx_word' id='word_1_533' title='bbox 1535 3998 1774 4067; x_wconf 73' lang='lat' dir='ltr'><strong>reﬂoruit</strong></span> <span class='ocrx_word' id='word_1_534' title='bbox 1815 4013 1942 4050; x_wconf 85' lang='lat' dir='ltr'><strong>caro</strong></span> <span class='ocrx_word' id='word_1_535' title='bbox 1971 4014 2087 4052; x_wconf 74' lang='lat' dir='ltr'><strong>mea</strong></span> <span class='ocrx_word' id='word_1_536' title='bbox 2109 3997 2174 4051; x_wconf 84' lang='grc'><strong>⁸³.</strong></span> <span class='ocrx_word' id='word_1_537' title='bbox 2212 3997 2299 4060; x_wconf 82' lang='grc' dir='ltr'><strong>Ει,</strong></span> 
     </span>
    </p>
   </div>
   <div class='ocr_carea' id='block_1_78' title="bbox 2364 3978 4000 4068">
    <p class='ocr_par' dir='ltr' id='par_1_78' title="bbox 2407 3978 4000 4067">
     <span class='ocr_line' id='line_1_78' title="bbox 2407 3978 4000 4067; baseline -0.016 -14"><span class='ocrx_word' id='word_1_538' title='bbox 2407 3998 2552 4064; x_wconf 85' lang='grc' dir='ltr'>Θεῷ,</span> <span class='ocrx_word' id='word_1_539' title='bbox 2587 3995 2774 4067; x_wconf 75' lang='grc' dir='ltr'>φησὶν,</span> <span class='ocrx_word' id='word_1_540' title='bbox 2807 3993 3076 4060; x_wconf 67' lang='grc' dir='ltr'>ἤλπισεν</span> <span class='ocrx_word' id='word_1_541' title='bbox 3102 3986 3141 4053; x_wconf 73' lang='grc' dir='ltr'><strong><em>ἠ</em></strong></span> <span class='ocrx_word' id='word_1_542' title='bbox 3174 3982 3391 4053; x_wconf 74' lang='grc' dir='ltr'>καρδία</span> <span class='ocrx_word' id='word_1_543' title='bbox 3416 3998 3559 4051; x_wconf 83' lang='grc' dir='ltr'>μου,</span> <span class='ocrx_word' id='word_1_544' title='bbox 3598 3978 3704 4032; x_wconf 71' lang='grc' dir='ltr'>καὶ</span> <span class='ocrx_word' id='word_1_545' title='bbox 3741 3978 4000 4043; x_wconf 60' lang='lat' dir='ltr'><strong>Moneri-</strong></span> 
     </span>
    </p>
   </div>
   <div class='ocr_carea' id='block_1_79' title="bbox 730 4069 2366 4163">
    <p class='ocr_par' dir='ltr' id='par_1_79' title="bbox 730 4088 2300 4163">
     <span class='ocr_line' id='line_1_79' title="bbox 730 4088 2300 4163; baseline -0.003 -17"><span class='ocrx_word' id='word_1_546' title='bbox 730 4093 880 4157; x_wconf 78' lang='lat' dir='ltr'><strong>Quis,</strong></span> <span class='ocrx_word' id='word_1_547' title='bbox 909 4102 1103 4163; x_wconf 68' lang='lat' dir='ltr'><strong>prmter</strong></span> <span class='ocrx_word' id='word_1_548' title='bbox 1151 4091 1460 4153; x_wconf 81' lang='lat' dir='ltr'><strong>Dominum,</strong></span> <span class='ocrx_word' id='word_1_549' title='bbox 1501 4097 1778 4159; x_wconf 71' lang='lat' dir='ltr'><strong>consurget</strong></span> <span class='ocrx_word' id='word_1_550' title='bbox 1820 4088 1972 4153; x_wconf 75' lang='lat' dir='ltr'><strong>mihi,</strong></span> <span class='ocrx_word' id='word_1_551' title='bbox 2023 4097 2116 4142; x_wconf 71' lang='lat' dir='ltr'><strong>aut</strong></span> <span class='ocrx_word' id='word_1_552' title='bbox 2140 4089 2300 4141; x_wconf 78' lang='lat' dir='ltr'><strong>stabit</strong></span> 
     </span>
    </p>
   </div>
   <div class='ocr_carea' id='block_1_80' title="bbox 2365 4069 4001 4163">
    <p class='ocr_par' dir='ltr' id='par_1_80' title="bbox 2405 4069 4001 4163">
     <span class='ocr_line' id='line_1_80' title="bbox 2405 4069 4001 4163; baseline -0.001 -25"><span class='ocrx_word' id='word_1_553' title='bbox 2405 4094 2539 4155; x_wconf 76' lang='grc' dir='ltr'>θην,</span> <span class='ocrx_word' id='word_1_554' title='bbox 2566 4084 2664 4139; x_wconf 76' lang='grc' dir='ltr'>καὶ</span> <span class='ocrx_word' id='word_1_555' title='bbox 2691 4082 2990 4138; x_wconf 69' lang='grc' dir='ltr'><strong>ἀνέϐαλον</strong></span> <span class='ocrx_word' id='word_1_556' title='bbox 3023 4078 3063 4145; x_wconf 77' lang='grc' dir='ltr'>ἠ</span> <span class='ocrx_word' id='word_1_557' title='bbox 3115 4073 3277 4143; x_wconf 80' lang='grc' dir='ltr'>σάρξ</span> <span class='ocrx_word' id='word_1_558' title='bbox 3304 4089 3451 4143; x_wconf 79' lang='grc' dir='ltr'>μουο</span> <span class='ocrx_word' id='word_1_559' title='bbox 3482 4070 3633 4163; x_wconf 32' lang='grc' dir='ltr'><strong>’Καὶν</strong></span> <span class='ocrx_word' id='word_1_560' title='bbox 3678 4070 3783 4136; x_wconf 78' lang='grc' dir='ltr'><strong>Τίς</strong></span> <span class='ocrx_word' id='word_1_561' title='bbox 3814 4069 4001 4163; x_wconf 54' lang='grc' dir='ltr'>ειξιζεε</span> 
     </span>
    </p>
   </div>
   <div class='ocr_carea' id='block_1_81' title="bbox 732 4158 2368 4247">
    <p class='ocr_par' dir='ltr' id='par_1_81' title="bbox 732 4177 2303 4247">
     <span class='ocr_line' id='line_1_81' title="bbox 732 4177 2303 4247; baseline -0.002 -12"><span class='ocrx_word' id='word_1_562' title='bbox 732 4198 934 4235; x_wconf 82' lang='lat' dir='ltr'><strong>mecum</strong></span> <span class='ocrx_word' id='word_1_563' title='bbox 953 4184 1205 4235; x_wconf 79' lang='lat' dir='ltr'><strong>adversus</strong></span> <span class='ocrx_word' id='word_1_564' title='bbox 1233 4182 1541 4233; x_wconf 79' lang='lat' dir='ltr'><strong>innumeras</strong></span> <span class='ocrx_word' id='word_1_565' title='bbox 1570 4178 1912 4247; x_wconf 79' lang='lat' dir='ltr'><strong>cogitationes</strong></span> <span class='ocrx_word' id='word_1_566' title='bbox 1950 4177 2303 4247; x_wconf 77' lang='lat' dir='ltr'><strong>malignas“?</strong></span> 
     </span>
    </p>
   </div>
   <div class='ocr_carea' id='block_1_82' title="bbox 2364 4158 4000 4247">
    <p class='ocr_par' dir='ltr' id='par_1_82' title="bbox 2403 4158 4000 4243">
     <span class='ocr_line' id='line_1_82' title="bbox 2403 4158 4000 4243; baseline -0.015 -10"><span class='ocrx_word' id='word_1_567' title='bbox 2403 4178 2511 4232; x_wconf 80' lang='grc' dir='ltr'><strong>τοῦ</strong></span> <span class='ocrx_word' id='word_1_568' title='bbox 2543 4174 2766 4243; x_wconf 82' lang='grc' dir='ltr'>Κυρίου</span> <span class='ocrx_word' id='word_1_569' title='bbox 2797 4166 3212 4236; x_wconf 71' lang='grc' dir='ltr'>ἀναστήσεται</span> <span class='ocrx_word' id='word_1_570' title='bbox 3247 4180 3347 4233; x_wconf 82' lang='grc' dir='ltr'><strong>με,</strong></span> <span class='ocrx_word' id='word_1_571' title='bbox 3399 4160 3499 4216; x_wconf 77' lang='grc' dir='ltr'>καὶ</span> <span class='ocrx_word' id='word_1_572' title='bbox 3531 4158 4000 4229; x_wconf 72' lang='grc' dir='ltr'>συμπαραταξε-</span> 
     </span>
    </p>
   </div>
   <div class='ocr_carea' id='block_1_83' title="bbox 729 4250 2365 4344">
    <p class='ocr_par' dir='ltr' id='par_1_83' title="bbox 729 4269 2301 4344">
     <span class='ocr_line' id='line_1_83' title="bbox 729 4269 2301 4344; baseline -0.003 -15"><span class='ocrx_word' id='word_1_573' title='bbox 729 4275 833 4340; x_wconf 85' lang='lat' dir='ltr'><strong>Qui</strong></span> <span class='ocrx_word' id='word_1_574' title='bbox 879 4289 1010 4329; x_wconf 85' lang='lat' dir='ltr'><strong>vero</strong></span> <span class='ocrx_word' id='word_1_575' title='bbox 1055 4273 1158 4328; x_wconf 88' lang='lat' dir='ltr'><strong>sibi</strong></span> <span class='ocrx_word' id='word_1_576' title='bbox 1211 4272 1338 4344; x_wconf 87' lang='lat' dir='ltr'><strong>ipsi,</strong></span> <span class='ocrx_word' id='word_1_577' title='bbox 1376 4279 1434 4326; x_wconf 92' lang='lat' dir='ltr'><strong>et</strong></span> <span class='ocrx_word' id='word_1_578' title='bbox 1478 4286 1590 4327; x_wconf 84' lang='lat' dir='ltr'><strong>non</strong></span> <span class='ocrx_word' id='word_1_579' title='bbox 1628 4270 1761 4337; x_wconf 91' lang='lat' dir='ltr'><strong>Deo,</strong></span> <span class='ocrx_word' id='word_1_580' title='bbox 1807 4269 1944 4337; x_wconf 90' lang='lat' dir='ltr'><strong>ﬁdit,</strong></span> <span class='ocrx_word' id='word_1_581' title='bbox 1997 4284 2129 4325; x_wconf 86' lang='lat' dir='ltr'><strong>casu</strong></span> <span class='ocrx_word' id='word_1_582' title='bbox 2176 4280 2301 4325; x_wconf 89' lang='lat' dir='ltr'><strong>ruet</strong></span> 
     </span>
    </p>
   </div>
   <div class='ocr_carea' id='block_1_84' title="bbox 2362 4250 3998 4344">
    <p class='ocr_par' dir='ltr' id='par_1_84' title="bbox 2403 4250 3998 4344">
     <span class='ocr_line' id='line_1_84' title="bbox 2403 4250 3998 4344; baseline -0.015 -19"><span class='ocrx_word' id='word_1_583' title='bbox 2403 4272 2503 4325; x_wconf 81' lang='grc' dir='ltr'><strong>ταί</strong></span> <span class='ocrx_word' id='word_1_584' title='bbox 2533 4285 2607 4339; x_wconf 80' lang='grc' dir='ltr'><strong>με</strong></span> <span class='ocrx_word' id='word_1_585' title='bbox 2655 4266 2755 4320; x_wconf 72' lang='grc' dir='ltr'><strong>ἐπὶ</strong></span> <span class='ocrx_word' id='word_1_586' title='bbox 2802 4260 3308 4329; x_wconf 78' lang='grc' dir='ltr'>πονηρευομένοις</span> <span class='ocrx_word' id='word_1_587' title='bbox 3343 4252 3599 4344; x_wconf 64' lang='grc' dir='ltr'>πολλοῖς</span> <span class='ocrx_word' id='word_1_588' title='bbox 3629 4250 3998 4344; x_wconf 69' lang='grc' dir='ltr'>λογισμοῖς,</span> 
     </span>
    </p>
   </div>
   <div class='ocr_carea' id='block_1_85' title="bbox 730 4341 3999 4436">
    <p class='ocr_par' dir='ltr' id='par_1_85' title="bbox 730 4341 3999 4436">
     <span class='ocr_line' id='line_1_85' title="bbox 730 4341 3999 4436; baseline -0.013 0"><span class='ocrx_word' id='word_1_589' title='bbox 730 4356 1074 4436; x_wconf 62' lang='grc' dir='ltr'>ειηνίεεῑιηοο</span> <span class='ocrx_word' id='word_1_590' title='bbox 1236 4341 1247 4344; x_wconf 23' lang='grc'>7</span> <span class='ocrx_word' id='word_1_591' title='bbox 2418 4359 2475 4413; x_wconf 90' lang='lat'><strong>&#39;0</strong></span> <span class='ocrx_word' id='word_1_592' title='bbox 2498 4357 2555 4412; x_wconf 80' lang='grc' dir='ltr'>δὲ</span> <span class='ocrx_word' id='word_1_593' title='bbox 2594 4357 2675 4419; x_wconf 83' lang='grc' dir='ltr'><strong>είς</strong></span> <span class='ocrx_word' id='word_1_594' title='bbox 2703 4352 2897 4408; x_wconf 80' lang='grc' dir='ltr'>ἑαυτὸν</span> <span class='ocrx_word' id='word_1_595' title='bbox 2927 4348 3150 4422; x_wconf 79' lang='grc' dir='ltr'>Θαρῤὦν</span> <span class='ocrx_word' id='word_1_596' title='bbox 3182 4346 3280 4401; x_wconf 73' lang='grc' dir='ltr'>καὶ</span> <span class='ocrx_word' id='word_1_597' title='bbox 3313 4346 3415 4399; x_wconf 83' lang='grc' dir='ltr'><strong>οὐκ</strong></span> <span class='ocrx_word' id='word_1_598' title='bbox 3444 4344 3524 4406; x_wconf 83' lang='grc' dir='ltr'><strong>είς</strong></span> <span class='ocrx_word' id='word_1_599' title='bbox 3554 4341 3712 4405; x_wconf 74' lang='grc' dir='ltr'>Θεὸν,</span> <span class='ocrx_word' id='word_1_600' title='bbox 3742 4343 3999 4394; x_wconf 66' lang='grc' dir='ltr'>πεσεῖται</span> 
     </span>
    </p>
   </div>
   <div class='ocr_carea' id='block_1_86' title="bbox 2406 4443 3063 4520">
    <p class='ocr_par' dir='ltr' id='par_1_86' title="bbox 2406 4443 3063 4520">
     <span class='ocr_line' id='line_1_86' title="bbox 2406 4443 3063 4520; baseline -0.02 -15"><span class='ocrx_word' id='word_1_601' title='bbox 2406 4451 2610 4520; x_wconf 85' lang='grc' dir='ltr'>πτῶμα</span> <span class='ocrx_word' id='word_1_602' title='bbox 2647 4443 3063 4513; x_wconf 75' lang='grc' dir='ltr'>ἑξαισιὼτατον.</span> 
     </span>
    </p>
   </div>
   <div class='ocr_carea' id='block_1_87' title="bbox 796 4521 2432 4610">
    <p class='ocr_par' dir='ltr' id='par_1_87' title="bbox 796 4522 2381 4610">
     <span class='ocr_line' id='line_1_87' title="bbox 796 4522 2381 4610; baseline -0.002 -15"><span class='ocrx_word' id='word_1_603' title='bbox 796 4543 887 4596; x_wconf 70' lang='grc'><strong>2⁸1.</strong></span> <span class='ocrx_word' id='word_1_604' title='bbox 929 4541 980 4595; x_wconf 88' lang='lat' dir='ltr'><strong>Is</strong></span> <span class='ocrx_word' id='word_1_605' title='bbox 1012 4548 1099 4595; x_wconf 87' lang='lat' dir='ltr'><strong>est</strong></span> <span class='ocrx_word' id='word_1_606' title='bbox 1131 4547 1287 4610; x_wconf 81' lang='lat' dir='ltr'><strong>typus</strong></span> <span class='ocrx_word' id='word_1_607' title='bbox 1305 4546 1361 4594; x_wconf 89' lang='lat' dir='ltr'><strong>et</strong></span> <span class='ocrx_word' id='word_1_608' title='bbox 1387 4538 1520 4593; x_wconf 86' lang='lat' dir='ltr'><strong>ordo</strong></span> <span class='ocrx_word' id='word_1_609' title='bbox 1552 4538 1958 4607; x_wconf 86' lang='lat' dir='ltr'><strong>tranquillitatis</strong></span> <span class='ocrx_word' id='word_1_610' title='bbox 1992 4537 2183 4592; x_wconf 78' lang='lat' dir='ltr'><strong>animi.</strong></span> <span class='ocrx_word' id='word_1_611' title='bbox 2242 4536 2302 4592; x_wconf 89' lang='lat' dir='ltr'><strong>Si</strong></span> <span class='ocrx_word' id='word_1_612' title='bbox 2333 4522 2381 4580; x_wconf 76' lang='grc' dir='ltr'><strong>ί)</strong></span> 
     </span>
    </p>
   </div>
   <div class='ocr_carea' id='block_1_88' title="bbox 2354 4521 3990 4610">
    <p class='ocr_par' dir='ltr' id='par_1_88' title="bbox 2354 4521 3990 4608">
     <span class='ocr_line' id='line_1_88' title="bbox 2354 4521 3990 4608; baseline -0.004 -28"><span class='ocrx_word' id='word_1_613' title='bbox 2354 4522 2381 4580; x_wconf 84' lang='grc'>)</span> <span class='ocrx_word' id='word_1_614' title='bbox 2480 4540 2582 4604; x_wconf 74' lang='grc' dir='ltr'><strong>κζ’,</strong></span> <span class='ocrx_word' id='word_1_615' title='bbox 2615 4534 2934 4608; x_wconf 77' lang='grc' dir='ltr'>Καρδιακῆς</span> <span class='ocrx_word' id='word_1_616' title='bbox 2975 4530 3211 4601; x_wconf 68' lang='grc' dir='ltr'>ἡσυχίας</span> <span class='ocrx_word' id='word_1_617' title='bbox 3251 4521 3407 4589; x_wconf 76' lang='grc' dir='ltr'>οὗτος</span> <span class='ocrx_word' id='word_1_618' title='bbox 3445 4523 3615 4586; x_wconf 80' lang='grc' dir='ltr'>τύπος</span> <span class='ocrx_word' id='word_1_619' title='bbox 3669 4522 3771 4575; x_wconf 80' lang='grc' dir='ltr'>καὶ</span> <span class='ocrx_word' id='word_1_620' title='bbox 3805 4522 3990 4587; x_wconf 79' lang='grc' dir='ltr'>τάξις·</span> 
     </span>
    </p>
   </div>
   <div class='ocr_carea' id='block_1_89' title="bbox 729 4615 2365 4704">
    <p class='ocr_par' dir='ltr' id='par_1_89' title="bbox 729 4627 2301 4698">
     <span class='ocr_line' id='line_1_89' title="bbox 729 4627 2301 4698; baseline -0.004 -11"><span class='ocrx_word' id='word_1_621' title='bbox 729 4643 941 4687; x_wconf 76' lang='lat' dir='ltr'><strong>certare</strong></span> <span class='ocrx_word' id='word_1_622' title='bbox 978 4630 1240 4695; x_wconf 82' lang='lat' dir='ltr'><strong>statuisti,</strong></span> <span class='ocrx_word' id='word_1_623' title='bbox 1272 4629 1593 4683; x_wconf 86' lang='lat' dir='ltr'><strong>imitandum</strong></span> <span class='ocrx_word' id='word_1_624' title='bbox 1633 4629 1730 4683; x_wconf 90' lang='lat' dir='ltr'><strong>tibi</strong></span> <span class='ocrx_word' id='word_1_625' title='bbox 1765 4643 2008 4698; x_wconf 91' lang='lat' dir='ltr'><strong>propone</strong></span> <span class='ocrx_word' id='word_1_626' title='bbox 2046 4627 2301 4698; x_wconf 76' lang='lat' dir='ltr'><strong>exiguum</strong></span> 
     </span>
    </p>
   </div>
   <div class='ocr_carea' id='block_1_90' title="bbox 2359 4615 3995 4704">
    <p class='ocr_par' dir='ltr' id='par_1_90' title="bbox 2396 4615 3995 4704">
     <span class='ocr_line' id='line_1_90' title="bbox 2396 4615 3995 4704; baseline -0.023 -15"><span class='ocrx_word' id='word_1_627' title='bbox 2396 4636 2445 4689; x_wconf 83' lang='grc' dir='ltr'><strong>εί</strong></span> <span class='ocrx_word' id='word_1_628' title='bbox 2476 4632 2654 4704; x_wconf 81' lang='grc' dir='ltr'>βούλει</span> <span class='ocrx_word' id='word_1_629' title='bbox 2674 4628 2858 4683; x_wconf 81' lang='grc' dir='ltr'>ἀθλεῖν</span> <span class='ocrx_word' id='word_1_630' title='bbox 2884 4666 2900 4691; x_wconf 83' lang='grc'><strong>,</strong></span> <span class='ocrx_word' id='word_1_631' title='bbox 2923 4625 2984 4678; x_wconf 83' lang='grc' dir='ltr'><strong>τὺ</strong></span> <span class='ocrx_word' id='word_1_632' title='bbox 3009 4622 3207 4694; x_wconf 79' lang='grc' dir='ltr'>μικρὸν</span> <span class='ocrx_word' id='word_1_633' title='bbox 3225 4618 3488 4686; x_wconf 77' lang='grc' dir='ltr'>ζωθφιον,</span> <span class='ocrx_word' id='word_1_634' title='bbox 3515 4617 3549 4685; x_wconf 72' lang='grc' dir='ltr'><strong>ἡ</strong></span> <span class='ocrx_word' id='word_1_635' title='bbox 3590 4615 3815 4685; x_wconf 66' lang='grc' dir='ltr'>ἀράχνῃ</span> <span class='ocrx_word' id='word_1_636' title='bbox 3860 4615 3995 4667; x_wconf 74' lang='grc' dir='ltr'>εστω</span> 
     </span>
    </p>
   </div>
   <div class='ocr_carea' id='block_1_91' title="bbox 728 4704 2364 4788">
    <p class='ocr_par' dir='ltr' id='par_1_91' title="bbox 728 4718 2307 4788">
     <span class='ocr_line' id='line_1_91' title="bbox 728 4718 2307 4788; baseline -0.003 -11"><span class='ocrx_word' id='word_1_637' title='bbox 728 4723 1140 4784; x_wconf 80' lang='lat' dir='ltr'><strong>animalculum,</strong></span> <span class='ocrx_word' id='word_1_638' title='bbox 1168 4736 1424 4775; x_wconf 85' lang='lat' dir='ltr'><strong>araneam</strong></span> <span class='ocrx_word' id='word_1_639' title='bbox 1451 4738 1465 4772; x_wconf 91' lang='lat'><strong>:</strong></span> <span class='ocrx_word' id='word_1_640' title='bbox 1497 4720 1582 4773; x_wconf 90' lang='lat' dir='ltr'><strong>sin</strong></span> <span class='ocrx_word' id='word_1_641' title='bbox 1606 4719 1808 4784; x_wconf 89' lang='lat' dir='ltr'><strong>minus,</strong></span> <span class='ocrx_word' id='word_1_642' title='bbox 1842 4718 2217 4788; x_wconf 86' lang='lat' dir='ltr'><strong>tranquillum,</strong></span> <span class='ocrx_word' id='word_1_643' title='bbox 2246 4727 2307 4772; x_wconf 92' lang='lat' dir='ltr'><strong>ut</strong></span> 
     </span>
    </p>
   </div>
   <div class='ocr_carea' id='block_1_92' title="bbox 2356 4704 3992 4788">
    <p class='ocr_par' dir='ltr' id='par_1_92' title="bbox 2398 4704 3992 4784">
     <span class='ocr_line' id='line_1_92' title="bbox 2398 4704 3992 4784; baseline -0.015 -7"><span class='ocrx_word' id='word_1_644' title='bbox 2398 4740 2481 4777; x_wconf 91' lang='grc' dir='ltr'>σοι</span> <span class='ocrx_word' id='word_1_645' title='bbox 2507 4720 2666 4775; x_wconf 88' lang='grc' dir='ltr'>τοῦτο</span> <span class='ocrx_word' id='word_1_646' title='bbox 2688 4717 2994 4784; x_wconf 72' lang='grc' dir='ltr'>ὑπόδειγμα</span> <span class='ocrx_word' id='word_1_647' title='bbox 3016 4729 3029 4744; x_wconf 77' lang='grc' dir='ltr'><strong>ο</strong></span> <span class='ocrx_word' id='word_1_648' title='bbox 3064 4713 3111 4765; x_wconf 80' lang='grc' dir='ltr'><strong>εί</strong></span> <span class='ocrx_word' id='word_1_649' title='bbox 3131 4710 3189 4765; x_wconf 81' lang='grc' dir='ltr'>δὲ</span> <span class='ocrx_word' id='word_1_650' title='bbox 3221 4709 3317 4780; x_wconf 80' lang='grc' dir='ltr'><strong>μὴ,</strong></span> <span class='ocrx_word' id='word_1_651' title='bbox 3347 4705 3504 4759; x_wconf 75' lang='grc' dir='ltr'>οὔπω</span> <span class='ocrx_word' id='word_1_652' title='bbox 3547 4704 3625 4768; x_wconf 82' lang='grc' dir='ltr'>ὦς</span> <span class='ocrx_word' id='word_1_653' title='bbox 3664 4704 3748 4757; x_wconf 82' lang='grc' dir='ltr'>δεῖ</span> <span class='ocrx_word' id='word_1_654' title='bbox 3775 4704 3992 4773; x_wconf 77' lang='grc' dir='ltr'>ήσύχα·</span> 
     </span>
    </p>
   </div>
   <div class='ocr_carea' id='block_1_93' title="bbox 732 4796 2368 4886">
    <p class='ocr_par' dir='ltr' id='par_1_93' title="bbox 732 4810 2305 4884">
     <span class='ocr_line' id='line_1_93' title="bbox 732 4810 2305 4884; baseline -0.003 -15"><span class='ocrx_word' id='word_1_655' title='bbox 732 4819 908 4879; x_wconf 85' lang='lat' dir='ltr'><strong>decet,</strong></span> <span class='ocrx_word' id='word_1_656' title='bbox 937 4813 1182 4868; x_wconf 83' lang='lat' dir='ltr'><strong>nondum</strong></span> <span class='ocrx_word' id='word_1_657' title='bbox 1208 4811 1353 4884; x_wconf 73' lang='lat' dir='ltr'><strong>geris</strong></span> <span class='ocrx_word' id='word_1_658' title='bbox 1378 4810 1641 4866; x_wconf 85' lang='lat' dir='ltr'><strong>animum.</strong></span> <span class='ocrx_word' id='word_1_659' title='bbox 1685 4810 1782 4864; x_wconf 84' lang='lat' dir='ltr'><strong>Illa</strong></span> <span class='ocrx_word' id='word_1_660' title='bbox 1806 4811 2027 4880; x_wconf 89' lang='lat' dir='ltr'><strong>quidem</strong></span> <span class='ocrx_word' id='word_1_661' title='bbox 2064 4811 2305 4864; x_wconf 86' lang='lat' dir='ltr'><strong>minutas</strong></span> 
     </span>
    </p>
   </div>
   <div class='ocr_carea' id='block_1_94' title="bbox 2357 4796 3993 4886">
    <p class='ocr_par' dir='ltr' id='par_1_94' title="bbox 2402 4796 3993 4886">
     <span class='ocr_line' id='line_1_94' title="bbox 2402 4796 3993 4886; baseline -0.013 -16"><span class='ocrx_word' id='word_1_662' title='bbox 2402 4833 2501 4879; x_wconf 90' lang='grc' dir='ltr'><strong>σας</strong></span> <span class='ocrx_word' id='word_1_663' title='bbox 2530 4813 2627 4886; x_wconf 81' lang='grc' dir='ltr'><strong>νῷ.</strong></span> <span class='ocrx_word' id='word_1_664' title='bbox 2659 4810 2908 4879; x_wconf 77' lang='grc' dir='ltr'>Κάκείνη</span> <span class='ocrx_word' id='word_1_665' title='bbox 2943 4807 3045 4879; x_wconf 86' lang='grc' dir='ltr'>μὲν</span> <span class='ocrx_word' id='word_1_666' title='bbox 3082 4804 3244 4876; x_wconf 82' lang='grc' dir='ltr'>μυίας</span> <span class='ocrx_word' id='word_1_667' title='bbox 3274 4798 3487 4873; x_wconf 79' lang='grc' dir='ltr'>μικρὰς</span> <span class='ocrx_word' id='word_1_668' title='bbox 3526 4796 3756 4868; x_wconf 82' lang='grc' dir='ltr'>θηρεύει</span> <span class='ocrx_word' id='word_1_669' title='bbox 3785 4814 3802 4827; x_wconf 92' lang='grc'><strong>·</strong></span> <span class='ocrx_word' id='word_1_670' title='bbox 3846 4798 3912 4851; x_wconf 75' lang='grc' dir='ltr'>σὺ</span> <span class='ocrx_word' id='word_1_671' title='bbox 3942 4797 3993 4849; x_wconf 75' lang='grc' dir='ltr'>δὲ</span> 
     </span>
    </p>
   </div>
   <div class='ocr_carea' id='block_1_95' title="bbox 731 4888 2367 4971">
    <p class='ocr_par' dir='ltr' id='par_1_95' title="bbox 731 4901 2305 4971">
     <span class='ocr_line' id='line_1_95' title="bbox 731 4901 2305 4971; baseline 0.001 -17"><span class='ocrx_word' id='word_1_672' title='bbox 731 4915 960 4960; x_wconf 71' lang='lat' dir='ltr'><strong>venatur</strong></span> <span class='ocrx_word' id='word_1_673' title='bbox 990 4907 1229 4959; x_wconf 79' lang='lat' dir='ltr'><strong>muscas.</strong></span> <span class='ocrx_word' id='word_1_674' title='bbox 1259 4902 1415 4968; x_wconf 84' lang='lat' dir='ltr'><strong>Quod</strong></span> <span class='ocrx_word' id='word_1_675' title='bbox 1443 4902 1488 4957; x_wconf 88' lang='lat' dir='ltr'><strong>si</strong></span> <span class='ocrx_word' id='word_1_676' title='bbox 1519 4912 1597 4967; x_wconf 89' lang='lat' dir='ltr'><strong>tu,</strong></span> <span class='ocrx_word' id='word_1_677' title='bbox 1636 4902 1781 4956; x_wconf 88' lang='lat' dir='ltr'><strong>illius</strong></span> <span class='ocrx_word' id='word_1_678' title='bbox 1817 4903 2088 4971; x_wconf 77' lang='lat' dir='ltr'><strong>exemplo,</strong></span> <span class='ocrx_word' id='word_1_679' title='bbox 2123 4901 2305 4956; x_wconf 87' lang='lat' dir='ltr'><strong>labore</strong></span> 
     </span>
    </p>
   </div>
   <div class='ocr_carea' id='block_1_96' title="bbox 2353 4888 3989 4971">
    <p class='ocr_par' dir='ltr' id='par_1_96' title="bbox 2396 4888 3989 4970">
     <span class='ocr_line' id='line_1_96' title="bbox 2396 4888 3989 4970; baseline -0.014 -8"><span class='ocrx_word' id='word_1_680' title='bbox 2396 4910 2445 4962; x_wconf 82' lang='grc' dir='ltr'><strong>εί</strong></span> <span class='ocrx_word' id='word_1_681' title='bbox 2469 4906 2611 4961; x_wconf 73' lang='grc' dir='ltr'>οὕτω</span> <span class='ocrx_word' id='word_1_682' title='bbox 2656 4904 2753 4958; x_wconf 75' lang='grc' dir='ltr'>καὶ</span> <span class='ocrx_word' id='word_1_683' title='bbox 2778 4902 2854 4965; x_wconf 85' lang='grc' dir='ltr'>ὡς</span> <span class='ocrx_word' id='word_1_684' title='bbox 2884 4900 3023 4970; x_wconf 76' lang='grc' dir='ltr'>αὑτὴ</span> <span class='ocrx_word' id='word_1_685' title='bbox 3055 4900 3114 4951; x_wconf 73' lang='grc' dir='ltr'>ὲν</span> <span class='ocrx_word' id='word_1_686' title='bbox 3157 4896 3305 4967; x_wconf 81' lang='grc' dir='ltr'>ψυχῇ</span> <span class='ocrx_word' id='word_1_687' title='bbox 3344 4892 3526 4946; x_wconf 85' lang='grc' dir='ltr'>πονῶν</span> <span class='ocrx_word' id='word_1_688' title='bbox 3552 4888 3865 4961; x_wconf 76' lang='grc' dir='ltr'>ἡσυχάζεις</span> <span class='ocrx_word' id='word_1_689' title='bbox 3891 4928 3906 4951; x_wconf 90' lang='grc'><strong>,</strong></span> <span class='ocrx_word' id='word_1_690' title='bbox 3935 4888 3989 4939; x_wconf 71' lang='grc' dir='ltr'><strong>οὐ</strong></span> 
     </span>
    </p>
   </div>
   <div class='ocr_carea' id='block_1_97' title="bbox 730 4978 2366 5069">
    <p class='ocr_par' dir='ltr' id='par_1_97' title="bbox 730 4994 2306 5069">
     <span class='ocr_line' id='line_1_97' title="bbox 730 4994 2306 5069; baseline -0.001 -19"><span class='ocrx_word' id='word_1_691' title='bbox 730 4999 969 5069; x_wconf 83' lang='lat' dir='ltr'><strong>quietem</strong></span> <span class='ocrx_word' id='word_1_692' title='bbox 991 4996 1189 5051; x_wconf 64' lang='lat' dir='ltr'><strong>animae</strong></span> <span class='ocrx_word' id='word_1_693' title='bbox 1221 5009 1538 5065; x_wconf 80' lang='lat' dir='ltr'><strong>comparare</strong></span> <span class='ocrx_word' id='word_1_694' title='bbox 1572 4994 1828 5058; x_wconf 75' lang='lat' dir='ltr'><strong>volueris,</strong></span> <span class='ocrx_word' id='word_1_695' title='bbox 1863 4994 2143 5049; x_wconf 86' lang='lat' dir='ltr'><strong>irremisse</strong></span> <span class='ocrx_word' id='word_1_696' title='bbox 2172 5009 2306 5063; x_wconf 89' lang='lat' dir='ltr'><strong>pue-</strong></span> 
     </span>
    </p>
   </div>
   <div class='ocr_carea' id='block_1_98' title="bbox 2354 4978 3990 5069">
    <p class='ocr_par' dir='ltr' id='par_1_98' title="bbox 2404 4978 3990 5069">
     <span class='ocr_line' id='line_1_98' title="bbox 2404 4978 3990 5069; baseline -0.015 -17"><span class='ocrx_word' id='word_1_697' title='bbox 2404 4998 2601 5052; x_wconf 85' lang='grc' dir='ltr'>παύσει</span> <span class='ocrx_word' id='word_1_698' title='bbox 2635 4994 2862 5050; x_wconf 88' lang='grc' dir='ltr'>κτείνων</span> <span class='ocrx_word' id='word_1_699' title='bbox 2898 4991 2986 5046; x_wconf 73' lang='grc' dir='ltr'><strong>ἀεὶ</strong></span> <span class='ocrx_word' id='word_1_700' title='bbox 3010 4991 3181 5061; x_wconf 83' lang='grc' dir='ltr'>νήπια</span> <span class='ocrx_word' id='word_1_701' title='bbox 3225 4982 3547 5039; x_wconf 79' lang='grc' dir='ltr'>Βαϐυλώνια</span> <span class='ocrx_word' id='word_1_702' title='bbox 3575 5020 3591 5043; x_wconf 92' lang='grc'><strong>,</strong></span> <span class='ocrx_word' id='word_1_703' title='bbox 3620 4978 3747 5032; x_wconf 82' lang='grc' dir='ltr'>καθ’</span> <span class='ocrx_word' id='word_1_704' title='bbox 3792 4979 3857 5032; x_wconf 83' lang='grc' dir='ltr'><strong>δν</strong></span> 
     </span>
    </p>
   </div>
   <div class='ocr_carea' id='block_1_99' title="bbox 734 5068 2370 5158">
    <p class='ocr_par' dir='ltr' id='par_1_99' title="bbox 734 5068 2305 5153">
     <span class='ocr_line' id='line_1_99' title="bbox 734 5068 2305 5153; baseline -0.003 -13"><span class='ocrx_word' id='word_1_705' title='bbox 734 5068 822 5143; x_wconf 65' lang='lat' dir='ltr'><strong>ros</strong></span> <span class='ocrx_word' id='word_1_706' title='bbox 862 5085 1156 5141; x_wconf 78' lang='lat' dir='ltr'><strong>interﬁcies</strong></span> <span class='ocrx_word' id='word_1_707' title='bbox 1188 5082 1563 5153; x_wconf 75' lang='lat' dir='ltr'><strong>Babylonicos.</strong></span> <span class='ocrx_word' id='word_1_708' title='bbox 1607 5081 1728 5148; x_wconf 82' lang='lat' dir='ltr'><strong>Quo</strong></span> <span class='ocrx_word' id='word_1_709' title='bbox 1777 5097 1978 5152; x_wconf 76' lang='lat' dir='ltr'><strong>genere</strong></span> <span class='ocrx_word' id='word_1_710' title='bbox 2022 5082 2185 5137; x_wconf 61' lang='lat' dir='ltr'><strong>cadis</strong></span> <span class='ocrx_word' id='word_1_711' title='bbox 2222 5083 2305 5136; x_wconf 89' lang='lat' dir='ltr'><strong>di-</strong></span> 
     </span>
    </p>
   </div>
   <div class='ocr_carea' id='block_1_100' title="bbox 2354 5068 3990 5158">
    <p class='ocr_par' dir='ltr' id='par_1_100' title="bbox 2406 5068 3990 5158">
     <span class='ocr_line' id='line_1_100' title="bbox 2406 5068 3990 5158; baseline -0.016 -14"><span class='ocrx_word' id='word_1_712' title='bbox 2406 5107 2497 5144; x_wconf 83' lang='lat' dir='ltr'><strong>vov</strong></span> <span class='ocrx_word' id='word_1_713' title='bbox 2544 5084 2825 5158; x_wconf 77' lang='grc' dir='ltr'>μακαρίζῃ</span> <span class='ocrx_word' id='word_1_714' title='bbox 2869 5080 2975 5135; x_wconf 78' lang='grc' dir='ltr'><strong>ὑπὸ</strong></span> <span class='ocrx_word' id='word_1_715' title='bbox 3021 5077 3116 5133; x_wconf 86' lang='grc' dir='ltr'><strong>τοῦ</strong></span> <span class='ocrx_word' id='word_1_716' title='bbox 3157 5075 3474 5147; x_wconf 85' lang='grc' dir='ltr'>Πνεύματος</span> <span class='ocrx_word' id='word_1_717' title='bbox 3516 5070 3611 5125; x_wconf 80' lang='grc' dir='ltr'><strong>τοῦ</strong></span> <span class='ocrx_word' id='word_1_718' title='bbox 3660 5070 3827 5138; x_wconf 79' lang='grc' dir='ltr'>ἁγίου</span> <span class='ocrx_word' id='word_1_719' title='bbox 3851 5110 3867 5133; x_wconf 86' lang='grc'><strong>,</strong></span> <span class='ocrx_word' id='word_1_720' title='bbox 3911 5068 3990 5121; x_wconf 69' lang='grc' dir='ltr'><strong>διὰ</strong></span> 
     </span>
    </p>
   </div>
   <div class='ocr_carea' id='block_1_101' title="bbox 730 5174 2596 5249">
    <p class='ocr_par' dir='ltr' id='par_1_101' title="bbox 730 5174 2596 5249">
     <span class='ocr_line' id='line_1_101' title="bbox 730 5174 2596 5249; baseline -0.003 -17"><span class='ocrx_word' id='word_1_721' title='bbox 730 5180 874 5233; x_wconf 70' lang='lat' dir='ltr'><strong>teris</strong></span> <span class='ocrx_word' id='word_1_722' title='bbox 909 5194 1009 5249; x_wconf 88' lang='lat' dir='ltr'><strong>per</strong></span> <span class='ocrx_word' id='word_1_723' title='bbox 1040 5177 1294 5232; x_wconf 71' lang='lat' dir='ltr'><strong>ltavidem</strong></span> <span class='ocrx_word' id='word_1_724' title='bbox 1332 5177 1523 5231; x_wconf 86' lang='lat' dir='ltr'><strong>beatus</strong></span> <span class='ocrx_word' id='word_1_725' title='bbox 1547 5190 1577 5228; x_wconf 88' lang='lat' dir='ltr'><strong>a</strong></span> <span class='ocrx_word' id='word_1_726' title='bbox 1610 5174 1817 5243; x_wconf 84' lang='lat' dir='ltr'><strong>Spiritu</strong></span> <span class='ocrx_word' id='word_1_727' title='bbox 1847 5183 2055 5228; x_wconf 78' lang='lat' dir='ltr'><strong>sancto.</strong></span> <span class='ocrx_word' id='word_1_728' title='bbox 2409 5180 2596 5235; x_wconf 77' lang='grc' dir='ltr'>Δαὸίδ,</span> 
     </span>
    </p>
   </div>
   <div class='ocr_carea' id='block_1_102' title="bbox 798 5252 2434 5339">
    <p class='ocr_par' dir='ltr' id='par_1_102' title="bbox 798 5265 2305 5335">
     <span class='ocr_line' id='line_1_102' title="bbox 798 5265 2305 5335; baseline -0.003 -11"><span class='ocrx_word' id='word_1_729' title='bbox 798 5270 888 5324; x_wconf 71' lang='lat'><strong>28.</strong></span> <span class='ocrx_word' id='word_1_730' title='bbox 930 5267 1400 5335; x_wconf 85' lang='lat' dir='ltr'><strong>Quemadmodum</strong></span> <span class='ocrx_word' id='word_1_731' title='bbox 1453 5266 1569 5321; x_wconf 77' lang='lat' dir='ltr'><strong>ﬁeri</strong></span> <span class='ocrx_word' id='word_1_732' title='bbox 1622 5266 1833 5334; x_wconf 89' lang='lat' dir='ltr'><strong>nequit,</strong></span> <span class='ocrx_word' id='word_1_733' title='bbox 1896 5273 1958 5319; x_wconf 91' lang='lat' dir='ltr'><strong>ut</strong></span> <span class='ocrx_word' id='word_1_734' title='bbox 2018 5266 2075 5319; x_wconf 90' lang='lat' dir='ltr'><strong>in</strong></span> <span class='ocrx_word' id='word_1_735' title='bbox 2119 5265 2305 5319; x_wconf 88' lang='lat' dir='ltr'><strong>ﬁrma-</strong></span> 
     </span>
    </p>
   </div>
   <div class='ocr_carea' id='block_1_103' title="bbox 2350 5252 3986 5339">
    <p class='ocr_par' dir='ltr' id='par_1_103' title="bbox 2484 5252 3986 5339">
     <span class='ocr_line' id='line_1_103' title="bbox 2484 5252 3986 5339; baseline -0.014 -14"><span class='ocrx_word' id='word_1_736' title='bbox 2484 5276 2593 5339; x_wconf 83' lang='grc' dir='ltr'>κη’.</span> <span class='ocrx_word' id='word_1_737' title='bbox 2636 5269 2723 5330; x_wconf 84' lang='grc' dir='ltr'>Ὠς</span> <span class='ocrx_word' id='word_1_738' title='bbox 2754 5265 2817 5317; x_wconf 81' lang='grc' dir='ltr'><strong>οὗ</strong></span> <span class='ocrx_word' id='word_1_739' title='bbox 2868 5260 3095 5317; x_wconf 75' lang='grc' dir='ltr'>δυνατὸν</span> <span class='ocrx_word' id='word_1_740' title='bbox 3136 5259 3236 5329; x_wconf 76' lang='grc' dir='ltr'>τὴν</span> <span class='ocrx_word' id='word_1_741' title='bbox 3288 5253 3558 5327; x_wconf 74' lang='grc' dir='ltr'>Ἐρυθρὰν</span> <span class='ocrx_word' id='word_1_742' title='bbox 3617 5252 3905 5306; x_wconf 78' lang='grc' dir='ltr'>θάλασσαν</span> <span class='ocrx_word' id='word_1_743' title='bbox 3936 5255 3986 5305; x_wconf 78' lang='grc' dir='ltr'>ἐν</span> 
     </span>
    </p>
   </div>
   <div class='ocr_carea' id='block_1_104' title="bbox 733 5341 2369 5430">
    <p class='ocr_par' dir='ltr' id='par_1_104' title="bbox 733 5355 2302 5425">
     <span class='ocr_line' id='line_1_104' title="bbox 733 5355 2302 5425; baseline -0.004 -9"><span class='ocrx_word' id='word_1_744' title='bbox 733 5373 919 5418; x_wconf 71' lang='lat' dir='ltr'><strong>trienno</strong></span> <span class='ocrx_word' id='word_1_745' title='bbox 934 5363 1097 5416; x_wconf 89' lang='lat' dir='ltr'><strong>situm</strong></span> <span class='ocrx_word' id='word_1_746' title='bbox 1129 5360 1270 5414; x_wconf 90' lang='lat' dir='ltr'><strong>inter</strong></span> <span class='ocrx_word' id='word_1_747' title='bbox 1297 5372 1441 5413; x_wconf 85' lang='lat' dir='ltr'><strong>astra</strong></span> <span class='ocrx_word' id='word_1_748' title='bbox 1472 5356 1845 5425; x_wconf 79' lang='lat' dir='ltr'><strong>conspiciatur</strong></span> <span class='ocrx_word' id='word_1_749' title='bbox 1869 5370 2019 5410; x_wconf 86' lang='lat' dir='ltr'><strong>mare</strong></span> <span class='ocrx_word' id='word_1_750' title='bbox 2035 5355 2302 5421; x_wconf 78' lang='lat' dir='ltr'><strong>Rubrum,</strong></span> 
     </span>
    </p>
   </div>
   <div class='ocr_carea' id='block_1_105' title="bbox 2352 5341 3988 5430">
    <p class='ocr_par' dir='ltr' id='par_1_105' title="bbox 2408 5341 3988 5430">
     <span class='ocr_line' id='line_1_105' title="bbox 2408 5341 3988 5430; baseline -0.014 -17"><span class='ocrx_word' id='word_1_751' title='bbox 2408 5361 2484 5430; x_wconf 80' lang='grc' dir='ltr'>τῷ</span> <span class='ocrx_word' id='word_1_752' title='bbox 2515 5356 2856 5428; x_wconf 86' lang='grc' dir='ltr'>στερεώματι</span> <span class='ocrx_word' id='word_1_753' title='bbox 2889 5350 3120 5421; x_wconf 80' lang='grc' dir='ltr'>ὀφθῆναι</span> <span class='ocrx_word' id='word_1_754' title='bbox 3159 5348 3323 5418; x_wconf 81' lang='grc' dir='ltr'>μέσον</span> <span class='ocrx_word' id='word_1_755' title='bbox 3346 5345 3621 5414; x_wconf 74' lang='grc' dir='ltr'>ἀστέρωνο</span> <span class='ocrx_word' id='word_1_756' title='bbox 3655 5342 3754 5395; x_wconf 69' lang='grc' dir='ltr'>καὶ</span> <span class='ocrx_word' id='word_1_757' title='bbox 3789 5341 3869 5404; x_wconf 83' lang='grc' dir='ltr'>ὡς</span> <span class='ocrx_word' id='word_1_758' title='bbox 3896 5344 3988 5392; x_wconf 65' lang='grc' dir='ltr'><strong>οὐκ</strong></span> 
     </span>
    </p>
   </div>
   <div class='ocr_carea' id='block_1_106' title="bbox 731 5433 2367 5523">
    <p class='ocr_par' dir='ltr' id='par_1_106' title="bbox 731 5449 2307 5523">
     <span class='ocr_line' id='line_1_106' title="bbox 731 5449 2307 5523; baseline -0.002 -15"><span class='ocrx_word' id='word_1_759' title='bbox 731 5467 786 5509; x_wconf 73' lang='lat' dir='ltr'><strong>et</strong></span> <span class='ocrx_word' id='word_1_760' title='bbox 821 5457 987 5508; x_wconf 86' lang='lat' dir='ltr'><strong>homo</strong></span> <span class='ocrx_word' id='word_1_761' title='bbox 1016 5468 1181 5523; x_wconf 89' lang='lat' dir='ltr'><strong>super</strong></span> <span class='ocrx_word' id='word_1_762' title='bbox 1210 5461 1406 5507; x_wconf 80' lang='lat' dir='ltr'><strong>terram</strong></span> <span class='ocrx_word' id='word_1_763' title='bbox 1430 5449 1716 5504; x_wconf 87' lang='lat' dir='ltr'><strong>ambulans</strong></span> <span class='ocrx_word' id='word_1_764' title='bbox 1749 5465 1858 5504; x_wconf 92' lang='lat' dir='ltr'><strong>non</strong></span> <span class='ocrx_word' id='word_1_765' title='bbox 1899 5450 2131 5520; x_wconf 85' lang='lat' dir='ltr'><strong>respiret</strong></span> <span class='ocrx_word' id='word_1_766' title='bbox 2160 5451 2307 5505; x_wconf 85' lang='lat' dir='ltr'><strong>hunc</strong></span> 
     </span>
    </p>
   </div>
   <div class='ocr_carea' id='block_1_107' title="bbox 2347 5433 3983 5523">
    <p class='ocr_par' dir='ltr' id='par_1_107' title="bbox 2411 5433 3983 5519">
     <span class='ocr_line' id='line_1_107' title="bbox 2411 5433 3983 5519; baseline -0.013 -15"><span class='ocrx_word' id='word_1_767' title='bbox 2411 5451 2489 5504; x_wconf 76' lang='grc' dir='ltr'><strong>ενι</strong></span> <span class='ocrx_word' id='word_1_768' title='bbox 2520 5449 2805 5519; x_wconf 83' lang='grc' dir='ltr'>ἄνθρωπον</span> <span class='ocrx_word' id='word_1_769' title='bbox 2838 5448 2895 5497; x_wconf 77' lang='grc' dir='ltr'>ἐν</span> <span class='ocrx_word' id='word_1_770' title='bbox 2917 5445 2989 5514; x_wconf 78' lang='grc' dir='ltr'>γῇ</span> <span class='ocrx_word' id='word_1_771' title='bbox 3023 5437 3431 5511; x_wconf 85' lang='grc' dir='ltr'>περιπατοῦντα</span> <span class='ocrx_word' id='word_1_772' title='bbox 3464 5436 3539 5506; x_wconf 80' lang='grc' dir='ltr'>μὴ</span> <span class='ocrx_word' id='word_1_773' title='bbox 3567 5434 3661 5487; x_wconf 72' lang='grc' dir='ltr'><strong>τὸν</strong></span> <span class='ocrx_word' id='word_1_774' title='bbox 3698 5433 3842 5503; x_wconf 81' lang='grc' dir='ltr'>ἀέρα</span> <span class='ocrx_word' id='word_1_775' title='bbox 3869 5433 3983 5485; x_wconf 79' lang='grc' dir='ltr'>τοῦ·</span> 
     </span>
    </p>
   </div>
   <div class='ocr_carea' id='block_1_108' title="bbox 730 5524 2366 5613">
    <p class='ocr_par' dir='ltr' id='par_1_108' title="bbox 730 5540 2307 5613">
     <span class='ocr_line' id='line_1_108' title="bbox 730 5540 2307 5613; baseline -0.004 -12"><span class='ocrx_word' id='word_1_776' title='bbox 730 5563 912 5601; x_wconf 77' lang='lat' dir='ltr'><strong>aerem</strong></span> <span class='ocrx_word' id='word_1_777' title='bbox 950 5564 965 5600; x_wconf 91' lang='lat'><strong>:</strong></span> <span class='ocrx_word' id='word_1_778' title='bbox 998 5545 1088 5600; x_wconf 89' lang='lat' dir='ltr'><strong>Sic</strong></span> <span class='ocrx_word' id='word_1_779' title='bbox 1115 5546 1321 5613; x_wconf 89' lang='lat' dir='ltr'><strong>absque</strong></span> <span class='ocrx_word' id='word_1_780' title='bbox 1349 5542 1619 5612; x_wconf 79' lang='lat' dir='ltr'><strong>frequenti</strong></span> <span class='ocrx_word' id='word_1_781' title='bbox 1649 5540 1777 5595; x_wconf 80' lang='lat' dir='ltr'><strong>Jesu</strong></span> <span class='ocrx_word' id='word_1_782' title='bbox 1818 5542 2184 5607; x_wconf 82' lang='lat' dir='ltr'><strong>invocatione,</strong></span> <span class='ocrx_word' id='word_1_783' title='bbox 2213 5558 2307 5596; x_wconf 86' lang='lat' dir='ltr'><strong>cor</strong></span> 
     </span>
    </p>
   </div>
   <div class='ocr_carea' id='block_1_109' title="bbox 2349 5524 3985 5613">
    <p class='ocr_par' dir='ltr' id='par_1_109' title="bbox 2414 5524 3985 5597">
     <span class='ocr_line' id='line_1_109' title="bbox 2414 5524 3985 5597; baseline -0.015 0"><span class='ocrx_word' id='word_1_784' title='bbox 2414 5561 2503 5597; x_wconf 81' lang='grc' dir='ltr'><strong>τον</strong></span> <span class='ocrx_word' id='word_1_785' title='bbox 2532 5540 2847 5594; x_wconf 70' lang='grc' dir='ltr'>ἁναπνέειψ</span> <span class='ocrx_word' id='word_1_786' title='bbox 2878 5534 3049 5596; x_wconf 79' lang='grc' dir='ltr'>οὕτως</span> <span class='ocrx_word' id='word_1_787' title='bbox 3085 5530 3348 5586; x_wconf 82' lang='grc' dir='ltr'>ἀδύνατον</span> <span class='ocrx_word' id='word_1_788' title='bbox 3380 5527 3682 5597; x_wconf 87' lang='grc' dir='ltr'>καθαρίσαι</span> <span class='ocrx_word' id='word_1_789' title='bbox 3712 5524 3815 5594; x_wconf 80' lang='grc' dir='ltr'>τὴν</span> <span class='ocrx_word' id='word_1_790' title='bbox 3838 5525 3985 5595; x_wconf 75' lang='grc' dir='ltr'>ἡμῶν</span> 
     </span>
    </p>
   </div>
   <div class='ocr_carea' id='block_1_110' title="bbox 735 5617 2371 5708">
    <p class='ocr_par' dir='ltr' id='par_1_110' title="bbox 735 5635 2305 5708">
     <span class='ocr_line' id='line_1_110' title="bbox 735 5635 2305 5708; baseline -0.004 -14"><span class='ocrx_word' id='word_1_791' title='bbox 735 5649 979 5694; x_wconf 81' lang='lat' dir='ltr'><strong>nostrum</strong></span> <span class='ocrx_word' id='word_1_792' title='bbox 1022 5652 1254 5708; x_wconf 79' lang='lat' dir='ltr'><strong>purgare</strong></span> <span class='ocrx_word' id='word_1_793' title='bbox 1286 5652 1399 5690; x_wconf 84' lang='lat' dir='ltr'><strong>non</strong></span> <span class='ocrx_word' id='word_1_794' title='bbox 1445 5650 1738 5705; x_wconf 84' lang='lat' dir='ltr'><strong>possumus</strong></span> <span class='ocrx_word' id='word_1_795' title='bbox 1784 5635 2137 5690; x_wconf 65' lang='lat' dir='ltr'><strong>allectionum</strong></span> <span class='ocrx_word' id='word_1_796' title='bbox 2186 5644 2305 5689; x_wconf 88' lang='lat' dir='ltr'><strong>slu-</strong></span> 
     </span>
    </p>
   </div>
   <div class='ocr_carea' id='block_1_111' title="bbox 2345 5617 3981 5708">
    <p class='ocr_par' dir='ltr' id='par_1_111' title="bbox 2416 5617 3981 5706">
     <span class='ocr_line' id='line_1_111' title="bbox 2416 5617 3981 5706; baseline -0.013 -17"><span class='ocrx_word' id='word_1_797' title='bbox 2416 5634 2638 5706; x_wconf 80' lang='grc' dir='ltr'>καρδίαν</span> <span class='ocrx_word' id='word_1_798' title='bbox 2669 5632 2729 5696; x_wconf 78' lang='grc' dir='ltr'>ἐξ</span> <span class='ocrx_word' id='word_1_799' title='bbox 2766 5626 3027 5701; x_wconf 78' lang='grc' dir='ltr'>ὲμπαθῶν</span> <span class='ocrx_word' id='word_1_800' title='bbox 3048 5624 3359 5695; x_wconf 78' lang='grc' dir='ltr'>νοημάτων,</span> <span class='ocrx_word' id='word_1_801' title='bbox 3381 5621 3477 5675; x_wconf 80' lang='grc' dir='ltr'>καὶ</span> <span class='ocrx_word' id='word_1_802' title='bbox 3520 5617 3825 5685; x_wconf 80' lang='grc' dir='ltr'>ἀποδιῶξαι</span> <span class='ocrx_word' id='word_1_803' title='bbox 3873 5636 3981 5679; x_wconf 59' lang='grc' dir='ltr'>νοτ-</span> 
     </span>
    </p>
   </div>
   <div class='ocr_carea' id='block_1_112' title="bbox 804 5809 1770 5877">
    <p class='ocr_par' dir='ltr' id='par_1_112' title="bbox 804 5809 1770 5877">
     <span class='ocr_line' id='line_1_112' title="bbox 804 5809 1770 5877; baseline -0.007 -7"><span class='ocrx_word' id='word_1_804' title='bbox 804 5816 847 5847; x_wconf 83' lang='grc'><strong>⁶³</strong></span> <span class='ocrx_word' id='word_1_805' title='bbox 880 5813 1017 5869; x_wconf 82' lang='lat' dir='ltr'><strong>Psal.</strong></span> <span class='ocrx_word' id='word_1_806' title='bbox 1046 5828 1213 5877; x_wconf 76' lang='lat' dir='ltr'><strong>mm,</strong></span> <span class='ocrx_word' id='word_1_807' title='bbox 1252 5814 1301 5867; x_wconf 83' lang='lat'><strong>7.</strong></span> <span class='ocrx_word' id='word_1_808' title='bbox 1382 5810 1425 5844; x_wconf 70' lang='grc'><strong>³³</strong></span> <span class='ocrx_word' id='word_1_809' title='bbox 1451 5809 1589 5864; x_wconf 58' lang='grc' dir='ltr'>Ρειιῐ.</span> <span class='ocrx_word' id='word_1_810' title='bbox 1626 5826 1770 5864; x_wconf 64' lang='lat' dir='ltr'><strong>mn.</strong></span> 
     </span>
    </p>
   </div>
  </div>
