4142 6436
192 341 222 403 1
235 345 338 413 489

186 467 325 527 τοὺς
366 466 596 539 ἐχθροὺς
658 469 718 535 ἐξ
780 473 952 543 αὐτῆς
998 476 1127 529 ἄνευ

205 554 244 606 Ἐ
258 555 406 624 ησοῦ.

270 696 372 751 κθθ.
405 695 529 750 Ἐὰν
562 702 699 769 μετὰ
726 706 1107 771 ταπεινώσεως
1143 713 1486 781 φρονήματος
1517 716 1608 768 καὶ
1639 717 1774 785 μνή-

194 805 311 856 μης
334 789 587 858 θανάτου,
623 797 715 847 καὶ
754 797 862 850 ἀπὸ
897 799 1156 870 μέμψειιις
1178 845 1192 863 ,
1238 806 1330 856 καὶ
1377 807 1768 878 ἀντιρρήσεως,

188 882 297 933 καὶ
325 884 666 955 ἐπικλήσεως
712 889 887 958 Ἰησοῦ
925 894 1161 959 Χριστοῦ
1192 896 1289 958 τὰς
1318 898 1600 965 διατριϐὰς
1634 901 1768 953 πάν-

187 991 323 1025 τοτε
360 981 535 1041 ποιεῖς
569 983 627 1031 ὲν
662 984 728 1051 τῇ
761 985 826 1053 σῇ
870 985 1066 1055 καρδίᾳ
1093 1003 1105 1015 δ
1160 988 1254 1040 καὶ
1294 989 1393 1057 τὴν
1427 992 1618 1059 στενὴν
1650 992 1768 1060 μὲν,

187 1065 339 1117 ἀλλὰ
382 1072 673 1139 χαροποιὸν
704 1075 798 1126 καὶ
828 1077 1069 1146 τερπνὴν
1101 1079 1220 1131 ὁδὸν
1246 1082 1348 1149 τῆς
1383 1081 1620 1145 διανοίας
1650 1084 1771 1135 καθ’

189 1157 438 1225 ἡμέραν,
477 1163 614 1228 μετὰ
643 1164 846 1217 τούτων
877 1167 985 1219 τῶν
1026 1168 1207 1223 ὅπλων
1236 1170 1439 1235 ὀδεύεις
1473 1174 1770 1241 νηφόντως,

188 1253 281 1311 εἰς
316 1250 550 1321 Θεωρίας
581 1255 739 1323 ἁγίας
762 1259 933 1325 ἁγίων
956 1260 1147 1332 ἐλεύσῃ
1167 1304 1180 1320 .
1211 1264 1305 1317 καὶ
1327 1266 1641 1338 φωτισθήσῃ
1676 1286 1773 1339 μυο

190 1342 401 1412 στήρια
442 1345 608 1411 βαθέα
643 1350 790 1418 παρὰ
830 1353 1089 1420 Χριστοῦ.
1136 1355 1278 1423 ΙῙαρ’
1307 1348 1354 1421 ᾧ
1386 1361 1438 1411 οἱ
1482 1360 1770 1425 θησαυροὶ

186 1434 311 1503 τῆς
335 1440 555 1505 σοφίας
592 1445 688 1494 καὶ
724 1443 832 1510 τῆς
872 1445 1148 1512 γνώσεως
1176 1448 1545 1517 ἀπόκρυφοι·
1595 1452 1696 1504 Ἐν
1725 1446 1773 1518 ᾧ

189 1526 465 1579 κατοικεῖ
504 1528 625 1582 πᾶν
659 1531 725 1582 τὸ
767 1532 1056 1601 πλήρωμα
1100 1534 1209 1601 τῆς
1258 1538 1537 1603 θεότητος
1577 1556 1773 1606 σωμα-

186 1613 371 1680 τικῶς
396 1633 407 1645 ·
468 1618 775 1691 αίσθηθήσῃ
829 1623 939 1691 γὰρ
980 1624 1115 1694 πρὸς
1174 1625 1351 1696 Ἰησοῦ
1380 1644 1392 1657 ⁸
1429 1628 1511 1681 ὅτι
1554 1630 1773 1699 πνεῦμα

188 1707 353 1773 ἅγιον
375 1709 613 1778 ἐφήλατο
645 1716 709 1781 τῇ
760 1717 823 1784 σῇ
856 1716 1001 1785 ψυχῇ
1020 1758 1033 1778 ,
1062 1719 1195 1788 παρ’
1220 1713 1282 1772 οὗ
1319 1719 1439 1783 νοῦς
1468 1720 1772 1790 ἀνθρώπων

877 358 973 418 DE
1015 363 1565 429 TEMPERANTIA
1604 374 1699 431 ET
1734 375 2065 437 i'lliTUTE
2117 408 2196 431 .--
2227 384 2613 448 CENTURIA
2680 390 2707 449 Ῑ

3311 401 3444 467 1490

1194 482 1396 551 συχνῆς
1430 485 1766 556 ἐπικλήσεως

1874 490 2039 545 diosis
2071 499 2443 567 conceptibus,
2486 518 2585 556 nec
2612 504 2680 556 ab
2709 518 2775 557 eo
2821 505 3212 566 ititellccluales
3260 513 3449 573 hostes

1876 585 2180 655 proﬂigare.

1944 722 2030 777 29.
2069 725 2121 776 Si
2153 742 2277 779 cum
2311 727 2637 797 humilitate,
2668 734 2978 803 prudentia,
3006 740 3305 811 mortisque
3330 758 3445 799 me-

1876 815 2062 877 moria,
2108 819 2522 887 conquestione,
2570 825 3016 892 contradictione,
3070 829 3447 900 imploratione

1873 904 2002 960 Jesu
2031 907 2251 975 Christi,
2280 913 2626 968 continenter
2656 919 2912 974 exercitia
2944 937 3170 993 peragas
3199 924 3253 979 in
3281 926 3451 980 corde

1877 1004 1986 1057 tuo,
2013 1007 2067 1051 et
2095 1014 2192 1066 per
2212 1010 2494 1069 angustam
2536 1005 2775 1073 quidem,
2810 1011 2903 1063 sed
2937 1013 3131 1067 anima:
3153 1013 3444 1081 jucundam

1874 1098 2036 1155 atque
2066 1089 2437 1145 delectabilem
2466 1094 2626 1161 viam,
2662 1098 2745 1151 his
2777 1100 3021 1167 quotidie
3046 1104 3211 1156 armis
3239 1103 3445 1158 instru-

1874 1190 2013 1235 ctus.
2048 1188 2195 1234 caste
2222 1181 2462 1249 incedas,
2496 1187 2564 1240 ad
2592 1197 2807 1242 sanctas
2846 1200 3159 1247 sanctorum
3197 1206 3446 1249 conteru-

1875 1269 2139 1338 plationes
2170 1274 2459 1341 pervenies
2487 1293 2501 1328 :
2539 1284 2592 1329 et
2619 1276 2883 1345 profunda
2920 1282 3173 1353 mysteria
3206 1286 3298 1340 tibi
3334 1302 3448 1340 ma-

1874 1362 2279 1420 nifestabuntur
2306 1381 2336 1420 a
2368 1366 2604 1422 Christo.
2637 1369 2699 1423 In
2728 1389 2829 1440 quo
2856 1384 2976 1427 sunt
3008 1392 3183 1430 omnes
3215 1380 3446 1431 thesauri

1874 1458 2145 1524 sapientia:
2172 1470 2220 1511 et
2250 1460 2482 1514 scientia:
2516 1462 2807 1517 absconditi
2837 1465 2881 1496 ”
2911 1482 2923 1518 :
2962 1466 3026 1520 In
3054 1484 3155 1537 quo
3184 1469 3446 1524 inhabitat

1875 1551 2043 1603 omnis
2088 1549 2357 1618 plenitudo
2398 1553 2690 1608 divinitatis
2728 1557 3073 1625 corporaliter
3118 1559 3183 1612 “.
3234 1558 3448 1615 Senties

1875 1640 2017 1694 enim
2054 1642 2121 1695 ab
2148 1642 2277 1696 Jesu
2300 1644 2516 1698 Christo
2546 1647 2751 1700 insilire
2784 1648 2836 1700 in
2872 1648 3107 1702 animam
3152 1658 3298 1704 tuam
3326 1650 3447 1720 Spi—

1875 1732 2036 1785 ritum
2069 1741 2343 1797 sanctum,
2395 1750 2492 1804 per
2525 1752 2684 1805 quem
2731 1738 3032 1793 illustratur
3077 1755 3232 1795 mens
3272 1742 3446 1796 homi-

179 1797 218 1847 δ
232 1799 532 1868 ξδουχεῖται
555 1805 686 1873 όρᾷν
700 1804 1212 1876 ἀνακεκαλυμμένῳ
1226 1808 1525 1879 προσώπῳ.
1537 1811 1767 1878 Οὐδεὶς,

1878 1838 2029 1887 num,
2061 1832 2118 1877 ut
2147 1824 2380 1878 revelata
2411 1824 2546 1881 facie
2576 1827 2742 1896 possit
2772 1828 2992 1883 intueri.
3024 1826 3212 1892 Nemo,
3247 1830 3442 1900 inquit,

184 1891 352 1957 φησι,
415 1893 577 1961 λέγει
631 1897 845 1962 Κύριον
894 1899 1155 1965 Ἰησοῦν,
1224 1904 1275 1953 εὶ
1310 1904 1397 1970 μὴ
1451 1901 1524 1954 ἐν
1579 1890 1770 1958 Urse}.-

178 1998 333 2049 ματι
374 1985 549 2053 ἁγίῳ,
609 1987 811 2058 δηλαδὴ
861 1990 1093 2059 βεόαιῶν
1148 1993 1425 2061 μυστικῶς
1468 1995 1528 2047 τὸ
1576 1994 1771 2067 ζητούα

188 2092 379 2142 μενον

268 2186 327 2238 3v.
361 2189 505 2258 Πλὴν
546 2193 639 2243 καὶ
680 2193 841 2247 τοῦτο
890 2190 981 2249 οὗν
1023 2198 1218 2261 ἰστέον,
1252 2217 1378 2262 τους
1426 2201 1765 2271 φιλομαθεῖς.

184 2279 385 2348 ὅτιπερ
427 2284 474 2333 oi
531 2282 783 2351 φθονεροὶ¹
831 2286 1087 2355 δαίμονές
1123 2307 1181 2341 τε
1215 2291 1472 2354 πολλάκις
1506 2294 1598 2346 καὶ
1632 2293 1766 2363 κρύ-

186 2389 389 2424 πτουσι
422 2375 519 2426 καὶ
550 2374 935 2431 συστέλλουσιν
978 2380 1037 2444 ἐξ
1081 2381 1236 2451 ἡμῶν
1272 2382 1361 2435 τὸν
1381 2384 1570 2453 νοητὸν
1607 2384 1766 2437 πόλε-

190 2482 318 2531 μον,
346 2465 729 2543 βασκαίνοντες
757 2471 891 2539 ἡμῖν
911 2473 959 2524 ol
996 2473 1162 2525 δεινοὶ
1188 2475 1288 2542 τῆς
1320 2476 1383 2527 ὲκ
1407 2474 1498 2527 τοῦ
1527 2477 1766 2545 πολέμου

184 2551 463 2619 ὡφελείας
498 2574 556 2608 τε
604 2559 700 2611 καὶ
746 2559 1023 2627 γνώσεως,
1062 2562 1155 2615 καὶ
1209 2565 1345 2631 πρὸς
1388 2565 1521 2618 Θεὸν
1562 2566 1767 2619 ἀναϐά-

188 2663 352 2709 σεως,
401 2650 491 2701 καὶ
538 2649 605 2700 ἶν’
656 2651 1150 2722 ἁμεριμνησάντων
1194 2656 1349 2726 ἡμῶν
1392 2659 1649 2729 ἐξαίφνης
1678 2662 1769 2714 τὸν

188 2738 320 2791 νοῦν
367 2736 522 2803 αὖθις
589 2743 900 2812 ἁρπάσωσι,
964 2749 1057 2799 καὶ
1119 2749 1445 2819 ἀπρωεχεῖς
1501 2769 1651 2813 τινας
1700 2756 1765 2822 τῇ

188 2829 409 2900 διανοίᾳ
463 2832 625 2884 πάλιν
674 2834 1100 2903 ἀπεργάσωνται
1150 2839 1375 2907 (σκοπὸς
1430 2843 1538 2908 γὰρ
1584 2843 1769 2904 αὐτοῖς

189 2920 431 2990 ἄληκτος
465 2924 559 2975 καὶ
592 2923 742 2991 ἀγὼν
787 2927 1136 2994 φροντίζεται
1172 2930 1294 2998 μηδ’
1325 2930 1459 2994 ὅλως
1497 2934 1592 3002 ὲᾷν
1620 2935 1769 3001 ἡμᾶς

188 3011 295 3080 τὴν
324 3012 548 3083 καρδίαν
577 3016 733 3085 ἡμῶν
758 3018 1043 3088 προσεχῶς
1058 3019 1257 3090 ἄγειν),
1285 3023 1485 3085 εἰδότες
1518 3023 1609 3076 τὸν
1642 3042 1769 3077 συν-

190 3105 465 3171 αγόμενον
523 3105 752 3160 πλοῦτον
808 3112 873 3179 τῇ
932 3110 1101 3181 ψυχῇ,
1144 3115 1209 3165 ὲκ
1256 3112 1356 3183 τῆς
1394 3115 1513 3167 καθ’
1552 3117 1768 3187 ἡμέραν

1870 1915 2017 1980 dicit,
2049 1913 2302 1975 Dominus
2322 1917 2494 1983 Iesus,
2521 1920 2622 1972 nisi
2665 1920 2719 1971 in
2755 1918 2956 1988 Spiritu
3001 1931 3182 1973 sancto
3217 1921 3281 1987 ⁸⁷,
3312 1938 3444 1976 con-

1848 2005 2121 2086 ‘tirmante
2143 2008 2350 2064 scilicet
2371 2008 2595 2081 mystice
2624 2025 2747 2064 eum
2775 2011 2865 2082 qui
2893 2013 3107 2082 qumrit.

1939 2163 2206 2265 50.Tstud
2249 2227 2410 2281 porro
2454 2211 2594 2267 seire
2626 2213 2847 2277 debent,
2894 2215 2984 2282 qui
3028 2214 3269 2270 discendi
3302 2215 3445 2270 desi-

1869 2301 2021 2355 derio
2062 2309 2337 2368 tenentur,
2372 2319 2751 2372 saapenumero
2793 2305 3068 2360 dzrmones
3102 2306 3316 2360 invidos
3354 2321 3445 2360 ce-

1870 2394 1982 2447 lare
2017 2410 2133 2457 nos,
2182 2403 2237 2448 et
2284 2395 2605 2450 subtrahere
2645 2412 2674 2450 a
2716 2396 2875 2451 nobis
2919 2397 3161 2467 spiritale
3192 2397 3390 2451 bellum
3429 2415 3443 2451 :

1871 2485 1997 2538 dum
2038 2485 2217 2539 infesti
2277 2486 2353 2541 illi
2409 2487 2568 2541 nobis
2610 2488 2856 2543 invident
2903 2497 3219 2542 nascentem
3264 2505 3330 2544 ex
3380 2505 3447 2542 eo

1864 2576 2010 2631 bello
2080 2576 2351 2640 fructum,
2415 2578 2779 2647 cognitionem
2840 2587 2895 2633 et
2947 2580 3320 2635 ascensionem
3379 2582 3445 2633 ad

1872 2668 2039 2720 Deum
2074 2685 2086 2720 :
2118 2679 2176 2721 ut
2209 2668 2606 2739 negligentibus
2634 2669 2810 2730 nobis.
2853 2685 2973 2724 mox
3016 2680 3241 2740 repente
3292 2686 3447 2724 men-

1873 2767 1977 2811 tem
2012 2757 2262 2827 eripiant,
2291 2768 2346 2812 et
2383 2759 2575 2828 ignavo
2603 2760 2786 2813 animo
2816 2760 3078 2830 quosdam
3116 2761 3298 2814 denuo
3328 2760 3446 2819 em-

1870 2848 2016 2902 eiant
2043 2849 2321 2917 (perpetua
2349 2851 2494 2903 enim
2528 2850 2744 2904 illorum
2773 2851 3003 2904 intentio
3028 2859 3082 2905 et
3113 2852 3263 2905 labor
3295 2852 3347 2905 in
3382 2869 3447 2906 eo

1870 2939 2137 3003 consistit,
2167 2947 2225 2993 ut
2255 2955 2365 2993 non
2397 2939 2579 2993 sinant
2607 2954 2708 2993 nos
2740 2954 2833 2994 cor
2863 2948 3111 2993 nostrum
3135 2940 3448 3009 observare}

1867 3021 1975 3084 non
2005 3030 2173 3100 ignari
2199 3043 2415 3099 quantae
2442 3031 2765 3103 proveniant
2798 3046 2931 3101 opes
2959 3032 3175 3093 animae,
3209 3047 3274 3085 ex
3308 3048 3447 3102 quo-

1873 3121 2075 3175 tidiana
2103 3121 2499 3176 observatione.
2543 3120 2646 3175 Nos
2694 3135 2822 3175 vero
2862 3131 2991 3174 tunc
3035 3110 3306 3174 memores
3342 3121 3449 3174 llo-

189 3196 490 3265 προσοχῆς.
542 3197 681 3250 Ἀλλ’
728 3200 887 3269 ἡμεῖς
944 3217 1007 3267 γε
1049 3179 1171 3253 τότε
1217 3179 1354 3271 μετὰ
1391 3204 1492 3274 τῆς

1875 3216 2003 3271 mini
2067 3220 2241 3271 nostri
2295 3216 2424 3271 Jesu
2487 3216 2710 3281 Christi,
2769 3217 3027 3287 erigimur
3071 3216 3138 3271 ad
3176 3217 3448 3285 spiritales

188 3285 286 3337 τοῦ
334 3287 533 3356 Κυρίου
589 3288 747 3358 ἡμῶν
790 3290 965 3360 Ἰησοῦ
990 3292 1227 3361 Χριστοῦ
1278 3296 1633 3366 ἐκτεινόμεθα
1683 3299 1763 3360 είς

191 3381 570 3448 πνευματικὰς
603 3382 856 3451 θεωρίας,
903 3385 997 3435 καὶ
1043 3387 1071 3437 ό
1105 3384 1339 3454 πόλεμος
1372 3386 1535 3439 πάλιν
1566 3390 1643 3448 εἰς
1676 3390 1765 3440 τὸν

188 3466 315 3518 νοῦν
366 3469 746 3539 ἐπανέρχεται,
790 3472 947 3539 μόνον
1004 3473 1144 3541 μετὰ
1198 3472 1416 3543 βουλῆς,
1463 3476 1550 3528 ἴνα
1594 3474 1763 3539 οὕτως

188 3558 351 3620 εἴπω,
403 3556 567 3609 αὐτοῦ
612 3558 705 3609 τοῦ
762 3559 989 3630 Κυρίου,
1050 3561 1143 3613 καὶ
1202 3564 1335 3615 μετὰ
1385 3563 1765 3627 ταπεινώσεως

191 3648 397 3717 πολλῆς
422 3649 597 3701 πάντα
628 3650 891 3720 ποιῶμεν.

265 3762 367 3816 λα’.
392 3764 481 3815 Δεῖ
510 3764 619 3832 γὰρ
638 3765 785 3833 ἡμᾶς
834 3766 893 3817 ἐν
919 3766 1081 3836 κοινῷ
1114 3767 1211 3837 βίῳ
1241 3769 1615 3838 διατρίϐοντας
1648 3773 1766 3842 μεθ’

191 3854 442 3907 ἑκουσίου
488 3856 899 3927 προαιρέσεως,
955 3860 1050 3911 καὶ
1098 3859 1365 3929 προθύμῳ
1409 3863 1610 3933 καρδίᾳ
1662 3867 1768 3917 πᾶν

192 3948 407 4017 θέλημα
467 3948 623 4017 ἡμῶν
670 3949 979 4012 ἐκκόπτειν,
1019 3950 1097 4017 τῷ
1139 3953 1445 4021 προεστῶτι
1492 3953 1587 4007 τοῦ
1631 3954 1767 4007 Θεοῦ

193 4041 583 4111 συγγινομένου
609 4058 621 4069 ·
679 4041 890 4094 εὑώνιοι
916 4043 1015 4093 καὶ
1061 4043 1213 4095 αὐτοὶ
1246 4045 1406 4114 ἡμεῖς
1450 4062 1565 4107 πως
1607 4046 1769 4113 γινὼ-

193 4132 338 4201 μεοα
366 4133 460 4185 καὶ
489 4132 739 4202 ἀθέλητοι
759 4147 772 4160 ⁸
823 4127 924 4186 ὧδε
958 4133 1155 4203 τέχνην
1185 4133 1395 4197 τούτοις
1438 4136 1582 4204 ἔχειν
1608 4154 1769 4207 προσυ

188 4227 338 4293 ήκει,
374 4224 459 4276 ἵνα
503 4225 576 4295 μὴ
606 4223 685 4294 τῷ
718 4225 859 4295 χόλῳ
886 4225 1328 4295 ταρασσώμεθα,
1368 4231 1464 4278 καὶ
1510 4228 1571 4279 τὸ
1610 4227 1768 4297 θυμι-

191 4318 287 4371 κὸν
321 4317 479 4385 ἡμῶν
508 4316 833 4387 παραλόγως
877 4316 972 4369 καὶ
1010 4316 1163 4387 παρὰ
1190 4315 1351 4385 φύσιν
1382 4318 1643 4387 κινῶμεν,
1673 4321 1769 4376 καὶ

190 4408 634 4480 ἀπαρῤησίαστοι
684 4407 933 4460 τολοιπὸν
972 4409 1051 4475 εἰς
1089 4408 1180 4460 τὸν
1242 4408 1474 4477 ἀόρατον
1532 4408 1767 4478 πόλεμον

1873 3309 2378 3377 contemplationes,
2420 3308 2708 3378 denuoque
2741 3309 2942 3363 bellum
2977 3309 3208 3379 insurgit
3242 3310 3295 3363 in
3323 3315 3440 3363 ani-

1873 3415 2018 3452 mum
2054 3418 2065 3449 :
2102 3400 2262 3453 modo
2308 3414 2430 3454 eum
2475 3400 2724 3462 consilio,
2775 3411 2830 3453 ut
2881 3401 2953 3454 ita
2988 3400 3186 3464 dicam,
3231 3401 3445 3454 Domini

1875 3492 2083 3557 ipsius,
2160 3500 2210 3546 et
2283 3491 2589 3547 humilitate
2661 3508 2769 3545 non
2851 3492 3063 3546 modica
3128 3507 3450 3565 peragamus

1870 3596 2069 3633 omnia.

1944 3783 2032 3836 δι.
2065 3780 2172 3837 Nos
2208 3785 2297 3853 qui
2326 3786 2573 3855 degimus
2601 3786 2654 3838 in
2681 3785 2953 3850 cceuohio,
2985 3796 3285 3855 Spontaneo
3322 3801 3448 3856 pro-

1874 3871 2049 3939 posito
2078 3879 2130 3924 et
2164 3871 2327 3926 alacri
2382 3872 2566 3926 animo
2610 3872 2873 3927 debemus
2913 3882 3197 3943 amputare
3229 3889 3447 3927 onmem

1874 3962 2207 4016 voluntatem
2239 3972 2503 4027 nostram,
2536 3979 2658 4017 cum
2690 3962 2830 4019 Deus
2857 3964 2998 4019 adsit
3038 3964 3282 4033 praelato.
3336 3964 3450 4019 Ab-

1868 4055 1997 4121 jecti
2028 4056 2190 4109 etiam
2214 4070 2314 4109 nos
2338 4055 2441 4124 ipsi
2474 4055 2706 4124 quodam
2737 4056 2898 4110 modo
2923 4054 3241 4119 efficiamur,
3274 4066 3328 4110 et
3353 4074 3451 4109 vo-

1872 4145 2079 4198 luntate
2114 4153 2387 4199 carentes.
2406 4146 2487 4198 Ἐι
2539 4146 2679 4200 hanc
2722 4155 2892 4199 artem
2940 4145 3140 4200 callere
3192 4147 3451 4199 convenit

1874 4234 1998 4298 illis,
2034 4250 2101 4289 ne
2126 4235 2218 4289 bili
2247 4237 2650 4305 perturbemur,
2692 4247 2749 4290 et
2783 4245 3024 4291 nostram
3070 4236 3333 4290 irascendi
3374 4236 3450 4291 fa-

1875 4326 2131 4380 cultatem
2155 4336 2351 4395 praeter
2382 4337 2634 4382 naturam
2662 4337 2721 4382 et
2745 4329 3017 4382 rationem.
3034 4343 3371 4389 moveamus,
3397 4336 3453 4381 et

1874 4417 1939 4469 ad
1989 4418 2437 4471 conuuittendum
2492 4418 2736 4487 spiritale
2782 4419 3004 4487 bellum
3038 4419 3089 4472 in
3142 4428 3446 4487 posterum,

190 4497 593 4567 «ὑρισκὼμεθα.
634 4497 807 4550 Είωθε
854 4496 963 4567 γὰρ
1000 4497 1061 4549 τὸ
1110 4495 1323 4566 θέλημα
1352 4498 1510 4567 ἡμῶν
1562 4498 1636 4567 μὴ
1672 4516 1766 4551 κο-

1873 4487 2213 4571 reprriatﬁur
2267 4504 2461 4558 timidi.
2506 4482 2770 4561 Voluntas
2811 4507 2956 4559 enim
2996 4482 3183 4562 hostia
3223 4522 3251 4559 a
3292 4507 3450 4561 nobis

190 4593 460 4658 πτόμενον
538 4591 666 4656 παρ’
729 4588 888 4659 ἡμῶν
951 4588 1394 4653 αὑτοεκουσίως,
1448 4588 1767 4658 ὀργίζεσθαι

190 4679 328 4749 πρὸς
376 4681 503 4742 τοὺς
568 4679 841 4742 ἀκουσίως
890 4679 1047 4750 ἡμῶν
1092 4680 1313 4732 κόπτειν
1380 4679 1511 4732 αὐτὸ
1541 4681 1768 4749 ,ἐπιχει-

193 4767 441 4833 ροῦντας.
471 4768 581 4821 Kal.
610 4770 674 4821 ὲκ
697 4768 884 4822 τούτου
916 4767 1010 4820 οῦν
1032 4770 1061 4820 ὁ
1089 4767 1261 4836 θυμὸς
1295 4768 1480 4831 κακῶς
1512 4767 1763 4820 ὑλακτῶν

189 4860 455 4930 κινηθεὶς,
491 4860 753 4912 ἀπόλλυσι
787 4860 885 4929 τὴν
917 4859 1118 4926 γνῶσιν
1144 4860 1243 4927 τῆς
1277 4859 1474 4927 πάλης,
1512 4860 1577 4928 ἢν
1603 4859 1764 4929 μόγις

191 4949 331 5017 μετὰ
354 4950 600 5018 καμάτου
632 4948 829 5002 πολλοῦ
858 4947 1160 5017 κτήσασθαι
1184 4948 1440 5018 ἠδυνήθη.
1463 4948 1761 5019 Φθαρτικδις

189 5045 297 5110 γὰρ
325 5043 354 5094 ό
393 5041 570 5116 θυμὸς
611 5037 749 5093 εἶναι
785 5041 1052 5109 πέφυκεν.
1088 5041 1147 5092 Εἰ
1195 5042 1290 5109 μὲν
1316 5038 1408 5094 οὖν
1440 5041 1574 5112 προς
1612 5042 1761 5109 λογι-

191 5133 362 5202 σμοὺς
407 5130 658 5201 κινηθείη
687 5131 1084 5200 δαιμονιώδεις,
1111 5132 1323 5201 φθείρει
1373 5135 1464 5185 καὶ
1504 5134 1761 5187 ἀπολλύει

190 5221 411 5284 αὐτούς.
444 5222 507 5274 Εἰ
531 5222 575 5274 δ’
613 5217 679 5275 αὖ
711 5222 874 5274 πάλιν
903 5222 1044 5275 κατὰ
1072 5223 1400 5293 ἀνθρώπων,
1427 5224 1641 5293 φθείρει
1674 5229 1768 5277 καὶ

193 5311 364 5375 οὕτως
390 5315 516 5374 τοὺς
548 5312 925 5383 ἀνθρωπίνους
955 5314 1248 5383 λογισμοὺς
1278 5316 1334 5367 ἐν
1382 5319 1534 5385 ἡμῖν.
1569 5316 1714 5389 Πλὴν
1740 5320 1769 5370 ό

194 5405 483 5476 θυμὸςόρῶ
497 5405 577 5458 ὅτι
590 5405 888 5474 φθαρτικὸς
908 5407 1165 5475 τυγχάνει
1183 5406 1461 5475 λογισμῶν
1474 5409 1766 5471 παντοίων,

195 5498 301 5551 εἴτε
320 5498 591 5569 πονηρῶν,
625 5500 734 5551 εἴτε
774 5498 913 5570 τύχῃ
932 5500 1025 5551 καὶ
1041 5496 1463 5563 δεξιῶν.’⁹οπλον
1486 5500 1594 5570 γὰρ
1616 5502 1767 5573 παρὰ

195 5590 329 5642 Θεοῦ
356 5591 449 5644 καὶ
482 5591 636 5657 τόξον
664 5593 803 5681 κατὰ
833 5592 1106 5659 δαιμόνων
1134 5591 1263 5661 ἡμῖν
1296 5593 1684 5661 παρασχεθεὶς,
1714 5596 1763 5646 εί

269 5765 312 5799 π
343 5764 548 5821 Coloss.
585 5782 643 5831 ιι,
680 5767 729 5820 s.
810 5765 1002 5822 "ibid.
1035 5768 1084 5822 9.
1166 5741 1619 5829 ετιςοτ.κέι,δ.

1877 4597 2018 4649 ultro
2052 4612 2160 4650 non
2192 4597 2448 4659 abscissa,
2487 4598 2883 4653 excandescere.
2925 4600 3064 4652 solet
3106 4599 3159 4651 in
3206 4614 3320 4658 eos,
3358 4598 3451 4666 qui

1875 4685 1922 4737 vi
1960 4686 2105 4739 illam
2138 4703 2166 4739 a
2194 4686 2351 4740 nobis
2384 4696 2665 4755 amputare
2706 4687 2980 4741 nituntur.
3021 4685 3177 4743 Unde
3209 4686 3285 4739 ira
3320 4700 3447 4755 per-

1872 4789 2016 4829 mom
2048 4776 2186 4829 male
2236 4776 2533 4840 oblatrans,
2575 4775 2765 4830 adimit
2807 4774 2933 4831 belli
2980 4774 3253 4835 notitiam,
3284 4789 3451 4842 quam

1874 4868 1955 4920 vix
1990 4869 2160 4921 multo
2189 4883 2312 4921 eum
2345 4869 2529 4923 labore
2557 4870 2817 4939 consequi
2846 4868 3046 4937 potuit.
3073 4868 3159 4923 ιω
3179 4870 3450 4937 siquidem

1872 4967 2063 5010 natura
2115 4956 2421 5011 facultatem
2477 4958 2643 5013 habet
2693 4958 3090 5013 interimendi:
3146 4958 3201 5012 in
3244 4959 3452 5027 cogita-

1873 5050 2048 5101 tiones
2072 5048 2288 5117 quidem
2313 5050 2610 5105 diabolicas
2636 5062 2836 5113 emota,
2867 5050 3082 5119 perimit
3107 5059 3171 5105 et.
3201 5050 3453 5104 dissolvit

1873 5154 1966 5192 eas
1997 5155 2011 5191 :
2037 5141 2123 5193 sin
2150 5149 2341 5194 contra
2394 5141 2666 5207 homines,
2722 5141 2909 5196 itidem
2954 5142 3311 5211 cogitationes
3346 5141 3452 5193 hu-

1877 5247 2073 5313 manas
2106 5233 2157 5285 in
2195 5231 2353 5286 nobis
2381 5231 2545 5286 delet.
2581 5233 2793 5302 Itaque,
2837 5244 2896 5287 ut
2946 5233 3126 5296 video,
3172 5233 3250 5285 ira
3297 5247 3455 5301 quas-

1875 5340 2092 5393 cunque
2108 5326 2417 5422 9orrumpit
2454 5324 2832 5398 cogitationes,
2890 5340 2987 5379 seu
3028 5325 3299 5383 sinistras.
3331 5340 3451 5384 seu,

1876 5415 1918 5467 si
1950 5415 2023 5469 ita
2062 5412 2362 5487 ciintin‘gat,
2397 5416 2666 5471 dexteras.
2704 5418 2866 5470 Arma
2900 5417 3043 5472 enim
3079 5424 3134 5469 et
3164 5416 3268 5470 tela
3294 5416 3452 5469 nubis

1874 5507 2137 5561 adversus
2166 5508 2439 5563 daemones
2469 5524 2501 5562 a
2544 5510 2653 5563 Deo
2680 5509 2899 5573 donata,
2935 5508 3039 5563 nisi
3077 5507 3449 5561 teneantnrin

1875 5599 2141 5667 utrisque,
2175 5599 2302 5654 licet
2331 5601 2536 5655 varium
2570 5602 2805 5655 habeant
2840 5599 3117 5660 effectum,
3148 5597 3453 5667 perniciosa
