4142 6436
188 368 303 430 1493

844 372 938 431 DE
970 373 1514 433 TEMPERANTIA
1557 373 1649 434 ET
1692 375 2047 435 i'llt'i‘U'i‘E.
2094 402 2156 412 η-
2193 377 2579 438 ΟΕΧΤΠΗῙΛ
2627 380 2676 440 Ι.

3271 384 3403 450 “Si

174 484 298 537 λέσει
347 479 707 549 ἀγαθωσύνην
757 480 1034 549 μεγάλην,
1096 482 1190 533 καὶ
1235 482 1566 553 ἁμαρτάνων
1603 484 1758 546 νοῦς,

1866 486 2021 539 erdet
2054 487 2193 540 bona
2227 489 2418 549 multa,
2459 498 2512 541 et
2552 507 2707 543 tuens
2749 507 2867 559 qum
2912 502 3122 559 peccat,
3169 508 3324 549 escas
3351 507 3408 549 et

175 570 397 634 ἐξόλλυσι
444 567 510 621 τά
539 570 596 621 ἐν
626 567 705 637 τῷ
750 568 1232 639 προγεγραμμένῳ
1261 572 1550 643 κεφαλαίῳ
1589 573 1727 626 ποτά

174 663 256 715 καὶ
285 660 464 731 βρωτά
494 659 831 728 ἀμϐροσίας.

234 748 323 815 λζ’.
349 751 462 805 Οὐκ
486 750 652 820 ἐσμὲν
671 749 908 820 Σαμψὼν
935 750 1323 822 δυνατώτεροι,
1356 752 1415 804 οὐ
1446 753 1731 823 Σολομῶν-

172 858 252 905 τος
278 840 595 911 σοφώτεροι,
644 841 704 893 οὐ
752 839 916 893 Δαϐὶδ
942 839 1035 893 τοῦ
1077 839 1227 893 θείου
1269 840 1728 910 γνωστικώτεροι,

172 931 226 982 ού
267 930 470 1000 Πέτρου
521 929 620 983 τοῦ
673 929 975 999 κορυφαίου
1030 930 1229 999 μᾶλλον
1273 929 1408 984 Θεὸν
1471 931 1732 998 ἀγαπῶν-

173 1040 282 1084 τες·
327 1021 400 1092 μὴ
444 1024 657 1085 ἑαυτοῖς
696 1022 878 1075 τοίνυν
933 1022 1302 1093 θαρρήσωμεν
1330 1040 1343 1052 ⁸
1383 1023 1518 1094 φησὶ
1562 1023 1731 1100 γὰρὴ

173 1113 445 1183 Romam-'0
472 1116 550 1176 είς
591 1114 755 1167 αὑτὸν
790 1113 1033 1185 θαρρῶν,
1075 1118 1325 1169 πεσεῖται
1356 1115 1555 1185 πτῶμα
1587 1116 1736 1180 ἐξαί-

176 1221 303 1260 σιον.

237 1298 334 1367 λη’.
380 1298 658 1369 Μάθωμεν
717 1300 827 1353 ἀπὸ
886 1299 1128 1371 Χριστοῦ
1191 1300 1735 1373 ταπεινοφροσύνην,

176 1392 262 1443 καὶ
294 1391 354 1441 ἐκ
390 1390 556 1442 Δαϐ“ιδ
599 1392 955 1454 ταπείνωσιν,
991 1391 1086 1443 καὶ
1134 1394 1198 1443 ὲκ
1228 1391 1436 1462 Πέτρου
1479 1391 1740 1460 δακρύειν

175 1481 261 1532 ἐπὶ
286 1483 395 1543 τοῖς
422 1481 838 1551 συμϐαίνουσιν,
860 1482 995 1534 ἀλλὰ
1029 1484 1103 1552 μὴ
1136 1484 1563 1550 ἀπογινώσκειν,
1604 1484 1741 1536 κατὰ

179 1570 430 1641 Σαμψὼν,
461 1574 552 1625 καὶ
578 1572 805 1637 Ἰούδαν,
832 1574 922 1627 καὶ
939 1572 1261 1643 Σολομῶντα
1282 1575 1373 1626 τὸν
1403 1574 1523 1626 λίαν
1563 1574 1741 1644 σοφώ-

174 1678 352 1719 τατον.

238 1751 331 1807 λθ’,
381 1754 438 1804 'U
462 1756 570 1823 γὰρ
607 1753 853 1816 διάϐολος
889 1754 1201 1826 ὠρυόμενος
1225 1759 1299 1819 ὠς
1333 1756 1472 1810 λέων
1501 1773 1743 1827 περιπα-

173 1844 274 1894 τῶν
305 1843 456 1914 ζητεῖ
489 1846 607 1899 τίνα
653 1846 912 1900 καταπίει
958 1848 1057 1901 σὺν
1093 1851 1213 1911 ταῖς
1257 1848 1424 1903 αὑτοῦ
1453 1848 1736 1917 δυνάμεσι.

175 1937 317 2004 Μὴτε
346 1933 437 1989 οὖν
472 1939 504 2007 ἡ
546 1938 817 2008 καρδιακὴ
860 1938 926 1991 δι’
959 1940 1082 1991 ὅλου
1127 1938 1392 2011 προσοχὴ,
1432 1940 1528 1992 καὶ
1556 1940 1737 2007 νῆψις,

176 2029 265 2081 καὶ
312 2029 652 2101 ἀντίρρησις,
694 2033 787 2084 καὶ
836 2032 971 2103 εὐχὴ
1019 2035 1157 2105 προς
1209 2033 1443 2103 Χριστὸν
1506 2031 1739 2101 Ἰησοῦ],

175 2121 259 2173 τὸν
277 2120 407 2172 Θεδν
442 2121 620 2191 ἡμῶν,
646 2123 883 2194 άργείτω
914 2125 1067 2189 ποτὲ,
1097 2124 1274 2197 πάρεξ
1319 2123 1495 2194 Ἰησοῦ
1521 2141 1533 2153 ·
1565 2126 1742 2192 κρεῖτ-

172 2228 258 2262 τον
292 2211 396 2280 γὰρ
432 2210 687 2282 βοήθημα
716 2214 814 2284 οὐχ
856 2216 1108 2286 εὑρήσεις
1140 2219 1197 2285 ἐν
1231 2217 1327 2286 ὅλῃ
1357 2217 1423 2285 τῇ
1457 2218 1569 2284 ζωῇ
1614 2231 1739 2266 σουο

175 2302 327 2365 αὐτὸς
370 2304 499 2372 γὰρ
571 2305 734 2373 μόνος
792 2308 821 2360 ὁ
877 2308 1084 2378 Κύριος
1154 2309 1416 2376 γινώσκει
1476 2306 1550 2369 ὡς
1612 2306 1745 2370 Θεὸς

174 2396 267 2458 cie;
320 2396 426 2447 τῶν
457 2395 726 2467 δαιμόνων
762 2402 1125 2471 πανουργίας,
1166 2402 1259 2456 καὶ
1292 2401 1601 2472 μεθοδείας.
1650 2400 1745 2452 καὶ

177 2492 373 2549 δόλους.

248 2592 317 2654 μ’.
362 2588 428 2641 ἸΙ
470 2586 618 2659 ψυχὴ
661 2585 843 2639 τοίνυν
893 2584 1166 2657 θαρρείτω
1211 2589 1290 2649 είς
1345 2587 1608 2657 Χριστὸν,
1654 2588 1748 2640 καὶ

179 2678 560 2744 παρακαλείτω
583 2677 769 2741 αὑτὸν,
794 2677 887 2729 καὶ
914 2677 1022 2747 μηδ
1039 2678 1209 2739 ’ὅλως
1237 2677 1510 2731 δειλιάτω.
1541 2678 1614 2731 Οὐ
1640 2679 1748 2748 γὰρ

184 2765 313 2835 μόνη
348 2767 597 2837 πολεμεῖ,
648 2765 785 2819 ἀλλὰ
820 2765 958 2834 μετὰ
999 2765 1232 2836 φοϐεροῦ
1268 2766 1531 2836 βασιλέως
1572 2765 1748 2837 Ἰησοῦ

180 2857 431 2923 Χριστοῦ,
444 2857 662 2911 κτίστου
682 2857 899 2910 πάντων
918 2857 1027 2909 τῶν
1046 2858 1554 2927 δντων,ἁσωμάτιυν
1579 2874 1637 2910 τε
1658 2858 1751 2910 καὶ

181 2952 525 3020 ἐνσωμάτων,
566 2953 735 3022 ἤγουν
763 2951 973 3021 ὁρατῶν
1006 2952 1101 3004 καὶ
1128 2951 1396 3022 ἀοράτων.

253 3131 361 3201 μα’.
400 3131 485 3194 Ὠς
520 3130 628 3203 γὰρ
663 3135 690 3185 ὁ
726 3131 879 3195 ὑετὸς
909 3132 1020 3201 ὅσῳ
1048 3130 1232 3183 πλεῖον
1275 3129 1367 3182 ἐπὶ
1398 3130 1498 3198 τῆς
1531 3130 1632 3199 γῆς
1664 3146 1756 3180 κα-

180 3221 499 3292 ταφέρεται,
513 3223 765 3276 τοσοῦτον
780 3225 870 3275 καὶ
885 3221 984 3291 τὴν
1006 3222 1109 3292 γῆν
1124 3220 1405 3274 ἀπαλύνει·
1428 3220 1570 3273 οῦτω
1591 3220 1685 3273 καὶ
1701 3220 1761 3272 τὸ

183 3314 338 3380 ἅγιον
376 3314 545 3383 ὖνομα
606 3298 699 3367 τοῦ
740 3313 979 3384 Χριστοῦ
1014 3313 1143 3383 παρ’
1186 3312 1344 3381 ἡμῶν
1391 3309 1760 3379 ἐπιϐοώμενον

184 3403 353 3472 χωρὶς
386 3404 695 3474 λογισμῶν,
741 3404 866 3457 ὅσον
911 3405 1242 3471 πυκνότερον
1286 3402 1418 3455 αὐτὸ
1460 3400 1757 3454 ἐπικαλού-

186 3490 349 3559 μεθα,
372 3490 635 3544 ἀπαλύνει
659 3491 755 3560 τὴν
774 3491 874 3561 γῆν
899 3490 997 3560 τῆς
1019 3490 1247 3559 καρδίας
1272 3490 1448 3557 ἡμῶν,
1474 3490 1566 3541 καὶ
1590 3506 1755 3559 χιαρο⁸

181 3585 349 3647 ποιεῖ,
388 3583 481 3634 καὶ
504 3582 812 3652 εὐφραίνει.

262 3674 371 3741 μβ’.
400 3673 581 3725 Καλὸν
607 3672 663 3726 δὲ
692 3672 787 3726 καὶ
815 3670 974 3727 τοῦτο
997 3674 1123 3735 τοὺς
1154 3671 1415 3741 ἀπείρους
1440 3671 1656 3737 εἰδέναι,
1680 3673 1761 3725 ὅτι

158 3763 391 3835 ἐχυροὺς
412 3764 605 3834 ἔχομεν
661 3763 988 3832 ἀσωμάτους
1017 3763 1111 3815 καὶ
1153 3762 1420 3831 άοράτους
1463 3763 1557 3815 καὶ
1602 3779 1763 3815 κακο-

186 3854 388 3916 θελεῖς,
414 3854 506 3907 καὶ
534 3853 833 3924 φρονίμους
859 3855 941 3914 εἰς
966 3854 1028 3906 τὸ
1057 3853 1331 3917 κακῶσαι,
1363 3855 1459 3907 καὶ
1487 3856 1763 3924 ὲντρεχείς

184 3945 284 3998 καὶ
319 3943 557 4014 κούφους
607 3944 1147 4014 ἐμπειροπολέμους,
1193 3943 1336 3995 ἔτεσι
1379 3946 1492 4008 τοῖς
1533 3944 1642 3997 ἀπὸ
1668 3943 1763 3995 τοῦ

195 4034 375 4103 Ἀδὰμ
401 4035 494 4087 καὶ
529 4035 692 4105 μέχρι
727 4035 822 4088 καὶ
845 4036 958 4097 τοῖς
989 4032 1169 4103 δεῦρο,
1204 4035 1254 4086 οἱ
1278 4035 1471 4103 παχεῖς
1504 4035 1650 4103 ἡμᾶς
1673 4036 1766 4087 καὶ

186 4129 328 4194 προς
346 4129 449 4197 γῆν
472 4125 868 4197 βρίθοντες,καὶ
887 4126 963 4196 τῷ
984 4125 1198 4196 σώματι
1222 4129 1315 4180 καὶ
1334 4127 1413 4198 τῷ
1433 4130 1763 4200 φρονήματιο

187 4218 373 4271 οὐδενὶ
406 4216 550 4287 ἄλλῳ
578 4218 767 4288 τρόπῳ
798 4217 1023 4271 δυνατὸν
1047 4218 1247 4279 αὐτοὺς
1289 4222 1533 4289 νικῆσαι,
1570 4220 1685 4271 ἁλλ’
1734 4221 1766 4289 ἢ

180 4308 257 4361 δι’
307 4309 538 4362 άεννάου
590 4308 710 4370 νοὸς
756 4308 973 4378 νήψεως
1037 4308 1133 4360 καὶ
1173 4308 1515 4376 ἐπικλήσεως
1587 4308 1764 4379 Ἰησοῦ

182 4398 433 4469 Χριστοῦ
465 4399 560 4452 τοῦ
602 4398 739 4451 Θεοῦ
779 4401 874 4453 καὶ
905 4400 1138 4468 Ποιητοῦ
1175 4400 1353 4470 ἡμῶν.
1389 4402 1496 4453 Καὶ
1526 4402 1638 4464 τοῖς
1667 4402 1769 4470 μὲν

1831 577 2079 644 potiones
2110 579 2419 645 ambrosiae,
2457 581 2509 633 in
2546 589 2673 634 ante
2705 582 2909 650 scripto
2947 582 3189 652 capitulo
3224 585 3407 640 decla-

1833 677 1994 731 ratas,
2025 670 2221 738 perdit.

1902 758 1991 810 57.
2032 757 2151 811 Non
2201 774 2392 812 sumus
2445 760 2698 816 fortiores
2722 758 3034 815 Satnsone:
3088 778 3200 817 non
3252 762 3409 817 Salo-

1835 863 1997 904 mone
2030 850 2392 919 sapientiores
2418 868 2431 903 :
2462 866 2573 904 non
2612 853 3038 922 perspicaciores
3060 855 3111 906 in
3139 870 3196 907 re
3225 856 3409 909 divina

1835 954 1996 1009 quam
2054 938 2267 993 David’:
2326 955 2430 993 non
2486 940 2761 1009 diligimus
2810 943 2980 996 Deum
3036 944 3412 999 vehementius

1836 1046 1995 1098 quam
2043 1028 2238 1083 l’etrns
2283 1031 2657 1098 apostolorum
2715 1032 2989 1101 princeps.
3046 1034 3411 1099 Quamobrem

1839 1138 1947 1176 non
1990 1123 2147 1176 nobis
2192 1124 2322 1191 ipsis
2369 1122 2618 1176 ﬁdanms.
2667 1121 2847 1193 lnquit
2875 1126 3021 1178 enim
3076 1127 3355 1195 Scriptura
3399 1144 3412 1181 :

1840 1212 1940 1278 Qui
1967 1212 2021 1264 in
2053 1212 2233 1281 seipso
2256 1212 2502 1277 conﬁdit,
2532 1223 2654 1267 ruet
2682 1228 2812 1267 casu
2849 1214 3190 1284 gravissimo.

1914 1306 2002 1360 38.
2049 1306 2330 1361 Discamus
2367 1321 2397 1359 a
2425 1304 2667 1369 Christo,
2694 1306 2761 1361 de
2792 1307 2951 1361 nobis
2978 1307 3258 1362 humiliter
3295 1326 3411 1364 sen~

1845 1397 1948 1450 tire
1981 1415 1993 1451 :
2033 1406 2089 1452 et
2130 1413 2159 1451 a
2195 1396 2414 1460 Davide,
2451 1397 2813 1464 abjectionem
2842 1417 2866 1452 νε
2900 1414 2928 1452 a
2958 1398 3120 1454 Petro
3141 1438 3155 1463 ,
3180 1399 3311 1455 ﬂere
3348 1403 3417 1456 ob

1844 1506 2003 1543 casus
2031 1488 2434 1559 contingentes.
2465 1488 2583 1544 Non
2617 1498 2798 1543 tamen
2829 1489 3265 1558 desponde-annus
3298 1493 3417 1545 ani-

1848 1596 2016 1641 mum.
2058 1596 2208 1635 more
2250 1581 2550 1647 Samsonis,
2585 1589 2639 1635 et
2705 1580 2879 1646 Judte,
2928 1590 2984 1635 et
3028 1581 3417 1651 sapientissimi

1848 1672 2172 1727 Salomonis.

1918 1761 2007 1816 59.
2050 1760 2304 1816 Diabolus
2338 1762 2484 1814 enim
2524 1762 2767 1832 rugiens,
2815 1772 2874 1816 ut
2918 1763 3024 1826 leo,
3060 1763 3418 1818 obambulans

1851 1851 2041 1921 quaerit
2070 1866 2192 1904 cum
2244 1851 2498 1904 omnibus
2541 1850 2902 1920 potestatibus
2944 1850 3078 1915 suis,
3128 1866 3289 1921 quem
3320 1852 3418 1906 de-

1852 1950 2023 1996 voret.
2075 1942 2417 2011 Quapropter
2465 1957 2534 1995 ne
2583 1942 2894 1995 remittatur
2939 1957 3173 2010 unquam
3222 1943 3420 1995 mentis

1849 2035 2177 2098 observatio,
2208 2035 2587 2102 temperantia,
2622 2033 2928 2098 reluctatio,
2979 2043 3033 2087 et
3066 2049 3256 2103 preces
3294 2050 3422 2104 erga

1851 2124 2017 2177 Deum
2072 2132 2321 2176 nostrum
2386 2120 2573 2176 Jesum
2642 2122 2944 2177 Christum.
2999 2122 3215 2177 Nullum
3272 2126 3422 2179 enim

1851 2214 2194 2284 praestantius
2215 2214 2475 2267 auxilium
2499 2214 2554 2267 in
2580 2224 2689 2269 tota
2723 2216 2829 2269 vita
2866 2224 2955 2269 tua
2987 2217 3246 2285 reperies,
3282 2232 3425 2287 prte-

1853 2312 2098 2372 terquam
2128 2303 2197 2357 ab
2222 2302 2376 2375 Jesu.
2415 2301 2576 2356 Solus
2606 2304 2751 2358 enim
2784 2304 2900 2373 ipse
2952 2305 3212 2362 Dominus
3252 2310 3423 2376 not-It,

1854 2402 1911 2447 ut
1939 2392 2101 2458 Deus,
2132 2394 2418 2459 versutias,
2449 2394 2676 2448 artiﬁcia
2708 2404 2762 2449 et
2789 2396 2941 2451 dolos
2973 2396 3305 2453 daemonum.

1919 2573 2007 2627 40.
2044 2572 2294 2627 Conﬁdat
2317 2573 2479 2642 igitur
2509 2575 2689 2628 anima
2718 2576 2770 2629 in
2803 2576 3100 2643 Christum,
3134 2588 3189 2633 et
3217 2579 3430 2635 invocet

1856 2664 2046 2717 illum:
2102 2672 2158 2717 et
2213 2664 2528 2719 nullatenus
2567 2668 2907 2745 extimescat.
2957 2668 3075 2723 Non
3121 2671 3267 2725 enim
3314 2673 3430 2727 sola

1856 2753 2097 2819 dimicat,
2132 2755 2225 2810 sed
2250 2757 2318 2810 ab
2338 2755 2466 2811 Jesu
2493 2756 2711 2812 Christo
2737 2775 2863 2829 rege
2888 2763 3172 2817 tremendo
3199 2764 3383 2833 adjuta
3415 2785 3426 2818 :

1857 2845 2069 2913 quiest
2121 2855 2334 2901 creator
2387 2850 2633 2902 onmium
2687 2865 2892 2911 rerum,
2944 2867 3329 2922 corporearum
3378 2866 3431 2910 et

1859 2952 2086 3005 corpore
2134 2938 2461 3006 carentium,
2510 2940 2800 2994 visibilium
2851 2943 3058 2996 scilicet
3094 2953 3150 2997 et
3185 2945 3430 2999 invisibi-

1860 3027 2011 3080 lium.
2101 3030 2133 3083 3

1934 3119 2019 3173 41.
2089 3120 2559 3184 Quemadmodum
2628 3125 2809 3194 pluvia
2889 3136 3095 3196 quanto
3159 3130 3436 3199 copiosius

1862 3210 2159 3264 clIunditur
2203 3228 2370 3279 super
2415 3222 2635 3280 terram,
2697 3224 2844 3270 tanto
2908 3218 3208 3273 molliorem
3260 3222 3436 3275 reddit

1862 3303 2006 3356 illam
2039 3320 2053 3357 :
2086 3303 2158 3356 ita
2196 3313 2443 3357 sanctum
2481 3304 2680 3359 Christi
2716 3322 2914 3361 nomen
2948 3326 2976 3361 a
3012 3310 3170 3365 nobis
3214 3312 3436 3366 invoca-

1862 3405 1998 3457 tum,
2053 3395 2287 3463 explosis
2335 3397 2777 3466 cogitationibus,
2833 3410 3036 3469 quanto
3092 3402 3435 3492 frequeptius

1862 3484 2040 3551 ipsum
2065 3484 2402 3547 invocamus,
2430 3494 2581 3539 tanto
2601 3488 2770 3557 magis
2796 3490 3002 3543 emollit
3029 3501 3224 3545 terram
3257 3484 3437 3548 cordis

1862 3573 2060 3636 nostri,
2090 3588 2320 3653 epmque
2343 3576 2539 3645 gaudio
2570 3587 2624 3631 et
2657 3579 2838 3633 laetitia
2874 3579 3172 3647 perfundit.

1933 3664 2022 3718 42.
2061 3667 2329 3720 Caeterum
2376 3677 2429 3720 et
2474 3669 2577 3721 hoc
2627 3672 2908 3739 imperitos
2954 3687 3115 3727 nosse
3159 3676 3438 3735 convenit.

1865 3775 1978 3811 rem
2015 3760 2174 3813 nobis
2204 3776 2325 3815 esse
2355 3777 2477 3816 cum
2522 3764 2770 3818 hostibus
2801 3764 3158 3834 incorporeis,
3192 3768 3442 3824 invisibi-

1866 3848 2028 3910 libus,
2062 3849 2332 3918 malignis,
2376 3851 2442 3904 ad
2477 3849 2824 3921 alﬁigendum
2873 3854 3101 3915 callidis,
3141 3856 3439 3920 velocibus,

1866 3938 2095 4003 levibus,
2129 3939 2252 3993 belli
2291 3941 2495 4008 peritis,
2544 3943 2612 3995 ab
2653 3943 2812 3997 annis
2849 3944 2978 3998 Adae
3020 3946 3086 3999 ad
3118 3946 3236 4001 haec
3272 3963 3444 4017 usque

1869 4042 2108 4100 tempora
2137 4049 2149 4083 :
2172 4033 2260 4101 qui
2286 4049 2384 4087 nos
2409 4050 2642 4098 crassos,
2675 4046 2782 4090 tam
2807 4053 3039 4106 corpore
3064 4054 3224 4107 quam
3256 4058 3441 4103 sensu,

1867 4136 2162 4195 aggravant
2190 4125 2246 4177 in
2274 4134 2494 4179 terram.
2519 4126 2627 4180 llos
2649 4129 2795 4183 nulla
2818 4130 2920 4182 alia
2948 4130 3159 4184 ratione
3185 4147 3445 4200 superare

1871 4226 2177 4281 possumus,
2214 4229 2376 4281 quam
2428 4225 2690 4283 perpetua
2736 4218 2903 4271 animi
2952 4203 3331 4287 temperantia,
3383 4234 3438 4277 rt

1872 4304 2211 4358 invocatione
2258 4303 2387 4358 Jesu
2427 4306 2624 4360 Christi
2683 4307 2777 4361 Dei
2830 4317 2885 4362 et
2915 4310 3192 4365 Creatoris
3248 4315 3445 4368 nostri.

1876 4394 2120 4448 ltudibus
2164 4395 2349 4463 itaque
2400 4410 2498 4462 pro
2529 4396 2691 4450 modo
2744 4406 2799 4451 et
2858 4408 3191 4468 praeceptore
3245 4404 3452 4471 optimo

183 4487 445 4557 ἀπείροις
478 4486 652 4555 Ἰησοῦ
687 4488 925 4559 Χριστοῦ
951 4489 1085 4558 εὐχὴ
1108 4488 1390 4559 προτροπὴ
1416 4489 1512 4540 τοῦ
1540 4488 1758 4559 δοκιμά-

1875 4486 1984 4539 sint
2024 4486 2157 4548 haec,
2183 4486 2494 4554 deprecatio
2530 4486 2658 4540 .lesu
2683 4487 2906 4550 Christi,
2929 4500 2982 4543 ct
3013 4492 3080 4545 ad
3113 4495 3451 4561 probandum

183 4594 287 4632 σαι
319 4579 412 4632 καὶ
437 4577 641 4646 γνῶναι
667 4578 729 4631 τὸ
763 4580 925 4632 καλὸν
958 4580 1100 4633 ἔστω
1125 4580 1323 4634 ταῦτα’
1354 4583 1465 4643 τοῖς
1490 4580 1546 4632 δὲ
1580 4581 1773 4650 ἐμπεί-

185 4671 311 4740 ροις
344 4671 377 4741 ἡ
402 4670 599 4738 πρᾶξις
638 4670 733 4723 καὶ
757 4670 790 4739 ἠ
818 4670 1111 4739 δοκιμασία
1136 4673 1230 4725 καὶ
1253 4673 1287 4742 ἡ
1315 4672 1643 4736 ἀνάπαυσις,
1677 4673 1771 4725 τοῦ

188 4761 369 4814 καλοῦ
402 4763 621 4831 ἄριστος
644 4761 734 4813 καὶ
760 4762 963 4829 τρόπος
997 4764 1092 4815 καὶ
1111 4763 1455 4828 διδάσκαλος.

267 4852 374 4920 λγ¹.
409 4853 623 4921 Ὠσπερ
653 4853 881 4913 παιδίον,
915 4852 1110 4922 μικρὸν
1139 4853 1308 4921 ἡγουν
1341 4853 1435 4906 καὶ
1474 4852 1774 4923 άπόνηρον,

188 4943 621 5009 φαντασιοποιόν
651 4958 773 4993 τινα
799 4942 1018 5010 βλέπον,
1049 4942 1235 5010 ἥδεται
1264 4944 1357 4995 καὶ
1383 4941 1673 4996 ἀκολουθεῖ
1699 4944 1778 5014 τῷ

186 5032 628 5100 φαντασιοκόπῳ
662 5032 722 5095 ἐξ
763 5033 1021 5094 ἀκακίαςο
1060 5032 1201 5085 οὕτω
1250 5035 1340 5085 καὶ
1369 5036 1403 5103 ἡ
1446 5033 1594 5103 ψυχὴ
1621 5035 1780 5104 ἡμῶν

184 5117 348 5186 ἁπλῆ
387 5136 469 5181 τις
517 5116 651 5172 οὖσα
689 5122 780 5173 καὶ
829 5120 1010 5192 ἀγαθὴ
1035 5162 1050 5186 ,
1079 5120 1254 5183 οὕτως
1305 5122 1409 5174 ὑπὸ
1440 5123 1536 5174 τοῦ
1575 5122 1778 5189 ἀγαθοῦ

179 5209 474 5262 Δεσπότου
524 5211 697 5281 αὐτῆς
726 5211 1011 5266 κτισθεῖσα
1035 5253 1048 5276 ,
1078 5212 1268 5282 ἥδεται
1307 5215 1426 5275 ταῖς
1456 5213 1781 5282 προσϐολαῖς

186 5300 301 5355 τοῦ
342 5301 589 5355 διαϐόλου
639 5305 762 5365 ταῖς
816 5306 1243 5370 φαειταστικαίς,
1292 5305 1384 5355 καὶ
1438 5304 1782 5373 ἀπατωμένη

187 5393 501 5462 ποστρέχει
538 5396 613 5457 ὡς
644 5393 796 5461 καλῴ
818 5393 894 5464 τῷ
926 5394 1155 5464 χείρονι,
1184 5393 1259 5455 ὼς
1285 5396 1319 5463 ἡ
1350 5394 1653 5464 περιστερᾶ
1704 5395 1782 5463 τῷ

186 5468 484 5554 ἐπιϐούλῳ
522 5485 629 5536 τῶν
679 5485 882 5553 ἑαυτῆς
931 5485 1169 5537 τέκνων
1228 5486 1322 5537 καὶ
1369 5484 1514 5538 οῦτω
1567 5485 1781 5553 μιγνύει

185 5574 333 5638 τοὺς
370 5577 571 5645 ἑαυτῆς
600 5575 898 5644 λογισμοὺς
926 5617 939 5640 ,
979 5579 1043 5648 τῇ
1073 5577 1343 5648 φαντασίᾳ
1372 5579 1472 5645 τῆς
1495 5577 1784 5646 δαιμονιώ-

186 5668 326 5731 δους
371 5669 697 5739 προσϐολῆς.
734 5669 792 5720 El
819 5668 970 5738 τύχοι
994 5669 1249 5737 γυναικὸς
1306 5669 1583 5738 εὐμόρφου
1615 5670 1785 5736 πρόσ-

190 5762 427 5829 ωπον,ἢ
458 5759 581 5815 ἄλλο
612 5778 662 5813 τι
692 5762 841 5831 παρὰ
872 5760 976 5814 τῶν
1006 5761 1232 5816 ἐντολῶν
1258 5760 1347 5814 τοῦ
1366 5759 1601 5827 Χριστοῦ
1633 5760 1781 5830 πάμ-

1875 4585 1931 4629 et
1962 4578 2402 4646 cognoscendum
2445 4578 2573 4646 quid
2608 4589 2813 4633 rectum
2855 4582 2946 4646 sit,
2992 4583 3318 4637 exhortatio.
3350 4582 3453 4637 Pe-

1877 4666 1996 4720 ritis
2023 4677 2227 4732 autem,
2264 4670 2558 4732 exsecutio,
2609 4668 2945 4738 experientia
2980 4685 3028 4725 et
3068 4673 3303 4742 requies,
3333 4690 3455 4746 quae

1877 4773 1940 4811 ex
1984 4767 2131 4809 recto
2161 4768 2212 4810 et
2248 4758 2390 4811 bono
2414 4759 2605 4812 oritur.

1951 4850 2039 4902 Β.
2080 4849 2551 4915 Quemadmodum
2617 4868 2771 4920 puer,
2836 4854 3092 4921 parvulus
3144 4856 3348 4909 scilicet
3403 4865 3460 4909 et

1882 4940 2085 4995 nullius
2128 4956 2295 5009 capax
2353 4942 2590 5004 malitiae,
2639 4944 2730 4995 uhi
2777 4944 3223 5013 pmstigiatorem
3262 4961 3457 5015 quem-

1883 5029 2026 5097 piam
2088 5028 2250 5089 vidct,
2298 5028 2527 5089 laetatur,
2589 5038 2644 5082 et
2694 5044 2789 5082 sua
2848 5030 3197 5098 simplicitate
3239 5033 3458 5093 ductus.

1885 5119 2034 5172 illum
2090 5118 2383 5189 imaginum
2432 5117 2728 5173 el'ﬁctorem
2791 5128 3031 5174 sectatur
3064 5160 3079 5183 ,
3144 5123 3223 5176 sic
3279 5124 3459 5176 anima

1886 5220 2093 5274 nostra,
2124 5227 2249 5264 eum
2279 5211 2345 5263 sit
2369 5210 2597 5279 simplex
2629 5220 2685 5265 et
2719 5212 2881 5275 bona,
2911 5212 3057 5265 hunc
3097 5213 3149 5265 in
3184 5215 3401 5267 modum
3431 5231 3461 5268 a

1888 5318 1989 5358 suo
2028 5305 2171 5358 bono
2202 5303 2429 5356 Domino
2459 5312 2661 5364 creata.
2707 5304 3010 5359 delectatur
3041 5305 3302 5359 illusoriis
3332 5322 3466 5375 sug-

1891 5395 2227 5464 gestiouibus
2284 5394 2521 5447 diaboli:
2563 5402 2619 5446 et
2663 5396 2909 5463 decepta,
2965 5412 3260 5465 properans
3306 5397 3371 5450 ad
3413 5398 3462 5448 id

1891 5486 2037 5555 quod
2067 5486 2308 5539 deterius
2327 5493 2431 5547 est,
2454 5500 2554 5553 pro
2574 5486 2719 5539 bono
2744 5487 3091 5554 atnplectitur
3124 5504 3137 5540 :
3174 5503 3281 5540 non
3310 5488 3467 5541 aliter

1892 5593 2053 5647 quam
2082 5578 2333 5632 columba
2375 5592 2499 5631 eum
2545 5579 2637 5647 qui
2668 5579 2782 5632 suis
2818 5578 2987 5647 ipsius
3035 5578 3195 5648 pullis
3242 5578 3467 5631 insidia-

1896 5681 1983 5725 tur
2012 5689 2023 5722 :
2061 5680 2116 5724 et
2151 5671 2254 5724 hoc
2287 5678 2446 5740 pacto
2478 5685 2605 5724 suas
2650 5670 3005 5739 cogitationes
3036 5670 3467 5738 permiscetcmn

1894 5762 2143 5816 illusione
2174 5762 2537 5832 suggestionis
2564 5761 2862 5816 diabolicae.
2904 5761 2956 5815 Si
2991 5762 3238 5816 l‘orumsm
3272 5758 3463 5812 mulie-

2239 5951 2260 5998 λ
