4142 6436
189 363 324 430 1497

894 367 991 427 DE
1024 368 1564 429 TEMPERANTIA
1596 370 1691 430 ET
1728 370 2090 430 VlRTUTE.
2132 394 2197 409 --
2238 367 2625 428 CENTURIA
2654 366 2703 424 Ι.

3276 366 3419 435 Μθθ

151 495 303 552 σκῃς
329 479 458 543 τοὺς
495 478 850 549 ἀλλοφίιλους,
883 482 1052 551 ἤγουν
1104 481 1231 544 τοὺς
1267 481 1376 535 τῶν
1424 484 1736 551 Αἰγυπτίων

1846 492 2159 536 sentam-am
2195 499 2206 533 :
2251 490 2308 534 ιιι
2354 479 2457 534 hoc
2501 486 2660 547 pacto
2702 475 2859 531 facile
2901 475 3182 533 diseernas
3222 480 3413 535 alieni-

151 576 542 647 πρωτοτόκους
582 576 751 641 υἱούς.

234 759 298 808 ν’.
344 753 433 815 Ὠς
461 752 640 825 ἀγαθὴ
676 753 771 808 καὶ
827 755 1073 825 τερπνὴ,
1124 754 1217 809 καὶ
1249 754 1459 826 ἡδίστη,
1499 754 1733 822 φωτεινή

153 856 225 896 τε
258 846 351 897 καὶ
382 844 685 912 πάγκαλος,
732 844 825 898 καὶ
859 846 1232 916 ἀγλαοφανὴς,
1273 847 1367 899 καὶ
1398 845 1575 916 ὡραία
1608 846 1737 914 άρεο

149 931 255 1001 τὴ,
285 929 449 1002 νῆψις
482 932 588 986 ὑπὸ
632 932 749 998 σοῦ,
775 935 975 1005 Χριστὲ
1004 937 1031 987 ὁ
1062 934 1211 997 Θεὸς,
1255 933 1609 1002 εὐοδουμένη,
1645 932 1738 984 καὶ

153 1024 552 1095 ἐγρηγορότως
589 1023 936 1095 ἀνθρωπίνου
982 1026 1100 1089 νοὸς
1132 1029 1190 1078 ὲν
1217 1024 1538 1078 ταπεινώσει
1568 1024 1734 1094 πολλῇ

150 1116 482 1186 ὁδευομένησ
512 1118 744 1169 ἐκτείνει
774 1116 881 1187 γὰρ
926 1118 1031 1179 ἓως
1063 1117 1339 1187 Θαλάσσης
1370 1118 1464 1170 καὶ
1496 1116 1735 1169 ἀϐύσσου

152 1203 414 1274 θεωριῶν
440 1204 509 1258 τά
540 1204 794 1273 κλήματα
842 1205 1035 1273 αὐτῆς,
1068 1206 1161 1258 καί⁵
1200 1205 1303 1268 ἕως
1345 1204 1603 1275 ποταμῶν
1638 1222 1736 1273 μυ-

154 1295 410 1363 στηρίων
467 1293 719 1363 τερπνῶν
771 1311 830 1346 τε
879 1303 975 1348 καὶ
1024 1295 1185 1348 θείων
1229 1295 1328 1359 τᾲς
1375 1280 1736 1363 παραφυάδας

154 1384 365 1453 αὐτῆς,
404 1386 613 1446 ποτίζει
656 1401 717 1436 τε
770 1384 894 1436 νοῦν
944 1387 1007 1437 ἐκ
1040 1388 1234 1455 χρόνου
1277 1384 1472 1438 πολλοῦ
1520 1402 1734 1437 καυσω-

155 1474 331 1527 θέντα
381 1478 447 1545 τῇ
502 1475 727 1545 ἀσεεείᾳ
775 1476 880 1529 ὑπὸ
934 1476 1115 1546 ἅλμης
1176 1478 1426 1548 πονηρῶν
1463 1478 1736 1547 λογισμῶν

154 1567 584 1633 πνευματικῶν,
612 1568 707 1620 καὶ
742 1567 838 1620 τοῦ
889 1568 991 1637 τῆς
1044 1570 1241 1641 σαρκὸς
1272 1570 1564 1639 δυσμενοῦς
1607 1588 1737 1641 φρο·

156 1657 432 1726 νήματος.
473 1660 500 1711 ὅ
534 1660 649 1711 ἐστι
693 1658 942 1721 Θάνατος.

238 1754 339 1802 va’.
367 1749 546 1818 Νῆψις
581 1749 726 1803 ἔοικε
770 1751 835 1818 τῇ
871 1748 965 1802 τοῦ
1020 1749 1213 1803 Ἰακὼὸ
1256 1751 1501 1819 κλίμακι,
1528 1751 1610 1816 ἐφ’
1709 1751 1737 1802 δ

1838 590 2043 645 genas,
2112 573 2254 626 tilios
2330 571 2588 625 nimirum
2664 568 3059 639 primogenitos
3127 570 3411 642 Aigyptio-

1838 682 1979 721 Γυῐη.

1908 758 1998 811 50.
2039 756 2211 823 Quam
2255 755 2419 819 bona,
2464 752 2823 818 delectaltilis,
2858 754 3063 817 suavis,
3104 754 3409 823 splendida,

1838 848 2115 919 praeclara,
2146 855 2374 900 venusta
2405 853 2460 899 et
2498 845 2743 913 speciosa
2784 846 2957 899 virtus
2987 853 3070 897 est
3104 855 3409 913 temperan-

1835 941 1908 994 tia
1945 957 1956 992 :
1993 956 2112 1007 qu:‘e
2160 953 2189 991 a
2239 947 2312 1000 te,
2368 935 2585 991 Christe
2645 936 2806 997 Deus,
2856 935 3130 1004 dirigitur,
3183 942 3238 988 et
3284 951 3408 989 cum

1837 1044 2048 1084 summa
2080 1028 2276 1081 mentis
2308 1028 2558 1080 humanm
2585 1025 2963 1078 humiliatione
2993 1025 3282 1094 vigilanter
3311 1024 3410 1079 dc-

1837 1120 2082 1174 ducitur!
2138 1118 2394 1170 Extcndit
2453 1117 2600 1170 enim
2651 1116 2904 1185 palmites
2942 1132 3069 1170 suos
3123 1131 3297 1184 usque
3342 1117 3408 1169 ad

1836 1226 2005 1273 mare,
2035 1219 2089 1263 et
2133 1210 2388 1279 abyssum
2423 1207 2880 1276 speculationum,
2914 1216 2969 1261 et
2995 1222 3165 1275 usque
3196 1207 3263 1260 ad
3304 1194 3408 1259 llu-

1838 1301 1981 1353 mina
2015 1298 2383 1367 jucundorum
2416 1312 2479 1351 ac
2508 1296 2819 1351 divinorum
2861 1296 3247 1366 mysteriorum
3282 1311 3410 1365 pro-

1837 1390 2057 1457 pagines
2084 1404 2208 1442 suas
2277 1396 2440 1455 atque
2468 1396 2596 1455 pota
2628 1386 2801 1439 reﬁcit
2825 1386 3066 1439 animum
3088 1383 3407 1456 jamdudum

1838 1479 2113 1547 impietate
2142 1486 2485 1540 :estuantem,
2525 1491 2637 1544 prie
2670 1472 2945 1542 salsugine
2977 1484 3087 1526 tum
3122 1488 3409 1540 pravarum

1837 1574 2222 1642 t-Ogitationum
2252 1587 2281 1623 a
2304 1571 2645 1624 daemonibus
2669 1569 3031 1630 invectarum,
3057 1576 3169 1621 tum
3199 1567 3411 1621 hostilis

1838 1667 1979 1737 (qua:
2010 1677 2159 1717 mors
2186 1661 2289 1729 est)
2322 1660 2626 1729 prudentia:
2655 1659 2857 1712 carnis.

1909 1758 1997 1812 51.
2042 1755 2425 1825 Temperantia
2470 1754 2761 1822 persimilis
2799 1761 2882 1806 est
2917 1753 3074 1807 scalte
3104 1753 3290 1816 Jacob,
3324 1754 3413 1806 cui

154 1836 301 1899 Θεὸς
342 1838 614 1906 ἐπιμένει,
654 1841 749 1891 καὶ
773 1839 824 1890 οἱ
852 1838 1075 1906 ἄγγελοι
1102 1839 1502 1893 ἀναδαίνουσιν·
1526 1820 1737 1910 ἀναιρεῖ

1846 1851 1983 1902 heus
2014 1820 2233 1906 insidet,
2265 1854 2321 1898 et
2348 1860 2451 1911 qua
2471 1820 2801 1896 ascendunt
2841 1842 3037 1910 angeli.
3078 1842 3241 1895 Tollit
3264 1841 3411 1894 cni.u

154 1926 280 1994 γὰρ
314 1924 373 1990 ἐξ
396 1927 553 1995 ἡμῶν
581 1929 688 1980 πᾶν
714 1928 903 1980 κακόν·
931 1926 1069 1999 αὕτη
1097 1929 1205 1997 γὰρ
1235 1929 1489 1982 ἐκκόπτει
1513 1930 1736 1982 πολυλο-

155 2018 321 2082 γίαν,
363 2018 655 2089 λοιδορίαν,
710 2019 1063 2080 καταλαλιάν,
1116 2020 1209 2074 καὶ
1259 2019 1475 2072 πάντων
1514 2020 1622 2073 τῶν
1654 2022 1740 2073 αἱ·

158 2110 233 2162 σθ
248 2110 384 2177 ητῶν
434 2110 623 2162 κακῶν
655 2110 745 2162 τὸν
789 2110 1110 2178 κατάλογον.
1147 2113 1247 2164 οὐκ
1279 2113 1620 2182 ἀνασχομένη
1654 2113 1739 2167 διὰ

155 2200 345 2254 ταῦτα
374 2200 495 2254 οὐδὲ
527 2200 661 2270 πρὸς
691 2200 870 2269 ὀλίγον
904 2202 1213 2273 στερεῖσθαι
1238 2203 1333 2273 τῆς
1370 2203 1505 2266 ἰδίας
1537 2203 1741 2269 γλυκύ-

158 2310 235 2363 τη
246 2310 353 2355 τος.

240 2382 339 2451 νβ’.
376 2382 593 2452 Ταύτην
643 2383 941 2453 προθύμως
972 2383 1191 2451 ἀδελφοὶ
1241 2383 1537 2452 μετίωμεν,
1564 2384 1657 2437 καὶ
1686 2386 1741 2437 ἐν

161 2474 293 2534 ταῖς
343 2472 599 2542 θεωρίαις
655 2474 847 2542 αὐτῆς,
888 2474 1104 2544 καθαρᾷ
1149 2474 1359 2545 διανοίᾳ.
1392 2475 1490 2526 σὺν
1521 2473 1742 2543 Χριστῷ

180 2564 363 2632 Ἰησοῦ
396 2565 706 2634 πετόμενοι,
747 2565 985 2634 κινῶμεν
1023 2565 1121 2635 τὴν
1152 2565 1385 2634 θεωρίαν
1416 2566 1524 2618 τῶν
1564 2566 1745 2635 ἀμαρ-

171 2655 309 2707 τιῶν
336 2655 495 2723 ἡμῶν
528 2656 619 2707 καὶ
642 2655 736 2709 τοῦ
770 2655 887 2725 βίου
913 2655 1005 2707 τοῦ
1030 2655 1319 2726 προτέρου,
1344 2656 1430 2707 ἵνα
1453 2658 1510 2708 ὲν
1541 2658 1605 2724 τῇ
1635 2656 1743 2708 τῶν

170 2744 466 2812 ἁμαρτιῶν
493 2746 525 2813 ἡ
536 2745 653 2823 μῶν
686 2746 873 2814 μνήμῃ
901 2744 1311 2813 συντριϐόμενοι
1341 2744 1436 2796 καὶ
1458 2744 1742 2797 ταπεινού-

175 2850 355 2901 μενοι,
387 2834 754 2887 ἀδιάσπαστον
782 2834 843 2898 ἐξ
859 2835 1014 2903 ἡμῶν
1040 2834 1252 2905 ἒξωμεν
1276 2838 1374 2905 τὴν
1402 2838 1579 2908 Ἰησοῦ
1613 2840 1745 2909 Χρι-

174 2923 309 2977 στοῦ
335 2924 429 2977 τοῦ
460 2924 668 2995 Κυρίου
696 2926 856 2995 ἡμῶν
884 2925 1139 2995 βοήθειαν
1159 2928 1240 2989 είς
1266 2928 1359 2982 τὸν
1382 2929 1614 2999 ἀόρατον
1648 2931 1743 2983 πό-

172 3014 363 3082 λεμονο
416 3014 769 3083 στερηθέντες
823 3013 933 3085 γάρ
979 3015 1076 3084 τῆς
1141 3015 1314 3085 Ἰησοῦ
1370 3016 1621 3086 βοηθείας
1676 3019 1741 3072 δι’

1840 1954 1869 1989 a
1901 1936 2055 1990 nobis
2088 1948 2252 1987 omne
2288 1932 2500 1986 vitium.
2545 1931 2679 1986 Nam
2719 1938 2965 2001 amputat
3010 1932 3127 2000 ipsa
3169 1930 3412 2000 loquari-

1844 2038 2029 2091 tatem,
2069 2026 2399 2083 convicium.
2439 2024 2859 2086 detractionem,
2896 2024 3139 2077 omnium
3178 2022 3414 2091 denique

1841 2122 2098 2176 vitiorum
2160 2117 2440 2172 sensilimn
2505 2116 2841 2185 catalogum;
2900 2129 3021 2182 quae
3080 2113 3284 2166 ideirco
3344 2127 3415 2165 ne

1845 2211 2113 2277 tantisper
2152 2207 2371 2276 quidem
2407 2204 2549 2259 ferre
2580 2212 2777 2268 potest,
2814 2210 2871 2257 ut
2900 2202 3165 2257 suavitate
3195 2199 3415 2270 propria

1842 2309 2041 2355 careat.

1914 2392 2000 2447 52.
2044 2391 2303 2459 Hujusce,
2354 2388 2574 2454 fratres,
2606 2387 2769 2440 alacri
2811 2387 2995 2439 animo
3042 2383 3415 2439 desideremus

1841 2500 1962 2539 esse
2006 2482 2299 2552 participes
2334 2498 2346 2532 :
2389 2495 2453 2534 ac
2502 2479 2554 2531 in
2607 2477 3069 2546 speculationibus
3113 2476 3233 2544 ejus
3280 2488 3416 2542 puro

1843 2576 2005 2629 corde
2037 2589 2162 2627 cum
2186 2571 2404 2625 Christo
2427 2568 2555 2624 Jesu
2596 2569 2863 2633 volantes,
2887 2568 3248 2623 discutiamus
3285 2578 3417 2633 pec-

1844 2678 2089 2721 ratorum
2139 2671 2451 2718 nostrorum
2483 2674 2539 2717 et
2565 2662 2812 2731 pristinae
2848 2662 2973 2715 vita:
3005 2660 3272 2714 rationem
3313 2678 3326 2713 :
3359 2670 3419 2714 ut

1844 2768 2194 2829 peccatorum
2235 2764 2543 2809 nostrorum
2573 2754 2950 2808 recordatione
2981 2752 3199 2805 contriti
3230 2761 3285 2805 et
3310 2752 3416 2805 hu-

1844 2849 2057 2913 miliati,
2086 2847 2359 2901 indivulso
2384 2860 2413 2898 a
2437 2845 2598 2898 nobis
2623 2843 2837 2897 Domini
2862 2843 3034 2896 nostri
3062 2841 3189 2895 Jesu
3214 2842 3416 2895 Christi

1844 2942 2115 3011 patiamur
2135 2937 2356 3000 auxilio,
2386 2936 2453 2990 ad
2486 2935 2686 2989 bellum
2719 2932 2988 2987 invisibile
3017 2931 3412 3000 peragendum.

1844 3030 1960 3099 Ope
1989 3026 2257 3097 siquidem
2286 3025 2417 3079 Jesu
2458 3022 2722 3085 destituti,
2756 3036 2856 3090 per
2894 3019 3282 3090 arrogantiam,
3313 3019 3418 3072 hu-

175 3105 578 3174 ὑπερηφανίας,
622 3105 655 3175 ἢ
705 3106 1136 3175 φιλανθρωπίας,
1164 3107 1198 3176 ἢ
1230 3107 1558 3174 κενοδοξίας,
1591 3110 1743 3163 ὑστε-

1847 3134 2069 3175 manum
2095 3130 2359 3180 amorem,
2387 3122 2483 3168 aut
2507 3129 2701 3167 vanam
2731 3112 2977 3182 gloriam,
3007 3110 3203 3180 privati
3232 3126 3421 3165 sumus

178 3195 432 3265 ρήθημεν
488 3196 861 3267 καθαρότητος
906 3197 1156 3267 καρδίας·
1206 3198 1274 3251 δι’
1323 3194 1391 3272 ἦς
1423 3201 1743 3271 γνωρίζεται

175 3286 454 3356 ἀνθρώπῳ
484 3286 635 3348 Θεός·
664 3288 840 3341 αῐτιον
872 3288 980 3358 γὰρ
1010 3288 1085 3351 ὼς
1116 3288 1406 3359 ὑπόσχεσις
1434 3289 1530 3343 τοῦ
1573 3291 1748 3345 δευτε-

179 3395 298 3449 ρου,
334 3378 395 3429 τὸ
428 3378 592 3448 πρότε
601 3395 712 3449 ρον.

252 3469 351 3537 νγό
402 3470 545 3532 Νοῦς
586 3469 662 3541 μὴ
699 3470 916 3539 ἀμελῶν
952 3470 1052 3540 τῆς
1079 3472 1271 3525 ἑαυτοῦ
1312 3474 1557 3543 κρυπτῆς
1584 3475 1747 3544 ἐργα.

180 3560 327 3622 σίας,
361 3561 457 3613 σὺν
498 3564 611 3623 τοῖς
642 3560 849 3624 λοιποῖς
894 3562 1077 3625 καλοῖς
1105 3557 1187 3626 οἷς
1218 3565 1281 3616 ἐκ
1331 3564 1428 3634 τῆς
1467 3566 1747 3637 διηνεκοῦς

179 3654 448 3724 ἐργασίας
513 3654 612 3722 τῆς
667 3654 914 3723 φυλακῆς
970 3655 1227 3724 εὑρήσει,
1286 3655 1381 3709 καὶ
1438 3655 1536 3717 τὰς
1584 3657 1747 3710 πέντε

180 3742 463 3814 αἰσθήσεις
495 3743 590 3796 τοῦ
622 3743 893 3813 σώματος,
919 3745 1092 3813 ἀργὰς
1116 3745 1225 3797 τῶν
1256 3745 1362 3809 ἔξω
1396 3746 1584 3800 κακῶν
1613 3749 1749 3801 ἀποο

180 3835 366 3899 δείξει.
401 3836 478 3905 Τῇ
504 3835 614 3906 γάρ
634 3836 811 3906 οίκείᾳ
835 3838 1003 3907 ἀρετῇ
1039 3837 1127 3890 καὶ
1150 3837 1308 3907 νήφει
1338 3838 1403 3889 δι’
1424 3837 1546 3890 ὅλου
1581 3856 1748 3908 προτ-

182 3922 343 3991 ἐχων,
377 3924 470 3976 καὶ
500 3926 613 3986 τοῖς
658 3925 892 3994 νοήμασι
920 3927 1032 3988 τοῖς
1058 3926 1241 3989 καλοῖς
1270 3930 1620 3997 κατατρυφᾷν
1654 3928 1748 3981 θέ-

182 4014 315 4076 λων,
346 4014 446 4067 οὐκ
483 4014 737 4083 ἀνέχεται
760 4014 1091 4068 κλέπτεσθαι
1114 4015 1202 4069 διά
1226 4016 1334 4069 τῶν
1359 4018 1523 4071 πέντε
1552 4019 1749 4089 αίσθή-

184 4120 349 4164 σεων,
373 4104 575 4158 ὲνύλων
602 4105 698 4160 καὶ
741 4106 985 4174 ματαίων
1023 4106 1300 4176 λογισμῶν
1345 4108 1494 4179 αὐτῷ
1526 4126 1751 4181 προσερ-

182 4194 453 4269 χομένων,
482 4194 617 4247 ἀλλά
638 4197 801 4264 γνοὺς
826 4195 1005 4249 αὐτῶν
1034 4196 1096 4250 τὸ
1129 4198 1426 4268 ἀπατηλὸν,
1453 4199 1599 4252 ἔνδον
1624 4200 1752 4251 ἑαυ-

182 4282 279 4338 τοῦ
304 4285 371 4339 τά
400 4285 571 4340 πολλὰ
604 4285 880 4340 συστέλλει
910 4288 1099 4350 αὐτάς.

248 4376 341 4431 νδ’.
373 4376 665 4447 Παράμενε
691 4379 756 4447 τῇ
778 4376 1006 4447 διανοίᾳ,
1034 4378 1206 4431 καὶού
1241 4380 1520 4441 κοπιάσεις
1546 4382 1603 4432 ὲν
1631 4398 1749 4435 πει·

1851 3215 2033 3271 cordis
2064 3214 2322 3283 puritate,
2353 3225 2459 3279 qua
2499 3207 2795 3263 innotescit
2828 3207 3035 3261 homini
3069 3206 3232 3261 Deus.
3265 3204 3421 3261 Prius

1852 3304 2020 3365 enim,
2055 3310 2114 3355 ut
2143 3301 2259 3370 ipse
2286 3299 2590 3369 pollicetur,
2616 3306 2702 3351 est
2731 3312 2895 3351 causa
2924 3297 3173 3352 secundi.

1924 3480 2009 3534 55.
2052 3476 2281 3532 Animus
2321 3475 2415 3543 qui
2453 3474 2506 3527 in
2544 3474 2727 3542 seipso
2766 3472 3067 3527 excolendo
3108 3472 3421 3527 interiorem

1853 3570 2227 3641 Operationem
2275 3580 2387 3620 non
2439 3564 2692 3634 negligit,
2744 3573 2940 3632 praeter
2988 3564 3196 3633 reliqua
3245 3564 3421 3629 bona,

1854 3677 1975 3733 quae
1994 3676 2059 3715 ex
2082 3658 2341 3713 continua
2362 3654 2594 3709 actionis
2619 3653 3006 3708 observatione
3035 3662 3423 3722 consequetur,

1854 3753 2019 3806 etiam
2065 3750 2307 3818 quinque
2348 3759 2544 3800 sensus
2585 3744 2831 3814 corporis
2865 3745 3108 3799 externis
3146 3744 3294 3799 vitiis
3329 3759 3425 3798 va-

1854 3855 1987 3895 cuos
2047 3838 2317 3893 ostendet.
2370 3834 2474 3899 Qui
2529 3832 2675 3886 enim
2734 3832 3011 3902 propriam
3057 3832 3312 3885 virtutem
3362 3847 3425 3887 ac

1857 3929 2272 4001 temperantiam
2321 3927 2482 3996 plane
2517 3930 2693 3987 curat,
2721 3931 2777 3978 et
2811 3923 3087 3993 pmclaris
3122 3921 3425 3977 delectatur

1854 4022 2115 4087 consiliis,
2155 4035 2264 4074 non
2316 4018 2445 4072 sinit
2489 4016 2747 4083 occupari
2798 4030 2857 4070 se
2892 4016 3139 4085 quinque
3175 4014 3426 4069 sensibus

1855 4127 2079 4168 accessu
2116 4124 2421 4165 crassarum
2454 4120 2825 4175 vanarumque
2858 4104 3245 4175 cogitationum
3278 4120 3291 4156 :
3330 4103 3424 4158 sed

1856 4206 2049 4259 harum
2094 4202 2319 4255 insidias
2356 4214 2477 4254 cum
2516 4199 2683 4261 norit,
2718 4197 2861 4251 intra
2901 4198 3144 4264 seipsum
3181 4208 3426 4249 summo-

1856 4310 1986 4366 pere
2012 4292 2230 4347 cohibet
2254 4306 2367 4345 eas.

1929 4384 2017 4437 54.
2051 4382 2108 4435 ln
2136 4382 2327 4437 cadent
2363 4394 2621 4450 permane
2655 4376 2949 4438 sententia,
2980 4383 3036 4428 et
3072 4373 3127 4427 in
3167 4372 3427 4427 tentatio-

185 4464 435 4535 ρασμοῖς·
472 4464 681 4517 εκεῖθεν
717 4464 776 4517 δὲ
832 4464 1159 4533 ἀναχωρῶν,
1194 4464 1430 4533 ὑπόμενε
1468 4465 1537 4517 τά
1582 4466 1743 4543 ἐπερ-

1856 4475 2016 4529 nihus
2056 4488 2167 4527 non
2201 4470 2511 4534 laborabis;
2546 4484 2576 4522 a
2606 4482 2712 4537 qua
2742 4466 2789 4520 si
2821 4463 3064 4526 recedas,
3099 4460 3271 4516 tolera
3306 4475 3427 4529 qua:

184 4555 246 4625 χό
254 4570 387 4621 μενά
397 4593 411 4607 .

254 4650 349 4699 ιη’.
385 4645 597 4713 Ὥσπερ
642 4644 769 4708 τοὺς
814 4644 1159 4707 κακοσίτους,
1188 4644 1432 4713 ἀψίνθιον
1458 4645 1662 4714 ὠφελεῖ
1691 4648 1752 4699 τὸ

186 4733 404 4804 πικρὸν,
433 4732 576 4786 οὕτω
605 4734 719 4797 τοῖς
751 4734 1115 4805 κακοτρόποις
1160 4735 1306 4788 κακά
1350 4734 1581 4803 πάσχειν
1612 4752 1751 4804 συμ-

185 4840 247 4893 qs
260 4840 362 4893 ρει.

251 4911 361 4977 νς⁹.
396 4914 458 4967 Ei
515 4914 591 4984 μὴ
643 4913 818 4975 θέλεις
868 4914 1224 4980 κακοπαθεῖν,
1272 4914 1407 4983 μηδὲ
1439 4918 1750 4967 κακοποιεῖν

187 5003 329 5067 θέλε,
361 5004 495 5059 διότι
540 5005 698 5058 τοῦτο
740 5004 978 5074 κάκείνῳ
1026 5004 1397 5074 ἀπαραὸάτως
1443 5004 1747 5058 ἀκολουθεῖ·

186 5094 215 5147 ὃ
250 5095 350 5165 γάρ
398 5096 612 5165 σπείρει
668 5095 925 5159 ἕκαστος,
956 5112 1113 5149 τουτο
1146 5100 1240 5151 καὶ
1290 5096 1516 5168 θερίσει.
1566 5097 1747 5150 Ἑκου-

190 5188 318 5250 σίως
351 5183 444 5240 οῦν
487 5187 558 5240 τὰ
588 5186 767 5255 φαῦλα
799 5187 1132 5259 σπείροντες,
1168 5189 1261 5241 καὶ
1301 5188 1570 5249 ἀκουσίως
1601 5186 1748 5256 θερί-

189 5278 392 5343 (οντες,
428 5277 529 5348 τὴν
555 5276 907 5346 δικαιοσύνην
960 5276 1053 5329 τοῦ
1102 5276 1237 5329 Θεοῦ
1268 5276 1572 5346 θαυμάζειν
1602 5274 1753 5343 ὀφεί-

190 5367 373 5436 λομεν.

259 5458 356 5525 νζ’.
400 5458 786 5529 Ἐκτυφλοῦται
832 5464 861 5514 ό
906 5458 1031 5523 νοῦς
1079 5460 1168 5513 διά
1212 5459 1319 5512 τῶν
1346 5458 1513 5528 τριῶν
1549 5456 1753 5511 τούτων

192 5548 400 5608 παθῶν.
434 5550 795 5621 φιλαργυρίας
826 5552 988 5619 λέγω,
1025 5550 1332 5615 κενοδοξίας
1353 5588 1367 5613 ,
1406 5550 1501 5603 καὶ
1534 5548 1747 5617 ἡδονῆς.

261 5645 361 5708 νην.
395 5640 601 5703 Γνῶσις
631 5641 725 5693 καὶ
754 5642 934 5704 πίστις
964 5644 1020 5694 αἱ
1057 5642 1157 5708 τῆς
1190 5640 1402 5709 φύσεως
1434 5639 1590 5709 ἡμῶν
1624 5638 1748 5690 σύνο

194 5745 401 5797 τροφοι,
447 5730 516 5784 δι’
557 5732 708 5786 οὐδὲν
752 5732 879 5785 ἀλλο
928 5733 1055 5802 ηδε
1089 5733 1298 5794 ὲκείνας
1336 5730 1743 5801 ἠμϐλύνθησαν.

1854 4562 2217 4619 oceurrerint.

1926 4656 2012 4709 55.
2052 4651 2520 4718 Quemadmodum
2581 4661 2825 4703 amarum
2886 4643 3221 4698 absinthium
3276 4642 3429 4708 juvat

1853 4758 1949 4798 eos
1977 4741 2070 4810 qui
2100 4739 2252 4794 cibos
2283 4737 2569 4791 fastidiunt
2595 4775 2611 4799 ,
2643 4736 2716 4788 ita
2745 4732 2885 4787 male
2931 4729 3159 4784 moratis
3192 4718 3430 4782 hemini-

1852 4834 1953 4887 bus
1979 4831 2108 4886 utile
2133 4838 2236 4888 est.
2266 4836 2326 4881 ut
2352 4827 2631 4897 patiantur
2656 4825 2904 4879 adversa.

1927 4925 2015 4977 56.
2056 4922 2169 4977 Nisi
2211 4919 2467 4975 statueris
2508 4917 2736 4971 adversa
2788 4912 3021 4984 perpeti,
3055 4925 3126 4965 ne
3172 4910 3433 4965 decernas

1857 5015 1999 5069 bene
2063 5026 2223 5082 agere
2275 5025 2397 5063 cum
2449 5008 2555 5061 hoc
2604 5023 2669 5061 ex
2716 5007 2807 5059 illo
2850 5012 3115 5073 perpetuo
3149 5008 3429 5069 sequatur.

1858 5104 2012 5169 Quod
2063 5103 2209 5155 enim
2265 5101 2498 5169 quisque
2546 5097 2812 5159 seminat,
2870 5094 3189 5156 hocetiam
3242 5099 3426 5145 metet.

1857 5190 2124 5252 Proinde,
2173 5188 2217 5242 si
2266 5203 2387 5256 quae
2437 5195 2630 5255 sponte
2682 5185 3017 5239 seminamus
3058 5182 3229 5242 mala,
3273 5180 3432 5234 inviti

1854 5280 2135 5343 metimus,
2155 5278 2426 5347 justitiam
2460 5277 2701 5333 divinam
2724 5274 2980 5330 admirari
3009 5272 3289 5326 debemus.

1928 5450 2015 5504 57.
2058 5449 2121 5503 lli
2151 5459 2260 5502 tres
2288 5447 2517 5501 allectus
2553 5455 2829 5501 exerceant
2867 5445 3109 5501 animum
3138 5458 3149 5492 :
3182 5438 3425 5502 avaritia,

1856 5545 2099 5611 inquam,
2137 5558 2272 5595 vana
2306 5541 2493 5609 gloria.
2526 5549 2579 5593 et
2609 5539 2877 5606 voluptas.

1925 5633 2010 5685 58.
2053 5632 2209 5685 Nulla
2259 5630 2361 5683 alia
2409 5645 2484 5692 re,
2528 5644 2687 5699 quam
2738 5626 2844 5687 his,
2878 5624 3113 5694 cognitio
3163 5630 3217 5675 ct
3270 5619 3423 5681 ﬁdes,

1858 5734 1978 5790 qua:
2051 5721 2395 5775 collectanea:
2463 5729 2591 5775 sunt
2656 5728 2865 5772 naturae
2938 5724 3176 5777 nostra»,
3246 5709 3428 5779 proﬂi-

1863 5823 2077 5884 gantur.
