4142 6436
154 353 288 416 1501

860 372 959 432 DE
998 375 1545 446 TEMPERANTIA
1581 389 2063 456 ΕΤΝΙΗΤΗἸἙ.
2102 419 2171 430 -α
2213 393 2605 453 CENTURIA
2643 391 2689 449 Ι.

3271 389 3408 456 1502

433 480 526 576 καὶ
559 481 867 576 ἀκάθαρτος
910 490 1217 562 ἀπεφάνθη,
1271 498 1363 549 καὶ
1419 499 1730 573 ἀκάθαρτος

1841 507 2102 573 superbia:
2134 523 2293 561 causa
2322 507 2652 576 appellatum
2688 492 2807 560 esse
2843 504 3182 559 immundum
3209 547 3223 559 .
3255 518 3308 560 et
3343 522 3405 561 ex

147 569 304 661 παρὰ
336 571 522 661 Sophp
549 575 654 634 πᾶς
695 574 1110 648 ύψηλοκάρδιος·
1145 585 1336 656 πρώτη
1379 590 1509 659 γὰρ,
1539 569 1727 661 φησιν,

146 656 398 729 ἁμαρτία
450 663 482 732 ἡ
532 664 945 737 ὑπερηφάνεια·
983 671 1126 725 οὕτω
1155 675 1261 746 γὰρ
1298 678 1389 730 καὶ
1517 656 1728 752 dum;

148 767 322 842 φανος
366 754 566 824 Φαραὼ
621 757 772 826 ἔλεγε
801 777 814 789 ο
860 761 969 814 Τὸν
1027 765 1174 817 Θεόν
1202 784 1339 835 σου,
1395 773 1579 842 φησὶν,
1620 777 1730 828 οὐκ

147 839 310 908 οἶδα,
343 845 443 898 καὶ
477 847 584 900 τὸν
625 851 865 919 Ἰσραὴλ
896 856 1006 908 οὐκ
1029 856 1437 920 ἐξαποστελῶ.

227 1112 325 1177 ξδ’.
369 1114 489 1167 Εἰσὶ
519 1115 574 1167 δὲ
603 1116 776 1169 πολλὰ
803 1119 911 1172 τῶν
938 1120 1031 1173 τοῦ
1068 1121 1160 1174 νοῦ
1206 1125 1627 1195 ἐνεργημάτων,
1665 1133 1734 1185 τὰ

146 1202 432 1273 δυνάμενα
454 1208 588 1275 ἡμῖν
610 1208 669 1261 τὸ
691 1209 894 1277 ἀγαθὸν
914 1210 1085 1282 δῶρον
1108 1214 1208 1283 τῆς
1227 1223 1733 1292 ταπεινοφροσύνης

121 1297 591 1365 ¹σιτεριιιτοιείιτθαι,
623 1301 782 1371 εἴπερ
839 1303 914 1372 μὴ
954 1306 1406 1378 ἀμελοῦμενπῆς
1457 1300 1734 1384 σωτηρίας

146 1387 336 1454 ἡμῶν,
362 1390 608 1444 τουτέστι
635 1393 826 1463 μνήμη
850 1394 1291 1467 ἁμαρτημάτων,
1325 1403 1381 1454 ὲν
1413 1402 1614 1473 λόγοις,
1640 1409 1735 1460 καὶ

146 1477 364 1547 ἔργοις,
400 1481 492 1534 καὶ
525 1483 754 1554 διανοίᾳ,
785 1486 876 1538 καὶ
905 1487 1070 1555 ἕτερα
1093 1489 1323 1546 πλεῖστα
1356 1495 1435 1556 είς
1471 1512 1733 1550 ταπεινο-

147 1571 438 1642 φροσύνην
481 1575 613 1644 ἡμῖν
674 1577 1077 1647 συμϐάλλονται
1118 1585 1184 1652 τῇ
1222 1583 1424 1656 θεωρίᾳ
1473 1588 1734 1656 ἀναλεγό-

151 1679 321 1726 μενα.
372 1665 625 1733 Ἐμποιεῖ
666 1667 724 1720 δὲ
767 1668 862 1721 καὶ
916 1672 1254 1725 ταπείνωσιν
1299 1675 1498 1744 ἀληθῆ,
1527 1681 1623 1732 καὶ
1653 1681 1731 1744 τὸ,

150 1755 248 1806 ἵνα
284 1774 368 1818 τις
395 1757 503 1812 τῶν
528 1761 701 1824 πέλας
735 1761 803 1814 τὰ
831 1763 1240 1834 κατορθώματα
1265 1767 1386 1820 καθ’
1415 1770 1649 1837 ἑκάστην
1676 1774 1734 1825 ὲν

149 1844 235 1909 οἷς
261 1851 648 1922 περιστρέφει,
670 1855 763 1907 καὶ
793 1855 956 1926 ἕτερα
982 1858 1190 1912 ἑαυτῶν
1210 1862 1411 1928 φυσικὰ
1435 1864 1525 1914 καὶ
1548 1864 1734 1917 πλεον-
1768 1839 1807 1892 Β

149 1942 454 2010 εκτὴματα
515 1944 573 1996 ὲν
635 1943 816 2016 ἑαυτῷ
870 1948 1205 2016 μεγαλύνει,
1249 1951 1342 2004 καὶ
1393 1950 1735 2018 συνεξετάζει

151 2035 270 2090 cui:
295 2034 490 2087 ἑαυτοῦ
514 2036 580 2088 τὰ
609 2039 858 2092 ἐκείνων.
895 2041 1006 2094 Καὶ
1034 2041 1177 2096 οὕτω
1205 2043 1420 2112 βλέπων
1447 2047 1475 2098 6
1495 2048 1619 2109 νοῦς
1637 2047 1737 2118 τὴν

153 2126 357 2179 ἑαυτοῦ
413 2129 713 2194 εὐτέλειαν,
743 2133 834 2185 καὶ
885 2133 1052 2186 πόσον
1087 2135 1446 2189 ἀπολείπεται
1482 2139 1580 2208 τῆς
1627 2139 1737 2191 τῶν

154 2217 408 2286 ἀδελφῶν
461 2221 823 2294 τελειότητος,
864 2224 970 2293 γῆν
1015 2225 1109 2278 καὶ
1155 2228 1354 2281 σποδὸν
1385 2231 1410 2281 6
1449 2230 1738 2302 ἄνθρωπος

157 2312 360 2364 ἑαυτὸν
409 2313 713 2392 λογίζεται,
745 2319 843 2370 καὶ
900 2319 1000 2371 οὐκ
1049 2319 1368 2388 ἄνθρωπον,
1405 2322 1542 2375 ἀλλὰ
1600 2325 1739 2376 κύνα

154 2401 303 2463 τινὰ,
328 2400 402 2464 ὡς
440 2403 660 2458 πάντων
701 2407 796 2460 ἐπὶ
847 2408 952 2476 γῆς
1004 2408 1241 2476 λογικῶν
1294 2411 1602 2482 ἀνθρώπων
1659 2417 1741 2476 εἰς

162 2494 344 2546 πάντα
373 2496 701 2566 ὑστεροῦντα
730 2499 824 2552 καὶ
856 2499 1314 2573 ἀπολειπόμενον.

236 2759 331 2824 ξέ.
364 2762 504 2830 Φησὶ
559 2761 620 2814 τὸ
683 2762 778 2816 τοῦ
825 2765 1067 2833 Χριστοῦ
1126 2769 1589 2837 στόμα,ὀστύλος
1644 2772 1744 2841 τῆς

178 2853 526 2921 Ἐκκλησίας,
561 2856 589 2906 6
625 2855 796 2922 μέγας
834 2855 1013 2926 πατὴρ
1061 2857 1218 2926 ἡμῶν
1248 2859 1554 2925 Βασίλειος,
1585 2863 1744 2930 Μέγα

165 2946 376 3012 ἀγαθὸν
412 2947 547 3016 πρὸς
595 2949 654 3001 τὸ
696 2949 771 3021 μὴ
815 2951 1177 3022 ἁμαρτάνειν,
1214 2955 1438 3025 μηδὲτῇ
1474 2958 1742 3027 ἐρχομένῃ

167 3039 354 3110 ἡμέρᾳ
401 3042 516 3102 τοῖς
567 3040 750 3104 αὐτοῖς
797 3042 1174 3112 περιπίπτειν,
1198 3045 1259 3098 τὸ
1299 3046 1439 3115 μετὰ
1476 3046 1575 3116 τὴν
1606 3049 1745 3099 ἁπο-

168 3131 454 3200 πλήρωσιν
499 3133 597 3201 τῆς
637 3133 855 3203 ἡμέρας
904 3136 1223 3205 ἀνακρίνειν
1263 3138 1320 3189 ὲν
1367 3136 1444 3206 τῷ
1478 3138 1744 3191 συνειδότι

169 3222 348 3290 ἡμῶν,
381 3225 525 3293 ἡμᾶς
554 3227 781 3289 ἑαυτοὺς
809 3229 877 3280 τὰ
906 3228 1028 3280 καθ’
1057 3231 1227 3298 ἡμᾶς,
1252 3229 1306 3281 τί
1339 3229 1743 3299 πεπλημμελή-

171 3331 370 3382 καμεν,
400 3316 451 3367 τί
487 3317 543 3368 δὲ
583 3317 1185 3389 ὲδικαιοπραγήσαμεν.
1213 3322 1385 3374 Τοῦτο
1419 3322 1517 3374 καὶ
1553 3324 1581 3374 6
1627 3321 1745 3374 Ἰὼϐ

173 3405 373 3468 ἐποίει,
416 3407 543 3476 περί
572 3423 633 3458 τε
689 3407 855 3460 αὑτοῦ
887 3410 1122 3462 καὶτῶν
1171 3410 1381 3463 τέκνων
1417 3411 1586 3463 αὐτοῦ
1614 3428 1627 3442 ο
1677 3411 1745 3463 τὰ

172 3498 282 3566 γὰρ
336 3498 455 3550 καθ’
485 3499 725 3568 ἑκάστην
788 3500 1080 3568 λογοθέσια
1129 3504 1191 3555 τὸ
1241 3501 1366 3556 καθ’
1401 3503 1554 3574 ὥραν
1586 3504 1748 3572 φωτί-

173 3587 346 3649 ζουσι.
375 3590 483 3641 Καὶ
539 3588 702 3643 πάλιν
749 3593 777 3643 6
834 3593 997 3655 αύτός
1039 3610 1195 3663 (ρησι⁸
1223 3595 1338 3648 Πᾶν
1381 3593 1584 3663 μέτρον
1620 3595 1745 3665 ἄριο

177 3697 322 3733 στον.

246 3773 351 3836 Eg”.
377 3773 484 3824 Καὶ
536 3773 698 3827 πάλιν
748 3774 935 3844 ἕτερος
964 3776 1072 3828 τῶν
1104 3777 1174 3829 τὰ
1239 3777 1361 3831 θεῖα
1402 3781 1586 3847 σοφῶν
1616 3780 1745 3848 ἔφη.

186 3861 355 3935 Ἀρχὴ
384 3864 764 3934 καρποφορίας
791 3865 970 3930 ἄνθος,
1009 3868 1105 3919 καὶ
1129 3868 1270 3939 ἀρχὴ
1307 3869 1622 3939 πρακτικῆς
1653 3873 1748 3938 ὲγ-

176 3953 424 4025 κράτεια.
459 3955 668 4007 Οὐκοῦν
725 3957 1248 4028 ἑγκρατευσώμεθα,
1279 3961 1376 4012 καὶ
1429 3962 1612 4027 τοῦτο,
1651 3963 1748 4032 μέ-

172 4063 288 4115 τρῳ
312 4046 406 4098 καὶ
440 4045 686 4117 σταθμῷ,
721 4045 797 4110 ὡς
834 4049 884 4100 οἱ
915 4049 1158 4117 Πατέρες
1201 4051 1582 4104 ἐκδιδάσκουσι
1611 4068 1624 4082 °
1656 4053 1750 4105 καὶ

175 4137 273 4205 τὴν
305 4137 517 4207 ἡμέραν
546 4137 676 4206 ὃλην
713 4137 819 4190 τῶν
859 4137 1068 4192 δώδεκα
1102 4140 1261 4210 ὡρῶν
1304 4144 1364 4194 ὲν
1409 4146 1475 4214 τῇ
1520 4145 1749 4213 τηρήσει

174 4226 273 4280 τοῦ
307 4228 426 4290 νοὸς
475 4228 884 4298 παρερχὼμεθα
910 4245 925 4261 ·
973 4230 1118 4284 οὕτω
1158 4233 1269 4304 γὰρ
1320 4234 1626 4299 ποιεῖιντες,
1651 4235 1751 4304 τὴν

177 4319 378 4372 κακίαν
437 4318 529 4390 βία
572 4319 682 4371 τινὶ
739 4320 930 4372 σϐέσαι
988 4322 1084 4375 καὶ
1130 4323 1362 4392 μειῶσαι
1408 4325 1752 4396 δυνησόμεθα

180 4412 320 4481 μετὰ
343 4411 511 4475 Θεοῦ,
543 4412 666 4464 ἐπεὶ
698 4412 792 4464 καὶ
827 4410 1022 4484 βιαστή
1049 4415 1198 4467 ἐστιν
1228 4417 1261 4485 ή
1299 4417 1556 4486 ἐνάρετος
1600 4419 1751 4470 πολι-

176 4502 317 4568 τεία,
344 4502 411 4555 δι’
441 4498 508 4573 ἦς
535 4503 736 4556 δίδοται
764 4505 798 4573 ή
821 4503 1071 4574 βασιλεία
1095 4506 1202 4558 τῶν
1231 4507 1501 4576 οὐρανῶν.

250 4675 344 4740 EC.
397 4677 545 4739 Ὁδὸς
577 4679 671 4729 ἐπὶ
693 4679 794 4749 τὴν
820 4680 1042 4744 γνῶσιν,
1075 4682 1314 4736 ἀπάθεια
1347 4685 1441 4737 καὶ
1477 4687 1748 4740 ταπείνω-

181 4784 285 4833 σις,
315 4762 395 4823 ὧν
418 4770 590 4840 χωρὶς
624 4770 801 4835 οὐδεὶς
831 4772 1019 4842 ϐψεται
1048 4775 1139 4826 τὸν
1170 4776 1398 4843 Κύριον.

249 4942 352 5012 ξη’.
394 4944 454 4999 '0
487 4946 847 5010 ἀδιαλείπτως
874 4949 1005 5018 περὶ
1042 4949 1110 5002 τὰ
1145 4950 1293 5003 ἔνδον
1333 4953 1432 5015 τὰς
1461 4955 1749 5027 διατριϐὰς

179 5034 520 5104 ποιούμενος,
554 5039 842 5107 σωφρονεί.
881 5039 955 5091 Οὐ
983 5041 1143 5108 μόνον
1175 5041 1264 5106 δὲ,
1298 5044 1436 5098 ἀλλά
1478 5049 1570 5100 καὶ
1610 5049 1746 5102 θεω-

183 5125 286 5192 ρεῖ,
314 5125 407 5177 καὶ
438 5123 700 5192 θεολογεῖ,
729 5128 821 5179 καὶ
851 5128 1236 5199 προσεύχεται.
1272 5135 1382 5186 Καὶ
1417 5136 1573 5190 τοῦτό
1602 5140 1748 5192 ἔστιν

179 5215 207 5265 ὃ
235 5214 379 5281 λέγει
423 5218 451 5268 6
497 5217 850 5282 Ἀπόστολος,
885 5220 1183 5288 Πνεύρατι
1225 5227 1618 5292 περιπατεῖτε,
1652 5232 1748 5284 καὶ

180 5303 500 5373 ἐπιθυμίαν
527 5307 759 5374 σαρκὸς
785 5311 857 5362 οὐ
878 5312 965 5379 μὴ
995 5313 1304 5382 τελέσητε.

253 5396 351 5460 ξίν.
402 5397 462 5452 Ὀ
509 5399 608 5468 τὴν
669 5400 791 5454 ὁδὸν
844 5404 937 5471 τὴν
989 5410 1373 5480 πνευματικὴν
1405 5410 1612 5465 ὁδεύειν
1673 5415 1747 5485 μὴ

181 5489 566 5558 ἐπιστάμενος,
594 5493 700 5545 τῶν
750 5495 1013 5564 ὲμπαθῶν
1063 5500 1354 5568 νοημάτων
1406 5504 1463 5556 ού
1513 5510 1744 5559 ποιεῖται

185 5580 463 5648 φροντίδα,
498 5583 614 5634 ἀλλ’
647 5584 776 5654 ὅλην
827 5587 923 5655 τὴν
979 5589 1174 5659 σχολὴν
1233 5593 1359 5660 περὶ
1417 5594 1744 5667 stt/5597.1

253 5760 296 5792 ⁷⁶
324 5761 491 5819 Exod.
530 5781 576 5826 γ,
606 5763 658 5816 ‘2.
736 5766 776 5794 ⁷⁷
806 5766 977 5820 Galal.
1008 5784 1061 5833 \',
1099 5766 1182 5820 16.

1834 611 1970 662 puro
2002 605 2056 649 et
2086 597 2264 651 lucido
2302 597 2494 666 angelo
2526 596 2838 665 inquinatus
2866 607 2920 649 ct
2948 596 3197 666 impurus
3225 597 3406 651 decla-

1834 696 1986 740 ratus
2021 697 2124 741 est.
2165 687 2308 752 Quin
2349 688 2512 741 etiam
2561 687 2703 756 apud
2746 686 3055 752 Dominum,
3097 689 3406 757 quicunque

1834 780 2070 847 superbo
2119 788 2204 833 est
2253 780 2450 843 corde,
2497 779 2825 860 immundus
2866 778 3112 837 habetur.
3166 780 3404 834 Primum

1832 872 1978 924 enim
2006 880 2310 939 peccatum,
2340 870 2534 938 inquit,
2561 851 2947 938 esi'superbia.
2976 869 3043 924 Et
3067 871 3211 926 hunc
3241 874 3404 926 etiam

1834 961 1889 1013 in
1931 963 2150 1014 modum
2193 960 2460 1029 superbus
2493 959 2704 1013 Pharao
2734 961 2947 1014 dicebat
2983 978 2995 1010 τ
3029 961 3194 1014 Deum
3235 971 3403 1028 tuum,

1835 1050 2030 1118 inquit,
2067 1066 2168 1102 non
2203 1049 2340 1111 novi,
2366 1057 2412 1100 et
2439 1046 2613 1100 Israel
2643 1062 2743 1098 non
2774 1048 3034 1098 dimittam
3057 1047 3121 1098 ⁷⁸.

1905 1141 1993 1194 64.
2039 1141 2172 1195 Sunt
2214 1151 2394 1194 autem
2439 1137 2722 1208 permultae
2759 1137 2955 1190 mentis
2984 1138 3246 1198 actiones,
3287 1152 3407 1206 quac

1835 1248 1935 1286 nos
1970 1232 2159 1300 juvare
2199 1241 2430 1301 possunt
2472 1230 2540 1284 ad
2583 1228 2970 1282 vindicandum
3018 1230 3145 1282 illud
3187 1231 3406 1297 prisci-a-

1834 1338 1955 1376 runt
2003 1322 2323 1375 humilitatis
2371 1322 2596 1382 donum,
2646 1319 2808 1372 modo
2859 1319 3073 1372 solliciti
3121 1319 3290 1374 simus
3340 1321 3408 1373 de

1835 1415 2008 1468 salute
2058 1422 2292 1466 nostra:
2335 1413 2487 1467 verbi
2538 1413 2745 1482 gratia,
2797 1411 3099 1465 recordatio
3158 1421 3409 1481 peccato-

1835 1521 1979 1566 rum,
2011 1522 2131 1574 qua:
2164 1507 2366 1567 verbis,
2407 1505 2686 1574 operibus,
2724 1514 2780 1558 et
2817 1505 3148 1573 cogitatione
3189 1514 3409 1559 contra-

1836 1597 2018 1650 himus
2053 1615 2064 1649 :
2103 1605 2158 1650 et
2210 1597 2313 1649 alia
2366 1595 2631 1664 plurima,
2680 1609 2801 1662 qua:
2853 1595 3182 1662 speculando
3234 1596 3407 1665 colligi

1836 1696 2082 1756 possunt,
2119 1685 2368 1755 perutilia
2405 1695 2532 1739 sunt
2571 1686 2732 1738 nobis
2763 1686 2826 1737 all
2861 1685 3240 1739 humilitatem.
3271 1685 3410 1740 Nec-

1836 1791 1946 1829 non
1979 1776 2110 1830 illud
2140 1791 2323 1830 veram
2361 1776 2723 1829 humilitatem
2754 1775 2915 1844 parit,
2944 1775 2986 1829 si
3017 1776 3137 1844 quis
3173 1791 3258 1829 res
3291 1793 3412 1844 qua:

1838 1871 2081 1939 quotidie
2114 1886 2372 1940 prospere
2409 1879 2690 1940 geruntur,
2727 1886 2756 1923 a
2792 1871 3073 1939 proximis,
3111 1872 3248 1924 inter
3276 1885 3412 1938 quos

1839 1970 2108 2028 versatur,
2145 1963 2200 2016 ei
2247 1962 2349 2015 alia
2389 1977 2510 2030 qua:
2549 1971 2742 2014 natura
2788 1962 3097 2029 suppeditat
3138 1963 3237 2025 eis,
3284 1977 3409 2030 pos-

1839 2055 2108 2108 sessiones
2141 2053 2293 2116 item,
2326 2052 2469 2121 apud
2504 2053 2743 2122 scipsum
2785 2051 3128 2120 ntagnilaciat
3157 2070 3169 2104 ε
3201 2066 3411 2119 rerum-

1839 2159 1943 2212 que
1977 2143 2044 2196 ad
2078 2157 2174 2196 eos
2205 2141 2599 2211 pertinentium
2630 2157 2754 2199 cum
2790 2141 2904 2195 suis
2933 2141 3220 2195 collatione
3251 2141 3409 2207 facta,

1841 2235 1912 2289 ita
1956 2236 2358 2304 contempletur
2396 2234 2578 2288 animo
2617 2249 2768 2287 suam
2813 2234 3130 2298 exilitatem,
3163 2243 3216 2287 et
3252 2250 3410 2302 quant

1841 2326 1998 2394 longe
2030 2325 2170 2378 absit
2203 2326 2272 2378 ab
2305 2341 2492 2378 eorum
2535 2323 2888 2393 perfectione,
2925 2335 3119 2378 terram
3161 2340 3223 2378 ac
3261 2325 3411 2378 cinc-

1843 2401 1955 2470 rcm
1998 2417 2241 2485 scipsum
2282 2416 2575 2479 existimet,
2611 2425 2666 2469 et
2707 2431 2816 2468 non
2863 2414 3158 2479 hominem,
3190 2415 3281 2469 sed
3324 2431 3415 2468 ca-

1842 2524 1966 2562 nctn
2005 2508 2294 2576 quemdam
2324 2549 2336 2571 ,
2395 2507 2540 2561 velut
2567 2516 2886 2561 cunctorum
2925 2508 3015 2575 qui
3048 2507 3099 2560 itt
3136 2515 3278 2560 terra
3318 2507 3417 2561 de,

1844 2611 1979 2668 gunt
2021 2599 2303 2652 hominum
2352 2597 2700 2651 rationalium
2749 2597 2801 2650 in
2847 2597 2994 2651 omni
3051 2613 3249 2667 genere
3293 2597 3417 2651 inli-

1845 2703 1994 2742 mum
2025 2698 2079 2743 et
2112 2699 2469 2758 postremum.

1915 2782 2001 2834 65.
2037 2780 2110 2834 Os
2151 2780 2371 2842 Christi,
2409 2782 2660 2834 coluntna
2703 2780 2975 2844 Ecclesiae,
3012 2797 3239 2851 magnus
3269 2791 3420 2852 pater

1847 2881 2035 2925 noster
2090 2871 2324 2925 Basilius
2380 2873 2474 2936 ait,
2515 2872 2672 2926 valde
2728 2872 2974 2927 conferre
3021 2873 3088 2925 ad
3141 2873 3417 2926 vitandum

1848 2973 2150 3030 peccatum,
2184 2971 2240 3016 et
2273 2972 2332 3016 ut
2371 2973 2587 3032 postera
2625 2964 2712 3018 die
2744 2965 2795 3016 in
2827 2964 3015 3017 eadem
3046 2965 3270 3019 crimina
3311 2982 3418 3018 non

1847 3053 2170 3115 dilabamur,
2202 3055 2245 3108 si
2285 3064 2508 3123 peracto
2545 3071 2761 3125 quoque
2790 3055 2876 3108 die
2907 3071 3006 3109 nos
3037 3055 3179 3124 ipsos
3207 3064 3422 3119 nostra—

1774 3180 1814 3234 Ο
1849 3160 1953 3214 que
1981 3146 2354 3200 examinentus
2385 3147 2439 3199 in
2476 3148 2807 3201 conscientia
2842 3157 3024 3201 nostra
3066 3165 3079 3198 :
3116 3149 3243 3215 quid
3283 3149 3421 3202 deli-

1847 3237 2088 3304 quimus,
2119 3237 2316 3304 quidve
2348 3237 2476 3290 boni
2511 3238 2693 3306 operis
2725 3238 3015 3291 edidimus.
3046 3238 3102 3292 Id
3135 3241 3294 3292 etiam
3322 3238 3424 3294 Job

1849 3328 2100 3389 faciebat,
2137 3336 2244 3380 tam
2279 3343 2374 3380 sua
2407 3343 2568 3395 quam
2620 3328 2851 3381 ﬁliorum
2896 3344 3078 3382 causa.
3113 3328 3241 3394 Quae
3276 3331 3422 3383 cnitn

1851 3415 2096 3484 quotidie
2134 3415 2344 3468 ratione
2381 3415 2778 3477 subducuntur,
2810 3416 3086 3469 declarant
3119 3416 3246 3485 quid
3290 3417 3418 3470 hora

1847 3524 2061 3577 quaque
2098 3514 2308 3577 gestum
2352 3506 2414 3559 sit
2465 3522 2527 3558 ac
2570 3507 2886 3574 gerendum.
2918 3505 3153 3558 Rursum
3184 3507 3272 3559 ille
3308 3508 3420 3576 ipse

1850 3597 2080 3650 Basilius
2111 3596 2243 3650 dicit
2270 3615 2282 3647 :
2315 3594 2532 3648 Modum
2564 3609 2778 3647 omnem
2811 3609 2930 3647 esse
2962 3595 3244 3663 optimum.

1919 3773 2006 3827 66.
2051 3771 2237 3825 Denuo
2279 3771 2417 3824 alius
2457 3786 2488 3824 e
2531 3770 2719 3839 peritis
2767 3785 2946 3823 rerum
2991 3768 3296 3825 divinarum
3336 3769 3424 3826 in-

1850 3863 1985 3932 quit,
2028 3861 2248 3915 lnitium
2301 3860 2616 3922 fertilitatis,
2653 3867 2737 3912 est
2782 3858 2878 3911 llos
2925 3877 2936 3911 :
2991 3867 3042 3912 et
3098 3859 3421 3927 principium

1853 3969 2033 4008 rerum
2095 3953 2459 4023 agendarum,
2513 3959 2594 4004 est
2656 3949 3008 4003 continentia.
3068 3947 3425 4003 Continentes

1854 4046 2013 4114 igitur
2056 4045 2273 4098 simus:
2307 4045 2468 4112 idque
2521 4057 2644 4095 cum
2696 4041 2859 4094 modo
2907 4048 2961 4093 et
3013 4047 3231 4101 statera,
3265 4040 3422 4096 sicuti

1854 4137 2041 4190 Patres
2074 4136 2270 4190 docent
2303 4153 2316 4187 :
2353 4144 2624 4201 totamque
2657 4132 2800 4185 diem
2838 4131 3122 4183 duodecim
3168 4131 3364 4183 horaru
3390 4146 3422 4183 n

1853 4229 1906 4282 in
1938 4227 2312 4282 conservando
2339 4227 2523 4280 animo
2553 4224 2938 4292 transigamus.
2969 4222 3046 4275 lla
3076 4221 3224 4275 enim
3257 4237 3425 4291 agen-

1857 4335 1956 4388 tes,
1993 4319 2311 4393 poterimus.
2347 4319 2458 4371 Deo
2502 4324 2802 4384 praeeunte,
2854 4313 2904 4366 vi
2951 4313 3193 4380 quaedam
3244 4314 3421 4367 immi-

1855 4433 2024 4472 nuere
2056 4415 2246 4470 vitium
2273 4420 2321 4464 et
2351 4409 2713 4477 exstinguere.
2755 4404 3001 4459 Violenta
3035 4405 3301 4473 siquidem
3341 4415 3425 4460 est

1785 4507 1828 4561 Ι)
1854 4505 2199 4564 conversatio
2246 4502 2542 4558 virtutibus
2606 4500 2786 4554 dedita
2848 4491 2954 4568 qua
2995 4514 3220 4569 regnum
3262 4501 3426 4554 caelo—

1856 4613 1976 4652 rum
2013 4595 2267 4650 donatur.

1926 4687 2013 4743 67.
2058 4684 2151 4736 Via
2193 4695 2312 4750 qua:
2353 4678 2502 4733 ducit
2539 4677 2604 4730 ad
2645 4675 3034 4745 cognitionem,
3070 4673 3152 4728 est
3185 4675 3426 4728 vacuitas

1854 4777 2226 4836 all‘ectionum,
2275 4779 2332 4824 et
2372 4768 2647 4823 humilitas
2681 4783 2695 4819 :
2734 4766 2851 4819 sine
2887 4766 3084 4835 quibus
3133 4781 3294 4820 nemo
3341 4768 3426 4823 vi-

1855 4869 2003 4923 debit
2037 4864 2345 4919 Dominum.

1923 4961 2012 5013 68.
2056 4956 2161 5022 Qui
2206 4952 2423 5007 assidue
2473 4948 2567 5004 dat
2613 4961 2833 5017 Operam
2883 4947 3049 5001 rebus
3089 4946 3340 5009 internis,
3378 4947 3427 4999 is

1856 5051 2090 5122 prudens
2117 5058 2220 5101 est.
2247 5045 2435 5112 Neque
2461 5056 2590 5095 vero
2623 5041 2675 5094 id
2706 5048 2915 5092 tantum
2945 5057 2958 5091 :
2987 5038 3082 5092 sed
3103 5047 3158 5092 et
3182 5047 3423 5091 content-

1856 5141 2076 5213 plationi
2102 5149 2157 5192 et
2196 5135 2477 5205 theologia:
2511 5133 2695 5187 studet
2731 5140 2780 5186 et
2815 5129 3135 5200 precationi.
3172 5129 3428 5198 lstudquc

1853 5243 1935 5287 est
1962 5231 2106 5300 quod
2145 5231 2221 5284 ait
2249 5227 2560 5298 Apostolus,
2593 5223 2796 5291 Spiritu
2825 5221 3116 5285 ambulate,
3145 5230 3193 5272 et
3221 5221 3427 5273 deside-

1855 5329 1936 5378 ria
1972 5324 2147 5376 carnis
2178 5339 2280 5376 non
2310 5319 2586 5389 perﬁcietis
2616 5316 2680 5372 ⁷⁷.

1927 5416 2012 5470 69.
2055 5414 2159 5480 Qui
2213 5413 2349 5467 viam
2403 5409 2698 5479 spiritalem
2747 5405 3017 5459 coniicere
3067 5402 3270 5465 nescit,
3314 5417 3424 5455 non

1855 5516 2008 5561 curat
2055 5504 2407 5575 cogitationes
2441 5500 2724 5554 adectibus
2766 5497 2995 5558 deditas,
3032 5494 3125 5547 sed
3179 5501 3320 5546 totus
3358 5492 3426 5546 de

1855 5615 2014 5653 carne
2048 5597 2310 5653 sollicitus
2341 5601 2425 5649 est
2457 5602 2552 5649 εει
2592 5603 2683 5645 aut
2716 5588 3024 5658 crapulatur
3063 5595 3118 5638 et
3151 5584 3421 5651 intempe-
