4142 6436
147 401 279 470 1505

213 513 286 564 π’.
339 510 423 573 Ὠς
454 508 727 562 ἀπέθανεν
763 511 901 580 ὑπὲρ
928 511 1037 562 τῶν
1069 510 1355 580 ἁμαρτιῶν
1390 511 1545 580 ἡμῶν
1570 510 1712 561 κατὰ
1744 515 1785 568 Α

141 604 237 664 τὰς
262 600 505 671 Γραφὰς,
536 601 629 652 καὶ
660 603 770 662 τοῖς
797 597 854 653 εὖ
878 601 1222 654 δουλεύουσιν
1260 603 1409 672 αὑτῴ
1447 602 1542 671 τὴν
1571 603 1715 653 ἐλευ-

139 692 328 760 θερίαν
354 690 664 762 χαρίζεται·
699 692 834 762 φησὶ
863 692 992 760 γάρ’
1042 690 1150 757 Εὖ,
1185 691 1367 745 δοῦλε
1399 694 1582 762 ἀγαθὲ
1614 693 1714 745 καὶ

137 783 340 848 πιστὲ,
378 783 476 835 ἐπὶ
514 783 689 852 ὀλίγα
721 784 935 852 ἐγένου
967 783 1203 848 πιστὸς,
1239 784 1336 838 ἐπὶ
1367 784 1616 838 πολλῶν
1641 801 1714 836 σε

137 873 526 939 καταστήσω,
562 874 800 928 εἴσελθε
834 879 920 940 είς
953 876 1066 941 τὴν
1095 876 1290 942 χαρὰν
1337 879 1444 931 τοῦ
1494 880 1714 947 Κυρίου

136 983 282 1019 σου.
325 965 490 1018 Οὔπω
514 967 572 1019 δὲ
594 966 780 1029 δοῦλός
814 969 930 1019 ἐστι
971 971 1181 1036 πιστὸς,
1206 973 1235 1024 6
1259 971 1386 1042 ψιλῇ
1419 975 1481 1042 τῇ
1512 971 1714 1040 γνώσει

135 1057 580 1127 ἐπερειδόμενος,
610 1058 725 1110 ἀλλ’
768 1061 796 1111 6
841 1060 907 1112 δι’
935 1061 1180 1132 ὑπακοῆς
1225 1064 1303 1132 τῷ
1348 1065 1716 1134 ἐντειλαμένῳ

133 1150 362 1219 Χριστῷ
405 1150 698 1217 πιστεύων,
753 1151 843 1203 τὸν
875 1153 1156 1223 Δεσπότην
1208 1155 1405 1224 τιμῶν,
1453 1159 1599 1208 ποιεῖ
1645 1157 1714 1210 τὰ

131 1239 501 1311 κελευόμενα·
552 1242 776 1310 σφαλεὶς
827 1243 883 1295 δὲ
931 1245 963 1314 ἢ
1019 1246 1396 1314 παρακούσας,
1452 1247 1714 1318 ὑπομένει

128 1333 207 1395 ὡς
241 1333 348 1386 ἴδια
394 1335 462 1386 τὰ
525 1334 890 1404 ἐπερχόμενα.
929 1336 1257 1407 Φιλομαθὴς·
1283 1335 1377 1392 οὖν
1425 1339 1578 1405 γίνου
1617 1341 1712 1392 κα)⁸

132 1424 453 1492 φιλόπονος·
481 1428 512 1496 ἠ
542 1426 652 1496 γὰρ
680 1426 808 1496 ψιλὴ
841 1427 1042 1494 γνῶσις
1073 1433 1255 1495 φυσιοῖ
1281 1429 1371 1482 τὸν
1397 1430 1705 1502 ἄνθρωπον.

204 1601 320 1656 πα’.
362 1605 426 1656 Οἱ
475 1604 900 1674 ἀπροσδοκήτως
956 1608 1089 1676 ἡμῖν
1145 1605 1538 1675 συμϐαίνοντες
1593 1625 1713 1660 πει-

131 1697 360 1765 ρασμοὶ,
402 1698 766 1767 οἰκονομικῶς
821 1700 970 1768 ἡμᾶς
1020 1697 1341 1766 φιλοπόνους
1395 1699 1708 1754 διδάσκουσι

127 1787 410 1854 γενέσθαι.

841 401 934 460 DE
960 401 1507 461 TEMPERANTIA
1555 401 1647 459 ET
1688 400 2048 459 VIRTUTE.
2091 426 2158 438 -
2199 404 2587 466 CENTURIA
2629 407 2676 465 Ι.

3251 411 3269 473 i
3283 414 3390 477 506

1888 509 1977 563 80.
2023 512 2156 564 Nam
2209 523 2457 568 mortuus
2504 524 2588 569 est
2640 531 2736 585 pro
2773 518 3008 587 peccatis
3043 521 3264 586 nostris,
3295 539 3385 576 se—

1818 601 2057 654 cundqu
2091 602 2444 670 Scripturas:
2478 620 2541 659 ac
2570 606 2709 660 bene
2751 611 3118 665 servientibus
3148 613 3196 664 ei
3221 613 3388 666 liber-

1818 699 1981 744 tatem
2030 695 2266 762 gratuito
2313 697 2558 766 largitur.
2609 697 2789 767 luquit
2820 701 2967 754 enim
2999 721 3011 754 :
3051 700 3220 770 Euge,
3243 719 3386 757 serve

1815 781 1942 836 bone
1967 794 2013 836 et
2033 785 2220 852 ﬁdelis,
2245 805 2406 856 supra
2437 806 2607 858 pauca
2630 791 2775 860 fuisti
2806 792 2994 859 ﬁdelis,
3019 810 3179 862 supra
3217 795 3382 847 multa

1816 883 1864 926 te
1905 877 2221 930 constituam
2251 895 2269 932 :
2306 880 2448 932 intra
2491 881 2546 932 in
2578 883 2832 949 gaudium
2862 882 3076 936 Domini
3103 887 3180 938 tui
3209 887 3277 938 δι.
3309 887 3376 939 At

1815 969 2056 1021 nondum
2090 982 2174 1024 σει
2222 970 2397 1025 fidelis
2434 986 2648 1036 servus,
2673 975 2764 1042 qui
2805 975 2873 1029 de
2897 975 3040 1029 nuda
3074 979 3382 1046 cognitione

1813 1058 2074 1125 gloriatur
2106 1078 2118 1111 :
2151 1061 2243 1113 sed
2264 1062 2355 1130 qui
2379 1062 2763 1130 obtemperans
2783 1067 3120 1134 praecipienti
3143 1069 3381 1122 Christo.

1813 1149 2003 1211 credit,
2028 1160 2078 1204 et
2119 1167 2456 1221 prosequens
2485 1154 2691 1209 honore
2711 1156 3027 1222 Dominum,
3062 1158 3210 1211 illius
3231 1159 3382 1228 jussu

1815 1240 2040 1310 peragit.
2076 1242 2175 1307 Qui
2209 1254 2391 1298 autem
2416 1255 2580 1310 errat,
2615 1256 2670 1300 et
2703 1262 2810 1300 non
2841 1259 3014 1316 paret,
3051 1265 3210 1303 casus
3237 1251 3386 1305 velut

1813 1332 2116 1400 peculiares
2180 1334 2323 1388 ferre
2378 1337 2610 1407 cogitur.
2681 1337 2967 1403 Quocirca,
3029 1343 3275 1396 discendi
3328 1355 3384 1397 et

1811 1425 2071 1490 operamli
2094 1426 2371 1480 studiosus
2403 1436 2520 1480 esto
2554 1447 2565 1482 :
2597 1429 2722 1497 quia
2748 1432 2891 1484 nuda
2919 1435 3160 1503 cognitio
3188 1434 3379 1488 inﬂare

1811 1515 1946 1568 solet
1979 1516 2276 1569 hominem.

1881 1604 1969 1657 8|.
2007 1605 2382 1672 Tcntationcs,
2421 1624 2540 1677 qme
2566 1611 2723 1665 nobis
2753 1628 2817 1665 ex
2848 1624 3125 1682 Insperato
3162 1619 3380 1672 contin-

1810 1705 1964 1763 gunt,
1998 1694 2406 1764 dispensatione
2433 1701 2614 1754 divina
2651 1717 2751 1756 nos
2778 1704 2999 1771 docent,
3032 1707 3085 1760 in
3117 1709 3381 1763 continuo

1811 1787 1996 1839 labore
2027 1788 2232 1840 versari
2263 1789 2484 1843 debere.

202 1880 316 1948 πβ’.
361 1881 520 1933 ’Ἰδιον
549 1881 647 1950 μὲν
671 1879 901 1950 ἀστέρος
929 1880 989 1932 τὸ
1016 1881 1142 1950 περὶ
1173 1880 1332 1933 αὐτὸν
1359 1881 1494 1950 φῶς,
1527 1882 1621 1935 τοῦ
1650 1883 1699 1936 δὲ

1878 1877 1966 1931 82.
1989 1876 2167 1932 Stellae
2191 1881 2516 1949 preprietas,
2539 1891 2622 1937 est
2645 1883 2826 1939 lumen
2855 1903 2963 1956 quo
2983 1889 3222 1944 ambitur
3252 1911 3264 1946 :
3303 1895 3377 1961 pii

128 1970 421 2032 θεοσεϐοῦς
460 1973 555 2024 καὶ
602 1973 734 2025 Θεὸν
785 1972 1118 2040 φοϐουμένου
1151 1972 1301 2034 ἴδιον,
1335 1973 1577 2025 εὐτέλεια
1611 1979 1706 2026 καὶ

124 2063 464 2126 ταπείνωσις
488 2079 500 2091 '
541 2063 663 2116 ἐπεὶ
708 2064 831 2133 μηδ’
861 2063 991 2118 ἄλλο
1021 2080 1072 2115 τι
1123 2065 1485 2134 γνωριστικὺν
1516 2065 1704 2134 ’πέφυ-

126 2170 224 2206 κεν
254 2149 418 2217 εἶναι,
467 2154 560 2206 καὶ
603 2154 890 2224 δηλότερον
925 2157 1152 2224 σημεῖον
1182 2156 1289 2207 τῶν
1321 2156 1416 2208 τοῦ
1464 2157 1703 2226 Χριστοῦ

129 2246 415 2316 μαθητῶν,
445 2246 520 2306 ώς
547 2246 802 2300 ταπεινὸν
843 2248 1096 2317 φρόνημα
1128 2249 1222 2301 καὶ
1250 2248 1466 2311 εὐτελὲς
1498 2251 1697 2319 σχῆμα.

129 2337 242 2388 Καὶ
271 2337 430 2388 τοῦτο
458 2337 633 2390 πάντα
665 2337 828 2408 βοῶσι
855 2339 922 2391 τὰ
945 2340 1190 2410 τέσσαρα
1220 2342 1528 2410 Εὐαγγέλια
1550 2360 1563 2372 '
1596 2345 1624 2395 6
1648 2344 1703 2396 δὲ

130 2429 208 2499 μὴ
238 2429 411 2492 οὕτως
437 2432 706 2493 ταπεινῶς
733 2431 902 2500 βιοὺς,
936 2432 1030 2484 τοῦ
1067 2434 1268 2504 μέρους
1308 2436 1562 2489 ἐκπίπτει
1606 2437 1702 2490 τοῦ

126 2522 323 2573 ἑαυτὸν
354 2522 617 2584 ἑκουσίως
663 2523 1106 2587 ταπεινώσαντος
1154 2526 1315 2595 μέχρι
1343 2529 1579 2598 σταυροῦ
1611 2531 1703 2583 καὶ

126 2611 387 2676 θανάτου,
432 2613 524 2666 τοῦ
565 2614 657 2667 καὶ
691 2614 794 2666 τῶν
829 2613 991 2668 θείων
1024 2617 1367 2685 Εὐαγγελίων
1394 2621 1701 2687 πρακτικοῦ

126 2703 438 2778 νομοθέτου.

199 2893 314 2953 πγ’.
351 2889 416 2939 οι
458 2886 774 2955 διψῶντες,
827 2889 983 2958 φησὶ,
1027 2891 1354 2958 πορεύεσθε
1390 2892 1484 2961 ἐφ’
1508 2891 1698 2960 ὕδωρο

125 2977 175 3028 οἱ
205 2976 262 3029 δὲ
290 2976 550 3045 διψῶντες
575 2979 731 3042 Θεὸν,
762 2980 1060 3049 πορεύεσθε
1086 2981 1416 3053 καθαρότητι
1441 2984 1698 3048 διανοίας·

128 3068 270 3139 πλὴν
300 3069 378 3140 -τῷ
410 3070 631 3140 ὑψηλῶς
660 3071 727 3124 δι’
759 3072 928 3142 αὐτῆς
958 3075 1264 3144 πετομένῳ,
1293 3075 1398 3146 χρὴ
1430 3077 1526 3129 καὶ
1563 3077 1702 3147 πρὸς

1808 1984 1936 2022 vero
1966 1984 2030 2022 ac
2069 1968 2241 2024 Deum
2279 1973 2522 2027 timentis
2557 1975 2657 2028 viri
2690 1979 3018 2046 proprietas,
3050 1993 3131 2036 est
3156 1983 3374 2053 simpli-

1806 2060 1941 2113 citas
1972 2070 2028 2115 et
2058 2060 2358 2120 humilitas.
2390 2061 2608 2118 Nullum
2651 2076 2734 2120 est
2767 2069 2913 2122 enim
2959 2071 3106 2125 aliud
3149 2075 3378 2141 quodvis

1807 2153 2147 2207 manifestius
2179 2170 2241 2208 ac
2263 2157 2464 2210 certius
2489 2158 2702 2228 signum
2732 2159 3123 2230 discipulorum
3151 2165 3374 2232 Christi,

1805 2261 1966 2313 quam
1989 2245 2209 2302 humilis
2233 2248 2300 2302 de
2323 2264 2382 2303 se
2408 2251 2766 2315 existimatio,
2787 2264 2841 2307 et
2877 2254 3102 2325 simplex
3132 2258 3369 2314 habitus.

1807 2337 1873 2390 Et
1905 2337 2011 2392 hoc
2069 2339 2364 2395 inclamant
2421 2344 2605 2397 omnia
2650 2357 2886 2413 quatuor
2926 2347 3235 2420 Evangelia.
3271 2352 3374 2418 Qui

1805 2444 1935 2483 vero
1978 2431 2034 2483 iu
2068 2446 2129 2484 ea
2160 2433 2510 2501 simplicitate
2541 2435 2706 2490 vitam
2742 2454 2851 2492 non
2875 2440 3005 2510 agit,
3035 2459 3101 2496 eo
3131 2445 3375 2513 privatur

1805 2517 2090 2583 beneficio,
2142 2529 2200 2573 ut
2229 2529 2426 2589 sponte
2457 2538 2514 2576 se
2546 2524 2836 2580 humiliare
2888 2531 3078 2598 possit,
3112 2548 3282 2603 usque
3307 2537 3372 2589 ad

1805 2625 2022 2664 crucem
2058 2622 2113 2666 et
2154 2623 2383 2666 mortem
2433 2615 2837 2682 perferendam.
2892 2620 3202 2685 Quinetiam
3255 2627 3374 2695 ipso

1804 2701 2110 2756 divinorum
2160 2705 2574 2774 Evangeliorum
2613 2708 2920 2777 legislatore
2959 2715 3241 2781 privatur:
3275 2719 3370 2788 qui

1805 2795 2054 2856 sancivit,
2086 2811 2364 2865 nunquam
2408 2813 2518 2853 non
2550 2802 2888 2868 operandum
2916 2819 3056 2861 esse.

1874 2886 1962 2940 85.
2010 2885 2280 2952 Siticines,
2327 2889 2524 2957 inquit,
2571 2893 2743 2945 venite
2790 2896 2861 2948 ad
2891 2898 3256 2965 aquam".At
3279 2905 3370 2971 qui

1804 2977 1966 3031 sititis
1997 2977 2191 3043 Deum,
2220 2981 2465 3035 accedite
2494 2998 2617 3037 cum
2645 2985 2879 3053 puritate
2904 2989 3103 3044 cordis.
3139 2991 3372 3047 Verum-

1806 3079 1987 3123 tamen
2039 3085 2267 3126 necesse
2317 3082 2402 3126 est
2447 3089 2571 3128 eum
2619 3076 2709 3143 qui
2772 3076 2938 3147 hujus
2971 3082 3226 3150 puritatis
3266 3101 3368 3156 ope

127 3161 226 3230 τὴν
257 3161 360 3229 γῆν
390 3163 488 3231 τῆς
526 3162 721 3215 ἑαυτοῦ
751 3164 1022 3227 εὐτελείας
1048 3166 1211 3235 όρᾷν·
1248 3167 1421 3229 οὐδεὶς
1450 3167 1559 3238 γὰρ
1599 3168 1694 3222 τοῦ

1803 3162 1946 3216 volat
1970 3163 2024 3217 in
2060 3164 2246 3227 altum,
2271 3165 2434 3219 etiam
2470 3168 2525 3220 in
2563 3176 2761 3222 terram
2796 3187 2908 3226 sua:
2944 3173 3116 3242 ipsius
3150 3177 3364 3248 simpli-

126 3252 382 3305 ταπεινοῦ
418 3253 769 3324 ὑψηλότερος.
803 3255 917 3320 ,Ὡς
941 3255 1050 3326 γὰρ
1090 3257 1268 3324 φωτὸς
1319 3257 1392 3327 μὴ
1427 3259 1694 3329 παρόντος

127 3341 341 3413 ζοφώδη
377 3346 469 3397 καὶ
519 3345 774 3399 σκοτεινά
820 3345 1058 3411 ἅπαντα,
1089 3346 1231 3400 οὕτω
1257 3350 1348 3400 καὶ
1388 3350 1461 3418 μὴ
1497 3351 1699 3421 παρού-

129 3452 228 3504 σης
279 3437 804 3506 ταπεινοφροσύνης,
873 3438 1051 3491 πάντα
1103 3438 1261 3509 ἡμῶν
1319 3442 1548 3508 μάταια,
1601 3443 1699 3494 καὶ·

126 3522 270 3576 ἕωλα
293 3522 357 3576 τὰ
387 3524 531 3577 κατὰ
561 3525 691 3579 Θεὸν
729 3525 1164 3596 σπουδαζόμενα.

193 3701 298 3756 πᾶν.
337 3703 504 3766 Τέλος
561 3703 618 3756 δὲ
671 3703 855 3770 λόγου,
890 3702 950 3754 τὸ
997 3705 1104 3756 πᾶν
1152 3705 1338 3757 ἄκουε·
1400 3706 1508 3759 Τὸν
1546 3709 1693 3761 Θεὸν

124 3794 336 3862 φοϐοῦ,
367 3797 466 3848 καὶ
497 3797 603 3860 τὰς
631 3796 887 3860 ἐντολὰς
911 3795 1098 3849 αὐτοῦ
1128 3798 1412 3864 φύλαττε,
1453 3800 1547 3853 καὶ
1571 3817 1695 3870 νοη-

122 3885 232 3946 τῶς
265 3885 359 3937 καὶ
397 3885 704 3956 αἰσθητῶςο
744 3887 792 3937 εἰ
827 3886 933 3955 γὰρ
972 3884 1178 3953 νοητῶς
1231 3885 1442 3953 βιάσεις
1493 3889 1693 3942 σαυτὸν

121 3975 293 4036 «ora;
343 3978 553 4046 τηρεῖν,
617 3975 863 4042 ὀλιγάκις
902 3974 1010 4026 τῶν
1047 3974 1319 4044 αἰσθητῶν
1385 3978 1465 4038 εἰς
1522 3979 1692 4042 αὑτὰς

121 4066 338 4118 κόπτων
369 4066 573 4136 δεήσει.
607 4065 746 4136 Φησὶ
784 4066 891 4136 γὰρ
918 4067 945 4118 6
979 4064 1145 4118 Aa6l6
1168 4081 1181 4094 ·
1219 4066 1595 4137 Ἠϐουλήθην
1623 4071 1691 4124 τὸ

121 4156 348 4225 θέλημὰ
377 4174 492 4211 σου
523 4158 620 4210 καὶ
649 4159 757 4210 τὸν
789 4159 976 4226 νόμον
1004 4171 1120 4209 σου
1153 4158 1392 4225 ποιῆσαι
1425 4161 1496 4214 ἐν
1522 4163 1690 4231 μέσῳ

121 4248 231 4317 τῆς
267 4250 502 4314 κοιλίας
534 4266 675 4319 μου.
709 4252 805 4303 Ἀν
862 4249 935 4319 μὴ
993 4250 1051 4301 ὲν
1109 4250 1259 4320 μέσῳ
1317 4254 1418 4322 τῆς
1456 4254 1686 4318 κοιλίας,

118 4342 397 4394 τουτέστιν
444 4343 501 4396 ὲν
538 4341 676 4412 μέσῃ
724 4344 919 4414 καρδίᾳ
955 4347 982 4398 6
1013 4345 1301 4418 ἄνθρωπος
1335 4345 1395 4398 τὸ
1428 4346 1520 4398 τοῦ
1553 4346 1687 4399 Θεοῦ

120 4433 335 4502 θέλημα
365 4433 460 4486 καὶ
487 4432 576 4486 τὸν
596 4433 762 4502 νόμον
789 4436 1083 4505 ποιήσειεν,
1115 4437 1238 4490 οὔτε
1266 4437 1464 4502 ἔξωθεν
1491 4438 1688 4509 ῥᾳδίως

1799 3255 1980 3309 citatis
2029 3257 2229 3310 intueri
2265 3259 2429 3326 :quia
2469 3274 2632 3314 nemo
2666 3261 2863 3316 humili
2908 3265 3026 3319 viro
3063 3270 3345 3326 sublimior

1802 3347 1870 3402 Ut
1921 3347 2065 3401 enim
2111 3349 2338 3404 absente
2373 3351 2602 3417 lumine,
2645 3355 2942 3425 caliginosa
2985 3366 3040 3411 et
3083 3363 3368 3418 tenebrosa

1797 3445 1923 3490 sunt
1961 3438 2145 3491 omnia
2171 3478 2186 3501 ,
2213 3439 2287 3492 ita
2343 3441 2386 3494 si
2438 3441 2581 3495 desit
2623 3444 2922 3511 humilitas,
2965 3449 3146 3503 omnia
3188 3454 3367 3508 studia

1796 3537 2004 3590 nostra,
2032 3545 2153 3599 quae
2178 3530 2230 3584 in
2262 3532 2372 3586 Deo
2397 3534 2627 3590 colendo
2651 3539 3042 3607 impendimus,
3067 3557 3201 3596 vana
3237 3558 3366 3601 sunt

1794 3626 1849 3672 et
1874 3617 2092 3674 frivola.

1865 3709 2294 3767 84.Universum
2328 3718 2597 3773 sermonis
2623 3719 2782 3774 finem
2812 3725 2936 3778 audi
2973 3744 2986 3782 :
3018 3727 3187 3781 Deum
3217 3730 3361 3794 time,

1792 3807 1841 3850 et
1867 3802 2120 3855 mandata
2153 3805 2269 3871 ejus
2295 3822 2444 3859 serva
2471 3806 2540 3872 ⁸³,
2561 3817 2667 3863 tam
2694 3813 2879 3868 animo
2901 3831 3060 3884 quam
3087 3819 3359 3873 sensibus.

1790 3888 1926 3944 Nam
1981 3892 2071 3946 ubi
2097 3895 2337 3964 coegeris
2384 3897 2568 3952 animo
2600 3901 2832 3970 teipsum
2870 3906 2938 3959 ad
2968 3922 3030 3961 ea
3074 3911 3359 3976 servanda,

1793 3981 2102 4052 impingens
2131 3984 2186 4037 in
2224 4001 2416 4040 sensus
2446 3998 2587 4054 tuos,
2611 3991 2881 4061 indigebis
2913 3995 3184 4052 interdum
3216 4001 3360 4055 illis:

1790 4087 1914 4125 cum
1953 4071 2119 4127 David
2150 4074 2331 4129 dicat:
2365 4077 2514 4131 Volui
2557 4081 2880 4136 voluntatem
2918 4093 3065 4139 tuam
3103 4098 3152 4141 ct
3183 4089 3350 4160 legem

1791 4171 1939 4214 tuam
1977 4164 2169 4232 facere,
2203 4165 2258 4217 in
2285 4167 2457 4221 medio
2487 4171 2680 4224 ventris
2710 4174 2810 4225 mei
2834 4174 2902 4226 ".
2946 4175 3062 4229 Nisi
3098 4178 3153 4230 in
3180 4181 3362 4233 medio

1791 4255 2014 4314 ventris,
2064 4254 2168 4309 hoc
2201 4265 2302 4319 est,
2351 4258 2405 4310 in
2452 4261 2634 4314 medio
2679 4264 2862 4326 corde,
2914 4267 3248 4323 voluntatem
3295 4287 3362 4324 ac

1791 4343 1965 4412 legem
2003 4345 2099 4413 Dei
2137 4346 2360 4416 impleat
2412 4349 2594 4413 homo,
2632 4369 2731 4407 nec
2780 4356 3024 4410 exterius
3055 4358 3158 4412 hoc
3198 4360 3358 4418 facile

1789 4437 1994 4504 poterit
2029 4435 2262 4491 efﬁcere.
2317 4440 2620 4496 Conveniet
2656 4443 2837 4513 itaque
2888 4446 3056 4501 Deum
3089 4450 3358 4522 intempe-

119 4523 322 4592 πρᾶξαι
364 4521 524 4575 τοῦτο
579 4522 822 4576 δύναται.
874 4526 981 4578 Καὶ
1034 4530 1151 4596 ἐρεῖ
1206 4531 1342 4599 πρὸς
1388 4529 1576 4582 Θεὸνὸ
1611 4530 1685 4600 μὴ

1800 4541 1919 4579 rans
1953 4535 2008 4579 et
2051 4542 2218 4597 vagus
2253 4529 2436 4593 homo,
2481 4529 2565 4584 his
2610 4533 2812 4598 verbis,
2846 4534 3001 4591 Viam
3034 4549 3183 4593 tuam
3218 4544 3362 4597 seire

117 4615 302 4680 νήφων
328 4612 420 4664 καὶ
452 4612 764 4683 ἀδιάφορος,
801 4614 882 4679 τὸ,
916 4616 1068 4680 ὁδούς
1101 4635 1193 4670 σου
1233 4620 1432 4671 εἰδέναι
1458 4621 1518 4672 οὺ
1558 4620 1684 4689 βού-

118 4703 301 4772 λομαι,
350 4705 564 4766 πάντως
611 4703 678 4756 δι’
714 4703 946 4774 ἔλλειψιν
995 4706 1144 4771 θείας
1196 4710 1551 4780 ὲλλάμψεως·
1582 4707 1684 4784 ἦσ-

117 4812 260 4856 τινος
310 4797 339 4847 6
393 4794 638 4865 μετέχων
696 4797 792 4851 οὐκ
859 4799 1325 4873 ἀπληροφόρητος,
1387 4803 1523 4855 ἀλλά
1589 4804 1685 4857 καὶ

118 4885 351 4953 ἔμπεδος
387 4887 588 4949 ἱκανῶς
623 4889 751 4959 περὶ
782 4890 850 4942 τά
877 4891 994 4943 θεῖα
1021 4893 1332 4961 γενήσεται.

187 4982 290 5034 πε’.
333 4977 544 5049 Ὠσπερ
581 4979 688 5049 γάρ
733 4981 792 5032 τὸ
825 4981 1080 5052 αἰσθητὸν
1113 4983 1245 5045 ἀλας
1268 4983 1450 5053 ἡδύνει
1489 4985 1581 5039 τόν
1616 5002 1677 5038 τε

117 5066 279 5132 ἄρτον
306 5069 400 5120 καὶ
449 5069 558 5120 πᾶν
595 5069 748 5137 ὄψον,
783 5073 877 5123 καὶ
910 5071 1128 5142 ἄσηπτα
1168 5075 1290 5125 τινὰ
1342 5074 1447 5126 τῶν
1503 5077 1680 5147 κρεῶν

117 5158 212 5209 καὶ
271 5157 514 5227 διαρκῶν
579 5161 856 5227 φυλάττει,
898 5165 991 5216 καὶ
1051 5164 1149 5234 τὴν
1207 5164 1442 5229 ὀζωδίαν
1500 5168 1681 5220 πᾶσαν

116 5247 477 5311 διαηεδὰζει·
499 5248 644 5302 οὕτω
665 5252 758 5302 καὶ
787 5253 878 5303 ἐπὶ
909 5253 1006 5322 τῆς
1031 5253 1124 5306 τοῦ
1153 5255 1272 5316 νοὸς
1294 5256 1560 5326 φυλακῆς,
1583 5259 1683 5327 τῆς

118 5336 311 5405 νοητῆς
344 5335 608 5408 ὴδύτητος
636 5339 730 5390 καὶ
763 5339 1083 5410 θαυμαστῆς
1119 5345 1378 5411 ἐργασίας
1408 5346 1536 5399 νόει.
1574 5347 1682 5398 Καὶ

119 5429 225 5497 γὰρ
268 5430 447 5499 ἡδύνει
497 5429 717 5492 ὲνθέως,
751 5431 846 5484 καὶ
890 5433 982 5483 τὸν
1038 5433 1212 5498 ὲντός,
1253 5437 1347 5488 καὶ
1394 5436 1486 5488 τὸν
1524 5437 1681 5501 ἐκτὸς

118 5517 423 5587 ἄνθρωπον,
457 5519 551 5571 καὶ
585 5520 686 5589 τὴν
718 5519 944 5582 ὀξωδίαν
976 5521 1083 5574 τῶν
1115 5523 1374 5593 πονηρῶν
1404 5524 1683 5594 λογισμῶν

119 5607 385 5669 ἐκδιώκει,
420 5607 513 5661 καὶ
555 5607 792 5679 διαρκῶν
844 5611 903 5662 ὲν
948 5613 1059 5673 τοῖς
1102 5613 1287 5675 καλοῖς
1322 5617 1468 5684 ἡμᾶς
1499 5617 1686 5684 διαφυ-

120 5696 296 5749 λάττει

187 5815 225 5845 ⁸¹
266 5814 452 5870 Matth.
486 5831 605 5882 xxv,
639 5816 724 5872 25.

1790 4617 1918 4670 nolo
1945 4635 1958 4669 :
1989 4618 2177 4686 utique
2203 4619 2272 4673 ob
2295 4621 2565 4675 delectum
2595 4623 2969 4681 illustrationis
2996 4629 3212 4684 divinae.
3247 4633 3358 4687 Cu-

1783 4704 1875 4773 jus
1920 4707 2137 4774 quidem
2184 4710 2277 4777 qui
2311 4711 2586 4780 particeps
2639 4722 2743 4778 est,
2783 4731 2890 4770 non
2925 4727 3008 4772 est
3061 4719 3304 4776 incertus
3342 4743 3353 4776 :

1789 4798 1884 4851 sed
1931 4799 2170 4868 illigatus
2217 4811 2268 4855 et
2301 4801 2595 4872 impeditus
2624 4807 2818 4862 evadet
2853 4810 3069 4866 abunde
3097 4813 3240 4868 circa
3271 4833 3356 4870 res

1791 4890 2024 4944 divinas.

1865 4980 1950 5034 85.
2004 4981 2289 5047 Quomodo
2308 4986 2385 5040 sal
2423 4987 2568 5043 istud
2608 4984 2808 5047 sensile
2839 4994 3065 5049 condire
3093 4996 3232 5052 solet
3263 5013 3354 5068 pa-

1794 5087 1939 5134 nem,
1979 5082 2033 5126 et
2074 5090 2291 5129 omnem
2341 5093 2547 5141 escam,
2584 5096 2776 5137 carnes
2815 5084 2945 5139 item
2985 5089 3269 5156 quasdam,
3300 5102 3352 5144 et

1792 5178 1913 5230 qua:
1933 5164 2190 5219 duratura
2228 5175 2375 5229 sunt,
2410 5182 2742 5227 conservata
2766 5178 3072 5243 putredine,
3103 5195 3353 5234 omnem-

1792 5272 1898 5324 que
1935 5258 2134 5311 malum
2187 5258 2335 5329 fugat
2362 5261 2585 5317 odorem
2629 5282 2643 5317 :
2683 5266 2828 5320 hunc
2865 5269 3026 5323 etiam
3051 5271 3106 5324 in
3135 5274 3355 5326 modum

1791 5348 1994 5402 sentire
2035 5349 2203 5403 debes
2267 5352 2334 5405 de
2387 5358 2802 5411 conservatione
2837 5362 3055 5426 mentis,
3089 5363 3357 5417 suavitate

1789 5441 1981 5503 animi,
2037 5451 2093 5494 et
2153 5442 2474 5497 admiranda
2505 5447 2624 5512 ejus
2656 5448 2910 5504 eflieacia.
2944 5451 3175 5507 Suavem
3208 5454 3356 5507 enim

1789 5529 2050 5583 divinitus
2081 5530 2260 5584 reddit
2292 5533 2589 5597 hominem,
2610 5545 2716 5589 tam
2749 5539 3046 5604 internum,
3068 5558 3226 5610 quam
3259 5559 3352 5596 ex-

1796 5630 2046 5673 ternum:
2079 5631 2132 5674 et
2163 5637 2450 5688 pravarum
2482 5625 2868 5695 cogitationum
2911 5632 3125 5698 paedore
3170 5634 3354 5700 profli-

1797 5721 1939 5781 gato,
1968 5726 2324 5779 perseverans
2347 5716 2396 5768 in
2436 5718 2597 5771 rebus
2626 5719 2892 5786 honestis,
2917 5738 3015 5778 nos
3046 5737 3352 5781 conservat.

807 5818 966 5871 “lsa.
1000 5835 1085 5884 ιν,
1126 5823 1182 5875 1.·
1249 5824 1289 5855 ⁸’
1326 5826 1489 5880 Eccli.
1518 5844 1609 5891 xu,
1651 5829 1709 5881 l3
1808 5831 1850 5860 ⁸³
1875 5830 2012 5886 l‘sal.
2049 5847 2226 5895 χχχιχ,
2258 5833 2308 5885 9.
