  <div class='ocr_page' id='page_1' title='image "/cluster/home/n/w/nwhite01/storage/ocr_20150623/93/nnc1.0046980059/736.png"; bbox 0 0 4142 6436; ppageno 0'>
   <div class='ocr_carea' id='block_1_1' title="bbox 131 358 251 423">
    <p class='ocr_par' dir='ltr' id='par_1_1' title="bbox 131 358 251 423">
     <span class='ocr_line' id='line_1_1' title="bbox 131 358 251 423; baseline -0.017 -1"><span class='ocrx_word' id='word_1_1' title='bbox 131 358 251 423; x_wconf 81' lang='grc'><strong>1509</strong></span> 
     </span>
    </p>
   </div>
   <div class='ocr_carea' id='block_1_2' title="bbox 812 338 2615 410">
    <p class='ocr_par' dir='ltr' id='par_1_2' title="bbox 812 338 2615 410">
     <span class='ocr_line' id='line_1_2' title="bbox 812 338 2615 410; baseline -0.007 0"><span class='ocrx_word' id='word_1_2' title='bbox 812 351 910 410; x_wconf 89' lang='lat' dir='ltr'><strong>DE</strong></span> <span class='ocrx_word' id='word_1_3' title='bbox 948 344 1493 409; x_wconf 68' lang='lat' dir='ltr'><strong>TEMPERANTIA</strong></span> <span class='ocrx_word' id='word_1_4' title='bbox 1534 345 1627 404; x_wconf 93' lang='lat' dir='ltr'><strong>ET</strong></span> <span class='ocrx_word' id='word_1_5' title='bbox 1669 338 2029 403; x_wconf 72' lang='lat' dir='ltr'><strong>VlR&#39;l‘UTE.</strong></span> <span class='ocrx_word' id='word_1_6' title='bbox 2062 365 2123 373; x_wconf 89' lang='lat'><strong>—</strong></span> <span class='ocrx_word' id='word_1_7' title='bbox 2151 338 2542 397; x_wconf 74' lang='lat' dir='ltr'><strong>CENTURIA</strong></span> <span class='ocrx_word' id='word_1_8' title='bbox 2566 339 2615 398; x_wconf 88' lang='grc' dir='ltr'><strong>Ι.</strong></span> 
     </span>
    </p>
   </div>
   <div class='ocr_carea' id='block_1_3' title="bbox 3214 337 3354 403">
    <p class='ocr_par' dir='ltr' id='par_1_3' title="bbox 3214 337 3354 403">
     <span class='ocr_line' id='line_1_3' title="bbox 3214 337 3354 403; baseline 0.021 -3"><span class='ocrx_word' id='word_1_9' title='bbox 3214 337 3354 403; x_wconf 79' lang='lat'><strong>1510</strong></span> 
     </span>
    </p>
   </div>
   <div class='ocr_carea' id='block_1_4' title="bbox 124 439 1722 533">
    <p class='ocr_par' dir='ltr' id='par_1_4' title="bbox 124 442 1722 533">
     <span class='ocr_line' id='line_1_4' title="bbox 124 442 1722 533; baseline -0.013 -16"><span class='ocrx_word' id='word_1_10' title='bbox 124 466 248 533; x_wconf 85' lang='grc' dir='ltr'>γὰρ,</span> <span class='ocrx_word' id='word_1_11' title='bbox 280 461 424 532; x_wconf 77' lang='grc' dir='ltr'>ἄκρα</span> <span class='ocrx_word' id='word_1_12' title='bbox 464 457 710 529; x_wconf 79' lang='grc' dir='ltr'>προσοχὴ</span> <span class='ocrx_word' id='word_1_13' title='bbox 736 456 836 525; x_wconf 78' lang='grc' dir='ltr'>τῆς</span> <span class='ocrx_word' id='word_1_14' title='bbox 879 452 1138 523; x_wconf 77' lang='grc' dir='ltr'><strong>συνεχοῦς</strong></span> <span class='ocrx_word' id='word_1_15' title='bbox 1165 448 1332 520; x_wconf 75' lang='grc' dir='ltr'>εὐχῆς</span> <span class='ocrx_word' id='word_1_16' title='bbox 1352 464 1365 478; x_wconf 90' lang='grc'><strong>·</strong></span> <span class='ocrx_word' id='word_1_17' title='bbox 1405 450 1437 517; x_wconf 83' lang='grc' dir='ltr'>ἠ</span> <span class='ocrx_word' id='word_1_18' title='bbox 1466 450 1528 501; x_wconf 70' lang='grc' dir='ltr'><strong>δὲ</strong></span> <span class='ocrx_word' id='word_1_19' title='bbox 1550 442 1684 516; x_wconf 73' lang='grc' dir='ltr'>εὐχὴ</span> <span class='ocrx_word' id='word_1_20' title='bbox 1716 482 1722 499; x_wconf 63' lang='grc' dir='ltr'><strong>ι</strong></span> 
     </span>
    </p>
   </div>
   <div class='ocr_carea' id='block_1_5' title="bbox 1822 439 3347 533">
    <p class='ocr_par' dir='ltr' id='par_1_5' title="bbox 1826 439 3347 512">
     <span class='ocr_line' id='line_1_5' title="bbox 1826 439 3347 512; baseline 0.001 -17"><span class='ocrx_word' id='word_1_21' title='bbox 1826 457 2004 496; x_wconf 91' lang='lat' dir='ltr'><strong>umma</strong></span> <span class='ocrx_word' id='word_1_22' title='bbox 2029 441 2175 496; x_wconf 92' lang='lat' dir='ltr'><strong>enim</strong></span> <span class='ocrx_word' id='word_1_23' title='bbox 2198 441 2522 504; x_wconf 87' lang='lat' dir='ltr'><strong>observatio,</strong></span> <span class='ocrx_word' id='word_1_24' title='bbox 2556 439 2872 495; x_wconf 89' lang='lat' dir='ltr'><strong>continuam</strong></span> <span class='ocrx_word' id='word_1_25' title='bbox 2904 454 3185 509; x_wconf 84' lang='lat' dir='ltr'><strong>promovet</strong></span> <span class='ocrx_word' id='word_1_26' title='bbox 3226 458 3347 512; x_wconf 41' lang='lat' dir='ltr'><strong>pres</strong></span> 
     </span>
    </p>
   </div>
   <div class='ocr_carea' id='block_1_6' title="bbox 128 539 1556 616">
    <p class='ocr_par' dir='ltr' id='par_1_6' title="bbox 128 539 1556 616">
     <span class='ocr_line' id='line_1_6' title="bbox 128 539 1556 616; baseline -0.013 -10"><span class='ocrx_word' id='word_1_27' title='bbox 128 553 281 608; x_wconf 82' lang='grc' dir='ltr'>πάλιν</span> <span class='ocrx_word' id='word_1_28' title='bbox 309 549 528 605; x_wconf 73' lang='grc' dir='ltr'>ἐννοιῶν</span> <span class='ocrx_word' id='word_1_29' title='bbox 558 547 657 616; x_wconf 75' lang='grc' dir='ltr'>τῆς</span> <span class='ocrx_word' id='word_1_30' title='bbox 690 548 865 616; x_wconf 77' lang='grc' dir='ltr'>ἄκρας</span> <span class='ocrx_word' id='word_1_31' title='bbox 895 544 1107 615; x_wconf 76' lang='grc' dir='ltr'>νήψεως</span> <span class='ocrx_word' id='word_1_32' title='bbox 1135 543 1229 593; x_wconf 68' lang='grc' dir='ltr'><strong>καὶ</strong></span> <span class='ocrx_word' id='word_1_33' title='bbox 1262 539 1556 609; x_wconf 75' lang='grc' dir='ltr'><strong>προσοχῆς.</strong></span> 
     </span>
    </p>
   </div>
   <div class='ocr_carea' id='block_1_7' title="bbox 192 712 1687 800">
    <p class='ocr_par' dir='ltr' id='par_1_7' title="bbox 192 712 1687 800">
     <span class='ocr_line' id='line_1_7' title="bbox 192 712 1687 800; baseline -0.014 -16"><span class='ocrx_word' id='word_1_34' title='bbox 192 730 289 798; x_wconf 48' lang='grc' dir='ltr'>κδ’.</span> <span class='ocrx_word' id='word_1_35' title='bbox 330 727 580 800; x_wconf 79' lang='grc' dir='ltr'>Χρηστὸς</span> <span class='ocrx_word' id='word_1_36' title='bbox 630 720 982 790; x_wconf 75' lang='grc' dir='ltr'>παιδαγωγὸς</span> <span class='ocrx_word' id='word_1_37' title='bbox 1028 720 1123 772; x_wconf 73' lang='grc' dir='ltr'><strong>καὶ</strong></span> <span class='ocrx_word' id='word_1_38' title='bbox 1173 718 1266 770; x_wconf 80' lang='grc' dir='ltr'><strong>τοῦ</strong></span> <span class='ocrx_word' id='word_1_39' title='bbox 1312 714 1563 782; x_wconf 87' lang='grc' dir='ltr'>σώματος</span> <span class='ocrx_word' id='word_1_40' title='bbox 1592 712 1687 764; x_wconf 75' lang='grc' dir='ltr'><strong>καὶ</strong></span> 
     </span>
    </p>
   </div>
   <div class='ocr_carea' id='block_1_8' title="bbox 124 805 1688 892">
    <p class='ocr_par' dir='ltr' id='par_1_8' title="bbox 124 805 1688 892">
     <span class='ocr_line' id='line_1_8' title="bbox 124 805 1688 892; baseline -0.014 -17"><span class='ocrx_word' id='word_1_41' title='bbox 124 822 221 892; x_wconf 75' lang='grc' dir='ltr'>τῆς</span> <span class='ocrx_word' id='word_1_42' title='bbox 251 820 448 890; x_wconf 75' lang='grc' dir='ltr'>ψυχῆς,</span> <span class='ocrx_word' id='word_1_43' title='bbox 476 820 509 887; x_wconf 82' lang='grc' dir='ltr'><strong>ἡ</strong></span> <span class='ocrx_word' id='word_1_44' title='bbox 554 814 923 884; x_wconf 76' lang='grc' dir='ltr'><strong>ἀνεπίληπτος</strong></span> <span class='ocrx_word' id='word_1_45' title='bbox 952 812 1141 880; x_wconf 83' lang='grc' dir='ltr'><strong>μνήμη</strong></span> <span class='ocrx_word' id='word_1_46' title='bbox 1172 806 1266 859; x_wconf 83' lang='grc' dir='ltr'>τοῦ</span> <span class='ocrx_word' id='word_1_47' title='bbox 1299 806 1552 866; x_wconf 86' lang='grc' dir='ltr'>θανάτου,</span> <span class='ocrx_word' id='word_1_48' title='bbox 1591 805 1688 856; x_wconf 75' lang='grc' dir='ltr'><strong>καὶ</strong></span> 
     </span>
    </p>
   </div>
   <div class='ocr_carea' id='block_1_9' title="bbox 122 894 1691 979">
    <p class='ocr_par' dir='ltr' id='par_1_9' title="bbox 122 894 1691 979">
     <span class='ocr_line' id='line_1_9' title="bbox 122 894 1691 979; baseline -0.013 -14"><span class='ocrx_word' id='word_1_49' title='bbox 122 914 183 965; x_wconf 83' lang='grc' dir='ltr'><strong>τὸ</strong></span> <span class='ocrx_word' id='word_1_50' title='bbox 206 953 221 976; x_wconf 89' lang='grc'><strong>,</strong></span> <span class='ocrx_word' id='word_1_51' title='bbox 252 913 320 964; x_wconf 71' lang='grc' dir='ltr'>τὰ</span> <span class='ocrx_word' id='word_1_52' title='bbox 350 913 406 962; x_wconf 78' lang='grc' dir='ltr'>ἐν</span> <span class='ocrx_word' id='word_1_53' title='bbox 436 908 588 979; x_wconf 83' lang='grc' dir='ltr'>μέσῳ</span> <span class='ocrx_word' id='word_1_54' title='bbox 633 905 852 966; x_wconf 90' lang='grc' dir='ltr'>πάντως</span> <span class='ocrx_word' id='word_1_55' title='bbox 895 899 1328 971; x_wconf 84' lang='grc' dir='ltr'>παραδραμόντα</span> <span class='ocrx_word' id='word_1_56' title='bbox 1370 894 1529 947; x_wconf 80' lang='grc' dir='ltr'>αὑτὸν</span> <span class='ocrx_word' id='word_1_57' title='bbox 1550 937 1563 959; x_wconf 92' lang='grc'><strong>,</strong></span> <span class='ocrx_word' id='word_1_58' title='bbox 1603 894 1691 946; x_wconf 72' lang='grc' dir='ltr'><strong>ἀεὶ</strong></span> 
     </span>
    </p>
   </div>
   <div class='ocr_carea' id='block_1_10' title="bbox 124 984 1693 1074">
    <p class='ocr_par' dir='ltr' id='par_1_10' title="bbox 124 984 1693 1074">
     <span class='ocr_line' id='line_1_10' title="bbox 124 984 1693 1074; baseline -0.013 -18"><span class='ocrx_word' id='word_1_59' title='bbox 124 1002 451 1074; x_wconf 78' lang='grc' dir='ltr'>προὸλέπειν</span> <span class='ocrx_word' id='word_1_60' title='bbox 490 1002 589 1067; x_wconf 68' lang='grc' dir='ltr'><strong>τὴν</strong></span> <span class='ocrx_word' id='word_1_61' title='bbox 631 995 845 1064; x_wconf 87' lang='grc' dir='ltr'>κλίνην,</span> <span class='ocrx_word' id='word_1_62' title='bbox 892 993 1021 1046; x_wconf 75' lang='grc' dir='ltr'>ἔνθα</span> <span class='ocrx_word' id='word_1_63' title='bbox 1060 986 1536 1061; x_wconf 65' lang='grc' dir='ltr'><strong>ψυχορραγοῦντες</strong></span> <span class='ocrx_word' id='word_1_64' title='bbox 1565 984 1693 1055; x_wconf 84' lang='grc' dir='ltr'>μέλ-</span> 
     </span>
    </p>
   </div>
   <div class='ocr_carea' id='block_1_11' title="bbox 123 1082 1125 1162">
    <p class='ocr_par' dir='ltr' id='par_1_11' title="bbox 123 1082 1125 1162">
     <span class='ocr_line' id='line_1_11' title="bbox 123 1082 1125 1162; baseline -0.012 -16"><span class='ocrx_word' id='word_1_65' title='bbox 123 1093 284 1162; x_wconf 87' lang='grc' dir='ltr'>λομεν</span> <span class='ocrx_word' id='word_1_66' title='bbox 316 1089 694 1152; x_wconf 79' lang='grc' dir='ltr'>κατακεῖσθαι,</span> <span class='ocrx_word' id='word_1_67' title='bbox 729 1090 823 1140; x_wconf 81' lang='grc' dir='ltr'><strong>καὶ</strong></span> <span class='ocrx_word' id='word_1_68' title='bbox 851 1085 919 1137; x_wconf 79' lang='grc' dir='ltr'><strong>τά</strong></span> <span class='ocrx_word' id='word_1_69' title='bbox 943 1082 1125 1136; x_wconf 85' lang='grc' dir='ltr'>λοιπά.</span> 
     </span>
    </p>
   </div>
   <div class='ocr_carea' id='block_1_12' title="bbox 195 1166 1697 1250">
    <p class='ocr_par' dir='ltr' id='par_1_12' title="bbox 195 1166 1697 1250">
     <span class='ocr_line' id='line_1_12' title="bbox 195 1166 1697 1250; baseline -0.013 -15"><span class='ocrx_word' id='word_1_70' title='bbox 195 1188 296 1250; x_wconf 49' lang='grc' dir='ltr'>κε’.</span> <span class='ocrx_word' id='word_1_71' title='bbox 339 1181 454 1233; x_wconf 83' lang='grc' dir='ltr'>Οὐκ</span> <span class='ocrx_word' id='word_1_72' title='bbox 494 1178 664 1239; x_wconf 72' lang='grc' dir='ltr'>ἔστιν,</span> <span class='ocrx_word' id='word_1_73' title='bbox 698 1175 946 1244; x_wconf 74' lang='grc' dir='ltr'>ἀδελφοὶ,</span> <span class='ocrx_word' id='word_1_74' title='bbox 983 1172 1148 1226; x_wconf 79' lang='grc' dir='ltr'>ὕπνον</span> <span class='ocrx_word' id='word_1_75' title='bbox 1178 1171 1415 1241; x_wconf 78' lang='grc' dir='ltr'>ἅρασθαι</span> <span class='ocrx_word' id='word_1_76' title='bbox 1446 1167 1534 1220; x_wconf 79' lang='grc' dir='ltr'>τὸν</span> <span class='ocrx_word' id='word_1_77' title='bbox 1576 1166 1697 1236; x_wconf 82' lang='grc' dir='ltr'>βου-</span> 
     </span>
    </p>
   </div>
   <div class='ocr_carea' id='block_1_13' title="bbox 122 1258 1697 1343">
    <p class='ocr_par' dir='ltr' id='par_1_13' title="bbox 122 1258 1697 1343">
     <span class='ocr_line' id='line_1_13' title="bbox 122 1258 1697 1343; baseline -0.013 -16"><span class='ocrx_word' id='word_1_78' title='bbox 122 1273 347 1343; x_wconf 85' lang='grc' dir='ltr'>λόμενυν</span> <span class='ocrx_word' id='word_1_79' title='bbox 391 1272 636 1339; x_wconf 82' lang='grc' dir='ltr'><strong>ἄτρωτον</strong></span> <span class='ocrx_word' id='word_1_80' title='bbox 685 1269 866 1339; x_wconf 88' lang='grc' dir='ltr'>μένειν</span> <span class='ocrx_word' id='word_1_81' title='bbox 910 1265 999 1317; x_wconf 77' lang='grc' dir='ltr'>διὰ</span> <span class='ocrx_word' id='word_1_82' title='bbox 1030 1264 1232 1326; x_wconf 88' lang='grc' dir='ltr'>παντός</span> <span class='ocrx_word' id='word_1_83' title='bbox 1256 1278 1276 1338; x_wconf 80' lang='lat'><strong>&#39;_</strong></span> <span class='ocrx_word' id='word_1_84' title='bbox 1299 1258 1515 1329; x_wconf 77' lang='grc' dir='ltr'>ἀνάγκη</span> <span class='ocrx_word' id='word_1_85' title='bbox 1549 1259 1697 1310; x_wconf 83' lang='grc' dir='ltr'>δυοῖν</span> 
     </span>
    </p>
   </div>
   <div class='ocr_carea' id='block_1_14' title="bbox 125 1348 1698 1434">
    <p class='ocr_par' dir='ltr' id='par_1_14' title="bbox 125 1348 1698 1434">
     <span class='ocr_line' id='line_1_14' title="bbox 125 1348 1698 1434; baseline -0.01 -18"><span class='ocrx_word' id='word_1_86' title='bbox 125 1365 374 1434; x_wconf 87' lang='grc' dir='ltr'>θάτερον,</span> <span class='ocrx_word' id='word_1_87' title='bbox 412 1363 445 1431; x_wconf 83' lang='grc' dir='ltr'><strong>ἢ</strong></span> <span class='ocrx_word' id='word_1_88' title='bbox 487 1363 678 1413; x_wconf 80' lang='grc' dir='ltr'>πεσεῖν</span> <span class='ocrx_word' id='word_1_89' title='bbox 721 1360 815 1412; x_wconf 71' lang='grc' dir='ltr'><strong>καὶ</strong></span> <span class='ocrx_word' id='word_1_90' title='bbox 841 1355 1140 1410; x_wconf 80' lang='grc' dir='ltr'><strong>ἀπολέσθαι</strong></span> <span class='ocrx_word' id='word_1_91' title='bbox 1191 1350 1550 1422; x_wconf 77' lang='grc' dir='ltr'><strong>γυμνωθέντα</strong></span> <span class='ocrx_word' id='word_1_92' title='bbox 1592 1348 1698 1400; x_wconf 86' lang='grc' dir='ltr'><strong>τῶν</strong></span> 
     </span>
    </p>
   </div>
   <div class='ocr_carea' id='block_1_15' title="bbox 124 1441 1697 1522">
    <p class='ocr_par' dir='ltr' id='par_1_15' title="bbox 124 1441 1697 1522">
     <span class='ocr_line' id='line_1_15' title="bbox 124 1441 1697 1522; baseline -0.008 -16"><span class='ocrx_word' id='word_1_93' title='bbox 124 1453 361 1522; x_wconf 82' lang='grc' dir='ltr'><strong>ἀρετῶν,</strong></span> <span class='ocrx_word' id='word_1_94' title='bbox 407 1452 440 1521; x_wconf 82' lang='grc' dir='ltr'>ἦ</span> <span class='ocrx_word' id='word_1_95' title='bbox 469 1450 556 1504; x_wconf 84' lang='grc' dir='ltr'>διὰ</span> <span class='ocrx_word' id='word_1_96' title='bbox 588 1450 786 1512; x_wconf 73' lang='grc' dir='ltr'>παντὸς</span> <span class='ocrx_word' id='word_1_97' title='bbox 815 1447 892 1517; x_wconf 84' lang='grc' dir='ltr'>τῷ</span> <span class='ocrx_word' id='word_1_98' title='bbox 924 1445 1004 1501; x_wconf 73' lang='grc' dir='ltr'>νοῒ</span> <span class='ocrx_word' id='word_1_99' title='bbox 1041 1443 1504 1511; x_wconf 80' lang='grc' dir='ltr'>καθωπλισμένον</span> <span class='ocrx_word' id='word_1_100' title='bbox 1536 1441 1697 1494; x_wconf 79' lang='grc' dir='ltr'>ἐστάο</span> 
     </span>
    </p>
   </div>
   <div class='ocr_carea' id='block_1_16' title="bbox 128 1533 1700 1613">
    <p class='ocr_par' dir='ltr' id='par_1_16' title="bbox 128 1533 1700 1613">
     <span class='ocr_line' id='line_1_16' title="bbox 128 1533 1700 1613; baseline -0.007 -18"><span class='ocrx_word' id='word_1_101' title='bbox 128 1549 220 1597; x_wconf 69' lang='grc' dir='ltr'><strong>νῖιι</strong></span> <span class='ocrx_word' id='word_1_102' title='bbox 241 1560 254 1573; x_wconf 85' lang='lat'><strong><em>°</em></strong></span> <span class='ocrx_word' id='word_1_103' title='bbox 280 1544 371 1595; x_wconf 77' lang='lat' dir='ltr'><strong>xui.</strong></span> <span class='ocrx_word' id='word_1_104' title='bbox 399 1542 510 1611; x_wconf 77' lang='grc' dir='ltr'><strong>γάρ</strong></span> <span class='ocrx_word' id='word_1_105' title='bbox 542 1544 569 1594; x_wconf 89' lang='grc' dir='ltr'>ὁ</span> <span class='ocrx_word' id='word_1_106' title='bbox 602 1541 793 1613; x_wconf 81' lang='grc' dir='ltr'>ὲχθρδς</span> <span class='ocrx_word' id='word_1_107' title='bbox 826 1541 912 1592; x_wconf 72' lang='grc' dir='ltr'>ἀεὶ</span> <span class='ocrx_word' id='word_1_108' title='bbox 954 1539 1174 1591; x_wconf 79' lang='grc' dir='ltr'>ἵσταται</span> <span class='ocrx_word' id='word_1_109' title='bbox 1210 1536 1347 1606; x_wconf 76' lang='grc' dir='ltr'>μετὰ</span> <span class='ocrx_word' id='word_1_110' title='bbox 1380 1534 1475 1603; x_wconf 77' lang='grc' dir='ltr'>τῆς</span> <span class='ocrx_word' id='word_1_111' title='bbox 1509 1533 1700 1586; x_wconf 78' lang='grc' dir='ltr'>ἑαυτοῦ</span> 
     </span>
    </p>
   </div>
   <div class='ocr_carea' id='block_1_17' title="bbox 127 1632 511 1706">
    <p class='ocr_par' dir='ltr' id='par_1_17' title="bbox 127 1632 511 1706">
     <span class='ocr_line' id='line_1_17' title="bbox 127 1632 511 1706; baseline -0.005 -19"><span class='ocrx_word' id='word_1_112' title='bbox 127 1632 511 1706; x_wconf 79' lang='grc' dir='ltr'>παρατάξεως.</span> 
     </span>
    </p>
   </div>
   <div class='ocr_carea' id='block_1_18' title="bbox 201 1716 1704 1792">
    <p class='ocr_par' dir='ltr' id='par_1_18' title="bbox 201 1716 1704 1792">
     <span class='ocr_line' id='line_1_18' title="bbox 201 1716 1704 1792; baseline -0.006 -15"><span class='ocrx_word' id='word_1_113' title='bbox 201 1730 315 1792; x_wconf 44' lang='grc' dir='ltr'>ᾖς’.</span> <span class='ocrx_word' id='word_1_114' title='bbox 357 1722 571 1777; x_wconf 87' lang='grc' dir='ltr'>Γίνεταί</span> <span class='ocrx_word' id='word_1_115' title='bbox 602 1738 685 1785; x_wconf 83' lang='grc' dir='ltr'><strong>τις</strong></span> <span class='ocrx_word' id='word_1_116' title='bbox 720 1721 1059 1783; x_wconf 90' lang='grc' dir='ltr'>κατάστασις</span> <span class='ocrx_word' id='word_1_117' title='bbox 1087 1718 1210 1772; x_wconf 87' lang='grc' dir='ltr'>θεία</span> <span class='ocrx_word' id='word_1_118' title='bbox 1239 1720 1297 1771; x_wconf 83' lang='grc' dir='ltr'>ὲν</span> <span class='ocrx_word' id='word_1_119' title='bbox 1324 1716 1403 1786; x_wconf 82' lang='grc' dir='ltr'>τῷ</span> <span class='ocrx_word' id='word_1_120' title='bbox 1432 1718 1505 1787; x_wconf 79' lang='grc' dir='ltr'><strong>νῷ</strong></span> <span class='ocrx_word' id='word_1_121' title='bbox 1545 1716 1704 1787; x_wconf 84' lang='grc' dir='ltr'>ήμῶν</span> 
     </span>
    </p>
   </div>
   <div class='ocr_carea' id='block_1_19' title="bbox 128 1805 1701 1884">
    <p class='ocr_par' dir='ltr' id='par_1_19' title="bbox 128 1805 1701 1884">
     <span class='ocr_line' id='line_1_19' title="bbox 128 1805 1701 1884; baseline -0.009 -17"><span class='ocrx_word' id='word_1_122' title='bbox 128 1817 197 1867; x_wconf 76' lang='grc' dir='ltr'>ὲκ</span> <span class='ocrx_word' id='word_1_123' title='bbox 238 1815 333 1884; x_wconf 79' lang='grc' dir='ltr'>τῆς</span> <span class='ocrx_word' id='word_1_124' title='bbox 365 1811 621 1882; x_wconf 80' lang='grc' dir='ltr'>συνεχοῦς</span> <span class='ocrx_word' id='word_1_125' title='bbox 656 1811 876 1880; x_wconf 79' lang='grc' dir='ltr'><strong>μνήμης</strong></span> <span class='ocrx_word' id='word_1_126' title='bbox 906 1806 997 1860; x_wconf 81' lang='grc' dir='ltr'>τοῦ</span> <span class='ocrx_word' id='word_1_127' title='bbox 1026 1806 1236 1875; x_wconf 78' lang='grc' dir='ltr'>Κυρίου</span> <span class='ocrx_word' id='word_1_128' title='bbox 1262 1805 1552 1875; x_wconf 73' lang='grc' dir='ltr'>ἡμῶνκαὶ</span> <span class='ocrx_word' id='word_1_129' title='bbox 1584 1805 1701 1853; x_wconf 83' lang='grc' dir='ltr'>ὲπι-</span> 
     </span>
    </p>
   </div>
   <div class='ocr_carea' id='block_1_20' title="bbox 130 1894 1704 1973">
    <p class='ocr_par' dir='ltr' id='par_1_20' title="bbox 130 1894 1704 1973">
     <span class='ocr_line' id='line_1_20' title="bbox 130 1894 1704 1973; baseline -0.008 -16"><span class='ocrx_word' id='word_1_130' title='bbox 130 1904 381 1973; x_wconf 80' lang='grc' dir='ltr'>κλήσεως</span> <span class='ocrx_word' id='word_1_131' title='bbox 405 1902 570 1956; x_wconf 72' lang='grc' dir='ltr'>αὑτοῦ</span> <span class='ocrx_word' id='word_1_132' title='bbox 597 1899 874 1971; x_wconf 74' lang='grc' dir='ltr'>συνεχοῦς,</span> <span class='ocrx_word' id='word_1_133' title='bbox 901 1898 994 1951; x_wconf 77' lang='grc' dir='ltr'><strong>ἐὰν</strong></span> <span class='ocrx_word' id='word_1_134' title='bbox 1022 1897 1097 1967; x_wconf 84' lang='grc' dir='ltr'>μὴ</span> <span class='ocrx_word' id='word_1_135' title='bbox 1120 1895 1422 1966; x_wconf 83' lang='grc' dir='ltr'>άμελῶμεν</span> <span class='ocrx_word' id='word_1_136' title='bbox 1445 1896 1541 1963; x_wconf 70' lang='grc' dir='ltr'>τῆς</span> <span class='ocrx_word' id='word_1_137' title='bbox 1568 1894 1704 1963; x_wconf 80' lang='grc' dir='ltr'>πρὸς</span> 
     </span>
    </p>
   </div>
   <div class='ocr_carea' id='block_1_21' title="bbox 132 1988 1705 2067">
    <p class='ocr_par' dir='ltr' id='par_1_21' title="bbox 132 1988 1705 2067">
     <span class='ocr_line' id='line_1_21' title="bbox 132 1988 1705 2067; baseline -0.01 -18"><span class='ocrx_word' id='word_1_138' title='bbox 132 1998 178 2049; x_wconf 87' lang='grc' dir='ltr'><strong>Χ</strong></span> <span class='ocrx_word' id='word_1_139' title='bbox 190 1996 372 2067; x_wconf 80' lang='grc' dir='ltr'>ριστὸν</span> <span class='ocrx_word' id='word_1_140' title='bbox 404 1994 602 2064; x_wconf 80' lang='grc' dir='ltr'>συχνῆς</span> <span class='ocrx_word' id='word_1_141' title='bbox 633 1994 776 2046; x_wconf 83' lang='grc' dir='ltr'>κατά</span> <span class='ocrx_word' id='word_1_142' title='bbox 816 1990 940 2044; x_wconf 79' lang='grc' dir='ltr'>νοῦν</span> <span class='ocrx_word' id='word_1_143' title='bbox 982 1990 1216 2060; x_wconf 79' lang='grc' dir='ltr'>δεήσεως</span> <span class='ocrx_word' id='word_1_144' title='bbox 1246 1989 1341 2042; x_wconf 72' lang='grc' dir='ltr'><strong>καὶ</strong></span> <span class='ocrx_word' id='word_1_145' title='bbox 1368 1988 1466 2057; x_wconf 76' lang='grc' dir='ltr'>τῆς</span> <span class='ocrx_word' id='word_1_146' title='bbox 1496 1988 1705 2056; x_wconf 81' lang='grc' dir='ltr'>πυκνῆς</span> 
     </span>
    </p>
   </div>
   <div class='ocr_carea' id='block_1_22' title="bbox 132 2078 1707 2156">
    <p class='ocr_par' dir='ltr' id='par_1_22' title="bbox 132 2078 1707 2156">
     <span class='ocr_line' id='line_1_22' title="bbox 132 2078 1707 2156; baseline -0.006 -17"><span class='ocrx_word' id='word_1_147' title='bbox 132 2090 372 2156; x_wconf 66' lang='grc' dir='ltr'>νήψεως,</span> <span class='ocrx_word' id='word_1_148' title='bbox 404 2088 495 2138; x_wconf 71' lang='grc' dir='ltr'><strong>καὶ</strong></span> <span class='ocrx_word' id='word_1_149' title='bbox 518 2084 612 2136; x_wconf 82' lang='grc' dir='ltr'>τοῦ</span> <span class='ocrx_word' id='word_1_150' title='bbox 642 2081 993 2136; x_wconf 78' lang='grc' dir='ltr'>ὲπιστατικοῦ</span> <span class='ocrx_word' id='word_1_151' title='bbox 1020 2081 1182 2150; x_wconf 80' lang='grc' dir='ltr'>ἔργου</span> <span class='ocrx_word' id='word_1_152' title='bbox 1209 2098 1222 2110; x_wconf 88' lang='grc'><strong>·</strong></span> <span class='ocrx_word' id='word_1_153' title='bbox 1250 2080 1383 2132; x_wconf 80' lang='grc' dir='ltr'>ἀλλὰ</span> <span class='ocrx_word' id='word_1_154' title='bbox 1414 2080 1506 2132; x_wconf 74' lang='grc' dir='ltr'>καὶ</span> <span class='ocrx_word' id='word_1_155' title='bbox 1541 2078 1707 2140; x_wconf 81' lang='grc' dir='ltr'>ὅντως</span> 
     </span>
    </p>
   </div>
   <div class='ocr_carea' id='block_1_23' title="bbox 133 2170 1707 2250">
    <p class='ocr_par' dir='ltr' id='par_1_23' title="bbox 133 2170 1707 2250">
     <span class='ocr_line' id='line_1_23' title="bbox 133 2170 1707 2250; baseline -0.006 -19"><span class='ocrx_word' id='word_1_156' title='bbox 133 2181 302 2250; x_wconf 73' lang='grc' dir='ltr'>ἔργον</span> <span class='ocrx_word' id='word_1_157' title='bbox 335 2178 467 2230; x_wconf 73' lang='grc' dir='ltr'>αὐτὸ</span> <span class='ocrx_word' id='word_1_158' title='bbox 507 2177 615 2241; x_wconf 70' lang='grc' dir='ltr'>ἀεὶ,</span> <span class='ocrx_word' id='word_1_159' title='bbox 678 2176 775 2229; x_wconf 74' lang='grc' dir='ltr'><strong>καὶ</strong></span> <span class='ocrx_word' id='word_1_160' title='bbox 820 2173 1082 2235; x_wconf 78' lang='grc' dir='ltr'>ὡσαύτως</span> <span class='ocrx_word' id='word_1_161' title='bbox 1132 2170 1707 2241; x_wconf 77' lang='grc' dir='ltr'>ὲπιτελούμενονέχω-</span> 
     </span>
    </p>
   </div>
   <div class='ocr_carea' id='block_1_24' title="bbox 139 2263 1709 2341">
    <p class='ocr_par' dir='ltr' id='par_1_24' title="bbox 139 2263 1709 2341">
     <span class='ocr_line' id='line_1_24' title="bbox 139 2263 1709 2341; baseline -0.005 -19"><span class='ocrx_word' id='word_1_162' title='bbox 139 2289 246 2341; x_wconf 88' lang='grc' dir='ltr'><strong>μεν</strong></span> <span class='ocrx_word' id='word_1_163' title='bbox 272 2271 370 2338; x_wconf 84' lang='grc' dir='ltr'><strong>τῆς</strong></span> <span class='ocrx_word' id='word_1_164' title='bbox 410 2267 582 2337; x_wconf 80' lang='grc' dir='ltr'><strong>Ἰησοῦ</strong></span> <span class='ocrx_word' id='word_1_165' title='bbox 637 2267 875 2337; x_wconf 74' lang='grc' dir='ltr'>Χριστοῦ</span> <span class='ocrx_word' id='word_1_166' title='bbox 906 2266 1001 2319; x_wconf 73' lang='grc' dir='ltr'>τοῦ</span> <span class='ocrx_word' id='word_1_167' title='bbox 1036 2266 1242 2336; x_wconf 79' lang='grc' dir='ltr'>Κυρίου</span> <span class='ocrx_word' id='word_1_168' title='bbox 1288 2264 1445 2334; x_wconf 80' lang='grc' dir='ltr'>ήμῶν</span> <span class='ocrx_word' id='word_1_169' title='bbox 1480 2263 1709 2332; x_wconf 77' lang='grc' dir='ltr'>ἐπικλή-</span> 
     </span>
    </p>
   </div>
   <div class='ocr_carea' id='block_1_25' title="bbox 139 2354 1711 2429">
    <p class='ocr_par' dir='ltr' id='par_1_25' title="bbox 139 2354 1711 2429">
     <span class='ocr_line' id='line_1_25' title="bbox 139 2354 1711 2429; baseline -0.005 -16"><span class='ocrx_word' id='word_1_170' title='bbox 139 2378 306 2426; x_wconf 85' lang='grc' dir='ltr'>σεως,</span> <span class='ocrx_word' id='word_1_171' title='bbox 332 2359 466 2411; x_wconf 77' lang='grc' dir='ltr'>ἀλλὰ</span> <span class='ocrx_word' id='word_1_172' title='bbox 500 2358 639 2428; x_wconf 87' lang='grc' dir='ltr'><strong>μετὰ</strong></span> <span class='ocrx_word' id='word_1_173' title='bbox 663 2359 957 2429; x_wconf 83' lang='grc' dir='ltr'>πυρώσεως</span> <span class='ocrx_word' id='word_1_174' title='bbox 983 2357 1208 2426; x_wconf 81' lang='grc' dir='ltr'>καρδίας</span> <span class='ocrx_word' id='word_1_175' title='bbox 1234 2355 1552 2417; x_wconf 81' lang='grc' dir='ltr'>ἐκϐοῶντες,</span> <span class='ocrx_word' id='word_1_176' title='bbox 1572 2354 1711 2406; x_wconf 75' lang='grc' dir='ltr'>ὥστε</span> 
     </span>
    </p>
   </div>
   <div class='ocr_carea' id='block_1_26' title="bbox 141 2445 1712 2519">
    <p class='ocr_par' dir='ltr' id='par_1_26' title="bbox 141 2445 1712 2519">
     <span class='ocr_line' id='line_1_26' title="bbox 141 2445 1712 2519; baseline -0.005 -15"><span class='ocrx_word' id='word_1_177' title='bbox 141 2450 473 2519; x_wconf 74' lang='grc' dir='ltr'>μεταλαϐεῖν</span> <span class='ocrx_word' id='word_1_178' title='bbox 512 2450 575 2501; x_wconf 86' lang='grc' dir='ltr'><strong>τὸ</strong></span> <span class='ocrx_word' id='word_1_179' title='bbox 621 2448 774 2515; x_wconf 77' lang='grc' dir='ltr'>ᾶγιον</span> <span class='ocrx_word' id='word_1_180' title='bbox 818 2448 988 2518; x_wconf 75' lang='grc' dir='ltr'>ὄνομα</span> <span class='ocrx_word' id='word_1_181' title='bbox 1035 2447 1211 2516; x_wconf 77' lang='grc' dir='ltr'><strong>Ἰησοῦ</strong></span> <span class='ocrx_word' id='word_1_182' title='bbox 1245 2464 1260 2477; x_wconf 75' lang='grc' dir='ltr'><strong>ο</strong></span> <span class='ocrx_word' id='word_1_183' title='bbox 1305 2446 1560 2515; x_wconf 81' lang='grc' dir='ltr'>συνέχεια</span> <span class='ocrx_word' id='word_1_184' title='bbox 1604 2445 1712 2514; x_wconf 81' lang='grc' dir='ltr'>γὰρ</span> 
     </span>
    </p>
   </div>
   <div class='ocr_carea' id='block_1_27' title="bbox 141 2532 1713 2611">
    <p class='ocr_par' dir='ltr' id='par_1_27' title="bbox 141 2532 1713 2611">
     <span class='ocr_line' id='line_1_27' title="bbox 141 2532 1713 2611; baseline -0.006 -19"><span class='ocrx_word' id='word_1_185' title='bbox 141 2542 246 2592; x_wconf 68' lang='grc' dir='ltr'><strong>καὶ</strong></span> <span class='ocrx_word' id='word_1_186' title='bbox 288 2540 382 2592; x_wconf 74' lang='grc' dir='ltr'>ἐπὶ</span> <span class='ocrx_word' id='word_1_187' title='bbox 411 2538 612 2608; x_wconf 75' lang='grc' dir='ltr'>ἀρετῆς</span> <span class='ocrx_word' id='word_1_188' title='bbox 644 2538 738 2590; x_wconf 71' lang='grc' dir='ltr'><strong>καὶ</strong></span> <span class='ocrx_word' id='word_1_189' title='bbox 769 2539 858 2589; x_wconf 73' lang='grc' dir='ltr'>ἐπὶ</span> <span class='ocrx_word' id='word_1_190' title='bbox 889 2538 1090 2599; x_wconf 82' lang='grc' dir='ltr'>κακίας</span> <span class='ocrx_word' id='word_1_191' title='bbox 1133 2540 1315 2605; x_wconf 75' lang='grc' dir='ltr'>μήτηρ</span> <span class='ocrx_word' id='word_1_192' title='bbox 1340 2532 1507 2611; x_wconf 69' lang='grc' dir='ltr'>ἕξεως</span> <span class='ocrx_word' id='word_1_193' title='bbox 1528 2549 1539 2561; x_wconf 83' lang='lat'><strong>&#39;</strong></span> <span class='ocrx_word' id='word_1_194' title='bbox 1579 2532 1713 2601; x_wconf 80' lang='grc' dir='ltr'>ἡδὲ,</span> 
     </span>
    </p>
   </div>
   <div class='ocr_carea' id='block_1_28' title="bbox 139 2623 1745 2697">
    <p class='ocr_par' dir='ltr' id='par_1_28' title="bbox 139 2623 1745 2697">
     <span class='ocr_line' id='line_1_28' title="bbox 139 2623 1745 2697; baseline -0.004 -17"><span class='ocrx_word' id='word_1_195' title='bbox 139 2630 223 2691; x_wconf 80' lang='grc' dir='ltr'>ὡς</span> <span class='ocrx_word' id='word_1_196' title='bbox 258 2629 417 2697; x_wconf 76' lang='grc' dir='ltr'>φύσις</span> <span class='ocrx_word' id='word_1_197' title='bbox 447 2628 633 2680; x_wconf 74' lang='grc' dir='ltr'>λοιπὸν</span> <span class='ocrx_word' id='word_1_198' title='bbox 662 2629 873 2697; x_wconf 86' lang='grc' dir='ltr'>κρατεῖ.</span> <span class='ocrx_word' id='word_1_199' title='bbox 911 2628 1020 2678; x_wconf 72' lang='grc' dir='ltr'>Καὶ</span> <span class='ocrx_word' id='word_1_200' title='bbox 1044 2628 1099 2678; x_wconf 76' lang='grc' dir='ltr'>ἐν</span> <span class='ocrx_word' id='word_1_201' title='bbox 1140 2625 1469 2677; x_wconf 81' lang='grc' dir='ltr'>καταστάσει</span> <span class='ocrx_word' id='word_1_202' title='bbox 1492 2623 1745 2692; x_wconf 61' lang='grc' dir='ltr'>τοιαύτῃ,</span> 
     </span>
    </p>
   </div>
   <div class='ocr_carea' id='block_1_29' title="bbox 141 2713 1718 2789">
    <p class='ocr_par' dir='ltr' id='par_1_29' title="bbox 141 2713 1718 2789">
     <span class='ocr_line' id='line_1_29' title="bbox 141 2713 1718 2789; baseline -0.008 -14"><span class='ocrx_word' id='word_1_203' title='bbox 141 2727 171 2775; x_wconf 84' lang='grc' dir='ltr'>ὁ</span> <span class='ocrx_word' id='word_1_204' title='bbox 226 2721 348 2784; x_wconf 80' lang='grc' dir='ltr'>νοῦς</span> <span class='ocrx_word' id='word_1_205' title='bbox 393 2722 703 2789; x_wconf 84' lang='grc' dir='ltr'>γενόμενος,</span> <span class='ocrx_word' id='word_1_206' title='bbox 753 2716 906 2787; x_wconf 78' lang='grc' dir='ltr'>ζητεῖ</span> <span class='ocrx_word' id='word_1_207' title='bbox 958 2717 1083 2779; x_wconf 73' lang='grc' dir='ltr'>τοὺς</span> <span class='ocrx_word' id='word_1_208' title='bbox 1150 2715 1460 2782; x_wconf 82' lang='grc' dir='ltr'>πολεμίους,</span> <span class='ocrx_word' id='word_1_209' title='bbox 1530 2713 1718 2771; x_wconf 84' lang='grc' dir='ltr'>ῶσπερ</span> 
     </span>
    </p>
   </div>
   <div class='ocr_carea' id='block_1_30' title="bbox 145 2806 1718 2878">
    <p class='ocr_par' dir='ltr' id='par_1_30' title="bbox 145 2806 1718 2878">
     <span class='ocr_line' id='line_1_30' title="bbox 145 2806 1718 2878; baseline -0.008 -10"><span class='ocrx_word' id='word_1_210' title='bbox 145 2815 300 2868; x_wconf 77' lang='grc' dir='ltr'>κύων</span> <span class='ocrx_word' id='word_1_211' title='bbox 320 2811 633 2872; x_wconf 82' lang='grc' dir='ltr'>Λακωνικὸς</span> <span class='ocrx_word' id='word_1_212' title='bbox 669 2809 880 2876; x_wconf 67' lang='grc' dir='ltr'>λαγωὸν</span> <span class='ocrx_word' id='word_1_213' title='bbox 928 2811 986 2860; x_wconf 83' lang='grc' dir='ltr'>ἐν</span> <span class='ocrx_word' id='word_1_214' title='bbox 1018 2809 1270 2878; x_wconf 83' lang='grc' dir='ltr'>λόχμαις.</span> <span class='ocrx_word' id='word_1_215' title='bbox 1308 2806 1462 2859; x_wconf 73' lang='grc' dir='ltr'>Οὕτω</span> <span class='ocrx_word' id='word_1_216' title='bbox 1487 2806 1593 2874; x_wconf 82' lang='grc' dir='ltr'><strong>γάρ</strong></span> <span class='ocrx_word' id='word_1_217' title='bbox 1625 2809 1718 2856; x_wconf 76' lang='grc' dir='ltr'>καὶ</span> 
     </span>
    </p>
   </div>
   <div class='ocr_carea' id='block_1_31' title="bbox 142 2894 1717 2969">
    <p class='ocr_par' dir='ltr' id='par_1_31' title="bbox 142 2894 1717 2969">
     <span class='ocr_line' id='line_1_31' title="bbox 142 2894 1717 2969; baseline -0.008 -13"><span class='ocrx_word' id='word_1_218' title='bbox 142 2906 175 2956; x_wconf 87' lang='grc' dir='ltr'>ὁ</span> <span class='ocrx_word' id='word_1_219' title='bbox 209 2902 332 2965; x_wconf 73' lang='grc' dir='ltr'>νοῦς</span> <span class='ocrx_word' id='word_1_220' title='bbox 361 2898 609 2969; x_wconf 75' lang='grc' dir='ltr'>πονηρῶν</span> <span class='ocrx_word' id='word_1_221' title='bbox 643 2898 918 2967; x_wconf 83' lang='grc' dir='ltr'>λογισμῶν</span> <span class='ocrx_word' id='word_1_222' title='bbox 944 2896 1234 2967; x_wconf 64' lang='grc' dir='ltr'>ἐξερευνᾷδ</span> <span class='ocrx_word' id='word_1_223' title='bbox 1269 2896 1382 2948; x_wconf 81' lang='grc' dir='ltr'>ἀλλ’</span> <span class='ocrx_word' id='word_1_224' title='bbox 1410 2896 1438 2945; x_wconf 88' lang='grc' dir='ltr'>ὁ</span> <span class='ocrx_word' id='word_1_225' title='bbox 1477 2894 1597 2963; x_wconf 79' lang='grc' dir='ltr'>μὲν,</span> <span class='ocrx_word' id='word_1_226' title='bbox 1632 2895 1717 2945; x_wconf 81' lang='grc' dir='ltr'><strong>ἵνα</strong></span> 
     </span>
    </p>
   </div>
   <div class='ocr_carea' id='block_1_32' title="bbox 146 2989 1157 3062">
    <p class='ocr_par' dir='ltr' id='par_1_32' title="bbox 146 2989 1157 3062">
     <span class='ocr_line' id='line_1_32' title="bbox 146 2989 1157 3062; baseline -0.003 -16"><span class='ocrx_word' id='word_1_227' title='bbox 146 2993 476 3062; x_wconf 71' lang='grc' dir='ltr'>καταφάγῃ*</span> <span class='ocrx_word' id='word_1_228' title='bbox 508 2992 536 3043; x_wconf 81' lang='grc' dir='ltr'><strong>ὁ</strong></span> <span class='ocrx_word' id='word_1_229' title='bbox 563 2990 637 3055; x_wconf 81' lang='grc' dir='ltr'>δὲ,</span> <span class='ocrx_word' id='word_1_230' title='bbox 676 2990 761 3041; x_wconf 79' lang='grc' dir='ltr'>ἵνα</span> <span class='ocrx_word' id='word_1_231' title='bbox 800 2989 1157 3059; x_wconf 77' lang='grc' dir='ltr'>καταφθείρῃ.</span> 
     </span>
    </p>
   </div>
   <div class='ocr_carea' id='block_1_33' title="bbox 228 3162 1718 3236">
    <p class='ocr_par' dir='ltr' id='par_1_33' title="bbox 228 3162 1718 3236">
     <span class='ocr_line' id='line_1_33' title="bbox 228 3162 1718 3236; baseline -0.002 -15"><span class='ocrx_word' id='word_1_232' title='bbox 228 3170 330 3235; x_wconf 65' lang='grc' dir='ltr'>ιιςν.</span> <span class='ocrx_word' id='word_1_233' title='bbox 375 3169 501 3220; x_wconf 86' lang='grc' dir='ltr'><strong>Ὅτε</strong></span> <span class='ocrx_word' id='word_1_234' title='bbox 549 3162 642 3221; x_wconf 78' lang='grc' dir='ltr'><strong>οὖν</strong></span> <span class='ocrx_word' id='word_1_235' title='bbox 687 3167 783 3221; x_wconf 77' lang='grc' dir='ltr'>καὶ</span> <span class='ocrx_word' id='word_1_236' title='bbox 828 3169 1021 3231; x_wconf 77' lang='grc' dir='ltr'>ὁσάκις</span> <span class='ocrx_word' id='word_1_237' title='bbox 1075 3167 1464 3236; x_wconf 77' lang='grc' dir='ltr'>ὲπισυμὸαίνει</span> <span class='ocrx_word' id='word_1_238' title='bbox 1515 3167 1718 3235; x_wconf 69' lang='grc' dir='ltr'>πληθύι</span> 
     </span>
    </p>
   </div>
   <div class='ocr_carea' id='block_1_34' title="bbox 149 3256 1720 3329">
    <p class='ocr_par' dir='ltr' id='par_1_34' title="bbox 149 3256 1720 3329">
     <span class='ocr_line' id='line_1_34' title="bbox 149 3256 1720 3329; baseline -0.003 -16"><span class='ocrx_word' id='word_1_239' title='bbox 149 3259 341 3314; x_wconf 69' lang='grc' dir='ltr'>νεῖσθαι</span> <span class='ocrx_word' id='word_1_240' title='bbox 384 3260 442 3311; x_wconf 81' lang='grc' dir='ltr'><strong>ἐν</strong></span> <span class='ocrx_word' id='word_1_241' title='bbox 487 3259 621 3328; x_wconf 82' lang='grc' dir='ltr'>ἡμῖν</span> <span class='ocrx_word' id='word_1_242' title='bbox 659 3258 786 3319; x_wconf 78' lang='grc' dir='ltr'>τοὺς</span> <span class='ocrx_word' id='word_1_243' title='bbox 833 3257 1103 3329; x_wconf 83' lang='grc' dir='ltr'>πονηροὺς</span> <span class='ocrx_word' id='word_1_244' title='bbox 1151 3257 1467 3327; x_wconf 82' lang='grc' dir='ltr'>λογισμοὺς,</span> <span class='ocrx_word' id='word_1_245' title='bbox 1500 3257 1600 3328; x_wconf 82' lang='grc' dir='ltr'><strong>τὴν</strong></span> <span class='ocrx_word' id='word_1_246' title='bbox 1628 3256 1720 3309; x_wconf 77' lang='grc' dir='ltr'>τοῦ</span> 
     </span>
    </p>
   </div>
   <div class='ocr_carea' id='block_1_35' title="bbox 150 3344 1725 3421">
    <p class='ocr_par' dir='ltr' id='par_1_35' title="bbox 150 3344 1725 3421">
     <span class='ocr_line' id='line_1_35' title="bbox 150 3344 1725 3421; baseline -0.003 -19"><span class='ocrx_word' id='word_1_247' title='bbox 150 3349 365 3421; x_wconf 83' lang='grc' dir='ltr'>Κυρίου</span> <span class='ocrx_word' id='word_1_248' title='bbox 399 3347 555 3418; x_wconf 82' lang='grc' dir='ltr'>ἡμῶν</span> <span class='ocrx_word' id='word_1_249' title='bbox 596 3347 769 3419; x_wconf 81' lang='grc' dir='ltr'><strong>Ἰησοῦ</strong></span> <span class='ocrx_word' id='word_1_250' title='bbox 798 3344 1037 3417; x_wconf 81' lang='grc' dir='ltr'>Χριστοῦ</span> <span class='ocrx_word' id='word_1_251' title='bbox 1089 3346 1378 3416; x_wconf 77' lang='grc' dir='ltr'>ἐπίκλησιν</span> <span class='ocrx_word' id='word_1_252' title='bbox 1434 3346 1601 3416; x_wconf 83' lang='grc' dir='ltr'>μέσον</span> <span class='ocrx_word' id='word_1_253' title='bbox 1629 3347 1725 3400; x_wconf 74' lang='grc' dir='ltr'><strong>αὺ-</strong></span> 
     </span>
    </p>
   </div>
   <div class='ocr_carea' id='block_1_36' title="bbox 148 3435 1725 3508">
    <p class='ocr_par' dir='ltr' id='par_1_36' title="bbox 148 3435 1725 3508">
     <span class='ocr_line' id='line_1_36' title="bbox 148 3435 1725 3508; baseline -0.001 -17"><span class='ocrx_word' id='word_1_254' title='bbox 148 3439 270 3491; x_wconf 83' lang='grc' dir='ltr'><strong>τῶν</strong></span> <span class='ocrx_word' id='word_1_255' title='bbox 315 3438 675 3508; x_wconf 74' lang='grc' dir='ltr'>ἐμϐάλωμεν·</span> <span class='ocrx_word' id='word_1_256' title='bbox 715 3437 809 3490; x_wconf 61' lang='grc' dir='ltr'><strong>καὶ¹</strong></span> <span class='ocrx_word' id='word_1_257' title='bbox 854 3435 1239 3505; x_wconf 79' lang='grc' dir='ltr'>διαλυομένους</span> <span class='ocrx_word' id='word_1_258' title='bbox 1278 3437 1479 3499; x_wconf 77' lang='grc' dir='ltr'>αὐτοὺς</span> <span class='ocrx_word' id='word_1_259' title='bbox 1519 3438 1725 3499; x_wconf 81' lang='grc' dir='ltr'>εὐθέως</span> 
     </span>
    </p>
   </div>
   <div class='ocr_carea' id='block_1_37' title="bbox 150 3524 1726 3596">
    <p class='ocr_par' dir='ltr' id='par_1_37' title="bbox 150 3524 1726 3596">
     <span class='ocr_line' id='line_1_37' title="bbox 150 3524 1726 3596; baseline -0.001 -16"><span class='ocrx_word' id='word_1_260' title='bbox 150 3528 283 3580; x_wconf 86' lang='grc' dir='ltr'>τότε</span> <span class='ocrx_word' id='word_1_261' title='bbox 331 3527 462 3579; x_wconf 75' lang='grc' dir='ltr'>ὡσεὶ</span> <span class='ocrx_word' id='word_1_262' title='bbox 511 3526 720 3579; x_wconf 81' lang='grc' dir='ltr'>καπνὸν</span> <span class='ocrx_word' id='word_1_263' title='bbox 780 3527 839 3580; x_wconf 72' lang='grc' dir='ltr'>ἐν</span> <span class='ocrx_word' id='word_1_264' title='bbox 887 3526 1012 3595; x_wconf 82' lang='grc' dir='ltr'>ἀέρι</span> <span class='ocrx_word' id='word_1_265' title='bbox 1062 3524 1329 3596; x_wconf 71' lang='grc' dir='ltr'>ὀψόμεθα,</span> <span class='ocrx_word' id='word_1_266' title='bbox 1374 3525 1514 3596; x_wconf 81' lang='grc' dir='ltr'>ὼςή</span> <span class='ocrx_word' id='word_1_267' title='bbox 1560 3529 1726 3596; x_wconf 81' lang='grc' dir='ltr'>πεῖρα</span> 
     </span>
    </p>
   </div>
   <div class='ocr_carea' id='block_1_38' title="bbox 152 3615 1726 3685">
    <p class='ocr_par' dir='ltr' id='par_1_38' title="bbox 152 3615 1726 3685">
     <span class='ocr_line' id='line_1_38' title="bbox 152 3615 1726 3685; baseline -0.001 -15"><span class='ocrx_word' id='word_1_268' title='bbox 152 3617 395 3682; x_wconf 77' lang='grc' dir='ltr'>ἐδίδαξε·</span> <span class='ocrx_word' id='word_1_269' title='bbox 428 3618 522 3671; x_wconf 77' lang='grc' dir='ltr'>καὶ</span> <span class='ocrx_word' id='word_1_270' title='bbox 569 3618 666 3672; x_wconf 81' lang='grc' dir='ltr'>τοῦ</span> <span class='ocrx_word' id='word_1_271' title='bbox 713 3616 851 3679; x_wconf 79' lang='grc' dir='ltr'>νοὸς</span> <span class='ocrx_word' id='word_1_272' title='bbox 895 3617 1056 3685; x_wconf 86' lang='grc' dir='ltr'>μόνου</span> <span class='ocrx_word' id='word_1_273' title='bbox 1108 3615 1561 3685; x_wconf 76' lang='grc' dir='ltr'>καταλειφθέντος</span> <span class='ocrx_word' id='word_1_274' title='bbox 1605 3618 1726 3669; x_wconf 76' lang='grc' dir='ltr'>τότε</span> 
     </span>
    </p>
   </div>
   <div class='ocr_carea' id='block_1_39' title="bbox 151 3705 1785 3778">
    <p class='ocr_par' dir='ltr' id='par_1_39' title="bbox 151 3705 1785 3778">
     <span class='ocr_line' id='line_1_39' title="bbox 151 3705 1785 3778; baseline -0.001 -17"><span class='ocrx_word' id='word_1_275' title='bbox 151 3708 458 3778; x_wconf 83' lang='grc' dir='ltr'>ἀρχώμεθα</span> <span class='ocrx_word' id='word_1_276' title='bbox 503 3707 668 3762; x_wconf 81' lang='grc' dir='ltr'>πάλιν</span> <span class='ocrx_word' id='word_1_277' title='bbox 691 3708 790 3776; x_wconf 80' lang='grc' dir='ltr'>τῆς</span> <span class='ocrx_word' id='word_1_278' title='bbox 840 3705 1098 3776; x_wconf 83' lang='grc' dir='ltr'>συνεχοῦς</span> <span class='ocrx_word' id='word_1_279' title='bbox 1141 3707 1418 3775; x_wconf 80' lang='grc' dir='ltr'>προσοχῆς</span> <span class='ocrx_word' id='word_1_280' title='bbox 1464 3707 1557 3759; x_wconf 75' lang='grc' dir='ltr'><strong>καὶ</strong></span> <span class='ocrx_word' id='word_1_281' title='bbox 1610 3708 1730 3761; x_wconf 80' lang='grc' dir='ltr'>ἐπιο</span> <span class='ocrx_word' id='word_1_282' title='bbox 1784 3716 1785 3719; x_wconf 74' lang='lat'>‘</span> 
     </span>
    </p>
   </div>
   <div class='ocr_carea' id='block_1_40' title="bbox 153 3793 1729 3867">
    <p class='ocr_par' dir='ltr' id='par_1_40' title="bbox 153 3793 1729 3867">
     <span class='ocr_line' id='line_1_40' title="bbox 153 3793 1729 3867; baseline -0.001 -17"><span class='ocrx_word' id='word_1_283' title='bbox 153 3798 431 3866; x_wconf 86' lang='grc' dir='ltr'>κλήσεως.</span> <span class='ocrx_word' id='word_1_284' title='bbox 477 3797 588 3850; x_wconf 77' lang='grc' dir='ltr'>Καὶ</span> <span class='ocrx_word' id='word_1_285' title='bbox 631 3798 835 3858; x_wconf 83' lang='grc' dir='ltr'>ὁσάκις</span> <span class='ocrx_word' id='word_1_286' title='bbox 856 3796 961 3848; x_wconf 83' lang='grc' dir='ltr'><strong>ὑπὸ</strong></span> <span class='ocrx_word' id='word_1_287' title='bbox 988 3796 1185 3867; x_wconf 82' lang='grc' dir='ltr'>πείρας</span> <span class='ocrx_word' id='word_1_288' title='bbox 1208 3795 1355 3859; x_wconf 80' lang='grc' dir='ltr'>τινὸς</span> <span class='ocrx_word' id='word_1_289' title='bbox 1380 3795 1537 3848; x_wconf 77' lang='grc' dir='ltr'>τοῦτο</span> <span class='ocrx_word' id='word_1_290' title='bbox 1566 3793 1729 3848; x_wconf 89' lang='grc' dir='ltr'>πάλιν</span> 
     </span>
    </p>
   </div>
   <div class='ocr_carea' id='block_1_41' title="bbox 154 3887 934 3959">
    <p class='ocr_par' dir='ltr' id='par_1_41' title="bbox 154 3887 934 3959">
     <span class='ocr_line' id='line_1_41' title="bbox 154 3887 934 3959; baseline -0.003 -19"><span class='ocrx_word' id='word_1_291' title='bbox 154 3888 447 3959; x_wconf 81' lang='grc' dir='ltr'>πάθωμεν,</span> <span class='ocrx_word' id='word_1_292' title='bbox 477 3887 648 3950; x_wconf 83' lang='grc' dir='ltr'>οὕτως</span> <span class='ocrx_word' id='word_1_293' title='bbox 670 3887 934 3957; x_wconf 90' lang='grc' dir='ltr'>ποιῶμεν.</span> 
     </span>
    </p>
   </div>
   <div class='ocr_carea' id='block_1_42' title="bbox 235 4064 1733 4136">
    <p class='ocr_par' dir='ltr' id='par_1_42' title="bbox 235 4064 1733 4136">
     <span class='ocr_line' id='line_1_42' title="bbox 235 4064 1733 4136; baseline -0.003 -16"><span class='ocrx_word' id='word_1_294' title='bbox 235 4070 346 4135; x_wconf 69' lang='grc' dir='ltr'>ιιην.</span> <span class='ocrx_word' id='word_1_295' title='bbox 362 4065 450 4129; x_wconf 83' lang='grc' dir='ltr'>Ὠς</span> <span class='ocrx_word' id='word_1_296' title='bbox 471 4065 581 4136; x_wconf 83' lang='grc' dir='ltr'><strong>γάρ</strong></span> <span class='ocrx_word' id='word_1_297' title='bbox 601 4065 661 4118; x_wconf 83' lang='grc' dir='ltr'><strong>οὐ</strong></span> <span class='ocrx_word' id='word_1_298' title='bbox 695 4064 921 4118; x_wconf 81' lang='grc' dir='ltr'>δυνατὸν</span> <span class='ocrx_word' id='word_1_299' title='bbox 955 4068 1162 4134; x_wconf 77' lang='grc' dir='ltr'>γυμνὸν</span> <span class='ocrx_word' id='word_1_300' title='bbox 1182 4066 1265 4127; x_wconf 84' lang='grc' dir='ltr'><strong>είς</strong></span> <span class='ocrx_word' id='word_1_301' title='bbox 1285 4065 1523 4134; x_wconf 87' lang='grc' dir='ltr'>πόλεμον</span> <span class='ocrx_word' id='word_1_302' title='bbox 1554 4064 1733 4117; x_wconf 88' lang='grc' dir='ltr'>εἰσελ-</span> 
     </span>
    </p>
   </div>
   <div class='ocr_carea' id='block_1_43' title="bbox 154 4153 1732 4226">
    <p class='ocr_par' dir='ltr' id='par_1_43' title="bbox 154 4153 1732 4226">
     <span class='ocr_line' id='line_1_43' title="bbox 154 4153 1732 4226; baseline -0.001 -18"><span class='ocrx_word' id='word_1_303' title='bbox 154 4156 330 4208; x_wconf 78' lang='grc' dir='ltr'>Θόντα</span> <span class='ocrx_word' id='word_1_304' title='bbox 361 4154 598 4225; x_wconf 87' lang='grc' dir='ltr'>σώματι,</span> <span class='ocrx_word' id='word_1_305' title='bbox 649 4154 684 4226; x_wconf 74' lang='grc' dir='ltr'>ἢ</span> <span class='ocrx_word' id='word_1_306' title='bbox 722 4153 955 4207; x_wconf 83' lang='grc' dir='ltr'>πλεῦσαι</span> <span class='ocrx_word' id='word_1_307' title='bbox 986 4155 1127 4224; x_wconf 89' lang='grc' dir='ltr'>μέγα</span> <span class='ocrx_word' id='word_1_308' title='bbox 1161 4153 1396 4222; x_wconf 83' lang='grc' dir='ltr'>πέλαγος</span> <span class='ocrx_word' id='word_1_309' title='bbox 1434 4156 1549 4220; x_wconf 77' lang='grc' dir='ltr'>μετ’</span> <span class='ocrx_word' id='word_1_310' title='bbox 1579 4154 1732 4207; x_wconf 80' lang='grc' dir='ltr'>ἐνδυ-</span> 
     </span>
    </p>
   </div>
   <div class='ocr_carea' id='block_1_44' title="bbox 157 4245 1732 4317">
    <p class='ocr_par' dir='ltr' id='par_1_44' title="bbox 157 4245 1732 4317">
     <span class='ocr_line' id='line_1_44' title="bbox 157 4245 1732 4317; baseline 0 -18"><span class='ocrx_word' id='word_1_311' title='bbox 157 4247 379 4317; x_wconf 80' lang='grc' dir='ltr'>μάτων,</span> <span class='ocrx_word' id='word_1_312' title='bbox 402 4246 436 4316; x_wconf 78' lang='grc' dir='ltr'>ἢ</span> <span class='ocrx_word' id='word_1_313' title='bbox 471 4245 571 4317; x_wconf 78' lang='grc' dir='ltr'><strong>ζῇν</strong></span> <span class='ocrx_word' id='word_1_314' title='bbox 620 4247 749 4300; x_wconf 72' lang='grc' dir='ltr'>ἄνευ</span> <span class='ocrx_word' id='word_1_315' title='bbox 786 4245 881 4299; x_wconf 81' lang='grc' dir='ltr'>τοῦ</span> <span class='ocrx_word' id='word_1_316' title='bbox 916 4246 1199 4311; x_wconf 81' lang='grc' dir='ltr'>ἀναπνεῖν,</span> <span class='ocrx_word' id='word_1_317' title='bbox 1244 4245 1421 4309; x_wconf 76' lang='grc' dir='ltr'>οὕτως</span> <span class='ocrx_word' id='word_1_318' title='bbox 1467 4246 1732 4300; x_wconf 83' lang='grc' dir='ltr'>ἀδύνατον</span> 
     </span>
    </p>
   </div>
   <div class='ocr_carea' id='block_1_45' title="bbox 151 4334 1736 4409">
    <p class='ocr_par' dir='ltr' id='par_1_45' title="bbox 151 4334 1736 4409">
     <span class='ocr_line' id='line_1_45' title="bbox 151 4334 1736 4409; baseline 0 -20"><span class='ocrx_word' id='word_1_319' title='bbox 151 4338 338 4406; x_wconf 70' lang='grc' dir='ltr'>χωρὶς</span> <span class='ocrx_word' id='word_1_320' title='bbox 403 4334 783 4399; x_wconf 82' lang='grc' dir='ltr'>ταπεινώσεως</span> <span class='ocrx_word' id='word_1_321' title='bbox 832 4337 928 4389; x_wconf 83' lang='grc' dir='ltr'><strong>καὶ</strong></span> <span class='ocrx_word' id='word_1_322' title='bbox 1000 4337 1257 4406; x_wconf 81' lang='grc' dir='ltr'>συνεχοῦς</span> <span class='ocrx_word' id='word_1_323' title='bbox 1311 4337 1448 4408; x_wconf 83' lang='grc' dir='ltr'>πρὸς</span> <span class='ocrx_word' id='word_1_324' title='bbox 1497 4338 1736 4409; x_wconf 81' lang='grc' dir='ltr'>Χριστὸν</span> 
     </span>
    </p>
   </div>
   <div class='ocr_carea' id='block_1_46' title="bbox 1787 528 3357 600">
    <p class='ocr_par' dir='ltr' id='par_1_46' title="bbox 1787 528 3357 600">
     <span class='ocr_line' id='line_1_46' title="bbox 1787 528 3357 600; baseline -0.002 -14"><span class='ocrx_word' id='word_1_325' title='bbox 1787 532 2055 586; x_wconf 80' lang='lat' dir='ltr'><strong>cationem</strong></span> <span class='ocrx_word' id='word_1_326' title='bbox 2078 548 2090 583; x_wconf 93' lang='lat'>:</span> <span class='ocrx_word' id='word_1_327' title='bbox 2119 529 2356 600; x_wconf 74' lang='lat' dir='ltr'><strong>precatio</strong></span> <span class='ocrx_word' id='word_1_328' title='bbox 2400 543 2617 583; x_wconf 82' lang='lat' dir='ltr'><strong>rursum</strong></span> <span class='ocrx_word' id='word_1_329' title='bbox 2644 528 2989 597; x_wconf 79' lang='lat' dir='ltr'><strong>procuratrix</strong></span> <span class='ocrx_word' id='word_1_330' title='bbox 3016 536 3100 580; x_wconf 89' lang='lat' dir='ltr'><strong>est</strong></span> <span class='ocrx_word' id='word_1_331' title='bbox 3128 542 3357 583; x_wconf 65' lang='lat' dir='ltr'><strong>summa:</strong></span> 
     </span>
    </p>
   </div>
   <div class='ocr_carea' id='block_1_47' title="bbox 1790 617 3092 690">
    <p class='ocr_par' dir='ltr' id='par_1_47' title="bbox 1790 617 3092 690">
     <span class='ocr_line' id='line_1_47' title="bbox 1790 617 3092 690; baseline -0.002 -17"><span class='ocrx_word' id='word_1_332' title='bbox 1790 619 2162 690; x_wconf 71' lang='lat' dir='ltr'><strong>temperantiae</strong></span> <span class='ocrx_word' id='word_1_333' title='bbox 2187 628 2242 672; x_wconf 89' lang='lat' dir='ltr'><strong>et</strong></span> <span class='ocrx_word' id='word_1_334' title='bbox 2268 618 2664 672; x_wconf 77' lang='lat' dir='ltr'><strong>observationis</strong></span> <span class='ocrx_word' id='word_1_335' title='bbox 2685 617 3092 687; x_wconf 75' lang='lat' dir='ltr'><strong>cogitationum.</strong></span> 
     </span>
    </p>
   </div>
   <div class='ocr_carea' id='block_1_48' title="bbox 1859 709 3357 779">
    <p class='ocr_par' dir='ltr' id='par_1_48' title="bbox 1859 709 3357 779">
     <span class='ocr_line' id='line_1_48' title="bbox 1859 709 3357 779; baseline -0.003 -16"><span class='ocrx_word' id='word_1_336' title='bbox 1859 711 1947 763; x_wconf 68' lang='grc'><strong>94.</strong></span> <span class='ocrx_word' id='word_1_337' title='bbox 1988 709 2240 779; x_wconf 88' lang='lat' dir='ltr'><strong>Optimus</strong></span> <span class='ocrx_word' id='word_1_338' title='bbox 2288 711 2535 779; x_wconf 89' lang='lat' dir='ltr'><strong>corporis</strong></span> <span class='ocrx_word' id='word_1_339' title='bbox 2577 718 2632 764; x_wconf 89' lang='lat' dir='ltr'><strong>et</strong></span> <span class='ocrx_word' id='word_1_340' title='bbox 2676 711 2871 762; x_wconf 67' lang='lat' dir='ltr'><strong>animae</strong></span> <span class='ocrx_word' id='word_1_341' title='bbox 2902 710 3221 779; x_wconf 62' lang='lat' dir='ltr'><strong>pmdagogns</strong></span> <span class='ocrx_word' id='word_1_342' title='bbox 3252 724 3357 772; x_wconf 82' lang='lat' dir='ltr'><strong>est,</strong></span> 
     </span>
    </p>
   </div>
   <div class='ocr_carea' id='block_1_49' title="bbox 1792 801 3361 869">
    <p class='ocr_par' dir='ltr' id='par_1_49' title="bbox 1792 801 3361 869">
     <span class='ocr_line' id='line_1_49' title="bbox 1792 801 3361 869; baseline -0.002 -13"><span class='ocrx_word' id='word_1_343' title='bbox 1792 803 2095 857; x_wconf 91' lang='lat' dir='ltr'><strong>indelebilis</strong></span> <span class='ocrx_word' id='word_1_344' title='bbox 2131 802 2392 856; x_wconf 84' lang='lat' dir='ltr'><strong>memoria</strong></span> <span class='ocrx_word' id='word_1_345' title='bbox 2415 802 2607 855; x_wconf 91' lang='lat' dir='ltr'><strong>mortis</strong></span> <span class='ocrx_word' id='word_1_346' title='bbox 2632 819 2645 855; x_wconf 89' lang='lat'><strong>:</strong></span> <span class='ocrx_word' id='word_1_347' title='bbox 2672 810 2745 867; x_wconf 87' lang='lat' dir='ltr'><strong>et,</strong></span> <span class='ocrx_word' id='word_1_348' title='bbox 2785 801 2852 854; x_wconf 82' lang='lat' dir='ltr'><strong>iis</strong></span> <span class='ocrx_word' id='word_1_349' title='bbox 2878 817 2997 869; x_wconf 73' lang='lat' dir='ltr'><strong>qua:</strong></span> <span class='ocrx_word' id='word_1_350' title='bbox 3016 810 3143 854; x_wconf 82' lang='lat' dir='ltr'><strong>ante</strong></span> <span class='ocrx_word' id='word_1_351' title='bbox 3171 801 3361 854; x_wconf 90' lang='lat' dir='ltr'><strong>oculos</strong></span> 
     </span>
    </p>
   </div>
   <div class='ocr_carea' id='block_1_50' title="bbox 1790 892 3362 963">
    <p class='ocr_par' dir='ltr' id='par_1_50' title="bbox 1790 892 3362 963">
     <span class='ocr_line' id='line_1_50' title="bbox 1790 892 3362 963; baseline -0.003 -14"><span class='ocrx_word' id='word_1_352' title='bbox 1790 894 2004 963; x_wconf 78' lang='lat' dir='ltr'><strong>iacent,</strong></span> <span class='ocrx_word' id='word_1_353' title='bbox 2051 894 2275 947; x_wconf 84' lang='lat' dir='ltr'><strong>omnino</strong></span> <span class='ocrx_word' id='word_1_354' title='bbox 2326 893 2729 963; x_wconf 55' lang='lat' dir='ltr'><strong>praetermissis,</strong></span> <span class='ocrx_word' id='word_1_355' title='bbox 2781 892 3129 945; x_wconf 83' lang='lat' dir='ltr'><strong>continenter</strong></span> <span class='ocrx_word' id='word_1_356' title='bbox 3184 892 3362 945; x_wconf 85' lang='lat' dir='ltr'><strong>cubile</strong></span> 
     </span>
    </p>
   </div>
   <div class='ocr_carea' id='block_1_51' title="bbox 1793 982 3363 1055">
    <p class='ocr_par' dir='ltr' id='par_1_51' title="bbox 1793 982 3363 1055">
     <span class='ocr_line' id='line_1_51' title="bbox 1793 982 3363 1055; baseline -0.003 -16"><span class='ocrx_word' id='word_1_357' title='bbox 1793 986 2115 1055; x_wconf 60' lang='lat' dir='ltr'><strong>praevidere,</strong></span> <span class='ocrx_word' id='word_1_358' title='bbox 2147 986 2201 1039; x_wconf 91' lang='lat' dir='ltr'><strong>in</strong></span> <span class='ocrx_word' id='word_1_359' title='bbox 2252 1001 2360 1055; x_wconf 91' lang='lat' dir='ltr'><strong>quo</strong></span> <span class='ocrx_word' id='word_1_360' title='bbox 2387 985 2616 1055; x_wconf 86' lang='lat' dir='ltr'><strong>posthac</strong></span> <span class='ocrx_word' id='word_1_361' title='bbox 2671 999 2795 1038; x_wconf 90' lang='lat' dir='ltr'><strong>cum</strong></span> <span class='ocrx_word' id='word_1_362' title='bbox 2834 982 3115 1052; x_wconf 79' lang='lat' dir='ltr'><strong>refrigerio</strong></span> <span class='ocrx_word' id='word_1_363' title='bbox 3145 982 3363 1051; x_wconf 79' lang='lat' dir='ltr'><strong>requie-</strong></span> 
     </span>
    </p>
   </div>
   <div class='ocr_carea' id='block_1_52' title="bbox 1797 1065 3007 1143">
    <p class='ocr_par' dir='ltr' id='par_1_52' title="bbox 1797 1065 3007 1143">
     <span class='ocr_line' id='line_1_52' title="bbox 1797 1065 3007 1143; baseline -0.007 -13"><span class='ocrx_word' id='word_1_364' title='bbox 1797 1091 1949 1130; x_wconf 77' lang='lat' dir='ltr'><strong>scere</strong></span> <span class='ocrx_word' id='word_1_365' title='bbox 1982 1076 2270 1143; x_wconf 85' lang='lat' dir='ltr'><strong>possimus.</strong></span> <span class='ocrx_word' id='word_1_366' title='bbox 2903 1084 2909 1090; x_wconf 79' lang='grc'><em>’</em></span> <span class='ocrx_word' id='word_1_367' title='bbox 3003 1065 3007 1071; x_wconf 81' lang='grc'><em>’</em></span> 
     </span>
    </p>
   </div>
   <div class='ocr_carea' id='block_1_53' title="bbox 1865 1164 3363 1235">
    <p class='ocr_par' dir='ltr' id='par_1_53' title="bbox 1865 1164 3363 1235">
     <span class='ocr_line' id='line_1_53' title="bbox 1865 1164 3363 1235; baseline -0.003 -15"><span class='ocrx_word' id='word_1_368' title='bbox 1865 1168 1953 1220; x_wconf 77' lang='lat'><strong>95.</strong></span> <span class='ocrx_word' id='word_1_369' title='bbox 1995 1167 2112 1220; x_wconf 83' lang='lat' dir='ltr'><strong>Non</strong></span> <span class='ocrx_word' id='word_1_370' title='bbox 2160 1166 2340 1230; x_wconf 74' lang='lat' dir='ltr'><strong>debet,</strong></span> <span class='ocrx_word' id='word_1_371' title='bbox 2396 1165 2612 1231; x_wconf 77' lang='lat' dir='ltr'><strong>fratres,</strong></span> <span class='ocrx_word' id='word_1_372' title='bbox 2646 1165 3227 1235; x_wconf 50' lang='lat' dir='ltr'><strong>amplecti.somnum,</strong></span> <span class='ocrx_word' id='word_1_373' title='bbox 3269 1164 3363 1233; x_wconf 88' lang='lat' dir='ltr'><strong>qui</strong></span> 
     </span>
    </p>
   </div>
   <div class='ocr_carea' id='block_1_54' title="bbox 1799 1250 3367 1327">
    <p class='ocr_par' dir='ltr' id='par_1_54' title="bbox 1799 1250 3367 1327">
     <span class='ocr_line' id='line_1_54' title="bbox 1799 1250 3367 1327; baseline -0.003 -15"><span class='ocrx_word' id='word_1_374' title='bbox 1799 1271 2062 1327; x_wconf 89' lang='lat' dir='ltr'><strong>perpetuo</strong></span> <span class='ocrx_word' id='word_1_375' title='bbox 2093 1258 2207 1312; x_wconf 79' lang='lat' dir='ltr'><strong>vult</strong></span> <span class='ocrx_word' id='word_1_376' title='bbox 2242 1258 2442 1312; x_wconf 72' lang='lat' dir='ltr'><strong>illzesus</strong></span> <span class='ocrx_word' id='word_1_377' title='bbox 2472 1272 2715 1311; x_wconf 88' lang='lat' dir='ltr'><strong>manere.</strong></span> <span class='ocrx_word' id='word_1_378' title='bbox 2762 1250 2950 1325; x_wconf 80' lang='lat' dir='ltr'><strong>itaque</strong></span> <span class='ocrx_word' id='word_1_379' title='bbox 3002 1271 3225 1309; x_wconf 87' lang='lat' dir='ltr'><strong>necesse</strong></span> <span class='ocrx_word' id='word_1_380' title='bbox 3281 1264 3367 1308; x_wconf 83' lang='lat' dir='ltr'><strong>est</strong></span> 
     </span>
    </p>
   </div>
   <div class='ocr_carea' id='block_1_55' title="bbox 1800 1338 3365 1418">
    <p class='ocr_par' dir='ltr' id='par_1_55' title="bbox 1800 1338 3365 1418">
     <span class='ocr_line' id='line_1_55' title="bbox 1800 1338 3365 1418; baseline -0.004 -14"><span class='ocrx_word' id='word_1_381' title='bbox 1800 1351 2027 1404; x_wconf 90' lang='lat' dir='ltr'><strong>alterum</strong></span> <span class='ocrx_word' id='word_1_382' title='bbox 2061 1350 2314 1415; x_wconf 91' lang='lat' dir='ltr'><strong>duorum,</strong></span> <span class='ocrx_word' id='word_1_383' title='bbox 2348 1358 2442 1402; x_wconf 90' lang='lat' dir='ltr'><strong>aut</strong></span> <span class='ocrx_word' id='word_1_384' title='bbox 2479 1338 2768 1418; x_wconf 67' lang='lat' dir='ltr'><strong>spoliatum</strong></span> <span class='ocrx_word' id='word_1_385' title='bbox 2804 1348 3097 1401; x_wconf 82' lang='lat' dir='ltr'><strong>virtutibus</strong></span> <span class='ocrx_word' id='word_1_386' title='bbox 3142 1360 3365 1400; x_wconf 88' lang='lat' dir='ltr'><strong>occum-</strong></span> 
     </span>
    </p>
   </div>
   <div class='ocr_carea' id='block_1_56' title="bbox 1801 1436 3363 1511">
    <p class='ocr_par' dir='ltr' id='par_1_56' title="bbox 1801 1436 3363 1511">
     <span class='ocr_line' id='line_1_56' title="bbox 1801 1436 3363 1511; baseline -0.006 -14"><span class='ocrx_word' id='word_1_387' title='bbox 1801 1444 1929 1497; x_wconf 83' lang='lat' dir='ltr'><strong>bere</strong></span> <span class='ocrx_word' id='word_1_388' title='bbox 1946 1453 2000 1497; x_wconf 91' lang='lat' dir='ltr'><strong>et</strong></span> <span class='ocrx_word' id='word_1_389' title='bbox 2028 1445 2226 1511; x_wconf 90' lang='lat' dir='ltr'><strong>perire,</strong></span> <span class='ocrx_word' id='word_1_390' title='bbox 2253 1436 2348 1496; x_wconf 86' lang='lat' dir='ltr'><strong>aut</strong></span> <span class='ocrx_word' id='word_1_391' title='bbox 2373 1450 2557 1495; x_wconf 87' lang='lat' dir='ltr'><strong>mente</strong></span> <span class='ocrx_word' id='word_1_392' title='bbox 2588 1437 2803 1510; x_wconf 81' lang='lat' dir='ltr'><strong>semper</strong></span> <span class='ocrx_word' id='word_1_393' title='bbox 2820 1449 3025 1494; x_wconf 89' lang='lat' dir='ltr'><strong>armata</strong></span> <span class='ocrx_word' id='word_1_394' title='bbox 3042 1440 3363 1494; x_wconf 72' lang='lat' dir='ltr'><strong>consistere:</strong></span> 
     </span>
    </p>
   </div>
   <div class='ocr_carea' id='block_1_57' title="bbox 1802 1530 3367 1601">
    <p class='ocr_par' dir='ltr' id='par_1_57' title="bbox 1802 1530 3367 1601">
     <span class='ocr_line' id='line_1_57' title="bbox 1802 1530 3367 1601; baseline -0.003 -17"><span class='ocrx_word' id='word_1_395' title='bbox 1802 1531 1927 1601; x_wconf 86' lang='lat' dir='ltr'><strong>quia</strong></span> <span class='ocrx_word' id='word_1_396' title='bbox 1983 1547 2259 1600; x_wconf 85' lang='lat' dir='ltr'><strong>nunquam</strong></span> <span class='ocrx_word' id='word_1_397' title='bbox 2291 1546 2400 1585; x_wconf 90' lang='lat' dir='ltr'><strong>non</strong></span> <span class='ocrx_word' id='word_1_398' title='bbox 2435 1538 2578 1585; x_wconf 87' lang='lat' dir='ltr'><strong>astat</strong></span> <span class='ocrx_word' id='word_1_399' title='bbox 2624 1530 2817 1594; x_wconf 90' lang='lat' dir='ltr'><strong>hostis,</strong></span> <span class='ocrx_word' id='word_1_400' title='bbox 2854 1530 3085 1600; x_wconf 78' lang='lat' dir='ltr'><strong>stipatus</strong></span> <span class='ocrx_word' id='word_1_401' title='bbox 3121 1530 3367 1584; x_wconf 79' lang='lat' dir='ltr'><strong>exercitu</strong></span> 
     </span>
    </p>
   </div>
   <div class='ocr_carea' id='block_1_58' title="bbox 1806 1640 2945 1697">
    <p class='ocr_par' dir='ltr' id='par_1_58' title="bbox 1806 1640 2945 1697">
     <span class='ocr_line' id='line_1_58' title="bbox 1806 1640 2945 1697; baseline -0.013 -20"><span class='ocrx_word' id='word_1_402' title='bbox 1806 1640 1922 1677; x_wconf 83' lang='lat' dir='ltr'><strong>SllO.</strong></span> <span class='ocrx_word' id='word_1_403' title='bbox 2664 1658 2681 1697; x_wconf 37' lang='grc' dir='ltr'><strong>,ι</strong></span> <span class='ocrx_word' id='word_1_404' title='bbox 2930 1682 2945 1689; x_wconf 29' lang='grc' dir='ltr'><strong><em>μ</em></strong></span> 
     </span>
    </p>
   </div>
   <div class='ocr_carea' id='block_1_59' title="bbox 1875 1712 3370 1784">
    <p class='ocr_par' dir='ltr' id='par_1_59' title="bbox 1875 1712 3370 1784">
     <span class='ocr_line' id='line_1_59' title="bbox 1875 1712 3370 1784; baseline -0.004 -15"><span class='ocrx_word' id='word_1_405' title='bbox 1875 1715 1962 1769; x_wconf 82' lang='grc'><strong>96.</strong></span> <span class='ocrx_word' id='word_1_406' title='bbox 2007 1712 2207 1769; x_wconf 89' lang='lat' dir='ltr'><strong>Status</strong></span> <span class='ocrx_word' id='word_1_407' title='bbox 2243 1715 2464 1784; x_wconf 84' lang='lat' dir='ltr'><strong>quidam</strong></span> <span class='ocrx_word' id='word_1_408' title='bbox 2531 1715 2750 1769; x_wconf 88' lang='lat' dir='ltr'><strong>divinus</strong></span> <span class='ocrx_word' id='word_1_409' title='bbox 2788 1715 3033 1769; x_wconf 89' lang='lat' dir='ltr'><strong>nascitur</strong></span> <span class='ocrx_word' id='word_1_410' title='bbox 3083 1713 3137 1766; x_wconf 89' lang='lat' dir='ltr'><strong>in</strong></span> <span class='ocrx_word' id='word_1_411' title='bbox 3187 1712 3370 1765; x_wconf 87' lang='lat' dir='ltr'><strong>animo</strong></span> 
     </span>
    </p>
   </div>
   <div class='ocr_carea' id='block_1_60' title="bbox 1809 1805 3369 1870">
    <p class='ocr_par' dir='ltr' id='par_1_60' title="bbox 1809 1805 3369 1870">
     <span class='ocr_line' id='line_1_60' title="bbox 1809 1805 3369 1870; baseline -0.001 -10"><span class='ocrx_word' id='word_1_412' title='bbox 1809 1818 1996 1861; x_wconf 86' lang='lat' dir='ltr'><strong>nostro</strong></span> <span class='ocrx_word' id='word_1_413' title='bbox 2026 1824 2087 1862; x_wconf 80' lang='lat' dir='ltr'><strong>ex</strong></span> <span class='ocrx_word' id='word_1_414' title='bbox 2114 1808 2377 1862; x_wconf 90' lang='lat' dir='ltr'><strong>continua</strong></span> <span class='ocrx_word' id='word_1_415' title='bbox 2411 1807 2622 1862; x_wconf 88' lang='lat' dir='ltr'><strong>Domini</strong></span> <span class='ocrx_word' id='word_1_416' title='bbox 2647 1808 2821 1863; x_wconf 87' lang='lat' dir='ltr'><strong>nostri</strong></span> <span class='ocrx_word' id='word_1_417' title='bbox 2853 1807 3131 1870; x_wconf 89' lang='lat' dir='ltr'><strong>memoria,</strong></span> <span class='ocrx_word' id='word_1_418' title='bbox 3155 1815 3210 1860; x_wconf 89' lang='lat' dir='ltr'><strong>et</strong></span> <span class='ocrx_word' id='word_1_419' title='bbox 3233 1805 3369 1859; x_wconf 88' lang='lat' dir='ltr'><strong>assi-</strong></span> 
     </span>
    </p>
   </div>
   <div class='ocr_carea' id='block_1_61' title="bbox 1806 1896 3372 1965">
    <p class='ocr_par' dir='ltr' id='par_1_61' title="bbox 1806 1896 3372 1965">
     <span class='ocr_line' id='line_1_61' title="bbox 1806 1896 3372 1965; baseline -0.002 -13"><span class='ocrx_word' id='word_1_420' title='bbox 1806 1898 1913 1952; x_wconf 87' lang='lat' dir='ltr'><strong>dua</strong></span> <span class='ocrx_word' id='word_1_421' title='bbox 1951 1899 2067 1965; x_wconf 86' lang='lat' dir='ltr'><strong>ejus</strong></span> <span class='ocrx_word' id='word_1_422' title='bbox 2101 1898 2477 1953; x_wconf 81' lang='lat' dir='ltr'><strong>invocatione:</strong></span> <span class='ocrx_word' id='word_1_423' title='bbox 2516 1899 2678 1953; x_wconf 89' lang='lat' dir='ltr'><strong>modo</strong></span> <span class='ocrx_word' id='word_1_424' title='bbox 2724 1899 2939 1953; x_wconf 90' lang='lat' dir='ltr'><strong>solliciti</strong></span> <span class='ocrx_word' id='word_1_425' title='bbox 2970 1898 3141 1952; x_wconf 88' lang='lat' dir='ltr'><strong>simus</strong></span> <span class='ocrx_word' id='word_1_426' title='bbox 3168 1898 3234 1952; x_wconf 89' lang='lat' dir='ltr'><strong>de</strong></span> <span class='ocrx_word' id='word_1_427' title='bbox 3265 1896 3372 1950; x_wconf 81' lang='lat' dir='ltr'><strong>fre-</strong></span> 
     </span>
    </p>
   </div>
   <div class='ocr_carea' id='block_1_62' title="bbox 1807 1989 3373 2062">
    <p class='ocr_par' dir='ltr' id='par_1_62' title="bbox 1807 1989 3373 2062">
     <span class='ocr_line' id='line_1_62' title="bbox 1807 1989 3373 2062; baseline -0.001 -19"><span class='ocrx_word' id='word_1_428' title='bbox 1807 1990 2099 2058; x_wconf 84' lang='lat' dir='ltr'><strong>quentibus</strong></span> <span class='ocrx_word' id='word_1_429' title='bbox 2147 1990 2312 2043; x_wconf 91' lang='lat' dir='ltr'><strong>animi</strong></span> <span class='ocrx_word' id='word_1_430' title='bbox 2361 1992 2615 2059; x_wconf 84' lang='lat' dir='ltr'><strong>precibus</strong></span> <span class='ocrx_word' id='word_1_431' title='bbox 2644 2007 2773 2062; x_wconf 72' lang='lat' dir='ltr'><strong>erga</strong></span> <span class='ocrx_word' id='word_1_432' title='bbox 2823 1990 3125 2052; x_wconf 88' lang='lat' dir='ltr'><strong>Christum,</strong></span> <span class='ocrx_word' id='word_1_433' title='bbox 3168 1989 3373 2043; x_wconf 87' lang='lat' dir='ltr'><strong>crebris</strong></span> 
     </span>
    </p>
   </div>
   <div class='ocr_carea' id='block_1_63' title="bbox 1804 2081 3374 2152">
    <p class='ocr_par' dir='ltr' id='par_1_63' title="bbox 1804 2081 3374 2152">
     <span class='ocr_line' id='line_1_63' title="bbox 1804 2081 3374 2152; baseline -0.001 -18"><span class='ocrx_word' id='word_1_434' title='bbox 1804 2081 2049 2148; x_wconf 85' lang='lat' dir='ltr'><strong>jejuniis,</strong></span> <span class='ocrx_word' id='word_1_435' title='bbox 2081 2090 2136 2135; x_wconf 93' lang='lat' dir='ltr'><strong>ct</strong></span> <span class='ocrx_word' id='word_1_436' title='bbox 2178 2083 2434 2152; x_wconf 88' lang='lat' dir='ltr'><strong>operibus</strong></span> <span class='ocrx_word' id='word_1_437' title='bbox 2496 2082 2859 2152; x_wconf 88' lang='lat' dir='ltr'><strong>principatum</strong></span> <span class='ocrx_word' id='word_1_438' title='bbox 2901 2081 3253 2136; x_wconf 87' lang='lat' dir='ltr'><strong>tenentibus:</strong></span> <span class='ocrx_word' id='word_1_439' title='bbox 3291 2096 3374 2133; x_wconf 92' lang='lat' dir='ltr'><strong>rc-</strong></span> 
     </span>
    </p>
   </div>
   <div class='ocr_carea' id='block_1_64' title="bbox 1812 2171 3373 2242">
    <p class='ocr_par' dir='ltr' id='par_1_64' title="bbox 1812 2171 3373 2242">
     <span class='ocr_line' id='line_1_64' title="bbox 1812 2171 3373 2242; baseline -0.001 -15"><span class='ocrx_word' id='word_1_440' title='bbox 1812 2187 1958 2235; x_wconf 78' lang='lat' dir='ltr'><strong>vcra,</strong></span> <span class='ocrx_word' id='word_1_441' title='bbox 1999 2186 2163 2239; x_wconf 89' lang='lat' dir='ltr'><strong>opere</strong></span> <span class='ocrx_word' id='word_1_442' title='bbox 2206 2173 2343 2241; x_wconf 89' lang='lat' dir='ltr'><strong>ipso,</strong></span> <span class='ocrx_word' id='word_1_443' title='bbox 2378 2175 2518 2242; x_wconf 81' lang='lat' dir='ltr'><strong>quod</strong></span> <span class='ocrx_word' id='word_1_444' title='bbox 2558 2175 2611 2226; x_wconf 90' lang='lat' dir='ltr'><strong>in</strong></span> <span class='ocrx_word' id='word_1_445' title='bbox 2642 2173 2982 2228; x_wconf 78' lang='lat' dir='ltr'><strong>invocatione</strong></span> <span class='ocrx_word' id='word_1_446' title='bbox 3035 2171 3243 2225; x_wconf 88' lang='lat' dir='ltr'><strong>Domini</strong></span> <span class='ocrx_word' id='word_1_447' title='bbox 3275 2188 3373 2225; x_wconf 89' lang='lat' dir='ltr'><strong>no-</strong></span> 
     </span>
    </p>
   </div>
   <div class='ocr_carea' id='block_1_65' title="bbox 1811 2264 3376 2334">
    <p class='ocr_par' dir='ltr' id='par_1_65' title="bbox 1811 2264 3376 2334">
     <span class='ocr_line' id='line_1_65' title="bbox 1811 2264 3376 2334; baseline -0.003 -15"><span class='ocrx_word' id='word_1_448' title='bbox 1811 2265 1907 2319; x_wconf 91' lang='lat' dir='ltr'><strong>stri</strong></span> <span class='ocrx_word' id='word_1_449' title='bbox 1933 2265 2059 2320; x_wconf 85' lang='lat' dir='ltr'><strong>Jesu</strong></span> <span class='ocrx_word' id='word_1_450' title='bbox 2098 2265 2296 2319; x_wconf 78' lang='lat' dir='ltr'><strong>Christi</strong></span> <span class='ocrx_word' id='word_1_451' title='bbox 2338 2266 2851 2334; x_wconf 84' lang='lat' dir='ltr'><strong>consistit,&#39;semper</strong></span> <span class='ocrx_word' id='word_1_452' title='bbox 2880 2274 2935 2318; x_wconf 81' lang='lat' dir='ltr'><strong>et</strong></span> <span class='ocrx_word' id='word_1_453' title='bbox 2979 2265 3172 2318; x_wconf 91' lang='lat' dir='ltr'><strong>eodem</strong></span> <span class='ocrx_word' id='word_1_454' title='bbox 3217 2264 3376 2317; x_wconf 80' lang='lat' dir='ltr'><strong>modo</strong></span> 
     </span>
    </p>
   </div>
   <div class='ocr_carea' id='block_1_66' title="bbox 1813 2354 3377 2426">
    <p class='ocr_par' dir='ltr' id='par_1_66' title="bbox 1813 2354 3377 2426">
     <span class='ocr_line' id='line_1_66' title="bbox 1813 2354 3377 2426; baseline -0.001 -17"><span class='ocrx_word' id='word_1_455' title='bbox 1813 2357 2119 2426; x_wconf 83' lang='lat' dir='ltr'><strong>peragendo</strong></span> <span class='ocrx_word' id='word_1_456' title='bbox 2150 2357 2357 2425; x_wconf 69' lang='lat' dir='ltr'><strong>praediti</strong></span> <span class='ocrx_word' id='word_1_457' title='bbox 2388 2356 2580 2420; x_wconf 89' lang='lat' dir='ltr'><strong>simus,</strong></span> <span class='ocrx_word' id='word_1_458' title='bbox 2611 2371 2844 2410; x_wconf 91' lang='lat' dir='ltr'><strong>accenso</strong></span> <span class='ocrx_word' id='word_1_459' title='bbox 2872 2356 3033 2410; x_wconf 90' lang='lat' dir='ltr'><strong>corde</strong></span> <span class='ocrx_word' id='word_1_460' title='bbox 3068 2354 3377 2410; x_wconf 79' lang='lat' dir='ltr'><strong>exclaman-</strong></span> 
     </span>
    </p>
   </div>
   <div class='ocr_carea' id='block_1_67' title="bbox 1814 2446 3379 2516">
    <p class='ocr_par' dir='ltr' id='par_1_67' title="bbox 1814 2446 3379 2516">
     <span class='ocr_line' id='line_1_67' title="bbox 1814 2446 3379 2516; baseline -0.002 -15"><span class='ocrx_word' id='word_1_461' title='bbox 1814 2460 1918 2510; x_wconf 85' lang='lat' dir='ltr'><strong>tes,</strong></span> <span class='ocrx_word' id='word_1_462' title='bbox 1956 2457 2014 2501; x_wconf 91' lang='lat' dir='ltr'><strong>ut</strong></span> <span class='ocrx_word' id='word_1_463' title='bbox 2060 2449 2232 2501; x_wconf 84' lang='lat' dir='ltr'><strong>sancti</strong></span> <span class='ocrx_word' id='word_1_464' title='bbox 2270 2448 2505 2501; x_wconf 90' lang='lat' dir='ltr'><strong>nominis</strong></span> <span class='ocrx_word' id='word_1_465' title='bbox 2548 2446 2679 2500; x_wconf 84' lang='lat' dir='ltr'><strong>Jcsu</strong></span> <span class='ocrx_word' id='word_1_466' title='bbox 2705 2447 2977 2515; x_wconf 89' lang='lat' dir='ltr'><strong>possimus</strong></span> <span class='ocrx_word' id='word_1_467' title='bbox 3006 2462 3127 2501; x_wconf 85' lang='lat' dir='ltr'><strong>esse</strong></span> <span class='ocrx_word' id='word_1_468' title='bbox 3159 2447 3379 2516; x_wconf 80' lang='lat' dir='ltr'><strong>partici-</strong></span> 
     </span>
    </p>
   </div>
   <div class='ocr_carea' id='block_1_68' title="bbox 1816 2536 3375 2606">
    <p class='ocr_par' dir='ltr' id='par_1_68' title="bbox 1816 2536 3375 2606">
     <span class='ocr_line' id='line_1_68' title="bbox 1816 2536 3375 2606; baseline 0.001 -15"><span class='ocrx_word' id='word_1_469' title='bbox 1816 2553 1930 2606; x_wconf 89' lang='lat' dir='ltr'><strong>pes.</strong></span> <span class='ocrx_word' id='word_1_470' title='bbox 1968 2537 2271 2590; x_wconf 72' lang='lat' dir='ltr'><strong>Assitlttitas</strong></span> <span class='ocrx_word' id='word_1_471' title='bbox 2312 2538 2481 2598; x_wconf 87' lang='lat' dir='ltr'><strong>enim,</strong></span> <span class='ocrx_word' id='word_1_472' title='bbox 2528 2537 2641 2591; x_wconf 84' lang='lat' dir='ltr'><strong>sive</strong></span> <span class='ocrx_word' id='word_1_473' title='bbox 2675 2537 2728 2590; x_wconf 92' lang='lat' dir='ltr'><strong>in</strong></span> <span class='ocrx_word' id='word_1_474' title='bbox 2764 2536 2962 2592; x_wconf 82' lang='lat' dir='ltr'><strong>virtute</strong></span> <span class='ocrx_word' id='word_1_475' title='bbox 2991 2538 3108 2591; x_wconf 85' lang='lat' dir='ltr'><strong>sive</strong></span> <span class='ocrx_word' id='word_1_476' title='bbox 3142 2537 3196 2588; x_wconf 92' lang='lat' dir='ltr'><strong>in</strong></span> <span class='ocrx_word' id='word_1_477' title='bbox 3228 2536 3375 2593; x_wconf 85' lang='lat' dir='ltr'><strong>vitio.</strong></span> 
     </span>
    </p>
   </div>
   <div class='ocr_carea' id='block_1_69' title="bbox 1817 2628 3377 2688">
    <p class='ocr_par' dir='ltr' id='par_1_69' title="bbox 1817 2628 3377 2688">
     <span class='ocr_line' id='line_1_69' title="bbox 1817 2628 3377 2688; baseline -0.001 -7"><span class='ocrx_word' id='word_1_478' title='bbox 1817 2638 1992 2681; x_wconf 84' lang='lat' dir='ltr'><strong>mater</strong></span> <span class='ocrx_word' id='word_1_479' title='bbox 2041 2638 2123 2682; x_wconf 84' lang='lat' dir='ltr'><strong>est</strong></span> <span class='ocrx_word' id='word_1_480' title='bbox 2173 2629 2426 2681; x_wconf 82' lang='lat' dir='ltr'><strong>habitus:</strong></span> <span class='ocrx_word' id='word_1_481' title='bbox 2465 2628 2684 2682; x_wconf 89' lang='lat' dir='ltr'><strong>habitus</strong></span> <span class='ocrx_word' id='word_1_482' title='bbox 2729 2638 2931 2688; x_wconf 86' lang='lat' dir='ltr'><strong>autem.</strong></span> <span class='ocrx_word' id='word_1_483' title='bbox 2978 2632 3125 2685; x_wconf 84' lang='lat' dir='ltr'><strong>velut</strong></span> <span class='ocrx_word' id='word_1_484' title='bbox 3163 2638 3377 2686; x_wconf 86' lang='lat' dir='ltr'><strong>natura.</strong></span> 
     </span>
    </p>
   </div>
   <div class='ocr_carea' id='block_1_70' title="bbox 1818 2720 3379 2788">
    <p class='ocr_par' dir='ltr' id='par_1_70' title="bbox 1818 2720 3379 2788">
     <span class='ocr_line' id='line_1_70' title="bbox 1818 2720 3379 2788; baseline 0 -14"><span class='ocrx_word' id='word_1_485' title='bbox 1818 2731 2011 2774; x_wconf 66' lang='lat' dir='ltr'><strong>cmtera</strong></span> <span class='ocrx_word' id='word_1_486' title='bbox 2029 2720 2253 2773; x_wconf 79' lang='lat' dir='ltr'><strong>obtinet.</strong></span> <span class='ocrx_word' id='word_1_487' title='bbox 2278 2720 2334 2773; x_wconf 87' lang='lat' dir='ltr'><strong>In</strong></span> <span class='ocrx_word' id='word_1_488' title='bbox 2364 2736 2429 2773; x_wconf 89' lang='lat' dir='ltr'><strong>eo</strong></span> <span class='ocrx_word' id='word_1_489' title='bbox 2452 2722 2629 2788; x_wconf 84' lang='lat' dir='ltr'><strong>itaque</strong></span> <span class='ocrx_word' id='word_1_490' title='bbox 2652 2729 2795 2774; x_wconf 90' lang='lat' dir='ltr'><strong>statu</strong></span> <span class='ocrx_word' id='word_1_491' title='bbox 2825 2720 3122 2774; x_wconf 89' lang='lat' dir='ltr'><strong>collocatus</strong></span> <span class='ocrx_word' id='word_1_492' title='bbox 3144 2722 3379 2785; x_wconf 88' lang='lat' dir='ltr'><strong>animus,</strong></span> 
     </span>
    </p>
   </div>
   <div class='ocr_carea' id='block_1_71' title="bbox 1821 2809 3382 2879">
    <p class='ocr_par' dir='ltr' id='par_1_71' title="bbox 1821 2809 3382 2879">
     <span class='ocr_line' id='line_1_71' title="bbox 1821 2809 3382 2879; baseline 0.001 -18"><span class='ocrx_word' id='word_1_493' title='bbox 1821 2809 2008 2862; x_wconf 83' lang='lat' dir='ltr'><strong>hostes</strong></span> <span class='ocrx_word' id='word_1_494' title='bbox 2049 2809 2296 2876; x_wconf 85' lang='lat' dir='ltr'><strong>inquirit,</strong></span> <span class='ocrx_word' id='word_1_495' title='bbox 2337 2818 2396 2861; x_wconf 90' lang='lat' dir='ltr'><strong>ut</strong></span> <span class='ocrx_word' id='word_1_496' title='bbox 2443 2809 2597 2863; x_wconf 89' lang='lat' dir='ltr'><strong>canis</strong></span> <span class='ocrx_word' id='word_1_497' title='bbox 2633 2810 2911 2863; x_wconf 80' lang='lat' dir='ltr'><strong>laconicus</strong></span> <span class='ocrx_word' id='word_1_498' title='bbox 2948 2810 3001 2862; x_wconf 91' lang='lat' dir='ltr'><strong>in</strong></span> <span class='ocrx_word' id='word_1_499' title='bbox 3052 2811 3200 2865; x_wconf 70' lang='lat' dir='ltr'><strong>silvis</strong></span> <span class='ocrx_word' id='word_1_500' title='bbox 3232 2811 3382 2879; x_wconf 87' lang='lat' dir='ltr'><strong>lepo-</strong></span> 
     </span>
    </p>
   </div>
   <div class='ocr_carea' id='block_1_72' title="bbox 1823 2900 3384 2970">
    <p class='ocr_par' dir='ltr' id='par_1_72' title="bbox 1823 2900 3384 2970">
     <span class='ocr_line' id='line_1_72' title="bbox 1823 2900 3384 2970; baseline 0.001 -17"><span class='ocrx_word' id='word_1_501' title='bbox 1823 2918 1957 2954; x_wconf 82' lang='lat' dir='ltr'><strong>rem.</strong></span> <span class='ocrx_word' id='word_1_502' title='bbox 2000 2901 2077 2954; x_wconf 79' lang='lat' dir='ltr'><strong>Ad</strong></span> <span class='ocrx_word' id='word_1_503' title='bbox 2112 2901 2255 2952; x_wconf 89' lang='lat' dir='ltr'><strong>hunc</strong></span> <span class='ocrx_word' id='word_1_504' title='bbox 2298 2901 2440 2952; x_wconf 85' lang='lat' dir='ltr'><strong>enim</strong></span> <span class='ocrx_word' id='word_1_505' title='bbox 2490 2900 2709 2953; x_wconf 90' lang='lat' dir='ltr'><strong>modum</strong></span> <span class='ocrx_word' id='word_1_506' title='bbox 2743 2916 2900 2954; x_wconf 87' lang='lat' dir='ltr'><strong>mens</strong></span> <span class='ocrx_word' id='word_1_507' title='bbox 2940 2909 3214 2954; x_wconf 86' lang='lat' dir='ltr'><strong>scrutatur</strong></span> <span class='ocrx_word' id='word_1_508' title='bbox 3259 2918 3384 2970; x_wconf 83' lang='lat' dir='ltr'><strong>per—</strong></span> 
     </span>
    </p>
   </div>
   <div class='ocr_carea' id='block_1_73' title="bbox 1823 2990 3382 3060">
    <p class='ocr_par' dir='ltr' id='par_1_73' title="bbox 1823 2990 3382 3060">
     <span class='ocr_line' id='line_1_73' title="bbox 1823 2990 3382 3060; baseline 0.003 -17"><span class='ocrx_word' id='word_1_509' title='bbox 1823 3006 2009 3044; x_wconf 73' lang='lat' dir='ltr'><strong>vexsas</strong></span> <span class='ocrx_word' id='word_1_510' title='bbox 2055 2990 2450 3059; x_wconf 78' lang='lat' dir='ltr'><strong>cogitationes:</strong></span> <span class='ocrx_word' id='word_1_511' title='bbox 2502 2991 2595 3042; x_wconf 90' lang='lat' dir='ltr'><strong>sed</strong></span> <span class='ocrx_word' id='word_1_512' title='bbox 2629 2990 2716 3045; x_wconf 91' lang='lat' dir='ltr'><strong>ille</strong></span> <span class='ocrx_word' id='word_1_513' title='bbox 2746 2991 2988 3060; x_wconf 81' lang='lat' dir='ltr'><strong>quidem,</strong></span> <span class='ocrx_word' id='word_1_514' title='bbox 3025 3001 3083 3046; x_wconf 93' lang='lat' dir='ltr'><strong>ut</strong></span> <span class='ocrx_word' id='word_1_515' title='bbox 3108 2993 3382 3053; x_wconf 83' lang='lat' dir='ltr'><strong>comedat.</strong></span> 
     </span>
    </p>
   </div>
   <div class='ocr_carea' id='block_1_74' title="bbox 1826 3080 2604 3148">
    <p class='ocr_par' dir='ltr' id='par_1_74' title="bbox 1826 3080 2604 3148">
     <span class='ocr_line' id='line_1_74' title="bbox 1826 3080 2604 3148; baseline -0.005 -9"><span class='ocrx_word' id='word_1_516' title='bbox 1826 3084 1943 3139; x_wconf 73' lang='lat' dir='ltr'><strong>htec</strong></span> <span class='ocrx_word' id='word_1_517' title='bbox 1972 3094 2176 3148; x_wconf 69' lang='lat' dir='ltr'><strong>autem,</strong></span> <span class='ocrx_word' id='word_1_518' title='bbox 2210 3090 2269 3135; x_wconf 82' lang='lat' dir='ltr'><strong>ut</strong></span> <span class='ocrx_word' id='word_1_519' title='bbox 2296 3080 2604 3136; x_wconf 75' lang='lat' dir='ltr'><strong>labefactct.</strong></span> 
     </span>
    </p>
   </div>
   <div class='ocr_carea' id='block_1_75' title="bbox 1892 3169 3385 3242">
    <p class='ocr_par' dir='ltr' id='par_1_75' title="bbox 1892 3169 3385 3242">
     <span class='ocr_line' id='line_1_75' title="bbox 1892 3169 3385 3242; baseline -0.001 -16"><span class='ocrx_word' id='word_1_520' title='bbox 1892 3173 1981 3227; x_wconf 88' lang='lat'><strong>97.</strong></span> <span class='ocrx_word' id='word_1_521' title='bbox 2022 3170 2467 3239; x_wconf 87' lang='lat' dir='ltr'><strong>Quandoeunque</strong></span> <span class='ocrx_word' id='word_1_522' title='bbox 2511 3179 2565 3223; x_wconf 89' lang='lat' dir='ltr'><strong>et</strong></span> <span class='ocrx_word' id='word_1_523' title='bbox 2607 3169 3037 3239; x_wconf 85' lang='lat' dir='ltr'><strong>quotiescunque</strong></span> <span class='ocrx_word' id='word_1_524' title='bbox 3080 3170 3385 3242; x_wconf 75' lang='lat' dir='ltr'><strong>contigerit,</strong></span> 
     </span>
    </p>
   </div>
   <div class='ocr_carea' id='block_1_76' title="bbox 1826 3254 3392 3333">
    <p class='ocr_par' dir='ltr' id='par_1_76' title="bbox 1826 3254 3392 3333">
     <span class='ocr_line' id='line_1_76' title="bbox 1826 3254 3392 3333; baseline -0.002 -15"><span class='ocrx_word' id='word_1_525' title='bbox 1826 3274 1886 3318; x_wconf 92' lang='lat' dir='ltr'><strong>ut</strong></span> <span class='ocrx_word' id='word_1_526' title='bbox 1918 3273 2173 3333; x_wconf 83' lang='lat' dir='ltr'><strong>augeatur</strong></span> <span class='ocrx_word' id='word_1_527' title='bbox 2205 3262 2259 3315; x_wconf 92' lang='lat' dir='ltr'><strong>in</strong></span> <span class='ocrx_word' id='word_1_528' title='bbox 2295 3262 2451 3314; x_wconf 86' lang='lat' dir='ltr'><strong>nobis</strong></span> <span class='ocrx_word' id='word_1_529' title='bbox 2480 3275 2743 3313; x_wconf 86' lang='lat' dir='ltr'><strong>numerus</strong></span> <span class='ocrx_word' id='word_1_530' title='bbox 2775 3276 3060 3329; x_wconf 87' lang='lat' dir='ltr'><strong>pravarum</strong></span> <span class='ocrx_word' id='word_1_531' title='bbox 3106 3254 3392 3331; x_wconf 77' lang='lat' dir='ltr'><strong>Cogitatio-</strong></span> 
     </span>
    </p>
   </div>
   <div class='ocr_carea' id='block_1_77' title="bbox 1824 3352 3392 3423">
    <p class='ocr_par' dir='ltr' id='par_1_77' title="bbox 1824 3352 3392 3423">
     <span class='ocr_line' id='line_1_77' title="bbox 1824 3352 3392 3423; baseline -0.003 -13"><span class='ocrx_word' id='word_1_532' title='bbox 1824 3372 1957 3411; x_wconf 86' lang='lat' dir='ltr'><strong>num</strong></span> <span class='ocrx_word' id='word_1_533' title='bbox 1980 3395 1994 3420; x_wconf 96' lang='lat'><strong>,</strong></span> <span class='ocrx_word' id='word_1_534' title='bbox 2026 3354 2423 3423; x_wconf 87' lang='lat' dir='ltr'><strong>interjiciamus</strong></span> <span class='ocrx_word' id='word_1_535' title='bbox 2468 3353 2523 3405; x_wconf 93' lang='lat' dir='ltr'><strong>in</strong></span> <span class='ocrx_word' id='word_1_536' title='bbox 2558 3352 2797 3406; x_wconf 84' lang='lat' dir='ltr'><strong>medium</strong></span> <span class='ocrx_word' id='word_1_537' title='bbox 2830 3369 3017 3407; x_wconf 90' lang='lat' dir='ltr'><strong>earum</strong></span> <span class='ocrx_word' id='word_1_538' title='bbox 3058 3353 3392 3423; x_wconf 76' lang='lat' dir='ltr'><strong>imploratio-</strong></span> 
     </span>
    </p>
   </div>
   <div class='ocr_carea' id='block_1_78' title="bbox 1826 3441 3391 3517">
    <p class='ocr_par' dir='ltr' id='par_1_78' title="bbox 1826 3441 3391 3517">
     <span class='ocr_line' id='line_1_78' title="bbox 1826 3441 3391 3517; baseline -0.003 -15"><span class='ocrx_word' id='word_1_539' title='bbox 1826 3445 1952 3502; x_wconf 83' lang='lat' dir='ltr'><strong>nem</strong></span> <span class='ocrx_word' id='word_1_540' title='bbox 1987 3444 2197 3499; x_wconf 89' lang='lat' dir='ltr'><strong>Domini</strong></span> <span class='ocrx_word' id='word_1_541' title='bbox 2225 3444 2398 3497; x_wconf 90' lang='lat' dir='ltr'><strong>nostri</strong></span> <span class='ocrx_word' id='word_1_542' title='bbox 2428 3441 2556 3497; x_wconf 88' lang='lat' dir='ltr'><strong>Jesu</strong></span> <span class='ocrx_word' id='word_1_543' title='bbox 2589 3442 2828 3497; x_wconf 86' lang='lat' dir='ltr'><strong>Christi:</strong></span> <span class='ocrx_word' id='word_1_544' title='bbox 2861 3454 3240 3517; x_wconf 16' lang='lat' dir='ltr'><strong>tumque‘mox</strong></span> <span class='ocrx_word' id='word_1_545' title='bbox 3277 3460 3391 3508; x_wconf 89' lang='lat' dir='ltr'><strong>eas,</strong></span> 
     </span>
    </p>
   </div>
   <div class='ocr_carea' id='block_1_79' title="bbox 1828 3519 3394 3604">
    <p class='ocr_par' dir='ltr' id='par_1_79' title="bbox 1828 3519 3394 3604">
     <span class='ocr_line' id='line_1_79' title="bbox 1828 3519 3394 3604; baseline -0.002 -13"><span class='ocrx_word' id='word_1_546' title='bbox 1828 3538 2002 3592; x_wconf 85' lang='lat' dir='ltr'><strong>instar</strong></span> <span class='ocrx_word' id='word_1_547' title='bbox 2042 3534 2173 3589; x_wconf 83' lang='lat' dir='ltr'><strong>fumi</strong></span> <span class='ocrx_word' id='word_1_548' title='bbox 2206 3534 2261 3587; x_wconf 90' lang='lat' dir='ltr'><strong>in</strong></span> <span class='ocrx_word' id='word_1_549' title='bbox 2296 3528 2453 3599; x_wconf 73' lang='lat' dir='ltr'><strong>aere,‘</strong></span> <span class='ocrx_word' id='word_1_550' title='bbox 2476 3534 2787 3587; x_wconf 78' lang='lat' dir='ltr'><strong>videbimus</strong></span> <span class='ocrx_word' id='word_1_551' title='bbox 2812 3519 3139 3604; x_wconf 72' lang='lat' dir='ltr'><strong>evanescere</strong></span> <span class='ocrx_word' id='word_1_552' title='bbox 3169 3549 3182 3584; x_wconf 88' lang='lat'>:</span> <span class='ocrx_word' id='word_1_553' title='bbox 3236 3536 3394 3588; x_wconf 88' lang='lat' dir='ltr'><strong>sicuti</strong></span> 
     </span>
    </p>
   </div>
   <div class='ocr_carea' id='block_1_80' title="bbox 1827 3625 3397 3694">
    <p class='ocr_par' dir='ltr' id='par_1_80' title="bbox 1827 3625 3397 3694">
     <span class='ocr_line' id='line_1_80' title="bbox 1827 3625 3397 3694; baseline -0.002 -12"><span class='ocrx_word' id='word_1_554' title='bbox 1827 3628 2012 3682; x_wconf 89' lang='lat' dir='ltr'><strong>docuit</strong></span> <span class='ocrx_word' id='word_1_555' title='bbox 2044 3625 2398 3694; x_wconf 78' lang='lat' dir='ltr'><strong>experientia.</strong></span> <span class='ocrx_word' id='word_1_556' title='bbox 2419 3626 2488 3678; x_wconf 89' lang='lat' dir='ltr'><strong>Et</strong></span> <span class='ocrx_word' id='word_1_557' title='bbox 2516 3625 2560 3679; x_wconf 93' lang='lat' dir='ltr'><strong>si</strong></span> <span class='ocrx_word' id='word_1_558' title='bbox 2584 3640 2738 3679; x_wconf 89' lang='lat' dir='ltr'><strong>mens</strong></span> <span class='ocrx_word' id='word_1_559' title='bbox 2766 3626 2877 3679; x_wconf 92' lang='lat' dir='ltr'><strong>sola</strong></span> <span class='ocrx_word' id='word_1_560' title='bbox 2902 3625 3397 3694; x_wconf 83' lang='lat' dir='ltr'><strong>comprehendatur</strong></span> 
     </span>
    </p>
   </div>
   <div class='ocr_carea' id='block_1_81' title="bbox 1830 3713 3397 3772">
    <p class='ocr_par' dir='ltr' id='par_1_81' title="bbox 1830 3713 3397 3772">
     <span class='ocr_line' id='line_1_81' title="bbox 1830 3713 3397 3772; baseline -0.001 -3"><span class='ocrx_word' id='word_1_561' title='bbox 1830 3717 1898 3769; x_wconf 90' lang='lat' dir='ltr'><strong>ab</strong></span> <span class='ocrx_word' id='word_1_562' title='bbox 1929 3714 2055 3772; x_wconf 86' lang='lat' dir='ltr'><strong>illis,</strong></span> <span class='ocrx_word' id='word_1_563' title='bbox 2088 3714 2269 3767; x_wconf 88' lang='lat' dir='ltr'><strong>denuo</strong></span> <span class='ocrx_word' id='word_1_564' title='bbox 2318 3727 2659 3766; x_wconf 85' lang='lat' dir='ltr'><strong>resumamus</strong></span> <span class='ocrx_word' id='word_1_565' title='bbox 2688 3713 2902 3766; x_wconf 89' lang='lat' dir='ltr'><strong>initium</strong></span> <span class='ocrx_word' id='word_1_566' title='bbox 2930 3714 3257 3769; x_wconf 78' lang='lat' dir='ltr'><strong>continentis</strong></span> <span class='ocrx_word' id='word_1_567' title='bbox 3299 3716 3397 3767; x_wconf 86' lang='lat' dir='ltr'><strong>oh-</strong></span> 
     </span>
    </p>
   </div>
   <div class='ocr_carea' id='block_1_82' title="bbox 1831 3802 3395 3874">
    <p class='ocr_par' dir='ltr' id='par_1_82' title="bbox 1831 3802 3395 3874">
     <span class='ocr_line' id='line_1_82' title="bbox 1831 3802 3395 3874; baseline -0.001 -15"><span class='ocrx_word' id='word_1_568' title='bbox 1831 3803 2156 3872; x_wconf 88' lang='lat' dir='ltr'><strong>servationis</strong></span> <span class='ocrx_word' id='word_1_569' title='bbox 2185 3829 2191 3835; x_wconf 88' lang='lat'><strong><em>-</em></strong></span> <span class='ocrx_word' id='word_1_570' title='bbox 2221 3812 2276 3855; x_wconf 91' lang='lat' dir='ltr'><strong>et</strong></span> <span class='ocrx_word' id='word_1_571' title='bbox 2315 3802 2700 3856; x_wconf 90' lang='lat' dir='ltr'><strong>invocationis.</strong></span> <span class='ocrx_word' id='word_1_572' title='bbox 2780 3802 3006 3867; x_wconf 84' lang='lat' dir='ltr'><strong>Quoties</strong></span> <span class='ocrx_word' id='word_1_573' title='bbox 3069 3805 3249 3874; x_wconf 89' lang='lat' dir='ltr'><strong>itaque</strong></span> <span class='ocrx_word' id='word_1_574' title='bbox 3308 3806 3395 3859; x_wconf 82' lang='lat' dir='ltr'><strong>tali</strong></span> 
     </span>
    </p>
   </div>
   <div class='ocr_carea' id='block_1_83' title="bbox 1831 3880 3395 3964">
    <p class='ocr_par' dir='ltr' id='par_1_83' title="bbox 1831 3880 3395 3964">
     <span class='ocr_line' id='line_1_83' title="bbox 1831 3880 3395 3964; baseline 0 -17"><span class='ocrx_word' id='word_1_575' title='bbox 1831 3880 2067 3964; x_wconf 91' lang='lat' dir='ltr'><strong>quodam</strong></span> <span class='ocrx_word' id='word_1_576' title='bbox 2119 3892 2363 3961; x_wconf 87' lang='lat' dir='ltr'><strong>periculo</strong></span> <span class='ocrx_word' id='word_1_577' title='bbox 2408 3906 2625 3945; x_wconf 92' lang='lat' dir='ltr'><strong>rursum</strong></span> <span class='ocrx_word' id='word_1_578' title='bbox 2685 3891 3024 3957; x_wconf 79' lang='lat' dir='ltr'><strong>vexabiniur,</strong></span> <span class='ocrx_word' id='word_1_579' title='bbox 3066 3893 3171 3947; x_wconf 90' lang='lat' dir='ltr'><strong>hoc</strong></span> <span class='ocrx_word' id='word_1_580' title='bbox 3219 3895 3395 3963; x_wconf 88' lang='lat' dir='ltr'><strong>ipsum</strong></span> 
     </span>
    </p>
   </div>
   <div class='ocr_carea' id='block_1_84' title="bbox 1832 4000 3145 4055">
    <p class='ocr_par' dir='ltr' id='par_1_84' title="bbox 1832 4000 3145 4055">
     <span class='ocr_line' id='line_1_84' title="bbox 1832 4000 3145 4055; baseline -0.007 -17"><span class='ocrx_word' id='word_1_581' title='bbox 1832 4000 2074 4055; x_wconf 82' lang='lat' dir='ltr'><strong>agamus.</strong></span> <span class='ocrx_word' id='word_1_582' title='bbox 2640 4000 2646 4005; x_wconf 93' lang='grc'>·</span> <span class='ocrx_word' id='word_1_583' title='bbox 3138 4022 3145 4029; x_wconf 92' lang='grc'><strong>.</strong></span> 
     </span>
    </p>
   </div>
   <div class='ocr_carea' id='block_1_85' title="bbox 1903 4071 3399 4145">
    <p class='ocr_par' dir='ltr' id='par_1_85' title="bbox 1903 4071 3399 4145">
     <span class='ocr_line' id='line_1_85' title="bbox 1903 4071 3399 4145; baseline 0.002 -15"><span class='ocrx_word' id='word_1_584' title='bbox 1903 4076 1993 4131; x_wconf 89' lang='grc'><strong>98.</strong></span> <span class='ocrx_word' id='word_1_585' title='bbox 2033 4071 2506 4140; x_wconf 85' lang='lat' dir='ltr'><strong>Quemadmodum</strong></span> <span class='ocrx_word' id='word_1_586' title='bbox 2528 4071 2643 4127; x_wconf 86' lang='lat' dir='ltr'><strong>ﬁeri</strong></span> <span class='ocrx_word' id='word_1_587' title='bbox 2672 4088 2781 4128; x_wconf 88' lang='lat' dir='ltr'><strong>non</strong></span> <span class='ocrx_word' id='word_1_588' title='bbox 2808 4083 2985 4144; x_wconf 89' lang='lat' dir='ltr'><strong>potest</strong></span> <span class='ocrx_word' id='word_1_589' title='bbox 3017 4082 3076 4129; x_wconf 92' lang='lat' dir='ltr'><strong>ut</strong></span> <span class='ocrx_word' id='word_1_590' title='bbox 3097 4076 3219 4145; x_wconf 94' lang='lat' dir='ltr'><strong>quis</strong></span> <span class='ocrx_word' id='word_1_591' title='bbox 3252 4078 3399 4133; x_wconf 91' lang='lat' dir='ltr'><strong>nudo</strong></span> 
     </span>
    </p>
   </div>
   <div class='ocr_carea' id='block_1_86' title="bbox 1835 4165 3401 4238">
    <p class='ocr_par' dir='ltr' id='par_1_86' title="bbox 1835 4165 3401 4238">
     <span class='ocr_line' id='line_1_86' title="bbox 1835 4165 3401 4238; baseline 0.002 -15"><span class='ocrx_word' id='word_1_592' title='bbox 1835 4183 2063 4238; x_wconf 87' lang='lat' dir='ltr'><strong>corpore</strong></span> <span class='ocrx_word' id='word_1_593' title='bbox 2101 4165 2441 4222; x_wconf 88' lang='lat' dir='ltr'><strong>descendens</strong></span> <span class='ocrx_word' id='word_1_594' title='bbox 2470 4166 2528 4219; x_wconf 92' lang='lat' dir='ltr'><strong>in</strong></span> <span class='ocrx_word' id='word_1_595' title='bbox 2568 4166 2836 4235; x_wconf 73' lang='lat' dir='ltr'><strong>praelium,</strong></span> <span class='ocrx_word' id='word_1_596' title='bbox 2870 4168 3040 4222; x_wconf 87' lang='lat' dir='ltr'><strong>victor</strong></span> <span class='ocrx_word' id='word_1_597' title='bbox 3068 4168 3282 4236; x_wconf 86' lang='lat' dir='ltr'><strong>evadat,</strong></span> <span class='ocrx_word' id='word_1_598' title='bbox 3306 4182 3401 4226; x_wconf 89' lang='lat' dir='ltr'><strong>aut</strong></span> 
     </span>
    </p>
   </div>
   <div class='ocr_carea' id='block_1_87' title="bbox 1836 4257 3402 4328">
    <p class='ocr_par' dir='ltr' id='par_1_87' title="bbox 1836 4257 3402 4328">
     <span class='ocr_line' id='line_1_87' title="bbox 1836 4257 3402 4328; baseline 0.004 -14"><span class='ocrx_word' id='word_1_599' title='bbox 1836 4276 1958 4315; x_wconf 92' lang='lat' dir='ltr'><strong>cum</strong></span> <span class='ocrx_word' id='word_1_600' title='bbox 1982 4257 2316 4312; x_wconf 81' lang='lat' dir='ltr'><strong>indumentis</strong></span> <span class='ocrx_word' id='word_1_601' title='bbox 2345 4257 2400 4311; x_wconf 91' lang='lat' dir='ltr'><strong>in</strong></span> <span class='ocrx_word' id='word_1_602' title='bbox 2425 4257 2692 4311; x_wconf 85' lang='lat' dir='ltr'><strong>immenso</strong></span> <span class='ocrx_word' id='word_1_603' title='bbox 2719 4259 2909 4328; x_wconf 81' lang='lat' dir='ltr'><strong>pelago</strong></span> <span class='ocrx_word' id='word_1_604' title='bbox 2938 4271 3108 4327; x_wconf 90' lang='lat' dir='ltr'><strong>natet,</strong></span> <span class='ocrx_word' id='word_1_605' title='bbox 3133 4271 3229 4317; x_wconf 90' lang='lat' dir='ltr'><strong>aut</strong></span> <span class='ocrx_word' id='word_1_606' title='bbox 3257 4265 3402 4320; x_wconf 83' lang='lat' dir='ltr'><strong>vivat</strong></span> 
     </span>
    </p>
   </div>
   <div class='ocr_carea' id='block_1_88' title="bbox 1838 4347 3399 4419">
    <p class='ocr_par' dir='ltr' id='par_1_88' title="bbox 1838 4347 3399 4419">
     <span class='ocr_line' id='line_1_88' title="bbox 1838 4347 3399 4419; baseline 0.004 -16"><span class='ocrx_word' id='word_1_607' title='bbox 1838 4352 1955 4404; x_wconf 85' lang='lat' dir='ltr'><strong>sine</strong></span> <span class='ocrx_word' id='word_1_608' title='bbox 1989 4348 2346 4418; x_wconf 88' lang='lat' dir='ltr'><strong>respiratione</strong></span> <span class='ocrx_word' id='word_1_609' title='bbox 2369 4388 2384 4413; x_wconf 95' lang='lat'><strong>,</strong></span> <span class='ocrx_word' id='word_1_610' title='bbox 2429 4347 2502 4402; x_wconf 87' lang='lat' dir='ltr'><strong>ita</strong></span> <span class='ocrx_word' id='word_1_611' title='bbox 2536 4348 2649 4402; x_wconf 74' lang='lat' dir='ltr'><strong>fieri</strong></span> <span class='ocrx_word' id='word_1_612' title='bbox 2683 4364 2791 4402; x_wconf 92' lang='lat' dir='ltr'><strong>non</strong></span> <span class='ocrx_word' id='word_1_613' title='bbox 2836 4360 3016 4419; x_wconf 90' lang='lat' dir='ltr'><strong>potest</strong></span> <span class='ocrx_word' id='word_1_614' title='bbox 3050 4363 3106 4406; x_wconf 87' lang='grc' dir='ltr'><strong>ιιι</strong></span> <span class='ocrx_word' id='word_1_615' title='bbox 3136 4355 3267 4410; x_wconf 90' lang='lat' dir='ltr'><strong>citra</strong></span> <span class='ocrx_word' id='word_1_616' title='bbox 3296 4357 3399 4409; x_wconf 82' lang='lat' dir='ltr'><strong>ltu—</strong></span> 
     </span>
    </p>
   </div>
   <div class='ocr_carea' id='block_1_89' title="bbox 156 4424 1722 4511">
    <p class='ocr_par' dir='ltr' id='par_1_89' title="bbox 156 4424 1722 4496">
     <span class='ocr_line' id='line_1_89' title="bbox 156 4424 1722 4496; baseline 0.002 -19"><span class='ocrx_word' id='word_1_617' title='bbox 156 4426 403 4488; x_wconf 71' lang='grc' dir='ltr'>ἱκεσίας,</span> <span class='ocrx_word' id='word_1_618' title='bbox 434 4425 526 4477; x_wconf 78' lang='grc' dir='ltr'><strong>τὸν</strong></span> <span class='ocrx_word' id='word_1_619' title='bbox 563 4425 753 4494; x_wconf 78' lang='grc' dir='ltr'>νοητὸν</span> <span class='ocrx_word' id='word_1_620' title='bbox 775 4426 871 4477; x_wconf 72' lang='grc' dir='ltr'>καὶ</span> <span class='ocrx_word' id='word_1_621' title='bbox 903 4425 1145 4494; x_wconf 79' lang='grc' dir='ltr'>κρυπτὸν</span> <span class='ocrx_word' id='word_1_622' title='bbox 1175 4424 1414 4493; x_wconf 86' lang='grc' dir='ltr'>πόλεμον</span> <span class='ocrx_word' id='word_1_623' title='bbox 1445 4426 1722 4496; x_wconf 77' lang='grc' dir='ltr'>ἐκμαθεῖν,</span> 
     </span>
    </p>
   </div>
   <div class='ocr_carea' id='block_1_90' title="bbox 1822 4424 3401 4511">
    <p class='ocr_par' dir='ltr' id='par_1_90' title="bbox 1838 4439 3401 4511">
     <span class='ocr_line' id='line_1_90' title="bbox 1838 4439 3401 4511; baseline 0.003 -16"><span class='ocrx_word' id='word_1_624' title='bbox 1838 4440 2119 4495; x_wconf 74' lang='lat' dir='ltr'><strong>militatem</strong></span> <span class='ocrx_word' id='word_1_625' title='bbox 2174 4448 2229 4493; x_wconf 84' lang='lat' dir='ltr'><strong>et</strong></span> <span class='ocrx_word' id='word_1_626' title='bbox 2278 4439 2593 4493; x_wconf 83' lang='lat' dir='ltr'><strong>continuam</strong></span> <span class='ocrx_word' id='word_1_627' title='bbox 2650 4439 2849 4493; x_wconf 90' lang='lat' dir='ltr'><strong>Christi</strong></span> <span class='ocrx_word' id='word_1_628' title='bbox 2904 4443 3356 4511; x_wconf 85' lang='lat' dir='ltr'><strong>supplicationem</strong></span> <span class='ocrx_word' id='word_1_629' title='bbox 3387 4488 3401 4509; x_wconf 88' lang='lat'><strong>,</strong></span> 
     </span>
    </p>
   </div>
   <div class='ocr_carea' id='block_1_91' title="bbox 151 4513 1571 4585">
    <p class='ocr_par' dir='ltr' id='par_1_91' title="bbox 151 4513 1571 4585">
     <span class='ocr_line' id='line_1_91' title="bbox 151 4513 1571 4585; baseline 0.001 -18"><span class='ocrx_word' id='word_1_630' title='bbox 151 4514 260 4567; x_wconf 69' lang='grc' dir='ltr'>καὶ</span> <span class='ocrx_word' id='word_1_631' title='bbox 286 4513 551 4584; x_wconf 83' lang='grc' dir='ltr'>τεχνικῶς</span> <span class='ocrx_word' id='word_1_632' title='bbox 577 4514 800 4577; x_wconf 84' lang='grc' dir='ltr'>τούτους</span> <span class='ocrx_word' id='word_1_633' title='bbox 824 4514 1186 4568; x_wconf 86' lang='grc' dir='ltr'>καταδιώκειν</span> <span class='ocrx_word' id='word_1_634' title='bbox 1215 4515 1310 4567; x_wconf 77' lang='grc' dir='ltr'>καὶ</span> <span class='ocrx_word' id='word_1_635' title='bbox 1336 4515 1571 4585; x_wconf 82' lang='grc' dir='ltr'>βάλλειν.</span> 
     </span>
    </p>
   </div>
   <div class='ocr_carea' id='block_1_92' title="bbox 239 4694 1736 4769">
    <p class='ocr_par' dir='ltr' id='par_1_92' title="bbox 239 4694 1736 4769">
     <span class='ocr_line' id='line_1_92' title="bbox 239 4694 1736 4769; baseline 0.002 -23"><span class='ocrx_word' id='word_1_636' title='bbox 239 4694 347 4762; x_wconf 61' lang='grc' dir='ltr'>ιιθο.</span> <span class='ocrx_word' id='word_1_637' title='bbox 400 4694 458 4747; x_wconf 90' lang='lat'><strong>&#39;0</strong></span> <span class='ocrx_word' id='word_1_638' title='bbox 514 4694 688 4764; x_wconf 82' lang='grc' dir='ltr'>μέγας</span> <span class='ocrx_word' id='word_1_639' title='bbox 726 4694 1174 4765; x_wconf 81' lang='grc' dir='ltr'>πρακτικώτατος</span> <span class='ocrx_word' id='word_1_640' title='bbox 1224 4697 1388 4751; x_wconf 79' lang='grc' dir='ltr'>Δαϐίδ</span> <span class='ocrx_word' id='word_1_641' title='bbox 1440 4715 1572 4769; x_wconf 84' lang='grc' dir='ltr'>φησι</span> <span class='ocrx_word' id='word_1_642' title='bbox 1604 4715 1618 4728; x_wconf 74' lang='grc' dir='ltr'><strong>ο</strong></span> <span class='ocrx_word' id='word_1_643' title='bbox 1666 4700 1736 4752; x_wconf 80' lang='grc' dir='ltr'><strong>Τὸ</strong></span> 
     </span>
    </p>
   </div>
   <div class='ocr_carea' id='block_1_93' title="bbox 153 4782 1735 4858">
    <p class='ocr_par' dir='ltr' id='par_1_93' title="bbox 153 4782 1735 4858">
     <span class='ocr_line' id='line_1_93' title="bbox 153 4782 1735 4858; baseline 0.003 -21"><span class='ocrx_word' id='word_1_644' title='bbox 153 4782 389 4851; x_wconf 77' lang='grc' dir='ltr'>κράτος</span> <span class='ocrx_word' id='word_1_645' title='bbox 424 4800 546 4852; x_wconf 88' lang='grc' dir='ltr'><strong>μου</strong></span> <span class='ocrx_word' id='word_1_646' title='bbox 579 4784 729 4852; x_wconf 78' lang='grc' dir='ltr'>πρὸς</span> <span class='ocrx_word' id='word_1_647' title='bbox 784 4784 860 4836; x_wconf 89' lang='grc' dir='ltr'>σὲ</span> <span class='ocrx_word' id='word_1_648' title='bbox 895 4785 1147 4853; x_wconf 72' lang='grc' dir='ltr'>φυλάξω</span> <span class='ocrx_word' id='word_1_649' title='bbox 1170 4826 1185 4851; x_wconf 83' lang='grc'><strong>,</strong></span> <span class='ocrx_word' id='word_1_650' title='bbox 1220 4786 1359 4856; x_wconf 84' lang='grc' dir='ltr'>πρὸς</span> <span class='ocrx_word' id='word_1_651' title='bbox 1392 4787 1485 4841; x_wconf 76' lang='grc' dir='ltr'><strong>τὸν</strong></span> <span class='ocrx_word' id='word_1_652' title='bbox 1522 4787 1735 4858; x_wconf 75' lang='grc' dir='ltr'>’Κύριον</span> 
     </span>
    </p>
   </div>
   <div class='ocr_carea' id='block_1_94' title="bbox 153 4868 1737 4949">
    <p class='ocr_par' dir='ltr' id='par_1_94' title="bbox 153 4868 1737 4949">
     <span class='ocr_line' id='line_1_94' title="bbox 153 4868 1737 4949; baseline 0.003 -23"><span class='ocrx_word' id='word_1_653' title='bbox 153 4874 342 4943; x_wconf 72' lang='grc' dir='ltr'>λέγει,</span> <span class='ocrx_word' id='word_1_654' title='bbox 375 4868 518 4927; x_wconf 73' lang='grc' dir='ltr'>ὥστε</span> <span class='ocrx_word' id='word_1_655' title='bbox 545 4875 605 4928; x_wconf 78' lang='grc' dir='ltr'>τὸ</span> <span class='ocrx_word' id='word_1_656' title='bbox 635 4875 974 4947; x_wconf 83' lang='grc' dir='ltr'>φυλαχθῆναι</span> <span class='ocrx_word' id='word_1_657' title='bbox 1016 4878 1074 4929; x_wconf 81' lang='grc' dir='ltr'>ὲν</span> <span class='ocrx_word' id='word_1_658' title='bbox 1112 4878 1245 4946; x_wconf 77' lang='grc' dir='ltr'>ἡμῖν</span> <span class='ocrx_word' id='word_1_659' title='bbox 1285 4877 1347 4929; x_wconf 79' lang='grc' dir='ltr'><strong>τὸ</strong></span> <span class='ocrx_word' id='word_1_660' title='bbox 1385 4878 1585 4947; x_wconf 83' lang='grc' dir='ltr'>κράτος</span> <span class='ocrx_word' id='word_1_661' title='bbox 1637 4879 1737 4949; x_wconf 81' lang='grc' dir='ltr'>τῆς</span> 
     </span>
    </p>
   </div>
   <div class='ocr_carea' id='block_1_95' title="bbox 147 4963 1738 5038">
    <p class='ocr_par' dir='ltr' id='par_1_95' title="bbox 147 4963 1738 5038">
     <span class='ocr_line' id='line_1_95' title="bbox 147 4963 1738 5038; baseline 0.002 -18"><span class='ocrx_word' id='word_1_662' title='bbox 147 4964 470 5034; x_wconf 75' lang='grc' dir='ltr'>καρδιακῆς</span> <span class='ocrx_word' id='word_1_663' title='bbox 502 4966 694 5033; x_wconf 79' lang='grc' dir='ltr'>νοερᾶς</span> <span class='ocrx_word' id='word_1_664' title='bbox 735 4967 983 5035; x_wconf 74' lang='grc' dir='ltr'>ἡσυχίας,</span> <span class='ocrx_word' id='word_1_665' title='bbox 1020 4966 1079 5031; x_wconf 75' lang='grc' dir='ltr'>ἐξ</span> <span class='ocrx_word' id='word_1_666' title='bbox 1116 4963 1185 5038; x_wconf 80' lang='grc' dir='ltr'>ἦς</span> <span class='ocrx_word' id='word_1_667' title='bbox 1232 4968 1529 5036; x_wconf 84' lang='grc' dir='ltr'>γεννῶνται</span> <span class='ocrx_word' id='word_1_668' title='bbox 1566 4972 1738 5025; x_wconf 79' lang='grc' dir='ltr'>πᾶσαι</span> 
     </span>
    </p>
   </div>
   <div class='ocr_carea' id='block_1_96' title="bbox 153 5054 1737 5129">
    <p class='ocr_par' dir='ltr' id='par_1_96' title="bbox 153 5054 1737 5129">
     <span class='ocr_line' id='line_1_96' title="bbox 153 5054 1737 5129; baseline 0.004 -21"><span class='ocrx_word' id='word_1_669' title='bbox 153 5055 226 5108; x_wconf 78' lang='lat' dir='ltr'><strong>ai</strong></span> <span class='ocrx_word' id='word_1_670' title='bbox 262 5056 475 5125; x_wconf 78' lang='grc' dir='ltr'>ἀρεταὶ,</span> <span class='ocrx_word' id='word_1_671' title='bbox 512 5054 602 5107; x_wconf 81' lang='grc' dir='ltr'>διὰ</span> <span class='ocrx_word' id='word_1_672' title='bbox 640 5056 737 5108; x_wconf 80' lang='grc' dir='ltr'><strong>τοῦ</strong></span> <span class='ocrx_word' id='word_1_673' title='bbox 791 5056 1104 5127; x_wconf 83' lang='grc' dir='ltr'>βοηθεῖσθαι</span> <span class='ocrx_word' id='word_1_674' title='bbox 1133 5058 1282 5127; x_wconf 81' lang='grc' dir='ltr'>ἡμᾶς</span> <span class='ocrx_word' id='word_1_675' title='bbox 1313 5059 1464 5129; x_wconf 79' lang='grc' dir='ltr'>παρὰ</span> <span class='ocrx_word' id='word_1_676' title='bbox 1494 5060 1588 5113; x_wconf 81' lang='grc' dir='ltr'><strong>τοῦ</strong></span> <span class='ocrx_word' id='word_1_677' title='bbox 1624 5061 1737 5114; x_wconf 79' lang='grc' dir='ltr'>Κυ-</span> 
     </span>
    </p>
   </div>
   <div class='ocr_carea' id='block_1_97' title="bbox 159 5143 1743 5217">
    <p class='ocr_par' dir='ltr' id='par_1_97' title="bbox 159 5143 1743 5217">
     <span class='ocr_line' id='line_1_97' title="bbox 159 5143 1743 5217; baseline 0.005 -20"><span class='ocrx_word' id='word_1_678' title='bbox 159 5145 293 5215; x_wconf 86' lang='grc' dir='ltr'>ρίου</span> <span class='ocrx_word' id='word_1_679' title='bbox 340 5146 730 5217; x_wconf 67' lang='grc' dir='ltr'>προσγίνεταν</span> <span class='ocrx_word' id='word_1_680' title='bbox 775 5148 869 5201; x_wconf 81' lang='grc' dir='ltr'>τοῦ</span> <span class='ocrx_word' id='word_1_681' title='bbox 917 5149 1138 5212; x_wconf 73' lang='grc' dir='ltr'>καὶτὰς</span> <span class='ocrx_word' id='word_1_682' title='bbox 1168 5150 1386 5213; x_wconf 66' lang='grc' dir='ltr'>ἐντολάς</span> <span class='ocrx_word' id='word_1_683' title='bbox 1416 5143 1625 5214; x_wconf 73' lang='grc' dir='ltr'>δόντος,</span> <span class='ocrx_word' id='word_1_684' title='bbox 1647 5154 1743 5205; x_wconf 76' lang='grc' dir='ltr'><strong>καὶ</strong></span> 
     </span>
    </p>
   </div>
   <div class='ocr_carea' id='block_1_98' title="bbox 158 5227 1742 5311">
    <p class='ocr_par' dir='ltr' id='par_1_98' title="bbox 158 5227 1742 5311">
     <span class='ocr_line' id='line_1_98' title="bbox 158 5227 1742 5311; baseline 0.006 -27"><span class='ocrx_word' id='word_1_685' title='bbox 158 5235 268 5303; x_wconf 70' lang='grc' dir='ltr'><strong>ἀφ’</strong></span> <span class='ocrx_word' id='word_1_686' title='bbox 298 5236 457 5305; x_wconf 77' lang='grc' dir='ltr'>ἡμῶν</span> <span class='ocrx_word' id='word_1_687' title='bbox 485 5236 585 5307; x_wconf 83' lang='grc' dir='ltr'>τὴν</span> <span class='ocrx_word' id='word_1_688' title='bbox 635 5238 839 5309; x_wconf 80' lang='grc' dir='ltr'>μιαρὰν</span> <span class='ocrx_word' id='word_1_689' title='bbox 875 5238 1047 5309; x_wconf 82' lang='grc' dir='ltr'>λήθην</span> <span class='ocrx_word' id='word_1_690' title='bbox 1090 5227 1466 5306; x_wconf 76' lang='grc' dir='ltr'>ὲκδιώκοντος,</span> <span class='ocrx_word' id='word_1_691' title='bbox 1504 5228 1742 5311; x_wconf 78' lang='grc' dir='ltr'>συνεχῶς</span> 
     </span>
    </p>
   </div>
   <div class='ocr_carea' id='block_1_99' title="bbox 169 5324 1762 5404">
    <p class='ocr_par' dir='ltr' id='par_1_99' title="bbox 169 5324 1762 5404">
     <span class='ocr_line' id='line_1_99' title="bbox 169 5324 1762 5404; baseline 0.006 -27"><span class='ocrx_word' id='word_1_692' title='bbox 169 5324 313 5394; x_wconf 78' lang='grc' dir='ltr'>παρ’</span> <span class='ocrx_word' id='word_1_693' title='bbox 341 5326 498 5396; x_wconf 69' lang='grc' dir='ltr'>ἡμῶν</span> <span class='ocrx_word' id='word_1_694' title='bbox 545 5328 933 5397; x_wconf 71' lang='grc' dir='ltr'>ὲπιὸοωμένων</span> <span class='ocrx_word' id='word_1_695' title='bbox 968 5330 1277 5401; x_wconf 82' lang='grc' dir='ltr'>φθαρτικὴν</span> <span class='ocrx_word' id='word_1_696' title='bbox 1304 5327 1474 5385; x_wconf 77' lang='grc' dir='ltr'>οὖσαν</span> <span class='ocrx_word' id='word_1_697' title='bbox 1506 5333 1762 5404; x_wconf 24' lang='grc' dir='ltr'>μάλιστα.</span> 
     </span>
    </p>
   </div>
   <div class='ocr_carea' id='block_1_100' title="bbox 167 5414 1744 5492">
    <p class='ocr_par' dir='ltr' id='par_1_100' title="bbox 167 5414 1744 5492">
     <span class='ocr_line' id='line_1_100' title="bbox 167 5414 1744 5492; baseline -0.002 -14"><span class='ocrx_word' id='word_1_698' title='bbox 167 5414 279 5481; x_wconf 70' lang='grc' dir='ltr'>τῆς</span> <span class='ocrx_word' id='word_1_699' title='bbox 321 5416 625 5486; x_wconf 69' lang='grc' dir='ltr'>καρδιακῖκ</span> <span class='ocrx_word' id='word_1_700' title='bbox 658 5418 888 5488; x_wconf 83' lang='grc' dir='ltr'>ἡσυχίας</span> <span class='ocrx_word' id='word_1_701' title='bbox 913 5416 1013 5488; x_wconf 75' lang='grc' dir='ltr'>τὴν</span> <span class='ocrx_word' id='word_1_702' title='bbox 1042 5420 1326 5489; x_wconf 79' lang='grc' dir='ltr'>ἀμέλειαν,</span> <span class='ocrx_word' id='word_1_703' title='bbox 1352 5421 1427 5485; x_wconf 81' lang='grc' dir='ltr'>ὡς</span> <span class='ocrx_word' id='word_1_704' title='bbox 1458 5422 1602 5492; x_wconf 75' lang='grc' dir='ltr'>ὕδωρ</span> <span class='ocrx_word' id='word_1_705' title='bbox 1634 5430 1744 5476; x_wconf 75' lang='grc' dir='ltr'>πυ-</span> 
     </span>
    </p>
   </div>
   <div class='ocr_carea' id='block_1_101' title="bbox 162 5491 1771 5582">
    <p class='ocr_par' dir='ltr' id='par_1_101' title="bbox 162 5491 1771 5582">
     <span class='ocr_line' id='line_1_101' title="bbox 162 5491 1771 5582; baseline -0.002 -12"><span class='ocrx_word' id='word_1_706' title='bbox 162 5506 305 5575; x_wconf 82' lang='grc' dir='ltr'>ρός·</span> <span class='ocrx_word' id='word_1_707' title='bbox 335 5506 545 5578; x_wconf 81' lang='grc' dir='ltr'>διόπερ,</span> <span class='ocrx_word' id='word_1_708' title='bbox 587 5509 808 5579; x_wconf 81' lang='grc' dir='ltr'>μοναχὲ,</span> <span class='ocrx_word' id='word_1_709' title='bbox 831 5511 907 5580; x_wconf 78' lang='grc' dir='ltr'>μὴ</span> <span class='ocrx_word' id='word_1_710' title='bbox 934 5510 994 5577; x_wconf 77' lang='grc' dir='ltr'>ἐξ</span> <span class='ocrx_word' id='word_1_711' title='bbox 1027 5512 1289 5582; x_wconf 77' lang='grc' dir='ltr'>ἀμελείας</span> <span class='ocrx_word' id='word_1_712' title='bbox 1322 5513 1509 5578; x_wconf 79' lang='grc' dir='ltr'>ὑπνοῐς</span> <span class='ocrx_word' id='word_1_713' title='bbox 1533 5491 1612 5577; x_wconf 80' lang='grc' dir='ltr'><strong>είς</strong></span> <span class='ocrx_word' id='word_1_714' title='bbox 1644 5491 1771 5569; x_wconf 40' lang='grc' dir='ltr'>θάξ</span> 
     </span>
    </p>
   </div>
   <div class='ocr_carea' id='block_1_102' title="bbox 246 5683 640 5742">
    <p class='ocr_par' dir='ltr' id='par_1_102' title="bbox 246 5683 640 5742">
     <span class='ocr_line' id='line_1_102' title="bbox 246 5683 640 5742; baseline 0.01 -6"><span class='ocrx_word' id='word_1_715' title='bbox 246 5683 292 5715; x_wconf 81' lang='grc'><strong>⁸⁷</strong></span> <span class='ocrx_word' id='word_1_716' title='bbox 324 5683 465 5739; x_wconf 86' lang='lat' dir='ltr'><strong>Psal.</strong></span> <span class='ocrx_word' id='word_1_717' title='bbox 492 5700 640 5742; x_wconf 78' lang='grc' dir='ltr'>ινιιι.</span> 
     </span>
    </p>
   </div>
   <div class='ocr_carea' id='block_1_103' title="bbox 1840 4528 3405 4601">
    <p class='ocr_par' dir='ltr' id='par_1_103' title="bbox 1840 4528 3405 4601">
     <span class='ocr_line' id='line_1_103' title="bbox 1840 4528 3405 4601; baseline 0 -16"><span class='ocrx_word' id='word_1_718' title='bbox 1840 4532 2082 4601; x_wconf 88' lang='lat' dir='ltr'><strong>spiritale</strong></span> <span class='ocrx_word' id='word_1_719' title='bbox 2103 4540 2156 4584; x_wconf 91' lang='lat' dir='ltr'><strong>et</strong></span> <span class='ocrx_word' id='word_1_720' title='bbox 2177 4538 2447 4585; x_wconf 89' lang='lat' dir='ltr'><strong>secretum</strong></span> <span class='ocrx_word' id='word_1_721' title='bbox 2472 4528 2671 4582; x_wconf 90' lang='lat' dir='ltr'><strong>bellum</strong></span> <span class='ocrx_word' id='word_1_722' title='bbox 2698 4528 3023 4596; x_wconf 87' lang='lat' dir='ltr'><strong>ediscamus,</strong></span> <span class='ocrx_word' id='word_1_723' title='bbox 3039 4542 3093 4587; x_wconf 91' lang='lat' dir='ltr'><strong>et</strong></span> <span class='ocrx_word' id='word_1_724' title='bbox 3113 4533 3405 4589; x_wconf 73' lang='lat' dir='ltr'><strong>artiﬁcioso</strong></span> 
     </span>
    </p>
   </div>
   <div class='ocr_carea' id='block_1_104' title="bbox 1843 4614 3088 4686">
    <p class='ocr_par' dir='ltr' id='par_1_104' title="bbox 1843 4614 3088 4686">
     <span class='ocr_line' id='line_1_104' title="bbox 1843 4614 3088 4686; baseline 0.001 -16"><span class='ocrx_word' id='word_1_725' title='bbox 1843 4616 2198 4686; x_wconf 78' lang='lat' dir='ltr'><strong>cogitationes</strong></span> <span class='ocrx_word' id='word_1_726' title='bbox 2224 4614 2342 4669; x_wconf 88' lang='lat' dir='ltr'><strong>illas</strong></span> <span class='ocrx_word' id='word_1_727' title='bbox 2361 4616 2695 4684; x_wconf 82' lang='lat' dir='ltr'><strong>expellamus</strong></span> <span class='ocrx_word' id='word_1_728' title='bbox 2722 4626 2777 4670; x_wconf 87' lang='lat' dir='ltr'><strong>et</strong></span> <span class='ocrx_word' id='word_1_729' title='bbox 2800 4618 3088 4676; x_wconf 57' lang='lat' dir='ltr'><strong>credamus.</strong></span> 
     </span>
    </p>
   </div>
   <div class='ocr_carea' id='block_1_105' title="bbox 1913 4706 3409 4783">
    <p class='ocr_par' dir='ltr' id='par_1_105' title="bbox 1913 4706 3409 4783">
     <span class='ocr_line' id='line_1_105' title="bbox 1913 4706 3409 4783; baseline 0.005 -21"><span class='ocrx_word' id='word_1_730' title='bbox 1913 4708 2001 4762; x_wconf 90' lang='lat'><strong>99.</strong></span> <span class='ocrx_word' id='word_1_731' title='bbox 2044 4706 2266 4776; x_wconf 77' lang='lat' dir='ltr'><strong>Magnus</strong></span> <span class='ocrx_word' id='word_1_732' title='bbox 2293 4706 2496 4770; x_wconf 89' lang='lat' dir='ltr'><strong>David,</strong></span> <span class='ocrx_word' id='word_1_733' title='bbox 2535 4721 2715 4760; x_wconf 89' lang='lat' dir='ltr'><strong>rerum</strong></span> <span class='ocrx_word' id='word_1_734' title='bbox 2745 4710 3101 4779; x_wconf 88' lang='lat' dir='ltr'><strong>gerendarum</strong></span> <span class='ocrx_word' id='word_1_735' title='bbox 3140 4714 3409 4783; x_wconf 86' lang='lat' dir='ltr'><strong>peritissi-</strong></span> 
     </span>
    </p>
   </div>
   <div class='ocr_carea' id='block_1_106' title="bbox 1846 4794 3409 4864">
    <p class='ocr_par' dir='ltr' id='par_1_106' title="bbox 1846 4794 3409 4864">
     <span class='ocr_line' id='line_1_106' title="bbox 1846 4794 3409 4864; baseline 0.005 -14"><span class='ocrx_word' id='word_1_736' title='bbox 1846 4811 1989 4861; x_wconf 86' lang='lat' dir='ltr'><strong>mus,</strong></span> <span class='ocrx_word' id='word_1_737' title='bbox 2040 4794 2326 4849; x_wconf 83' lang='lat' dir='ltr'><strong>Doniinum</strong></span> <span class='ocrx_word' id='word_1_738' title='bbox 2361 4795 2662 4864; x_wconf 86' lang='lat' dir='ltr'><strong>alloquens,</strong></span> <span class='ocrx_word' id='word_1_739' title='bbox 2693 4797 2802 4852; x_wconf 88' lang='lat' dir='ltr'><strong>ait:</strong></span> <span class='ocrx_word' id='word_1_740' title='bbox 2834 4798 3214 4856; x_wconf 82' lang='lat' dir='ltr'><strong>Fortitudinem</strong></span> <span class='ocrx_word' id='word_1_741' title='bbox 3239 4821 3409 4859; x_wconf 83' lang='lat' dir='ltr'><strong>meam</strong></span> 
     </span>
    </p>
   </div>
   <div class='ocr_carea' id='block_1_107' title="bbox 1847 4886 3413 4965">
    <p class='ocr_par' dir='ltr' id='par_1_107' title="bbox 1847 4886 3413 4965">
     <span class='ocr_line' id='line_1_107' title="bbox 1847 4886 3413 4965; baseline 0.005 -25"><span class='ocrx_word' id='word_1_742' title='bbox 1847 4889 1916 4941; x_wconf 83' lang='lat' dir='ltr'><strong>ad</strong></span> <span class='ocrx_word' id='word_1_743' title='bbox 1960 4897 2006 4940; x_wconf 69' lang='lat' dir='ltr'><strong>te</strong></span> <span class='ocrx_word' id='word_1_744' title='bbox 2035 4888 2324 4941; x_wconf 80' lang='lat' dir='ltr'><strong>custodiam</strong></span> <span class='ocrx_word' id='word_1_745' title='bbox 2347 4886 2432 4943; x_wconf 79' lang='lat'><strong>&quot;.-</strong></span> <span class='ocrx_word' id='word_1_746' title='bbox 2457 4887 2535 4941; x_wconf 86' lang='lat' dir='ltr'><strong>Ita</strong></span> <span class='ocrx_word' id='word_1_747' title='bbox 2571 4898 2631 4942; x_wconf 90' lang='lat' dir='ltr'><strong>ut</strong></span> <span class='ocrx_word' id='word_1_748' title='bbox 2656 4891 2892 4965; x_wconf 69' lang='lat' dir='ltr'><strong>totavis</strong></span> <span class='ocrx_word' id='word_1_749' title='bbox 2923 4893 3120 4960; x_wconf 88' lang='lat' dir='ltr'><strong>quietis</strong></span> <span class='ocrx_word' id='word_1_750' title='bbox 3154 4896 3413 4964; x_wconf 55' lang='lat' dir='ltr'><strong>spiritali»-</strong></span> 
     </span>
    </p>
   </div>
   <div class='ocr_carea' id='block_1_108' title="bbox 1846 4977 3410 5051">
    <p class='ocr_par' dir='ltr' id='par_1_108' title="bbox 1846 4977 3410 5051">
     <span class='ocr_line' id='line_1_108' title="bbox 1846 4977 3410 5051; baseline 0.007 -19"><span class='ocrx_word' id='word_1_751' title='bbox 1846 4979 2009 5033; x_wconf 88' lang='lat' dir='ltr'><strong>animi</strong></span> <span class='ocrx_word' id='word_1_752' title='bbox 2052 4979 2244 5039; x_wconf 88' lang='lat' dir='ltr'><strong>nostri,</strong></span> <span class='ocrx_word' id='word_1_753' title='bbox 2283 4977 2425 5032; x_wconf 90' lang='lat' dir='ltr'><strong>unde</strong></span> <span class='ocrx_word' id='word_1_754' title='bbox 2448 4989 2751 5034; x_wconf 90' lang='lat' dir='ltr'><strong>nascuntur</strong></span> <span class='ocrx_word' id='word_1_755' title='bbox 2782 4996 2973 5038; x_wconf 89' lang='lat' dir='ltr'><strong>omnes</strong></span> <span class='ocrx_word' id='word_1_756' title='bbox 2989 4978 3251 5051; x_wconf 54' lang='lat' dir='ltr'><strong>‘virtutrs,</strong></span> <span class='ocrx_word' id='word_1_757' title='bbox 3277 5004 3410 5042; x_wconf 84' lang='lat' dir='ltr'><strong>con-</strong></span> 
     </span>
    </p>
   </div>
   <div class='ocr_carea' id='block_1_109' title="bbox 1847 5069 3413 5144">
    <p class='ocr_par' dir='ltr' id='par_1_109' title="bbox 1847 5069 3413 5144">
     <span class='ocr_line' id='line_1_109' title="bbox 1847 5069 3413 5144; baseline 0.006 -21"><span class='ocrx_word' id='word_1_758' title='bbox 1847 5078 2093 5124; x_wconf 81' lang='lat' dir='ltr'><strong>servetur</strong></span> <span class='ocrx_word' id='word_1_759' title='bbox 2125 5069 2332 5124; x_wconf 81' lang='lat' dir='ltr'><strong>auxilio</strong></span> <span class='ocrx_word' id='word_1_760' title='bbox 2361 5070 2572 5124; x_wconf 91' lang='lat' dir='ltr'><strong>Domini</strong></span> <span class='ocrx_word' id='word_1_761' title='bbox 2600 5088 2612 5123; x_wconf 91' lang='lat'>:</span> <span class='ocrx_word' id='word_1_762' title='bbox 2646 5071 2737 5140; x_wconf 88' lang='lat' dir='ltr'><strong>qui</strong></span> <span class='ocrx_word' id='word_1_763' title='bbox 2775 5080 2831 5126; x_wconf 91' lang='lat' dir='ltr'><strong>et</strong></span> <span class='ocrx_word' id='word_1_764' title='bbox 2867 5084 3139 5144; x_wconf 60' lang='lat' dir='ltr'><strong>praecepta</strong></span> <span class='ocrx_word' id='word_1_765' title='bbox 3164 5076 3331 5141; x_wconf 87' lang='lat' dir='ltr'><strong>dedit,</strong></span> <span class='ocrx_word' id='word_1_766' title='bbox 3358 5091 3413 5133; x_wconf 72' lang='lat' dir='ltr'><strong>et</strong></span> 
     </span>
    </p>
   </div>
   <div class='ocr_carea' id='block_1_110' title="bbox 1850 5157 3410 5230">
    <p class='ocr_par' dir='ltr' id='par_1_110' title="bbox 1850 5157 3410 5230">
     <span class='ocr_line' id='line_1_110' title="bbox 1850 5157 3410 5230; baseline 0.006 -18"><span class='ocrx_word' id='word_1_767' title='bbox 1850 5161 2116 5227; x_wconf 90' lang='lat' dir='ltr'><strong>impuram</strong></span> <span class='ocrx_word' id='word_1_768' title='bbox 2160 5157 2492 5211; x_wconf 85' lang='lat' dir='ltr'><strong>oblivionem</strong></span> <span class='ocrx_word' id='word_1_769' title='bbox 2546 5172 2575 5210; x_wconf 86' lang='lat' dir='ltr'><strong>a</strong></span> <span class='ocrx_word' id='word_1_770' title='bbox 2622 5159 2777 5213; x_wconf 90' lang='lat' dir='ltr'><strong>nobis</strong></span> <span class='ocrx_word' id='word_1_771' title='bbox 2824 5161 3068 5230; x_wconf 78' lang='lat' dir='ltr'><strong>expellit,</strong></span> <span class='ocrx_word' id='word_1_772' title='bbox 3097 5172 3206 5217; x_wconf 87' lang='lat' dir='ltr'><strong>eta</strong></span> <span class='ocrx_word' id='word_1_773' title='bbox 3234 5169 3410 5223; x_wconf 74' lang='lat' dir='ltr'><strong>conti-</strong></span> 
     </span>
    </p>
   </div>
   <div class='ocr_carea' id='block_1_111' title="bbox 1850 5247 3413 5323">
    <p class='ocr_par' dir='ltr' id='par_1_111' title="bbox 1850 5247 3413 5323">
     <span class='ocr_line' id='line_1_111' title="bbox 1850 5247 3413 5323; baseline 0.006 -22"><span class='ocrx_word' id='word_1_774' title='bbox 1850 5255 2042 5303; x_wconf 88' lang='lat' dir='ltr'><strong>nenter</strong></span> <span class='ocrx_word' id='word_1_775' title='bbox 2060 5247 2498 5311; x_wconf 86' lang='lat' dir='ltr'><strong>inclamantibus,</strong></span> <span class='ocrx_word' id='word_1_776' title='bbox 2525 5249 2809 5319; x_wconf 88' lang='lat' dir='ltr'><strong>ignaviam:</strong></span> <span class='ocrx_word' id='word_1_777' title='bbox 2827 5267 2947 5320; x_wconf 69' lang='lat' dir='ltr'><strong>qua:</strong></span> <span class='ocrx_word' id='word_1_778' title='bbox 2970 5254 3413 5323; x_wconf 86' lang='lat' dir='ltr'><strong>tranquillitatem</strong></span> 
     </span>
    </p>
   </div>
   <div class='ocr_carea' id='block_1_112' title="bbox 1852 5338 3411 5417">
    <p class='ocr_par' dir='ltr' id='par_1_112' title="bbox 1852 5338 3411 5417">
     <span class='ocr_line' id='line_1_112' title="bbox 1852 5338 3411 5417; baseline 0.007 -26"><span class='ocrx_word' id='word_1_779' title='bbox 1852 5340 2052 5392; x_wconf 84' lang='lat' dir='ltr'><strong>mentis</strong></span> <span class='ocrx_word' id='word_1_780' title='bbox 2104 5353 2211 5391; x_wconf 89' lang='lat' dir='ltr'><strong>non</strong></span> <span class='ocrx_word' id='word_1_781' title='bbox 2267 5338 2427 5392; x_wconf 89' lang='lat' dir='ltr'><strong>aliter</strong></span> <span class='ocrx_word' id='word_1_782' title='bbox 2463 5340 2786 5410; x_wconf 89' lang='lat' dir='ltr'><strong>corrumpit,</strong></span> <span class='ocrx_word' id='word_1_783' title='bbox 2834 5358 2993 5411; x_wconf 81' lang='lat' dir='ltr'><strong>quam</strong></span> <span class='ocrx_word' id='word_1_784' title='bbox 3024 5358 3160 5413; x_wconf 88' lang='lat' dir='ltr'><strong>aqua</strong></span> <span class='ocrx_word' id='word_1_785' title='bbox 3211 5345 3411 5417; x_wconf 79' lang='lat' dir='ltr'><strong>ignem.</strong></span> 
     </span>
    </p>
   </div>
   <div class='ocr_carea' id='block_1_113' title="bbox 1854 5427 3425 5515">
    <p class='ocr_par' dir='ltr' id='par_1_113' title="bbox 1854 5427 3425 5515">
     <span class='ocr_line' id='line_1_113' title="bbox 1854 5427 3425 5515; baseline 0.008 -35"><span class='ocrx_word' id='word_1_786' title='bbox 1854 5427 2239 5495; x_wconf 85' lang='lat' dir='ltr'><strong>Quamobrem,</strong></span> <span class='ocrx_word' id='word_1_787' title='bbox 2273 5432 2558 5494; x_wconf 89' lang='lat' dir='ltr'><strong>monache,</strong></span> <span class='ocrx_word' id='word_1_788' title='bbox 2585 5447 2655 5485; x_wconf 92' lang='lat' dir='ltr'><strong>ne</strong></span> <span class='ocrx_word' id='word_1_789' title='bbox 2685 5432 2923 5515; x_wconf 70' lang='lat' dir='ltr'><strong>dormias</strong></span> <span class='ocrx_word' id='word_1_790' title='bbox 2954 5435 3007 5488; x_wconf 87' lang='lat' dir='ltr'><strong>in</strong></span> <span class='ocrx_word' id='word_1_791' title='bbox 3047 5445 3274 5491; x_wconf 89' lang='lat' dir='ltr'><strong>mortem</strong></span> <span class='ocrx_word' id='word_1_792' title='bbox 3306 5455 3425 5507; x_wconf 31' lang='lat' dir='ltr'><strong>prae.</strong></span> 
     </span>
    </p>
   </div>
   <div class='ocr_carea' id='block_1_114' title="bbox 1855 5519 3423 5593">
    <p class='ocr_par' dir='ltr' id='par_1_114' title="bbox 1855 5519 3423 5593">
     <span class='ocr_line' id='line_1_114' title="bbox 1855 5519 3423 5593; baseline 0.006 -20"><span class='ocrx_word' id='word_1_793' title='bbox 1855 5519 2199 5591; x_wconf 65' lang='lat' dir='ltr'><strong>negligentia,</strong></span> <span class='ocrx_word' id='word_1_794' title='bbox 2235 5521 2329 5575; x_wconf 90' lang='lat' dir='ltr'><strong>sed</strong></span> <span class='ocrx_word' id='word_1_795' title='bbox 2356 5521 2576 5577; x_wconf 88' lang='lat' dir='ltr'><strong>nomine</strong></span> <span class='ocrx_word' id='word_1_796' title='bbox 2596 5522 2723 5578; x_wconf 85' lang='lat' dir='ltr'><strong>Jesu</strong></span> <span class='ocrx_word' id='word_1_797' title='bbox 2750 5533 2971 5593; x_wconf 85' lang='lat' dir='ltr'><strong>percute</strong></span> <span class='ocrx_word' id='word_1_798' title='bbox 2996 5526 3208 5581; x_wconf 86' lang='lat' dir='ltr'><strong>hostes:</strong></span> <span class='ocrx_word' id='word_1_799' title='bbox 3246 5538 3318 5593; x_wconf 90' lang='lat' dir='ltr'><strong>et,</strong></span> <span class='ocrx_word' id='word_1_800' title='bbox 3360 5540 3423 5583; x_wconf 75' lang='lat' dir='ltr'><strong>ut.</strong></span> 
     </span>
    </p>
   </div>
  </div>
