4142 6436
146 368 277 433 1517

843 364 940 425 DE
975 354 1524 424 ΤΕΜΡΕΒΑΝΤΙᾹ
1555 357 1651 416 ΕΤ
1689 354 2052 418 VIRTUTE.
2084 382 2153 392 -·
2186 355 2574 416 CENTURIA
2598 355 2658 414 II

3253 356 3388 420 1518

141 474 491 544 φαντασθείς.
546 474 657 529 Καὶ
700 472 843 526 οὕτω
899 473 1061 525 πάλιν
1118 471 1209 524 τὸν
1269 469 1442 538 ’Δδάμ
1482 465 1712 537 ἐχώρισε

1842 481 1880 519 ιθ
1912 467 2020 521 Deo
2040 465 2300 535 aequalem
2326 463 2734 534 imaginaretut.
2789 462 2990 518 Eadem
3034 479 3248 518 rursum
3298 483 3385 519 ra-

140 567 300 632 Θεοῦ,
336 567 516 620 θεῖκὸν
565 565 781 635 ἀξίωμα
841 563 1120 632 φαντάσας
1176 561 1360 623 αὐτὸν,
1419 559 1514 612 καὶ
1566 555 1710 610 οὕτω

141 660 352 721 πάντας
411 657 538 720 τοὺς
575 656 989 726 ἁμαρτάνοντας
1033 653 1250 723 ἀπατᾷν
1289 652 1318 704 ὁ
1345 649 1587 720 ψεύστης
1620 647 1715 700 καὶ

138 751 312 814 δόλιος
339 749 528 804 εῐωθεν
554 748 766 820 ἐχθρός.

215 943 306 1008 ιη’.
338 932 748 1005 Πικραινόμεθα
781 930 879 999 τὴν
915 926 1146 998 καρδίαν
1191 926 1298 979 ὑπὸ
1324 925 1404 978 ῑοῦ
1441 923 1718 994 λογισμῶν

141 1030 434 1101 πονηρίας,
504 1029 633 1082 ὅταν
682 1025 960 1096 προσοχῆς
1008 1024 1106 1076 καὶ
1168 1019 1346 1091 Ἰησοῦ
1386 1018 1551 1088 εύχῆς
1583 1016 1721 1088 πρὸς

143 1121 286 1174 πολὺ
318 1119 423 1173 ὑπὸ
454 1119 624 1189 λήθης
650 1115 985 1186 ἀμελοῦντες
1011 1109 1354 1179 ἀπαγώμεθα
1378 1125 1395 1141 ο
1429 1106 1720 1177 γλυκαινό-

145 1212 289 1283 μεθα
317 1211 373 1264 δέ
403 1210 567 1263 πάλιν
595 1211 653 1263 ἐν
690 1207 942 1277 αἰσθήσει
973 1205 1069 1258 καὶ
1116 1201 1343 1279 ήδύτητί
1393 1202 1500 1254 τινι
1557 1196 1724 1266 ἀγαλ-

141 1300 380 1362 λιάσεως
412 1298 709 1370 μακαρίας,
738 1298 866 1350 ὅταν
902 1296 972 1349 τά
1025 1292 1403 1366 προειρημένα
1443 1288 1725 1359 κραταιῶς

143 1391 246 1446 καὶ
275 1391 573 1463 προθύμως
603 1391 661 1442 ἐν
716 1388 795 1459 τῷ
842 1385 1188 1458 ἐργαστηρίῳ
1211 1385 1310 1453 τῆς
1359 1380 1596 1445 διανοίας
1627 1381 1726 1450 ἐμ-

148 1481 332 1552 μελῶς
373 1480 462 1535 διὰ
509 1481 711 1553 ἔρωτος
733 1479 877 1532 θείου
927 1476 1268 1540 ἐπιτελῶμεν
1296 1491 1311 1504 ·
1355 1472 1478 1526 τότε
1515 1471 1625 1541 γάρ
1663 1469 1724 1523 ού

146 1575 218 1630 δι’
250 1574 378 1630 ἀλλο
403 1592 457 1627 τι
479 1576 546 1644 τῇ
577 1573 848 1642 καρδιακῇ
882 1568 1085 1639 ἠσυχίᾳ
1133 1566 1368 1636 βαδίζειν
1411 1561 1728 1635 προθυμούο

151 1667 317 1738 μεθα,
345 1666 462 1722 ἀλλ’
485 1665 520 1737 ἢ
574 1665 664 1721 διὰ
705 1665 805 1736 τὴν
832 1663 1030 1731 ἑαυτῆς
1072 1662 1131 1715 ἐν
1176 1662 1242 1731 τῇ
1276 1659 1422 1730 ψυχῇ
1471 1653 1728 1726 γλυκεῖαν

151 1756 348 1827 ἡδονὴν
376 1756 469 1809 καὶ
495 1754 708 1826 τέρψιν.

226 1799 1064 1914 ν’ἒνπιστήμηννέπιστημῶν,
1111 1839 1207 1893 καλ⁵
1230 1838 1396 1909 τέχνη
1440 1836 1668 1908 τεχνῶν,
1701 1837 1731 1908 ή
1763 1799 1806 1860 Β

154 1936 268 1991 τῶν
311 1935 640 2007 κακούργων
675 1931 956 2005 λογισμῶν
1007 1935 1124 1987 ἐστι
1165 1930 1352 2001 τέχνη.
1404 1930 1593 1983 Ἔστιν
1638 1927 1732 1982 οῦν

155 2027 381 2100 ἀριστος
404 2029 604 2100 τρόπος
630 2027 724 2082 καὶ
764 2026 928 2096 τέχνη
955 2025 1160 2091 αὐτῶν,
1207 2023 1289 2088 τὸ,
1330 2023 1387 2076 ἐν
1416 2019 1608 2092 Κυρίῳ
1632 2021 1734 2092 τὴν

153 2120 457 2190 φαντασίαν
484 2120 705 2189 βλέπειν
726 2119 828 2186 τῆς
855 2116 1186 2189 προσϐολῆς,
1205 2116 1298 2169 καὶ
1323 2115 1613 2186 φυλάττειν
1634 2116 1734 2185 τὴν

154 2212 419 2276 διάνοιαν,
443 2210 632 2282 ὥσπερ
663 2210 756 2263 τὸν
777 2208 1036 2278 αίσθητδν
1058 2207 1410 2278 φυλάσσομεν
1433 2205 1732 2276 ὀφθαλμὸν,

157 2303 256 2358 καὶ
288 2301 454 2367 ὀξέως
492 2302 610 2372 μετ’
659 2299 825 2354 αὑτοῦ
855 2299 1130 2370 βλέπομεν
1181 2297 1274 2354 τὸν
1300 2296 1498 2369 πλῆξαι
1545 2296 1736 2352 τοῦτον

157 2393 226 2446 ἐκ
252 2391 577 2460 συμϐάσεως
602 2389 919 2461 ἐρχόμενον,
955 2388 1049 2441 καὶ
1085 2388 1187 2452 ὅση
1206 2386 1436 2458 δύναμις
1467 2388 1577 2440 πᾶν
1601 2387 1736 2456 κάρι-

159 2501 261 2553 φος
282 2481 567 2552 κωλύομεν
595 2480 653 2546 ἐξ
683 2478 871 2534 αὑτοῦ.

231 2572 302 2628 κ’.
350 2573 437 2636 Ὠς
469 2571 530 2625 οὒ
560 2569 774 2635 τέξεται
802 2567 935 2639 χιὼν
960 2568 1155 2639 φλόγα,
1208 2571 1242 2641 ἢ
1279 2569 1422 2641 ὕδωρ
1465 2570 1578 2643 πῦρ
1615 2589 1738 2640 γεν.

161 2667 340 2738 νήσει,
370 2666 399 2738 ἢ
443 2665 651 2736 ῥάμνος
682 2662 865 2727 σῦκον,
898 2661 1072 2726 οὔτως
1105 2662 1203 2715 οὐκ
1247 2663 1740 2735 ἐλευθερωθήσεται

164 2757 368 2819 παντὸς
394 2755 682 2825 ἀνθρώπου
712 2753 911 2824 καρδία
937 2753 1048 2807 ἀπὸ
1079 2753 1409 2825 δαιμονικῶν
1441 2754 1736 2824 λογισμῶν,

165 2845 260 2899 καὶ
287 2844 469 2916 ἔργων
518 2843 615 2897 καὶ
662 2843 859 2912 λόγων,
913 2843 988 2913 μὴ
1029 2842 1317 2914 καθάρασα
1341 2843 1409 2896 τά
1437 2842 1616 2897 ἐνδον⁸
1647 2845 1742 2898 καὶ

163 2934 332 3008 νῆψις
362 2936 462 2990 σῦν
495 2937 631 3007 εὐχῇ
678 2933 852 3006 Ἰησοῦ
886 2933 1115 3004 συνάψει
1143 2934 1327 3006 νῆψιν,
1357 2932 1454 2988 καὶ
1478 2934 1743 2989 ταπείνω-

165 3044 256 3083 σιν
286 3029 380 3083 κα)⁵
407 3027 648 3098 ψυχικὴν
667 3027 900 3097 ἡσυχίαν
916 3026 1275 3097 κατορθοῦσα,
1300 3027 1394 3080 καὶ
1412 3027 1744 3098 ἐπειγομένη

169 3121 270 3174 σὺν
297 3119 578 3190 προθυμίᾳ
631 3118 821 3189 πολλῇ,
869 3117 966 3171 καὶ
1019 3118 1300 3171 δδεύουσα.
1355 3117 1495 3171 Ἀλλ’
1532 3120 1746 3189 ἀνάγκη

169 3213 483 3284 στειρεῦσαι
505 3211 606 3280 τὴν
628 3210 966 3282 ἀπρόσεκτον
993 3208 1172 3280 ψυχὴν
1190 3210 1394 3274 παντὸς
1419 3209 1626 3278 ἀγαθοῦ
1653 3212 1748 3264 καὶ

167 3303 379 3356 τελείου
403 3303 693 3373 νοήματος,
738 3301 814 3365 ὡς
850 3300 1074 3370 ἡμίονον
1129 3301 1403 3372 ἄκαρπον,
1500 3302 1603 3355 οὐκ
1632 3301 1748 3355 ἔστι

172 3393 389 3456 σύνεσις
417 3391 798 3462 πνευματικῆς
845 3391 1116 3454 συνέσεως
1140 3408 1155 3424 ο
1185 3390 1356 3454 ὅντως
1404 3392 1596 3462 είρήνη
1630 3392 1749 3446 ἐστὶ

168 3484 273 3556 τῆς
293 3483 474 3555 ψυχῆς
507 3484 570 3538 τὸ
602 3484 776 3553 γλυκὺ
816 3485 1047 3555 πρᾶγμα
1068 3482 1163 3537 καὶ
1187 3483 1380 3554 ὄνομα,
1402 3483 1496 3537 καὶ
1517 3483 1749 3547 κένωσις

171 3575 465 3648 νοημάτων
494 3576 520 3628 ἐ
527 3573 780 3647 μπαθῶν.

239 3758 355 3810 κα’.
379 3751 550 3809 ὀταν
603 3750 790 3816 κακῶς
835 3750 1177 3821 συμφωνήσῃ
1207 3751 1241 3821 ἡ
1280 3749 1430 3821 ψυχὴ
1485 3751 1622 3820 μετά
1654 3750 1749 3805 τοῦ

178 3842 451 3915 σώματος,
481 3844 599 3897 τότε
629 3843 797 3914 ἄμφω
824 3840 1173 3913 οἰκοδομοῦσι
1224 3841 1382 3894 πόλιν
1417 3841 1746 3909 κενοδοξίας,

177 3937 273 3992 καὶ
302 3937 700 4008 ὑπερηφανίας,
725 3936 820 3990 καὶ
857 3937 983 3997 τοὺς
1009 3936 1067 3987 ἐν
1128 3933 1310 3996 αὐτοῖς
1365 3934 1753 4000 κατοικοῦντας

176 4030 390 4092 ἀσεϐεῖς
416 4028 732 4098 λογισμούς.
753 4026 810 4080 '0
827 4027 883 4080 δὲ
911 4026 1116 4097 Κύριος
1135 4026 1213 4095 τῷ
1232 4024 1382 4093 φόϐῳ
1400 4024 1501 4094 τῆς
1523 4025 1753 4096 γεέννης

179 4120 279 4192 τὴν
302 4120 612 4192 ὁμοφωνίαν
629 4119 809 4173 αὐτῶν
832 4121 1025 4189 συγχεῖ
1047 4134 1106 4171 τε
1136 4118 1232 4171 καὶ
1254 4117 1388 4188 διαιι
1407 4120 1469 4172 εἰ.
1499 4115 1755 4190 ἀλλότριά

181 4229 244 4266 τε
271 4213 367 4265 καὶ
389 4210 612 4265 ἐναντία
647 4209 726 4279 τῷ
750 4210 965 4279 σώματι
1017 4209 1117 4279 τὴν
1148 4207 1343 4280 κυρίαν
1368 4207 1545 4278 ψυχὴν
1574 4207 1754 4262 λαλεῖν

177 4321 240 4357 τε
262 4304 359 4357 καὶ
385 4305 602 4372 φρονεῖν
639 4299 985 4370 ἀναγκάζων.
1023 4299 1114 4364 Ἐξ
1149 4293 1211 4353 οῦ
1240 4299 1402 4366 φόϐος
1427 4299 1523 4353 καὶ
1565 4299 1755 4368 διαμε-

182 4396 374 4466 ρισμὸς
397 4397 579 4458 αὐτοῖς
631 4394 942 4462 συμϐαίνει,
979 4393 1067 4446 διά
1107 4392 1190 4457 τὸ,
1231 4393 1296 4446 τὸ
1342 4391 1597 4464 φρόνημα
1652 4391 1754 4460 τῆς

1818 560 1964 614 tione
1992 560 2162 614 Adam
2184 556 2429 614 defecita
2459 557 2601 611 Deo:
2628 569 2752 609 cum
2783 558 3119 626 majestatem
3150 556 3388 613 divinam

1817 652 2203 724 imaginatione
2253 649 2486 721 quadam
2533 648 2640 704 sibi
2689 664 2940 721 arrogare
2973 651 3154 706 vellet.
3206 650 3272 706 Et
3317 652 3392 707 ita

1820 745 2050 800 mendax
2095 753 2150 799 et
2179 743 2400 798 dolosus
2427 741 2601 798 ltostis
2630 756 2841 808 omnes,
2869 741 2960 812 qui
2986 751 3215 813 peccant
3233 783 3248 808 ,
3289 743 3394 798 cir-

1820 837 2135 893 cumvenire
2165 836 2324 891 solet.

1893 930 1980 985 18.
2012 931 2056 984 A
2088 944 2301 984 veneno
2336 928 2728 1000 cogitationum
2759 939 3144 997 perversarum
3171 941 3395 982 exacer-

1821 1023 2014 1078 bamur
2040 1023 2245 1086 animo,
2282 1023 2502 1093 quando
2563 1021 2868 1077 attentione
2913 1018 3156 1088 Jesuque
3200 1018 3397 1088 depre-

1822 1118 2036 1172 catione
2067 1118 2161 1172 diu
2186 1118 2466 1189 neglectis,
2508 1132 2610 1172 nos
2642 1115 2865 1170 abducit
2911 1116 3136 1170 oblivio.
3191 1116 3399 1170 Contra

1822 1224 1953 1266 vero
2011 1209 2406 1274 dulcescimus,
2475 1224 2544 1263 ex
2603 1207 2955 1278 perceptione
3022 1216 3077 1261 et
3135 1209 3401 1264 suavitate

1824 1301 2056 1372 quadam
2115 1302 2284 1356 beatae
2318 1300 2730 1365 exsultationis,
2786 1299 3006 1370 quando
3065 1307 3400 1366 constanter,

1825 1391 2079 1447 alacriter
2143 1400 2199 1447 et
2243 1392 2484 1447 studiose
2545 1391 2598 1444 in
2645 1389 2858 1444 ofﬁcina
2913 1389 3158 1456 mentis,
3218 1404 3404 1446 amore

1831 1481 2017 1537 divino
2045 1482 2228 1547 ducti,
2260 1483 2385 1549 ista,
2420 1497 2541 1551 quae
2570 1490 2699 1535 ante
2731 1480 2988 1544 diximus,
3033 1481 3400 1550 exsequimur.

1831 1573 1988 1629 Tunc
2038 1575 2184 1629 enim
2212 1575 2416 1629 nullam
2450 1574 2610 1628 aliam
2653 1573 2722 1627 ob
2772 1587 2991 1626 causam
3029 1571 3214 1641 quieto
3243 1572 3407 1627 corde

1833 1666 2019 1722 vivere
2046 1676 2390 1737 exoptamus,
2418 1681 2582 1734 quam
2614 1665 2685 1719 ob
2708 1679 2931 1718 suavem
2963 1663 3109 1719 illius
3139 1663 3195 1718 in
3225 1663 3409 1718 anima

1834 1759 2169 1829 voluptatem
2200 1768 2256 1812 et
2283 1757 2721 1812 delectationem.

1910 1850 1998 1904 l9.
2031 1848 2132 1904 Ars
2160 1849 2380 1914 artium,
2419 1855 2474 1903 et
2505 1847 2731 1902 scientia
2769 1845 3144 1913 scientiarum,
3198 1856 3282 1903 est
3321 1863 3410 1903 ars

1838 1941 2196 2012 malignarum
2228 1940 2639 2010 cogitationum.
2681 1938 2871 1994 Modus
2901 1940 3066 2012 igitur
3095 1940 3335 2010 Optimus
3357 1949 3413 1995 et

1839 2051 1927 2090 ars
1950 2051 2139 2090 earum
2179 2044 2283 2100 est,
2334 2040 2646 2104 conSpecta,
2676 2033 2912 2089 Domino
2949 2031 3183 2097 favente,
3219 2048 3413 2103 sugge-

1840 2127 2033 2182 stionis
2088 2125 2476 2197 imaginatione
2502 2166 2516 2190 ,
2567 2138 2894 2179 conservare
2929 2122 3172 2177 animum
3204 2139 3217 2176 :
3250 2123 3411 2178 sicuti

1841 2217 2157 2272 sensibilem
2181 2217 2397 2270 oculum
2429 2216 2788 2281 custodimus,
2824 2224 2878 2269 et
2901 2229 2968 2268 eo
2990 2223 3148 2270 acute
3170 2215 3415 2270 videmus

1841 2323 1972 2364 casu
2015 2307 2324 2362 venientem
2355 2307 2420 2361 ad
2451 2305 2863 2376 percutiendum
2895 2305 3066 2371 illum,
3095 2319 3158 2360 ac
3204 2321 3305 2376 pro
3335 2306 3416 2362 vi-

1842 2401 1994 2457 ribus
2021 2402 2089 2456 ab
2115 2415 2181 2456 eo
2207 2399 2471 2455 festucam
2498 2413 2717 2453 omnem
2750 2412 3018 2452 arcemus.

1909 2575 2000 2630 20.
2033 2572 2504 2641 Quemadmodum
2537 2572 2629 2626 nix
2657 2587 2766 2626 non
2795 2571 2969 2642 pariet
2989 2568 3286 2634 ﬂammam,
3315 2585 3420 2625 nec

1843 2683 1980 2738 aqua
2009 2667 2269 2738 producet
2296 2667 2498 2738 ignem,
2538 2672 2632 2719 aut
2659 2664 2814 2735 spina
2844 2661 3006 2718 ﬁcum
3040 2681 3054 2717 :
3088 2663 3163 2717 ita
3203 2677 3299 2718 cor
3327 2677 3420 2716 cu-

1841 2759 2014 2828 jusvis
2043 2757 2302 2822 hominis,
2342 2758 2447 2812 nisi
2477 2755 2790 2828 purgaverit
2824 2753 3103 2820 interiora,
3139 2769 3249 2809 non
3282 2754 3423 2808 libe-

1847 2848 2455 2904 rabiturdazmoniacis
2534 2848 2996 2920 cogitationibus,
3038 2847 3296 2917 operibus
3367 2859 3423 2904 et

1846 2924 2222 2996 sermonibus:
2243 2939 2348 2994 nisi
2372 2939 2532 2995 etiam
2561 2941 2814 3004 attentio,
2843 2940 3033 3009 juncta
3048 2938 3420 3008 deprecationi

1845 3026 1998 3093 Jesu,
2028 3029 2294 3084 accendat
2326 3030 2743 3100 temperantiam
2765 3069 2780 3094 ,
2834 3045 2940 3100 qua
2974 3029 3338 3084 humilitatem
3368 3038 3425 3085 et

1772 3134 1821 3199 ρ
1849 3117 2095 3185 quietem
2126 3117 2293 3172 animi
2322 3117 2611 3190 dirigente,
2653 3133 2750 3174 cor
2797 3117 3120 3184 deducatur,
3166 3128 3222 3173 et
3268 3121 3426 3175 valde

1849 3208 2100 3264 alacriter
2120 3210 2356 3266 incedat.
2391 3210 2499 3265 Sed
2519 3211 2831 3267 necessario
2858 3212 3056 3267 evadet
3073 3212 3277 3278 anima,
3303 3229 3425 3283 qua:

1849 3314 1960 3355 non
1993 3301 2267 3367 attendit,
2299 3302 2500 3356 sterilis
2536 3302 2705 3357 totius
2761 3302 2893 3358 boni
2950 3311 3006 3358 et
3051 3303 3424 3376 intelligentia:

1848 3393 2131 3465 perfectae,
2164 3396 2395 3466 perinde
2445 3411 2508 3452 ac
2547 3398 2728 3453 mulus
2773 3398 3004 3465 inutilis,
3053 3399 3142 3455 cui
3187 3415 3298 3455 non
3341 3411 3426 3455 est

1849 3481 2161 3539 intellectus
2210 3486 2493 3556 sapientiae
2540 3487 2827 3557 spiritalis.
2867 3487 3124 3544 Profecto
3181 3505 3283 3560 pax
3341 3501 3426 3546 est

1849 3574 2090 3630 suavitas
2114 3576 2332 3640 animm,
2366 3585 2476 3631 tam
2506 3593 2587 3642 re,
2616 3594 2780 3648 quam
2819 3580 3062 3644 nomine,
3098 3589 3154 3636 et
3180 3597 3415 3637 evacua-

1852 3664 1928 3720 tio
1967 3667 2357 3737 cogitationum
2390 3669 2692 3723 deditarum
2729 3668 3137 3726 aﬂ‘ectionibus.

1922 3753 2012 3808 21.
2029 3754 2258 3821 Quando
2270 3756 2461 3811 vitiose
2486 3759 2782 3813 concordat
2807 3759 2988 3813 anima
3015 3775 3140 3815 cum
3168 3776 3419 3831 corpore,

1861 3855 1993 3901 tunc
2041 3847 2201 3902 ambo
2248 3856 2575 3902 construunt
2608 3849 2884 3904 civitatem
2926 3866 3080 3905 value
3123 3852 3341 3922 gloria,
3371 3865 3425 3907 et

1852 3937 2123 4006 superbia:
2155 3940 2383 4006 turrim,
2416 3940 2733 3996 habitantes
2786 3942 2951 3996 etiam
2999 3944 3053 3997 in
3098 3945 3177 3998 eis
3233 3945 3428 4014 impias

1855 4030 2235 4100 cogitationes.
2265 4033 2533 4087 (Steterunt
2552 4033 2836 4098 Dominus,
2865 4050 3053 4089 eorum
3077 4038 3427 4092 concordiam

1853 4131 2004 4174 metu
2053 4121 2314 4190 geltcnnaa
2371 4121 2659 4177 confundit
2717 4139 2780 4179 ac
2840 4124 3072 4179 dividit:
3106 4127 3232 4181 dum
3286 4129 3429 4199 cogit

1853 4211 2220 4281 principatum
2245 4222 2517 4268 tenentem
2535 4215 2773 4269 animam
2795 4217 2998 4271 sentire
3017 4228 3070 4270 et
3087 4217 3228 4289 loqui
3253 4220 3426 4273 aliena

1853 4311 1910 4357 et
1937 4303 2208 4357 contraria
2243 4303 2478 4373 corpori.
2519 4304 2596 4358 Ex
2625 4321 2734 4375 quo
2772 4316 2919 4360 metu
2947 4308 3123 4361 oritur
3152 4309 3260 4362 illis
3288 4309 3426 4363 divin

1856 4393 1978 4448 sio:
2011 4408 2078 4448 eo
2111 4395 2255 4463 quod
2296 4395 2590 4464 prudentia
2619 4397 2801 4452 carnis
2839 4397 3059 4452 inimica
3106 4400 3176 4454 sit
3211 4399 3340 4467 Deo,
3372 4410 3428 4456 et

183 4487 412 4559 σαρκὸς,
443 4485 642 4556 ἔχθραν
669 4486 747 4548 είς
769 4483 902 4537 Θεδν
921 4479 1084 4549 εἶναι,
1113 4484 1209 4537 καὶ
1231 4481 1310 4553 τῷ
1332 4478 1579 4537 τοῦλΘεοῦ
1603 4482 1741 4553 νόμῳ

1857 4483 1963 4554 legi
1989 4484 2186 4539 divina:
2218 4500 2329 4539 non
2354 4485 2425 4539 sit
2449 4486 2714 4555 subjecta.

185 4580 261 4652 μὴ
289 4575 704 4633 ὑποτάσσεσθαι.

250 4669 354 4738 κβθ.
382 4667 463 4719 Τά
511 4660 634 4718 καθ’
671 4661 888 4733 ἡμέραν
927 4659 1087 4732 ήμῶν
1133 4659 1271 4730 ἔργα
1301 4659 1384 4714 δεῖ
1427 4659 1751 4730 σταθμίζειν

179 4760 306 4816 καθ’
338 4759 489 4829 ὥραν
529 4756 622 4810 καὶ
687 4753 996 4824 προσέχειν,
1047 4752 1141 4806 καὶ
1169 4751 1345 4819 κοῦφα
1386 4751 1486 4821 ὅση
1523 4750 1752 4822 δύναμις

182 4851 272 4908 ἐπ’
303 4853 571 4919 ἀνάγκαις
616 4850 793 4901 ποιεῖν
832 4849 898 4916 τῇ
945 4843 1155 4914 ἑσπέρᾳ
1187 4843 1276 4896 διὰ
1307 4842 1407 4911 τῆς
1439 4842 1749 4913 μετανοίας,

180 4946 236 4999 εῐ
267 4961 330 5014 γε
364 4941 664 5013 βουλόμεθα
701 4941 798 4993 σὺν
831 4938 951 5007 Θεῷ
973 4936 1073 5005 τῆς
1107 4936 1307 4998 κακίας
1343 4934 1748 5004 περιγενέσθαι.

182 5037 296 5091 Καὶ
334 5036 556 5089 σκοπεῖν
593 5033 695 5098 δεῖ,
730 5030 779 5083 εί
822 5030 963 5083 κατὰ
1023 5027 1155 5080 Θεὸν
1173 5025 1437 5097 τελοῦμεν
1475 5026 1654 5080 πάντα
1683 5025 1753 5079 τά

183 5126 421 5198 αίσθητά
458 5124 552 5178 καὶ
595 5123 895 5191 φαινόμενα
947 5119 1102 5190 ἡμῶν
1145 5117 1282 5190 ἔργα
1345 5117 1468 5171 κατ’
1519 5115 1753 5171 ἐνώπιον

184 5218 321 5273 Θεοῦ
351 5216 448 5272 καὶ
474 5216 654 5286 μόνον,
703 5214 791 5267 ἱνα
825 5212 900 5283 μὴ
930 5211 1035 5264 ὑπὸ
1059 5210 1170 5264 τῶν
1202 5209 1508 5281 αἰσθήσεων
1539 5209 1754 5279 ἀλόγως

182 5307 563 5380 κλεπτὼμεθα.

253 5494 360 5556 κγ’.
403 5485 530 5540 Ἐἀν
554 5484 615 5538 τὸ
644 5481 765 5537 καθ’
812 5480 1052 5551 ἑκάστην
1093 5475 1467 5549 κερδαίνωμεν
1500 5476 1599 5531 σὺν
1627 5476 1749 5547 Θεῷ

179 5577 248 5630 ἐκ
271 5575 370 5644 τῆς
399 5573 556 5644 ἡμῶν
579 5574 812 5642 νήψεως,
841 5569 940 5622 οὐκ
964 5565 1251 5635 ὀφείλομεν
1275 5563 1583 5634 ἀδιαφόρως
1612 5563 1747 5616 ἀνα-

181 5661 510 5735 στρέφεσθαι
562 5664 655 5717 καὶ
683 5659 1008 5730 ζημιοῦσθαι
1053 5657 1140 5709 διὰ
1186 5653 1398 5708 πολλῶν
1447 5652 1748 5723 συντυχιῶν

178 5755 496 5826 ἐπισφαλῶν
517 5795 531 5823 ,
565 5754 699 5808 ἀλλὰ
734 5752 933 5823 μᾶλλον
982 5748 1343 5818 καταφρονεῖν
1378 5744 1459 5798 δεῖ
1503 5744 1612 5798 τῶν
1645 5762 1746 5814 μα-

1925 4660 2016 4716 22.
2072 4661 2346 4716 Debemus
2391 4677 2556 4732 opera
2607 4674 2792 4717 nostra
2834 4665 3151 4734 quotidiana
3204 4669 3431 4739 singulis

1857 4751 2008 4807 heris
2046 4753 2353 4822 ponderare
2412 4761 2468 4807 et
2515 4753 2809 4810 observare
2846 4772 2858 4808 :
2893 4771 3066 4825 caque
3118 4760 3430 4828 vespertino

1859 4853 2140 4914 tempore,
2186 4859 2285 4913 pro
2329 4844 2494 4909 virili,
2541 4846 2930 4900 necessitatum
2964 4847 3148 4902 habita
3196 4850 3427 4916 ratione,

1858 4932 2129 4988 beneficio
2162 4933 2500 5002 paenitentiae
2527 4935 2795 5001 allevarc,
2841 4939 2885 4991 si
2919 4938 3162 5007 quidem,
3216 4938 3431 4994 favente

1858 5027 2000 5092 Deo,
2041 5025 2234 5080 vitium
2266 5041 2528 5095 superare
2558 5027 2828 5082 volumus.
2874 5030 3429 5086 Animadvertendum

1857 5125 1945 5173 est
1972 5118 2159 5182 etiam,
2189 5133 2258 5170 an
2294 5117 2549 5171 universa
2580 5133 2746 5187 opera
2777 5129 2964 5173 nostra
2995 5120 3219 5175 externa
3249 5137 3430 5176 coram

1860 5208 1975 5264 Deo
2020 5209 2338 5279 conspicua,
2393 5223 2456 5261 ex
2504 5209 2776 5264 sententia
2824 5211 3004 5265 divina
3056 5222 3428 5282 peraguntur:

1861 5298 1963 5354 hac
2012 5300 2173 5353 etiam
2215 5297 2388 5351 solum
2443 5298 2511 5351 dc
2547 5314 2750 5365 causa,
2809 5316 2882 5355 ne
2937 5301 3236 5356 irrationali
3270 5304 3433 5358 modo

1858 5389 2228 5459 subripiamur
2259 5403 2288 5441 a
2319 5389 2593 5444 sensibus.

1925 5480 2017 5535 25.
2057 5479 2133 5542 Si,
2156 5477 2458 5548 opitulante
2487 5481 2613 5544 Deo,
2641 5497 2706 5536 ex
2733 5486 3096 5553 temperantia
3122 5496 3309 5540 nostra
3328 5487 3438 5540 hoc

1854 5570 1991 5626 lucri
2015 5569 2264 5638 quotidie
2294 5568 2608 5633 fecerimus,
2647 5587 2756 5626 non
2781 5574 3045 5628 debemus
3080 5576 3197 5629 sine
3223 5575 3434 5631 discri—

1856 5660 2003 5714 mine
2027 5658 2363 5721 conversari,
2390 5674 2458 5712 ne
2486 5660 2745 5716 damnum
2780 5679 2844 5718 ex
2875 5666 3041 5719 variis
3069 5668 3433 5720 conversatio-

1859 5751 2018 5805 nibus
2052 5750 2300 5806 erroneis
2329 5753 2721 5810 contrahamus
2752 5775 2763 5811 :
2792 5757 2884 5810 sed
2920 5758 3119 5825 potius,
3141 5758 3355 5812 amabili
3380 5760 3436 5809 et
