4142 6436
163 325 286 389 ῗ521

847 336 938 393 DE
979 336 1520 397 ΤΕΜΡΕΗΑΝΤΙΑ
1551 334 1642 394 ΕΤ
1682 330 2040 392 VlllTUTE.
2066 355 2131 365 --
2161 332 2548 392 CENTURIA
2576 335 2634 425 ll

3272 336 3402 399 l522

154 441 380 508 δύναμιν
394 440 655 510 ἄρρητον,
671 442 913 512 ἀρρήτου
937 444 990 495 δὲ
1013 446 1105 496 καὶ
1127 443 1337 514 ἀρετῶν
1363 443 1722 514 θεωρητικήν.

1842 438 1894 491 td
1931 440 2037 492 vim
2073 454 2349 502 arcanam.
2388 455 2708 495 arcanorum
2752 452 2806 496 et
2865 443 3124 498 virtutum
3159 456 3399 498 centena-

155 532 260 581 Καὶ
281 530 440 598 βάθος
467 532 670 602 ὑψηλὸν
693 535 784 586 τοῦ
815 536 1046 604 ἀπείρου
1071 537 1229 589 θείων
1260 536 1476 590 ἐννοιῶν
1506 540 1562 588 ἐν
1587 555 1723 606 καρ-

152 622 239 693 δίᾳ
259 623 571 692 δεξάμενος,
595 626 915 697 ὀφθήσεται,
952 629 1026 692 ὡς
1059 631 1277 696 ἐφικτὸν
1299 629 1514 699 καρδίᾳ,
1538 630 1567 682 ὁ
1595 630 1726 692 Θεὸς

151 714 261 766 τῶν
291 714 465 766 θεῶν
508 718 535 768 ό
575 718 631 770 δὲ
677 717 794 780 νοῦς
829 721 1127 787 ἐκπλαγεὶς
1168 722 1412 774 κυδαίνει
1455 723 1726 792 ἀγαπητι-

152 807 266 870 κῶς
307 807 440 860 Θεὸν
492 811 583 862 τὸν
642 810 972 880 βλεπόμενον
1016 815 1109 865 καὶ
1163 813 1463 884 βλέποντα,
1506 813 1600 867 καὶ¹
1638 814 1727 868 διὰ

149 898 308 952 τοῦτο
338 903 557 955 κάκεῖνο
589 905 682 954 καί⁹
713 904 875 965 σώζει
905 907 995 956 τὸν
1021 907 1354 972 ἀτενίζοντα.

220 1077 287 1132 λ’.
306 1077 474 1132 Βυθὸν
499 1079 699 1149 ὑψηλὸν
717 1079 1011 1150 κατόψεται
1035 1085 1348 1150 γνωστικῶς
1377 1086 1572 1155 ἡσυχία
1595 1105 1728 1157 καρ-

147 1163 314 1236 διακὴ
343 1168 749 1239 κατορθουμένη
771 1207 784 1232 ,
838 1169 933 1222 καὶ
976 1171 1188 1236 ἐξαίσια
1215 1175 1366 1244 παρά
1398 1173 1532 1227 Θεοῦ
1566 1176 1727 1229 ἀκου-

150 1254 408 1322 σθήσεται
435 1254 527 1320 οὖς
558 1259 807 1328 ἡσυχίας.

222 1346 322 1401 λα’.
364 1349 665 1418 Ὀδοιπόρος
716 1352 812 1422 μὲν
848 1353 1063 1422 μακρὰν
1100 1354 1193 1406 καὶ
1245 1354 1602 1409 δυσδιάὃατον
1633 1357 1728 1410 καὶ

148 1438 455 1508 ἀργαλέαν·
477 1442 595 1494 ὁδὸν
644 1445 954 1498 στείλασθαι
989 1446 1353 1517 ἐναρξάμενος
1374 1486 1388 1510 ,
1432 1447 1641 1517 πλάνην
1666 1465 1726 1501 τε

150 1534 505 1605 ὑφορώμενος
551 1542 607 1591 ὲν
649 1538 726 1608 τῷ
771 1541 1172 1610 ὑποστρέφειν,
1212 1543 1416 1612 σημεῖά
1461 1559 1582 1596 τινα
1633 1542 1727 1595 καὶ

149 1625 380 1694 ὁδηγοὺς
425 1629 482 1680 ἐν
531 1630 808 1701 ὁδοιπορίᾳ
865 1632 1028 1684 αὑτοῦ
1076 1633 1480 1703 καταπήξεται,
1537 1633 1727 1705 ῥᾳδίαν

151 1718 307 1788 αὐτῷ
339 1719 436 1787 τὴν
468 1722 603 1789 πρὸς
638 1722 704 1774 τὰ
726 1725 899 1776 οἰκεῖα
929 1727 1316 1795 ἑπανάκαμψιν
1341 1723 1721 1795 προξενοῦντα.

149 1808 362 1875 Λόγους
383 1811 440 1862 δὲ
466 1833 492 1864 ο
522 1814 796 1882 νηφαλίως
812 1814 1009 1869 ὁδεύων
1034 1816 1170 1887 ἀνὴρ
1191 1815 1546 1886 στηλώσεται,
1568 1814 1728 1870 τοῦτο

150 1915 285 1950 αυτο
311 1899 400 1950 καὶ
421 1900 583 1964 αὐτὸς
609 1901 976 1973 ὑφορώμενος.

227 1993 320 2062 Αβ·.
374 1993 530 2048 ’Δλλά
568 1994 647 2065 τῷ
694 1998 794 2064 μὲν
829 1998 1093 2068 ὁδιοπόρῳ
1136 1999 1561 2069 ἱπανακάμψαι,
1605 1999 1729 2053 ὅθεν

153 2083 319 2153 ίξέδη
340 2087 514 2156 χαρᾶς
555 2087 812 2156 πρόξενον
846 2104 860 2119 °
894 2090 1146 2160 νηφαλέῳ
1187 2092 1244 2145 δὲ
1273 2091 1727 2161 επανακάμπτειν

159 2173 234 2234 sl;
270 2174 334 2226 τὰ
364 2175 539 2229 ὀπίσω
610 2178 823 2248 θλεθρο,
871 2180 1051 2249 ψυχῆς
1079 2180 1302 2252 λογικῆς
1324 2224 1340 2248 ,
1374 2183 1468 2237 καὶ
1503 2185 1728 2254 σημεῖον

155 2267 492 2331 ἀποστασίας
530 2270 598 2322 τῶ
617 2268 962 2342 ε-θεαρεστων
989 2273 1168 2342 εργων
1197 2291 1254 2326 τε
1287 2276 1380 2327 καὶ
1407 2272 1602 2344 λόγων,
1632 2275 1728 2329 καὶ

153 2356 496 2421 ἱννοιῶν,και
529 2360 635 2424 eis:
667 2373 721 2414 ἐν
753 2360 928 2432 καιρῷ
947 2363 1115 2417 ὕπνου
1149 2362 1325 2436 ψυχῆς
1352 2364 1724 2438 θανατηφόρου

158 2446 284 2510 τοὺς
313 2447 503 2514 λόγους
530 2449 605 2514 ὡς
653 2451 854 2516 κέντρα
902 2452 1268 2523 διεγείροντας
1307 2456 1467 2511 αὑτὸν
1491 2459 1560 2528 τῇ
1592 2458 1726 2510 ὑπο-

157 2540 358 2611 μνήσει
395 2546 488 2594 του
525 2544 714 2596 πολλοῦ
744 2548 936 2613 κάρου,
969 2548 1061 2601 καὶ
1093 2547 1365 2618 ῥᾳθυμίας
1389 2550 1485 2619 τῆς
1509 2549 1568 2616 ἐξ
1594 2551 1728 2620 άμε-

154 2622 300 2689 ὶείας
331 2628 477 2699 αὐτῷ
508 2631 815 2702 συμϐάσης.

229 2720 327 2787 λγ”.
347 2721 433 2772 Ἐν
463 2723 694 2790 θλίψεσι,
735 2724 829 2777 καὶ
852 2724 1135 2794 ἀπογνώσε
1146 2745 1216 2792 σι,
1243 2729 1335 2781 καὶ
1360 2728 1728 2801 άπελπισμοῖς

164 2812 553 2880 περιπεσόντας
585 2817 732 2883 ἡμᾶς
772 2815 877 2887 χρὴ
908 2819 1079 2870 ποιεῖν
1107 2820 1163 2870 ἐν
1198 2820 1408 2883 ἑαυτοῖς
1435 2819 1528 2872 τοῦ
1563 2821 1729 2875 Δασὶδ

159 2902 251 2953 τὸν
273 2902 452 2969 λόγον,
482 2905 694 2975 ἐκχέειν
721 2907 818 2977 τήν
844 2908 1072 2978 καρδίαν
1111 2888 1267 2979 ήιῖῶν
1293 2909 1424 2979 πρὸς
1458 2910 1547 2963 τὸν
1574 2911 1725 2977 Θεὸν,

162 3009 177 3040 >
199 2993 259 3044 αὶ
283 2993 381 3062 τὴν
419 2995 602 3065 δέησιν
631 2999 725 3050 καὶ
746 2999 844 3068 τὴν
891 2998 1070 3068 θλίψιν
1097 3001 1254 3070 ήμῶν
1282 3001 1356 3062 ὼς
1392 2999 1508 3052 ἔστι
1540 3003 1731 3072 Κυρίῳ

1830 531 2133 599 platriccm.
2177 531 2244 585 Et
2268 547 2389 585 eum
2419 533 2580 585 imam
2614 534 3036 602 profunditatem
3069 535 3401 590 inﬁnitarum

1828 621 2148 676 notitiartnn
2180 622 2488 679 divinarum
2534 625 2718 678 animo
2749 627 2913 680 fuerit
2942 641 3187 682 assecuta
3209 669 3222 690 ,
3255 631 3400 683 vide-

1827 713 1972 767 bitur
2013 712 2158 767 Deus
2199 713 2425 768 deorum
2451 754 2463 777 ,
2513 725 2776 786 quantum
2820 718 3154 787 permittitur
3197 720 3400 783 animo,

1829 806 1972 860 unde
2019 821 2174 860 mens
2219 806 2447 860 attonita
2486 808 2754 878 glorificat
2805 809 3176 865 amantissime
3229 812 3398 864 Deum

1828 904 2180 965 conspectum
2200 906 2255 951 et
2277 897 2705 967 conspicientem
2738 918 2751 953 :
2779 901 2872 970 qui
2898 910 3129 971 utraque
3149 903 3216 956 de
3239 919 3400 957 causa

1827 985 2042 1040 assidue
2082 985 2387 1040 intuentem
2416 988 2612 1041 salvat.

1898 1079 1982 1132 50.
2017 1078 2123 1133 Cor
2165 1080 2550 1149 tranquillmn,
2622 1086 2968 1139 emendatum
3031 1094 3087 1141 et
3141 1086 3400 1142 noscendi

1829 1169 2065 1239 peritum
2087 1172 2421 1226 scrutabitur
2449 1173 2606 1228 valde
2633 1175 2902 1244 profunda
2928 1197 2940 1228 :
2962 1180 3179 1231 «.tanris
3205 1180 3402 1248 quietie

1829 1261 2028 1314 mentis
2057 1261 2318 1317 efficietur
2354 1280 2384 1318 a
2415 1265 2526 1319 Deo
2555 1281 2723 1336 capax
2762 1269 3017 1322 audiendi
3054 1271 3337 1323 immensa.

1900 1351 1986 1404 5|.
2024 1349 2209 1405 Viator
2251 1352 2403 1406 brevi
2447 1355 2792 1423 profecturus
2845 1359 3100 1428 longam,
3170 1361 3399 1414 transitu

1829 1441 2102 1496 dillieilem
2132 1449 2188 1496 et
2217 1443 2523 1498 molestiam
2559 1446 2700 1500 viam
2725 1490 2738 1512 ,
2791 1451 3079 1517 suspicans
3122 1451 3286 1506 etiam
3334 1468 3401 1505 ne

1830 1532 2154 1586 divertendo
2187 1541 2353 1597 erret,
2389 1534 2542 1606 signa
2571 1537 2839 1605 quaedam,
2873 1538 2973 1592 via:
3003 1538 3190 1603 duces,
3221 1539 3275 1592 in
3305 1555 3399 1592 sua

1831 1621 2171 1692 profectione
2196 1623 2402 1694 deﬁgit,
2425 1640 2545 1694 qua:
2574 1625 2786 1682 facilem
2811 1628 2914 1681 sibi
2942 1638 3134 1696 parent
3168 1631 3408 1683 redituin'

1831 1712 1896 1766 ad
1924 1727 2044 1767 sua.
2079 1712 2172 1768 Vir
2198 1723 2403 1782 autem,
2431 1718 2522 1786 qui
2557 1717 2737 1772 sobrie
2769 1718 2992 1780 incedit,
3039 1736 3159 1788 qua:
3210 1720 3399 1775 audie-

1761 1776 1802 1832 Β
1830 1805 1919 1869 rit,
1947 1804 2152 1860 notabit
2184 1823 2195 1858 :
2232 1805 2376 1860 idem
2413 1776 2577 1862 eiiam
2611 1807 2727 1876 ipse
2759 1776 3082 1863 observans:

1902 1980 1991 2035 52.
2021 1981 2124 2036 Sed
2153 1981 2340 2036 viatori
2365 1981 2582 2052 quidem
2606 1984 2828 2048 reditus,
2853 1990 2995 2039 unde
3021 2002 3271 2057 egressus
3294 1999 3399 2054 est,

1830 2071 2067 2127 ltetitiam
2098 2072 2271 2142 gignit
2301 2091 2313 2125 :
2347 2073 2531 2127 sobrio
2561 2083 2745 2129 antem
2771 2076 2887 2130 viro
2923 2093 3201 2148 regressus
3244 2081 3311 2136 ad
3339 2097 3400 2135 ea

1827 2178 1948 2233 qua:
1974 2179 2004 2217 a
2033 2173 2185 2235 tergo
2221 2164 2461 2234 reliquit,
2489 2174 2576 2220 est
2600 2151 2795 2222 aninia:
2831 2169 3107 2224 rationalis
3129 2171 3399 2238 interitus,

1827 2271 1892 2311 ac
1925 2255 2182 2311 indicium
2207 2256 2527 2312 defectionis
2555 2258 2624 2313 ab
2667 2260 2944 2329 operibus,
2967 2265 3308 2319 sermonibus
3347 2275 3403 2321 et

1826 2348 2240 2420 cogitationibus
2277 2348 2386 2404 Deo
2421 2350 2606 2422 gratis.
2639 2349 2686 2406 Is
2734 2352 2915 2423 itaque
2941 2363 3183 2425 tempore
3226 2359 3400 2412 somni

1826 2438 2043 2494 lethalis
2073 2440 2268 2494 anima:
2304 2441 2591 2496 habiturus
2646 2452 2733 2498 est
2784 2444 3174 2514 cogitationes,
3235 2447 3405 2501 instar

1827 2531 2140 2585 aculeorum
2159 2530 2461 2587 excitantes
2477 2547 2601 2586 eum
2613 2573 2627 2598 ,
2645 2537 3158 2591 commemoratione
3173 2539 3406 2609 crapula:

1829 2622 2032 2686 multae,
2058 2629 2114 2677 et
2143 2622 2392 2693 ignaviae,
2427 2624 2703 2678 nascentis
2732 2640 2762 2678 c
2786 2626 3134 2697 negligentia.

1899 2716 1990 2770 35.
2023 2715 2157 2771 Cum
2191 2714 2482 2770 incidimus
2506 2715 2560 2769 in
2596 2716 2992 2782 tribulationcs,
3017 2718 3408 2788 desponsiones

1829 2807 2002 2862 animi
2057 2821 2122 2861 ac
2157 2806 2602 2874 desperationes,
2659 2807 2823 2860 verba
2879 2807 3100 2863 Davidis
3155 2810 3210 2864 in
3252 2813 3408 2871 nobis

1833 2898 1937 2970 ipsi
1973 2898 2198 2967 exsequi
2229 2896 2525 2964 debemus,
2557 2897 2835 2952 effundere
2876 2899 2928 2952 in
2959 2911 3257 2971 conspectu
3311 2903 3408 2956 Dei

1832 2989 2002 3045 corda
2029 2999 2234 3054 nostra,
2264 2989 2639 3058 precationem
2682 3000 2738 3046 et
2761 2992 3112 3070 alllictionem
3145 3005 3408 3060 nostram,

169 3084 536 3165 ἀναγγέλλειν·
566 3088 1038 3159 ὲξομολογούμεθα
1061 3091 1167 3160 γὰρ
1191 3090 1268 3160 τῷ
1291 3090 1430 3160 Θεῷ,
1454 3090 1529 3154 ῶς
1554 3091 1733 3160 σοφῶς

1842 3091 1894 3136 ιιι
1919 3089 2023 3148 est,
2065 3079 2294 3135 Domino
2337 3081 2690 3137 denuntiare.
2727 3083 3068 3140 Confitemur
3101 3087 3244 3140 enim
3280 3088 3407 3152 Deo,

164 3172 446 3246 δυναμένῳ
484 3177 552 3230 τὰ
593 3178 714 3232 καθ’
753 3182 902 3250 ἡμᾶς
945 3180 1240 3251 διοικῆσαι,
1285 3185 1379 3236 καὶ
1421 3184 1520 3254 τὴν
1556 3182 1733 3252 θλίψιν

165 3264 260 3317 ἐπὶ
287 3266 618 3337 συμφέροντι
660 3269 884 3338 ποιῆσαι
920 3271 1134 3340 ῥᾳδίαν,
1174 3276 1266 3325 καὶ
1291 3272 1558 3342 ῥύσασθαι
1587 3275 1736 3344 ἡμᾶς

165 3354 266 3423 τῆς
297 3353 546 3424 ὀλεθρίας
571 3373 629 3409 τε
655 3356 751 3410 καὶ
778 3358 1026 3430 φθαρτῆς
1064 3360 1258 3430 λύπης.

245 3534 337 3588 λδ⁹.
363 3534 542 3604 Θυμὸς
573 3537 680 3608 γὰρ
703 3539 855 3609 παρὰ
884 3539 1047 3609 φύσιν
1076 3541 1219 3595 κατά
1240 3541 1538 3613 ἀνθρώπιον
1564 3542 1735 3596 κινούο

175 3642 352 3692 ςιενος,
377 3628 470 3680 καὶ
492 3628 667 3698 λύπην
693 3630 754 3683 οὐ
779 3631 920 3684 κατὰ
941 3631 1073 3685 Θεὸν
1119 3634 1214 3687 καὶ
1236 3634 1462 3704 ἀκῃδίαν
1496 3635 1735 3704 δμποιείο

171 3716 447 3787 φθαρτικὰ
474 3696 673 3788 ὁμοίως
698 3721 806 3773 είσὶ
835 3722 944 3774 τῶν
974 3721 1192 3790 ἀγαθῶν
1211 3740 1269 3776 τε
1286 3696 1398 3777 καὶ
1419 3696 1740 3792 γνω-στικῶν

169 3808 480 3876 λογισμῶν,
514 3809 550 3862 ἃ
585 3812 611 3863 ό
646 3811 847 3881 Κύριος
886 3813 951 3882 τῇ
992 3811 1376 3884 ἐξομολογήσει
1403 3813 1736 3886 σκορπίζων,

171 3897 352 3968 χαράν
389 3901 625 3970 ιμποιιῖ.

246 3989 339 4042 λε’.
393 3991 683 4059 Λογῐσμῶν
734 3992 790 4045 δὲ
832 3994 890 4046 ιν
943 3993 1176 4065 καρδίᾳ,
1221 3995 1316 4047 καὶ
1358 3996 1432 4064 μὴ
1477 3995 1741 4051 θελόντων

172 4079 337 4148 ἡμῶν
376 4081 660 4148 παγέντων
703 4099 762 4134 τε
809 4084 902 4136 καὶ
936 4085 1235 4152 ἱσταμένων
1257 4126 1272 4150 ,
1305 4084 1607 4156 ἐξαλείφειν
1644 4088 1745 4141 πέ-

176 4186 351 4238 φυκεν
402 4171 576 4226 Ἰησοῦ
612 4172 744 4243 εὐχὴ
771 4175 909 4243 μετὰ
943 4175 1156 4246 νήψεως
1196 4178 1260 4230 ἐκ
1294 4177 1501 4246 βαθέων
1524 4179 1742 4233 ἐννοιῶν

177 4262 428 4333 καρδίας.

251 4352 358 4417 λς.
394 4355 706 4422 Κουφισμὸν
739 4355 796 4406 δὲ
852 4357 946 4408 καὶ¹
983 4356 1173 4426 χαρὰν,
1209 4358 1266 4411 ὲν
1309 4359 1485 4427 θλίψει
1535 4362 1745 4416 πολλῶν

1843 3185 2098 3243 tanquam
2126 3188 2189 3228 ea
2225 3189 2346 3243 qua:
2371 3175 2511 3229 circa
2555 3191 2657 3230 nos
2686 3187 2853 3242 sunt,
2909 3180 3184 3248 sapienter
3213 3182 3412 3250 guber-
3498 3253 3502 3258 _

1842 3265 2016 3329 nanti,
2051 3274 2104 3319 et
2138 3264 2231 3335 qui
2265 3265 2670 3321 tribulationem
2719 3284 2841 3322 eum
2895 3268 3070 3323 fructu
3105 3271 3275 3324 levem
3301 3270 3416 3325 είὶἰ⁴

1845 3369 1967 3409 cere
2020 3363 2238 3424 potest,
2281 3365 2334 3409 et
2373 3355 2603 3410 liberare
2635 3372 2736 3412 nos
2765 3358 2834 3411 ab
2884 3358 3106 3412 interitu
3137 3369 3190 3414 et
3224 3374 3414 3413 corru-

1844 3445 2019 3514 ptibili
2049 3445 2316 3499 molestia.

1914 3537 2003 3590 ιι.
2059 3535 2138 3594 Ira
2165 3536 2430 3606 siquidem
2464 3537 2724 3590 adversus
2755 3537 3005 3591 homines
3037 3549 3229 3607 printer
3258 3549 3416 3592 natu-

1848 3643 1961 3682 ram
1990 3635 2188 3688 emota.
2223 3637 2275 3680 et
2322 3626 2595 3680 tristitiam
2647 3644 2750 3682 non
2781 3629 3084 3683 secundum
3125 3631 3310 3693 Deum,
3362 3639 3420 3684 ct

1848 3716 2065 3771 aedium
2111 3715 2280 3785 gignit
2313 3733 2323 3766 :
2357 3732 2477 3784 qua:
2510 3717 2714 3786 pariter
2768 3728 3125 3788 corrumpunt
3168 3720 3336 3773 bonas
3365 3728 3422 3772 ct

1847 3805 2088 3859 eruditas
2148 3804 2545 3874 cogitationes:
2581 3816 2635 3859 et
2676 3822 2772 3874 per
2815 3806 3212 3862 confessionem
3257 3807 3419 3862 dissi-

1848 3905 2046 3966 pantur
2081 3909 2112 3947 a
2144 3896 2372 3948 Domino
2408 3896 2649 3950 laetitiam
2680 3897 2968 3951 inl'erente.

1919 3985 2009 4039 55.
2055 3984 2428 4055 Cogitationes
2455 3987 2510 4039 in
2552 3986 2753 4051 animo,
2794 3988 2875 4041 vel
2901 3988 3257 4044 nobisinvitis
3289 3989 3422 4044 lixas

1851 4090 1904 4134 ct
1937 4080 2324 4141 consistentes,
2363 4079 2544 4133 delere
2570 4080 2708 4133 solet
2728 4080 3038 4150 deprecatio
3061 4096 3187 4152 erga
3208 4080 3419 4147 Jesum,

1851 4186 1917 4224 ex
1951 4170 2158 4225 intimis
2178 4170 2346 4224 animi
2371 4170 2728 4240 conceptibus
2765 4182 2882 4227 orta
2926 4189 3049 4228 cum
3103 4174 3415 4228 sobrietate.

1921 4351 2009 4406 36.
2049 4349 2184 4405 Cum
2219 4350 2472 4419 angimur
2497 4350 2846 4404 multitudine
2871 4352 3258 4421 cogitationum
3289 4353 3423 4406 irra-

178 4441 394 4510 ἀλόγων
427 4443 702 4512 λογισμῶν
743 4445 1027 4514 γενόμενοι
1068 4447 1376 4518 εὑρήσομεν
1401 4490 1416 4514 ,
1444 4451 1571 4504 ὅταν
1603 4469 1736 4523 μεμε

1856 4442 2160 4508 tionalium,
2198 4441 2368 4495 levari
2395 4442 2635 4495 dolorem
2674 4455 2732 4496 ct
2779 4443 3012 4497 recreari
3073 4459 3171 4498 nos
3222 4445 3427 4499 sentie-

177 4530 410 4601 ψὼμεθα
449 4533 675 4597 ἑαυτοὺς
722 4536 779 4586 ὲν
823 4536 1071 4606 ἀληθείᾳ,
1116 4540 1212 4590 καὶ
1254 4541 1746 4615 ἀπροσπαθῶς·“ἢ

179 4623 263 4693 τῷ
284 4625 604 4691 ἀναγγεῖλαι
642 4626 819 4678 πάντα
851 4627 1098 4696 καθάπερ
1127 4628 1503 4700 ἀνθρώπῳ,τῷ
1535 4633 1744 4705 Κυρίῳ.

184 4713 296 4767 Kdl.
346 4713 563 4776 πάντως
604 4715 668 4766 εκ
700 4714 806 4767 τῶν
850 4715 944 4769 δυο
988 4718 1296 4788 εὑρήσομεν
1342 4720 1647 4775 ἀνάπαυσιν
1685 4725 1751 4777 ὲκ

185 4804 408 4868 παντὸς,
443 4802 535 4857 καὶ
559 4806 732 4868 ἄλλως
760 4805 860 4858 οὑκ
886 4806 1050 4861 ἔστιν.
1072 4809 1132 4859 Εἰ
1157 4808 1213 4861 δέ
1230 4825 1292 4876 γε
1322 4810 1654 4880 νομίζοιμεν,
1676 4811 1751 4876 ὡς

188 4894 447 4966 χειρικῶς
481 4896 543 4948 τὸ
585 4896 695 4950 τῶν
740 4899 1063 4966 ποιημάτων
1091 4900 1288 4963 αῐτιον,
1335 4902 1428 4953 καὶ
1469 4903 1758 4973 πυγμικῶς

187 4986 652 5055 ἀνταμειδόμεθα,
686 4989 1037 5056 γνωσόμεθαο
1095 4989 1156 5042 '0
1184 4990 1342 5056 ἔχων
1369 4986 1488 5046 ὦτα
1516 4994 1758 5048 ἀκούειν

188 5074 476 5142 ἀκουέτω,
506 5077 669 5147 φησὶν
701 5079 728 5130 ό
768 5077 986 5148 Κύριος,

265 5249 359 5314 λζ’.
399 5249 593 5305 Είκόνα
620 5252 714 5305 τοῦ
745 5253 836 5305 νοῦ
870 5256 897 5306 ό
924 5257 1216 5327 νομοθέτης
1253 5260 1457 5330 Μωσῆς
1486 5259 1760 5330 λαμϐάνε-

189 5358 284 5394 ται
313 5343 462 5412 παρά
490 5343 597 5396 τῶν
619 5345 888 5414 πατέρων,
911 5347 969 5408 ὃς
993 5349 1126 5400 Θεὸν
1151 5351 1252 5421 όρᾷ
1280 5354 1338 5402 ἐν
1365 5355 1429 5422 τῇ
1461 5352 1628 5423 βάτῳ,
1663 5354 1756 5406 καὶ

193 5431 257 5482 τὸ
300 5431 588 5500 πρόσωπον
629 5433 946 5503 δοξάζεται,
996 5439 1088 5492 καὶ
1123 5439 1253 5504 Θεὸς
1293 5443 1489 5513 Φαραὼ
1523 5443 1626 5496 ὑπὸ
1668 5444 1764 5496 τοῦ

193 5519 334 5574 Θεοῦ
366 5523 473 5577 τῶν
505 5525 644 5577 θεῶν
672 5526 1016 5594 καθίσταται,
1069 5532 1337 5598 Αἴγυπτον
1375 5535 1643 5604 μαστίζει,
1673 5537 1763 5588 καὶ

278 5700 322 5735 ’⁸
342 5703 526 5762 Matth.
559 5725 631 5763 ιι.
669 5709 748 5762 15.

1855 4549 1998 4598 mus,
2025 4533 2070 4587 si
2103 4547 2248 4595 vere,
2294 4542 2350 4586 et
2405 4532 2550 4586 omni
2600 4533 2800 4587 allectu
2858 4534 3127 4603 deposito,
3182 4536 3428 4604 nosipsos

1854 4641 2204 4681 accusemus:
2246 4634 2342 4678 aut
2371 4625 2415 4677 si
2452 4624 2698 4690 Domino,
2738 4627 2886 4680 velut
2920 4627 3126 4680 homini
3210 4642 3427 4681 annun-

1858 4723 2053 4776 tienms
2082 4719 2284 4774 omnia.
2316 4718 2424 4773 Ilac
2455 4719 2652 4787 duplici
2702 4719 2931 4782 ratione,
2964 4727 3020 4772 ct
3084 4734 3194 4772 non.
3248 4718 3426 4783 aliter,
3499 4775 3519 4791 ﬁ

1863 4810 2257 4866 rccreationem
2289 4810 2654 4863 omnimodam
2687 4809 3085 4865 nancisccmur.
3123 4807 3221 4860 Sin.
3240 4807 3432 4861 existi-

1864 4916 2112 4964 memus,
2171 4900 2318 4954 velut
2369 4908 2616 4969 porrecta
2672 4914 2859 4963 manu,
2931 4898 3100 4951 Deum
3149 4910 3429 4951 auctorem

1866 5008 2067 5056 rerum,
2113 5000 2170 5046 et
2217 4991 2412 5044 horum
2447 5005 2570 5043 csse
2615 5005 2854 5053 causam,
2911 4998 2967 5042 ct
3021 4988 3203 5041 oblato
3251 5005 3431 5058 pugno

1867 5083 2092 5154 rependi
2126 5081 2284 5135 nobis
2321 5095 2712 5150 cognoscemus
2753 5079 2903 5143 illud,
2942 5079 3042 5144 Qui
3077 5079 3225 5132 habet
3277 5095 3433 5131 aures

1870 5173 2137 5233 audiendi,
2170 5171 2434 5236 audiat“,
2471 5170 2559 5240 inq
2586 5169 2644 5222 tit
2678 5169 2962 5226 Dominus.

1942 5265 2033 5320 5‘7.
2075 5262 2269 5316 Mentis
2290 5261 2575 5332 imaginem
2601 5277 2630 5314 a
2662 5262 2907 5330 patribus
2927 5261 3135 5330 accepit
3163 5260 3435 5330 legislator

1872 5356 2070 5418 Moses,
2095 5353 2187 5423 qui
2233 5353 2400 5407 Deum
2434 5351 2579 5405 videt
2613 5352 2665 5404 in
2703 5351 2856 5417 rubo,
2911 5351 3061 5404 vultu
3113 5350 3429 5407 illustratur,

1881 5447 2023 5500 Deus
2047 5442 2347 5496 Pharaonis
2373 5456 2400 5493 a
2421 5439 2530 5493 Deo
2549 5440 2776 5493 deorun
2807 5439 3179 5500 constituitur,
3208 5438 3435 5507 flagellat

1873 5537 2186 5608 ASgyptum,
2233 5531 2416 5587 educit
2468 5530 2743 5595 lsraclcm,
2803 5539 2857 5585 ct
2905 5529 3050 5600 leges
3101 5529 3272 5584 sancit
3315 5545 3438 5597 quan
