4142 6436
743 353 881 419 1523

1925 355 2289 416 HESYCHII
2322 355 2793 418 PRESBYTERI

3897 350 4018 414 152i

743 460 962 524 quidem
1009 468 1217 530 tropice
1244 466 1482 528 sumpta,
1519 467 1647 512 sunt
1701 457 1999 513 secundum
2033 458 2306 529 spiritum,

2428 457 2598 528 εξάγει
2633 461 2727 515 τὸν
2774 461 3010 535 Ἰσραὴλ,
3042 461 3135 515 καὶ
3163 460 3474 530 νομοθετεῖ·
3501 461 3672 515 ᾰτινα
3736 463 4018 529 τροπικῶς

738 553 973 608 etlectus
991 550 1190 606 mentis
1210 558 1265 605 et
1298 549 1682 620 praerogativae.

811 729 900 783 58.
940 730 1121 784 Aaron
1147 738 1332 785 autem
1371 727 1700 799 legislatoris
1743 726 1933 791 frater,
1974 735 2092 780 erat
2135 725 2314 795 imago

745 818 984 876 hominis
1015 819 1246 876 externi.
1288 819 1400 874 Nos
1435 835 1564 890 ergo
1618 819 2023 874 subinferentes
2054 827 2316 887 expostu-

744 912 976 967 lationes
1005 912 1316 974 iracundas.
1359 911 1818 982 quemadmodum
1845 910 2022 965 Moses
2050 911 2104 964 in
2134 911 2314 964 Aaron

743 1005 1174 1074 delinquentem,
1226 1004 1470 1059 dicamus
1523 1003 1682 1070 :Qua
1767 1011 1819 1056 te
1878 1003 2074 1072 iniuria
2135 1001 2318 1055 aﬁ‘ecit

745 1097 932 1159 Israel,
960 1098 1102 1166 quod
1133 1105 1241 1150 tam
1271 1097 1381 1150 cito
1420 1095 1702 1151 sednxeris
1731 1109 1827 1150 eos
1850 1110 1881 1148 a
1921 1093 2148 1148 Domino
2205 1091 2318 1146 Deo

747 1191 870 1244 vivo
901 1188 1315 1257 omnipotente?

817 1280 907 1335 '59.
941 1279 1096 1344 Quod
1117 1279 1302 1342 etiam,
1339 1289 1538 1348 printer
1589 1276 1770 1332 omnia
1805 1277 1910 1330 alia
1947 1275 2067 1345 ejus
2106 1273 2317 1329 beneﬁ-

746 1373 976 1436 cia,nos
1003 1373 1191 1426 docuit
1240 1371 1524 1434 Dominus,
1574 1370 1934 1425 suscitaturus
1981 1368 2242 1421 Lazarum
2287 1382 2316 1418 a

748 1465 1000 1528 mortuis,
1053 1479 1241 1518 severa
1297 1463 1720 1517 comminatione
1759 1460 2143 1516 refrenandam
2195 1472 2318 1512 esse

749 1557 1032 1610 mollitiem
1073 1565 1128 1611 et
1157 1556 1480 1612 effusionem
1504 1556 1730 1620 animm,
1770 1564 1824 1608 et
1855 1553 2098 1607 habitum
2147 1549 2315 1604 animi

750 1657 1092 1701 constantem
1131 1645 1590 1716 atnplectendum.
1630 1643 1750 1709 Quo
1801 1651 1979 1712 pacto,
2026 1654 2225 1709 nempe
2271 1639 2318 1694 si

753 1727 911 1790 nobis
940 1736 1075 1805 ipsis
1111 1735 1482 1804 indignemur,
1517 1732 1628 1797 ﬁet,
1681 1742 1740 1786 ut
1791 1745 1976 1786 amore
2020 1730 2126 1796 sui,
2180 1743 2316 1781 vana

749 1829 917 1898 gloria
972 1836 1028 1880 et
1061 1827 1337 1896 superbia,
1363 1825 1625 1880 liberetur
1653 1824 1856 1878 anima.

819 1919 908 1972 40.
953 1918 1020 1973 Ut
1042 1933 1169 1988 ergo
1191 1933 1300 1972 non
1327 1931 1620 1987 possumus
1654 1915 1860 1984 absque
1883 1930 2073 1984 magna
2104 1915 2321 1985 naviga-

751 2011 901 2064 tione
937 2010 1264 2080 profundum
1296 2009 1463 2062 maris
1499 2008 1748 2076 traiicere
1794 2025 1806 2060 :
1840 2007 1914 2060 ita
1969 2006 2086 2060 ﬁeri
2132 2007 2322 2075 nequit

751 2115 812 2158 ut
859 2103 1198 2173 expcllamus
1255 2101 1516 2170 impetum
1559 2099 1903 2171 cogitationis
1927 2114 2128 2169 pravae,
2185 2098 2320 2152 citra

753 2195 1153 2250 invocationem
1185 2192 1314 2246 Jesu
1345 2189 1572 2245 Christi.

821 2288 910 2342 Μ.
946 2285 1252 2340 Reluctatio
1286 2284 1506 2354 quidem
1546 2280 1878 2352 praecludere
1931 2281 2068 2335 solet
2118 2281 2321 2352 cogita-

750 2378 965 2434 tiones:
1001 2376 1275 2432 invocatio
1323 2383 1505 2429 autem
1534 2373 1625 2428 Dei
1657 2372 1876 2442 expellit
1920 2388 2014 2427 eas
2061 2387 2092 2428 e
2136 2373 2319 2427 corde.

753 2467 1037 2539 Suggestio
1059 2466 1206 2521 enim
1238 2466 1294 2519 in
1326 2465 1531 2528 anima,
1572 2462 1802 2518 formata
1837 2479 1934 2534 per
1966 2464 2316 2534 imaginatio-

749 2576 878 2616 nem
908 2559 987 2613 rei
1012 2558 1307 2622 sensibilis,
1353 2557 1503 2611 verbi
1535 2557 1729 2626 gratia,
1768 2556 1935 2610 facies
1957 2557 2079 2626 ejus
2106 2557 2199 2626 qui
2223 2571 2322 2611 nos

749 2651 998 2717 oﬂ'endit,
1055 2659 1150 2705 aut
1197 2649 1510 2720 imaginatio
1536 2648 1955 2718 pulchritudinis
2012 2648 2318 2712 muliebris,

750 2745 892 2808 auri,
948 2744 1033 2799 vel
1077 2742 1323 2815 argenti,
1379 2742 1574 2795 horum
1610 2740 1816 2811 singula
1868 2739 1913 2792 si
1947 2739 2324 2809 concipiantur

750 2835 1029 2889 intellectu
1065 2840 1273 2894 nostro,
1301 2830 1480 2885 statim
1512 2828 1995 2900 deprehenduntur
2040 2828 2322 2899 cogitatio-

749 2939 870 2987 nes,
893 2938 1014 2993 qtue
1049 2922 1370 2990 injuriarum
1395 2920 1804 2984 recordationis,
1842 2921 2012 2989 stupri
2062 2929 2117 2974 et
2145 2920 2322 2973 avari-

749 3018 840 3073 tiae
878 3017 1143 3070 visionem
1200 3015 1254 3068 in
1302 3017 1486 3068 animo
1525 3023 1714 3069 nostro
1763 3022 2114 3084 pepererunt.
2145 3013 2224 3069 Ac
2279 3013 2323 3068 si

2414 549 2824 623 λαμϐανόμενα,
2859 554 3002 608 κατὰ
3045 551 3266 624 πνεῦμα
3306 553 3399 606 τοῦ
3431 553 3552 616 νοός
3587 552 3748 605 εἰσιν
3796 554 4020 620 ἐνεργή-

2419 659 2560 712 ματα
2583 645 2675 697 καὶ
2707 646 3118 717 προτερήματα.

2486 732 2586 804 λη’.
2622 735 2875 790 Είκὼνδὲ
2909 735 3002 789 τοῦ
3031 735 3187 800 ἐκτὸς
3209 734 3499 806 ἀνθρώπου
3541 732 3785 802 Ἀαρὼν
3819 733 3849 783 ό
3879 731 4017 782 ἁδεὶο

2417 823 2515 890 φὺς
2541 825 2636 878 τοῦ
2671 827 2986 897 νομοθέτου.
3036 827 3358 897 Ἐγκλήσεις
3385 822 3480 879 οῦν
3512 827 3664 895 μετὰ
3705 821 3922 892 θυμοῦ,
3954 822 4015 884 ὡς

2418 916 2623 989 Μωσῆς
2654 921 2943 974 πταίσαντι
2968 920 3046 991 τῷ
3063 919 3294 991 Ἀαρὼν,
3325 919 3421 973 καὶ
3453 920 3618 988 ἡμεῖς
3658 916 4016 985 εἰσφέροντες

2417 1008 2664 1080 λέγωμεν
2683 1028 2696 1041 ·
2727 1011 2791 1064 Τί
2818 1012 3044 1082 ἡδίκησέ
3075 1029 3134 1063 σε
3173 1010 3404 1079 Ἰσραὴλ,
3435 1011 3516 1062 ὅτι
3559 1009 3864 1068 ἔσπευσας
3900 1008 4014 1058 ἀπο-

2419 1100 2613 1171 στῆσαι
2650 1102 2848 1166 αὐτοὺς
2873 1102 2982 1156 ἀπὸ
3020 1101 3112 1155 τοῦ
3145 1100 3354 1171 Κυρίου
3389 1098 3523 1154 Θεοῦ
3562 1099 3792 1162 ζῶντος
3828 1113 4011 1150 παντο.

2419 1193 2687 1264 κράτορος
2712 1212 2726 1260 ;

2489 1282 2585 1336 λθ’.
2631 1283 2921 1352 Παρέδειξε
2955 1283 3063 1353 γὰρ
3097 1283 3228 1352 ἡμῖν
3266 1283 3294 1334 ὁ
3323 1281 3528 1350 Κύριος
3577 1280 3688 1333 σὺν
3721 1279 3904 1330 πᾶσιν

2419 1374 2531 1436 λοις
2556 1374 2783 1441 ἀγαθοῖς
2839 1375 2931 1428 καὶ
2965 1375 3155 1439 τοῦτο,
3192 1375 3280 1427 ὅτε
3318 1373 3545 1441 ἔμελλεν
3581 1371 3912 1439 ἀναστῆσαι
3937 1371 4012 1419 τὶν

2420 1464 2670 1535 Λάζαρον
2691 1469 2754 1520 ἐκ
2775 1467 3008 1537 νεκρῶν,
3029 1467 3091 1519 τὸ
3113 1465 3460 1520 ἀναστέλλειν
3487 1464 3582 1518 διὰ
3607 1465 4012 1532 ὲμῧοιμησεως

2421 1558 2480 1610 τὸ
2508 1559 2872 1629 θηλυδριῶδες
2905 1561 3000 1614 καὶ
3023 1559 3339 1632 διαχυτικὸν
3377 1558 3479 1628 τῆς
3524 1557 3724 1626 ψυχης
3763 1556 3863 1608 καὶ
3901 1570 4011 1603 στλ-

2421 1648 2550 1716 φνὸν
2588 1645 2718 1720 ἦθος
2771 1650 2990 1720 ζηλοῦν,
3021 1650 3050 1703 δ
3091 1647 3233 1716 οἶδε,
3271 1651 3413 1719 φημὶ
3442 1649 3506 1718 δὴ
3548 1648 3614 1699 τὸ
3647 1642 4010 1713 αὐτομεμφὲς

2421 1741 2486 1793 ἐκ
2506 1740 2792 1808 φιλαυτίας
2811 1782 2825 1806 ,
2848 1745 2913 1797 ἐκ
2939 1744 3246 1811 κενοδοξίας
3275 1759 3334 1795 τε
3364 1743 3459 1794 καὶ
3489 1738 3907 1810 ὑπερηφανίας
3927 1753 4008 1799 την

2421 1830 2598 1902 ψυχὴν
2635 1833 2977 1906 λυτροῦσθαι.

2496 1923 2570 1992 μ’.
2620 1926 2829 1998 Ὥσπερ
2871 1923 2962 1982 οῦν
3006 1928 3141 1997 ἄτερ
3182 1925 3371 1979 πλοίου
3428 1922 3680 1993 μεγάλου
3730 1921 4012 1974 θαλάττιον

2421 2014 2660 2084 πέλαγος
2708 2019 2947 2089 περάσαι
2999 2020 3059 2072 οὐ
3101 2017 3348 2080 δυνατὸν,
3392 2015 3566 2078 οὕτως
3601 2013 3886 2069 ἀδύνατον
3931 2012 4009 2062 ἐι·

2420 2102 2609 2168 διῶξαι
2642 2108 2948 2178 προσϐολὴν
2975 2106 3238 2178 λογισμοῦ
3263 2104 3504 2178 πονηροῦ
3531 2147 3550 2172 ,
3581 2106 3775 2175 χωρὶς
3802 2101 4012 2168 “illi:

2424 2211 2562 2259 σεως
2610 2197 2786 2267 Ἰησοῦ
2816 2200 2861 2252 Χ
2869 2199 3075 2269 ριστοῦ.

2495 2285 2605 2357 μα’.
2635 2288 2977 2361 Ἀντίρρησις
3008 2289 3107 2360 μὲν
3136 2289 3356 2358 φιμοῦν,
3386 2287 3684 2359 ἐπίκλησις
3724 2287 3789 2339 δὲ
3812 2286 4011 2339 διώκειν

2423 2379 2488 2430 ὲκ
2525 2379 2751 2450 καρδίας
2800 2380 2960 2434 εἴωθε
2992 2383 3120 2443 τοὺς
3145 2379 3441 2450 λογισμούς
3473 2398 3488 2411 ο
3520 2381 3556 2448 ἡ
3595 2381 3718 2450 γὰρ
3739 2379 4011 2448 ,πρτισεῡλῆ

2426 2470 2779 2539 μορφωθείσα
2823 2475 2884 2524 ἐν
2933 2472 3210 2542 φαντασία
3257 2469 3518 2542 αἰσθητοῦ
3576 2473 3925 2541 πράγματος
3967 2472 4012 2520 ἐν

2421 2566 2488 2633 τῇ
2519 2563 2688 2633 ψυχῇ,
2713 2561 2824 2616 οἷον
2847 2563 2907 2616 τὺ
2931 2562 3024 2617 τοῦ
3057 2564 3399 2635 λυπήσαντος
3426 2566 3578 2635 ἡμᾶς
3613 2565 3950 2634 πρόσωπον.
3985 2563 4010 2630 ἦ

2423 2652 2654 2716 κάλλους
2709 2654 3024 2722 γυναικείου
3068 2655 3364 2722 φαντασία,
3404 2656 3435 2725 ἦ
3465 2656 3711 2725 χρυσίου
3736 2696 3753 2718 ,
3789 2655 3823 2722 ἥ
3857 2657 4010 2722 apt“.-

2427 2745 2563 2815 ρίου,
2604 2745 2663 2798 ἓν
2685 2747 2809 2799 καθ’
2834 2746 2891 2799 ἓν
2914 2746 3122 2800 τούτων
3152 2748 3310 2820 εῐπερ
3344 2747 3580 2816 γένηται
3621 2749 3683 2799 tv
3718 2750 3796 2816 τῇ
3821 2745 4013 2814 διανοίᾳ

2425 2836 2584 2906 ἡμῶν
2612 2875 2627 2901 ,
2661 2837 2866 2900 εὐθέως
2897 2837 3210 2908 ἐλέγχονται
3236 2839 3285 2891 οί
3323 2839 3422 2906 τῆς
3459 2841 3862 2907 μνησικακίας
3888 2881 3902 2901 ,
3931 2837 4014 2887 ni

2425 2930 2704 3000 πορνείας,
2730 2929 2824 2984 καὶ
2856 2931 3220 3002 φιλαργυρίας
3243 2931 3619 3000 φαντάσαντες
3648 2931 3764 3000 τὴν
3803 2931 4011 3000 καρδίαι.

2425 3021 2718 3092 λογισμοί·
2752 3023 2848 3077 καὶ
2881 3026 2928 3076 εἰ
2959 3025 3056 3094 μὲν
3085 3021 3492 3095 πεπειραμένος
3515 3024 3543 3076 ό
3567 3023 3710 3085 νοῦς
3745 3026 3914 3094 ἡμῶν
3935 3026 4014 3075 καὶ

749 3125 908 3164 mens
937 3109 1156 3177 quidem
1188 3117 1371 3164 nostra
1403 3111 1578 3180 perita
1612 3109 1778 3163 fuerit
1822 3117 1877 3162 et
1905 3108 2137 3170 erudita,
2173 3121 2326 3161 com-

2428 3112 2857 3180 πεπαιδευμένος
2901 3113 3138 3184 ὑπάρχει
3158 3153 3174 3178 ,
3205 3114 3263 3166 ὲν
3292 3113 3405 3178 ἕξει
3443 3111 3518 3165 ὣν
3541 3113 3648 3182 τῆς
3675 3113 3786 3164 τοῦ
3812 3113 3905 3165 νοῦ
3934 3130 4015 3180 τη-

748 3204 1025 3273 paraverit
1043 3201 1291 3257 habitum
1322 3203 1683 3258 conservandi
1719 3203 1826 3268 sui,
1855 3210 1908 3256 et
1958 3200 2324 3272 perspiciendi

2435 3204 2647 3273 ρήσεως
2671 3203 2768 3256 καὶ
2793 3203 2888 3256 τοῦ
2920 3203 3174 3272 καθαρῶς
3226 3204 3322 3257 καὶ
3355 3205 3413 3255 ὲν
3442 3201 3635 3272 αἰθρίᾳ
3665 3201 3908 3270 βλέπειν
3932 3203 4015 3262 τὰς

750 3309 890 3365 pure
921 3302 977 3348 et
1009 3293 1063 3346 in
1086 3303 1228 3348 statu
1262 3307 1479 3357 sereno,
1515 3293 1741 3348 blandas
1791 3292 2071 3348 illusiones
2099 3301 2154 3346 et
2194 3291 2326 3346 insi-

751 3383 872 3438 dias
929 3383 1293 3453 malignorum
1346 3381 1654 3450 :perfacile
1720 3384 1901 3437 statim
1967 3383 2321 3452 repulsione,

751 3475 1205 3541 contradictione,
1258 3475 1386 3530 Jesu
1443 3474 1646 3530 Christi
1702 3475 1866 3529 etiam
1918 3476 2321 3546 imploratione,

753 3568 1065 3636 exstinguit
1091 3567 1256 3637 ignita
1284 3566 1388 3621 tela
1417 3565 1635 3630 diaboli,
1685 3580 1789 3620 nec
1841 3566 1973 3620 sinit
2013 3567 2324 3624 illusionem

752 3657 1135 3713 affectionibus
1156 3657 1439 3724 imbutam,
1465 3657 1569 3712 sibi
1591 3667 1874 3726 cognatam
1897 3667 1990 3712 aut
2005 3656 2324 3714 familiarem

752 3749 903 3812 ﬁeri,
937 3757 1030 3802 aut
1064 3747 1420 3818 cogitationes
1457 3757 1674 3802 nostras
1700 3747 2050 3803 aﬁ‘ectionum
2107 3749 2327 3804 vinculo

753 3838 962 3892 similes
986 3837 1202 3908 imagini
1228 3837 1455 3906 objecta:
1484 3836 1730 3901 formari,
1785 3848 1878 3893 aut
1905 3839 2139 3908 colloqui
2165 3839 2327 3894 fami-

753 3930 984 3992 liariter,
1017 3939 1108 3983 aut
1158 3930 1374 3999 longam
1428 3931 1603 3983 animi
1640 3911 1846 3984 moram
1898 3940 1952 3985 et
1995 3949 2326 3989 consensum

755 4022 1128 4076 contrahere:
1189 4021 1390 4091 quibus
1438 4025 1749 4079 necessario
1802 4027 2104 4082 succedunt
2163 4043 2325 4098 opera

754 4113 915 4177 mala,
951 4113 1098 4167 velut
1121 4122 1309 4167 noctes
1341 4114 1552 4169 diebus.

825 4205 916 4260 42.
961 4205 1055 4260 Sin
1088 4221 1285 4276 expers
1307 4205 1472 4261 fuerit
1499 4207 1715 4262 solertis
1753 4210 2126 4278 temperantia:
2172 4227 2328 4268 mens

753 4287 962 4360 nostra,
995 4295 1282 4350 confestim
1306 4294 1654 4350 aﬂectionum
1681 4297 2073 4355 intercessione
2123 4301 2328 4371 permi-

757 4394 944 4440 scetur
972 4401 1096 4440 cum
1125 4401 1186 4441 re
1244 4401 1340 4456 per
1365 4385 1806 4457 imaginationem
1841 4388 2077 4458 objecta,
2122 4392 2329 4460 qualis-

757 4493 976 4548 cunque
1000 4493 1063 4532 ea
1083 4477 1266 4540 fuerit,
1304 4477 1546 4546 disputat
1578 4493 1701 4534 cum
1744 4493 1828 4538 ea.
1877 4479 2330 4553 interrogationes
2362 4503 2410 4562 υ

758 4570 1018 4625 scelestas
1047 4567 1267 4638 excipit.
1293 4574 1346 4621 et
1368 4567 1460 4621 dat
1499 4569 1921 4637 responsiones:
1975 4583 2199 4641 tumque
2251 4573 2330 4640 ﬁt,

758 4669 822 4716 ut
850 4659 1162 4730 promiscue
1214 4667 1507 4712 versentur
1553 4659 1909 4730 cogitationes
1955 4671 2155 4718 nostra:
2206 4679 2332 4720 cum

759 4751 1018 4806 illusione
1041 4749 1308 4804 diabolica
1337 4767 1350 4802 :
1390 4748 1479 4804 illa
1537 4758 1646 4804 tam
1669 4750 1880 4807 viribus
1906 4767 2068 4822 quam
2101 4769 2333 4811 numero

759 4839 1147 4897 vehementius
1178 4847 1528 4910 augescente,
1546 4854 1653 4909 quo
1702 4841 1972 4908 amabilis,
2006 4843 2250 4913 speciosa
2279 4854 2334 4900 et

761 4942 913 5003 grata
936 4938 1196 5002 appareat
1215 4931 1362 4984 illam
1379 4928 1686 4984 admittenti
1706 4937 1761 4985 et
1785 4930 2095 5002 depraedato
2123 4934 2330 4991 animo.

759 5024 862 5082 Cui
889 5024 1031 5078 idem
1061 5021 1351 5094 contingit,
1389 5021 1848 5090 quemadmodum
1879 5039 2002 5078 cum
2033 5025 2088 5079 in
2111 5041 2332 5097 campe-

761 5117 861 5175 atri
884 5117 1118 5188 quodam
1154 5116 1276 5170 loco
1319 5116 1471 5170 canis
1515 5127 1756 5184 apparet,
1805 5126 1861 5172 et
1918 5117 1988 5171 ibi
2046 5120 2156 5173 sint
2209 5122 2332 5192 agni

763 5224 942 5278 nuper
973 5208 1121 5262 nati:
1151 5207 1229 5270 hi,
1263 5222 1384 5261 cum
1413 5205 1522 5260 sint
1547 5207 1750 5261 innoxii
1773 5217 1828 5263 et
1856 5209 2056 5278 pusilli,
2093 5211 2159 5266 ad
2183 5227 2333 5280 eum,

764 5315 927 5370 quem
955 5306 1380 5368 conspexerunt,
1414 5296 1732 5367 frequenter
1765 5299 2052 5365 cursitant,
2088 5303 2234 5357 velut
2266 5304 2332 5359 ad
2362 5300 2364 5302 ’

765 5391 1040 5463 propriam
1097 5399 1324 5445 matrem
1369 5407 1382 5444 :
1428 5391 1564 5446 nihil
1617 5405 1682 5445 ex
1736 5407 1962 5448 accessu
2023 5393 2092 5449 ad
2137 5409 2331 5451 canem

765 5484 1059 5547 lucrantes,
1091 5496 1251 5552 quam
1277 5489 1337 5536 ut
1371 5482 1489 5551 ejus
1527 5482 1716 5539 sordes
1750 5483 2012 5539 duntaxat
2035 5495 2089 5540 et
2131 5487 2334 5543 malum

765 5576 991 5631 odorem
1021 5574 1281 5631 referant.
1319 5575 1400 5631 Ad
1434 5577 1685 5632 eumdem
1721 5579 1938 5634 modum
1974 5581 2334 5651 cogitationes

768 5674 969 5722 nostrae
987 5676 1329 5737 praecurrunt
1359 5667 1610 5738 imperite
1637 5668 1704 5723 ad
1729 5678 1953 5725 cunctas
1974 5671 2336 5730 dazmoniacas

769 5755 1049 5814 illusiones
1081 5758 1326 5815 animum
1361 5758 1731 5830 ingredientes
1760 5778 1772 5815 :
1820 5762 2018 5833 quibus
2051 5780 2175 5821 cum
2206 5781 2332 5836 pcr-

2433 3295 2723 3358 θελκτικὰς
2771 3295 3074 3364 φαντασίας
3113 3312 3174 3348 τε
3206 3294 3301 3348 καὶ
3334 3294 3548 3357 ἀπάτας
3586 3293 3703 3346 τῶν
3747 3293 4011 3362 πονηρῶν,

2431 3387 2668 3450 εὐκόλως
2717 3386 2878 3451 εὐθὺς
2919 3387 2978 3452 ἐξ
3025 3386 3328 3449 ἀναδόσεως
3370 3385 3466 3439 καὶ
3507 3386 3908 3456 ἀντιρρήσεως
3936 3386 4014 3436 καί

2432 3482 2596 3550 εὐχῆς
2658 3479 2832 3550 Ἰησοῦ
2886 3479 3166 3548 Χριστοῦ,
3214 3477 3462 3532 σϐεννύει
3507 3479 3572 3530 τὰ
3631 3479 4013 3546 πεπυρωμένα

2435 3571 2562 3643 βέλη
2592 3571 2686 3625 τοῦ
2714 3570 2961 3647 διαϐόλου
2988 3609 3004 3634 ,
3043 3569 3119 3640 μὴ
3150 3569 3452 3640 συγχωρῶν
3481 3569 3579 3638 τὴν
3609 3569 3853 3638 ἐμπαθῆ
3902 3587 4012 3638 φαν-

2430 3663 2623 3716 τασίαν
2652 3662 2888 3732 συγγενῆ
2924 3662 3042 3732 ἅμα
3072 3661 3212 3730 αὐτῇ
3240 3660 3336 3714 καὶ
3369 3660 3495 3722 τούς
3521 3658 3683 3728 ἡμῶν
3721 3658 4014 3726 λογισμεῂ

2434 3753 2904 3824 συμμορφωθῆναι
2938 3752 3016 3822 τῷ
3049 3751 3330 3821 ίνδὰλματι
3372 3750 3636 3820 ἐμπαθῶς
3656 3791 3670 3815 ,
3703 3750 3741 3818 ἢ
3782 3751 4014 3818 προσλα-

2431 3843 2593 3916 λῆσαι
2624 3842 2876 3912 φιλικῶς,
2901 3841 2935 3912 ἢ
2966 3841 3272 3906 πολύνοιαν,
3290 3841 3325 3910 ἢ
3353 3839 3768 3908 συγκατάθεσιν
3793 3839 4013 3908 ποιῆσαι

2433 3937 2495 4000 ἐξ
2531 3929 2605 3990 ὧν
2638 3933 3096 3989 ἐπακολουθοῦσιν
3147 3935 3361 4004 ἀνάγκη
3394 3933 3502 3987 τινὶ
3535 3931 3614 3994 ὡς
3662 3931 3924 4002 ἡμέραις
3969 3932 4016 3984 αὶ

2434 4027 2646 4092 νύκτες,
2685 4027 2753 4081 τὰ
2784 4025 2995 4097 πονηρὰ
3020 4025 3178 4097 ἔργα.

2509 4204 2619 4276 μβ¹.
2665 4204 2728 4257 Et
2753 4201 2810 4256 δὲ
2853 4201 3081 4273 ἄπειρός
3113 4201 3264 4254 ἔστιν
3301 4201 3329 4252 ὀ
3361 4197 3489 4263 νοῦς
3528 4198 3690 4270 ἡμῶν
3725 4198 4014 4271 inpexa-3;

2434 4297 2672 4370 νὴψεως,
2703 4294 2867 4358 εὐθὺς
2900 4293 3153 4363 μίγνυται
3181 4292 3260 4362 τῷ
3279 4290 3640 4361 φαντασθέντι
3663 4290 3828 4360 αὐτῷ
3851 4294 4015 4360 ἔμπα-

2434 4387 2565 4450 θῶς,
2595 4381 2709 4439 οἷον
2741 4384 2807 4438 ἂν
2834 4383 2942 4454 εῐη,
2978 4381 3076 4436 καὶ
3095 4381 3426 4449 διαλέγεται,
3457 4380 3681 4443 πεύσεις
3720 4380 4014 4449 λαμϐάνω-ν

2435 4477 2673 4542 ἀδίκους,
2708 4477 2803 4529 καὶ
2825 4473 3003 4536 διδοὺς
3030 4471 3369 4544 ἀποκρίσεις,
3404 4471 3501 4524 καὶ
3532 4469 3654 4523 τότε
3685 4470 3905 4542 ἀναμὶξ
3938 4473 4014 4538 γί-

2435 4586 2614 4626 νονται
2648 4568 2697 4620 οι
2729 4565 2986 4637 ἡμέτεροι
3040 4563 3294 4636 λογισμοὶ
3323 4565 3388 4633 τῇ
3427 4560 3782 4632 δαιμονιώδει
3818 4580 4017 4630 φαντί.

2436 4661 2550 4730 σία,
2580 4656 2750 4728 αὐτῆς
2779 4656 2858 4709 ἔτι
2888 4654 3089 4726 μᾶλλον
3124 4651 3499 4723 αὐξανομένης
3520 4669 3581 4705 τε
3615 4652 3715 4705 καὶ
3749 4653 4017 4724 πληθύνο-

2438 4749 2627 4822 μένης,
2660 4749 2750 4802 ἵνα
2772 4746 3032 4820 ἑρασμία,
3062 4745 3242 4816 ὡραία
3272 4761 3332 4797 τε
3365 4745 3460 4796 καὶ
3486 4743 3811 4812 άρέσκουσα
3849 4762 4015 4798 κατα-

2435 4839 2696 4911 φαίνηται
2740 4837 2820 4908 τῷ
2868 4837 3212 4909 προσιεμένῳ
3261 4833 3344 4889 νοτ
3393 4834 3489 4888 καὶ
3529 4835 3860 4907 συλουμένῳ
3882 4878 3898 4901 ,
3933 4837 4016 4890 καὶ

2434 4931 2629 4987 ταυτὸν
2656 4931 2856 5000 πάσχει
2881 4929 3002 4982 τότε
3029 4930 3058 4982 ό
3082 4926 3228 4995 νοῦς,
3258 4923 3372 4981 οἷον
3403 4927 3564 4997 εῐπερ
3593 4930 3747 4999 φανῇ
3775 4927 3934 4984 κύων
3963 4932 4013 4984 tv

2436 5023 2634 5093 πεδινῷ
2687 5022 2836 5091 τόπῳ
2886 5019 3012 5085 τινὶ,
3061 5017 3187 5072 ἔνθα
3235 5018 3330 5071 καὶ
3367 5018 3530 5086 ἄρνες
3578 5018 3828 5088 τύχωσιν
3873 5021 4015 5083 ῦντες

2434 5115 2632 5168 ἄκακοι
2665 5115 2756 5166 καὶ
2789 5115 2997 5182 μικροὶ,
3030 5111 3108 5182 τῷ
3136 5110 3353 5179 ὀφθέντι
3381 5112 3564 5173 αὐτοῖς
3587 5112 4016 5184 προστρέχουσιν

2434 5206 2510 5269 ὡς
2548 5205 2716 5276 μητρὶ
2757 5204 2864 5273 ιδία
2911 5201 3192 5268 πολλάκις,
3240 5201 3406 5273 μηδὲν
3454 5202 3520 5255 ὲκ
3565 5203 3668 5270 τῆς
3711 5203 3816 5259 τοῦ
3863 5206 4013 5267 κυνὸς

2435 5298 2782 5368 πλησιάσεως
2837 5296 3231 5365 κερδαίνοντες,
3280 5294 3316 5366 ἡ
3363 5296 3524 5365 μόνον
3573 5296 3674 5364 τῆς
3718 5294 3823 5351 τοῦ
3862 5301 4013 5362 κυνὶς

2435 5390 2779 5460 ἀκαθαρσίας
2801 5387 2896 5442 καὶ
2936 5387 3200 5450 δυσωδίας
3221 5385 3746 5442 ἀντιλαϐέσθαι.Τδν
3771 5389 3941 5442 αὐτὸν
3966 5391 4011 5442 ει

2435 5485 2654 5554 τρόπον,
2674 5483 2767 5536 καὶ
2789 5483 2836 5536 oi
2854 5481 3112 5554 ἡμέτεροι
3127 5478 3376 5550 λογισμοὶ
3388 5479 3828 5550 προστρέχουσιν
3851 5482 4012 5534 ἁπαι-

2435 5579 2634 5639 δεύτως
2681 5577 2882 5639 πάσαις
2923 5577 3042 5640 ταῖς
3063 5576 3406 5646 δαιμονικαῖς
3444 5575 3504 5628 tv
3538 5572 3615 5643 νῷ
3657 5576 4007 5640 φαντασίαις,

2438 5670 2531 5727 καὶ
2573 5667 2794 5739 ἀναμὶξ,
2817 5669 2892 5732 ὡς
2929 5668 3086 5738 ἔφην,
3126 5666 3435 5738 γενόμενοιν
3466 5667 3614 5719 ἐστιν
3645 5665 3782 5720 ίδείν
3819 5669 4005 5728 αὐτοὺς

2438 5764 2602 5834 ἄμφω
2618 5760 2995 5832 καταστρέψαι
3028 5759 3384 5833 βουλομένους
3409 5757 3508 5830 τὴν
3546 5755 3702 5813 Ἰλίου
3731 5756 3920 5827 πόλιν,
3943 5760 4003 5818 ὡς
