4142 6436
157 409 285 470 1529

861 406 956 464 DE
1001 405 1550 464 ΤΕΜΡΕΗΑΝΤΙΑ
1589 404 1682 462 ΕΤ
1720 402 2079 463 ΥΙΠΤΗΤΕ.
2121 404 2599 464 —CENTURIA
2638 404 2720 464 II.

3262 404 3397 470 1530

148 537 321 587 πομεν
354 517 454 586 τὴν
493 513 638 568 κατά
677 513 877 584 κράτος
914 511 1094 565 αὐτῶν
1141 507 1311 584 ἦτταν
1334 551 1348 575 ,
1379 511 1477 581 τὴν
1512 512 1600 564 διὰ
1626 514 1720 564 τοῦ

1826 510 2120 578 reprobum
2151 508 2390 574 titulum,
2422 525 2586 579 quam
2609 508 2882 564 invocatio
2917 508 3152 568 Domini.
3177 513 3256 568 Ac
3295 530 3397 569 nos

159 613 335 684 Ἰησοῦ
380 611 475 667 τοῦ
499 610 739 684 μεγάλου
782 607 919 662 Θεοῦ
957 608 1135 678 ήμῶν,
1167 607 1260 660 καὶ
1295 606 1394 676 τὴν
1423 605 1580 676 ήμῶν
1611 603 1721 658 τῶν

145 706 416 762 ταπεινῶν
435 705 531 761 καὶ
563 701 795 757 εὐτελῶν
824 700 918 754 καὶ
946 699 1153 772 ἀγρίων
1181 699 1477 769 ἐκδίκησιν.

218 971 318 1039 νβ’.
385 971 508 1026 ὀτι
549 968 752 1033 πάντες
789 967 841 1022 οῑ
869 965 1118 1036 λογισμοὶ
1159 964 1311 1018 οὐδὲν
1350 964 1537 1036 ἕτερόν
1583 963 1722 1016 εἰσιν

146 1062 263 1116 ἀλλ’
284 1062 318 1132 ἢ
339 1061 632 1130 φαντασίαι
664 1059 824 1130 μόναι
858 1057 1124 1127 αἰσθητῆς
1143 1057 1239 1109 καὶ
1271 1054 1556 1126 κοσμικῶν
1578 1071 1722 1125 πρα-

144 1155 398 1227 γμάτων,
424 1155 474 1206 oi
497 1153 682 1206 πολλοὶ
697 1151 1020 1222 ἀγνοοῦμεν.
1041 1149 1216 1219 Εἴπερ
1233 1148 1289 1201 δὲ
1311 1147 1633 1217 χρονίσομεν
1662 1148 1725 1200 ὲν

143 1244 282 1314 εὐχῇ
318 1243 598 1312 νήφοντες,
617 1242 898 1312 στερίσκει
934 1240 1034 1316 μὲν
1061 1238 1196 1309 εὐχὴ
1221 1238 1316 1309 τὴν
1347 1237 1582 1296 διάνοιαν
1616 1237 1722 1291 πά·-

145 1351 252 1403 σης
284 1332 520 1396 ὑλώδους
543 1330 845 1401 φαντασίας
869 1330 1145 1401 λογισμῶν
1162 1328 1441 1399 ῥυπαρῶν
1465 1329 1721 1399 γνωρίζει

143 1423 202 1477 δὲ
227 1421 372 1490 αὐτὴ
417 1421 513 1477 καὶ
537 1422 658 1484 τοὺς
677 1422 868 1489 λόγους
891 1420 1000 1474 τῶν
1032 1419 1329 1488 πολεμίων,
1363 1417 1459 1471 καὶ
1485 1417 1548 1471 τὸ
1581 1417 1722 1488 μέγα

143 1512 340 1582 κέρδος
373 1510 541 1582 εὐχῆς
556 1528 615 1564 τε
642 1511 737 1564 καὶ
766 1509 981 1581 νήψεως
1002 1526 1019 1541 ·
1046 1507 1216 1577 Πλὴν
1241 1508 1364 1574 τοῖς
1392 1507 1721 1578 ὀφθαλμοῖς

142 1620 268 1659 σου
309 1604 732 1672 κατανοήσεις,
782 1601 881 1656 καί
910 1602 1320 1658 ἀνταπόδοσιν
1358 1598 1720 1670 ἁμαρτωλῶν

141 1698 355 1767 νοητῶν
384 1698 590 1767 νοητῶς
611 1697 706 1759 καὶ
734 1696 896 1760 αὐτὸς
915 1693 980 1747 σὺ
993 1695 1150 1764 ὄψει,
1200 1695 1294 1748 καὶ
1342 1695 1720 1764 κατανοήσεις,

142 1793 287 1861 φησὶ
329 1790 493 1844 Δαϐὶδ
533 1791 562 1844 ὁ
603 1789 747 1854 θεῖος
816 1789 1078 1860 μελῳδός.

1823 601 2045 670 quidem
2078 602 2181 670 ipsi
2212 601 2586 672 conspicimus
2611 599 2664 654 in
2693 601 2900 666 animo,
2931 601 2999 656 de
3019 602 3143 668 illis,
3200 613 3395 673 poten-

1824 694 1895 748 tia
1910 693 2042 748 Jesu
2062 694 2259 748 summi
2296 693 2391 761 Dei
2419 693 2617 760 nostri,
2647 702 2762 749 tum
2789 694 3070 749 victoriam
3101 695 3241 759 dari,
3280 705 3395 752 tum

1822 794 2087 850 nostram,
2127 785 2221 855 qui
2247 786 2482 843 humiles
2509 825 2526 852 ,
2591 786 2783 853 exiles,
2835 793 2892 841 et
2920 787 3138 843 inutiles
3182 804 3394 856 sumus,

1822 878 2086 934 ultionem
2111 878 2276 934 sumi.

1893 970 1978 1024 52.
2018 970 2338 1040 lgnoramus
2393 970 2639 1040 plerique
2712 972 2998 1027 universas
3041 973 3398 1044 cogitationes

1820 1061 1958 1114 nihil
1983 1061 2130 1115 aliud
2177 1077 2298 1117 esse
2358 1070 2722 1132 praaterquam
2781 1064 2927 1118 solas
2981 1063 3073 1118 im.
3093 1064 3398 1134 ginationes

1822 1151 2110 1206 sensilium
2135 1159 2192 1206 et
2242 1152 2643 1207 mundanarum
2679 1169 2882 1209 rerum.
2928 1154 3082 1219 Quod
3133 1155 3180 1210 si
3225 1155 3397 1210 sobrii

1821 1246 2469 1316 precibusimmoremur,
2504 1246 2742 1316 precatio
2767 1249 2944 1317 privat
2979 1250 3220 1303 animum
3247 1249 3398 1303 omni

1821 1353 2006 1392 crassa
2081 1338 2424 1393 sordidarum
2508 1325 2902 1408 cogitationum
2981 1340 3398 1412 imaginatione.

1823 1423 2144 1493 Perspicuas
2177 1423 2342 1478 etiam
2367 1424 2479 1492 ipsa
2505 1423 2638 1478 facit
2657 1425 2897 1479 hostium
2929 1436 3078 1481 artes
3097 1467 3111 1479 .
3131 1436 3186 1482 et
3211 1426 3400 1481 decla-

1823 1524 1926 1578 rat.
1956 1515 2149 1586 ingens
2180 1530 2245 1569 ex
2271 1515 2525 1584 precibus
2549 1522 2604 1569 et
2627 1516 2983 1585 temperantia
3008 1532 3218 1572 lucrum
3245 1518 3398 1574 oriri.

1826 1605 2190 1660 Verumtamen
2213 1605 2376 1660 oculis
2406 1607 2508 1659 tuis
2532 1607 2908 1670 considerabis,
2928 1616 2974 1661 et
2999 1608 3397 1662 retiibutionem

1821 1706 2152 1766 peccatorum
2179 1695 2500 1764 spiritalium
2534 1695 2718 1752 animo
2741 1698 2902 1751 etiam
2925 1705 2982 1750 tu
3007 1697 3124 1767 ipse
3143 1699 3336 1763 videbis
3356 1699 3396 1763 ⁸,

1824 1794 1879 1841 et
1906 1784 2492 1854 considerabis,inquit
2518 1785 2686 1841 David
2713 1786 3017 1840 modulator
3049 1785 3286 1840 divinus.

217 1875 321 1952 97'.
361 1882 842 1953 Μνημονεύσωμεν
866 1920 883 1945 ,
927 1884 976 1936 εί
1028 1880 1274 1946 δυνατὸν,
1324 1879 1419 1934 τοῦ
1491 1879 1721 1934 θανάτου

1894 1877 1983 1931 55.
2022 1874 2365 1945 Perpetuam,
2390 1874 2437 1930 si
2490 1875 2602 1930 ﬁeri
2636 1883 2834 1945 potest,
2885 1877 3077 1932 mortis
3124 1885 3398 1947 gestemus

141 1975 512 2038 ἀδιαλείπτως
530 1990 544 2005 ο
571 1975 642 2058 διξ
664 1968 730 2045 ἧς
761 1974 979 2045 μνήμης
997 1972 1293 2044 φροντίδων
1329 1971 1586 2035 ἀπόθεσις
1614 1988 1720 2042 μα-

141 2066 454 2136 ταιοτήτων
483 2081 544 2118 τε
572 2066 632 2118 ὲν
658 2065 790 2135 ήμῖν
821 2066 1107 2132 γεννᾶται,
1142 2063 1357 2132 φυλακή
1384 2081 1443 2116 τε
1470 2062 1597 2126 νοὸς
1625 2062 1720 2116 καὶ
1766 2097 1768 2100 μ

141 2156 404 2228 διηνεκὴς
435 2155 624 2226 δέησις
643 2171 657 2184 ·
677 2152 1061 2224 ἀπροσπάθεια
1100 2153 1155 2206 δὲ
1187 2152 1282 2206 τοῦ
1307 2151 1576 2221 σώματος,
1605 2149 1722 2220 βδέ-

143 2249 301 2314 λυξις
349 2248 646 2319 ἁμαρτίας,
675 2246 769 2301 καὶ
800 2245 1009 2317 σχεδὸν,
1039 2246 1086 2297 εί
1126 2244 1209 2297 δεῖ
1248 2242 1481 2311 τάληθὲς
1523 2241 1719 2304 εἰπεῖν,

145 2341 303 2392 πᾶσα
356 2337 527 2409 ἀρετή
575 2336 788 2405 ἄγουσα
835 2336 902 2388 ὲκ
949 2333 1156 2402 ταύτης
1228 2330 1550 2393 ἑκϐλύζεται
1578 2345 1592 2360 ·
1637 2329 1720 2382 διὸ

143 2433 225 2496 ῶς
273 2435 342 2506 τῇ
374 2431 483 2506 ιδίᾳ
521 2433 684 2503 πνοῇ,
725 2431 774 2486 εί
800 2430 1045 2496 δυνατὸν,
1079 2425 1160 2500 τῷ
1197 2426 1483 2498 πράγματι
1511 2421 1722 2496 χρησώ-

149 2521 316 2593 μεθα.

219 2700 314 2755 νδν.
360 2696 577 2768 Καρδία
617 2696 914 2763 ᾂνωθείσα
971 2695 1322 2766 φαντασιῶν,
1365 2695 1565 2758 τελέως
1590 2694 1719 2764 νοή-

150 2808 304 2861 ματα
350 2790 564 2856 τέξεται
624 2788 788 2860 μέσον
820 2787 995 2856 αὐτῆς
1036 2789 1345 2858 σκιρτῶντα
1377 2786 1498 2841 θείά
1524 2804 1582 2840 τε
1625 2787 1721 2841 καὶ

151 2879 526 2955 μυστηριώδη,
551 2881 618 2934 δν
633 2882 838 2947 τρόπον
871 2879 1163 2950 σκιρτῶσιν
1197 2878 1401 2948 ίχθύες,
1431 2877 1527 2932 καὶ
1558 2880 1722 2945 ἐγκυ-

149 2975 380 3029 ϐιστῶσι
399 2973 646 3042 δελφῖνες
674 2971 1353 3042 γαληνιώσηςλθαλάσσης·
1386 2970 1482 3024 καὶ
1512 2969 1721 3040 ῥιπίζει-

148 3083 241 3119 ται
297 3065 396 3134 μὲν
442 3063 689 3119 θάλασσα
721 3062 828 3116 ὑπὸ
871 3061 1076 3132 λεπτῆς
1123 3060 1316 3130 αὔρας.
1352 3060 1623 3123 Ἀϐυσσος
1663 3060 1720 3114 δὲ

149 3157 376 3229 καρδίας
409 3157 514 3211 ὑπὸ
543 3154 858 3223 Πνεύματος
886 3154 1065 3223 ἁγίου.
1089 3154 1219 3208 Ὀτι
1245 3153 1334 3220 δὲ,
1373 3153 1563 3224 φησὶν,
1581 3151 1722 3206 ἐστὲ

1820 1969 2303 2036 memoriamzqua
2356 1982 2633 2033 curarum,
2664 1967 2966 2021 vanitatem
3023 1967 3293 2033 omnium,
3342 1978 3399 2022 et

1820 2059 2154 2129 reliquorum
2179 2074 2301 2129 quae
2333 2068 2461 2113 sunt
2489 2059 2544 2113 in
2586 2058 2767 2124 nobis,
2793 2059 3065 2130 depositio
3113 2059 3392 2114 nascitur:

1819 2150 2167 2206 conservatio
2230 2150 2395 2205 etiam
2447 2151 2691 2215 mentis,
2745 2158 2802 2205 et
2851 2150 3072 2206 assidua
3115 2152 3394 2223 precatio,

1819 2241 2079 2297 alienatio
2110 2241 2240 2296 item
2266 2241 2335 2294 ab
2362 2240 2512 2295 omni
2551 2240 2793 2311 corporis
2849 2241 3068 2310 atl'ectu,
3095 2245 3397 2300 exsecratio

1820 2335 2050 2404 peccati,
2085 2348 2147 2388 ac
2175 2333 2592 2404 propemodum,
2631 2332 2678 2386 si
2711 2349 2898 2388 verum
2939 2334 3121 2390 dicere
3159 2345 3392 2405 oportet,

1819 2424 1997 2480 virtus
2022 2425 2204 2479 omnis
2237 2439 2305 2478 ex
2334 2439 2397 2499 ea
2433 2423 2694 2494 prodiens
2733 2425 2981 2481 scaturit.
3025 2425 3393 2492 Quamobrem

1839 2529 1939 2585 pso
1968 2513 2135 2580 facto,
2171 2517 2428 2584 tanquam
2456 2514 2678 2585 propria
2707 2514 3027 2586 spiratione,
3053 2516 3101 2571 si
3147 2516 3261 2572 ﬁeri
3292 2533 3394 2589 p0-

1823 2616 1948 2671 test,
1983 2615 2204 2661 utamur
2231 2621 2316 2661 ea.

1891 2697 1981 2752 54.
2020 2695 2172 2753 Mens
2200 2697 2389 2769 procul
2412 2697 2482 2752 ab
2504 2696 2850 2753 illusionibus
2877 2698 3132 2765 alienata,
3167 2700 3388 2757 tandem

1822 2789 2036 2844 divinas
2082 2799 2141 2845 et
2191 2792 2462 2862 mysteriis
2509 2791 2703 2862 plenas
2755 2793 3143 2862 conceptiones
3191 2795 3389 2863 pariet,

1820 2881 2098 2936 exsultans
2137 2882 2190 2936 iu
2247 2883 2426 2938 medio
2452 2883 2556 2948 sui,
2594 2885 3051 2954 quemadmodum
3103 2887 3394 2955 tranquillo

1823 2973 1957 3027 mari
1995 2973 2250 3028 exsiliunt
2298 2973 2494 3043 pisces,
2552 2983 2610 3029 et
2658 2975 2894 3030 demisso
2922 2975 3122 3045 capite
3150 2976 3394 3046 delphini

1822 3065 2150 3120 subsultant.
2207 3063 2272 3117 Et
2328 3065 2430 3120 levi
2469 3065 2691 3135 quidem
2724 3079 2854 3120 aura
2889 3065 3146 3135 perﬂatur
3193 3082 3342 3122 mare
3375 3084 3390 3121 :

1823 3155 2048 3224 abyssus
2079 3164 2259 3209 autem
2282 3155 2482 3221 cordis,
2519 3155 2725 3225 Spiritu
2752 3167 2968 3217 sancto.
3008 3156 3269 3220 Quoniam
3297 3177 3396 3212 au-

148 3222 287 3312 vlol,
323 3222 753 3314 ἐξαπέστειλεν
787 3249 820 3300 ό
863 3222 1003 3311 Θεὸς
1042 3244 1108 3299 τὸ
1156 3244 1396 3314 Πνεῦμα
1431 3222 1538 3298 τοῦ
1586 3243 1721 3298 Υιοῦ

1825 3222 1928 3300 (etis
1958 3249 2102 3310 estis,
2132 3247 2228 3312 ait,
2258 3247 2356 3316 ﬁlii
2389 3247 2505 3312 Dei,
2529 3222 2671 3302 ηἱίιει
2700 3247 2841 3302 Deus
2865 3246 3124 3316 Spiritum
3157 3247 3286 3302 Filii
3311 3250 3394 3304 sui

153 3343 357 3408 αὑτοῦ,
389 3344 459 3398 ἐν
497 3341 628 3406 ταῖς
661 3340 930 3408 καρδίαις
964 3337 1131 3408 ὑμῶν
1175 3337 1421 3406 κρᾶζον,
1461 3338 1654 3404 Ἀϐϐά,
1689 3339 1724 3405 ό

153 3433 371 3503 Πατήρ.

220 3529 311 3577 γε’.
353 3522 648 3594 ’Δπορήσει
681 3521 778 3575 καὶ
803 3522 1104 3592 διχονοήσει
1135 3521 1245 3583 πᾶς
1278 3520 1513 3591 μοναχδς
1555 3535 1724 3573 πνευ-

87 3649 91 3653 -
152 3613 382 3682 ματικοῦ
428 3591 612 3683 ἔργου,
663 3611 770 3681 πρὸ
816 3591 1033 3680 νήψεως
1071 3608 1163 3663 νοῦ
1209 3609 1492 3674 λαϐέσθαι,
1544 3609 1578 3680 ἢ
1622 3609 1722 3661 οὐκ

149 3704 304 3768 εἰδὼς
334 3705 432 3774 μὲν
451 3705 512 3758 τὸ
525 3701 729 3775 ταύτης
749 3701 1020 3773 κάλλος,ἢ
1053 3701 1208 3766 εἰδὼς
1240 3700 1722 3773 μὲν,δι’ἀμελείας

145 3797 204 3849 δὲ
240 3795 315 3865 μὴ
338 3795 656 3865 δυνάμενος,
678 3797 780 3864 τῆς
809 3794 867 3847 δὲ
894 3793 1128 3866 ἀπορίας
1149 3793 1535 3864 ἀναμφιϐόλως
1554 3791 1720 3861 λυθή-

150 3904 324 3952 σεται,
384 3886 502 3949 νοὺς
552 3887 784 3957 τήρησιν
836 3885 1056 3948 ἐπιϐὰς,
1101 3884 1136 3954 ἦ
1177 3885 1292 3936 ἐστι
1346 3882 1440 3936 καὶ
1500 3882 1721 3951 λέγεται

149 3978 427 4047 πρακτικὴ
476 3975 766 4047 φιλοσοφία
811 3974 950 4040 νοὸς,
979 3975 1058 4038 ὡς
1098 3974 1200 4045 τὴν
1238 3973 1356 4027 όδδν
1395 3973 1644 4050 εὑρηκὼς
1684 3967 1720 4046 ἦ

147 4065 321 4134 εἶπεν,
367 4069 512 4138 Ἐγώ
549 4070 667 4138 ειμι
706 4069 746 4137 ἠ
772 4066 933 4134 ὁδὸς,
968 4065 1068 4121 καὶ
1101 4065 1140 4135 ἡ
1166 4064 1523 4131 ἀνάστασις,
1553 4065 1652 4119 καὶ
1685 4067 1723 4137 ἡ

146 4159 281 4228 ζωή·
437 4182 443 4196 ·

217 4335 325 4400 νς’.
351 4334 521 4389 Πάλιν
541 4327 697 4398 αὖθις
711 4333 982 4404 ἀπορήσει
1001 4332 1142 4402 δρῶν
1162 4331 1398 4388 ἄϐυσσον
1416 4333 1714 4406 λογισμῶν,

147 4423 245 4477 καὶ
293 4423 497 4494 πλῆθος
530 4423 738 4494 νηπίω
787 4421 1171 4486 Βαϐυλωνίων,
1200 4422 1336 4476 ἀλλά
1387 4425 1480 4476 καὶ
1513 4424 1718 4494 ταύτην

1824 3336 1879 3388 in
1910 3336 2067 3389 corda
2101 3345 2294 3401 vestra,
2320 3336 2658 3402 clamantem,
2687 3335 2855 3403 Abba,
2890 3336 3053 3391 Pater
3069 3339 3112 3394 '.

1892 3507 1980 3562 55.
2022 3507 2098 3562 De
2129 3523 2293 3578 opere
2322 3508 2547 3578 spiritali
2582 3510 2878 3578 haesitabit,
2908 3511 3054 3566 etab
3089 3525 3158 3567 eo
3183 3512 3394 3570 alienus

1822 3599 1926 3654 erit
1952 3599 2127 3654 omnis
2164 3600 2482 3667 monachus,
2515 3601 2607 3672 qui
2639 3602 3052 3672 temperantiam
3079 3603 3248 3658 animi
3267 3615 3395 3660 ante

1821 3707 1930 3747 non
1954 3692 2182 3762 adeptus
2209 3693 2391 3758 fuerit,
2423 3701 2517 3747 aut
2543 3693 2871 3764 ignoraverit
2892 3696 3014 3762 ejus
3037 3693 3388 3764 dignitatem:

1821 3791 1915 3835 aut
1951 3782 2135 3836 scierit
2163 3783 2405 3852 quidem,
2444 3783 2539 3839 sed
2570 3783 2817 3838 socordia
2861 3783 3038 3838 victus
3085 3799 3204 3838 eam
3234 3799 3393 3838 exer-

1821 3883 1946 3924 cere
1987 3886 2094 3924 non
2127 3871 2317 3940 possit.
2352 3872 2468 3937 Qua
2492 3873 2680 3939 procul
2711 3871 2878 3926 dubio
2900 3872 3238 3926 dubitatione
3266 3873 3394 3927 libe-

1821 3961 2047 4029 rabitur,
2073 3963 2162 4016 ubi
2181 3962 2382 4018 mentis
2403 3963 2844 4018 observationem
2875 3977 3164 4030 aggressus
3194 3963 3388 4016 fuerit:

1819 4067 1941 4123 quae
1968 4062 2024 4108 et
2059 4061 2143 4109 est
2193 4062 2249 4107 et
2299 4053 2501 4108 dicitur
2546 4053 2889 4123 philosophia
2937 4051 3136 4106 mentis
3169 4053 3343 4107 activa
3378 4074 3390 4106 :

1819 4143 2272 4212 quemadmodum
2295 4144 2434 4198 viam
2458 4144 2769 4214 appellavit,
2807 4159 2902 4213 qui
2925 4142 3096 4198 dixit:
3127 4141 3240 4212 Ego
3273 4159 3390 4196 sum

1818 4236 1925 4300 via,
1955 4237 2284 4300 resurrectio,
2311 4243 2360 4289 et
2389 4237 2493 4288 vita
2512 4236 2552 4288 ⁸.

1891 4327 1979 4382 56.
2019 4328 2208 4384 Denuo
2249 4328 2544 4393 btesitabit,
2574 4327 2861 4384 attendens
2901 4327 3152 4397 abyssum
3185 4328 3393 4398 cogita-

1820 4420 2050 4485 tionum,
2076 4429 2132 4475 et
2157 4419 2560 4475 multitudinem
2585 4420 2932 4490 parvulorum
2954 4419 3390 4489 Babyloniorum.

147 4515 380 4586 λῦειτήν
406 4515 642 4586 ἀπορίαν
668 4516 925 4586 Χριστὸς,
946 4515 1062 4584 εῐγε
1082 4518 1148 4586 τῇ
1172 4516 1329 4585 βάσει
1352 4515 1452 4585 τῆς
1479 4516 1718 4580 διανοίας

1821 4510 1929 4567 Sed
1959 4512 2102 4568 hanc
2131 4512 2293 4567 etiam
2316 4512 2720 4568 haesitationem
2753 4511 2916 4566 solvit
2939 4511 3210 4574 Christus,
3243 4511 3393 4565 dum-

144 4608 409 4678 διηνεκῶς
441 4608 529 4662 ἀπ’
557 4607 720 4661 αὑτὸν
742 4607 1026 4678 ίστάμεθα.
1055 4608 1138 4662 Τά
1165 4609 1221 4662 δὲ
1251 4609 1426 4662 πάντα
1463 4607 1716 4662 Βαϐυλώ-

1821 4604 1980 4659 modo
2012 4604 2063 4658 ei
2098 4604 2246 4659 velut
2273 4603 2440 4658 animi
2479 4603 2835 4658 fundamento
2863 4602 3214 4657 continenter
3249 4601 3397 4654 inni-

146 4716 235 4752 νια
285 4699 456 4768 νήπια
497 4706 555 4752 η
598 4701 666 4769 τῇ
708 4698 889 4769 πέτρα
930 4697 1103 4769 ταύτῃ
1144 4699 1490 4768 ἑδαφιοῦντες
1519 4703 1717 4755 ιναποο

147 4788 418 4860 κροέομεν
438 4787 794 4859 κιηροῦντες,
805 4789 954 4842 κατὰ
982 4788 1044 4842 τὸ
1073 4788 1274 4857 λόγιον,
1293 4789 1399 4860 τήν
1423 4788 1716 4861 ἐπιθυμίαν

149 4880 308 4952 ήμῶν
323 4880 383 4944 ιε
409 4881 611 4936 αὑτων.
634 4882 739 4947 ⁸ος
760 4881 891 4949 γὰρ,
920 4881 1079 4951 φησὶ,
1110 4882 1414 4950 φυλάσσει
1431 4881 1714 4948 ἐντολὴν,

146 4975 221 5028 οὐ
263 4973 554 5043 γνώσεται
587 4971 756 5052 pag:
790 4973 1094 5040 ποηιρόνο
1150 4972 1329 5043 κωρις
1365 4972 1478 5043 γὰρ
1532 4971 1721 5042 ἐμοῦ.

145 5066 276 5136 εφη,
298 5065 370 5120 οὐ
397 5063 666 5119 δύνασθε
693 5063 889 5122 ποιεῖν
916 5063 1118 5120 οὐδέν.
1356 5111 1360 5115 .

216 5237 316 5300 νζ’.
344 5230 512 5300 Οὗτος
540 5234 794 5307 ἀληθινὸς
819 5236 896 5307 τῷ
930 5236 1046 5290 ὄντι
1081 5238 1333 5309 μοναχδς,
1357 5239 1388 5292 δ
1410 5238 1570 5310 νῆψιν
1581 5255 1715 5294 κατ·

145 5326 352 5397 ορθῶνο
381 5327 478 5380 καὶ
500 5320 654 5391 οὗτος
685 5327 1236 5399 ἀληθινὺςξνηφάλιος,
1265 5329 1295 5382 ό
1326 5329 1390 5383 ιν
1414 5329 1616 5401 καρδίᾳ
1636 5327 1713 5384 ὢν

147 5420 404 5490 μοναχός.
1073 5426 1085 5434 ‘

216 5517 320 5580 νη⁹.
364 5510 907 5582 Συμπαρεκτείνεται
953 5511 1264 5582 ἀνθρώποις
1303 5513 1332 5566 ό
1364 5511 1478 5582 βίος
1519 5512 1579 5565 tv
1603 5511 1712 5566 ἑνι-

144 5603 346 5670 αυτοῖς,
382 5603 440 5655 ἐν
474 5603 664 5674 μησὶν,
695 5604 754 5656 ὲν
798 5604 1089 5672 ἑϐδομάσιν
1112 5605 1202 5671 ,ἐν
1235 5621 1294 5658 τε
1319 5606 1577 5675 ἡμέραις,
1613 5607 1709 5658 καὶ

224 5799 242 5834 ⁸
265 5801 404 5858 Psal.
442 5820 527 5870 xc,
557 5806 608 5861 8.

689 5807 705 5836 '
740 5806 910 5862 Galat.
944 5821 1017 5870 tv,
1048 5805 1100 5858 6.
1158 5805 1176 5837 ³
1203 5804 1358 5860 Joan.
1395 5819 1469 5871 xr,
1505 5803 1596 5859 25.
1675 5804 1695 5837 ⁸
1723 5804 1864 5862 Psal.
1896 5819 2107 5873 cxxxu,
2273 5807 2291 5838 ³
2322 5805 2487 5860 Eecli.
2521 5819 2634 5872 vtu,
2663 5804 2712 5858 5.

1821 4703 2017 4749 tamur.
2063 4693 2353 4758 Universos
2379 4701 2558 4747 autem
2588 4691 2908 4763 Babylonios
2936 4691 3232 4746 infantulos
3267 4691 3404 4746 huic.

1821 4794 1990 4856 petra:
2043 4794 2298 4853 tanquam
2350 4784 2663 4852 pavimento
2717 4783 3012 4848 allidimus,
3078 4782 3391 4850 implentes,

1817 4877 1970 4948 juxta
1995 4877 2292 4946 eloquium,
2319 4876 2652 4932 desiderium
2679 4884 2931 4930 nostrum
2952 4889 3019 4928 ex
3056 4873 3190 4942 ipsis
3216 4872 3258 4926 ⁸.
3291 4872 3402 4937 Qui-

1822 4969 1982 5036 euim,
2023 4968 2222 5038 inquit.
2264 4970 2485 5022 custodit
2545 4976 2885 5037 pmceptum,
2942 4983 3047 5026 non
3096 4968 3394 5036 experietur

1824 5062 2112 5131 quidquam
2138 5061 2268 5115 uati
2288 5062 2332 5113 ⁸.
2363 5059 2498 5125 Quia
2519 5061 2632 5113 sine
2659 5073 2761 5123 me,
2791 5057 2891 5122 ait,
2920 5057 3051 5130 nihil
3069 5058 3281 5125 potestis
3309 5059 3400 5128 fa-

1825 5167 1938 5206 cere
1970 5153 2015 5207 ⁸.

1894 5242 1982 5297 57.
2015 5241 2117 5298 llic
2146 5240 2390 5312 profecto
2429 5255 2592 5294 verus
2617 5245 2704 5293 est
2747 5236 3070 5302 monachus,
3117 5237 3211 5308 qui
3245 5247 3391 5294 recte

1823 5333 2236 5403 temperantiam
2269 5341 2515 5397 exercet;
2550 5338 2606 5385 et
2635 5328 2725 5383 hic
2754 5343 2882 5383 vere
2927 5336 3238 5398 temperans
3284 5339 3390 5395 est,

1821 5423 1912 5494 qui
1937 5423 2239 5478 monachus
2266 5430 2354 5477 est
2379 5421 2582 5476 animo.

1889 5513 1978 5569 58.
2023 5512 2140 5568 Vita
2171 5513 2454 5568 hominum
2481 5509 2846 5581 protenditur,
2883 5523 2984 5577 per
3009 5523 3207 5574 annos,
3235 5524 3389 5562 meu-

1817 5618 1926 5669 scs,
1954 5603 2341 5668 hebdomadas,
2372 5603 2507 5668 dies,
2543 5601 2724 5663 horas,
2757 5608 2967 5665 noctes,
3009 5608 3064 5654 et
3113 5611 3387 5654 momenta

2794 5807 2812 5835 ‘
2838 5801 2992 5856 Joan.
3023 5816 3113 5866 xv,
3145 5799 3200 5855 5.
