4142 6436
185 381 359 450 1533
933 389 1028 450 DE
1051 389 1601 451 TEMPERANTIA
1631 391 1727 449 ET
1769 389 2126 456 VIRTUTE.
2172 421 2234 432 ·-
2274 397 2664 459 CENTURIA
2704 399 2785 459 II-

3320 393 3460 463 1534

259 493 371 561 ξέ.
396 495 581 552 Ταῦτα
617 498 897 570 μυστικῶς
925 499 1302 554 ἀποκαλύπτει
1332 499 1408 571 νῷ
1441 501 1693 572 ἑπομένῳ
1719 501 1767 569 τῇ

1959 503 2046 559 65.
2090 504 2286 560 lsthzc
2328 508 2549 578 mystice
2584 507 2790 564 revelat
2830 506 3013 562 animo
3056 507 3457 578 obtemperant]

167 585 397 661 ἐντολῇ
452 589 617 643 αὐτοῦ
677 592 743 661 τῇ
796 591 1114 663 φασκούσῃ,
1171 592 1282 646 Καὶ
1338 594 1749 662 περιτεμεῖσθε

1892 608 2162 666 praecepto
2191 596 2331 665 ejus,
2358 599 2502 667 quod
2536 597 2686 662 dicit,
2718 597 2786 652 Et
2816 599 3219 666 circumcidetis,
3263 599 3461 671 inquit,

163 684 362 751 φησὶ,
391 682 502 752 τὴν
546 684 1042 754 σκληροκαρδίαν
1075 684 1264 753 ὑμῶν.
1294 687 1404 739 Kal
1437 686 1513 750 ὡς
1545 687 1761 758 εἴρηται

1889 687 2144 742 duritiam
2165 689 2335 744 cordis
2357 690 2509 744 uestri
2536 689 2599 742 “.
2625 687 3005 758 Temperantia
3030 705 3246 762 quoque
3281 691 3460 746 homi-

165 771 415 838 δννοίας
446 775 690 842 ὲξαισίας
714 776 1019 830 ἐκδιδάσκει
1054 776 1342 847 ἀνθρώπου
1372 779 1587 850 νῆψιςή
1617 797 1767 833 σπου·

1890 777 1975 831 nis
2016 777 2303 848 diligenter
2330 779 2560 844 exculta,
2601 779 2865 834 sublimes
2891 779 3052 835 docet
3078 764 3460 852 eiintelligen-

164 861 326 918 δαία.
353 884 365 896 ’
389 868 449 920 τὸ
480 868 589 936 γάρ
618 869 770 921 Θεῐον
814 868 1358 940 ἀπροσωπόληπτον,
1392 871 1514 924 ὅθεν
1562 872 1726 940 φησὶν
1757 876 1767 921 t

1889 868 2012 935 tias,
2049 877 2108 924 ut
2128 870 2333 926 dictum
2364 881 2448 927 est
2476 889 2490 925 :
2522 871 2648 941 quia
2669 887 2873 927 numen
2910 871 3151 926 divinum
3173 888 3459 941 personam

163 955 434 1027 Κύριος,
472 958 722 1012 Ἀκούετε
756 975 857 1028 μου
882 958 976 1012 καὶ
1007 958 1239 1014 συνίετε.
1268 962 1371 1025 ³ος
1396 960 1504 1030 γὰρ
1525 959 1602 1014 ἂν
1632 960 1759 1028 ἔχοι

1888 976 1997 1017 non
2026 963 2236 1033 accipit.
2253 962 2405 1018 Unde
2437 964 2690 1019 Dominus
2716 963 2792 1018 ait
2812 982 2824 1016 :
2845 961 3042 1019 Audite
3059 978 3165 1026 me,
3184 973 3239 1019 et
3265 964 3462 1020 intelli-

161 1042 526 1114 δοθήσεται
564 1046 726 1112 αὑτῷ
768 1047 865 1100 καὶ
898 1048 1441 1117 περισσευθήσεται
1464 1064 1478 1078 '
1519 1047 1585 1114 ὃς
1609 1049 1675 1101 δὲ
1699 1047 1767 1117 μθ

1888 1053 2016 1124 gite,
2073 1053 2301 1107 [labenti
2349 1054 2581 1118 dabitur,
2629 1061 2678 1106 et
2709 1053 3041 1116 abundabit;
3070 1053 3119 1106 ei
3146 1062 3338 1108 autem.
3369 1056 3458 1124 qui

163 1138 204 1192 ἕ
210 1155 353 1206 χει,
378 1138 474 1192 καὶ
503 1139 534 1192 ὃ
560 1139 725 1192 δοκεῖ
750 1138 934 1207 ἔχειν,
958 1140 1281 1209 ἀρθήσεται
1302 1140 1403 1194 ἀπ’
1422 1138 1629 1196 αὑτοῦ.
1653 1140 1760 1193 Kal

1888 1159 1990 1197 non
2010 1143 2184 1209 habet,
2211 1152 2260 1198 et
2292 1145 2428 1215 quod
2442 1143 2646 1197 videtur
2674 1143 2882 1209 habere,
2915 1146 3187 1213 auferetur
3214 1145 3280 1198 ab
3307 1161 3364 1200 eo
3390 1149 3455 1201 ¹¹.

169 1229 337 1295 Τοῖς
376 1226 655 1299 ἀγαπῶσι
693 1227 802 1283 τόν
839 1229 1006 1294 Θεὸν,
1053 1229 1250 1283 πάντα
1290 1231 1575 1301 συνεργεῖ
1605 1233 1691 1296 εις
1718 1248 1767 1284 τι

1887 1235 2359 1307 EtzDiligentibus
2398 1236 2586 1302 Deum,
2647 1236 2824 1288 omnia
2880 1246 3226 1305 coeperantur
3273 1239 3330 1291 in
3376 1238 3462 1291 bo-

159 1320 443 1387 ἀγαθόν.
486 1318 670 1390 Πολλῷ
700 1317 831 1389 γοῦν
878 1320 1076 1391 μᾶλλον
1104 1319 1252 1391 αύτῷ
1278 1322 1334 1375 αἱ
1371 1321 1562 1393 ἀρεταὶ
1593 1339 1767 1392 συνερ·

1887 1345 2012 1383 ηιιηι
2048 1328 2110 1382 ⁸³.
2142 1327 2356 1394 Quanto
2397 1329 2567 1399 magis
2599 1336 2747 1383 certe
2775 1327 3217 1397 cooperabuntur
3260 1329 3309 1385 ei
3340 1331 3454 1386 vir-

157 1413 486 1482 γήσουσιν.
1346 1413 1350 1418 ’

1890 1429 2031 1475 tutcs

250 1501 373 1569 Eg’.
401 1504 476 1558 Ού
520 1502 892 1574 περιπατήσει
927 1501 1111 1555 πλοῖον
1143 1501 1315 1557 πολλά
1361 1503 1536 1572 μίλια,
1575 1503 1767 1558 ύδάτωη

1957 1511 2044 1566 66.
2086 1511 2250 1567 Navis
2282 1512 2449 1566 multa
2478 1513 2644 1569 millia
2679 1531 2789 1570 non
2827 1518 3225 1586 perambulabit
3252 1518 3458 1589 absque

148 1597 382 1664 χωρὶς,
416 1597 509 1649 καὶ
540 1596 633 1648 νοῦ
655 1596 890 1666 τήρησις
924 1595 1037 1648 οὐδ’
1076 1595 1213 1658 ὅλως
1250 1595 1588 1666 προϐήσεται
1615 1598 1767 1679 χωρὶς

1885 1621 2061 1675 aqua:
2117 1608 2192 1660 ita
2233 1607 2573 1662 conservatio
2615 1610 2817 1663 mentis
2854 1611 2989 1666 citra
3041 1612 3454 1682 temperantiam

147 1686 403 1756 νήψεως
434 1688 531 1740 σὺν
555 1685 882 1741 ταπεινώσει
913 1687 1005 1740 καὶ
1035 1686 1167 1758 εὐχῇ
1215 1686 1386 1760 Ἰησοῦ
1415 1689 1648 1759 Χριστοῦ
1708 1685 1767 1741 δι

1883 1700 2129 1771 junctam
2197 1699 2504 1765 humilitati,
2547 1709 2602 1754 et
2649 1702 3015 1771 implorationi
3073 1704 3205 1760 Jesu
3254 1705 3454 1760 Christi

148 1777 335 1850 ὅλης.
1887 1792 2138 1855 εεεὶὀυτε,
2170 1806 2509 1860 nequaquam
2541 1791 2806 1861 proficiet.

243 1873 354 1938 ξζυ.
385 1874 547 1927 Οίκου
579 1874 849 1946 θεμέλιος,
876 1873 1014 1927 λίθοι
1039 1892 1052 1907 ·
1091 1873 1296 1945 ταύτης
1324 1873 1381 1928 δὲ
1412 1873 1510 1944 τῆς
1547 1873 1767 1943 ἀρετῆς,

1952 1884 2040 1939 67.
2075 1883 2508 1938 Fundamentum
2577 1884 2771 1940 domus
2821 1894 2948 1940 sunt
2998 1886 3240 1956 lapides:
3291 1887 3453 1957 hujus

154 1965 272 2016 καὶ
307 1964 573 2034 θεμέλιοι,
602 1967 697 2019 καὶ
725 1965 944 2037 δροφοι,
968 1968 1030 2019 τὸ
1071 1965 1451 2036 προσκυνητὸν
1482 1966 1579 2018 καὶ
1621 1964 1767 2032 ἆγιον

1881 1986 2062 2032 autem
2103 1976 2321 2032 virtutis
2351 1976 2707 2032 fundamenta
2737 1986 2792 2031 et
2834 1988 2979 2032 recta
3021 1987 3149 2031 sunt
3201 1988 3450 2032 sanctum

165 2054 358 2124 ὃνομα
392 2056 486 2108 τοῦ
524 2057 726 2126 Κυρίου
753 2056 908 2128 ἡμῶν
945 2056 1120 2126 Ἰησοῦ
1178 2055 1439 2126 Χριστοῦ.
1481 2054 1590 2108 Kal
1619 2055 1767 2125 εὐχε-

1879 2077 1933 2123 et
1958 2068 2288 2123 adorandum
2334 2083 2534 2122 nomen
2573 2067 2785 2122 Domini
2830 2068 3002 2121 nostri
3047 2068 3174 2121 Jcsu
3225 2069 3447 2124 tlbristi.

162 2149 295 2218 ρῶς
329 2150 427 2219 μὲν
454 2151 751 2221 ναυαγήσει
787 2151 1125 2222 κυϐερνήτης
1154 2149 1343 2220 ἄφρων
1369 2151 1425 2202 ὲν
1455 2148 1634 2220 καιρῷ
1656 2147 1767 2202 κλύ-

1877 2158 2063 2228 Itaque
2097 2159 2426 2230 gubernator
2473 2158 2627 2212 navis
2680 2156 3018 2227 imprudens,
3062 2157 3154 2225 qui
3204 2168 3450 2227 tempore

161 2239 373 2305 δωνος,
406 2243 532 2304 τοὺς
559 2241 656 2310 μὲν
685 2240 888 2304 ναύτας
938 2240 1224 2306 ὲκδιώξας,
1255 2241 1352 2304 τὰς
1381 2239 1437 2293 δὲ
1461 2238 1652 2302 κώπας
1680 2237 1767 2292 καὶ

1877 2250 2125 2321 procellae
2172 2250 2352 2304 nautis
2400 2249 2660 2318 expulsis,
2718 2247 2884 2302 remis
2918 2256 2973 2302 et
3021 2249 3154 2303 velis
3200 2249 3253 2302 in
3299 2265 3448 2304 mare

163 2330 249 2384 τὰ
292 2331 434 2384 ἱστία
469 2334 527 2385 ὲν
567 2332 645 2402 τῷ
685 2332 914 2400 πελάγει
958 2330 1140 2401 ῥίψας,
1173 2330 1336 2392 αὐτὸς
1370 2331 1424 2383 δὲ
1456 2329 1734 2383 καθεύδων
1755 2346 1769 2360 ο

170 2423 582 2495 εὐχερέστερον
606 2424 663 2478 δὲ
706 2424 854 2495 ψυχὴ
886 2422 1450 2495 καταποντισθήσεται
1481 2424 1544 2476 ἐκ
1586 2422 1774 2492 δαιμό-

174 2531 298 2566 νων
327 2513 538 2583 νήψεως
567 2513 868 2585 ἀμελοῦσα,
901 2513 1114 2568 καὶτοῦ
1153 2513 1533 2568 ἐπικαλεῖσθαι
1565 2516 1622 2567 ὲν
1651 2515 1773 2577 ταῖς

178 2606 531 2677 προσϐολαῖς
556 2606 887 2676 ἀρχομέναις
925 2603 1099 2676 Ἰησοῦ
1137 2604 1374 2675 Χριστοῦ
1399 2605 1592 2672 ὄνομα.

266 2695 369 2767 ξη’.
408 2697 472 2751 Ὀ
495 2697 735 2766 οἴδαμεν,
771 2696 1074 2766 γράφοντες
1113 2694 1344 2765 λέγομεν
1369 2712 1383 2725 ·
1417 2697 1508 2747 καὶ
1540 2695 1568 2747 ὃ
1597 2694 1772 2766 ἑωρά-

182 2803 404 2856 καμεν,
457 2786 554 2858 τὴν
595 2787 714 2839 ὁδὸν
759 2787 1159 2850 διαϐαίνοντες,
1215 2784 1601 2856 μαρτυροῦμεν
1656 2786 1770 2849 τοῖς

184 2874 467 2941 θέλουσιν,
497 2877 548 2929 ετ
569 2892 632 2944 γε
654 2875 919 2948 λήψεσθαι
952 2876 1020 2930 τὰ
1048 2877 1314 2948 εἰρημένα
1346 2875 1764 2946 βουληθήσεσθε.

185 2967 322 3020 Ὅτι
362 2968 522 3030 αὐτὸς
554 2967 794 3038 εἴρηκεν,
843 2970 985 3022 Ἐὰν
1021 2968 1107 3037 μή
1149 2986 1239 3033 τις
1272 2969 1452 3037 μείνῃ
1494 2969 1566 3022 ἐν
1613 2969 1765 3038 ἐμοὶ,

184 3060 633 3128 ἐκϐληθήσεται
672 3060 809 3127 ἔξω,
849 3062 930 3124 ὡς
975 3061 1043 3112 τὸ
1081 3058 1300 3128 κλῆμα,
1338 3059 1435 3112 καὶ
1462 3057 1767 3128 συνάγου-

185 3167 302 3206 σιν
327 3152 498 3215 αὐτὸ,
530 3152 630 3205 καὶ
664 3153 751 3217 εις
785 3152 854 3204 τὸ
882 3151 1000 3218 πῦρ
1017 3149 1352 3214 βάλλουσι,
1388 3148 1490 3205 καὶ
1513 3151 1762 3206 καίεται.

199 3202 358 3293 ea."
376 3202 630 3311 aut};
656 3202 803 3310 ita,
830 3202 988 3306 κάγῶ
1009 3202 1066 3291 ἐν
1089 3237 1260 3308 αὐτῷ.
1306 3202 1390 3300 σός
1418 3202 1527 3309 ,ἀρ
1555 3202 1766 3309 λάμψαι
1793 3202 1837 3262 (⁵

184 3331 346 3402 ἥλιον
378 3333 551 3401 φωτὸς
579 3333 712 3402 ἄτερ
735 3331 796 3384 ού
819 3330 1061 3394 δυνατὸν,
1078 3330 1251 3392 οὕτως
1277 3329 1537 3382 ἀδύνατον
1560 3330 1769 3401 καθαρ-

189 3422 354 3491 θῆναι
384 3423 610 3493 καρδίαν
654 3421 828 3492 ῥύπου
858 3421 1141 3490 λογισμῶν
1172 3419 1471 3485 ἀπωλείας,
1503 3419 1634 3473 ἄνευ
1667 3421 1770 3490 τῆς

190 3511 538 3584 ἐπικλήσεως
559 3511 823 3584 Χριστοῦ,
852 3507 887 3587 ᾖ
912 3513 988 3575 ὡς
1014 3515 1082 3583 τῇ
1104 3511 1213 3583 ἰδίᾳ
1243 3513 1380 3582 πνοῇ
1411 3509 1766 3582 χρησώμεθα·

187 3602 256 3656 τὸ
289 3604 388 3674 μὲν
415 3604 546 3676 γὰρ,
565 3603 680 3674 φῶς
699 3621 714 3637 ⁸
741 3604 792 3656 οἱ
822 3604 900 3669 δὲ,
938 3603 1148 3665 σκότος.
1182 3603 1290 3656 Kal
1311 3601 1341 3653 ὁ
1376 3602 1496 3673 μὲν,
1519 3601 1650 3666 Θεὸς
1673 3603 1767 3655 καὶ

192 3695 474 3766 Δεσπότης
493 3711 509 3727 ο
546 3696 596 3748 οἱ
635 3694 714 3759 δι,
745 3693 924 3748 δοῦλοι
951 3693 1243 3762 δαιμόνων.

265 3785 707 3851 ξθ’.Φωτοτόκος,
738 3787 832 3840 καὶ
857 3785 1295 3856 ἀστραπητόκος,
1320 3786 1413 3839 καὶ
1442 3784 1765 3854 φωτοϐόλος,

190 3881 288 3935 καὶ
322 3880 602 3951 πυρφόρος
633 3879 665 3949 ἡ
701 3877 796 3932 τοῦ
832 3877 926 3932 νοῦ
960 3877 1172 3948 φυλακὴ
1199 3877 1499 3947 προσφυῶς
1543 3878 1640 3931 καὶ
1671 3893 1768 3946 φε-

194 3971 463 4042 ρωνύμως
490 3968 799 4023 καλείσθω·
842 3968 1102 4038 ὑπερέχει
1134 3968 1263 4037 γὰρ,
1315 3967 1528 4038 τάληθῆ
1575 3969 1764 4036 φάναι,

190 4063 438 4136 ἀπείρων
462 4061 796 4132 σωματικῶν
828 4060 924 4114 καὶ
949 4059 1160 4113 πολλῶν
1186 4060 1410 4132 ἀρετῆς.
1441 4057 1643 4113 Τούτου
1673 4053 1768 4114 οῦν

189 4155 357 4209 ῐνεκα
402 4157 516 4219 τοῖς
562 4155 767 4224 τιμίοις
805 4153 1032 4223 ὀνόμασι
1073 4152 1264 4207 καλεῖν
1292 4151 1398 4224 χρὴ
1441 4152 1539 4223 τὴν
1565 4152 1767 4224 ἀρετὴν

193 4247 418 4317 ταύτην,
449 4246 537 4299 διά
573 4245 640 4299 τὰ
662 4245 721 4310 ἐξ
748 4244 922 4313 αὐτῆς
949 4243 1243 4314 τικτόμενα
1268 4243 1554 4315 ἀγλαοφαῆ
1587 4242 1762 4314 φῶτα·

193 4331 274 4399 οἷς
303 4339 351 4390 oi
383 4336 710 4409 ἐρασθέντες
741 4335 801 4402 ἐξ
842 4335 1185 4408 ἁμαρτωλῶν
1233 4335 1328 4389 καὶ
1364 4335 1626 4407 ἀχρείων,
1671 4337 1768 4390 καὶ

198 4427 460 4498 βεϐήλων,
492 4429 587 4482 καὶ
633 4427 959 4496 ἀγνώστων,
1003 4428 1279 4482 ἀσυνέτων
1311 4445 1372 4481 τε
1407 4429 1502 4483 καὶ
1537 4428 1765 4495 ἀδίκων,

1876 2343 2152 2414 projectis,
2183 2342 2402 2407 dormit,
2442 2341 2597 2397 facile
2635 2341 2974 2412 naufragium
3017 2341 3168 2396 facit.
3213 2341 3448 2396 Facilius

1873 2444 2053 2490 autem
2106 2435 2282 2490 anima
2331 2434 2679 2505 demergetur
2739 2450 2769 2488 a
2820 2434 3185 2497 daemonibus,
3244 2450 3364 2505 quae
3395 2445 3451 2491 et

1874 2525 2288 2596 temperantiam
2315 2525 2557 2596 negligit,
2595 2536 2650 2580 et
2676 2526 3057 2597 ingruentibus
3086 2528 3449 2598 suggestioni-

1872 2618 1976 2672 bus
2006 2617 2258 2672 invocare
2283 2631 2483 2672 nomen
2513 2615 2644 2671 Jesu
2671 2617 2871 2672 Christi
2900 2634 3010 2672 non
3040 2629 3215 2674 curat.

1937 2709 2025 2765 68.
2066 2709 2219 2776 Quod
2263 2710 2486 2776 scimus,
2533 2710 2749 2780 scriptis
2795 2711 3077 2766 dicimus:
3122 2712 3267 2780 quod
3300 2712 3444 2768 vidi-

1870 2817 2014 2868 mus,
2044 2803 2172 2857 dum
2203 2803 2344 2857 viam
2381 2803 2822 2872 transigeremus,
2858 2802 3209 2858 testiﬁcamur
3243 2804 3438 2858 volen-

1870 2893 2016 2948 tibus
2045 2909 2060 2958 ;
2114 2893 2159 2947 si
2198 2892 2417 2963 quidem
2447 2893 2694 2960 excipere
2728 2893 2870 2947 dicta
2893 2893 3045 2947 vobis
3077 2893 3275 2959 libeat;
3318 2895 3445 2963 quia

1869 2985 1984 3054 ipse
2025 2984 2160 3038 dixit
2190 3004 2204 3040 :
2231 2983 2290 3038 Si
2323 2987 2439 3054 quis
2481 2985 2537 3038 in
2597 3001 2678 3038 me
2727 3002 2829 3038 non
2885 2987 3154 3048 manserit,
3207 2987 3446 3040 mittetur

1869 3076 2033 3144 foras,
2061 3075 2195 3127 sicut
2230 3074 2429 3142 palmes
2463 3089 2482 3126 :
2528 3083 2578 3128 et
2619 3073 2866 3144 colligunt
2903 3090 3042 3138 eum,
3091 3084 3140 3128 et
3179 3075 3236 3128 in
3271 3076 3443 3144 ignem

1871 3167 2108 3230 mittunt,
2129 3175 2178 3219 et
2207 3165 2538 3231 ardet“.Qui
2558 3176 2738 3220 autem
2763 3176 2948 3220 manet
2978 3167 3032 3220 in
3067 3181 3175 3231 me,
3199 3177 3254 3222 et
3277 3169 3444 3238 egoin

1871 3273 1957 3313 eo.
2002 3256 2135 3310 Nam
2187 3257 2330 3312 sicut
2384 3256 2463 3310 sol
2492 3257 2694 3325 absque
2738 3256 2943 3312 lumine
2987 3257 3278 3324 splendere
3333 3273 3442 3312 non

1869 3355 2068 3418 potest,
2134 3347 2208 3400 ita
2252 3363 2347 3400 cor
2383 3347 2598 3416 purgari
2639 3362 2752 3402 non
2798 3357 2978 3417 potest
3008 3348 3261 3403 sordibus
3297 3350 3443 3419 peri-

1870 3437 2140 3492 mentium
2193 3437 2602 3507 cogitationum,
2651 3437 2769 3491 sine
2821 3437 3024 3492 Christi
3075 3438 3438 3503 invocatione,

1868 3540 1975 3596 qua
2023 3526 2249 3591 utimur,
2289 3525 2440 3579 velut
2486 3525 2702 3595 propria
2746 3526 3062 3595 spiratione.
3110 3525 3243 3581 illud
3295 3529 3441 3582 enim

1867 3613 2070 3678 lumen,
2099 3614 2184 3668 hae
2210 3629 2338 3668 vero
2381 3615 2616 3668 tenebrae
2649 3633 2662 3668 :
2703 3623 2757 3669 et
2803 3614 2892 3668 ille
2924 3616 3166 3684 quidem,
3196 3617 3338 3672 Deus
3380 3634 3445 3673 ac

1871 3703 2172 3769 Dominus;
2203 3704 2288 3758 hae
2314 3718 2464 3768 vero,
2496 3705 2802 3760 daemonum
2831 3705 3060 3759 ancill‘c.

1939 3796 2028 3852 69.
2066 3794 2326 3851 Custodia
2383 3795 2581 3850 mentis
2637 3811 2896 3865 germano
2948 3807 3002 3850 et
3032 3812 3164 3852 vero
3220 3797 3443 3852 nomine

1869 3882 2132 3953 lucipara,
2173 3883 2523 3954 fulguripara,
2560 3884 2742 3939 lumen
2789 3885 3065 3950 eminens,
3113 3892 3168 3939 et
3215 3885 3442 3954 ignifera

1869 3974 2160 4028 vocitetur.
2192 3975 2424 4042 Superat
2457 3972 2628 4036 enim,
2658 3979 2718 4024 ut
2740 3986 2930 4026 verum
2959 3972 3226 4047 dicamus,
3257 3972 3442 4026 inlini,-

1868 4075 1952 4123 tas
1978 4082 2066 4122 res
2103 4081 2410 4136 corporeas,
2454 4075 2511 4120 et
2567 4065 2795 4119 virtutes
2844 4066 3150 4135 plerasque.
3205 4064 3332 4129 Qua:
3373 4065 3444 4118 de

1869 4173 2032 4215 causa
2054 4159 2228 4213 virtus
2269 4159 2370 4212 ista
2402 4157 2564 4211 claris
2606 4155 2918 4210 nominibus
2964 4165 3049 4209 est
3092 4154 3440 4224 appellanda,

1867 4249 1937 4305 ob
1971 4246 2250 4318 Splendida
2287 4246 2493 4300 lumina
2550 4259 2671 4314 qua:
2720 4253 3018 4298 nascuntur
3059 4259 3122 4298 ex
3156 4261 3218 4299 ea
3257 4260 3269 4295 :
3304 4261 3445 4314 quo-

1868 4354 1992 4394 rum
2042 4352 2226 4392 amore
2268 4336 2362 4407 qui
2413 4335 2720 4404 capiuntur,
2784 4347 2883 4404 per
2924 4331 3109 4388 Iesum
3161 4331 3445 4388 Christum

1868 4431 2099 4486 evadere
2127 4436 2353 4499 possunt
2384 4441 2452 4482 ex
2480 4425 2877 4496 peccatoribus,
2908 4424 3212 4491 inutilibus,
3255 4424 3449 4496 inqui-

194 4520 414 4585 δίκαιοι,
439 4518 753 4591 εῦχρηστοι,
793 4519 1045 4590 καθαροὶ,
1091 4519 1260 4586 ἀγιοι,
1292 4519 1388 4573 καὶ
1415 4520 1621 4573 συνετοὶ
1670 4520 1764 4575 διὰ.

1868 4521 2027 4586 natis,
2059 4517 2257 4591 ignotis
2287 4525 2341 4571 et
2371 4514 2756 4586 insipientibus
2797 4522 2851 4568 et
2880 4513 3105 4583 iniquis,
3134 4513 3288 4583 justi,
3336 4513 3448 4567 ho-

209 4611 378 4684 Ὶησοῦ
413 4612 648 4684 Χριστοῦ
681 4611 934 4679 γενέσθαι
981 4610 1276 4665 δύνανταιό
1314 4611 1411 4664 καὶ
1458 4613 1519 4665 οὐ
1557 4610 1759 4681 μόνον,

197 4704 331 4760 ἀλλά
357 4705 452 4757 καὶ
487 4703 726 4773 μυστικὰ
755 4701 1000 4774 θεωρεῖν,
1035 4702 1131 4756 καὶ
1158 4702 1487 4773 θεωρητικοὶ
1527 4703 1762 4772 γενόμε-

197 4813 276 4850 νοι
305 4795 385 4866 τῷ
420 4794 870 4866 ἀκραιφνεστάτῳ
896 4794 990 4848 καὶ
1032 4793 1248 4864 ἀπείρῳ
1286 4793 1429 4862 φωτὶ
1457 4792 1552 4848 νῦν
1577 4795 1764 4866 διανή-

197 4886 384 4958 χεσθαι
430 4885 800 4958 συμϐήσεται,
841 4885 1031 4958 θήγειν
1060 4903 1120 4939 τε
1165 4886 1316 4957 αὐτῷ
1359 4885 1620 4958 ἀρρήτοις
1668 4885 1768 4958 θή-

198 4977 332 5044 εισι,
358 4977 452 5030 καὶ
477 4977 574 5030 σὺν
602 4974 752 5046 αὐτῷ
781 4972 1092 5028 κατοικοῦσί
1129 4990 1190 5028 τε
1219 4976 1316 5029 καὶ
1357 4974 1760 5043 πολιτεύονται,

198 5068 319 5121 ἐπεὶ
335 5066 630 5137 ιγεύσαντο
658 5067 740 5121 δτι
766 5067 998 5138 Χριστὸς
1017 5068 1046 5120 ὁ
1070 5066 1294 5136 Κύριος,
1313 5067 1391 5132 ὡς
1418 5068 1757 5138 πληροῦσθαι

202 5157 384 5229 σαφῶς
422 5160 480 5211 εν
511 5162 623 5223 τοῖς
647 5158 912 5222 τοιούτοις
949 5157 1358 5228 πρωταγγέλοις
1389 5157 1451 5212 τὸ
1480 5158 1577 5212 τοῦ
1607 5158 1755 5213 θείου

199 5249 376 5314 Δαϐὶδ,
403 5249 576 5317 Πλὴν
593 5249 810 5304 δίκαιοι
842 5249 1390 5319 ἐξομολογήσονται
1410 5249 1490 5317 τῷ
1515 5252 1762 5321 ὀνόματι

201 5356 335 5406 σου,
366 5340 463 5394 καὶ
484 5341 958 5410 κατοικήσουσιν
983 5341 1180 5408 εὐθεῒς
1201 5341 1324 5397 σὺν
1349 5341 1430 5409 τῷ
1459 5343 1758 5412 προσώπῳ

205 5449 336 5488 σουσ
357 5433 525 5497 ὅντως
539 5449 643 5502 γαν
669 5433 750 5504 δὴ,
771 5434 939 5497 δντως
960 5426 1104 5489 οὗτοι
1130 5435 1278 5504 μόνοι
1300 5435 1546 5508 ἀτρεκῶς
1568 5437 1762 5490 tutata--

204 5525 412 5579 λοῦνται
450 5527 545 5580 καὶ
583 5525 1028 5596 ἐξομολογοῦνται
1070 5527 1190 5598 Θεῷ
1216 5567 1233 5594 ,
1277 5522 1322 5596 ᾧ
1369 5530 1465 5583 καὶ
1516 5529 1763 5600 φιλοῦσιν

205 5619 403 5691 ὁμιλεῖν
430 5621 752 5690 ἀγαπῶντες
782 5624 967 5679 αὐτόν.

1865 4613 2044 4669 mines
2076 4611 2238 4681 frugi,
2295 4607 2442 4679 puri,
2484 4607 2676 4673 sancti,
2721 4614 2778 4661 et
2823 4605 3120 4674 sapientes,
3151 4619 3333 4674 neque
3382 4605 3438 4659 id

1865 4705 2062 4770 solum,
2098 4703 2193 4758 sed
2235 4702 2398 4756 etiam
2435 4700 2650 4754 eveniet
2697 4708 2757 4753 ut
2784 4699 3006 4769 mystica
3039 4696 3388 4766 speculentur
3420 4713 3435 4749 :

1865 4804 1921 4852 et
1953 4795 2044 4851 ubi
2089 4792 2408 4864 speculativi
2445 4792 2651 4847 fuerint
2697 4789 2899 4855 eﬂecti,
2940 4798 3001 4844 ut
3043 4787 3336 4860 purissimo
3385 4795 3444 4841 et

1865 4885 2080 4942 inﬁnito
2108 4884 2314 4940 lumine
2353 4882 2715 4952 trajiciantur,
2759 4888 2816 4936 et
2849 4888 3183 4936 exacuantur
3207 4879 3281 4934 ab
3315 4878 3444 4948 ipso

1865 4975 2083 5034 arcanis
2110 4973 2450 5031 acuminibus
2485 4991 2500 5028 :
2532 4981 2740 5028 etcum
2769 4972 2889 5042 ipso
2922 4971 3180 5028 habitant
3215 4979 3273 5028 et
3302 4985 3438 5026 con-
3535 5023 3540 5026 _

1865 5083 2176 5139 versantur,
2223 5071 2352 5142 quia
2394 5073 2750 5140 gustaverunt
2787 5064 2935 5135 quod
2989 5064 3179 5119 suavis
3212 5069 3297 5119 cst
3325 5061 3436 5118 Do-

1865 5167 2048 5223 minus
2084 5171 2184 5218 :ut
2231 5163 2289 5218 in
2340 5160 2540 5215 talibus
2576 5156 2906 5228 protangelis
2961 5155 3105 5209 clare
3143 5153 3436 5223 impleatur

1864 5258 1997 5313 illud
2024 5254 2193 5312 divini
2222 5253 2437 5310 Davidis
2463 5269 2476 5306 :
2507 5249 2876 5305 Verumtamen
2888 5247 3024 5316 justi
3055 5245 3436 5314 confitebuntur

1865 5350 2062 5405 nonani
2089 5360 2197 5413 tuo,
2224 5357 2274 5401 et
2307 5344 2618 5400 habitabunt
2667 5345 2795 5398 recti
2815 5359 2931 5397 cum
2957 5339 3102 5394 ulti.
3135 5347 3223 5392 tuo
3281 5336 3305 5371 ⁸
3355 5335 3434 5392 Re

1866 5443 2012 5499 enim
2054 5457 2203 5505 vera,
2231 5454 2313 5505 re,
2345 5439 2588 5509 inquam,
2624 5451 2752 5492 vera
2789 5433 2844 5488 hi
2869 5434 2969 5489 soli
3007 5431 3222 5486 sincere
3272 5430 3431 5484 invo-

1867 5543 1993 5590 cant
2047 5541 2100 5588 et
2135 5531 2464 5589 conﬁtentur
2495 5529 2645 5584 Deo:
2675 5543 2800 5582 cum
2829 5540 2937 5595 quo
2985 5522 3219 5592 colloqui
3263 5535 3430 5592 expe-

1865 5634 2015 5682 tunt.
2039 5631 2282 5679 amantes
2303 5636 2447 5679 eum.

270 5791 310 5824 “
334 5791 487 5849 Deut.
517 5809 570 5860 x,
598 5793 680 5848 l6.
759 5796 799 5827 "
823 5794 1010 5851 Matth.
1039 5812 1160 5865 xxv,
1186 5797 1273 5853 29.
1357 5801 1395 5832 ¹³
1420 5800 1576 5857 Rom.
1611 5818 1725 5871 vm,
1746 5802 1834 5859 28.
1913 5804 1952 5834 “
1981 5800 2137 5857 Joau.
2174 5815 2260 5863 xv,
2290 5797 2340 5852 6.
2431 5798 2469 5829 ⁸⁵
2511 5795 2652 5851 Psal.
2685 5807 2899 5855 τειχει,
2925 5788 3010 5844 14.
