4142 6436
174 332 301 399 1537

167 537 262 590 καὶ
300 536 367 588 δι’
398 535 774 606 ἀντιρρήσεως
813 533 1130 603 θυμοειδοῦς
1168 531 1496 601 δακεθύμοις
1537 532 1743 602 ῥήμασι

165 625 468 699 χρώμενος,
498 626 605 690 πὺξ
650 625 830 694 βαλὼν
857 627 1075 696 δείματι
1119 625 1507 696 ἀπεκρούσατο
1530 623 1621 676 τὸν
1651 639 1745 675 πο-

167 721 351 789 λέμιον
380 718 430 789 (ὃ
463 720 557 772 καὶ
590 717 685 771 νῦν
713 736 797 782 τις
821 717 980 780 ἄλλος
1005 714 1072 788 ἦν
1095 718 1348 786 κοπιῶν),
1372 716 1609 785 Πρῶτος
1630 714 1746 768 τῶν

167 811 412 880 καρπῶν
467 811 816 880 μεταλάϐοι,
863 810 937 876 ὡς
989 811 1136 864 δοκεῖ
1196 809 1414 883 fieri“.
1465 809 1524 862 '0
1566 809 1746 861 τοίνυν

169 902 311 955 θλῶν
336 902 432 973 τὴν
459 904 651 973 κάραν,
693 901 927 971 ίξέφυγι.
958 902 1054 955 καὶ
1089 900 1318 965 πολλοὺς
1355 901 1625 969 πονηροὺς
1658 899 1746 952 λο-

167 994 404 1064 γισμοὺς
452 991 547 1047 καί
597 992 736 1064 ἔργα
789 994 1153 1064 πονηρότερα,
1201 994 1294 1046 καὶ
1339 993 1461 1045 τότε
1501 991 1748 1062 διαμένει

167 1086 486 1156 ἀκύμαντος
518 1087 549 1156 ἡ
583 1085 816 1150 διάνοια,
850 1085 945 1139 τοῦ
981 1084 1118 1138 Θεοῦ
1165 1085 1604 1154 ἀπεκδεχομένου
1649 1082 1750 1150 τὴν

166 1181 344 1251 αὐτῆς
367 1180 698 1251 ἐγρήγορσιν
721 1179 802 1242 είς
830 1180 956 1241 τοὺς
978 1178 1292 1249 λογισμοὺς,
1319 1177 1414 1230 καὶ
1434 1177 1752 1249 ἀντιδωρου-

168 1274 336 1342 μένου
367 1271 504 1342 αὐτῇ
539 1271 761 1336 εἰδέναι,
809 1269 928 1333 πῶς
962 1270 1043 1323 δεῖ
1083 1268 1473 1340 περιγενέσθαι
1496 1269 1624 1331 τοὺς
1654 1267 1751 1320 ἀν-

164 1364 558 1427 τιπαλαίοντας
584 1363 776 1433 αὐτὴν,
804 1363 897 1415 καὶ
913 1362 1060 1425 ὅπως
1083 1363 1188 1432 χρὴ
1221 1361 1580 1431 καθαίρεσθαι
1610 1362 1753 1412 κατὰ

167 1455 372 1525 μικρὸν
416 1455 517 1523 τὴν
564 1453 813 1524 καρδίαν,
865 1455 930 1506 ὲκ
976 1452 1256 1522 λογισμῶν
1300 1451 1626 1504 κοινούντων
1659 1450 1752 1504 καὶ

169 1548 496 1616 μιαινόντων
523 1547 614 1598 τὸν
647 1545 794 1609 ever,
821 1545 1136 1617 ἄνθρωπον,
1167 1545 1242 1607 ὥς
1281 1560 1446 1614 φησιν
1475 1545 1503 1595 ό
1527 1542 1750 1613 Κύριος,

181 1642 287 1695 Ἐκ
321 1639 428 1709 τῆς
467 1641 718 1708 καρδίας
759 1640 1116 1710 ἐξέρχονται
1148 1639 1526 1708 διαλογισμοί
1564 1652 1752 1705 πονη-

160 1730 288 1798 ροὶ,
313 1730 603 1799 πορνεῖαι,
622 1730 907 1799 μοιχεῖαι,
931 1707 1178 1784 κάκεῗνά
1198 1731 1316 1784 εἰσι
1339 1729 1411 1784 τὰ
1432 1729 1754 1784 κοινοῦντα

167 1824 278 1874 τὸν
307 1822 646 1889 ἄνθρωπον.

244 1912 342 1977 ο;’.
381 1915 587 1977 Ὄντως
608 1914 718 1986 ἄρα
744 1913 966 1968 δύναται
987 1913 1134 1986 ψυχὴ
1166 1915 1226 1968 ὲν
1261 1914 1452 1986 Κυρίῳ
1469 1912 1659 1980 στῆναι
1688 1914 1755 1984 τῇ

168 2008 377 2076 ἑαυτῆς
412 2008 687 2080 εὐμορφίᾳ
717 2008 812 2062 καὶ
845 2009 1142 2080 ώραιότητι
1163 2009 1258 2064 καὶ
1283 2009 1564 2080 εὐθύτητι,
1593 2009 1668 2071 ὡς
1698 2007 1757 2074 ἐξ

168 2100 352 2170 ἀρχῆς
379 2100 516 2170 πρὸς
544 2099 679 2153 Θεοῦ
707 2100 930 2171 ἐκτίσθη
967 2101 1088 2155 λίαν
1143 2101 1283 2173 καλή
1312 2119 1373 2154 τε
1401 2101 1496 2156 καὶ
1552 2100 1756 2164 εὐθεῖα,

169 2190 360 2255 καθώς
397 2208 562 2263 φησιν
590 2193 619 2246 ό
651 2192 825 2263 μέγας
856 2193 950 2246 τοῦ
1011 2193 1216 2264 Κυρίου
1252 2193 1508 2264 θεράπων
1557 2189 1759 2246 ’Λντώοο

163 2300 309 2346 νιος,
334 2283 432 2352 τῆς
459 2283 640 2353 ψυχῆς
665 2283 726 2336 τὸ
742 2281 929 2354 νοερὸν
965 2284 1108 2338 κατά
1136 2284 1300 2354 φύσιν
1331 2285 1562 2354 ἐχούσης
1587 2284 1758 2354 ἀρετῇ

169 2375 489 2428 συνίσταται
513 2392 527 2406 ·
557 2376 652 2428 καὶ
668 2374 828 2429 πάλιν
852 2372 973 2428 εἶπε
992 2388 1007 2402 ⁸
1028 2376 1100 2429 Τὸ
1123 2376 1231 2448 γάρ
1255 2376 1474 2432 εὐθεῖαν
1496 2370 1636 2429 εἷναι
1659 2376 1761 2445 τὴν

169 2462 376 2533 ψυχὴν,
405 2462 566 2517 τοῦτό
602 2466 720 2518 ἐστι
771 2465 832 2518 τὸ
875 2465 1018 2518 κατά
1056 2466 1222 2535 φύσιν
1262 2467 1452 2538 νοερὸν
1500 2468 1638 2537 αὐτῇ
1683 2467 1760 2530 ὡς

173 2555 410 2625 ἐκτίσθη
432 2571 447 2586 ο
483 2556 577 2609 καὶ
608 2553 728 2627 μετ’
755 2556 912 2625 ὀλίγα
939 2552 1094 2621 αὖθίς
1123 2574 1258 2628 φησι
1278 2574 1293 2590 °
1312 2557 1760 2629 Καθαρεύσωμεν

170 2646 278 2716 τὴν
313 2646 576 2702 διάνοιαν.
622 2647 764 2716 Ἐγὼ
816 2648 924 2720 γὰρ
967 2648 1211 2703 πιστεύω
1238 2650 1318 2703 ὅτι
1366 2649 1762 2722 καθαρεύσασα

170 2739 324 2810 ψυχὴ
355 2743 694 2812 πανταχόθεν
719 2743 816 2797 καὶ
863 2744 1005 2797 κατὰ
1042 2744 1203 2813 φύσιν
1247 2745 1462 2798 ἑστῶσα
1487 2787 1503 2810 ,
1539 2745 1761 2798 δύναται

170 2832 460 2904 διορατικὴ
493 2835 759 2906 γενομένη
791 2834 1018 2890 πλείονα
1069 2836 1165 2889 καὶ
1197 2837 1511 2907 μακρότερα
1541 2835 1762 2906 βλέπειν

171 2923 289 2977 τῶν
312 2925 583 2994 δαιμόνων
603 2966 618 2990 ,
661 2925 861 2996 ἔχουσα
911 2927 1003 2981 τὸν
1061 2927 1518 2982 ἀποκαλύπτοντα
1557 2927 1762 2998 Κύριον

172 3017 318 3088 αὐτῇ
338 3033 352 3048 ο
385 3017 514 3071 τάδε
572 3019 738 3088 φησὶν
764 3020 794 3073 ό
825 3018 1032 3084 κλεινὸς
1073 3019 1383 3082 ’Δντώνιος,
1414 3018 1490 3081 ὦς
1521 3035 1688 3090 φησιν
1733 3019 1762 3072 ό

178 3108 359 3179 μέγας
404 3108 726 3174 ’Δθανάσιος
748 3111 809 3164 ἑν
838 3110 916 3181 τῷ
943 3110 1072 3180 περὶΙ
1115 3109 1404 3164 ’Δντωνίου
1431 3109 1564 3180 Βίῳ.

256 3378 356 3445 οη’.
386 3369 501 3438 Πᾶς
554 3371 811 3444 λογισμὸς
840 3372 1112 3443 φαντασία
1138 3372 1197 3426 ἐν
1234 3373 1311 3444 νῷ
1343 3371 1592 3443 αἰσθήσει
1621 3372 1765 3438 τινὸς

181 3463 513 3535 πράγματος
528 3481 544 3496 ·
567 3463 692 3526 νοῦς
705 3463 815 3534 γὰρ
830 3461 906 3516 ὢν
930 3465 959 3516 ό
994 3461 1278 3534 ’Δσσύριος
1303 3462 1407 3516 οὐκ
1433 3461 1606 3525 ἄλλως
1624 3461 1766 3516 ἀπα-

180 3556 288 3626 τᾷν
314 3554 579 3626 ἑξισχύει,
619 3556 668 3610 εί
705 3555 781 3626 μὴ
816 3555 1077 3625 χρήσεται
1130 3556 1244 3635 τοῖς
1294 3553 1426 3623 παρ’
1461 3552 1619 3624 ἡμῶν
1680 3554 1765 3606 αί-

185 3644 406 3720 σθητοῖς
427 3648 524 3701 καὶ
553 3646 863 3719 συνήθεσιν.

262 3825 358 3882 οϐ’.
399 3825 490 3889 Ὦς
523 3825 585 3878 οὐ
613 3822 836 3879 δυνατὸν
864 3822 974 3895 ἀρα
993 3821 1156 3893 δρνεα
1185 3821 1406 3876 διώκειν
1426 3820 1574 3890 ἡμᾶς
1605 3820 1663 3873 ιν
1685 3819 1766 3892 τῷ

186 3919 316 3988 ἀέρι
338 3917 590 3988 πτερωτά
610 3915 770 3979 ὄντας
793 3911 1137 3986 ἀνθρώπους,
1160 3913 1194 3984 ἢ
1223 3910 1552 3967 ἀνίπτασθαι
1576 3908 1766 3982 ὥσπερ

188 4009 442 4073 κάκεῖνα,
470 4004 628 4059 τοῦτο
656 4005 756 4076 τῆς
787 4003 944 4075 ἡμῶν
997 4001 1214 4072 φύσεως
1255 4002 1356 4056 οὐκ
1382 3999 1641 4072 ἑκούσης·
1672 3998 1765 4054 οὔ·

187 4116 301 4161 τως
319 4098 382 4151 οὐ
413 4096 638 4151 δυνατὸν
693 4095 989 4167 λογισμοὺς
1017 4096 1365 4169 αὐτομάτους
1391 4095 1768 4168 δαιμονιώδεις

191 4187 576 4260 περιγενέσθαι
601 4188 771 4259 χωρὶς
799 4187 965 4259 εὐχῆς
991 4187 1264 4258 νηπτικῆς
1306 4187 1510 4258 σῦκ-,ῆς
1530 4226 1546 4250 ,
1580 4187 1613 4257 ἢ
1641 4188 1768 4240 ἀτε-

187 4284 301 4346 νῶς
324 4284 462 4350 ἄγαν
492 4281 628 4352 πρὸς
652 4281 786 4335 Θεδν
801 4281 958 4352 δμμα
979 4279 1071 4337 νοῦ
1093 4279 1374 4352 νήχεσθαι.
1395 4280 1457 4333 ει
1481 4278 1538 4332 δὲ
1551 4277 1637 4342 οὒ,
1664 4280 1768 4350 γῆν

188 4374 471 4446 θραύσεις.

908 329 1007 391 DE
1036 328 1587 390 TEMPERANTIA
1617 327 1712 387 ET
1752 325 2116 387 VIRTUTE.
2156 351 2222 360 -·
2260 327 2647 390 CENTURIA
2687 330 2770 394 Il.

236 442 343 509 σις’.
382 442 440 495 Ὀ
464 441 640 494 τοίνυν
669 440 767 510 τὴν
799 441 1044 512 κεφαλὴν
1078 441 1262 512 τηρῶν
1296 441 1395 510 τὴν
1427 438 1520 493 τοῦ
1547 438 1744 508 ὄφεως,
1781 444 1822 495 Α

3303 330 3444 397 1538

1921 435 2010 490 76.
2053 435 2401 506 QuaprOpter
2433 439 2524 506 qui
2557 450 2719 510 caput
2749 440 3019 510 serpentis
3043 442 3440 511 observaverit,

1845 537 1900 582 et
1933 528 2198 583 iracunde
2239 529 2581 595 reluctando,
2623 532 2805 586 verbis
2839 533 3102 588 animosis
3151 538 3306 600 usus,
3351 539 3434 591 in-

1842 617 1991 688 jecto
2034 634 2218 689 pugno
2255 619 2311 672 in
2355 619 2548 674 faciem
2599 620 2898 690 pulsaverit
2948 624 3159 680 hostem
3211 625 3288 693 (in
3330 643 3441 696 quo

1847 709 2008 763 modo
2039 709 2310 778 quispiam
2335 709 2474 764 alius
2512 709 2820 781 laborabat)
2851 711 3064 768 Primus
3091 718 3154 768 de
3182 716 3441 787 fructibus

1849 802 2114 870 percipere
2144 801 2312 864 debet,
2348 809 2410 855 ut
2451 801 2629 871 placet
2670 802 2842 859 Paulo
2879 805 2943 858 ¹⁶.
2991 806 3096 872 Qui
3129 823 3261 880 ergo
3302 825 3439 864 con-

1849 891 2032 945 tundit
2062 899 2243 962 caput,
2283 891 2330 945 is
2358 900 2414 946 et
2443 893 2645 948 multas
2688 896 3051 967 cogitationes
3092 913 3288 968 pravas
3321 901 3441 954 evi-

1851 989 1947 1046 tat,
1991 991 2044 1035 et
2079 997 2246 1050 opera
2309 982 2514 1051 pejora.
2569 983 2764 1053 Fitque
2812 995 2948 1052 tum,
3001 997 3064 1041 ut
3117 991 3443 1059 tranquillus

1850 1080 2168 1140 permaneat
2210 1073 2427 1127 animus
2468 1092 2481 1127 :
2532 1075 2691 1144 cujus
2744 1078 3133 1133 excitationem
3179 1080 3442 1135 adversus
3489 1101 3504 1111 -‘

1851 1167 2209 1237 cogitationes
2255 1169 2453 1238 probat
2490 1168 2655 1237 Deus,
2717 1180 2773 1226 et
2823 1175 3218 1230 remunerandi
3276 1191 3442 1230 causa

1851 1261 2007 1316 docet
2061 1276 2211 1327 eum,
2256 1276 2367 1331 quo
2414 1273 2574 1332 pacto
2640 1264 3027 1335 impugnantes
3071 1282 3130 1322 se
3177 1284 3443 1338 superare

1853 1362 2018 1423 queat
2049 1372 2061 1406 :
2095 1360 2151 1406 et
2187 1368 2294 1422 qua
2335 1355 2548 1410 ratione
2578 1372 2674 1412 cor
2712 1359 2974 1428 paulatim
3006 1375 3241 1431 purgare
3274 1378 3442 1432 opor-

1858 1453 1970 1500 teat
2005 1445 2427 1516 cogitationibus
2471 1449 2878 1508 maculantibus
2916 1461 2972 1506 et
3023 1452 3442 1511 inquinantibus

1858 1537 2172 1592 interiorem
2235 1537 2536 1603 hominem,
2591 1540 2735 1595 sicut
2822 1550 2900 1595 ait
2970 1543 3234 1599 Dominus
3291 1563 3306 1600 :
3362 1545 3442 1599 De

1859 1632 2009 1683 corde
2067 1639 2252 1684 exeunt
2323 1633 2669 1701 cogitationes
2731 1634 2913 1700 mala»,
2978 1637 3266 1701 adulteria,
3329 1640 3440 1707 for-

1857 1722 2148 1774 nicationes
2205 1737 2223 1774 :
2278 1731 2327 1775 et
2375 1723 2484 1777 [uec
2531 1733 2652 1778 sunt
2703 1741 2821 1793 quae
2868 1728 3213 1796 coinquinant
3271 1730 3441 1783 homi-

1861 1828 1978 1867 nem
2023 1814 2087 1870 ¹⁷.

1932 1907 2017 1960 77.
2045 1907 2158 1962 Hac
2195 1906 2381 1979 itaque
2428 1908 2644 1964 ratione
2675 1917 2860 1980 potest
2883 1910 3065 1964 anima
3110 1924 3207 1979 per
3254 1909 3440 1965 Domi-

1859 2013 1988 2056 num
2045 1999 2282 2056 retinere
2305 2015 2457 2056 suam
2488 2001 2666 2070 ipsius
2717 2009 3091 2069 venustatem,
3123 2003 3439 2072 pulchritu-

1861 2091 2046 2146 dinem
2095 2102 2152 2148 et
2201 2094 2606 2161 rectitudinem,
2669 2094 2812 2149 sicut
2855 2095 3012 2150 initio
3038 2105 3219 2151 creata
3245 2104 3330 2151 est
3374 2097 3442 2151 ad

1859 2183 2274 2238 similitudinem
2297 2184 2415 2250 Dei,
2455 2185 2613 2241 valde
2651 2186 2902 2256 speciosa
2934 2195 2988 2242 et
3019 2196 3193 2253 recta,
3227 2197 3290 2243 ut
3351 2189 3442 2243 in-

1859 2276 1978 2346 quit
2009 2291 2238 2347 magnus
2271 2274 2487 2331 Domini
2515 2292 2708 2333 servus
2727 2260 3022 2343 Antonius,
3055 2280 3272 2346 animae,
3320 2297 3443 2350 quae

1860 2365 2161 2424 secundtJm
2183 2379 2431 2425 naturam
2473 2372 2698 2443 regitur,
2729 2372 2812 2428 vis
2868 2371 3198 2428 intellectiva
3227 2383 3440 2430 constat

1861 2461 2082 2517 virtute.
2115 2463 2180 2516 Et
2203 2463 2402 2518 iterum
2424 2463 2582 2529 dixit,
2615 2463 2840 2520 Rectam
2876 2481 2998 2520 esse
3025 2466 3284 2532 animam,
3339 2468 3444 2522 hoc

1861 2561 1966 2617 est,
2002 2552 2176 2623 ipsam
2219 2555 2422 2609 habere
2452 2553 2769 2611 facultatem
2817 2557 3210 2613 intellectivam
3233 2568 3445 2614 natura:

1861 2655 2308 2713 consentaneam,
2340 2647 2419 2701 uti
2441 2655 2619 2703 creata
2653 2659 2759 2704 est.
2787 2649 2854 2704 Et
2896 2651 3106 2715 statim,
3147 2651 3338 2720 paucis
3360 2651 3444 2706 in-

1861 2737 2129 2806 terjectis,
2173 2739 2249 2793 ait
2287 2756 2299 2791 :
2335 2740 2570 2811 Purgato
2639 2740 2812 2795 simus
2872 2741 3076 2796 animo.
3133 2742 3247 2814 Ego
3294 2741 3442 2797 enim

1863 2829 2027 2884 credo
2055 2830 2314 2895 animam,
2350 2846 2679 2901 quacunque
2708 2840 2862 2901 parte
2901 2841 3206 2904 purgatam,
3242 2841 3298 2887 et
3339 2848 3442 2885 na-

1864 2924 1986 2971 tura
2015 2932 2116 2972 sua
2156 2928 2522 2983 constantem,
2541 2935 2724 2990 posse,
2755 2922 3128 2991 perspicacem
3163 2922 3436 2985 eﬂ’ectam,

1865 3009 2075 3064 acutius
2099 3017 2157 3064 et
2176 3010 2471 3065 remotiora
2493 3011 2699 3078 videre,
2726 3026 2890 3082 quam
2906 3011 3120 3082 possint
3141 3012 3438 3078 daemones,

1867 3097 2066 3168 quippe
2095 3114 2217 3168 quae
2246 3097 2535 3155 Dominum
2565 3099 2671 3156 sibi
2706 3097 3042 3156 revelantem
3070 3101 3287 3167 habeat,
3309 3102 3439 3158 Haec

1867 3187 2002 3243 dicit
2030 3188 2262 3259 inclytus
2281 3188 2574 3256 Antonius,
2611 3199 2835 3247 auctore
2863 3191 3168 3248 Athanasio
3215 3209 3438 3266 magno,

1865 3276 1922 3334 in
1946 3278 2070 3334 Vita
2102 3279 2347 3334 Antonii.

1937 3367 2024 3422 78.
2058 3367 2278 3432 Quaevis
2306 3368 2562 3440 cogitatio
2586 3378 2671 3425 est
2692 3370 3006 3442 imaginatio
3031 3387 3155 3442 qua
3178 3372 3356 3428 oritur
3385 3375 3439 3428 in

1865 3465 2047 3513 mente
2076 3473 2141 3512 ex
2174 3461 2525 3530 perceptione
2579 3463 2838 3518 sensitiva
2861 3464 2941 3518 rei
2961 3465 3266 3535 cujusdam.
3302 3465 3440 3521 Cum

1864 3546 2012 3600 enim
2039 3546 2291 3617 Assyrius
2314 3549 2645 3620 sitspiritus,
2676 3569 2789 3608 non
2835 3563 3020 3622 potest
3039 3555 3201 3610 aliter
3223 3557 3438 3625 fallere,

1865 3652 2028 3706 quam
2052 3639 2098 3692 si
2135 3647 2321 3695 utatur
2343 3641 2411 3696 iis
2431 3656 2552 3711 quae
2584 3654 2715 3710 sunt
2743 3644 2951 3701 nostris
2965 3647 3217 3704 sensibus
3247 3656 3305 3704 et
3322 3665 3442 3704 mo-

1867 3729 2019 3784 ribus
2043 3729 2357 3786 familiaria.

1939 3821 2025 3877 79.
2059 3821 2268 3887 Utnos,
2287 3824 2379 3893 qui
2408 3838 2598 3880 sumus
2631 3826 2902 3892 homines,
2925 3843 3130 3887 avum
3154 3845 3283 3885 aere
3342 3848 3442 3886 vo-

1866 3912 2043 3968 lantes
2067 3915 2281 3983 assequi
2315 3930 2426 3969 non
2483 3932 2796 3987 possumus,
2827 3930 2942 3984 aut,
2981 3922 3442 3990 quemadmodum

1867 4004 1990 4071 illae,
2022 4020 2241 4060 sursum
2270 4007 2476 4072 volare,
2510 4023 2640 4064 cum
2672 4010 2812 4065 hanc
2845 4010 2953 4066 vim
3014 4021 3208 4068 natura
3255 4025 3442 4070 nostra

1866 4113 1978 4153 non
2032 4098 2282 4156 habeat:
2341 4101 2414 4155 ita
2489 4101 2609 4158 sine
2667 4103 2936 4172 frequenti
2967 4113 3022 4158 et
3072 4108 3444 4176 temperantia:

1869 4189 2027 4259 plena
2055 4188 2322 4254 oratione,
2346 4199 2441 4245 aut
2471 4192 2782 4248 vehementi
2826 4194 3110 4249 oculorum
3139 4198 3338 4252 mentis
3388 4199 3443 4251 in

1869 4280 2039 4335 Deum
2077 4282 2400 4347 intentione,
2457 4298 2568 4338 non
2598 4293 2754 4354 potes
2809 4285 3064 4340 fortuitas
3088 4288 3446 4358 cogitationes

1869 4372 2166 4428 diabolicas
2195 4388 2453 4443 superare
2483 4393 2496 4431 :
2537 4375 2624 4430 sin
2664 4376 2871 4440 minus,
2900 4386 3106 4432 terram
3138 4378 3321 4434 feries.

264 4470 339 4518 π’.
375 4465 438 4517 Εί
458 4462 675 4534 ἀληθῶς
711 4462 823 4534 ἀρα
870 4461 1188 4531 περιϐαλεῖν
1227 4461 1459 4533 αίσχύνῃ
1501 4461 1631 4525 τοὺς
1681 4460 1761 4514 λο·

1944 4463 2032 4518 80.
2065 4463 2313 4519 Profecto
2335 4465 2383 4519 si
2409 4480 2538 4520 vere
2570 4467 2725 4536 cupis
2761 4467 2983 4538 cingere
3010 4467 3222 4537 pudore
3288 4467 3440 4538 cogi-

186 4554 426 4623 γισμοὺς
455 4552 650 4620 θέλεις,
686 4553 778 4607 καὶ
812 4552 1104 4624 ἡσυχάζειν
1153 4552 1419 4623 εὐμενῶς,
1450 4552 1546 4607 καὶ
1574 4552 1768 4624 νήφειν

187 4646 260 4715 τῇ
290 4642 490 4714 καρδίᾳ
547 4642 686 4712 μετά
743 4641 1016 4709 εὐκολίας,
1057 4640 1230 4713 Ἰησοῦ
1273 4642 1404 4712 εὐχὴ
1453 4639 1768 4711 κολληθήτω

194 4735 264 4802 σῇ
317 4733 476 4802 πνοῇ,
527 4731 624 4784 καὶ
677 4732 738 4786 ὲν
786 4730 996 4802 ὀλίγαις
1048 4732 1287 4803 ἡμέραις
1315 4730 1600 4816 γινόμενον
1649 4728 1769 4799 ὕψει

187 4840 370 4877 τουτο.

269 4915 380 4971 πα’.
426 4915 513 4978 Ὠς
534 4916 643 4987 γάρ
672 4915 731 4969 ὲν
759 4915 886 4986 ἀέρι
919 4913 1226 4986 γράμματα
1254 4915 1314 4968 οὐ
1369 4914 1591 4968 δυνατὸν
1636 4931 1772 4984 γρα-

193 5007 367 5076 φῆναι
387 5022 400 5036 ⁸
441 5006 521 5059 δεῖ
545 5006 654 5079 γάρ
680 5005 824 5061 αὐτά
848 5006 928 5070 εῐς
975 5023 1030 5060 τι
1063 5007 1222 5077 σῶμα
1257 5006 1579 5076 στήσασθαι,
1620 5005 1770 5069 ὅπως

191 5098 264 5152 ἂν
291 5098 488 5171 διαρκῆ
520 5097 829 5162 σώζωνταιο
846 5097 989 5153 οὕτω
1009 5114 1075 5166 γε
1096 5101 1162 5168 τῇ
1186 5099 1405 5169 κοπηρᾷ
1429 5097 1588 5168 νήψει
1613 5096 1772 5167 ἡμῶν

191 5191 266 5259 τῇ
293 5190 427 5260 εὐχῇ
469 5187 647 5260 Ἰησοῦ
682 5187 922 5259 Χριστοῦ
961 5188 1344 5259 κολληθῶμεν,
1381 5190 1464 5242 ἵνα
1490 5191 1522 5260 ἡ
1553 5189 1650 5259 τῆς
1677 5207 1775 5260 νη-

194 5281 528 5349 φαλιὸτητος
559 5280 846 5350 πάγκαλος
871 5280 1065 5352 ἀρετὴ,
1092 5281 1318 5353 διαρκὴς
1352 5283 1449 5334 σὺν
1479 5281 1631 5353 αὐτῷ
1657 5281 1773 5334 δια-

200 5369 368 5441 μένῃ,
425 5369 522 5423 καὶ
557 5369 624 5424 δι’
669 5369 832 5424 αὐτοῦ
873 5371 1005 5441 ἡμῖν
1077 5373 1155 5434 είς
1229 5371 1403 5425 αίῶνα
1453 5369 1777 5441 διατηρῆται

196 5461 584 5534 ἀναφαίρετος.

277 5553 390 5624 πβ’.
420 5555 655 5610 Κύλισον
702 5554 796 5610 ἐπὶ
827 5555 1029 5627 Κύριον
1061 5557 1131 5611 τά
1164 5555 1302 5626 ἔργα
1333 5573 1452 5622 σου,
1489 5555 1582 5610 καὶ
1606 5556 1773 5628 εὑρή-

282 5735 330 5772 ¹⁶
354 5733 399 5792 ιι
428 5734 570 5791 Tim.
604 5750 666 5799 ιι,
687 5734 739 5790 6.
820 5735 860 5768 "
884 5733 1071 5790 Matth.
1095 5751 1184 5800 xv,
1213 5733 1297 5797 19,
1326 5734 1416 5790 '20.

1872 4552 2127 4616 taliones,
2159 4561 2214 4607 et
2244 4568 2340 4608 eas
2367 4553 2602 4626 benigne
2657 4570 3009 4626 componere,
3049 4567 3445 4628 temperantem

1873 4641 2036 4696 etiam
2057 4642 2299 4696 animum
2323 4641 2482 4698 facile
2528 4659 2866 4714 comparare,
2944 4647 3256 4716 deprecatio
3316 4648 3447 4703 Jesu

1873 4733 2149 4788 adhaereat
2176 4733 2458 4803 spirationi
2491 4744 2596 4790 tuae
2623 4746 2711 4791 :et
2750 4736 2854 4792 hoc
2891 4738 3034 4792 intra
3063 4753 3269 4808 paucos
3324 4738 3446 4793 dies

1876 4824 1992 4880 fieri
2018 4826 2334 4896 perspicies.

1943 4915 2032 4971 8i.
2065 4917 2135 4973 Ut
2155 4917 2300 4972 enim
2322 4919 2518 4975 littera:
2546 4921 2712 4977 scribi
2743 4932 3024 4992 nequeunt
3081 4923 3136 4977 in
3174 4937 3323 4986 aere,
3378 4937 3448 4977 eo

1873 5006 2019 5076 quod
2057 5006 2113 5060 in
2135 5021 2369 5077 corpore
2393 5009 2629 5078 quodam
2646 5025 2871 5064 necesse
2902 5011 3107 5066 habent
3149 5011 3450 5065 subsistere

1875 5106 1935 5152 ut
1955 5097 2227 5153 duratura:
2262 5107 2553 5155 serventur
2582 5115 2596 5151 ς
2623 5099 2700 5154 ita
2751 5115 2850 5170 per
2886 5100 3212 5155 laboriosam
3234 5108 3448 5168 tempe~

1878 5190 2111 5244 rantiam
2142 5200 2386 5245 nostram
2411 5191 2712 5261 precationi
2740 5191 2872 5246 Jesn
2926 5191 3129 5246 Christi
3177 5191 3450 5244 inhaerea-

1877 5296 1999 5336 mus
2025 5299 2039 5337 :
2067 5290 2127 5336 ut
2151 5284 2406 5351 praeclara
2426 5283 2597 5338 virtus
2621 5284 2997 5354 temperantia
3017 5297 3144 5338 cum
3179 5281 3302 5351 ipso
3321 5297 3450 5351 pcr-

1877 5373 2037 5428 duret
2063 5381 2118 5426 et
2156 5383 2389 5438 maneat,
2422 5383 2479 5428 et
2497 5390 2598 5443 per
2641 5375 2819 5444 ipsum
2875 5373 3037 5432 nobis
3094 5381 3450 5428 conservetur

1878 5465 1931 5520 in
1956 5465 2171 5530 saecula,
2206 5466 2338 5520 ades
2377 5476 2435 5520 ut
2462 5465 2663 5520 auferri
2697 5483 2804 5521 non
2828 5465 3020 5536 possit.

1949 5555 2036 5611 82.
2072 5555 2237 5613 Versa
2294 5557 2348 5610 in
2401 5555 2692 5614 Dominum
2747 5573 2912 5629 opera
2966 5569 3081 5624 tua,
3109 5565 3164 5613 et
3203 5555 3451 5612 invenies
