4142 6436
182 391 314 457 ἱ541

886 393 982 452 DE
1017 393 1560 453 TEMl‘EliANTlA
1592 395 1685 454 ΕΤ
1711 395 2072 460 ἮΙὶΤΗΤΕ.
2113 427 2180 438 -
2211 403 2600 468 CENTURIA
2633 409 2716 469 II.

3304 414 3442 479 1542

174 503 253 566 ὡς
284 505 342 556 τὸ
361 503 571 557 παιδίον
593 500 773 568 τοῦτο,
800 502 1182 569 ὑψωθήσεται
1213 518 1222 530 ·
1254 501 1427 569 ὑψῶν
1452 502 1519 554 δὲ
1547 503 1759 556 ἑαυτὸν

1869 511 2016 574 verit,
2051 510 2191 567 sicut
2229 515 2488 584 parvulus
2531 517 2655 579 iSte,
2695 520 3067 590 excitabitur:
3114 526 3203 594 qui
3263 540 3437 585 autem

175 595 786 663 umetrworjaetam—
805 595 933 648 Ἀπ’
955 595 1120 664 ἐμοῦ,
1151 596 1304 664 φησι,
1337 592 1570 663 μάθετε.
1603 596 1764 667 Ὁρᾷς

173 689 262 742 ὅτι
291 687 524 759 μάθησίς
557 688 704 740 ἐστιν
735 687 768 757 ἠ
803 686 1150 750 ταπείνωσις.
1188 688 1246 740 '0
1274 687 1347 756 μὴ
1369 689 1624 751 ταπεινὸς
1646 686 1763 756 οὖν,

173 779 282 850 τῆς
318 778 464 848 ζωῆς
489 775 862 848 ἀπωλίσθησε,
888 777 982 830 καὶ
1002 776 1246 842 ἐναντίος
1261 776 1505 847 δηλονότι
1532 779 1764 853 εὑρεθή-

176 887 357 924 σεται.

254 964 324 1030 η’.
361 960 424 1013 Ei
456 959 565 1031 γὰρ
615 960 769 1014 πᾶσα
799 959 971 1031 ἀρετὴ
1013 959 1102 1015 διὰ
1152 960 1334 1033 ψυχῆς
1359 963 1457 1016 ’.αὶ
1512 964 1767 1036 σώματος

177 1054 452 1118 κτίζεται.
484 1052 709 1123 Κτίσμα
735 1054 802 1107 δὲ·
844 1053 981 1107 Θεοῦ
1008 1055 1103 1109 καὶ
1134 1055 1164 1126 ἡ
1191 1054 1336 1126 ψυχὴ
1365 1055 1462 1110 καὶ
1489 1058 1548 1112 τὲ
1581 1059 1764 1130 σῶμα.

175 1145 251 1197 δι’
276 1138 350 1198 ὧν
382 1144 416 1214 ἡ
450 1141 643 1214 ἀρετὴ,
672 1143 748 1206 ὡς
775 1140 935 1213 ἔφην.
975 1142 1312 1211 συνίσταται,
1349 1145 1466 1210 πῶς
1484 1141 1576 1200 οῦν
1599 1148 1766 1219 ἀσχέ-

175 1252 291 1298 τως
322 1235 626 1305 μαινόμεθα
650 1233 739 1288 ἐπ’
763 1233 1066 1305 ἀλλοτρίοις
1115 1236 1345 1308 κόσμοις
1389 1239 1766 1309 κομπάζοντες

173 1324 360 1397 ψυχῆς
387 1343 445 1378 τε
478 1325 572 1380 καὶ
605 1325 898 1395 σώματος;
951 1328 1047 1382 καὶ
1077 1325 1488 1397 κενοδοεοῦντες
1541 1334 1766 1403 ἐπαιρό-

181 1417 352 1487 μεθα,
393 1417 489 1472 καὶ
535 1417 911 1487 ὑπερηφάνοις
961 1419 1038 1483 ὡς
1074 1421 1168 1474 ἐπὶ
1219 1422 1532 1494 καλαμίνης
1569 1426 1765 1496 ρἀδου

176 1509 515 1578 φυσώμενοι,
543 1508 947 1580 στηριζόμεθαο
978 1510 1055 1574 ὡς
1099 1513 1192 1565 καὶ
1222 1513 1314 1566 τὸν
1356 1515 1765 1586 ἀπειρομεγέθη

174 1599 316 1653 Θεὸν
334 1601 490 1670 ἡμῶν
507 1600 847 1672 διεγείρομεν
875 1601 967 1655 τὸν
993 1602 1372 1674 φρικτώτατον
1395 1605 1484 1658 διὰ
1508 1605 1605 1677 τὴν
1627 1607 1766 1676 ἄγαν

174 1691 340 1760 ἡμῶν
370 1691 602 1761 ἀνομίαν
631 1707 692 1744 τε
713 1692 808 1746 καὶ
848 1691 1054 1747 ἄνοιαν.
1088 1694 1305 1762 Κύριος
1359 1697 1767 1766 ὑπερηφάνοις

173 1779 611 1836 ἀντιτάσσεται
633 1796 649 1812 ⁸
685 1781 782 1836 καὶ
813 1783 933 1837 ἀντὶ
961 1781 1054 1835 τοῦ
1087 1783 1377 1853 μιμεῖσθαι
1412 1785 1504 1837 τὸν
1558 1787 1764 1858 Κύριον

1864 602 2092 669 seipsum
2127 603 2353 670 exultat,
2381 606 2747 663 humiliabitur
2776 612 2841 666 ".
2870 613 2913 665 A
2951 629 3060 680 me,
3113 615 3310 686 inquit,
3357 621 3440 674 di-

1865 691 2004 746 scite
2041 709 2053 746 :
2096 694 2272 759 vides,
2324 695 2685 769 humilitatem
2727 716 2850 757 esse
2887 703 3250 775 disciplinam.
3305 707 3439 764 Pro-

1865 791 2051 851 pterea
2074 784 2167 855 qui
2201 802 2311 840 non
2333 797 2420 843 est
2447 788 2696 858 humilis,
2760 794 2964 849 excidit
3013 812 3045 850 a
3089 798 3198 852 vita
3231 815 3245 850 :
3281 804 3441 870 quin-

1865 874 2027 929 etiam
2053 877 2362 933 contrarius
2400 877 2730 939 invenietur.

1935 966 2024 1022 90.
2047 966 2183 1022 Cum
2217 968 2401 1039 itaque
2426 969 2603 1027 virtus
2658 974 2835 1030 omnis
2891 976 3134 1047 corporis
3164 989 3220 1034 et
3243 981 3442 1037 anima:

1865 1053 2172 1111 ministerio
2194 1067 2436 1124 creetur,
2462 1059 2559 1114 Dei
2580 1077 2742 1132 porro
2771 1074 3036 1122 creaturae
3095 1067 3205 1122 sint
3259 1071 3438 1126 anima

1865 1153 1922 1199 et
1953 1159 2175 1216 corpus,
2196 1163 2429 1219 quorum
2469 1166 2633 1221 opera
2664 1154 2853 1219 virtus,
2910 1166 2970 1211 ut
3001 1158 3136 1226 dixi,
3169 1160 3440 1224 subsistit.

1863 1233 2139 1302 quomodo
2168 1250 2281 1292 non
2307 1237 2726 1296 intolerabiliter
2755 1244 3084 1312 insanimus,
3119 1247 3187 1303 de
3248 1251 3442 1306 alienis

1868 1326 2114 1396 corporis
2135 1337 2191 1383 et
2217 1330 2413 1385 animae
2433 1335 2773 1390 ornamentis
2803 1337 3130 1407 gloriantes?
3156 1339 3303 1396 Vana
3326 1344 3443 1414 glo-

1865 1416 1945 1471 ria
2002 1418 2128 1474 elati
2154 1427 2211 1474 et
2247 1420 2438 1487 inﬂati,
2473 1426 2766 1494 superbia,
2816 1429 2962 1483 velut
3008 1425 3200 1487 baculo
3222 1434 3444 1487 arundi-

1865 1524 1989 1575 neo,
2019 1511 2309 1567 innitimur
2340 1531 2352 1568 :
2392 1524 2557 1585 atque
2585 1533 2696 1586 prae
2724 1519 3014 1590 iniquitate
3060 1533 3114 1577 et
3160 1524 3439 1580 dementia

1862 1610 2070 1664 nostra,
2134 1603 2627 1661 borrendissimum
2693 1608 2844 1664 illum
2899 1621 3155 1680 tanquam
3214 1615 3440 1670 infinite

1865 1693 2256 1762 magnitudinis
2289 1695 2459 1751 Deum
2507 1708 2757 1754 nostrum
2815 1703 3138 1759 excitamus.
3186 1705 3442 1760 Dominus

1865 1784 2098 1850 superbis
2121 1786 2315 1840 resistit
2349 1788 2416 1845 ".
2439 1790 2506 1843 Et
2537 1805 2659 1844 cum
2689 1792 3201 1850 imitariDominum
3249 1797 3302 1850 in
3338 1797 3441 1850 hu-

175 1875 237 1924 ἐν
270 1870 621 1939 ταπεινώσει,
651 1871 730 1943 τῷ
777 1873 872 1927 τοῦ
901 1874 1110 1944 Κυρίου
1139 1874 1399 1946 δυσμενεῖ
1433 1876 1759 1948 φιλιούμεθα

1867 1871 2095 1925 militate
2131 1873 2478 1941 deberemus,
2504 1891 2630 1931 cum
2673 1878 2896 1934 inimico
2935 1881 3148 1936 Domini
3200 1887 3441 1955 superbo

175 1963 519 2034 ὑπερηφάνῳ
561 1963 795 2034 δαίμονι,
856 1964 920 2018 ἐκ
962 1965 1240 2029 κενοδόξου
1285 1967 1378 2019 καὶ
1411 1965 1762 2039 ὑπερηφάνου

175 2055 532 2126 φρονήματος
551 2070 565 2086 ⁸
597 2055 787 2108 τούτου
810 2054 918 2126 γὰρ
945 2055 1131 2109 ἕνεκεν
1162 2056 1348 2125 ἔλεγεν
1368 2061 1395 2112 ό
1415 2059 1760 2124 Ἀπόστολοςο

181 2147 245 2198 Τί
277 2146 388 2217 γὰρ
413 2146 595 2214 ἔχεις,
633 2148 816 2216 φησὶν,
871 2146 902 2200 ὃ
930 2150 1040 2202 οὐκ
1065 2149 1277 2216 ἔλαϐες
1305 2150 1424 2204 ἀπὸ
1452 2152 1635 2216 Θεοῦ;
1689 2154 1763 2224 μὴ

176 2240 244 2291 σὺ
264 2239 469 2292 »σαυτὸν
499 2237 756 2306 hunc;
787 2239 850 2294 Εἰ
876 2239 932 2294 δὲ
961 2239 1121 2310 σῶμα
1150 2243 1245 2294 καὶ
1265 2241 1444 2313 ψυχὴν
1474 2243 1532 2309 ἐξ
1563 2237 1639 2299 ὧν
1670 2247 1764 2300 καὶ

174 2332 237 2382 ὲν
265 2325 346 2395 οἷς
369 2331 462 2385 καὶ
491 2331 561 2384 δι’
586 2325 662 2387 ὧν
698 2333 847 2386 πᾶσα
881 2333 1051 2404 ἀρετὴ
1085 2333 1422 2401 συνίσταται,
1453 2337 1604 2409 παρά
1628 2338 1762 2392 Θεοῦ

173 2421 392 2486 ἕλαδες,
423 2422 480 2476 τι
507 2423 813 2492 καυχᾶσαι
841 2424 922 2491 ὡς
948 2423 1034 2495 μὴ
1059 2423 1259 2480 λαϐὼν
1274 2442 1294 2492 ;
1320 2426 1520 2500 Κύριος
1547 2429 1656 2501 γάρ
1681 2447 1762 2484 σοι

173 2515 202 2566 ὀ
234 2512 362 2566 τάδε
394 2513 572 2585 δωροῦ
580 2531 762 2585 μενος.

248 2700 361 2762 ιιαν.
389 2696 600 2760 Ἀλλως
623 2696 723 2750 οὐκ
761 2695 889 2752 ἀλλο
915 2695 967 2750 τί
1000 2696 1116 2750 ὲστι
1143 2698 1488 2770 καθαρισμὸς
1510 2699 1759 2772 καρδίας,

171 2788 242 2840 δι’
280 2779 342 2840 οὗ
369 2787 463 2841 καὶ
490 2789 821 2852 ταπείνωσις
861 2788 957 2842 καὶ
989 2788 1197 2858 ἀγαθὸν
1225 2789 1372 2844 ἅπαν
1400 2792 1458 2845 ἐν
1506 2793 1637 2862 ἡμῖν
1668 2794 1759 2846 εὑ-

177 2878 428 2948 ρίσκεται
465 2879 792 2934 καταϐαῖνον
845 2877 1074 2946 ἀνωθεν,
1139 2882 1187 2932 εί
1239 2880 1407 2950 μὴτὸ
1461 2882 1584 2952 μηδ’
1618 2882 1757 2946 ὅλως

174 2971 528 3040 παραχωρεῖν
555 2968 682 3033 τοὺς
711 2968 1007 3042 λογισμοὺς
1028 2969 1444 3042 προκύπτοντας
1473 2971 1756 3027 εἰσελθεῖν.

242 3147 354 3218 ιιβν.
382 3145 521 3210 Νοδς
548 3147 656 3218 γάρ
687 3148 902 3219 φυλακὴ
931 3148 1028 3202 σὺν
1049 3148 1168 3218 Θεῷ
1200 3150 1296 3202 καὶ
1312 3148 1399 3202 διὰ
1426 3152 1591 3220 μόνου
1619 3149 1755 3204 Θεοῦ

1866 1963 2111 2018 daemone
2186 1967 2543 2023 conciliamus
2586 1970 2880 2027 amicitiam
2924 1990 2938 2027 :
3006 1989 3071 2028 eo
3119 1976 3263 2043 quod
3302 1992 3441 2031 vane

1865 2053 2099 2124 gloriosa
2125 2066 2179 2110 et
2213 2060 2484 2128 arroganti
2520 2059 2782 2130 opinione
2829 2063 3100 2118 ducimur.
3131 2064 3241 2120 llac
3282 2083 3440 2120 nam-

1863 2160 1968 2214 que
2009 2145 2077 2201 de
2115 2161 2281 2202 causa
2338 2150 2634 2218 Apostolus
2687 2151 2863 2207 dixit:
2911 2153 3049 2219 Quid
3094 2157 3250 2210 habes
3304 2159 3454 2228 quod

1865 2250 1967 2288 non
1987 2237 2234 2306 accepisti
2262 2255 2293 2291 a
2321 2238 2427 2292 Deo
2445 2240 2524 2293 ὀἳ
2547 2241 2688 2296 Num
2708 2251 2764 2298 tu
2783 2245 3015 2314 teipsum
3034 2247 3228 2301 creasti
3245 2248 3267 2301 ’ί
3283 2247 3440 2314 Quod

1864 2323 1909 2378 si
1943 2339 2140 2394 corpus
2161 2336 2214 2380 et
2237 2327 2497 2394 animam,
2527 2345 2593 2385 ex
2623 2331 2841 2402 quibus,
2902 2334 2956 2388 in
2989 2336 3209 2405 quibus,
3239 2348 3293 2393 et
3342 2353 3443 2409 per

1862 2430 1983 2486 qua
2009 2417 2257 2472 consistit
2285 2419 2462 2473 omnis
2494 2420 2689 2488 virtus,
2745 2437 2776 2476 a
2808 2422 2921 2478 Deo
2947 2426 3226 2495 acceperis
3252 2468 3266 2492 ,
3313 2427 3444 2498 quid

1861 2508 2131 2578 gloriaris.
2165 2513 2316 2581 quasi
2352 2528 2454 2565 non
2479 2515 2839 2582 acceperis"?
2868 2514 3130 2571 Dominus
3154 2516 3297 2572 enim
3335 2528 3438 2585 est,

1864 2597 1951 2666 qui
1978 2597 2070 2651 tibi
2100 2598 2202 2654 ista
2223 2600 2449 2669 largitus
2473 2609 2574 2655 est.

1933 2689 2024 2744 91.
2067 2689 2220 2744 Nulla
2252 2707 2479 2761 prorsus
2502 2703 2586 2749 est
2613 2694 2715 2750 alia
2743 2697 2926 2752 cordis
2950 2699 3290 2770 expurgandi
3359 2717 3440 2756 ra-

1863 2779 1962 2845 tio,
1997 2797 2101 2851 qua
2129 2792 2184 2838 et
2224 2785 2584 2840 humilitatem
2605 2796 2660 2842 et
2686 2803 2849 2843 omne
2894 2790 3100 2844 bonum
3132 2808 3162 2847 e
3190 2793 3440 2862 supernis

1861 2871 1918 2926 in
1948 2889 2050 2929 nos
2087 2875 2420 2933 descendere
2467 2881 2856 2950 comperimus,
2914 2898 3076 2952 quam
3135 2885 3197 2954 si,
3232 2885 3438 2942 nullum

1861 2959 2057 3015 demus
2084 2963 2243 3031 plane
2270 2964 2452 3019 locum
2471 2966 2897 3038 cogitationibus
2931 2971 3072 3025 ostio
3101 2970 3438 3026 imminenti-

1862 3049 1981 3104 bus.

1931 3159 2018 3215 92.
2048 3160 2304 3218 Custodia
2334 3165 2482 3219 enim
2507 3166 2729 3232 mentis,
2756 3183 2899 3238 quae,
2951 3171 3064 3228 Deo
3105 3173 3325 3230 favente
3384 3187 3434 3232 et

176 3238 236 3290 ὲν
267 3213 411 3309 ilium
447 3213 807 3310 ἐγχρονίσασα
837 3213 1099 3310 φρόνησιν
1125 3213 1405 3310 παράσχει
1427 3213 1513 3336 τῷ
1545 3243 1754 3336 ηγεμο-

1939 3213 1989 3215 η
2061 3213 2304 3218 -.ηπ-ψ
2339 3213 2482 3219 --__-_
2509 3213 2729 3232 -_------,
2758 3213 2899 3238 νην,
2952 3213 3064 3228 ..νυ
3106 3213 3324 3230 ...ηηηυ
3384 3213 3434 3232 υ.

1863 3249 1954 3305 Dei
1983 3253 2151 3308 solius
2188 3255 2410 3323 auxilio,
2438 3268 2754 3327 perseverat
2786 3260 2842 3314 in
2882 3263 3083 3332 anima,
3115 3268 3439 3336 sapientiam

175 3325 311 3396 νικῷ
338 3331 395 3379 ιν
453 3330 568 3391 τοῖς
598 3327 740 3381 κατὰ
785 3327 919 3382 Θεὸν
952 3327 1363 3399 ἀγωνίσμασιν·
1406 3330 1506 3382 οὐκ
1562 3329 1753 3402 ὀλίγην

174 3417 231 3471 δὲ
263 3419 558 3489 ίκανότητα
580 3418 656 3489 τῷ
689 3419 900 3490 μετόχῳ
929 3421 1188 3492 χορηγεῖ,
1225 3420 1283 3473 ὲν
1311 3420 1390 3492 τῷ
1441 3424 1757 3493 οἰκονομεῖν

173 3510 244 3565 τά
271 3508 406 3579 ἔργα
439 3511 534 3564 καὶ
558 3511 686 3574 τοὺς
722 3511 915 3580 λόγους
942 3513 1000 3565 ἐν
1026 3510 1206 3584 κρίσει
1247 3513 1586 3568 εὐαπόδεκτα
1615 3514 1757 3569 κατά

175 3600 402 3674 Κύριον.
1308 3657 1312 3662 .

245 3697 352 3762 ἥγ’.
379 3693 460 3747 Τά
485 3693 578 3747 τοῦ
611 3695 801 3766 ἱερέως
851 3694 987 3765 δῆλα
1047 3696 1106 3750 ιν
1161 3695 1240 3767 τῷ
1292 3696 1506 3768 παλαιῷ
1555 3714 1758 3768 προτυ-

175 3784 412 3852 πώματα
446 3785 670 3854 καρδίας
725 3785 974 3856 καθαρᾶς
1017 3786 1284 3858 ὑπῆρχον,
1321 3788 1407 3841 ἵνα
1440 3788 1534 3841 καὶ
1593 3790 1758 3859 ἡμεῖς

176 3875 503 3946 πρόσχωμεν
520 3876 596 3946 τῷ
624 3877 722 3946 τῆς
744 3877 973 3947 καρδίας
1003 3876 1241 3948 πετάλῳ,
1267 3878 1466 3950 μήπως
1488 3878 1546 3943 ἐξ
1577 3880 1756 3951 ἀμαρ-

172 3964 295 4027 τίας
350 3965 748 4034 μεμελάνωται,
784 3965 874 4020 ἶνα
927 3965 1158 4035 δάκρυσι
1207 3967 1303 4020 καὶ
1337 3969 1630 4039 μετανοίᾳ,
1661 3969 1757 4023 καί⁵

175 4058 450 4127 προσευχῇ
479 4057 911 4128 ἀποσμήχωμεν.
959 4057 1196 4112 Εὗκολον
1218 4059 1326 4128 γάρ
1371 4076 1424 4112 τι
1451 4060 1686 4130 πρᾶγμα
1727 4062 1756 4115 ό

175 4147 322 4214 νοῦς,
353 4149 448 4202 καὶ
479 4149 614 4219 πρὸς
635 4150 731 4213 τὰς
754 4148 988 4219 ἀνόμους
1017 4149 1347 4221 ἐνθυμήσεις
1369 4149 1755 4220 δησκάθεκτον,

171 4239 374 4306 ὁμοίως
395 4242 592 4304 κακαῖς
612 4255 671 4291 τε
695 4239 788 4292 καὶ
811 4239 1044 4308 ἀγαθαῖς
1069 4240 1396 4309 φαντασίαις
1415 4241 1756 4311 λογιστικαῖς

173 4331 412 4395 εὐκόλως
439 4329 856 4396 ὲξακολουθοῦν.

248 4422 351 4489 ιδ’.
387 4423 678 4494 Μακάριος
713 4424 882 4487 ὄντως
932 4417 976 4492 ᾧ
1021 4423 1165 4477 οὕτω
1201 4424 1529 4496 κεκόλληται
1580 4425 1757 4497 Ἰησοῦ

1860 3352 2139 3413 comparat
2166 3345 2466 3401 intellectui
2501 3348 2869 3420 principatum
2898 3354 3195 3422 obtinenti,
3221 3358 3274 3412 in
3317 3375 3439 3414 cer-

1859 3433 2155 3488 taminibus
2188 3434 2278 3491 Dei
2309 3446 2446 3492 nutu
2465 3439 2736 3505 ineundis,
2764 3443 2988 3514 ejusque
3016 3449 3277 3506 custodiae
3311 3467 3438 3521 par-

1860 3523 2033 3593 ticipi,
2070 3525 2458 3583 sulIicientiam
2519 3545 2627 3585 non
2660 3533 2930 3589 modicam
2979 3549 3218 3606 praestat,
3251 3541 3304 3595 in
3351 3559 3437 3598 re-

1857 3612 1960 3670 bus
1989 3620 2044 3669 et
2067 3619 2410 3674 sermonibus
2455 3620 2566 3676 Deo
2598 3622 2764 3694 gratis
2792 3640 2915 3679 cum
2944 3627 3147 3696 judicio
3165 3633 3433 3701 regendis.

1929 3705 2018 3760 95.
2057 3706 2341 3764 Pontificis
2392 3724 2716 3769 ornamenta
2760 3715 2815 3770 in
2850 3715 3034 3772 Veteri
3085 3719 3438 3780 Testamento

1859 3797 2169 3866 manifesta,
2215 3809 2372 3856 erant
2395 3814 2701 3872 prmeuntes
2720 3807 2902 3862 cordis
2947 3811 3068 3880 puri
3105 3810 3324 3883 ﬁgurae:
3379 3825 3438 3871 ut

1859 3893 1915 3941 et
1936 3900 2038 3940 nos
2069 3887 2327 3944 laminam
2360 3892 2542 3946 cordis
2575 3894 2932 3952 observemus
2969 3914 3039 3953 ne
3090 3900 3200 3956 ullo
3274 3905 3436 3959 modo

1860 3974 2137 4047 nigrescat
2160 3989 2384 4048 peccato
2418 3982 2551 4036 :sed
2582 3983 2956 4057 abstergamus
3000 3988 3128 4044 illud
3163 3991 3434 4062 lacrymis,

1858 4066 2180 4137 poenitentia
2231 4079 2285 4124 et
2306 4071 2570 4127 oratione.
2607 4073 2757 4129 Mens
2786 4077 2932 4131 enim
2970 4095 3056 4133 res
3082 4090 3165 4135 est
3189 4085 3434 4150 quaadam

1857 4157 2091 4225 lubrica,
2149 4176 2270 4230 qua}
2317 4178 2426 4217 non
2454 4163 2612 4220 facile
2659 4178 2946 4222 coercetur
2974 4171 3043 4224 ab
3066 4171 3266 4242 iniquis
3305 4175 3444 4231 con!

1858 4250 2201 4320 ceptionibus
2237 4267 2248 4302 :
2293 4255 2551 4324 nulloque
2573 4258 2790 4328 negotio
2811 4260 2982 4314 bonas
3020 4271 3075 4317 et
3102 4264 3272 4319 malas
3301 4267 3435 4322 ima-

1857 4340 2169 4411 ginationes
2205 4343 2458 4398 rationali
2485 4346 2624 4415 parti
2645 4347 2888 4416 objectas
2911 4350 3141 4418 perinde
3164 4360 3425 4410 Sectatur.

1928 4429 2016 4484 94.
2076 4429 2326 4488 Profecto
2368 4434 2561 4490 beatus
2621 4447 2707 4492 est
2737 4438 2846 4499 ille,
2889 4440 2976 4494 cui
3006 4442 3085 4498 sic
3107 4443 3348 4501 adliaaret
3377 4449 3431 4502 in

174 4511 303 4581 εὐχὴ
351 4513 408 4564 εν
443 4512 673 4584 διανοίᾳ,
709 4513 804 4565 καὶ
857 4514 1027 4581 φωνεῖ
1084 4513 1247 4566 αὐτὸν
1295 4513 1660 4579 ἀδιαλείπτως
1694 4517 1753 4569 ὲν

1861 4517 2045 4572 animo
2097 4517 2412 4589 deprecatio
2443 4521 2594 4586 Jesu,
2635 4532 2688 4578 et
2732 4526 2822 4595 qui
2848 4526 2966 4582 sine
3021 4529 3432 4591 intermissione

172 4601 386 4672 καρδίᾳ,
419 4600 609 4670 ὥσπερ
643 4601 848 4669 ἥνωται
872 4603 899 4655 ό
929 4601 1038 4671 ἀὴρ
1077 4602 1190 4664 τοῖς
1211 4601 1370 4692 ἡμῶν
1411 4601 1677 4674 σώμασιν,
1714 4604 1751 4676 ἦ

1861 4618 2084 4664 resonat
2104 4609 2280 4680 ipsum
2305 4611 2360 4665 in
2386 4614 2570 4677 corde,
2606 4614 2753 4671 sicut
2773 4617 2960 4671 unitur
2979 4634 3073 4674 aer
3111 4627 3432 4692 corporibus

176 4690 249 4751 ὠς
289 4689 418 4757 φλὸξ
452 4690 628 4761 κηρῷ.
660 4687 771 4743 Καὶ
798 4691 1147 4761 διερχόμενος
1178 4692 1278 4761 μὲν
1303 4691 1454 4763 ἥλιος
1485 4694 1624 4766 ὑπὲρ
1649 4695 1754 4766 γῆν

176 4784 390 4852 ποιήσει
445 4782 658 4853 ἡμέραν
679 4801 693 4814 ο
740 4781 801 4835 τὸ
833 4782 889 4835 δὲ
941 4783 1152 4852 Κυρίου
1183 4783 1364 4853 Ἰησοῦ
1391 4784 1547 4852 ἀγιον
1580 4786 1750 4857 δνομα

175 4875 263 4926 καὶ
293 4873 588 4944 σεδάσμιον
620 4876 679 4927 ὲν
702 4873 912 4947 διανοίᾳ
947 4874 1164 4944 λάμπον
1202 4877 1270 4946 τῇ
1311 4877 1585 4948 συνεχείᾳ,
1626 4893 1749 4946 γεν-

175 4966 322 5034 νήσει
356 4963 760 5036 εὐαριθμήτους
791 4965 1074 5037 ήλιοειδεῖς
1099 4965 1332 5031 ἑννοίας.

246 5146 348 5210 ιιε’.
382 5141 489 5195 Καὶ
509 5139 1005 5194 διασκεδασθέντων
1055 5141 1154 5212 μὲν
1183 5143 1380 5212 νεφῶν,
1413 5143 1520 5216 ἀὴρ
1569 5146 1744 5201 καθα-

173 5233 263 5302 ρδς
296 5233 590 5288 δείκνυται.
642 5233 940 5286 Φαντασίαι
968 5232 1025 5285 δὶ
1053 5233 1158 5286 ὑπὸ
1185 5234 1279 5288 τοῦ
1319 5233 1500 5289 Ἠλίου
1532 5236 1633 5307 τῆς
1665 5237 1746 5292 δι-

169 5325 463 5393 καιοσύνης
484 5326 662 5395 Ἰησοῦ
689 5325 927 5398 Χριστοῦ
960 5326 1426 5381 διασκεδασθεῖσαι
1457 5328 1554 5381 καὶ
1589 5328 1744 5383 λεαν-

1858 4700 2083 4763 nostris,
2141 4710 2235 4754 aut
2274 4699 2490 4757 ﬂamma
2527 4705 2788 4760 candelae.
2821 4704 2911 4760 Sol
2937 4708 3119 4778 itaque
3148 4715 3425 4771 transiens

1856 4803 2018 4859 supra
2059 4797 2279 4856 terram,
2347 4790 2490 4846 diem
2553 4793 2748 4848 elliciet
2781 4812 2795 4847 :
2827 4807 3078 4853 sanctum
3132 4811 3314 4857 autem
3369 4822 3429 4859 ac

1854 4879 2216 4934 reverendum
2246 4878 2457 4936 Domini
2486 4882 2614 4937 Jesu
2632 4899 2853 4952 nomen,
2872 4888 3121 4944 relucens
3149 4893 3203 4945 in
3225 4905 3426 4958 mente,

1854 4967 2211 5039 contiguitate
2243 4983 2340 5024 sua
2372 4970 2823 5040 innamerabiles,
2885 4976 3014 5031 solis
3042 4977 3215 5034 instar
3243 4982 3426 5051 splen-

1854 5059 2067 5123 dentes,
2098 5061 2402 5128 procreabit
2431 5065 2838 5132 conceptiones.

1922 5147 2011 5204 95.
2049 5149 2115 5204 Et
2144 5150 2418 5222 dissipatis
2446 5153 2666 5223 quidem
2688 5156 2924 5212 nubibus
2953 5174 3047 5213 aer
3076 5173 3302 5232 apparet
3327 5181 3425 5234 pu-

1854 5253 1949 5294 rus
1983 5256 1996 5292 :
2031 5239 2313 5294 illusiones
2342 5249 2525 5296 autem
2555 5244 2623 5298 ab
2648 5243 2777 5298 Jesu
2810 5245 3027 5302 Christo
3050 5248 3176 5305 Sole
3200 5251 3423 5320 justitizn

1851 5329 2126 5399 dissipatae
2163 5341 2218 5384 et
2256 5332 2468 5398 deletae,
2516 5349 2579 5388 ex
2632 5335 2892 5392 universo
2919 5342 3120 5394 mentis
3142 5356 3268 5396 aere
3327 5360 3423 5413 per

171 5413 364 5480 θεῖσαι,
395 5418 684 5488 φεγγοειδῆ
719 5419 812 5471 καὶ
833 5418 1147 5489 ἀστεροειδῆ
1180 5421 1425 5489 νοήματα
1447 5420 1744 5488 γεννᾶσθαι

1861 5417 2035 5474 Iesum
2080 5419 2372 5487 illustrato,
2399 5423 2577 5478 solent
2601 5423 2654 5477 in
2680 5440 2741 5478 ea
2772 5428 3075 5495 producere
3108 5434 3395 5501 conceptio

169 5504 228 5557 ὲν
255 5506 451 5577 καρδίᾳ
479 5507 544 5559 ὲκ
573 5508 771 5572 παντὸς
805 5507 1080 5577 πεφύκασι
1109 5508 1204 5562 τοῦ
1238 5510 1398 5580 ἀέρος
1456 5511 1625 5582 αὐτῆς
1652 5511 1740 5567 διὰ

1861 5524 1951 5563 nes
1980 5511 2311 5579 splendidas,
2337 5523 2393 5567 et
2421 5523 2689 5568 astrorum
2745 5519 2985 5586 speciem
3016 5535 3128 5589 pra»
3152 5535 3210 5574 se
3239 5521 3422 5576 feren-

169 5589 342 5665 Ἰησοῦ
371 5597 729 5664 φωτισθέντος
751 5613 766 5628 ⁸
796 5598 931 5669 φησὶ
976 5598 1085 5670 γὰρ
1111 5597 1141 5649 ὀ
1165 5599 1600 5673 Ἐκκλησιαστὴς
1626 5619 1640 5633 ’
1672 5605 1737 5657 οι

1861 5614 1947 5654 μθε.
1973 5600 2104 5656 Nam
2140 5602 2216 5656 ait
2243 5601 2593 5661 Ecclesiastes
2625 5621 2638 5659 :
2701 5605 2802 5672 Qui
2839 5608 3087 5678 ﬁduciam
3118 5611 3310 5667 habent
3361 5613 3417 5668 in

240 5769 747 5842 “Lusum”.
824 5785 868 5817 η
894 5785 1004 5841 Jac.
1036 5803 1105 5851 IV,
1131 5786 1183 5839 «ι.
1236 5760 1306 5819 ἠ
1355 5785 1523 5840 lcor.
1561 5790 1720 5853 w,7.
1800 5790 1845 5821 ι’
1871 5788 2004 5842 ibid.
