4142 6436
723 359 860 427 1543

1919 336 2276 405 HESYCIIII
2308 333 2406 395 PR
2418 334 2750 400 ESBYTER
2763 337 2787 398 Ι

3895 330 4022 406 154i

724 468 973 532 Domino,
1007 465 1297 533 intelligent
1331 461 1628 520 veritatem,
1680 464 1728 508 et
1779 454 1867 522 qui
1897 451 2073 521 ﬁdem
2097 456 2217 503 sunt
2249 445 2304 498 in

2411 445 2758 506 πεποιθότες
2791 443 2889 497 ἐπὶ
2921 445 3161 512 Κύριον,
3225 444 3614 511 συνήσουσιν
3666 441 4024 508 ἀλήθειαν·

718 558 1020 621 dilectione,
1060 552 1440 625 permanebunt
1486 551 1540 603 in
1573 564 1632 603 eo
1661 547 1729 600 ”.
1751 544 1855 599 Cui
1890 542 2058 616 gloria
2100 541 2153 594 in
2193 553 2299 592 sa:-

719 651 862 707 cula.
893 649 1085 703 Amen.

792 739 882 794 96.
913 735 1356 792 Prmcedentibus
1389 732 1608 804 quidem
1658 728 2025 791 sermonibus,
2053 738 2191 795 quos
2244 723 2300 777 in

721 832 897 901 prima
918 840 973 886 et
994 830 1234 885 secunda
1257 825 1525 882 centuriis
1549 823 1864 885 habuimus,
1902 827 2170 889 quantum
2195 816 2302 869 ela-

720 923 1023 979 borandum
1062 921 1153 987 sit,
1186 936 1284 990 pro
1307 932 1458 972 sacra
1488 915 1690 971 mentis
1711 913 1894 984 quiete
1915 908 2298 980 comparanda,

721 1013 1158 1083 descripsimus:
1235 1026 1344 1064 nou
1400 1009 1553 1062 velut
1578 1005 1778 1077 ingenii
1809 1003 1984 1058 nostri
2032 1001 2302 1055 culturam

720 1107 916 1167 solam,
950 1106 1042 1158 sed
1074 1116 1416 1172 quaecunque
1461 1098 1630 1154 divini
1666 1109 1948 1150 sermones
1971 1092 2192 1147 Palmm
2217 1092 2304 1145 di-

722 1197 849 1251 vina
907 1195 1240 1264 sapientium
1301 1209 1400 1247 nos
1445 1192 1642 1245 docent
1689 1188 1758 1244 de
1800 1186 2039 1258 puritate
2079 1185 2301 1240 mentis.

721 1289 840 1343 .lam
865 1303 1016 1348 vero,
1043 1285 1132 1342 ubi
1165 1285 1351 1354 paucis
1380 1283 1579 1346 verbis,
1606 1280 1785 1351 quoad
1830 1279 1946 1334 ﬁeri
1975 1287 2178 1348 potest,
2207 1277 2305 1331 de-

726 1377 1213 1433 monstnverimus
1268 1383 1532 1443 quantum
1591 1371 1800 1424 oriatur
1831 1369 2044 1423 lucrum
2073 1383 2137 1421 ex
2169 1383 2305 1422 con-

725 1469 950 1523 servatit
967 1481 1034 1518 ne
1057 1473 1276 1524 mentis,
1303 1463 1464 1516 finem
1491 1460 1707 1515 dicendi
1746 1459 2031 1512 faciemus.

797 1559 885 1612 97.
916 1556 1072 1624 Quod
1101 1562 1372 1624 superest,
1420 1552 1707 1615 adesdum,
1741 1552 2054 1619 quicunque
2113 1548 2305 1614 fueris,

726 1661 784 1707 et
823 1665 1052 1721 sequere
1101 1663 1208 1710 me,
1271 1647 1337 1699 ad
1383 1643 1806 1714 contingendam
1847 1642 2061 1695 beatam
2107 1640 2308 1695 mentis

728 1739 1223 1799 conservationem,
1251 1740 1518 1802 exaptans
1550 1733 1603 1783 in
1636 1729 1832 1800 spiritu
1856 1729 1976 1782 dies
2003 1728 2189 1781 videre
2211 1728 2309 1782 bo—

2397 535 2496 588 καί
2530 536 2584 587 οι
2613 535 2814 588 πιστοί
2865 535 2934 587 ἐν
2957 534 3160 605 ἀγάπῃ
3200 533 3664 604 προσμενοῦσιν
3720 531 3933 597 αὐτῷ.
3991 534 4028 585 Ω

2400 629 2434 698 ἡ
2456 627 2583 691 δόξα
2609 628 2689 690 είς
2719 628 2844 689 τοὺς
2870 626 3093 690 αἰῶνας.
3121 628 3315 698 Ἀμήν.

2474 725 2590 785 ις’.
2615 720 2708 772 Ἑν
2746 720 2847 788 μὲν
2871 722 2986 783 τοῖς
3004 719 3228 772 ὄπισθεν
3250 719 3428 786 λόγοις
3448 719 3562 781 τοῖς
3591 717 3660 769 ἐν
3696 714 3917 786 πρώτῃ
3941 717 4028 767 καὶ

2401 807 2633 882 δευτέρᾳ
2677 807 3032 871 ἐκατοντὰδι,
3095 808 3223 868 τοὺς
3267 806 3367 877 τῆς
3424 807 3576 876 ἱερᾶς
3616 801 3716 857 νοῦ
3787 801 4026 871 ἡσυχίας

2403 905 2599 967 πόνους
2629 900 3021 971 συνετάξαμεν,
3075 900 3196 970 οὐχὶ
3230 897 3499 968 γεώργιον
3527 896 3637 965 τῆς
3685 892 3854 963 ἐμῆς
3915 892 4028 943 δια-

2403 997 2553 1060 νοίας
2577 995 2762 1066 μόνον,
2796 993 2914 1049 ἀλλ’
2937 994 3083 1065 ᾇπερ
3110 993 3208 1045 καὶ
3228 991 3278 1043 oi
3307 991 3418 1044 τῶν
3445 989 3748 1058 θεοσόφων
3773 986 4027 1055 Πατέρες

2402 1089 2748 1144 διδάσκουσιν
2775 1089 2922 1160 ἡμᾶς
2949 1087 3083 1141 θεῖοι
3111 1087 3260 1155 λόγοι
3289 1086 3417 1156 περὶ
3446 1083 3540 1137 νοῦ
3592 1080 4020 1152 καθαρότητος.

2405 1183 2517 1238 Νῦν
2538 1184 2595 1236 δέ
2631 1182 2806 1254 μικρὰ
2839 1181 3085 1243 εἰπόντες
3104 1181 3230 1234 ὅσον
3261 1179 3429 1243 δεῖξαι
3457 1176 3520 1231 τὸ
3553 1177 3769 1248 κέρδος
3799 1174 3914 1245 τῆς
3939 1173 4024 1226 τοῦ

2404 1274 2496 1328 νοῦ
2519 1273 2791 1345 φυλακῆς,
2818 1255 2914 1327 τοῦ
2938 1272 3121 1339 λέγειν
3144 1269 3492 1342 παυσόμεθα.

2477 1546 2586 1614 ιιξν.
2612 1544 2787 1618 Δεῦρο
2809 1545 2874 1616 δὴ
2900 1544 3087 1598 λοιπὸν
3109 1541 3392 1598 ἁκολοῦθει
3416 1557 3510 1611 μοι
3536 1539 3689 1612 πρὸς
3737 1538 3860 1606 τὴν
3914 1553 4026 1589 συν-

2407 1639 2603 1706 άφειαν
2655 1638 2755 1706 τῆς
2814 1625 3090 1705 μακαρίας
3120 1633 3212 1686 τοῦ
3267 1631 3360 1686 νοῦ
3408 1631 3737 1701 τηρήσεως,
3784 1629 3945 1688 ὅστις
3971 1627 4024 1678 ἂν

2407 1731 2546 1799 είης,
2582 1727 2677 1781 καὶ
2706 1726 2986 1779 ἐπιποθῶν
3033 1727 3092 1778 ἐν
3123 1724 3398 1794 πνεύματι
3428 1722 3658 1792 ἡμέρας
3720 1720 3870 1772 ἰδεῖν
3901 1720 4024 1783 ἁγα-

726 1845 828 1886 nos
860 1847 873 1882 :
925 1837 978 1882 et
1019 1827 1228 1881 docebo
1263 1833 1315 1878 te
1367 1824 1421 1876 in
1458 1823 1689 1876 Domino
1725 1821 2082 1892 conspicuam
2113 1833 2306 1888 opera-

2411 1790 2542 1886 aa},
2559 1822 2656 1875 καὶ
2681 1824 2737 1875 ἐν
2763 1820 2957 1891 Κυρίῳ
2983 1818 3182 1882 διδάξω
3218 1790 3278 1870 σέ
3303 1790 3595 1887 ὁρωμένην
3623 1810 3925 1883 ἐργασίαν
3942 1813 4022 1861 ια’.

727 1921 933 1978 tionem
967 1929 1022 1974 et
1053 1915 1530 1973 conversationem
1573 1914 1900 1982 spiritalium
1944 1921 2302 1983 potestatum.

798 2011 889 2065 98.
919 2009 1186 2075 Quoniam
1211 2005 1386 2076 angeli
1419 2005 1562 2057 nulla
1592 2003 1880 2072 capientur
1903 2003 2157 2056 satietate
2183 2003 2302 2056 lau-

727 2103 894 2160 dandi
920 2101 1215 2164 Creatoris,
1241 2112 1420 2167 neque
1453 2111 1608 2150 mens
1638 2095 1978 2149 decertandi.
2016 2093 2083 2147 Et
2109 2110 2304 2166 quent-

727 2194 1020 2250 admodum
1047 2193 1121 2246 illi
1148 2191 1394 2262 corporis
1435 2199 1688 2259 expertes
1737 2188 1805 2242 de
1839 2187 1962 2242 cibo
1992 2187 2129 2241 nihil
2175 2195 2308 2242 sunt

731 2286 944 2341 solliciti
975 2305 987 2338 :
1016 2288 1088 2339 ita
1115 2284 1190 2348 bi,
1222 2285 1348 2338 licet
1399 2297 1625 2352 corpore
1665 2279 1900 2351 praediti,
1955 2295 2068 2334 non
2114 2288 2311 2335 curant

729 2392 933 2440 escam,
964 2374 1126 2429 modo
1155 2375 1209 2429 in
1233 2373 1428 2429 omium
1465 2371 1815 2441 tranquillum
1869 2369 2088 2425 animus
2121 2369 2308 2441 ingre-

732 2468 934 2523 diatur.

802 2559 892 2612 99.
941 2555 1061 2622 Quo
1104 2557 1264 2626 igitur
1302 2556 1462 2609 modo
1517 2571 1770 2625 supernae
1814 2562 2114 2624 potestates
2162 2554 2308 2607 nulla

733 2655 990 2702 tenentur
1009 2662 1136 2699 cura
1196 2648 1554 2718 pecuniarum
1603 2657 1695 2701 aut
1749 2645 2153 2716 possessionum
2185 2660 2200 2698 :
2233 2645 2308 2699 itu

731 2739 825 2808 qui
851 2739 1216 2807 perspicacem
1249 2738 1444 2791 anima:
1499 2737 1808 2791 facultatem
1836 2746 2225 2808 expurgarunt,
2256 2747 2311 2791 ct

731 2839 1122 2897 compararunt
1149 2829 1394 2882 habitum
1423 2828 1660 2892 virtutis,
1716 2828 1859 2882 baud
1891 2838 2112 2892 curant,
2141 2841 2306 2898 quam

731 2921 875 2974 male
902 2928 1260 2987 torqueantur
1290 2933 1319 2970 a
1347 2917 1627 2986 spiritibus
1667 2917 2037 2988 nequissimis.
2088 2919 2156 2972 Et
2198 2931 2310 2986 quo

731 3009 896 3065 modo
940 3017 1141 3063 norunt
1166 3009 1270 3062 illa!
1311 3009 1532 3062 divitias
1594 3010 1951 3079 promotiouis
1999 3009 2053 3063 in
2089 3009 2256 3062 Deum
2293 3025 2308 3061 :

732 3096 817 3174 ξίο
841 3109 898 3153 et
927 3099 982 3152 bi
1011 3108 1355 3168 perspectum
1379 3099 1583 3153 habent
1613 3114 1852 3153 amorem
1887 3100 1940 3152 in
1967 3097 2307 3162 Deum,nec-

2405 1913 2684 1969 πολιτείαν
2715 1913 2915 1985 νοερῶν
2941 1912 3240 1980 δυνάμεων.

2480 2011 2590 2076 κη’.
2631 2005 2707 2059 Οὐ
2736 2006 2844 2075 γὰρ
2873 2003 3301 2074 κορεσθήσονται
3325 1997 3550 2066 ἄγγελοι
3582 1996 3919 2068 ὑμνοῦντες
3945 1997 4022 2045 τὶν

2410 2099 2666 2169 Ποιητὴν,
2685 2097 2810 2150 οὕτε
2837 2095 2958 2158 νοῦς
2989 2093 3369 2164 ἁμιλλώμενος
3388 2109 3401 2122 ·
3432 2091 3528 2144 καὶ
3553 2091 3767 2158 ὥσπερ
3801 2089 3859 2140 ei
3886 2089 4020 2140 ᾰῦὶοι

2407 2191 2470 2244 οὗ
2502 2188 2845 2261 φροντίζουσι
2870 2187 2998 2256 περὶ
3029 2185 3256 2253 τροφῆς,
3278 2182 3453 2245 οὕτως
3479 2181 3606 2235 οὐδὲ
3641 2175 3810 2235 οὗτοι
3855 2181 3907 2230 οἱ
3953 2179 4030 2228 ἐπ.-

2412 2279 2530 2338 υλοι
2564 2283 2735 2352 αὐτῆς
2804 2280 3203 2352 φροντίζουσιν,
3237 2276 3352 2346 εἴγε
3399 2279 3457 2330 ἐν
3491 2273 3732 2345 οὖρανῷ
3791 2275 4020 2343 ἡσυχίας

2412 2375 2536 2440 νοῦς
2563 2374 2960 2428 εἰσελεύσεται.

2484 2548 2588 2615 uer.
2629 2547 2842 2618 Ὠσπερ
2879 2545 2974 2600 οῦν
3013 2547 3069 2598 αί
3102 2545 3216 2599 ἄνω
3244 2543 3503 2611 δυνάμεις
3534 2541 3597 2594 οὐ
3658 2541 4019 2611 φροντίζουσι

2412 2643 2709 2713 χρημάτων
2738 2641 2771 2711 ἢ
2806 2640 3122 2709 κτημάτων,
3165 2637 3337 2697 οὕτως
3366 2635 3489 2688 οὔτε
3519 2636 3571 2686 οἱ
3597 2633 3668 2686 τδ
3701 2634 3814 2702 τῆς
3851 2633 4018 2700 ψυχῆς

2410 2729 2634 2783 ὀπτικδν
2660 2727 3087 2796 ἐκκαθάραντες,
3106 2727 3164 2777 ἐν
3196 2725 3307 2791 ἕξει
3324 2728 3423 2795 τῆς
3446 2723 3660 2794 ἀρετῆς
3697 2723 4016 2792 γενόμενος

2410 2822 2472 2874 οὐ
2501 2819 2901 2890 μεριμνήσουσι
2932 2818 3062 2887 περὶ
3089 2817 3385 2878 κακώσεως
3418 2817 3529 2868 τῶν
3558 2814 3844 2884 πονηρῶν
3869 2829 4015 2865 πνευ-

2417 2913 2624 2983 μάτων.
2659 2913 2772 2965 Καὶ
2800 2911 2875 2973 ὼς
2907 2910 3136 2971 ἐκείνοις
3166 2909 3398 2981 φανερὸς
3436 2907 3538 2975 τῆς
3574 2909 3663 2969 είς
3719 2906 3872 2958 Θεὸν
3899 2923 4018 2974 προ-

2415 3006 2590 3075 κοπῆς
2615 3008 2644 3060 ό
2673 3005 2922 3067 πλοῦτος,
2958 3003 3100 3055 οῦτω
3141 3003 3235 3054 καὶ
3267 3003 3380 3064 τοῖς
3403 3001 3688 3062 τοιούτοις
3717 3002 3748 3053 ό
3775 3001 3866 3062 είς
3897 2998 4016 3051 Θεὸς

2416 3097 2645 3168 φανερὸς
2675 3097 2835 3165 ἔρως,
2885 3095 2982 3147 καὶ
3011 3095 3045 3163 ἡ
3095 3094 3194 3163 τῆς
3253 3094 3474 3163 ἀγάπης
3503 3093 3605 3163 τῆς
3637 3092 3732 3155 είς
3755 3092 3829 3144 τὺ
3876 3089 4016 3144 Θείοι

730 3205 848 3244 non
883 3189 1248 3243 intensionem
1286 3198 1342 3243 et
1386 3190 1762 3244 ascensionem
1809 3189 2120 3243 dilectionis
2180 3203 2307 3258 erga

2413 3189 2652 3250 ἀτένισίς
2681 3205 2738 3239 τε
2765 3187 2860 3241 καὶ⁵
2887 3185 3146 3248 ἀνάϐασις
3163 3203 3177 3215 ·
3211 3185 3292 3238 ἐτι
3312 3185 3370 3238 δὲ
3393 3183 3685 3256 ἐρωτικῶς
3715 3183 3820 3236 καὶ
3850 3182 4017 3252 didi;-

734 3282 950 3338 Numen
986 3280 1254 3335 divinum.
1288 3281 1596 3346 Quinetiam
1627 3281 1890 3335 amatoria
1927 3292 1982 3335 et
2002 3279 2312 3350 inexplebili

734 3373 1058 3426 ascensione
1090 3372 1327 3435 dilatati,
1355 3372 1426 3425 ob
1456 3381 1674 3442 gustum
1701 3373 1951 3426 divinum
1994 3380 2050 3426 et
2097 3372 2315 3428 deside-

737 3461 880 3515 rium
905 3462 961 3515 in
991 3476 1220 3516 excessu
1256 3462 1519 3532 positum,
1542 3478 1652 3516 non
1678 3463 2003 3529 subsistent,
2037 3463 2219 3518 donec
2245 3463 2312 3517 ad

737 3552 1026 3623 Seraphim
1075 3553 1442 3622 perveniant:
1477 3569 1658 3623 neque
1717 3553 2141 3625 fatigabuntura
2198 3554 2314 3610 dili-

737 3646 886 3717 genti
915 3645 1298 3700 observatione
1318 3645 1533 3711 mentis,
1548 3654 1602 3699 et
1625 3646 1951 3701 exaltatione
1970 3646 2310 3714 charissima,

737 3737 916 3794 donec
947 3737 1126 3808 angeli
1177 3735 1310 3791 ﬁant
1350 3751 1447 3808 per
1488 3737 1674 3794 Iesum
1707 3738 1987 3793 Christum
2018 3737 2312 3796 Dominum

738 3837 1011 3885 nostrum.

809 3918 934 3975 £00.
963 3916 1080 3973 Non
1123 3927 1208 3976 est
1249 3933 1547 3986 venenum,
1595 3920 1742 3992 quod
1787 3932 2010 3994 superet
2039 3937 2312 3982 venenum

737 4009 939 4081 aspidis
970 4020 1025 4066 et
1047 4009 1324 4065 basilisci:
1356 4025 1540 4082 neque
1588 4012 1758 4068 ullum
1782 4021 1869 4069 est
1905 4013 2121 4079 vitium,
2167 4015 2313 4088 quod

737 4101 929 4156 vincat
947 4101 1242 4170 φιλαυτίας
1270 4102 1485 4156 vitium.
1525 4103 1760 4158 Fructus
1804 4121 1968 4174 porro
2037 4108 2312 4176 philautiae

740 4187 912 4243 habes
977 4204 1070 4257 per
1137 4190 1383 4242 omnium
1437 4207 1533 4245 ora
1562 4193 1857 4247 volitantes
1895 4212 1908 4247 :
1943 4196 2032 4264 qui
2065 4206 2192 4250 sunt
2216 4198 2309 4253 bi:

738 4275 928 4332 laudes
965 4280 1048 4332 sui
1074 4280 1126 4330 in
1157 4281 1340 4333 animo
1364 4280 1616 4344 latentes,
1643 4299 1823 4336 rerum
1856 4287 2099 4339 omnium
2120 4287 2313 4357 displi-

736 4369 939 4430 centia,
971 4370 1176 4422 ventris
1207 4369 1502 4440 ingluvies,
1530 4382 1804 4441 stuprum,
1841 4391 1981 4430 vana
2035 4377 2227 4446 gloria,
2257 4389 2312 4434 et

2415 3297 2556 3343 στως
2581 3282 2648 3350 τῇ
2674 3279 2939 3332 ἀνασάσει
2995 3278 3436 3346 ἐπεκτεινόμενοι
3475 3277 3540 3327 ἐκ
3575 3274 3848 3342 γεύσεως
3882 3273 4014 3326 θείω

2413 3371 2508 3424 καὶ
2541 3368 2864 3422 ἐκστατικοῦ
2899 3369 3088 3434 πόθου,
3125 3369 3186 3421 οὐ
3213 3366 3574 3436 σταθήσονται
3607 3366 3801 3436 μέχρι
3831 3366 3906 3418 τὰ
3927 3364 4014 3418 Σε·

2409 3462 2595 3534 ραφὶμ
2619 3460 2938 3532 φθάσουσιν,
2987 3461 3112 3513 οὐδὲ
3146 3458 3470 3513 κοπιάσουσι
3516 3458 3618 3529 τῆς
3651 3458 3758 3512 τοῦ
3811 3457 3913 3511 νοῦ
3944 3461 4016 3528 vi?

2411 3553 2581 3621 ψεως,
2617 3553 2711 3605 καὶ
2746 3551 3017 3623 ἐρωτικῆς
3056 3550 3341 3618 ὐψὼσεως,
3403 3549 3599 3619 μέχρις
3667 3549 3743 3602 ἂν
3791 3549 4013 3618 ἄγγελοι

2412 3643 2678 3710 γένωνται
2712 3642 2770 3694 ἐν
2799 3640 3019 3714 Χριστῷ
3046 3638 3221 3713 Ἰησοῦ
3249 3638 3330 3712 τῷ
3353 3640 3544 3710 Κυρίῳ
3566 3640 3763 3710 ἡμῶν.

2475 3918 2548 3986 ρ’.
2577 3911 2693 3968 υῦκ
2717 3911 2866 3968 ιστιν
2886 3911 2965 3978 ib:
2997 3910 3140 3986 θπὶρ
3169 3911 3246 3968 ίδν
3264 3911 3505 3968 ἀσπίδιον
3534 3910 3628 3965 καὶ
3659 3908 4011 3980 βασιλίσκω,

2413 4006 2511 4063 καὶ
2533 4008 2633 4062 οὐκ
2659 4007 2774 4062 ιστι
2806 4006 2976 4062 κακία
3004 4006 3147 4080 ὺπέρ
3174 4006 3375 4063 κακίαν
3407 4005 3722 4075 φιλαυτίας.
3742 4005 3936 4060 τέκνα
3966 4007 4010 4058 δέ

2413 4097 2704 4167 φιλαυτίας
2730 4096 2874 4167 ἔχεις
2903 4097 3198 4167 πετόμενα,
3227 4097 3263 4151 ἃ
3319 4098 3426 4150 εισι
3459 4096 3581 4149 τάδε
3608 4113 3620 4126 ·
3683 4097 3916 4148 ἔπαινοι
3963 4099 4010 4146 ἐν

2413 4192 2628 4262 καρδίᾳ,
2659 4191 3022 4260 ἀπαρέσκεια,
3054 4189 3467 4260 γαστριμαργία
3490 4229 3505 4252 ,
3560 4190 3829 4258 πορνεία,
3863 4207 4005 4242 κενο-

2412 4282 2582 4347 δοξία,
2611 4283 2759 4352 καὶὴ
2786 4282 3019 4352 κορωνὶς
3072 4282 3292 4335 πάντων
3323 4281 3697 4352 ὑπερηφανία,
3733 4281 3871 4350 ἦτις
3926 4302 4011 4335 κι-

2412 4375 2626 4443 τασπᾷν
2660 4373 2972 4434 ἐπίσταται,
3003 4372 3104 4424 οὑκ
3152 4371 3476 4443 ἀνθρώπους
3519 4374 3709 4441 μόνοι,
3746 4373 3896 4426 ἁ).λὰ
3925 4377 4009 4426 καὶ

737 4458 981 4512 omnium
1007 4471 1194 4513 vertex
1226 4460 1479 4530 superbia
1510 4481 1524 4515 :
1565 4477 1686 4530 qua:
1716 4465 1942 4532 quidem
1972 4467 2123 4520 novit
2151 4483 2182 4522 e
2201 4483 2307 4522 cm-

2416 4464 2683 4531 ἀγγέλους
2709 4464 2768 4528 ἐξ
2797 4465 3066 4533 οὐρανῶν,
3121 4464 3214 4517 καὶ
3263 4464 3428 4531 ζόφον
3476 4465 3598 4516 ἀντὶ
3628 4467 3826 4533 φωτὸς
3861 4485 4010 4537 περι-

735 4546 806 4602 lis
867 4548 1140 4617 expellere
1166 4565 1278 4603 non
1339 4550 1516 4604 solum
1549 4552 1820 4619 homines,
1843 4555 1937 4609 sed
1960 4557 2121 4610 etiam
2141 4574 2307 4629 ange-

2414 4551 2651 4610 6άλλειν.
2677 4554 2864 4608 Ταῦτά
2887 4571 2994 4620 σοι,
3016 4553 3299 4617 Θεόδουλε,
3323 4557 3352 4607 ό
3392 4554 3620 4624 ἡσυχίας
3649 4555 4006 4625 φερώνυμος,

736 4633 842 4701 los,
865 4649 921 4693 et
968 4639 1250 4709 caliginem
1285 4656 1382 4710 pro
1437 4641 1555 4696 luce
1610 4644 1922 4700 obtrudere.
1966 4646 2092 4702 Haec
2129 4650 2194 4702 ad
2258 4659 2312 4705 te

735 4728 950 4790 scribit.
1007 4728 1306 4795 Theodulc,
1349 4731 1441 4800 qui
1514 4737 1935 4804 cognominatur
1982 4737 2307 4810 Hesychius,

735 4817 864 4874 licet
904 4822 1278 4890 operationem
1333 4825 1504 4893 ipsam
1575 4827 1646 4881 sit
1693 4831 1992 4883 ementitus
2034 4851 2047 4886 :
2095 4843 2149 4887 at
2198 4850 2308 4889 non

733 4911 961 4964 omnino
1015 4910 1263 4974 fortasse,
1324 4924 1592 4982 quatenus
1631 4919 1836 4972 scilicet
1865 4921 2007 4976 Deus
2062 4925 2304 4980 donavit.

733 4999 840 5066 Qui
871 5001 922 5053 in
959 5001 1139 5068 Patre,
1181 5013 1235 5057 et
1265 5003 1419 5064 Filio,
1453 5016 1505 5059 et
1538 5007 1744 5076 Spiritu
1765 5020 1956 5064 sancto
1979 4993 2230 5067 laudatur
2254 5025 2308 5070 ct

732 5091 1085 5161 gloriﬁcatur,
1119 5110 1149 5146 a
1184 5096 1433 5149 rationali
1458 5107 1648 5152 natura
1695 5101 2010 5170 angelorum
2043 5111 2098 5157 et
2123 5105 2306 5160 homi-

732 5197 890 5248 num,
917 5198 1132 5236 necnon
1166 5186 1234 5239 ab
1272 5187 1525 5242 universa
1561 5199 1831 5256 creatura,
1878 5209 2038 5262 quam
2069 5195 2304 5250 fabrica-

733 5275 812 5328 vit
847 5289 1048 5329 arcana
1081 5275 1338 5343 Trinitas,
1377 5295 1518 5335 unus
1538 5282 1698 5336 Deus.
1727 5282 1895 5353 Cujus
1915 5301 2142 5356 regnum
2167 5303 2305 5356 pra:-

731 5365 937 5418 clarum
975 5366 1180 5420 utinam
1204 5378 1257 5422 et
1288 5385 1389 5424 nos
1440 5385 1860 5442 consequamur,
1889 5375 2144 5444 precibus
2198 5393 2298 5446 pu-

2412 4648 2461 4699 εί
2491 4647 2585 4699 καὶ
2613 4647 2712 4716 τῆς
2749 4645 2996 4716 πράξεως
3021 4646 3356 4714 διέψευσται,
3395 4645 3512 4699 ἀλλ’
3546 4644 3686 4709 ἴσως
3739 4648 3848 4718 οὐχ
3873 4651 4006 4709 ὅλον,

2411 4738 2527 4792 ἀλλ’
2555 4739 2582 4790 ὃ
2609 4737 2740 4800 Θεὸς
2759 4737 2996 4791 δέδωκεν
3027 4739 3056 4791 ό
3085 4740 3142 4790 ἐν
3179 4737 3377 4808 Πατρὶ,
3417 4738 3512 4790 καὶ
3548 4737 3688 4807 Υίῷ,
3744 4743 3848 4792 καὶ
3874 4743 4007 4811 ἁῖίῳ

2414 4827 2692 4898 Πνεύματι
2719 4828 3036 4898 αίνούμενός
3059 4844 3119 4880 τε
3146 4827 3611 4897 καὶδοξαζὸμενος
3643 4829 3762 4881 ὑπὸ
3795 4832 3900 4900 τῆς
3926 4831 4004 4884 λο-

2415 4922 2580 4989 γικῆς
2610 4920 2845 4988 φύσεως,
2868 4919 3116 4988 ἀγγέλων
3148 4937 3207 4972 τε
3241 4919 3334 4972 καὶ
3354 4919 3662 4990 ἀνθρώπων
3693 4923 3799 4975 καὶ
3831 4924 4004 4992 πάσης

2415 5014 2667 5075 κτίσεως,
2699 5016 2766 5082 ἢν
2794 5016 2826 5082 ἡ
2853 5013 3092 5082 ἄρῤητος
3115 5012 3284 5082 Τριὰς
3321 5011 3840 5082 δεδημιούργηκενι
3879 5019 3906 5068 ὁ
3935 5015 4007 5081 εἷς

2413 5104 2567 5168 Θεὸς,
2598 5099 2659 5158 οῦ
2677 5105 2771 5157 καὶ
2805 5107 2967 5174 ἡμεῖς
2993 5105 3091 5174 τῆς
3121 5104 3380 5174 λαμπρᾶς
3429 5103 3720 5172 βασιλείας
3742 5145 3759 5168 ,
3820 5109 4002 5177 εὐχαῖς

2409 5197 2508 5264 τῆς
2559 5197 2866 5266 ὑπερὰγνου
2909 5195 3175 5248 Θεοτόκου
3205 5194 3483 5264 τύχοιμεν,
3515 5195 3616 5245 καὶ
3652 5195 3858 5266 εὐχαῖς
3905 5199 4001 5249 τῶν

2411 5287 2571 5338 ὁσίων
2606 5286 2862 5356 Ιιατέρων
2899 5285 3055 5356 ἡμῶν
3081 5301 3093 5314 '
3116 5277 3160 5351 ᾧ
3182 5283 3302 5353 Θεῷ
3324 5285 3569 5354 ἁκιχήτῳ
3599 5283 3738 5349 δόξα
3763 5287 3996 5349 αίὼνισς.

2420 5379 2609 5449 Ἀμήν.

732 5455 959 5549 rissima:
995 5457 1257 5527 Deiparar,
1318 5470 1743 5534 sanctorumque
1804 5462 2026 5521 Patrum
2084 5475 2419 5527 nostrorum.
2446 5470 2547 5528 Cui
2601 5471 2712 5527 Deo
2765 5472 3302 5544 iucomprebensibili
3367 5473 3536 5544 gloria
3628 5477 3991 5549 sempiterna.

728 5547 921 5606 Amen.

797 5715 839 5746 "
877 5726 1006 5800 Sap.
1031 5743 1112 5796 Ill,
1147 5731 1202 5788 9.
