  <div class='ocr_page' id='page_1' title='image "/cluster/home/n/w/nwhite01/storage/ocr_20150623/93/nnc1.0046980059/752.png"; bbox 0 0 4142 6436; ppageno 0'>
   <div class='ocr_carea' id='block_1_1' title="bbox 119 355 245 422">
    <p class='ocr_par' dir='ltr' id='par_1_1' title="bbox 119 355 245 422">
     <span class='ocr_line' id='line_1_1' title="bbox 119 355 245 422; baseline -0.016 -3"><span class='ocrx_word' id='word_1_1' title='bbox 119 355 245 422; x_wconf 79' lang='grc'><strong><em>1545</em></strong></span> 
     </span>
    </p>
   </div>
   <div class='ocr_carea' id='block_1_2' title="bbox 1174 349 2200 413">
    <p class='ocr_par' dir='ltr' id='par_1_2' title="bbox 1174 349 2200 413">
     <span class='ocr_line' id='line_1_2' title="bbox 1174 349 2200 413; baseline -0.004 1"><span class='ocrx_word' id='word_1_2' title='bbox 1174 386 1177 391; x_wconf 92' lang='grc'><strong>-</strong></span> <span class='ocrx_word' id='word_1_3' title='bbox 1248 354 1306 413; x_wconf 92' lang='lat' dir='ltr'><strong><em>S.</em></strong></span> <span class='ocrx_word' id='word_1_4' title='bbox 1349 350 1670 413; x_wconf 89' lang='lat' dir='ltr'><strong><em>LONGINI</em></strong></span> <span class='ocrx_word' id='word_1_5' title='bbox 1713 349 2200 411; x_wconf 79' lang='lat' dir='ltr'><strong><em>MARTYRIUM.</em></strong></span> 
     </span>
    </p>
   </div>
   <div class='ocr_carea' id='block_1_3' title="bbox 3225 338 3361 408">
    <p class='ocr_par' dir='ltr' id='par_1_3' title="bbox 3225 338 3361 408">
     <span class='ocr_line' id='line_1_3' title="bbox 3225 338 3361 408; baseline 0.015 -4"><span class='ocrx_word' id='word_1_6' title='bbox 3225 338 3361 408; x_wconf 66' lang='lat' dir='ltr'><strong><em>1M6</em></strong></span> 
     </span>
    </p>
   </div>
   <div class='ocr_carea' id='block_1_4' title="bbox 122 499 2873 535">
    <p class='ocr_par' dir='ltr' id='par_1_4' title="bbox 122 499 2873 535">
     <span class='ocr_line' id='line_1_4' title="bbox 122 499 2873 535; baseline -0.006 0"><span class='ocrx_word' id='word_1_7' title='bbox 122 499 2873 535; x_wconf 56' lang='lat' dir='ltr'><strong><em>MM</em></strong></span> 
     </span>
    </p>
   </div>
   <div class='ocr_carea' id='block_1_5' title="bbox 859 521 1007 530">
    <p class='ocr_par' dir='ltr' id='par_1_5' title="bbox 859 521 1007 530">
     <span class='ocr_line' id='line_1_5' title="bbox 859 521 1007 530; baseline -0.02 0"><span class='ocrx_word' id='word_1_8' title='bbox 859 521 1007 530; x_wconf 66' lang='grc' dir='ltr'>..ι-ι-</span> 
     </span>
    </p>
   </div>
   <div class='ocr_carea' id='block_1_6' title="bbox 919 672 2543 847">
    <p class='ocr_par' dir='ltr' id='par_1_6' title="bbox 919 672 2543 847">
     <span class='ocr_line' id='line_1_6' title="bbox 919 672 2543 847; baseline -0.003 -47"><span class='ocrx_word' id='word_1_9' title='bbox 919 675 1628 804; x_wconf 87' lang='lat' dir='ltr'><strong><em>EJUSDEM</em></strong></span> <span class='ocrx_word' id='word_1_10' title='bbox 1779 672 2543 800; x_wconf 88' lang='lat' dir='ltr'><strong><em>HESYCHII</em></strong></span> 
     </span>
    </p>
   </div>
   <div class='ocr_carea' id='block_1_7' title="bbox 363 925 3107 1024">
    <p class='ocr_par' dir='ltr' id='par_1_7' title="bbox 363 925 3107 1024">
     <span class='ocr_line' id='line_1_7' title="bbox 363 925 3107 1024; baseline -0.004 0"><span class='ocrx_word' id='word_1_11' title='bbox 363 931 1090 1024; x_wconf 78' lang='lat' dir='ltr'><strong><em>MABTYRIUM</em></strong></span> <span class='ocrx_word' id='word_1_12' title='bbox 1167 928 1579 1016; x_wconf 83' lang='lat' dir='ltr'><strong><em>SANCTI</em></strong></span> <span class='ocrx_word' id='word_1_13' title='bbox 1641 925 2157 1016; x_wconf 86' lang='lat' dir='ltr'><strong><em>LONGINI</em></strong></span> <span class='ocrx_word' id='word_1_14' title='bbox 2239 926 3107 1019; x_wconf 80' lang='lat' dir='ltr'><strong><em>CENTURIONIS.</em></strong></span> 
     </span>
    </p>
   </div>
   <div class='ocr_carea' id='block_1_8' title="bbox 102 1194 1717 1266">
    <p class='ocr_par' dir='ltr' id='par_1_8' title="bbox 102 1198 1685 1266">
     <span class='ocr_line' id='line_1_8' title="bbox 102 1198 1685 1266; baseline -0.004 -10"><span class='ocrx_word' id='word_1_15' title='bbox 102 1202 219 1256; x_wconf 81' lang='grc' dir='ltr'>Τοῦ</span> <span class='ocrx_word' id='word_1_16' title='bbox 251 1201 442 1254; x_wconf 74' lang='grc' dir='ltr'>αὑτοῦ</span> <span class='ocrx_word' id='word_1_17' title='bbox 468 1200 751 1266; x_wconf 82' lang='grc' dir='ltr'>Ἠσυχίου</span> <span class='ocrx_word' id='word_1_18' title='bbox 771 1201 1108 1264; x_wconf 75' lang='grc' dir='ltr'>Μιιρτύριον</span> <span class='ocrx_word' id='word_1_19' title='bbox 1123 1199 1228 1250; x_wconf 85' lang='grc' dir='ltr'><strong><em>τοῦ</em></strong></span> <span class='ocrx_word' id='word_1_20' title='bbox 1262 1198 1567 1266; x_wconf 75' lang='grc' dir='ltr'>ἁγίου-καὶ</span> <span class='ocrx_word' id='word_1_21' title='bbox 1590 1199 1685 1249; x_wconf 81' lang='grc' dir='ltr'><strong><em>ἐν-</em></strong></span> 
     </span>
    </p>
   </div>
   <div class='ocr_carea' id='block_1_9' title="bbox 1798 1194 3372 1266">
    <p class='ocr_par' dir='ltr' id='par_1_9' title="bbox 1798 1194 3372 1266">
     <span class='ocr_line' id='line_1_9' title="bbox 1798 1194 3372 1266; baseline -0.001 -15"><span class='ocrx_word' id='word_1_22' title='bbox 1798 1196 2039 1266; x_wconf 84' lang='lat' dir='ltr'><strong><em>Ejusdem</em></strong></span> <span class='ocrx_word' id='word_1_23' title='bbox 2065 1197 2311 1263; x_wconf 82' lang='lat' dir='ltr'><strong><em>Hesycttii</em></strong></span> <span class='ocrx_word' id='word_1_24' title='bbox 2332 1196 2649 1264; x_wconf 72' lang='lat' dir='ltr'><strong><em>martyrium</em></strong></span> <span class='ocrx_word' id='word_1_25' title='bbox 2673 1195 2844 1247; x_wconf 84' lang='lat' dir='ltr'><strong><em>sancti</em></strong></span> <span class='ocrx_word' id='word_1_26' title='bbox 2877 1211 2940 1246; x_wconf 89' lang='lat' dir='ltr'><strong><em>ac</em></strong></span> <span class='ocrx_word' id='word_1_27' title='bbox 2971 1194 3190 1249; x_wconf 84' lang='lat' dir='ltr'><strong><em>illustris</em></strong></span> <span class='ocrx_word' id='word_1_28' title='bbox 3215 1194 3372 1250; x_wconf 85' lang='lat' dir='ltr'><strong><em>Chri-</em></strong></span> 
     </span>
    </p>
   </div>
   <div class='ocr_carea' id='block_1_10' title="bbox 167 1267 1684 1337">
    <p class='ocr_par' dir='ltr' id='par_1_10' title="bbox 167 1267 1684 1337">
     <span class='ocr_line' id='line_1_10' title="bbox 167 1267 1684 1337; baseline -0.002 -14"><span class='ocrx_word' id='word_1_29' title='bbox 167 1272 361 1333; x_wconf 75' lang='grc' dir='ltr'><strong><em>δόξου</em></strong></span> <span class='ocrx_word' id='word_1_30' title='bbox 387 1270 684 1337; x_wconf 81' lang='grc' dir='ltr'>μάρτυρος</span> <span class='ocrx_word' id='word_1_31' title='bbox 706 1269 811 1322; x_wconf 84' lang='grc' dir='ltr'><strong><em>τοῦ</em></strong></span> <span class='ocrx_word' id='word_1_32' title='bbox 828 1268 1082 1334; x_wconf 78' lang='grc' dir='ltr'>Χριστοῦ</span> <span class='ocrx_word' id='word_1_33' title='bbox 1100 1269 1392 1334; x_wconf 70' lang='grc' dir='ltr'>Λογγῖνον</span> <span class='ocrx_word' id='word_1_34' title='bbox 1417 1267 1522 1320; x_wconf 86' lang='grc' dir='ltr'><strong><em>τοῦ</em></strong></span> <span class='ocrx_word' id='word_1_35' title='bbox 1546 1269 1684 1337; x_wconf 78' lang='grc' dir='ltr'>ἐκα-</span> 
     </span>
    </p>
   </div>
   <div class='ocr_carea' id='block_1_11' title="bbox 165 1335 1688 1407">
    <p class='ocr_par' dir='ltr' id='par_1_11' title="bbox 165 1335 1688 1407">
     <span class='ocr_line' id='line_1_11' title="bbox 165 1335 1688 1407; baseline -0.003 -14"><span class='ocrx_word' id='word_1_36' title='bbox 165 1335 508 1407; x_wconf 23' lang='grc' dir='ltr'>τογτάρχοίυ</span> <span class='ocrx_word' id='word_1_37' title='bbox 532 1339 637 1391; x_wconf 85' lang='grc' dir='ltr'><strong><em>τοῦ</em></strong></span> <span class='ocrx_word' id='word_1_38' title='bbox 667 1341 736 1391; x_wconf 83' lang='grc' dir='ltr'><strong><em>ἐν</em></strong></span> <span class='ocrx_word' id='word_1_39' title='bbox 765 1337 842 1402; x_wconf 85' lang='grc' dir='ltr'>τῷ</span> <span class='ocrx_word' id='word_1_40' title='bbox 872 1338 1110 1404; x_wconf 66' lang='grc' dir='ltr'>σταιιρῷ</span> <span class='ocrx_word' id='word_1_41' title='bbox 1134 1338 1239 1390; x_wconf 82' lang='grc' dir='ltr'><strong><em>τοῦ</em></strong></span> <span class='ocrx_word' id='word_1_42' title='bbox 1275 1339 1494 1407; x_wconf 72' lang='grc' dir='ltr'>Κυρίου</span> <span class='ocrx_word' id='word_1_43' title='bbox 1519 1335 1688 1406; x_wconf 74' lang='grc' dir='ltr'><strong><em>ἡμῶν</em></strong></span> 
     </span>
    </p>
   </div>
   <div class='ocr_carea' id='block_1_12' title="bbox 183 1406 1686 1488">
    <p class='ocr_par' dir='ltr' id='par_1_12' title="bbox 183 1406 1686 1488">
     <span class='ocr_line' id='line_1_12' title="bbox 183 1406 1686 1488; baseline -0.002 -26"><span class='ocrx_word' id='word_1_44' title='bbox 183 1406 404 1488; x_wconf 64' lang='grc' dir='ltr'>Ἰησοῦ</span> <span class='ocrx_word' id='word_1_45' title='bbox 419 1406 701 1476; x_wconf 79' lang='grc' dir='ltr'>Χριστοῦ,</span> <span class='ocrx_word' id='word_1_46' title='bbox 732 1409 828 1461; x_wconf 82' lang='grc' dir='ltr'>καὶ</span> <span class='ocrx_word' id='word_1_47' title='bbox 868 1407 988 1460; x_wconf 85' lang='grc' dir='ltr'><strong><em>τῶν</em></strong></span> <span class='ocrx_word' id='word_1_48' title='bbox 1015 1408 1138 1461; x_wconf 81' lang='grc' dir='ltr'><strong><em>σὺν</em></strong></span> <span class='ocrx_word' id='word_1_49' title='bbox 1165 1406 1325 1471; x_wconf 84' lang='grc' dir='ltr'>αὐτῷ</span> <span class='ocrx_word' id='word_1_50' title='bbox 1363 1407 1472 1461; x_wconf 81' lang='grc' dir='ltr'><strong><em>δύο</em></strong></span> <span class='ocrx_word' id='word_1_51' title='bbox 1505 1424 1686 1475; x_wconf 82' lang='grc' dir='ltr'>στρα-</span> 
     </span>
    </p>
   </div>
   <div class='ocr_carea' id='block_1_13' title="bbox 167 1497 422 1533">
    <p class='ocr_par' dir='ltr' id='par_1_13' title="bbox 167 1497 422 1533">
     <span class='ocr_line' id='line_1_13' title="bbox 167 1497 422 1533; baseline -0.012 0"><span class='ocrx_word' id='word_1_52' title='bbox 167 1497 422 1533; x_wconf 80' lang='grc' dir='ltr'>τιωτων.</span> 
     </span>
    </p>
   </div>
   <div class='ocr_carea' id='block_1_14' title="bbox 1865 1266 3372 1336">
    <p class='ocr_par' dir='ltr' id='par_1_14' title="bbox 1865 1266 3372 1336">
     <span class='ocr_line' id='line_1_14' title="bbox 1865 1266 3372 1336; baseline 0 -16"><span class='ocrx_word' id='word_1_53' title='bbox 1865 1269 1932 1320; x_wconf 88' lang='lat' dir='ltr'><strong><em>sti</em></strong></span> <span class='ocrx_word' id='word_1_54' title='bbox 1968 1268 2217 1336; x_wconf 76' lang='lat' dir='ltr'><strong><em>martyris</em></strong></span> <span class='ocrx_word' id='word_1_55' title='bbox 2252 1266 2472 1336; x_wconf 81' lang='lat' dir='ltr'><strong><em>Longini</em></strong></span> <span class='ocrx_word' id='word_1_56' title='bbox 2509 1266 2825 1318; x_wconf 78' lang='lat' dir='ltr'><strong><em>centurionis</em></strong></span> <span class='ocrx_word' id='word_1_57' title='bbox 2863 1267 2952 1334; x_wconf 86' lang='lat' dir='ltr'><strong><em>qui</em></strong></span> <span class='ocrx_word' id='word_1_58' title='bbox 2986 1268 3232 1335; x_wconf 73' lang='lat' dir='ltr'><strong><em>cruriﬁxo</em></strong></span> <span class='ocrx_word' id='word_1_59' title='bbox 3264 1267 3372 1319; x_wconf 81' lang='lat' dir='ltr'><strong><em>Do-</em></strong></span> 
     </span>
    </p>
   </div>
   <div class='ocr_carea' id='block_1_15' title="bbox 1865 1335 3369 1404">
    <p class='ocr_par' dir='ltr' id='par_1_15' title="bbox 1865 1335 3369 1404">
     <span class='ocr_line' id='line_1_15' title="bbox 1865 1335 3369 1404; baseline -0.001 -14"><span class='ocrx_word' id='word_1_60' title='bbox 1865 1338 2006 1390; x_wconf 85' lang='lat' dir='ltr'><strong><em>mino</em></strong></span> <span class='ocrx_word' id='word_1_61' title='bbox 2043 1335 2217 1390; x_wconf 84' lang='lat' dir='ltr'><strong><em>nostro</em></strong></span> <span class='ocrx_word' id='word_1_62' title='bbox 2246 1335 2368 1388; x_wconf 76' lang='lat' dir='ltr'><strong><em>Iesu</em></strong></span> <span class='ocrx_word' id='word_1_63' title='bbox 2415 1336 2620 1388; x_wconf 77' lang='lat' dir='ltr'><strong><em>Christo</em></strong></span> <span class='ocrx_word' id='word_1_64' title='bbox 2666 1352 2893 1404; x_wconf 74' lang='lat' dir='ltr'><strong><em>prwsens</em></strong></span> <span class='ocrx_word' id='word_1_65' title='bbox 2936 1337 3127 1404; x_wconf 79' lang='lat' dir='ltr'><strong><em>astitit,</em></strong></span> <span class='ocrx_word' id='word_1_66' title='bbox 3173 1353 3369 1391; x_wconf 83' lang='lat' dir='ltr'><strong><em>necnon</em></strong></span> 
     </span>
    </p>
   </div>
   <div class='ocr_carea' id='block_1_16' title="bbox 1861 1405 2601 1462">
    <p class='ocr_par' dir='ltr' id='par_1_16' title="bbox 1861 1405 2601 1462">
     <span class='ocr_line' id='line_1_16' title="bbox 1861 1405 2601 1462; baseline 0.001 -2"><span class='ocrx_word' id='word_1_67' title='bbox 1861 1424 1978 1460; x_wconf 88' lang='lat' dir='ltr'><strong><em>cum</em></strong></span> <span class='ocrx_word' id='word_1_68' title='bbox 2011 1424 2070 1460; x_wconf 88' lang='lat' dir='ltr'><strong><em>eo</em></strong></span> <span class='ocrx_word' id='word_1_69' title='bbox 2100 1409 2321 1461; x_wconf 85' lang='lat' dir='ltr'><strong><em>duorum</em></strong></span> <span class='ocrx_word' id='word_1_70' title='bbox 2353 1405 2601 1462; x_wconf 84' lang='lat' dir='ltr'><strong><em>militum.</em></strong></span> 
     </span>
    </p>
   </div>
   <div class='ocr_carea' id='block_1_17' title="bbox 229 1587 3247 1656">
    <p class='ocr_par' dir='ltr' id='par_1_17' title="bbox 229 1587 3247 1656">
     <span class='ocr_line' id='line_1_17' title="bbox 229 1587 3247 1656; baseline -0.001 -14"><span class='ocrx_word' id='word_1_71' title='bbox 229 1596 312 1642; x_wconf 79' lang='lat' dir='ltr'><strong><em>Ex</em></strong></span> <span class='ocrx_word' id='word_1_72' title='bbox 334 1598 663 1655; x_wconf 83' lang='lat' dir='ltr'><strong><em>manuscripto</em></strong></span> <span class='ocrx_word' id='word_1_73' title='bbox 689 1590 856 1642; x_wconf 89' lang='lat' dir='ltr'><strong><em>codice</em></strong></span> <span class='ocrx_word' id='word_1_74' title='bbox 885 1590 1123 1643; x_wconf 77' lang='lat' dir='ltr'><strong><em>Vaticano</em></strong></span> <span class='ocrx_word' id='word_1_75' title='bbox 1142 1605 1192 1642; x_wconf 83' lang='grc' dir='ltr'><strong>η.</strong></span> <span class='ocrx_word' id='word_1_76' title='bbox 1216 1591 1354 1651; x_wconf 82' lang='grc'>1190,</span> <span class='ocrx_word' id='word_1_77' title='bbox 1379 1589 1466 1656; x_wconf 72' lang='grc' dir='ltr'><strong><em>[οἱ.</em></strong></span> <span class='ocrx_word' id='word_1_78' title='bbox 1488 1591 1600 1652; x_wconf 82' lang='grc'><strong><em>117,</em></strong></span> <span class='ocrx_word' id='word_1_79' title='bbox 1624 1591 1824 1642; x_wconf 85' lang='lat' dir='ltr'><strong><em>edidere</em></strong></span> <span class='ocrx_word' id='word_1_80' title='bbox 1846 1590 2197 1640; x_wconf 70' lang='lat' dir='ltr'><strong><em>Boumnum.</em></strong></span> <span class='ocrx_word' id='word_1_81' title='bbox 2231 1587 2339 1637; x_wconf 80' lang='lat' dir='ltr'><strong><em>Act.</em></strong></span> <span class='ocrx_word' id='word_1_82' title='bbox 2363 1587 2529 1636; x_wconf 88' lang='lat' dir='ltr'><strong><em>Sanct.</em></strong></span> <span class='ocrx_word' id='word_1_83' title='bbox 2555 1588 2694 1636; x_wconf 86' lang='lat' dir='ltr'><strong><em>Mart.</em></strong></span> <span class='ocrx_word' id='word_1_84' title='bbox 2724 1593 2760 1637; x_wconf 95' lang='lat' dir='ltr'><strong><em>t.</em></strong></span> <span class='ocrx_word' id='word_1_85' title='bbox 2791 1587 2848 1647; x_wconf 89' lang='lat' dir='ltr'><strong><em>ll,</em></strong></span> <span class='ocrx_word' id='word_1_86' title='bbox 2870 1600 2980 1653; x_wconf 83' lang='lat' dir='ltr'><strong><em>pag.</em></strong></span> <span class='ocrx_word' id='word_1_87' title='bbox 3006 1589 3115 1648; x_wconf 77' lang='lat'><strong><em>586,</em></strong></span> <span class='ocrx_word' id='word_1_88' title='bbox 3137 1588 3247 1638; x_wconf 77' lang='lat'><strong><em>736.</em></strong></span> 
     </span>
    </p>
   </div>
   <div class='ocr_carea' id='block_1_18' title="bbox 169 1699 1683 1770">
    <p class='ocr_par' dir='ltr' id='par_1_18' title="bbox 169 1699 1683 1770">
     <span class='ocr_line' id='line_1_18' title="bbox 169 1699 1683 1770; baseline -0.003 -16"><span class='ocrx_word' id='word_1_89' title='bbox 169 1707 242 1754; x_wconf 88' lang='grc' dir='ltr'><strong><em>α’.</em></strong></span> <span class='ocrx_word' id='word_1_90' title='bbox 292 1701 491 1754; x_wconf 79' lang='grc' dir='ltr'>Πολλαὶ</span> <span class='ocrx_word' id='word_1_91' title='bbox 519 1699 627 1752; x_wconf 83' lang='grc' dir='ltr'>τῶν</span> <span class='ocrx_word' id='word_1_92' title='bbox 654 1700 945 1770; x_wconf 83' lang='grc' dir='ltr'>μαρτύρων</span> <span class='ocrx_word' id='word_1_93' title='bbox 975 1701 1028 1751; x_wconf 78' lang='grc' dir='ltr'>αἱ</span> <span class='ocrx_word' id='word_1_94' title='bbox 1057 1699 1392 1770; x_wconf 80' lang='grc' dir='ltr'>συγγραφαί.</span> <span class='ocrx_word' id='word_1_95' title='bbox 1419 1699 1683 1767; x_wconf 79' lang='grc' dir='ltr'><strong><em>Καθάπερ</em></strong></span> 
     </span>
    </p>
   </div>
   <div class='ocr_carea' id='block_1_19' title="bbox 91 1791 1684 1862">
    <p class='ocr_par' dir='ltr' id='par_1_19' title="bbox 91 1791 1684 1862">
     <span class='ocr_line' id='line_1_19' title="bbox 91 1791 1684 1862; baseline -0.001 -17"><span class='ocrx_word' id='word_1_96' title='bbox 91 1794 208 1862; x_wconf 75' lang='grc' dir='ltr'>γὰρ</span> <span class='ocrx_word' id='word_1_97' title='bbox 239 1796 298 1845; x_wconf 78' lang='grc' dir='ltr'>αἱ</span> <span class='ocrx_word' id='word_1_98' title='bbox 324 1793 431 1844; x_wconf 84' lang='grc' dir='ltr'><strong><em>τῶν</em></strong></span> <span class='ocrx_word' id='word_1_99' title='bbox 455 1792 761 1861; x_wconf 78' lang='grc' dir='ltr'><strong><em>ζωγράφων</em></strong></span> <span class='ocrx_word' id='word_1_100' title='bbox 791 1792 1018 1855; x_wconf 75' lang='grc' dir='ltr'><strong><em>εἰκόνες,</em></strong></span> <span class='ocrx_word' id='word_1_101' title='bbox 1041 1791 1194 1854; x_wconf 75' lang='grc' dir='ltr'>τινὰς</span> <span class='ocrx_word' id='word_1_102' title='bbox 1221 1793 1551 1862; x_wconf 77' lang='grc' dir='ltr'><strong><em>μιμούμεναι</em></strong></span> <span class='ocrx_word' id='word_1_103' title='bbox 1575 1793 1684 1845; x_wconf 83' lang='grc' dir='ltr'><strong><em>τῶν</em></strong></span> 
     </span>
    </p>
   </div>
   <div class='ocr_carea' id='block_1_20' title="bbox 90 1879 1685 1952">
    <p class='ocr_par' dir='ltr' id='par_1_20' title="bbox 90 1879 1685 1952">
     <span class='ocr_line' id='line_1_20' title="bbox 90 1879 1685 1952; baseline 0.001 -19"><span class='ocrx_word' id='word_1_104' title='bbox 90 1883 319 1933; x_wconf 84' lang='grc' dir='ltr'>πόλεων</span> <span class='ocrx_word' id='word_1_105' title='bbox 347 1881 518 1949; x_wconf 66' lang='grc' dir='ltr'>ὄψεις.</span> <span class='ocrx_word' id='word_1_106' title='bbox 553 1882 647 1932; x_wconf 77' lang='grc' dir='ltr'><strong><em>καὶ</em></strong></span> <span class='ocrx_word' id='word_1_107' title='bbox 677 1881 885 1949; x_wconf 78' lang='grc' dir='ltr'><strong><em>μεγέθη</em></strong></span> <span class='ocrx_word' id='word_1_108' title='bbox 920 1879 1179 1950; x_wconf 88' lang='grc' dir='ltr'>πύργων,</span> <span class='ocrx_word' id='word_1_109' title='bbox 1215 1883 1307 1933; x_wconf 77' lang='grc' dir='ltr'>καὶ</span> <span class='ocrx_word' id='word_1_110' title='bbox 1343 1882 1556 1952; x_wconf 73' lang='grc' dir='ltr'>μορφὰς</span> <span class='ocrx_word' id='word_1_111' title='bbox 1592 1883 1685 1936; x_wconf 72' lang='grc' dir='ltr'>ἀν-</span> 
     </span>
    </p>
   </div>
   <div class='ocr_carea' id='block_1_21' title="bbox 89 1971 1685 2044">
    <p class='ocr_par' dir='ltr' id='par_1_21' title="bbox 89 1971 1685 2044">
     <span class='ocr_line' id='line_1_21' title="bbox 89 1971 1685 2044; baseline 0.001 -20"><span class='ocrx_word' id='word_1_112' title='bbox 89 1974 245 2044; x_wconf 69' lang='grc' dir='ltr'>δρῶν</span> <span class='ocrx_word' id='word_1_113' title='bbox 282 1974 377 2024; x_wconf 68' lang='grc' dir='ltr'><strong><em>καὶ</em></strong></span> <span class='ocrx_word' id='word_1_114' title='bbox 408 1971 703 2039; x_wconf 83' lang='grc' dir='ltr'>γυναικῶν,</span> <span class='ocrx_word' id='word_1_115' title='bbox 741 1971 869 2023; x_wconf 80' lang='grc' dir='ltr'>ποτὲ</span> <span class='ocrx_word' id='word_1_116' title='bbox 911 1971 967 2024; x_wconf 84' lang='grc' dir='ltr'>δὲ</span> <span class='ocrx_word' id='word_1_117' title='bbox 1002 1973 1147 2034; x_wconf 84' lang='grc' dir='ltr'>νέας,</span> <span class='ocrx_word' id='word_1_118' title='bbox 1182 1973 1312 2025; x_wconf 86' lang='grc' dir='ltr'>ποτὲ</span> <span class='ocrx_word' id='word_1_119' title='bbox 1349 1973 1405 2026; x_wconf 81' lang='grc' dir='ltr'><strong><em>δὲ</em></strong></span> <span class='ocrx_word' id='word_1_120' title='bbox 1443 1973 1685 2044; x_wconf 78' lang='grc' dir='ltr'>πρεσϐυ-</span> 
     </span>
    </p>
   </div>
   <div class='ocr_carea' id='block_1_22' title="bbox 89 2064 1686 2136">
    <p class='ocr_par' dir='ltr' id='par_1_22' title="bbox 89 2064 1686 2136">
     <span class='ocr_line' id='line_1_22' title="bbox 89 2064 1686 2136; baseline 0.002 -19"><span class='ocrx_word' id='word_1_121' title='bbox 89 2067 284 2126; x_wconf 70' lang='grc' dir='ltr'>τικὰς,</span> <span class='ocrx_word' id='word_1_122' title='bbox 316 2065 443 2118; x_wconf 79' lang='grc' dir='ltr'>ποτὲ</span> <span class='ocrx_word' id='word_1_123' title='bbox 477 2064 530 2116; x_wconf 84' lang='grc' dir='ltr'>δὲ</span> <span class='ocrx_word' id='word_1_124' title='bbox 569 2064 874 2133; x_wconf 81' lang='grc' dir='ltr'>βασιλικὰς,</span> <span class='ocrx_word' id='word_1_125' title='bbox 908 2067 1038 2117; x_wconf 86' lang='grc' dir='ltr'>ποτὲ</span> <span class='ocrx_word' id='word_1_126' title='bbox 1068 2066 1124 2118; x_wconf 86' lang='grc' dir='ltr'>δὲ</span> <span class='ocrx_word' id='word_1_127' title='bbox 1153 2067 1448 2136; x_wconf 80' lang='grc' dir='ltr'>νυμφικάς,</span> <span class='ocrx_word' id='word_1_128' title='bbox 1480 2068 1611 2120; x_wconf 81' lang='grc' dir='ltr'>ποτὲ</span> <span class='ocrx_word' id='word_1_129' title='bbox 1629 2067 1686 2120; x_wconf 83' lang='grc' dir='ltr'>δὲ</span> 
     </span>
    </p>
   </div>
   <div class='ocr_carea' id='block_1_23' title="bbox 92 2153 1689 2225">
    <p class='ocr_par' dir='ltr' id='par_1_23' title="bbox 92 2153 1689 2225">
     <span class='ocr_line' id='line_1_23' title="bbox 92 2153 1689 2225; baseline 0.004 -22"><span class='ocrx_word' id='word_1_130' title='bbox 92 2153 441 2222; x_wconf 70' lang='grc' dir='ltr'>σκυθρωπάς</span> <span class='ocrx_word' id='word_1_131' title='bbox 462 2194 476 2217; x_wconf 95' lang='grc'><strong><em>,</em></strong></span> <span class='ocrx_word' id='word_1_132' title='bbox 509 2155 600 2206; x_wconf 86' lang='grc' dir='ltr'><strong><em>καί</em></strong></span> <span class='ocrx_word' id='word_1_133' title='bbox 635 2171 763 2206; x_wconf 84' lang='grc' dir='ltr'>ποτε</span> <span class='ocrx_word' id='word_1_134' title='bbox 795 2159 1114 2225; x_wconf 78' lang='grc' dir='ltr'><strong><em>περιχαρεῖς</em></strong></span> <span class='ocrx_word' id='word_1_135' title='bbox 1140 2156 1476 2210; x_wconf 86' lang='grc' dir='ltr'>δεικνύονται</span> <span class='ocrx_word' id='word_1_136' title='bbox 1496 2174 1510 2188; x_wconf 74' lang='grc' dir='ltr'><strong>ο</strong></span> <span class='ocrx_word' id='word_1_137' title='bbox 1546 2157 1689 2210; x_wconf 81' lang='grc' dir='ltr'>οὕτω</span> 
     </span>
    </p>
   </div>
   <div class='ocr_carea' id='block_1_24' title="bbox 90 2244 1688 2321">
    <p class='ocr_par' dir='ltr' id='par_1_24' title="bbox 90 2244 1688 2321">
     <span class='ocr_line' id='line_1_24' title="bbox 90 2244 1688 2321; baseline 0.005 -27"><span class='ocrx_word' id='word_1_138' title='bbox 90 2246 195 2294; x_wconf 72' lang='grc' dir='ltr'><strong><em>καὶ</em></strong></span> <span class='ocrx_word' id='word_1_139' title='bbox 228 2246 281 2296; x_wconf 89' lang='grc' dir='ltr'>οἱ</span> <span class='ocrx_word' id='word_1_140' title='bbox 311 2245 418 2296; x_wconf 79' lang='grc' dir='ltr'><strong><em>τῶν</em></strong></span> <span class='ocrx_word' id='word_1_141' title='bbox 450 2244 803 2314; x_wconf 81' lang='grc' dir='ltr'>μαρτυρικῶν</span> <span class='ocrx_word' id='word_1_142' title='bbox 835 2245 1061 2314; x_wconf 83' lang='grc' dir='ltr'><strong><em>ἀγώνων</em></strong></span> <span class='ocrx_word' id='word_1_143' title='bbox 1089 2247 1213 2311; x_wconf 67' lang='grc' dir='ltr'>τοὺς</span> <span class='ocrx_word' id='word_1_144' title='bbox 1243 2248 1432 2316; x_wconf 82' lang='grc' dir='ltr'><strong><em>λόγους</em></strong></span> <span class='ocrx_word' id='word_1_145' title='bbox 1472 2250 1688 2321; x_wconf 78' lang='grc' dir='ltr'>ἱστορή-</span> 
     </span>
    </p>
   </div>
   <div class='ocr_carea' id='block_1_25' title="bbox 93 2337 1687 2411">
    <p class='ocr_par' dir='ltr' id='par_1_25' title="bbox 93 2337 1687 2411">
     <span class='ocr_line' id='line_1_25' title="bbox 93 2337 1687 2411; baseline 0.005 -24"><span class='ocrx_word' id='word_1_146' title='bbox 93 2351 327 2398; x_wconf 82' lang='grc' dir='ltr'>σαντες,</span> <span class='ocrx_word' id='word_1_147' title='bbox 360 2337 420 2388; x_wconf 73' lang='grc' dir='ltr'>τὸ</span> <span class='ocrx_word' id='word_1_148' title='bbox 448 2339 674 2409; x_wconf 71' lang='grc' dir='ltr'>στερρὸν</span> <span class='ocrx_word' id='word_1_149' title='bbox 719 2338 817 2406; x_wconf 79' lang='grc' dir='ltr'>τῆς</span> <span class='ocrx_word' id='word_1_150' title='bbox 849 2338 1056 2409; x_wconf 79' lang='grc' dir='ltr'>ψυχῆς,</span> <span class='ocrx_word' id='word_1_151' title='bbox 1087 2340 1182 2392; x_wconf 66' lang='grc' dir='ltr'><strong><em>καὶ</em></strong></span> <span class='ocrx_word' id='word_1_152' title='bbox 1228 2341 1319 2394; x_wconf 82' lang='grc' dir='ltr'><strong><em>τὸν</em></strong></span> <span class='ocrx_word' id='word_1_153' title='bbox 1369 2341 1568 2411; x_wconf 85' lang='grc' dir='ltr'><strong><em>τρόπον</em></strong></span> <span class='ocrx_word' id='word_1_154' title='bbox 1595 2343 1687 2395; x_wconf 80' lang='grc' dir='ltr'><strong><em>τὸν</em></strong></span> 
     </span>
    </p>
   </div>
   <div class='ocr_carea' id='block_1_26' title="bbox 91 2429 1688 2506">
    <p class='ocr_par' dir='ltr' id='par_1_26' title="bbox 91 2429 1688 2506">
     <span class='ocr_line' id='line_1_26' title="bbox 91 2429 1688 2506; baseline 0.006 -28"><span class='ocrx_word' id='word_1_155' title='bbox 91 2429 376 2495; x_wconf 80' lang='grc' dir='ltr'>ἀνδρεῖον,</span> <span class='ocrx_word' id='word_1_156' title='bbox 409 2432 501 2483; x_wconf 75' lang='grc' dir='ltr'><strong><em>καὶ</em></strong></span> <span class='ocrx_word' id='word_1_157' title='bbox 539 2431 638 2502; x_wconf 82' lang='grc' dir='ltr'>τὴν</span> <span class='ocrx_word' id='word_1_158' title='bbox 672 2435 728 2485; x_wconf 82' lang='grc' dir='ltr'>ὲν</span> <span class='ocrx_word' id='word_1_159' title='bbox 755 2436 864 2496; x_wconf 88' lang='grc' dir='ltr'>τοῖς</span> <span class='ocrx_word' id='word_1_160' title='bbox 900 2435 1093 2495; x_wconf 76' lang='grc' dir='ltr'>δεινοῖς</span> <span class='ocrx_word' id='word_1_161' title='bbox 1126 2435 1468 2506; x_wconf 88' lang='grc' dir='ltr'>παράστασιν</span> <span class='ocrx_word' id='word_1_162' title='bbox 1492 2474 1508 2497; x_wconf 84' lang='lat'><strong><em>,</em></strong></span> <span class='ocrx_word' id='word_1_163' title='bbox 1551 2435 1688 2503; x_wconf 83' lang='grc' dir='ltr'>ἀφο-</span> 
     </span>
    </p>
   </div>
   <div class='ocr_carea' id='block_1_27' title="bbox 91 2519 1688 2596">
    <p class='ocr_par' dir='ltr' id='par_1_27' title="bbox 91 2519 1688 2596">
     <span class='ocr_line' id='line_1_27' title="bbox 91 2519 1688 2596; baseline 0.007 -27"><span class='ocrx_word' id='word_1_164' title='bbox 91 2519 192 2570; x_wconf 78' lang='grc' dir='ltr'>ϐον</span> <span class='ocrx_word' id='word_1_165' title='bbox 247 2522 342 2572; x_wconf 77' lang='grc' dir='ltr'><strong><em>καὶ</em></strong></span> <span class='ocrx_word' id='word_1_166' title='bbox 394 2521 656 2592; x_wconf 74' lang='grc' dir='ltr'>εῦτολμον</span> <span class='ocrx_word' id='word_1_167' title='bbox 681 2566 694 2588; x_wconf 86' lang='grc'><strong><em>,</em></strong></span> <span class='ocrx_word' id='word_1_168' title='bbox 727 2525 819 2576; x_wconf 80' lang='grc' dir='ltr'><strong><em>καὶ</em></strong></span> <span class='ocrx_word' id='word_1_169' title='bbox 851 2526 1270 2594; x_wconf 77' lang='grc' dir='ltr'><strong><em>ἀκατάπληκτον</em></strong></span> <span class='ocrx_word' id='word_1_170' title='bbox 1296 2566 1311 2588; x_wconf 92' lang='grc'><strong><em>,</em></strong></span> <span class='ocrx_word' id='word_1_171' title='bbox 1350 2526 1443 2578; x_wconf 78' lang='grc' dir='ltr'>καὶ</span> <span class='ocrx_word' id='word_1_172' title='bbox 1476 2525 1574 2596; x_wconf 82' lang='grc' dir='ltr'>τὴν</span> <span class='ocrx_word' id='word_1_173' title='bbox 1624 2530 1688 2580; x_wconf 78' lang='grc' dir='ltr'>ὲκ</span> 
     </span>
    </p>
   </div>
   <div class='ocr_carea' id='block_1_28' title="bbox 93 2611 1687 2683">
    <p class='ocr_par' dir='ltr' id='par_1_28' title="bbox 93 2611 1687 2683">
     <span class='ocr_line' id='line_1_28' title="bbox 93 2611 1687 2683; baseline 0.005 -21"><span class='ocrx_word' id='word_1_174' title='bbox 93 2611 350 2680; x_wconf 78' lang='grc' dir='ltr'>Χριστοῦ</span> <span class='ocrx_word' id='word_1_175' title='bbox 418 2615 739 2682; x_wconf 74' lang='grc' dir='ltr'>συμμαχίαν</span> <span class='ocrx_word' id='word_1_176' title='bbox 796 2615 932 2683; x_wconf 83' lang='grc' dir='ltr'>πρὸς</span> <span class='ocrx_word' id='word_1_177' title='bbox 978 2617 1175 2679; x_wconf 70' lang='grc' dir='ltr'>αὐτοὺς</span> <span class='ocrx_word' id='word_1_178' title='bbox 1226 2616 1687 2682; x_wconf 79' lang='grc' dir='ltr'>καταϐαίνουσαν,</span> 
     </span>
    </p>
   </div>
   <div class='ocr_carea' id='block_1_29' title="bbox 95 2705 1692 2778">
    <p class='ocr_par' dir='ltr' id='par_1_29' title="bbox 95 2705 1692 2778">
     <span class='ocr_line' id='line_1_29' title="bbox 95 2705 1692 2778; baseline 0.006 -22"><span class='ocrx_word' id='word_1_179' title='bbox 95 2705 240 2758; x_wconf 85' lang='grc' dir='ltr'>ποτὲ</span> <span class='ocrx_word' id='word_1_180' title='bbox 280 2705 378 2774; x_wconf 80' lang='grc' dir='ltr'><strong><em>μὲν</em></strong></span> <span class='ocrx_word' id='word_1_181' title='bbox 402 2705 463 2757; x_wconf 80' lang='grc' dir='ltr'>τὸ</span> <span class='ocrx_word' id='word_1_182' title='bbox 494 2706 698 2775; x_wconf 80' lang='grc' dir='ltr'>πλῆθος</span> <span class='ocrx_word' id='word_1_183' title='bbox 727 2707 832 2760; x_wconf 80' lang='grc' dir='ltr'><strong><em>τῶν</em></strong></span> <span class='ocrx_word' id='word_1_184' title='bbox 867 2709 1130 2778; x_wconf 82' lang='grc' dir='ltr'>σημείων,</span> <span class='ocrx_word' id='word_1_185' title='bbox 1156 2709 1286 2762; x_wconf 78' lang='grc' dir='ltr'>ποτὲ</span> <span class='ocrx_word' id='word_1_186' title='bbox 1313 2710 1370 2762; x_wconf 82' lang='grc' dir='ltr'>δὲ</span> <span class='ocrx_word' id='word_1_187' title='bbox 1403 2711 1494 2762; x_wconf 84' lang='grc' dir='ltr'><strong><em>τὸν</em></strong></span> <span class='ocrx_word' id='word_1_188' title='bbox 1525 2711 1692 2766; x_wconf 87' lang='grc' dir='ltr'>πλοῦ-</span> 
     </span>
    </p>
   </div>
   <div class='ocr_carea' id='block_1_30' title="bbox 93 2797 1691 2870">
    <p class='ocr_par' dir='ltr' id='par_1_30' title="bbox 93 2797 1691 2870">
     <span class='ocr_line' id='line_1_30' title="bbox 93 2797 1691 2870; baseline 0.006 -24"><span class='ocrx_word' id='word_1_189' title='bbox 93 2813 195 2847; x_wconf 87' lang='grc' dir='ltr'><strong><em>τον</em></strong></span> <span class='ocrx_word' id='word_1_190' title='bbox 231 2797 295 2848; x_wconf 80' lang='grc' dir='ltr'>ὲν</span> <span class='ocrx_word' id='word_1_191' title='bbox 317 2799 428 2859; x_wconf 83' lang='grc' dir='ltr'>τοῖς</span> <span class='ocrx_word' id='word_1_192' title='bbox 459 2797 639 2864; x_wconf 78' lang='grc' dir='ltr'><strong><em>λόγοις</em></strong></span> <span class='ocrx_word' id='word_1_193' title='bbox 673 2799 774 2868; x_wconf 82' lang='grc' dir='ltr'>τῆς</span> <span class='ocrx_word' id='word_1_194' title='bbox 802 2801 1026 2868; x_wconf 81' lang='grc' dir='ltr'>χάριτος</span> <span class='ocrx_word' id='word_1_195' title='bbox 1053 2801 1531 2870; x_wconf 81' lang='grc' dir='ltr'>ὁμολογουμένην.</span> <span class='ocrx_word' id='word_1_196' title='bbox 1568 2806 1691 2866; x_wconf 80' lang='grc' dir='ltr'>ταῖς</span> 
     </span>
    </p>
   </div>
   <div class='ocr_carea' id='block_1_31' title="bbox 97 2888 1693 2964">
    <p class='ocr_par' dir='ltr' id='par_1_31' title="bbox 97 2888 1693 2964">
     <span class='ocr_line' id='line_1_31' title="bbox 97 2888 1693 2964; baseline 0.005 -25"><span class='ocrx_word' id='word_1_197' title='bbox 97 2889 308 2950; x_wconf 83' lang='grc' dir='ltr'>ἀκοαῖς</span> <span class='ocrx_word' id='word_1_198' title='bbox 338 2888 753 2957; x_wconf 74' lang='grc' dir='ltr'>ἐμφανίζουσιν.</span> <span class='ocrx_word' id='word_1_199' title='bbox 788 2890 1053 2958; x_wconf 83' lang='grc' dir='ltr'>Λογγίνου</span> <span class='ocrx_word' id='word_1_200' title='bbox 1088 2891 1144 2942; x_wconf 83' lang='grc' dir='ltr'><strong><em>δὲ</em></strong></span> <span class='ocrx_word' id='word_1_201' title='bbox 1185 2892 1292 2961; x_wconf 83' lang='grc' dir='ltr'>ἄρα</span> <span class='ocrx_word' id='word_1_202' title='bbox 1339 2894 1558 2964; x_wconf 84' lang='grc' dir='ltr'>γραφὴν</span> <span class='ocrx_word' id='word_1_203' title='bbox 1605 2910 1693 2948; x_wconf 61' lang='grc' dir='ltr'><strong><em>σον</em></strong></span> 
     </span>
    </p>
   </div>
   <div class='ocr_carea' id='block_1_32' title="bbox 99 2983 1692 3057">
    <p class='ocr_par' dir='ltr' id='par_1_32' title="bbox 99 2983 1692 3057">
     <span class='ocr_line' id='line_1_32' title="bbox 99 2983 1692 3057; baseline 0.003 -22"><span class='ocrx_word' id='word_1_204' title='bbox 99 2983 213 3050; x_wconf 76' lang='grc' dir='ltr'>φοῦ</span> <span class='ocrx_word' id='word_1_205' title='bbox 253 3001 314 3036; x_wconf 86' lang='grc' dir='ltr'><strong><em>τε</em></strong></span> <span class='ocrx_word' id='word_1_206' title='bbox 347 2985 438 3037; x_wconf 79' lang='grc' dir='ltr'><strong><em>καὶ</em></strong></span> <span class='ocrx_word' id='word_1_207' title='bbox 468 2984 742 3054; x_wconf 80' lang='grc' dir='ltr'>ἀνδρείου,</span> <span class='ocrx_word' id='word_1_208' title='bbox 785 2985 1077 3055; x_wconf 75' lang='grc' dir='ltr'><strong><em>ἐξαιρέτως</em></strong></span> <span class='ocrx_word' id='word_1_209' title='bbox 1116 2985 1216 3054; x_wconf 80' lang='grc' dir='ltr'><strong><em>τῆς</em></strong></span> <span class='ocrx_word' id='word_1_210' title='bbox 1260 2986 1400 3056; x_wconf 83' lang='grc' dir='ltr'>ὑπὲρ</span> <span class='ocrx_word' id='word_1_211' title='bbox 1432 2985 1526 3039; x_wconf 86' lang='grc' dir='ltr'><strong><em>τοῦ</em></strong></span> <span class='ocrx_word' id='word_1_212' title='bbox 1556 2987 1692 3057; x_wconf 87' lang='grc' dir='ltr'>Χρι-</span> 
     </span>
    </p>
   </div>
   <div class='ocr_carea' id='block_1_33' title="bbox 102 3071 1695 3147">
    <p class='ocr_par' dir='ltr' id='par_1_33' title="bbox 102 3071 1695 3147">
     <span class='ocr_line' id='line_1_33' title="bbox 102 3071 1695 3147; baseline 0.002 -20"><span class='ocrx_word' id='word_1_213' title='bbox 102 3074 245 3127; x_wconf 85' lang='grc' dir='ltr'>στοῦ</span> <span class='ocrx_word' id='word_1_214' title='bbox 281 3075 590 3145; x_wconf 81' lang='grc' dir='ltr'>μαρτυρίας</span> <span class='ocrx_word' id='word_1_215' title='bbox 608 3114 624 3139; x_wconf 89' lang='grc'><strong><em>,</em></strong></span> <span class='ocrx_word' id='word_1_216' title='bbox 652 3071 718 3146; x_wconf 81' lang='grc' dir='ltr'>ἦς</span> <span class='ocrx_word' id='word_1_217' title='bbox 749 3076 952 3145; x_wconf 70' lang='grc' dir='ltr'>ἤρξατο</span> <span class='ocrx_word' id='word_1_218' title='bbox 978 3075 1317 3147; x_wconf 81' lang='grc' dir='ltr'>ὁμολογήσας</span> <span class='ocrx_word' id='word_1_219' title='bbox 1343 3077 1506 3131; x_wconf 77' lang='grc' dir='ltr'>αὑτὸν</span> <span class='ocrx_word' id='word_1_220' title='bbox 1527 3115 1542 3142; x_wconf 87' lang='lat'><strong><em>,</em></strong></span> <span class='ocrx_word' id='word_1_221' title='bbox 1577 3077 1695 3141; x_wconf 87' lang='grc' dir='ltr'>πῶς</span> 
     </span>
    </p>
   </div>
   <div class='ocr_carea' id='block_1_34' title="bbox 99 3165 1693 3236">
    <p class='ocr_par' dir='ltr' id='par_1_34' title="bbox 99 3165 1693 3236">
     <span class='ocr_line' id='line_1_34' title="bbox 99 3165 1693 3236; baseline 0.014 -21"><span class='ocrx_word' id='word_1_222' title='bbox 99 3165 358 3232; x_wconf 71' lang='grc' dir='ltr'>ἐπαξίως</span> <span class='ocrx_word' id='word_1_223' title='bbox 395 3165 748 3236; x_wconf 80' lang='grc' dir='ltr'>ἱστορήσαιμι</span> <span class='ocrx_word' id='word_1_224' title='bbox 773 3181 789 3230; x_wconf 86' lang='lat'><strong>;</strong></span> <span class='ocrx_word' id='word_1_225' title='bbox 1691 3172 1693 3176; x_wconf 21' lang='lat' dir='ltr'><strong><em>l</em></strong></span> 
     </span>
    </p>
   </div>
   <div class='ocr_carea' id='block_1_35' title="bbox 184 3345 1698 3419">
    <p class='ocr_par' dir='ltr' id='par_1_35' title="bbox 184 3345 1698 3419">
     <span class='ocr_line' id='line_1_35' title="bbox 184 3345 1698 3419; baseline 0.001 -18"><span class='ocrx_word' id='word_1_226' title='bbox 184 3345 257 3414; x_wconf 83' lang='grc' dir='ltr'><strong><em>β’.</em></strong></span> <span class='ocrx_word' id='word_1_227' title='bbox 285 3347 415 3398; x_wconf 85' lang='grc' dir='ltr'>Ὅτε</span> <span class='ocrx_word' id='word_1_228' title='bbox 441 3348 550 3416; x_wconf 83' lang='grc' dir='ltr'><strong><em>γὰρ</em></strong></span> <span class='ocrx_word' id='word_1_229' title='bbox 577 3347 655 3416; x_wconf 81' lang='grc' dir='ltr'>τῷ</span> <span class='ocrx_word' id='word_1_230' title='bbox 680 3346 829 3416; x_wconf 74' lang='grc' dir='ltr'><strong><em>φόϐῳ</em></strong></span> <span class='ocrx_word' id='word_1_231' title='bbox 861 3346 1146 3417; x_wconf 82' lang='grc' dir='ltr'>συγχυθεὶς</span> <span class='ocrx_word' id='word_1_232' title='bbox 1177 3348 1514 3419; x_wconf 82' lang='grc' dir='ltr'>ὲξηρνήσατο</span> <span class='ocrx_word' id='word_1_233' title='bbox 1538 3351 1698 3403; x_wconf 79' lang='grc' dir='ltr'>αὐτὸν</span> 
     </span>
    </p>
   </div>
   <div class='ocr_carea' id='block_1_36' title="bbox 102 3439 1696 3512">
    <p class='ocr_par' dir='ltr' id='par_1_36' title="bbox 102 3439 1696 3512">
     <span class='ocr_line' id='line_1_36' title="bbox 102 3439 1696 3512; baseline 0.002 -20"><span class='ocrx_word' id='word_1_234' title='bbox 102 3440 240 3502; x_wconf 84' lang='grc' dir='ltr'>ὅλος</span> <span class='ocrx_word' id='word_1_235' title='bbox 274 3442 303 3492; x_wconf 87' lang='grc' dir='ltr'>ὁ</span> <span class='ocrx_word' id='word_1_236' title='bbox 330 3439 489 3510; x_wconf 83' lang='grc' dir='ltr'>χορὸς</span> <span class='ocrx_word' id='word_1_237' title='bbox 519 3440 627 3492; x_wconf 82' lang='grc' dir='ltr'>τῶν</span> <span class='ocrx_word' id='word_1_238' title='bbox 658 3441 971 3492; x_wconf 81' lang='grc' dir='ltr'>ἀποστόλων</span> <span class='ocrx_word' id='word_1_239' title='bbox 991 3457 1005 3470; x_wconf 77' lang='grc' dir='ltr'><strong>ο</strong></span> <span class='ocrx_word' id='word_1_240' title='bbox 1040 3439 1202 3508; x_wconf 80' lang='grc' dir='ltr'>χωλοὶ</span> <span class='ocrx_word' id='word_1_241' title='bbox 1232 3440 1288 3493; x_wconf 83' lang='grc' dir='ltr'>δὲ</span> <span class='ocrx_word' id='word_1_242' title='bbox 1328 3440 1422 3504; x_wconf 84' lang='grc' dir='ltr'><strong><em>οὓς</em></strong></span> <span class='ocrx_word' id='word_1_243' title='bbox 1454 3443 1696 3512; x_wconf 79' lang='grc' dir='ltr'>ἥγειρεν,</span> 
     </span>
    </p>
   </div>
   <div class='ocr_carea' id='block_1_37' title="bbox 102 3531 1700 3604">
    <p class='ocr_par' dir='ltr' id='par_1_37' title="bbox 102 3531 1700 3604">
     <span class='ocr_line' id='line_1_37' title="bbox 102 3531 1700 3604; baseline 0.001 -20"><span class='ocrx_word' id='word_1_244' title='bbox 102 3533 312 3599; x_wconf 82' lang='grc' dir='ltr'>τυφλοί</span> <span class='ocrx_word' id='word_1_245' title='bbox 337 3549 394 3584; x_wconf 90' lang='grc' dir='ltr'><strong><em>τε</em></strong></span> <span class='ocrx_word' id='word_1_246' title='bbox 421 3531 514 3594; x_wconf 79' lang='grc' dir='ltr'><strong><em>οὓς</em></strong></span> <span class='ocrx_word' id='word_1_247' title='bbox 535 3531 819 3600; x_wconf 81' lang='grc' dir='ltr'>ἐφώτισεν,</span> <span class='ocrx_word' id='word_1_248' title='bbox 847 3531 1035 3602; x_wconf 81' lang='grc' dir='ltr'>λεπροί</span> <span class='ocrx_word' id='word_1_249' title='bbox 1055 3549 1118 3585; x_wconf 88' lang='grc' dir='ltr'><strong><em>τε</em></strong></span> <span class='ocrx_word' id='word_1_250' title='bbox 1149 3533 1265 3601; x_wconf 81' lang='grc' dir='ltr'>μετ’</span> <span class='ocrx_word' id='word_1_251' title='bbox 1287 3533 1467 3586; x_wconf 84' lang='grc' dir='ltr'>αὐτῶν</span> <span class='ocrx_word' id='word_1_252' title='bbox 1487 3533 1578 3597; x_wconf 80' lang='grc' dir='ltr'><strong><em>οὓς</em></strong></span> <span class='ocrx_word' id='word_1_253' title='bbox 1600 3534 1700 3604; x_wconf 82' lang='grc' dir='ltr'><strong><em>τῆς</em></strong></span> 
     </span>
    </p>
   </div>
   <div class='ocr_carea' id='block_1_38' title="bbox 105 3622 1700 3695">
    <p class='ocr_par' dir='ltr' id='par_1_38' title="bbox 105 3622 1700 3695">
     <span class='ocr_line' id='line_1_38' title="bbox 105 3622 1700 3695; baseline 0.001 -19"><span class='ocrx_word' id='word_1_254' title='bbox 105 3623 444 3676; x_wconf 85' lang='grc' dir='ltr'>πολυτίλτου</span> <span class='ocrx_word' id='word_1_255' title='bbox 485 3623 648 3691; x_wconf 77' lang='grc' dir='ltr'>δορᾶς</span> <span class='ocrx_word' id='word_1_256' title='bbox 685 3623 779 3675; x_wconf 78' lang='grc' dir='ltr'>καὶ</span> <span class='ocrx_word' id='word_1_257' title='bbox 817 3625 918 3692; x_wconf 78' lang='grc' dir='ltr'><strong><em>τῆς</em></strong></span> <span class='ocrx_word' id='word_1_258' title='bbox 962 3622 1163 3695; x_wconf 82' lang='grc' dir='ltr'>σαρκὸς</span> <span class='ocrx_word' id='word_1_259' title='bbox 1199 3623 1308 3677; x_wconf 83' lang='grc' dir='ltr'>τῶν</span> <span class='ocrx_word' id='word_1_260' title='bbox 1341 3625 1700 3695; x_wconf 84' lang='grc' dir='ltr'>μωμημάτων</span> 
     </span>
    </p>
   </div>
   <div class='ocr_carea' id='block_1_39' title="bbox 106 3707 1702 3786">
    <p class='ocr_par' dir='ltr' id='par_1_39' title="bbox 106 3707 1702 3786">
     <span class='ocr_line' id='line_1_39' title="bbox 106 3707 1702 3786; baseline 0.002 -20"><span class='ocrx_word' id='word_1_261' title='bbox 106 3714 519 3784; x_wconf 68' lang='grc' dir='ltr'>ἠλευθέρωσεν,</span> <span class='ocrx_word' id='word_1_262' title='bbox 549 3714 645 3766; x_wconf 77' lang='grc' dir='ltr'><strong><em>καὶ</em></strong></span> <span class='ocrx_word' id='word_1_263' title='bbox 689 3713 839 3767; x_wconf 76' lang='grc' dir='ltr'>ἄλλοι</span> <span class='ocrx_word' id='word_1_264' title='bbox 880 3707 953 3766; x_wconf 84' lang='grc' dir='ltr'>ὧν</span> <span class='ocrx_word' id='word_1_265' title='bbox 999 3714 1097 3779; x_wconf 87' lang='grc' dir='ltr'><strong><em>τάς</em></strong></span> <span class='ocrx_word' id='word_1_266' title='bbox 1141 3716 1426 3786; x_wconf 83' lang='grc' dir='ltr'>συμφορὰς</span> <span class='ocrx_word' id='word_1_267' title='bbox 1465 3715 1702 3769; x_wconf 78' lang='grc' dir='ltr'>ἔπαυσεν</span> 
     </span>
    </p>
   </div>
   <div class='ocr_carea' id='block_1_40' title="bbox 109 3802 1701 3875">
    <p class='ocr_par' dir='ltr' id='par_1_40' title="bbox 109 3802 1701 3875">
     <span class='ocr_line' id='line_1_40' title="bbox 109 3802 1701 3875; baseline 0 -19"><span class='ocrx_word' id='word_1_268' title='bbox 109 3804 220 3858; x_wconf 79' lang='grc' dir='ltr'>καὶ</span> <span class='ocrx_word' id='word_1_269' title='bbox 243 3805 340 3867; x_wconf 86' lang='grc' dir='ltr'>τὰς</span> <span class='ocrx_word' id='word_1_270' title='bbox 364 3804 552 3866; x_wconf 77' lang='grc' dir='ltr'>νόσους</span> <span class='ocrx_word' id='word_1_271' title='bbox 575 3802 836 3872; x_wconf 78' lang='grc' dir='ltr'>ὲχάλασεν</span> <span class='ocrx_word' id='word_1_272' title='bbox 859 3802 957 3873; x_wconf 89' lang='grc' dir='ltr'><strong><em>(Ι),</em></strong></span> <span class='ocrx_word' id='word_1_273' title='bbox 976 3805 1068 3854; x_wconf 74' lang='grc' dir='ltr'><strong><em>καὶ</em></strong></span> <span class='ocrx_word' id='word_1_274' title='bbox 1093 3804 1230 3875; x_wconf 81' lang='grc' dir='ltr'>πρὸς</span> <span class='ocrx_word' id='word_1_275' title='bbox 1253 3804 1313 3857; x_wconf 84' lang='grc' dir='ltr'>τὺ</span> <span class='ocrx_word' id='word_1_276' title='bbox 1336 3807 1580 3874; x_wconf 85' lang='grc' dir='ltr'>κρεῖττον</span> <span class='ocrx_word' id='word_1_277' title='bbox 1603 3805 1701 3874; x_wconf 82' lang='grc' dir='ltr'>τὴν</span> 
     </span>
    </p>
   </div>
   <div class='ocr_carea' id='block_1_41' title="bbox 107 3890 1699 3967">
    <p class='ocr_par' dir='ltr' id='par_1_41' title="bbox 107 3890 1699 3967">
     <span class='ocr_line' id='line_1_41' title="bbox 107 3890 1699 3967; baseline 0.001 -18"><span class='ocrx_word' id='word_1_278' title='bbox 107 3898 327 3965; x_wconf 76' lang='grc' dir='ltr'>γνῶσιν</span> <span class='ocrx_word' id='word_1_279' title='bbox 346 3895 766 3966; x_wconf 82' lang='grc' dir='ltr'>μετεσκεύασεν,</span> <span class='ocrx_word' id='word_1_280' title='bbox 787 3890 932 3948; x_wconf 78' lang='grc' dir='ltr'>οῦτοι</span> <span class='ocrx_word' id='word_1_281' title='bbox 955 3896 1155 3958; x_wconf 85' lang='grc' dir='ltr'>πάντες</span> <span class='ocrx_word' id='word_1_282' title='bbox 1179 3896 1316 3967; x_wconf 82' lang='grc' dir='ltr'>πρὸς</span> <span class='ocrx_word' id='word_1_283' title='bbox 1337 3897 1396 3949; x_wconf 86' lang='grc' dir='ltr'><strong><em>τὸ</em></strong></span> <span class='ocrx_word' id='word_1_284' title='bbox 1415 3896 1597 3967; x_wconf 83' lang='grc' dir='ltr'>δρᾶμα</span> <span class='ocrx_word' id='word_1_285' title='bbox 1609 3899 1699 3950; x_wconf 86' lang='grc' dir='ltr'><strong><em>τοῦ</em></strong></span> 
     </span>
    </p>
   </div>
   <div class='ocr_carea' id='block_1_42' title="bbox 1865 1695 3368 1769">
    <p class='ocr_par' dir='ltr' id='par_1_42' title="bbox 1865 1695 3368 1769">
     <span class='ocr_line' id='line_1_42' title="bbox 1865 1695 3368 1769; baseline 0.003 -19"><span class='ocrx_word' id='word_1_286' title='bbox 1865 1697 1916 1750; x_wconf 82' lang='grc'><strong><em>1.</em></strong></span> <span class='ocrx_word' id='word_1_287' title='bbox 1988 1696 2168 1750; x_wconf 67' lang='lat' dir='ltr'><strong><em>Multa:</em></strong></span> <span class='ocrx_word' id='word_1_288' title='bbox 2230 1695 2503 1764; x_wconf 59' lang='lat' dir='ltr'><strong><em>variaeque</em></strong></span> <span class='ocrx_word' id='word_1_289' title='bbox 2562 1703 2688 1749; x_wconf 91' lang='lat' dir='ltr'><strong><em>sunt</em></strong></span> <span class='ocrx_word' id='word_1_290' title='bbox 2750 1695 2991 1751; x_wconf 85' lang='lat' dir='ltr'><strong><em>historiae</em></strong></span> <span class='ocrx_word' id='word_1_291' title='bbox 3049 1707 3368 1769; x_wconf 78' lang='lat' dir='ltr'><strong><em>martyrum.</em></strong></span> 
     </span>
    </p>
   </div>
   <div class='ocr_carea' id='block_1_43' title="bbox 1792 1787 3371 1857">
    <p class='ocr_par' dir='ltr' id='par_1_43' title="bbox 1792 1787 3371 1857">
     <span class='ocr_line' id='line_1_43' title="bbox 1792 1787 3371 1857; baseline 0 -14"><span class='ocrx_word' id='word_1_292' title='bbox 1792 1789 2262 1855; x_wconf 86' lang='lat' dir='ltr'><strong><em>Quemadmodum</em></strong></span> <span class='ocrx_word' id='word_1_293' title='bbox 2291 1788 2440 1842; x_wconf 90' lang='lat' dir='ltr'><strong><em>enim</em></strong></span> <span class='ocrx_word' id='word_1_294' title='bbox 2481 1787 2777 1841; x_wconf 67' lang='lat' dir='ltr'><strong><em>elaboratae</em></strong></span> <span class='ocrx_word' id='word_1_295' title='bbox 2807 1804 2836 1840; x_wconf 90' lang='lat' dir='ltr'><strong><em>a</em></strong></span> <span class='ocrx_word' id='word_1_296' title='bbox 2873 1789 3173 1857; x_wconf 83' lang='lat' dir='ltr'><strong><em>pictoribus</em></strong></span> <span class='ocrx_word' id='word_1_297' title='bbox 3207 1791 3371 1844; x_wconf 54' lang='lat' dir='ltr'><strong><em>tabuc</em></strong></span> 
     </span>
    </p>
   </div>
   <div class='ocr_carea' id='block_1_44' title="bbox 1792 1881 3372 1953">
    <p class='ocr_par' dir='ltr' id='par_1_44' title="bbox 1792 1881 3372 1953">
     <span class='ocr_line' id='line_1_44' title="bbox 1792 1881 3372 1953; baseline 0.001 -17"><span class='ocrx_word' id='word_1_298' title='bbox 1792 1883 1878 1948; x_wconf 62' lang='lat' dir='ltr'><strong><em>lat,</em></strong></span> <span class='ocrx_word' id='word_1_299' title='bbox 1912 1884 1967 1936; x_wconf 90' lang='lat' dir='ltr'><strong><em>in</em></strong></span> <span class='ocrx_word' id='word_1_300' title='bbox 2020 1883 2220 1952; x_wconf 88' lang='lat' dir='ltr'><strong><em>quibus</em></strong></span> <span class='ocrx_word' id='word_1_301' title='bbox 2267 1881 2484 1934; x_wconf 84' lang='lat' dir='ltr'><strong><em>urbium</em></strong></span> <span class='ocrx_word' id='word_1_302' title='bbox 2535 1881 2936 1935; x_wconf 88' lang='lat' dir='ltr'><strong><em>adumbrantur</em></strong></span> <span class='ocrx_word' id='word_1_303' title='bbox 2989 1882 3284 1953; x_wconf 77' lang='lat' dir='ltr'><strong><em>imagines,</em></strong></span> <span class='ocrx_word' id='word_1_304' title='bbox 3317 1892 3372 1938; x_wconf 87' lang='lat' dir='ltr'><strong><em>et</em></strong></span> 
     </span>
    </p>
   </div>
   <div class='ocr_carea' id='block_1_45' title="bbox 1793 1972 3370 2045">
    <p class='ocr_par' dir='ltr' id='par_1_45' title="bbox 1793 1972 3370 2045">
     <span class='ocr_line' id='line_1_45' title="bbox 1793 1972 3370 2045; baseline 0.001 -17"><span class='ocrx_word' id='word_1_305' title='bbox 1793 1973 2195 2045; x_wconf 79' lang='lat' dir='ltr'><strong><em>magnitudines</em></strong></span> <span class='ocrx_word' id='word_1_306' title='bbox 2234 1972 2465 2034; x_wconf 77' lang='lat' dir='ltr'><strong><em>tuprium</em></strong></span> <span class='ocrx_word' id='word_1_307' title='bbox 2497 1972 2774 2037; x_wconf 75' lang='lat' dir='ltr'><strong><em>exhibent,</em></strong></span> <span class='ocrx_word' id='word_1_308' title='bbox 2813 1981 2867 2028; x_wconf 88' lang='lat' dir='ltr'><strong><em>et</em></strong></span> <span class='ocrx_word' id='word_1_309' title='bbox 2894 1973 3097 2028; x_wconf 81' lang='lat' dir='ltr'><strong><em>formas</em></strong></span> <span class='ocrx_word' id='word_1_310' title='bbox 3131 1975 3370 2030; x_wconf 90' lang='lat' dir='ltr'><strong><em>virorum</em></strong></span> 
     </span>
    </p>
   </div>
   <div class='ocr_carea' id='block_1_46' title="bbox 1793 2063 3369 2138">
    <p class='ocr_par' dir='ltr' id='par_1_46' title="bbox 1793 2063 3369 2138">
     <span class='ocr_line' id='line_1_46' title="bbox 1793 2063 3369 2138; baseline 0.002 -19"><span class='ocrx_word' id='word_1_311' title='bbox 1793 2075 1955 2134; x_wconf 88' lang='lat' dir='ltr'><strong><em>atque</em></strong></span> <span class='ocrx_word' id='word_1_312' title='bbox 1983 2065 2296 2125; x_wconf 88' lang='lat' dir='ltr'><strong><em>mulierum,</em></strong></span> <span class='ocrx_word' id='word_1_313' title='bbox 2327 2064 2463 2116; x_wconf 89' lang='lat' dir='ltr'><strong><em>alias</em></strong></span> <span class='ocrx_word' id='word_1_314' title='bbox 2506 2063 2725 2132; x_wconf 83' lang='lat' dir='ltr'><strong><em>quidem</em></strong></span> <span class='ocrx_word' id='word_1_315' title='bbox 2780 2065 2984 2119; x_wconf 86' lang='lat' dir='ltr'><strong><em>seniles</em></strong></span> <span class='ocrx_word' id='word_1_316' title='bbox 3033 2074 3126 2120; x_wconf 90' lang='lat' dir='ltr'><strong><em>aut</em></strong></span> <span class='ocrx_word' id='word_1_317' title='bbox 3173 2068 3369 2138; x_wconf 85' lang='lat' dir='ltr'><strong><em>regias,</em></strong></span> 
     </span>
    </p>
   </div>
   <div class='ocr_carea' id='block_1_47' title="bbox 1794 2155 3372 2226">
    <p class='ocr_par' dir='ltr' id='par_1_47' title="bbox 1794 2155 3372 2226">
     <span class='ocr_line' id='line_1_47' title="bbox 1794 2155 3372 2226; baseline 0.003 -16"><span class='ocrx_word' id='word_1_318' title='bbox 1794 2157 1928 2210; x_wconf 88' lang='lat' dir='ltr'><strong><em>alias</em></strong></span> <span class='ocrx_word' id='word_1_319' title='bbox 1975 2156 2243 2226; x_wconf 89' lang='lat' dir='ltr'><strong><em>juveniles</em></strong></span> <span class='ocrx_word' id='word_1_320' title='bbox 2273 2155 2358 2209; x_wconf 91' lang='lat' dir='ltr'><strong><em>vel</em></strong></span> <span class='ocrx_word' id='word_1_321' title='bbox 2390 2155 2650 2225; x_wconf 89' lang='lat' dir='ltr'><strong><em>plebeias,</em></strong></span> <span class='ocrx_word' id='word_1_322' title='bbox 2691 2156 2876 2211; x_wconf 80' lang='lat' dir='ltr'><strong><em>tristes</em></strong></span> <span class='ocrx_word' id='word_1_323' title='bbox 2907 2157 3039 2211; x_wconf 92' lang='lat' dir='ltr'><strong><em>alias</em></strong></span> <span class='ocrx_word' id='word_1_324' title='bbox 3064 2158 3148 2212; x_wconf 92' lang='lat' dir='ltr'><strong><em>vel</em></strong></span> <span class='ocrx_word' id='word_1_325' title='bbox 3191 2157 3372 2214; x_wconf 88' lang='lat' dir='ltr'><strong><em>fronte</em></strong></span> 
     </span>
    </p>
   </div>
   <div class='ocr_carea' id='block_1_48' title="bbox 1791 2244 3370 2319">
    <p class='ocr_par' dir='ltr' id='par_1_48' title="bbox 1791 2244 3370 2319">
     <span class='ocr_line' id='line_1_48' title="bbox 1791 2244 3370 2319; baseline 0.003 -20"><span class='ocrx_word' id='word_1_326' title='bbox 1791 2259 1980 2299; x_wconf 91' lang='lat' dir='ltr'><strong><em>serena</em></strong></span> <span class='ocrx_word' id='word_1_327' title='bbox 2011 2244 2210 2298; x_wconf 91' lang='lat' dir='ltr'><strong><em>hilares</em></strong></span> <span class='ocrx_word' id='word_1_328' title='bbox 2238 2255 2632 2314; x_wconf 82' lang='lat' dir='ltr'><strong><em>repraesentant</em></strong></span> <span class='ocrx_word' id='word_1_329' title='bbox 2661 2285 2675 2309; x_wconf 98' lang='lat'><strong><em>,</em></strong></span> <span class='ocrx_word' id='word_1_330' title='bbox 2707 2246 2787 2300; x_wconf 92' lang='lat' dir='ltr'><strong><em>sic</em></strong></span> <span class='ocrx_word' id='word_1_331' title='bbox 2821 2254 2875 2299; x_wconf 92' lang='lat' dir='ltr'><strong><em>et</em></strong></span> <span class='ocrx_word' id='word_1_332' title='bbox 2915 2247 3009 2314; x_wconf 89' lang='lat' dir='ltr'><strong><em>qui</em></strong></span> <span class='ocrx_word' id='word_1_333' title='bbox 3050 2248 3370 2319; x_wconf 84' lang='lat' dir='ltr'><strong><em>martyrico-</em></strong></span> 
     </span>
    </p>
   </div>
   <div class='ocr_carea' id='block_1_49' title="bbox 1790 2338 3370 2405">
    <p class='ocr_par' dir='ltr' id='par_1_49' title="bbox 1790 2338 3370 2405">
     <span class='ocr_line' id='line_1_49' title="bbox 1790 2338 3370 2405; baseline 0.004 -14"><span class='ocrx_word' id='word_1_334' title='bbox 1790 2354 1910 2391; x_wconf 93' lang='lat' dir='ltr'><strong><em>rum</em></strong></span> <span class='ocrx_word' id='word_1_335' title='bbox 1947 2338 2302 2391; x_wconf 76' lang='lat' dir='ltr'><strong><em>certaminum</em></strong></span> <span class='ocrx_word' id='word_1_336' title='bbox 2340 2353 2621 2392; x_wconf 86' lang='lat' dir='ltr'><strong><em>sermones</em></strong></span> <span class='ocrx_word' id='word_1_337' title='bbox 2648 2339 3002 2394; x_wconf 82' lang='lat' dir='ltr'><strong><em>conscribunt</em></strong></span> <span class='ocrx_word' id='word_1_338' title='bbox 3025 2381 3040 2405; x_wconf 91' lang='lat'><strong><em>,</em></strong></span> <span class='ocrx_word' id='word_1_339' title='bbox 3074 2343 3370 2399; x_wconf 86' lang='lat' dir='ltr'><strong><em>masculam</em></strong></span> 
     </span>
    </p>
   </div>
   <div class='ocr_carea' id='block_1_50' title="bbox 1791 2428 3373 2508">
    <p class='ocr_par' dir='ltr' id='par_1_50' title="bbox 1791 2428 3373 2508">
     <span class='ocr_line' id='line_1_50' title="bbox 1791 2428 3373 2508; baseline 0.003 -26"><span class='ocrx_word' id='word_1_340' title='bbox 1791 2429 2047 2484; x_wconf 82' lang='lat' dir='ltr'><strong><em>virtutem</em></strong></span> <span class='ocrx_word' id='word_1_341' title='bbox 2078 2437 2133 2483; x_wconf 88' lang='lat' dir='ltr'><strong><em>et</em></strong></span> <span class='ocrx_word' id='word_1_342' title='bbox 2161 2429 2330 2483; x_wconf 87' lang='lat' dir='ltr'><strong><em>robur</em></strong></span> <span class='ocrx_word' id='word_1_343' title='bbox 2366 2428 2556 2494; x_wconf 86' lang='lat' dir='ltr'><strong><em>animi,</em></strong></span> <span class='ocrx_word' id='word_1_344' title='bbox 2580 2429 2641 2508; x_wconf 83' lang='lat' dir='ltr'><strong><em>in</em></strong></span> <span class='ocrx_word' id='word_1_345' title='bbox 2667 2430 2820 2483; x_wconf 89' lang='lat' dir='ltr'><strong><em>duris</em></strong></span> <span class='ocrx_word' id='word_1_346' title='bbox 2843 2440 3007 2499; x_wconf 89' lang='lat' dir='ltr'><strong><em>atque</em></strong></span> <span class='ocrx_word' id='word_1_347' title='bbox 3036 2433 3243 2501; x_wconf 79' lang='lat' dir='ltr'><strong><em>asperis</em></strong></span> <span class='ocrx_word' id='word_1_348' title='bbox 3271 2433 3373 2486; x_wconf 82' lang='lat' dir='ltr'><strong><em>int-</em></strong></span> 
     </span>
    </p>
   </div>
   <div class='ocr_carea' id='block_1_51' title="bbox 1794 2521 3373 2591">
    <p class='ocr_par' dir='ltr' id='par_1_51' title="bbox 1794 2521 3373 2591">
     <span class='ocr_line' id='line_1_51' title="bbox 1794 2521 3373 2591; baseline 0.004 -18"><span class='ocrx_word' id='word_1_349' title='bbox 1794 2521 2139 2590; x_wconf 89' lang='lat' dir='ltr'><strong><em>perterritum</em></strong></span> <span class='ocrx_word' id='word_1_350' title='bbox 2172 2521 2540 2591; x_wconf 80' lang='lat' dir='ltr'><strong><em>ﬁdentemque</em></strong></span> <span class='ocrx_word' id='word_1_351' title='bbox 2587 2536 2644 2574; x_wconf 93' lang='lat' dir='ltr'><strong><em>se</em></strong></span> <span class='ocrx_word' id='word_1_352' title='bbox 2687 2521 2998 2576; x_wconf 84' lang='lat' dir='ltr'><strong><em>exhibentis</em></strong></span> <span class='ocrx_word' id='word_1_353' title='bbox 3039 2539 3259 2579; x_wconf 88' lang='lat' dir='ltr'><strong><em>necesse</em></strong></span> <span class='ocrx_word' id='word_1_354' title='bbox 3289 2533 3373 2579; x_wconf 87' lang='lat' dir='ltr'><strong><em>est</em></strong></span> 
     </span>
    </p>
   </div>
   <div class='ocr_carea' id='block_1_52' title="bbox 1725 2612 3370 2708">
    <p class='ocr_par' dir='ltr' id='par_1_52' title="bbox 1725 2612 3370 2708">
     <span class='ocr_line' id='line_1_52' title="bbox 1725 2612 3370 2708; baseline 0.004 -44"><span class='ocrx_word' id='word_1_355' title='bbox 1725 2654 1766 2708; x_wconf 76' lang='grc' dir='ltr'><strong>Β</strong></span> <span class='ocrx_word' id='word_1_356' title='bbox 1795 2612 2060 2665; x_wconf 89' lang='lat' dir='ltr'><strong><em>audituris</em></strong></span> <span class='ocrx_word' id='word_1_357' title='bbox 2091 2612 2441 2667; x_wconf 87' lang='lat' dir='ltr'><strong><em>manifestent</em></strong></span> <span class='ocrx_word' id='word_1_358' title='bbox 2477 2631 2488 2666; x_wconf 86' lang='lat'><strong>:</strong></span> <span class='ocrx_word' id='word_1_359' title='bbox 2521 2628 2738 2667; x_wconf 90' lang='lat' dir='ltr'><strong><em>necnon</em></strong></span> <span class='ocrx_word' id='word_1_360' title='bbox 2763 2614 2966 2670; x_wconf 83' lang='lat' dir='ltr'><strong><em>Christi</em></strong></span> <span class='ocrx_word' id='word_1_361' title='bbox 2997 2629 3122 2669; x_wconf 92' lang='lat' dir='ltr'><strong><em>cum</em></strong></span> <span class='ocrx_word' id='word_1_362' title='bbox 3148 2616 3370 2671; x_wconf 82' lang='lat' dir='ltr'><strong><em>athletis</em></strong></span> 
     </span>
    </p>
   </div>
   <div class='ocr_carea' id='block_1_53' title="bbox 1795 2704 3367 2776">
    <p class='ocr_par' dir='ltr' id='par_1_53' title="bbox 1795 2704 3367 2776">
     <span class='ocr_line' id='line_1_53' title="bbox 1795 2704 3367 2776; baseline 0.004 -19"><span class='ocrx_word' id='word_1_363' title='bbox 1795 2704 1910 2758; x_wconf 86' lang='lat' dir='ltr'><strong><em>suis</em></strong></span> <span class='ocrx_word' id='word_1_364' title='bbox 1955 2705 2218 2760; x_wconf 85' lang='lat' dir='ltr'><strong><em>certantis</em></strong></span> <span class='ocrx_word' id='word_1_365' title='bbox 2271 2705 2630 2774; x_wconf 67' lang='lat' dir='ltr'><strong><em>praesentiam</em></strong></span> <span class='ocrx_word' id='word_1_366' title='bbox 2671 2705 2849 2774; x_wconf 91' lang='lat' dir='ltr'><strong><em>palam</em></strong></span> <span class='ocrx_word' id='word_1_367' title='bbox 2901 2707 3367 2776; x_wconf 74' lang='lat' dir='ltr'><strong><em>cognoscendam,</em></strong></span> 
     </span>
    </p>
   </div>
   <div class='ocr_carea' id='block_1_54' title="bbox 1793 2797 3370 2866">
    <p class='ocr_par' dir='ltr' id='par_1_54' title="bbox 1793 2797 3370 2866">
     <span class='ocr_line' id='line_1_54' title="bbox 1793 2797 3370 2866; baseline 0.001 -16"><span class='ocrx_word' id='word_1_368' title='bbox 1793 2811 1960 2864; x_wconf 88' lang='lat' dir='ltr'><strong><em>seque</em></strong></span> <span class='ocrx_word' id='word_1_369' title='bbox 1992 2797 2153 2850; x_wconf 90' lang='lat' dir='ltr'><strong><em>modo</em></strong></span> <span class='ocrx_word' id='word_1_370' title='bbox 2187 2811 2284 2864; x_wconf 91' lang='lat' dir='ltr'><strong><em>per</em></strong></span> <span class='ocrx_word' id='word_1_371' title='bbox 2314 2797 2590 2866; x_wconf 82' lang='lat' dir='ltr'><strong><em>signorum</em></strong></span> <span class='ocrx_word' id='word_1_372' title='bbox 2618 2797 3018 2852; x_wconf 87' lang='lat' dir='ltr'><strong><em>admirabilium</em></strong></span> <span class='ocrx_word' id='word_1_373' title='bbox 3065 2799 3370 2857; x_wconf 63' lang='lat' dir='ltr'><strong><em>multitudio</em></strong></span> 
     </span>
    </p>
   </div>
   <div class='ocr_carea' id='block_1_55' title="bbox 1792 2886 3371 2958">
    <p class='ocr_par' dir='ltr' id='par_1_55' title="bbox 1792 2886 3371 2958">
     <span class='ocr_line' id='line_1_55' title="bbox 1792 2886 3371 2958; baseline 0.004 -20"><span class='ocrx_word' id='word_1_374' title='bbox 1792 2901 1939 2948; x_wconf 89' lang='lat' dir='ltr'><strong><em>nem,</em></strong></span> <span class='ocrx_word' id='word_1_375' title='bbox 1971 2887 2133 2940; x_wconf 89' lang='lat' dir='ltr'><strong><em>modo</em></strong></span> <span class='ocrx_word' id='word_1_376' title='bbox 2167 2902 2262 2955; x_wconf 91' lang='lat' dir='ltr'><strong><em>per</em></strong></span> <span class='ocrx_word' id='word_1_377' title='bbox 2292 2886 2624 2941; x_wconf 79' lang='lat' dir='ltr'><strong><em>alnuentiam</em></strong></span> <span class='ocrx_word' id='word_1_378' title='bbox 2673 2886 2728 2940; x_wconf 90' lang='lat' dir='ltr'><strong><em>in</em></strong></span> <span class='ocrx_word' id='word_1_379' title='bbox 2766 2888 2946 2942; x_wconf 83' lang='lat' dir='ltr'><strong><em>verbis</em></strong></span> <span class='ocrx_word' id='word_1_380' title='bbox 2977 2889 3163 2958; x_wconf 64' lang='lat' dir='ltr'><strong><em>gratias</em></strong></span> <span class='ocrx_word' id='word_1_381' title='bbox 3193 2892 3371 2944; x_wconf 84' lang='lat' dir='ltr'><strong><em>mani-</em></strong></span> 
     </span>
    </p>
   </div>
   <div class='ocr_carea' id='block_1_56' title="bbox 1792 2977 3444 3052">
    <p class='ocr_par' dir='ltr' id='par_1_56' title="bbox 1792 2977 3444 3052">
     <span class='ocr_line' id='line_1_56' title="bbox 1792 2977 3444 3052; baseline 0.002 -20"><span class='ocrx_word' id='word_1_382' title='bbox 1792 2978 2098 3032; x_wconf 90' lang='lat' dir='ltr'><strong><em>festantem.</em></strong></span> <span class='ocrx_word' id='word_1_383' title='bbox 2137 2977 2360 3049; x_wconf 84' lang='lat' dir='ltr'><strong><em>Longini</em></strong></span> <span class='ocrx_word' id='word_1_384' title='bbox 2401 2994 2527 3033; x_wconf 89' lang='lat' dir='ltr'><strong><em>vero</em></strong></span> <span class='ocrx_word' id='word_1_385' title='bbox 2562 2979 2820 3048; x_wconf 84' lang='lat' dir='ltr'><strong><em>sapientis</em></strong></span> <span class='ocrx_word' id='word_1_386' title='bbox 2847 2980 3049 3048; x_wconf 84' lang='lat' dir='ltr'><strong><em>pariter</em></strong></span> <span class='ocrx_word' id='word_1_387' title='bbox 3093 2995 3157 3034; x_wconf 85' lang='lat' dir='ltr'><strong><em>ae</em></strong></span> <span class='ocrx_word' id='word_1_388' title='bbox 3209 2998 3372 3052; x_wconf 84' lang='lat' dir='ltr'><strong><em>gene-</em></strong></span> <span class='ocrx_word' id='word_1_389' title='bbox 3438 3002 3444 3006; x_wconf 94' lang='grc'><strong>·</strong></span> 
     </span>
    </p>
   </div>
   <div class='ocr_carea' id='block_1_57' title="bbox 1795 3069 3373 3139">
    <p class='ocr_par' dir='ltr' id='par_1_57' title="bbox 1795 3069 3373 3139">
     <span class='ocr_line' id='line_1_57' title="bbox 1795 3069 3373 3139; baseline 0.001 -15"><span class='ocrx_word' id='word_1_390' title='bbox 1795 3071 1906 3124; x_wconf 88' lang='lat' dir='ltr'><strong><em>rosi</em></strong></span> <span class='ocrx_word' id='word_1_391' title='bbox 1941 3070 2246 3129; x_wconf 87' lang='lat' dir='ltr'><strong><em>historiam,</em></strong></span> <span class='ocrx_word' id='word_1_392' title='bbox 2265 3077 2427 3139; x_wconf 86' lang='lat' dir='ltr'><strong><em>atque</em></strong></span> <span class='ocrx_word' id='word_1_393' title='bbox 2456 3070 2724 3139; x_wconf 87' lang='lat' dir='ltr'><strong><em>imprimis</em></strong></span> <span class='ocrx_word' id='word_1_394' title='bbox 2752 3069 2963 3124; x_wconf 86' lang='lat' dir='ltr'><strong><em>illustre</em></strong></span> <span class='ocrx_word' id='word_1_395' title='bbox 2983 3072 3103 3137; x_wconf 88' lang='lat' dir='ltr'><strong><em>ejus</em></strong></span> <span class='ocrx_word' id='word_1_396' title='bbox 3127 3071 3194 3124; x_wconf 90' lang='lat' dir='ltr'><strong><em>de</em></strong></span> <span class='ocrx_word' id='word_1_397' title='bbox 3212 3071 3373 3126; x_wconf 84' lang='lat' dir='ltr'><strong><em>Chri-</em></strong></span> 
     </span>
    </p>
   </div>
   <div class='ocr_carea' id='block_1_58' title="bbox 1797 3161 3372 3231">
    <p class='ocr_par' dir='ltr' id='par_1_58' title="bbox 1797 3161 3372 3231">
     <span class='ocr_line' id='line_1_58' title="bbox 1797 3161 3372 3231; baseline 0.001 -15"><span class='ocrx_word' id='word_1_398' title='bbox 1797 3171 1883 3216; x_wconf 81' lang='lat' dir='ltr'><strong><em>sto</em></strong></span> <span class='ocrx_word' id='word_1_399' title='bbox 1907 3163 2300 3226; x_wconf 77' lang='lat' dir='ltr'><strong><em>testimonium,</em></strong></span> <span class='ocrx_word' id='word_1_400' title='bbox 2329 3178 2358 3214; x_wconf 86' lang='lat' dir='ltr'><strong><em>a</em></strong></span> <span class='ocrx_word' id='word_1_401' title='bbox 2385 3178 2492 3231; x_wconf 87' lang='lat' dir='ltr'><strong><em>quo</em></strong></span> <span class='ocrx_word' id='word_1_402' title='bbox 2525 3162 2691 3218; x_wconf 88' lang='lat' dir='ltr'><strong><em>Deum</em></strong></span> <span class='ocrx_word' id='word_1_403' title='bbox 2716 3161 2985 3218; x_wconf 84' lang='lat' dir='ltr'><strong><em>conﬁtens</em></strong></span> <span class='ocrx_word' id='word_1_404' title='bbox 3014 3169 3097 3218; x_wconf 86' lang='lat' dir='ltr'><strong><em>est</em></strong></span> <span class='ocrx_word' id='word_1_405' title='bbox 3121 3176 3372 3231; x_wconf 75' lang='lat' dir='ltr'><strong><em>exorsus,</em></strong></span> 
     </span>
    </p>
   </div>
   <div class='ocr_carea' id='block_1_59' title="bbox 1797 3254 2642 3324">
    <p class='ocr_par' dir='ltr' id='par_1_59' title="bbox 1797 3254 2642 3324">
     <span class='ocr_line' id='line_1_59' title="bbox 1797 3254 2642 3324; baseline 0.002 -18"><span class='ocrx_word' id='word_1_406' title='bbox 1797 3255 1888 3322; x_wconf 92' lang='lat' dir='ltr'><strong><em>qui</em></strong></span> <span class='ocrx_word' id='word_1_407' title='bbox 1924 3263 2110 3322; x_wconf 86' lang='lat' dir='ltr'><strong><em>potero</em></strong></span> <span class='ocrx_word' id='word_1_408' title='bbox 2142 3255 2303 3324; x_wconf 84' lang='lat' dir='ltr'><strong><em>digne</em></strong></span> <span class='ocrx_word' id='word_1_409' title='bbox 2336 3254 2642 3308; x_wconf 86' lang='lat' dir='ltr'><strong><em>enarrare?</em></strong></span> 
     </span>
    </p>
   </div>
   <div class='ocr_carea' id='block_1_60' title="bbox 1873 3345 3376 3418">
    <p class='ocr_par' dir='ltr' id='par_1_60' title="bbox 1873 3345 3376 3418">
     <span class='ocr_line' id='line_1_60' title="bbox 1873 3345 3376 3418; baseline 0.004 -22"><span class='ocrx_word' id='word_1_410' title='bbox 1873 3345 1928 3402; x_wconf 72' lang='lat'><strong><em>2.</em></strong></span> <span class='ocrx_word' id='word_1_411' title='bbox 1973 3345 2180 3400; x_wconf 80' lang='lat' dir='ltr'><strong><em>Etenim</em></strong></span> <span class='ocrx_word' id='word_1_412' title='bbox 2218 3361 2341 3402; x_wconf 90' lang='lat' dir='ltr'><strong><em>cum</em></strong></span> <span class='ocrx_word' id='word_1_413' title='bbox 2393 3355 2540 3399; x_wconf 90' lang='lat' dir='ltr'><strong><em>metu</em></strong></span> <span class='ocrx_word' id='word_1_414' title='bbox 2590 3345 2854 3401; x_wconf 84' lang='lat' dir='ltr'><strong><em>confusus</em></strong></span> <span class='ocrx_word' id='word_1_415' title='bbox 2909 3345 3203 3402; x_wconf 80' lang='lat' dir='ltr'><strong><em>universus</em></strong></span> <span class='ocrx_word' id='word_1_416' title='bbox 3241 3363 3376 3418; x_wconf 68' lang='lat' dir='ltr'><strong><em>apo.</em></strong></span> 
     </span>
    </p>
   </div>
   <div class='ocr_carea' id='block_1_61' title="bbox 1801 3437 3373 3507">
    <p class='ocr_par' dir='ltr' id='par_1_61' title="bbox 1801 3437 3373 3507">
     <span class='ocr_line' id='line_1_61' title="bbox 1801 3437 3373 3507; baseline 0.004 -18"><span class='ocrx_word' id='word_1_417' title='bbox 1801 3437 2062 3489; x_wconf 90' lang='lat' dir='ltr'><strong><em>stolorum</em></strong></span> <span class='ocrx_word' id='word_1_418' title='bbox 2103 3437 2302 3490; x_wconf 89' lang='lat' dir='ltr'><strong><em>chorus</em></strong></span> <span class='ocrx_word' id='word_1_419' title='bbox 2326 3453 2450 3490; x_wconf 87' lang='lat' dir='ltr'><strong><em>eum</em></strong></span> <span class='ocrx_word' id='word_1_420' title='bbox 2490 3438 2573 3489; x_wconf 89' lang='lat' dir='ltr'><strong><em>vel</em></strong></span> <span class='ocrx_word' id='word_1_421' title='bbox 2609 3447 2859 3507; x_wconf 87' lang='lat' dir='ltr'><strong><em>negasset</em></strong></span> <span class='ocrx_word' id='word_1_422' title='bbox 2885 3439 2969 3491; x_wconf 91' lang='lat' dir='ltr'><strong><em>vel</em></strong></span> <span class='ocrx_word' id='word_1_423' title='bbox 2999 3439 3328 3494; x_wconf 82' lang='lat' dir='ltr'><strong><em>deseruisset</em></strong></span> <span class='ocrx_word' id='word_1_424' title='bbox 3360 3460 3373 3497; x_wconf 87' lang='lat'><strong>:</strong></span> 
     </span>
    </p>
   </div>
   <div class='ocr_carea' id='block_1_62' title="bbox 1800 3529 3377 3598">
    <p class='ocr_par' dir='ltr' id='par_1_62' title="bbox 1800 3529 3377 3598">
     <span class='ocr_line' id='line_1_62' title="bbox 1800 3529 3377 3598; baseline -0.001 -14"><span class='ocrx_word' id='word_1_425' title='bbox 1800 3545 1923 3584; x_wconf 92' lang='lat' dir='ltr'><strong><em>cum</em></strong></span> <span class='ocrx_word' id='word_1_426' title='bbox 1950 3529 2117 3585; x_wconf 83' lang='lat' dir='ltr'><strong><em>erecti</em></strong></span> <span class='ocrx_word' id='word_1_427' title='bbox 2148 3529 2199 3582; x_wconf 87' lang='lat' dir='ltr'><strong><em>in</em></strong></span> <span class='ocrx_word' id='word_1_428' title='bbox 2234 3529 2400 3598; x_wconf 89' lang='lat' dir='ltr'><strong><em>pedes</em></strong></span> <span class='ocrx_word' id='word_1_429' title='bbox 2429 3529 2631 3593; x_wconf 85' lang='lat' dir='ltr'><strong><em>claudi,</em></strong></span> <span class='ocrx_word' id='word_1_430' title='bbox 2663 3529 2881 3583; x_wconf 89' lang='lat' dir='ltr'><strong><em>videndi</em></strong></span> <span class='ocrx_word' id='word_1_431' title='bbox 2907 3531 3165 3585; x_wconf 79' lang='lat' dir='ltr'><strong><em>facultate</em></strong></span> <span class='ocrx_word' id='word_1_432' title='bbox 3190 3532 3377 3585; x_wconf 88' lang='lat' dir='ltr'><strong><em>donati</em></strong></span> 
     </span>
    </p>
   </div>
   <div class='ocr_carea' id='block_1_63' title="bbox 1800 3619 3382 3690">
    <p class='ocr_par' dir='ltr' id='par_1_63' title="bbox 1800 3619 3382 3690">
     <span class='ocr_line' id='line_1_63' title="bbox 1800 3619 3382 3690; baseline 0 -15"><span class='ocrx_word' id='word_1_433' title='bbox 1800 3620 1952 3685; x_wconf 73' lang='lat' dir='ltr'><strong><em>caeci,</em></strong></span> <span class='ocrx_word' id='word_1_434' title='bbox 1987 3621 2184 3688; x_wconf 90' lang='lat' dir='ltr'><strong><em>leprosi</em></strong></span> <span class='ocrx_word' id='word_1_435' title='bbox 2235 3636 2265 3674; x_wconf 90' lang='lat' dir='ltr'><strong><em>a</em></strong></span> <span class='ocrx_word' id='word_1_436' title='bbox 2319 3621 2605 3674; x_wconf 67' lang='lat' dir='ltr'><strong><em>maculosae</em></strong></span> <span class='ocrx_word' id='word_1_437' title='bbox 2645 3620 2788 3674; x_wconf 90' lang='lat' dir='ltr'><strong><em>cutis</em></strong></span> <span class='ocrx_word' id='word_1_438' title='bbox 2830 3619 3231 3689; x_wconf 84' lang='lat' dir='ltr'><strong><em>deﬂuentisque</em></strong></span> <span class='ocrx_word' id='word_1_439' title='bbox 3284 3636 3382 3690; x_wconf 80' lang='lat' dir='ltr'><strong><em>per</em></strong></span> 
     </span>
    </p>
   </div>
   <div class='ocr_carea' id='block_1_64' title="bbox 1801 3712 3381 3782">
    <p class='ocr_par' dir='ltr' id='par_1_64' title="bbox 1801 3712 3381 3782">
     <span class='ocr_line' id='line_1_64' title="bbox 1801 3712 3381 3782; baseline 0.003 -18"><span class='ocrx_word' id='word_1_440' title='bbox 1801 3720 2044 3767; x_wconf 87' lang='lat' dir='ltr'><strong><em>ramenta</em></strong></span> <span class='ocrx_word' id='word_1_441' title='bbox 2079 3713 2258 3767; x_wconf 89' lang='lat' dir='ltr'><strong><em>carnis</em></strong></span> <span class='ocrx_word' id='word_1_442' title='bbox 2285 3713 2628 3768; x_wconf 89' lang='lat' dir='ltr'><strong><em>immunditia</em></strong></span> <span class='ocrx_word' id='word_1_443' title='bbox 2657 3713 2894 3782; x_wconf 81' lang='lat' dir='ltr'><strong><em>purga&#39;i,</em></strong></span> <span class='ocrx_word' id='word_1_444' title='bbox 2927 3712 3128 3780; x_wconf 85' lang='lat' dir='ltr'><strong><em>aliique</em></strong></span> <span class='ocrx_word' id='word_1_445' title='bbox 3158 3713 3321 3769; x_wconf 88' lang='lat' dir='ltr'><strong><em>soluti</em></strong></span> <span class='ocrx_word' id='word_1_446' title='bbox 3348 3729 3381 3768; x_wconf 86' lang='lat' dir='ltr'><strong><em>a</em></strong></span> 
     </span>
    </p>
   </div>
   <div class='ocr_carea' id='block_1_65' title="bbox 1803 3803 3385 3872">
    <p class='ocr_par' dir='ltr' id='par_1_65' title="bbox 1803 3803 3385 3872">
     <span class='ocr_line' id='line_1_65' title="bbox 1803 3803 3385 3872; baseline 0.001 -16"><span class='ocrx_word' id='word_1_447' title='bbox 1803 3803 2062 3871; x_wconf 89' lang='lat' dir='ltr'><strong><em>miseriis,</em></strong></span> <span class='ocrx_word' id='word_1_448' title='bbox 2095 3803 2306 3858; x_wconf 88' lang='lat' dir='ltr'><strong><em>liberati</em></strong></span> <span class='ocrx_word' id='word_1_449' title='bbox 2336 3819 2366 3857; x_wconf 89' lang='lat' dir='ltr'><strong><em>a</em></strong></span> <span class='ocrx_word' id='word_1_450' title='bbox 2398 3804 2623 3867; x_wconf 83' lang='lat' dir='ltr'><strong><em>morbis,</em></strong></span> <span class='ocrx_word' id='word_1_451' title='bbox 2658 3804 2749 3872; x_wconf 91' lang='lat' dir='ltr'><strong><em>qui</em></strong></span> <span class='ocrx_word' id='word_1_452' title='bbox 2781 3803 2977 3856; x_wconf 88' lang='lat' dir='ltr'><strong><em>melius</em></strong></span> <span class='ocrx_word' id='word_1_453' title='bbox 3011 3803 3197 3871; x_wconf 88' lang='lat' dir='ltr'><strong><em>utique</em></strong></span> <span class='ocrx_word' id='word_1_454' title='bbox 3222 3819 3385 3858; x_wconf 85' lang='lat' dir='ltr'><strong><em>nosse</em></strong></span> 
     </span>
    </p>
   </div>
   <div class='ocr_carea' id='block_1_66' title="bbox 1806 3894 3383 3965">
    <p class='ocr_par' dir='ltr' id='par_1_66' title="bbox 1806 3894 3383 3965">
     <span class='ocr_line' id='line_1_66' title="bbox 1806 3894 3383 3965; baseline -0.001 -15"><span class='ocrx_word' id='word_1_455' title='bbox 1806 3912 1930 3950; x_wconf 90' lang='lat' dir='ltr'><strong><em>eum</em></strong></span> <span class='ocrx_word' id='word_1_456' title='bbox 1961 3903 2249 3965; x_wconf 89' lang='lat' dir='ltr'><strong><em>poterant,</em></strong></span> <span class='ocrx_word' id='word_1_457' title='bbox 2281 3896 2348 3950; x_wconf 90' lang='lat' dir='ltr'><strong><em>ad</em></strong></span> <span class='ocrx_word' id='word_1_458' title='bbox 2379 3895 2560 3950; x_wconf 87' lang='lat' dir='ltr'><strong><em>crucis</em></strong></span> <span class='ocrx_word' id='word_1_459' title='bbox 2595 3894 2956 3963; x_wconf 80' lang='lat' dir='ltr'><strong><em>obstupefacti</em></strong></span> <span class='ocrx_word' id='word_1_460' title='bbox 2986 3896 3383 3964; x_wconf 84' lang='lat' dir='ltr'><strong><em>spectaculum,</em></strong></span> 
     </span>
    </p>
   </div>
   <div class='ocr_carea' id='block_1_67' title="bbox 111 3988 1717 4060">
    <p class='ocr_par' dir='ltr' id='par_1_67' title="bbox 111 3988 1705 4060">
     <span class='ocr_line' id='line_1_67' title="bbox 111 3988 1705 4060; baseline 0.001 -20"><span class='ocrx_word' id='word_1_461' title='bbox 111 3989 365 4060; x_wconf 85' lang='grc' dir='ltr'>σταυροῦ</span> <span class='ocrx_word' id='word_1_462' title='bbox 410 3988 883 4055; x_wconf 84' lang='grc' dir='ltr'>καταπλαγέντες,</span> <span class='ocrx_word' id='word_1_463' title='bbox 911 3988 1177 4059; x_wconf 81' lang='grc' dir='ltr'>χειμῶνος</span> <span class='ocrx_word' id='word_1_464' title='bbox 1219 3990 1414 4057; x_wconf 84' lang='grc' dir='ltr'>μεστὸν</span> <span class='ocrx_word' id='word_1_465' title='bbox 1445 3990 1705 4057; x_wconf 87' lang='grc' dir='ltr'>ναυάγιον</span> 
     </span>
    </p>
   </div>
   <div class='ocr_carea' id='block_1_68' title="bbox 1798 3988 3385 4060">
    <p class='ocr_par' dir='ltr' id='par_1_68' title="bbox 1808 3988 3385 4058">
     <span class='ocr_line' id='line_1_68' title="bbox 1808 3988 3385 4058; baseline 0.001 -17"><span class='ocrx_word' id='word_1_466' title='bbox 1808 3989 1956 4042; x_wconf 90' lang='lat' dir='ltr'><strong><em>velut</em></strong></span> <span class='ocrx_word' id='word_1_467' title='bbox 1981 3997 2299 4058; x_wconf 89' lang='lat' dir='ltr'><strong><em>tempestate</em></strong></span> <span class='ocrx_word' id='word_1_468' title='bbox 2327 3988 2541 4057; x_wconf 81' lang='lat' dir='ltr'><strong><em>appulsi</em></strong></span> <span class='ocrx_word' id='word_1_469' title='bbox 2565 3988 2630 4041; x_wconf 90' lang='lat' dir='ltr'><strong><em>ad</em></strong></span> <span class='ocrx_word' id='word_1_470' title='bbox 2662 3988 2916 4056; x_wconf 82' lang='lat' dir='ltr'><strong><em>scopulos</em></strong></span> <span class='ocrx_word' id='word_1_471' title='bbox 2945 3997 3206 4052; x_wconf 86' lang='lat' dir='ltr'><strong><em>rectores,</em></strong></span> <span class='ocrx_word' id='word_1_472' title='bbox 3233 3988 3385 4042; x_wconf 67' lang='lat' dir='ltr'><strong><em>tri~te</em></strong></span> 
     </span>
    </p>
   </div>
   <div class='ocr_carea' id='block_1_69' title="bbox 107 4079 1705 4150">
    <p class='ocr_par' dir='ltr' id='par_1_69' title="bbox 107 4079 1705 4150">
     <span class='ocr_line' id='line_1_69' title="bbox 107 4079 1705 4150; baseline -0.002 -15"><span class='ocrx_word' id='word_1_473' title='bbox 107 4082 458 4150; x_wconf 80' lang='grc' dir='ltr'>ὑπέμειναν·</span> <span class='ocrx_word' id='word_1_474' title='bbox 491 4083 524 4149; x_wconf 87' lang='grc' dir='ltr'>ἠ</span> <span class='ocrx_word' id='word_1_475' title='bbox 567 4079 830 4149; x_wconf 79' lang='grc' dir='ltr'>ὁμολογία</span> <span class='ocrx_word' id='word_1_476' title='bbox 865 4080 921 4132; x_wconf 81' lang='grc' dir='ltr'>δὲ</span> <span class='ocrx_word' id='word_1_477' title='bbox 952 4079 1048 4135; x_wconf 89' lang='grc' dir='ltr'><strong><em>τοῦ</em></strong></span> <span class='ocrx_word' id='word_1_478' title='bbox 1075 4080 1258 4149; x_wconf 85' lang='grc' dir='ltr'>τιμίου</span> <span class='ocrx_word' id='word_1_479' title='bbox 1290 4083 1384 4133; x_wconf 62' lang='grc' dir='ltr'><strong><em>καὶ</em></strong></span> <span class='ocrx_word' id='word_1_480' title='bbox 1415 4079 1705 4144; x_wconf 79' lang='grc' dir='ltr'>Θεοσεῦοῦς</span> 
     </span>
    </p>
   </div>
   <div class='ocr_carea' id='block_1_70' title="bbox 115 4171 1706 4242">
    <p class='ocr_par' dir='ltr' id='par_1_70' title="bbox 115 4171 1706 4242">
     <span class='ocr_line' id='line_1_70' title="bbox 115 4171 1706 4242; baseline -0.003 -14"><span class='ocrx_word' id='word_1_481' title='bbox 115 4174 564 4242; x_wconf 84' lang='grc' dir='ltr'>Ἐκατοντάρχου</span> <span class='ocrx_word' id='word_1_482' title='bbox 595 4171 861 4239; x_wconf 83' lang='grc' dir='ltr'>Λογγίνου</span> <span class='ocrx_word' id='word_1_483' title='bbox 897 4171 1145 4241; x_wconf 77' lang='grc' dir='ltr'>ὑπῆρχεν</span> <span class='ocrx_word' id='word_1_484' title='bbox 1176 4173 1256 4234; x_wconf 75' lang='grc' dir='ltr'><strong><em>εἰς</em></strong></span> <span class='ocrx_word' id='word_1_485' title='bbox 1285 4171 1378 4233; x_wconf 64' lang='grc' dir='ltr'>τὰς</span> <span class='ocrx_word' id='word_1_486' title='bbox 1412 4172 1576 4234; x_wconf 64' lang='grc' dir='ltr'>ἀκοάς</span> <span class='ocrx_word' id='word_1_487' title='bbox 1603 4172 1706 4240; x_wconf 85' lang='grc' dir='ltr'>τῆς</span> 
     </span>
    </p>
   </div>
   <div class='ocr_carea' id='block_1_71' title="bbox 109 4260 1702 4334">
    <p class='ocr_par' dir='ltr' id='par_1_71' title="bbox 109 4260 1702 4334">
     <span class='ocr_line' id='line_1_71' title="bbox 109 4260 1702 4334; baseline -0.002 -18"><span class='ocrx_word' id='word_1_488' title='bbox 109 4265 364 4334; x_wconf 77' lang='grc' dir='ltr'>ματαίας</span> <span class='ocrx_word' id='word_1_489' title='bbox 413 4267 505 4316; x_wconf 80' lang='grc' dir='ltr'><strong><em>καί</em></strong></span> <span class='ocrx_word' id='word_1_490' title='bbox 548 4263 833 4332; x_wconf 77' lang='grc' dir='ltr'>ἀπατηλῆς</span> <span class='ocrx_word' id='word_1_491' title='bbox 887 4263 1216 4332; x_wconf 85' lang='grc' dir='ltr'>Συναγωγῆς</span> <span class='ocrx_word' id='word_1_492' title='bbox 1260 4260 1369 4314; x_wconf 83' lang='grc' dir='ltr'><strong><em>τῶν</em></strong></span> <span class='ocrx_word' id='word_1_493' title='bbox 1411 4261 1702 4325; x_wconf 83' lang='grc' dir='ltr'>Ἰουδαίων,</span> 
     </span>
    </p>
   </div>
   <div class='ocr_carea' id='block_1_72' title="bbox 102 4343 1704 4419">
    <p class='ocr_par' dir='ltr' id='par_1_72' title="bbox 102 4343 1704 4419">
     <span class='ocr_line' id='line_1_72' title="bbox 102 4343 1704 4419; baseline -0.005 -11"><span class='ocrx_word' id='word_1_494' title='bbox 102 4357 208 4408; x_wconf 84' lang='grc' dir='ltr'>ὅτε</span> <span class='ocrx_word' id='word_1_495' title='bbox 259 4352 464 4419; x_wconf 75' lang='grc' dir='ltr'>ἔλεγεν,</span> <span class='ocrx_word' id='word_1_496' title='bbox 486 4349 746 4417; x_wconf 77' lang='grc' dir='ltr'><strong><em>Ἀληθῶς</em></strong></span> <span class='ocrx_word' id='word_1_497' title='bbox 780 4349 928 4406; x_wconf 87' lang='grc' dir='ltr'>Θεοῦ</span> <span class='ocrx_word' id='word_1_498' title='bbox 965 4352 1095 4414; x_wconf 77' lang='grc' dir='ltr'><strong><em>Υἱός</em></strong></span> <span class='ocrx_word' id='word_1_499' title='bbox 1125 4350 1296 4401; x_wconf 81' lang='grc' dir='ltr'>ἐστιν</span> <span class='ocrx_word' id='word_1_500' title='bbox 1325 4343 1526 4414; x_wconf 71' lang='grc' dir='ltr'>οὗτος.</span> <span class='ocrx_word' id='word_1_501' title='bbox 1565 4347 1704 4402; x_wconf 84' lang='grc' dir='ltr'>Οῠτε</span> 
     </span>
    </p>
   </div>
   <div class='ocr_carea' id='block_1_73' title="bbox 105 4439 1702 4515">
    <p class='ocr_par' dir='ltr' id='par_1_73' title="bbox 105 4439 1702 4515">
     <span class='ocr_line' id='line_1_73' title="bbox 105 4439 1702 4515; baseline -0.002 -20"><span class='ocrx_word' id='word_1_502' title='bbox 105 4447 234 4515; x_wconf 72' lang='grc' dir='ltr'><strong><em>γὰρ</em></strong></span> <span class='ocrx_word' id='word_1_503' title='bbox 268 4443 496 4496; x_wconf 87' lang='grc' dir='ltr'>Πιλάτον</span> <span class='ocrx_word' id='word_1_504' title='bbox 527 4443 666 4496; x_wconf 87' lang='grc' dir='ltr'><strong><em>κατά</em></strong></span> <span class='ocrx_word' id='word_1_505' title='bbox 685 4442 779 4493; x_wconf 75' lang='grc' dir='ltr'><strong><em>τοῦ</em></strong></span> <span class='ocrx_word' id='word_1_506' title='bbox 811 4439 1048 4509; x_wconf 79' lang='grc' dir='ltr'>Χριστοῦ</span> <span class='ocrx_word' id='word_1_507' title='bbox 1087 4439 1507 4508; x_wconf 81' lang='grc' dir='ltr'>μεμισθωμένον</span> <span class='ocrx_word' id='word_1_508' title='bbox 1532 4439 1702 4511; x_wconf 75' lang='grc' dir='ltr'>ᾐσχύ-</span> 
     </span>
    </p>
   </div>
   <div class='ocr_carea' id='block_1_74' title="bbox 105 4531 1704 4602">
    <p class='ocr_par' dir='ltr' id='par_1_74' title="bbox 105 4531 1704 4602">
     <span class='ocr_line' id='line_1_74' title="bbox 105 4531 1704 4602; baseline -0.001 -17"><span class='ocrx_word' id='word_1_509' title='bbox 105 4551 271 4596; x_wconf 89' lang='grc' dir='ltr'>νετο,</span> <span class='ocrx_word' id='word_1_510' title='bbox 311 4532 435 4585; x_wconf 76' lang='grc' dir='ltr'>οὕτε</span> <span class='ocrx_word' id='word_1_511' title='bbox 473 4531 550 4602; x_wconf 82' lang='grc' dir='ltr'>μὴ</span> <span class='ocrx_word' id='word_1_512' title='bbox 581 4531 746 4600; x_wconf 78' lang='grc' dir='ltr'>φόϐον</span> <span class='ocrx_word' id='word_1_513' title='bbox 775 4531 1033 4584; x_wconf 85' lang='grc' dir='ltr'>τοσούτου</span> <span class='ocrx_word' id='word_1_514' title='bbox 1064 4531 1235 4600; x_wconf 81' lang='grc' dir='ltr'>δήμου</span> <span class='ocrx_word' id='word_1_515' title='bbox 1265 4531 1454 4593; x_wconf 80' lang='grc' dir='ltr'>ἐδεῖτο,</span> <span class='ocrx_word' id='word_1_516' title='bbox 1489 4531 1521 4600; x_wconf 80' lang='grc' dir='ltr'><strong>ἥ</strong></span> <span class='ocrx_word' id='word_1_517' title='bbox 1546 4531 1704 4600; x_wconf 79' lang='grc' dir='ltr'>ὲνάρ-</span> 
     </span>
    </p>
   </div>
   <div class='ocr_carea' id='block_1_75' title="bbox 105 4621 1698 4694">
    <p class='ocr_par' dir='ltr' id='par_1_75' title="bbox 105 4621 1698 4694">
     <span class='ocr_line' id='line_1_75' title="bbox 105 4621 1698 4694; baseline -0.003 -16"><span class='ocrx_word' id='word_1_518' title='bbox 105 4641 296 4694; x_wconf 80' lang='grc' dir='ltr'>κησεν</span> <span class='ocrx_word' id='word_1_519' title='bbox 348 4623 409 4676; x_wconf 83' lang='grc' dir='ltr'><strong><em>τὸ</em></strong></span> <span class='ocrx_word' id='word_1_520' title='bbox 464 4623 670 4690; x_wconf 84' lang='grc' dir='ltr'>πλῆθος</span> <span class='ocrx_word' id='word_1_521' title='bbox 707 4623 814 4673; x_wconf 86' lang='grc' dir='ltr'>τῶν</span> <span class='ocrx_word' id='word_1_522' title='bbox 847 4621 1089 4690; x_wconf 84' lang='grc' dir='ltr'>ἀπείρων</span> <span class='ocrx_word' id='word_1_523' title='bbox 1147 4621 1420 4689; x_wconf 83' lang='grc' dir='ltr'>μυριάδων</span> <span class='ocrx_word' id='word_1_524' title='bbox 1455 4621 1698 4677; x_wconf 81' lang='grc' dir='ltr'>ἐκείνων.</span> 
     </span>
    </p>
   </div>
   <div class='ocr_carea' id='block_1_76' title="bbox 103 4711 1700 4782">
    <p class='ocr_par' dir='ltr' id='par_1_76' title="bbox 103 4711 1700 4782">
     <span class='ocr_line' id='line_1_76' title="bbox 103 4711 1700 4782; baseline -0.001 -18"><span class='ocrx_word' id='word_1_525' title='bbox 103 4713 426 4781; x_wconf 85' lang='grc' dir='ltr'>Τοιγαροῦν</span> <span class='ocrx_word' id='word_1_526' title='bbox 450 4713 546 4765; x_wconf 73' lang='grc' dir='ltr'><strong><em>καὶ</em></strong></span> <span class='ocrx_word' id='word_1_527' title='bbox 575 4711 898 4782; x_wconf 82' lang='grc' dir='ltr'>[ὑμνείσθω]</span> <span class='ocrx_word' id='word_1_528' title='bbox 938 4711 1032 4763; x_wconf 69' lang='grc' dir='ltr'><strong><em>κα)⁵</em></strong></span> <span class='ocrx_word' id='word_1_529' title='bbox 1060 4712 1354 4780; x_wconf 82' lang='grc' dir='ltr'>γραφέσθω</span> <span class='ocrx_word' id='word_1_530' title='bbox 1381 4715 1411 4780; x_wconf 88' lang='grc' dir='ltr'>ἠ</span> <span class='ocrx_word' id='word_1_531' title='bbox 1441 4711 1700 4782; x_wconf 81' lang='grc' dir='ltr'>καλλίστη</span> 
     </span>
    </p>
   </div>
   <div class='ocr_carea' id='block_1_77' title="bbox 101 4800 1703 4873">
    <p class='ocr_par' dir='ltr' id='par_1_77' title="bbox 101 4800 1703 4873">
     <span class='ocr_line' id='line_1_77' title="bbox 101 4800 1703 4873; baseline -0.003 -17"><span class='ocrx_word' id='word_1_532' title='bbox 101 4802 351 4871; x_wconf 78' lang='grc' dir='ltr'>ἄθλησις</span> <span class='ocrx_word' id='word_1_533' title='bbox 373 4801 558 4865; x_wconf 86' lang='grc' dir='ltr'>αὑτοῦ,</span> <span class='ocrx_word' id='word_1_534' title='bbox 584 4802 652 4873; x_wconf 80' lang='grc' dir='ltr'>ὴν</span> <span class='ocrx_word' id='word_1_535' title='bbox 680 4802 775 4852; x_wconf 72' lang='grc' dir='ltr'><strong><em>καὶ</em></strong></span> <span class='ocrx_word' id='word_1_536' title='bbox 802 4803 851 4853; x_wconf 86' lang='grc' dir='ltr'>οἱ</span> <span class='ocrx_word' id='word_1_537' title='bbox 879 4801 972 4853; x_wconf 81' lang='grc' dir='ltr'>ἀπ’</span> <span class='ocrx_word' id='word_1_538' title='bbox 1004 4802 1178 4869; x_wconf 79' lang='grc' dir='ltr'>ἀρχῆς</span> <span class='ocrx_word' id='word_1_539' title='bbox 1204 4800 1470 4853; x_wconf 84' lang='grc' dir='ltr'>αὐτόπται</span> <span class='ocrx_word' id='word_1_540' title='bbox 1510 4800 1703 4871; x_wconf 85' lang='grc' dir='ltr'>διηγή-</span> 
     </span>
    </p>
   </div>
   <div class='ocr_carea' id='block_1_78' title="bbox 104 4892 1704 4966">
    <p class='ocr_par' dir='ltr' id='par_1_78' title="bbox 104 4892 1704 4966">
     <span class='ocr_line' id='line_1_78' title="bbox 104 4892 1704 4966; baseline 0.001 -19"><span class='ocrx_word' id='word_1_541' title='bbox 104 4910 310 4955; x_wconf 80' lang='grc' dir='ltr'>σαντο,</span> <span class='ocrx_word' id='word_1_542' title='bbox 357 4895 451 4946; x_wconf 81' lang='grc' dir='ltr'><strong><em>καὶ</em></strong></span> <span class='ocrx_word' id='word_1_543' title='bbox 493 4895 558 4964; x_wconf 77' lang='grc' dir='ltr'>τῇ</span> <span class='ocrx_word' id='word_1_544' title='bbox 610 4893 748 4962; x_wconf 84' lang='grc' dir='ltr'>μετὰ</span> <span class='ocrx_word' id='word_1_545' title='bbox 786 4892 958 4966; x_wconf 76' lang='grc' dir='ltr'>ταύτῃ</span> <span class='ocrx_word' id='word_1_546' title='bbox 999 4894 1160 4962; x_wconf 80' lang='grc' dir='ltr'>γενεᾷ</span> <span class='ocrx_word' id='word_1_547' title='bbox 1205 4893 1560 4965; x_wconf 78' lang='grc' dir='ltr'>παρέδωκαν,</span> <span class='ocrx_word' id='word_1_548' title='bbox 1595 4892 1704 4948; x_wconf 88' lang='grc' dir='ltr'>ἀπ’</span> 
     </span>
    </p>
   </div>
   <div class='ocr_carea' id='block_1_79' title="bbox 100 4984 1698 5056">
    <p class='ocr_par' dir='ltr' id='par_1_79' title="bbox 100 4984 1698 5056">
     <span class='ocr_line' id='line_1_79' title="bbox 100 4984 1698 5056; baseline 0.003 -19"><span class='ocrx_word' id='word_1_549' title='bbox 100 4985 343 5056; x_wconf 78' lang='grc' dir='ltr'>ἐκείνης</span> <span class='ocrx_word' id='word_1_550' title='bbox 377 4985 432 5037; x_wconf 81' lang='grc' dir='ltr'>δὲ</span> <span class='ocrx_word' id='word_1_551' title='bbox 462 4987 541 5048; x_wconf 76' lang='grc' dir='ltr'><strong><em>είς</em></strong></span> <span class='ocrx_word' id='word_1_552' title='bbox 564 4985 624 5036; x_wconf 82' lang='grc' dir='ltr'>τὸ</span> <span class='ocrx_word' id='word_1_553' title='bbox 644 4985 773 5053; x_wconf 75' lang='grc' dir='ltr'><strong><em>ἑξῆς</em></strong></span> <span class='ocrx_word' id='word_1_554' title='bbox 801 4986 890 5040; x_wconf 72' lang='grc' dir='ltr'>καὶ</span> <span class='ocrx_word' id='word_1_555' title='bbox 936 4984 1079 5036; x_wconf 73' lang='grc' dir='ltr'>οὕτω</span> <span class='ocrx_word' id='word_1_556' title='bbox 1121 4987 1314 5055; x_wconf 77' lang='grc' dir='ltr'>μέχρις</span> <span class='ocrx_word' id='word_1_557' title='bbox 1345 4986 1500 5055; x_wconf 78' lang='grc' dir='ltr'>ἡμῶν</span> <span class='ocrx_word' id='word_1_558' title='bbox 1531 5004 1698 5042; x_wconf 79' lang='grc' dir='ltr'>κατα-</span> 
     </span>
    </p>
   </div>
   <div class='ocr_carea' id='block_1_80' title="bbox 100 5076 1699 5151">
    <p class='ocr_par' dir='ltr' id='par_1_80' title="bbox 100 5076 1699 5151">
     <span class='ocr_line' id='line_1_80' title="bbox 100 5076 1699 5151; baseline 0.001 -23"><span class='ocrx_word' id='word_1_559' title='bbox 100 5078 318 5138; x_wconf 74' lang='grc' dir='ltr'>ϐάντες</span> <span class='ocrx_word' id='word_1_560' title='bbox 349 5077 397 5130; x_wconf 75' lang='grc' dir='ltr'>οἱ</span> <span class='ocrx_word' id='word_1_561' title='bbox 421 5077 520 5144; x_wconf 84' lang='grc' dir='ltr'>τῆς</span> <span class='ocrx_word' id='word_1_562' title='bbox 544 5076 811 5144; x_wconf 88' lang='grc' dir='ltr'>Λογγίνου</span> <span class='ocrx_word' id='word_1_563' title='bbox 842 5077 1148 5146; x_wconf 78' lang='grc' dir='ltr'>μαρτυρίας</span> <span class='ocrx_word' id='word_1_564' title='bbox 1183 5077 1351 5145; x_wconf 84' lang='grc' dir='ltr'>λόγοι,</span> <span class='ocrx_word' id='word_1_565' title='bbox 1381 5077 1454 5139; x_wconf 83' lang='grc' dir='ltr'>ὡς</span> <span class='ocrx_word' id='word_1_566' title='bbox 1486 5095 1699 5151; x_wconf 84' lang='grc' dir='ltr'>μαργα-</span> 
     </span>
    </p>
   </div>
   <div class='ocr_carea' id='block_1_81' title="bbox 194 5188 772 5253">
    <p class='ocr_par' dir='ltr' id='par_1_81' title="bbox 194 5188 772 5253">
     <span class='ocr_line' id='line_1_81' title="bbox 194 5188 772 5253; baseline 0.005 -12"><span class='ocrx_word' id='word_1_567' title='bbox 194 5189 215 5219; x_wconf 82' lang='grc'>¹</span> <span class='ocrx_word' id='word_1_568' title='bbox 257 5188 450 5242; x_wconf 83' lang='lat' dir='ltr'><strong><em>Matth.</em></strong></span> <span class='ocrx_word' id='word_1_569' title='bbox 477 5203 645 5253; x_wconf 83' lang='lat' dir='ltr'><strong><em>xxvu,</em></strong></span> <span class='ocrx_word' id='word_1_570' title='bbox 680 5188 772 5244; x_wconf 69' lang='lat' dir='ltr'><strong><em>5L</em></strong></span> 
     </span>
    </p>
   </div>
   <div class='ocr_carea' id='block_1_82' title="bbox 1809 4079 3385 4153">
    <p class='ocr_par' dir='ltr' id='par_1_82' title="bbox 1809 4079 3385 4153">
     <span class='ocr_line' id='line_1_82' title="bbox 1809 4079 3385 4153; baseline -0.001 -18"><span class='ocrx_word' id='word_1_571' title='bbox 1809 4097 1920 4135; x_wconf 67' lang='lat' dir='ltr'><strong><em>sua:</em></strong></span> <span class='ocrx_word' id='word_1_572' title='bbox 1947 4080 2072 4134; x_wconf 84' lang='lat' dir='ltr'><strong><em>ﬁdei</em></strong></span> <span class='ocrx_word' id='word_1_573' title='bbox 2105 4081 2285 4135; x_wconf 88' lang='lat' dir='ltr'><strong><em>fecere</em></strong></span> <span class='ocrx_word' id='word_1_574' title='bbox 2320 4079 2663 4149; x_wconf 82' lang='lat' dir='ltr'><strong><em>naufragium</em></strong></span> <span class='ocrx_word' id='word_1_575' title='bbox 2703 4096 2714 4132; x_wconf 88' lang='lat'><strong>:</strong></span> <span class='ocrx_word' id='word_1_576' title='bbox 2752 4093 2879 4135; x_wconf 87' lang='lat' dir='ltr'><strong><em>tunc</em></strong></span> <span class='ocrx_word' id='word_1_577' title='bbox 2903 4080 3198 4153; x_wconf 79' lang='lat' dir='ltr'><strong><em>veperandi</em></strong></span> <span class='ocrx_word' id='word_1_578' title='bbox 3224 4080 3385 4148; x_wconf 85' lang='lat' dir='ltr'><strong><em>hujus</em></strong></span> 
     </span>
    </p>
   </div>
   <div class='ocr_carea' id='block_1_83' title="bbox 1807 4171 3384 4243">
    <p class='ocr_par' dir='ltr' id='par_1_83' title="bbox 1807 4171 3384 4243">
     <span class='ocr_line' id='line_1_83' title="bbox 1807 4171 3384 4243; baseline -0.001 -17"><span class='ocrx_word' id='word_1_579' title='bbox 1807 4173 2155 4243; x_wconf 86' lang='lat' dir='ltr'><strong><em>religiosique</em></strong></span> <span class='ocrx_word' id='word_1_580' title='bbox 2185 4173 2528 4228; x_wconf 83' lang='lat' dir='ltr'><strong><em>centurionis</em></strong></span> <span class='ocrx_word' id='word_1_581' title='bbox 2559 4171 2832 4227; x_wconf 89' lang='lat' dir='ltr'><strong><em>confessio</em></strong></span> <span class='ocrx_word' id='word_1_582' title='bbox 2862 4172 3089 4224; x_wconf 89' lang='lat' dir='ltr'><strong><em>auribus</em></strong></span> <span class='ocrx_word' id='word_1_583' title='bbox 3117 4187 3271 4224; x_wconf 75' lang='lat' dir='ltr'><strong><em>vana:</em></strong></span> <span class='ocrx_word' id='word_1_584' title='bbox 3301 4181 3384 4224; x_wconf 81' lang='lat' dir='ltr'><strong><em>at-</em></strong></span> 
     </span>
    </p>
   </div>
   <div class='ocr_carea' id='block_1_84' title="bbox 1806 4261 3384 4336">
    <p class='ocr_par' dir='ltr' id='par_1_84' title="bbox 1806 4261 3384 4336">
     <span class='ocr_line' id='line_1_84' title="bbox 1806 4261 3384 4336; baseline -0.003 -17"><span class='ocrx_word' id='word_1_585' title='bbox 1806 4281 1912 4335; x_wconf 91' lang='lat' dir='ltr'><strong><em>que</em></strong></span> <span class='ocrx_word' id='word_1_586' title='bbox 1945 4265 2152 4320; x_wconf 85' lang='lat' dir='ltr'><strong><em>fallacis</em></strong></span> <span class='ocrx_word' id='word_1_587' title='bbox 2177 4280 2461 4336; x_wconf 73' lang='lat' dir='ltr'><strong><em>synagoga:</em></strong></span> <span class='ocrx_word' id='word_1_588' title='bbox 2492 4263 2737 4318; x_wconf 91' lang='lat' dir='ltr'><strong><em>insonuit</em></strong></span> <span class='ocrx_word' id='word_1_589' title='bbox 2778 4279 2791 4314; x_wconf 76' lang='grc' dir='ltr'><strong><em>ι</em></strong></span> <span class='ocrx_word' id='word_1_590' title='bbox 2832 4262 2958 4316; x_wconf 79' lang='lat' dir='ltr'><strong><em>Vere</em></strong></span> <span class='ocrx_word' id='word_1_591' title='bbox 2993 4261 3162 4317; x_wconf 84' lang='lat' dir='ltr'><strong><em>Filius</em></strong></span> <span class='ocrx_word' id='word_1_592' title='bbox 3192 4262 3284 4315; x_wconf 84' lang='lat' dir='ltr'><strong><em>Dei</em></strong></span> <span class='ocrx_word' id='word_1_593' title='bbox 3313 4270 3384 4315; x_wconf 79' lang='lat' dir='ltr'><strong><em>est</em></strong></span> 
     </span>
    </p>
   </div>
   <div class='ocr_carea' id='block_1_85' title="bbox 1805 4355 3387 4426">
    <p class='ocr_par' dir='ltr' id='par_1_85' title="bbox 1805 4355 3387 4426">
     <span class='ocr_line' id='line_1_85' title="bbox 1805 4355 3387 4426; baseline -0.003 -14"><span class='ocrx_word' id='word_1_594' title='bbox 1805 4359 1960 4412; x_wconf 77' lang='lat' dir='ltr'><strong><em>iste&#39;.</em></strong></span> <span class='ocrx_word' id='word_1_595' title='bbox 2005 4357 2209 4426; x_wconf 86' lang='lat' dir='ltr'><strong><em>Nempe</em></strong></span> <span class='ocrx_word' id='word_1_596' title='bbox 2258 4371 2359 4410; x_wconf 91' lang='lat' dir='ltr'><strong><em>nec</em></strong></span> <span class='ocrx_word' id='word_1_597' title='bbox 2408 4355 2643 4410; x_wconf 89' lang='lat' dir='ltr'><strong><em>Pilatum</em></strong></span> <span class='ocrx_word' id='word_1_598' title='bbox 2681 4355 2951 4408; x_wconf 89' lang='lat' dir='ltr'><strong><em>reveritus</em></strong></span> <span class='ocrx_word' id='word_1_599' title='bbox 2994 4361 3080 4408; x_wconf 91' lang='lat' dir='ltr'><strong><em>est</em></strong></span> <span class='ocrx_word' id='word_1_600' title='bbox 3124 4355 3387 4408; x_wconf 85' lang='lat' dir='ltr'><strong><em>adversus</em></strong></span> 
     </span>
    </p>
   </div>
   <div class='ocr_carea' id='block_1_86' title="bbox 1805 4445 3388 4515">
    <p class='ocr_par' dir='ltr' id='par_1_86' title="bbox 1805 4445 3388 4515">
     <span class='ocr_line' id='line_1_86' title="bbox 1805 4445 3388 4515; baseline -0.005 -10"><span class='ocrx_word' id='word_1_601' title='bbox 1805 4450 2006 4505; x_wconf 51' lang='lat' dir='ltr'><strong><em>Christi</em></strong></span> <span class='ocrx_word' id='word_1_602' title='bbox 2032 4449 2401 4503; x_wconf 88' lang='lat' dir='ltr'><strong><em>innocentiam</em></strong></span> <span class='ocrx_word' id='word_1_603' title='bbox 2435 4447 2689 4501; x_wconf 85' lang='lat' dir='ltr'><strong><em>mercede</em></strong></span> <span class='ocrx_word' id='word_1_604' title='bbox 2720 4447 3048 4503; x_wconf 81' lang='lat' dir='ltr'><strong><em>conductum</em></strong></span> <span class='ocrx_word' id='word_1_605' title='bbox 3079 4445 3180 4515; x_wconf 81' lang='grc' dir='ltr'>(α),</span> <span class='ocrx_word' id='word_1_606' title='bbox 3211 4460 3388 4514; x_wconf 82' lang='lat' dir='ltr'><strong><em>neque</em></strong></span> 
     </span>
    </p>
   </div>
   <div class='ocr_carea' id='block_1_87' title="bbox 1801 4536 3386 4600">
    <p class='ocr_par' dir='ltr' id='par_1_87' title="bbox 1801 4536 3386 4600">
     <span class='ocr_line' id='line_1_87' title="bbox 1801 4536 3386 4600; baseline -0.002 -8"><span class='ocrx_word' id='word_1_607' title='bbox 1801 4540 2049 4593; x_wconf 63' lang='lat' dir='ltr'><strong><em>exlimuit</em></strong></span> <span class='ocrx_word' id='word_1_608' title='bbox 2101 4549 2208 4592; x_wconf 88' lang='lat' dir='ltr'><strong><em>tam</em></strong></span> <span class='ocrx_word' id='word_1_609' title='bbox 2260 4553 2604 4594; x_wconf 84' lang='lat' dir='ltr'><strong><em>numerosam</em></strong></span> <span class='ocrx_word' id='word_1_610' title='bbox 2657 4536 3099 4600; x_wconf 76' lang='lat' dir='ltr'><strong><em>multitudinem,</em></strong></span> <span class='ocrx_word' id='word_1_611' title='bbox 3181 4537 3264 4591; x_wconf 88' lang='lat' dir='ltr'><strong><em>vel</em></strong></span> <span class='ocrx_word' id='word_1_612' title='bbox 3321 4539 3386 4589; x_wconf 79' lang='lat' dir='ltr'><strong><em>ad</em></strong></span> 
     </span>
    </p>
   </div>
   <div class='ocr_carea' id='block_1_88' title="bbox 1806 4626 3387 4698">
    <p class='ocr_par' dir='ltr' id='par_1_88' title="bbox 1806 4626 3387 4698">
     <span class='ocr_line' id='line_1_88' title="bbox 1806 4626 3387 4698; baseline -0.003 -15"><span class='ocrx_word' id='word_1_613' title='bbox 1806 4637 2159 4698; x_wconf 89' lang='lat' dir='ltr'><strong><em>conspectum</em></strong></span> <span class='ocrx_word' id='word_1_614' title='bbox 2223 4627 2556 4682; x_wconf 79' lang='lat' dir='ltr'><strong><em>inﬁnitarum</em></strong></span> <span class='ocrx_word' id='word_1_615' title='bbox 2623 4626 3018 4696; x_wconf 86' lang='lat' dir='ltr'><strong><em>propemodum</em></strong></span> <span class='ocrx_word' id='word_1_616' title='bbox 3086 4626 3387 4694; x_wconf 83' lang='lat' dir='ltr'><strong><em>myriadum</em></strong></span> 
     </span>
    </p>
   </div>
   <div class='ocr_carea' id='block_1_89' title="bbox 1807 4715 3388 4788">
    <p class='ocr_par' dir='ltr' id='par_1_89' title="bbox 1807 4715 3388 4788">
     <span class='ocr_line' id='line_1_89' title="bbox 1807 4715 3388 4788; baseline -0.003 -16"><span class='ocrx_word' id='word_1_617' title='bbox 1807 4720 2105 4788; x_wconf 88' lang='lat' dir='ltr'><strong><em>obtorpuit.</em></strong></span> <span class='ocrx_word' id='word_1_618' title='bbox 2142 4716 2343 4783; x_wconf 87' lang='lat' dir='ltr'><strong><em>Quidni</em></strong></span> <span class='ocrx_word' id='word_1_619' title='bbox 2390 4731 2520 4787; x_wconf 84' lang='lat' dir='ltr'><strong><em>ergo</em></strong></span> <span class='ocrx_word' id='word_1_620' title='bbox 2569 4717 2823 4772; x_wconf 86' lang='lat' dir='ltr'><strong><em>laudibus</em></strong></span> <span class='ocrx_word' id='word_1_621' title='bbox 2854 4715 3134 4779; x_wconf 82' lang='lat' dir='ltr'><strong><em>etl‘eratur,</em></strong></span> <span class='ocrx_word' id='word_1_622' title='bbox 3168 4725 3221 4768; x_wconf 91' lang='lat' dir='ltr'><strong><em>et</em></strong></span> <span class='ocrx_word' id='word_1_623' title='bbox 3253 4719 3388 4770; x_wconf 83' lang='lat' dir='ltr'><strong><em>scri-</em></strong></span> 
     </span>
    </p>
   </div>
   <div class='ocr_carea' id='block_1_90' title="bbox 1807 4804 3387 4879">
    <p class='ocr_par' dir='ltr' id='par_1_90' title="bbox 1807 4804 3387 4879">
     <span class='ocr_line' id='line_1_90' title="bbox 1807 4804 3387 4879; baseline -0.001 -15"><span class='ocrx_word' id='word_1_624' title='bbox 1807 4811 1914 4879; x_wconf 89' lang='lat' dir='ltr'><strong><em>ptis</em></strong></span> <span class='ocrx_word' id='word_1_625' title='bbox 1943 4811 2248 4866; x_wconf 89' lang='lat' dir='ltr'><strong><em>celebretur</em></strong></span> <span class='ocrx_word' id='word_1_626' title='bbox 2282 4807 2711 4877; x_wconf 87' lang='lat' dir='ltr'><strong><em>pulcherrimum</em></strong></span> <span class='ocrx_word' id='word_1_627' title='bbox 2745 4808 2864 4876; x_wconf 85' lang='lat' dir='ltr'><strong><em>ejus</em></strong></span> <span class='ocrx_word' id='word_1_628' title='bbox 2891 4807 3210 4862; x_wconf 84' lang='lat' dir='ltr'><strong><em>certamen?</em></strong></span> <span class='ocrx_word' id='word_1_629' title='bbox 3233 4804 3387 4872; x_wconf 74' lang='lat' dir='ltr'><strong><em>Quod</em></strong></span> 
     </span>
    </p>
   </div>
   <div class='ocr_carea' id='block_1_91' title="bbox 1809 4898 3388 4968">
    <p class='ocr_par' dir='ltr' id='par_1_91' title="bbox 1809 4898 3388 4968">
     <span class='ocr_line' id='line_1_91' title="bbox 1809 4898 3388 4968; baseline -0.002 -15"><span class='ocrx_word' id='word_1_630' title='bbox 1809 4901 1900 4968; x_wconf 90' lang='lat' dir='ltr'><strong><em>qui</em></strong></span> <span class='ocrx_word' id='word_1_631' title='bbox 1928 4902 2180 4955; x_wconf 85' lang='lat' dir='ltr'><strong><em>viderunt</em></strong></span> <span class='ocrx_word' id='word_1_632' title='bbox 2213 4900 2281 4953; x_wconf 90' lang='lat' dir='ltr'><strong><em>ab</em></strong></span> <span class='ocrx_word' id='word_1_633' title='bbox 2311 4899 2467 4956; x_wconf 86' lang='lat' dir='ltr'><strong><em>initio</em></strong></span> <span class='ocrx_word' id='word_1_634' title='bbox 2496 4910 2839 4961; x_wconf 84' lang='lat' dir='ltr'><strong><em>enarrantes.</em></strong></span> <span class='ocrx_word' id='word_1_635' title='bbox 2874 4898 2930 4951; x_wconf 89' lang='lat' dir='ltr'><strong><em>in</em></strong></span> <span class='ocrx_word' id='word_1_636' title='bbox 2959 4899 3197 4958; x_wconf 87' lang='lat' dir='ltr'><strong><em>futuram</em></strong></span> <span class='ocrx_word' id='word_1_637' title='bbox 3230 4913 3388 4968; x_wconf 57' lang='lat' dir='ltr'><strong><em>gena.</em></strong></span> 
     </span>
    </p>
   </div>
   <div class='ocr_carea' id='block_1_92' title="bbox 1809 4991 3388 5060">
    <p class='ocr_par' dir='ltr' id='par_1_92' title="bbox 1809 4991 3388 5060">
     <span class='ocr_line' id='line_1_92' title="bbox 1809 4991 3388 5060; baseline 0 -17"><span class='ocrx_word' id='word_1_638' title='bbox 1809 4991 2074 5045; x_wconf 87' lang='lat' dir='ltr'><strong><em>rationem</em></strong></span> <span class='ocrx_word' id='word_1_639' title='bbox 2123 4992 2536 5047; x_wconf 85' lang='lat' dir='ltr'><strong><em>memorandum</em></strong></span> <span class='ocrx_word' id='word_1_640' title='bbox 2583 4992 2960 5060; x_wconf 86' lang='lat' dir='ltr'><strong><em>tradiderunt;</em></strong></span> <span class='ocrx_word' id='word_1_641' title='bbox 3007 4991 3075 5044; x_wconf 89' lang='lat' dir='ltr'><strong><em>ab</em></strong></span> <span class='ocrx_word' id='word_1_642' title='bbox 3129 4991 3216 5044; x_wconf 87' lang='lat' dir='ltr'><strong><em>illa</em></strong></span> <span class='ocrx_word' id='word_1_643' title='bbox 3259 5003 3388 5043; x_wconf 88' lang='lat' dir='ltr'><strong><em>vero</em></strong></span> 
     </span>
    </p>
   </div>
   <div class='ocr_carea' id='block_1_93' title="bbox 1811 5081 3387 5156">
    <p class='ocr_par' dir='ltr' id='par_1_93' title="bbox 1811 5081 3387 5156">
     <span class='ocr_line' id='line_1_93' title="bbox 1811 5081 3387 5156; baseline -0.002 -17"><span class='ocrx_word' id='word_1_644' title='bbox 1811 5081 2067 5154; x_wconf 85' lang='lat' dir='ltr'><strong><em>deinceps</em></strong></span> <span class='ocrx_word' id='word_1_645' title='bbox 2099 5082 2165 5137; x_wconf 88' lang='lat' dir='ltr'><strong><em>ad</em></strong></span> <span class='ocrx_word' id='word_1_646' title='bbox 2192 5093 2440 5155; x_wconf 87' lang='lat' dir='ltr'><strong><em>posteros</em></strong></span> <span class='ocrx_word' id='word_1_647' title='bbox 2467 5091 2628 5153; x_wconf 87' lang='lat' dir='ltr'><strong><em>atque</em></strong></span> <span class='ocrx_word' id='word_1_648' title='bbox 2663 5084 2734 5138; x_wconf 92' lang='lat' dir='ltr'><strong><em>ita</em></strong></span> <span class='ocrx_word' id='word_1_649' title='bbox 2763 5084 2830 5139; x_wconf 88' lang='lat' dir='ltr'><strong><em>ad</em></strong></span> <span class='ocrx_word' id='word_1_650' title='bbox 2858 5098 2961 5139; x_wconf 86' lang='lat' dir='ltr'><strong><em>nos</em></strong></span> <span class='ocrx_word' id='word_1_651' title='bbox 2990 5098 3162 5156; x_wconf 84' lang='lat' dir='ltr'><strong><em>usque</em></strong></span> <span class='ocrx_word' id='word_1_652' title='bbox 3193 5095 3387 5154; x_wconf 77' lang='lat' dir='ltr'><strong><em>perve-</em></strong></span> 
     </span>
    </p>
   </div>
   <div class='ocr_carea' id='block_1_94' title="bbox 1675 5279 1908 5338">
    <p class='ocr_par' dir='ltr' id='par_1_94' title="bbox 1675 5279 1908 5338">
     <span class='ocr_line' id='line_1_94' title="bbox 1675 5279 1908 5338; baseline 0.013 -3"><span class='ocrx_word' id='word_1_653' title='bbox 1675 5279 1908 5338; x_wconf 58' lang='lat' dir='ltr'><strong><em>NOTAE.</em></strong></span> 
     </span>
    </p>
   </div>
   <div class='ocr_carea' id='block_1_95' title="bbox 193 5370 3387 5447">
    <p class='ocr_par' dir='ltr' id='par_1_95' title="bbox 193 5370 3387 5447">
     <span class='ocr_line' id='line_1_95' title="bbox 193 5370 3387 5447; baseline 0.003 -23"><span class='ocrx_word' id='word_1_654' title='bbox 193 5373 273 5447; x_wconf 51' lang='grc' dir='ltr'><strong><em>(ἢ)</em></strong></span> <span class='ocrx_word' id='word_1_655' title='bbox 316 5373 414 5426; x_wconf 82' lang='lat' dir='ltr'><strong><em>Ms.</em></strong></span> <span class='ocrx_word' id='word_1_656' title='bbox 445 5373 758 5447; x_wconf 64' lang='grc' dir='ltr'>ξσχόνευσε·</span> <span class='ocrx_word' id='word_1_657' title='bbox 786 5373 929 5447; x_wconf 77' lang='lat' dir='ltr'><strong><em>quod</em></strong></span> <span class='ocrx_word' id='word_1_658' title='bbox 952 5371 1075 5447; x_wconf 83' lang='lat' dir='ltr'><strong><em>quia</em></strong></span> <span class='ocrx_word' id='word_1_659' title='bbox 1101 5370 1346 5447; x_wconf 68' lang='lat' dir='ltr'><strong><em>Graecum</em></strong></span> <span class='ocrx_word' id='word_1_660' title='bbox 1364 5380 1576 5447; x_wconf 68' lang='lat' dir='ltr'><strong><em>nonest</em></strong></span> <span class='ocrx_word' id='word_1_661' title='bbox 1603 5387 1704 5447; x_wconf 73' lang='lat' dir='ltr'><strong><em>nec</em></strong></span> <span class='ocrx_word' id='word_1_662' title='bbox 1738 5379 1780 5432; x_wconf 77' lang='grc' dir='ltr'>ι)</span> <span class='ocrx_word' id='word_1_663' title='bbox 1810 5375 2011 5432; x_wconf 88' lang='lat' dir='ltr'><strong><em>Christi</em></strong></span> <span class='ocrx_word' id='word_1_664' title='bbox 2042 5387 2220 5432; x_wconf 88' lang='lat' dir='ltr'><strong><em>tamen</em></strong></span> <span class='ocrx_word' id='word_1_665' title='bbox 2255 5381 2661 5435; x_wconf 88' lang='lat' dir='ltr'><strong><em>damnationem</em></strong></span> <span class='ocrx_word' id='word_1_666' title='bbox 2694 5380 2763 5435; x_wconf 89' lang='lat' dir='ltr'><strong><em>ab</em></strong></span> <span class='ocrx_word' id='word_1_667' title='bbox 2792 5395 2859 5434; x_wconf 92' lang='lat' dir='ltr'><strong><em>eo</em></strong></span> <span class='ocrx_word' id='word_1_668' title='bbox 2909 5387 3174 5433; x_wconf 82' lang='lat' dir='ltr'><strong><em>extortam</em></strong></span> <span class='ocrx_word' id='word_1_669' title='bbox 3215 5376 3387 5447; x_wconf 77' lang='lat' dir='ltr'><strong><em>magis</em></strong></span> 
     </span>
    </p>
   </div>
   <div class='ocr_carea' id='block_1_96' title="bbox 98 5441 1703 5512">
    <p class='ocr_par' dir='ltr' id='par_1_96' title="bbox 98 5441 1703 5512">
     <span class='ocr_line' id='line_1_96' title="bbox 98 5441 1703 5512; baseline -0.003 -13"><span class='ocrx_word' id='word_1_670' title='bbox 98 5444 250 5499; x_wconf 81' lang='lat' dir='ltr'><strong><em>alibi</em></strong></span> <span class='ocrx_word' id='word_1_671' title='bbox 288 5441 558 5512; x_wconf 80' lang='lat' dir='ltr'><strong><em>reperitur</em></strong></span> <span class='ocrx_word' id='word_1_672' title='bbox 587 5444 868 5496; x_wconf 88' lang='lat' dir='ltr'><strong><em>immulavi</em></strong></span> <span class='ocrx_word' id='word_1_673' title='bbox 908 5462 920 5496; x_wconf 93' lang='lat'>:</span> <span class='ocrx_word' id='word_1_674' title='bbox 946 5442 1085 5495; x_wconf 91' lang='lat' dir='ltr'><strong><em>forte</em></strong></span> <span class='ocrx_word' id='word_1_675' title='bbox 1103 5444 1394 5509; x_wconf 75' lang='lat' dir='ltr'><strong><em>tegendum</em></strong></span> <span class='ocrx_word' id='word_1_676' title='bbox 1422 5441 1523 5494; x_wconf 89' lang='lat' dir='ltr'><strong><em>fuit</em></strong></span> <span class='ocrx_word' id='word_1_677' title='bbox 1546 5442 1703 5511; x_wconf 81' lang='grc' dir='ltr'>ἐσχό-</span> 
     </span>
    </p>
   </div>
   <div class='ocr_carea' id='block_1_97' title="bbox 99 5513 1703 5584">
    <p class='ocr_par' dir='ltr' id='par_1_97' title="bbox 99 5513 1703 5584">
     <span class='ocr_line' id='line_1_97' title="bbox 99 5513 1703 5584; baseline 0.001 -19"><span class='ocrx_word' id='word_1_678' title='bbox 99 5515 337 5574; x_wconf 80' lang='grc' dir='ltr'>λευσεν,</span> <span class='ocrx_word' id='word_1_679' title='bbox 374 5514 524 5582; x_wconf 88' lang='lat' dir='ltr'><strong><em>quasi</em></strong></span> <span class='ocrx_word' id='word_1_680' title='bbox 575 5513 733 5565; x_wconf 87' lang='lat' dir='ltr'><strong><em>otiari</em></strong></span> <span class='ocrx_word' id='word_1_681' title='bbox 782 5514 901 5584; x_wconf 64' lang='lat' dir='ltr'><strong><em>fecit</em></strong></span> <span class='ocrx_word' id='word_1_682' title='bbox 927 5529 944 5564; x_wconf 92' lang='lat'><strong><em>:</em></strong></span> <span class='ocrx_word' id='word_1_683' title='bbox 974 5513 1065 5565; x_wconf 85' lang='lat' dir='ltr'><strong><em>sed</em></strong></span> <span class='ocrx_word' id='word_1_684' title='bbox 1111 5527 1287 5584; x_wconf 79' lang='lat' dir='ltr'><strong><em>neque</em></strong></span> <span class='ocrx_word' id='word_1_685' title='bbox 1334 5513 1473 5566; x_wconf 85' lang='lat' dir='ltr'><strong><em>hanc</em></strong></span> <span class='ocrx_word' id='word_1_686' title='bbox 1504 5528 1703 5584; x_wconf 80' lang='lat' dir='ltr'><strong><em>vocem</em></strong></span> 
     </span>
    </p>
   </div>
   <div class='ocr_carea' id='block_1_98' title="bbox 100 5581 1702 5651">
    <p class='ocr_par' dir='ltr' id='par_1_98' title="bbox 100 5581 1702 5651">
     <span class='ocr_line' id='line_1_98' title="bbox 100 5581 1702 5651; baseline -0.002 -14"><span class='ocrx_word' id='word_1_687' title='bbox 100 5584 324 5651; x_wconf 85' lang='lat' dir='ltr'><strong><em>reperi,</em></strong></span> <span class='ocrx_word' id='word_1_688' title='bbox 365 5581 599 5637; x_wconf 80' lang='lat' dir='ltr'><strong><em>radicem</em></strong></span> <span class='ocrx_word' id='word_1_689' title='bbox 628 5581 806 5636; x_wconf 84' lang='lat' dir='ltr'><strong><em>tamen</em></strong></span> <span class='ocrx_word' id='word_1_690' title='bbox 839 5581 1078 5636; x_wconf 69' lang='lat' dir='ltr'><strong><em>Gra&#39;cam</em></strong></span> <span class='ocrx_word' id='word_1_691' title='bbox 1113 5582 1372 5636; x_wconf 82' lang='lat' dir='ltr'><strong><em>habemus</em></strong></span> <span class='ocrx_word' id='word_1_692' title='bbox 1407 5583 1552 5636; x_wconf 90' lang='lat' dir='ltr'><strong><em>unde</em></strong></span> <span class='ocrx_word' id='word_1_693' title='bbox 1588 5581 1702 5635; x_wconf 86' lang='lat' dir='ltr'><strong><em>for-</em></strong></span> 
     </span>
    </p>
   </div>
   <div class='ocr_carea' id='block_1_99' title="bbox 96 5653 482 5721">
    <p class='ocr_par' dir='ltr' id='par_1_99' title="bbox 96 5653 482 5721">
     <span class='ocr_line' id='line_1_99' title="bbox 96 5653 482 5721; baseline -0.005 -13"><span class='ocrx_word' id='word_1_694' title='bbox 96 5654 258 5708; x_wconf 83' lang='lat' dir='ltr'><strong><em>mari</em></strong></span> <span class='ocrx_word' id='word_1_695' title='bbox 291 5653 482 5721; x_wconf 83' lang='lat' dir='ltr'><strong><em>possit.</em></strong></span> 
     </span>
    </p>
   </div>
   <div class='ocr_carea' id='block_1_100' title="bbox 195 5721 1697 5792">
    <p class='ocr_par' dir='ltr' id='par_1_100' title="bbox 195 5721 1697 5792">
     <span class='ocr_line' id='line_1_100' title="bbox 195 5721 1697 5792; baseline 0.001 -18"><span class='ocrx_word' id='word_1_696' title='bbox 195 5723 275 5791; x_wconf 75' lang='lat' dir='ltr'><strong><em>(r1)</em></strong></span> <span class='ocrx_word' id='word_1_697' title='bbox 316 5722 432 5775; x_wconf 82' lang='lat' dir='ltr'><strong><em>Non</em></strong></span> <span class='ocrx_word' id='word_1_698' title='bbox 457 5731 573 5776; x_wconf 90' lang='lat' dir='ltr'><strong><em>erat</em></strong></span> <span class='ocrx_word' id='word_1_699' title='bbox 592 5723 695 5778; x_wconf 89' lang='lat' dir='ltr'><strong><em>hoc</em></strong></span> <span class='ocrx_word' id='word_1_700' title='bbox 721 5723 940 5792; x_wconf 83' lang='lat' dir='ltr'><strong><em>quidem</em></strong></span> <span class='ocrx_word' id='word_1_701' title='bbox 963 5739 992 5775; x_wconf 89' lang='lat' dir='ltr'><strong><em>a</em></strong></span> <span class='ocrx_word' id='word_1_702' title='bbox 1017 5721 1169 5774; x_wconf 81' lang='lat' dir='ltr'><strong><em>Pilati</em></strong></span> <span class='ocrx_word' id='word_1_703' title='bbox 1198 5722 1414 5792; x_wconf 78' lang='lat' dir='ltr'><strong><em>ingenio</em></strong></span> <span class='ocrx_word' id='word_1_704' title='bbox 1437 5723 1697 5785; x_wconf 88' lang='lat' dir='ltr'><strong><em>alienum,</em></strong></span> 
     </span>
    </p>
   </div>
   <div class='ocr_carea' id='block_1_101' title="bbox 99 5791 1695 5862">
    <p class='ocr_par' dir='ltr' id='par_1_101' title="bbox 99 5791 1695 5862">
     <span class='ocr_line' id='line_1_101' title="bbox 99 5791 1695 5862; baseline 0.002 -15"><span class='ocrx_word' id='word_1_705' title='bbox 99 5808 288 5862; x_wconf 86' lang='lat' dir='ltr'><strong><em>quem</em></strong></span> <span class='ocrx_word' id='word_1_706' title='bbox 347 5792 566 5846; x_wconf 89' lang='lat' dir='ltr'><strong><em>solitum</em></strong></span> <span class='ocrx_word' id='word_1_707' title='bbox 627 5793 927 5846; x_wconf 84' lang='lat' dir='ltr'><strong><em>sententias</em></strong></span> <span class='ocrx_word' id='word_1_708' title='bbox 982 5793 1217 5846; x_wconf 79' lang='lat' dir='ltr'><strong><em>vendere</em></strong></span> <span class='ocrx_word' id='word_1_709' title='bbox 1262 5791 1414 5845; x_wconf 83' lang='lat' dir='ltr'><strong><em>Philo</em></strong></span> <span class='ocrx_word' id='word_1_710' title='bbox 1460 5795 1695 5850; x_wconf 88' lang='lat' dir='ltr'><strong><em>scribit:</em></strong></span> 
     </span>
    </p>
   </div>
   <div class='ocr_carea' id='block_1_102' title="bbox 340 5883 1034 5947">
    <p class='ocr_par' dir='ltr' id='par_1_102' title="bbox 340 5883 1034 5947">
     <span class='ocr_line' id='line_1_102' title="bbox 340 5883 1034 5947; baseline -0.001 -2"><span class='ocrx_word' id='word_1_711' title='bbox 340 5884 384 5945; x_wconf 88' lang='lat' dir='ltr'><strong>P</strong></span> <span class='ocrx_word' id='word_1_712' title='bbox 401 5898 615 5947; x_wconf 81' lang='lat' dir='ltr'><strong><em>ATnOL.</em></strong></span> <span class='ocrx_word' id='word_1_713' title='bbox 654 5883 773 5947; x_wconf 82' lang='lat' dir='ltr'><strong><em>Gn.</em></strong></span> <span class='ocrx_word' id='word_1_714' title='bbox 808 5884 1034 5946; x_wconf 82' lang='lat' dir='ltr'><strong><em>XCIII.</em></strong></span> 
     </span>
    </p>
   </div>
   <div class='ocr_carea' id='block_1_103' title="bbox 1813 5449 3386 5522">
    <p class='ocr_par' dir='ltr' id='par_1_103' title="bbox 1813 5449 3386 5522">
     <span class='ocr_line' id='line_1_103' title="bbox 1813 5449 3386 5522; baseline 0.001 -24"><span class='ocrx_word' id='word_1_715' title='bbox 1813 5457 1962 5500; x_wconf 87' lang='lat' dir='ltr'><strong><em>metu</em></strong></span> <span class='ocrx_word' id='word_1_716' title='bbox 1993 5449 2248 5522; x_wconf 84' lang='lat' dir='ltr'><strong><em>concitati</em></strong></span> <span class='ocrx_word' id='word_1_717' title='bbox 2286 5452 2338 5503; x_wconf 94' lang='lat' dir='ltr'><strong><em>in</em></strong></span> <span class='ocrx_word' id='word_1_718' title='bbox 2372 5452 2694 5505; x_wconf 88' lang='lat' dir='ltr'><strong><em>seditionem</em></strong></span> <span class='ocrx_word' id='word_1_719' title='bbox 2749 5452 2928 5522; x_wconf 88' lang='lat' dir='ltr'><strong><em>populi</em></strong></span> <span class='ocrx_word' id='word_1_720' title='bbox 2971 5465 3131 5522; x_wconf 86' lang='lat' dir='ltr'><strong><em>quam</em></strong></span> <span class='ocrx_word' id='word_1_721' title='bbox 3165 5449 3386 5522; x_wconf 85' lang='lat' dir='ltr'><strong><em>aliore-</em></strong></span> 
     </span>
    </p>
   </div>
   <div class='ocr_carea' id='block_1_104' title="bbox 1809 5520 3385 5591">
    <p class='ocr_par' dir='ltr' id='par_1_104' title="bbox 1809 5520 3385 5591">
     <span class='ocr_line' id='line_1_104' title="bbox 1809 5520 3385 5591; baseline -0.001 -23"><span class='ocrx_word' id='word_1_722' title='bbox 1809 5527 1996 5591; x_wconf 72' lang='lat' dir='ltr'><strong><em>speetu</em></strong></span> <span class='ocrx_word' id='word_1_723' title='bbox 2031 5520 2138 5591; x_wconf 84' lang='lat' dir='ltr'><strong><em>ullo</em></strong></span> <span class='ocrx_word' id='word_1_724' title='bbox 2168 5521 2372 5574; x_wconf 87' lang='lat' dir='ltr'><strong><em>scimus</em></strong></span> <span class='ocrx_word' id='word_1_725' title='bbox 2409 5538 2470 5574; x_wconf 74' lang='lat' dir='ltr'><strong><em>ex</em></strong></span> <span class='ocrx_word' id='word_1_726' title='bbox 2503 5520 2819 5591; x_wconf 73' lang='lat' dir='ltr'><strong><em>evangelica</em></strong></span> <span class='ocrx_word' id='word_1_727' title='bbox 2869 5520 3016 5573; x_wconf 74' lang='lat' dir='ltr'><strong><em>textu</em></strong></span> <span class='ocrx_word' id='word_1_728' title='bbox 3054 5537 3064 5571; x_wconf 93' lang='lat'>:</span> <span class='ocrx_word' id='word_1_729' title='bbox 3099 5521 3385 5591; x_wconf 86' lang='lat' dir='ltr'><strong><em>pecuniam</em></strong></span> 
     </span>
    </p>
   </div>
   <div class='ocr_carea' id='block_1_105' title="bbox 1806 5587 3386 5650">
    <p class='ocr_par' dir='ltr' id='par_1_105' title="bbox 1806 5587 3386 5650">
     <span class='ocr_line' id='line_1_105' title="bbox 1806 5587 3386 5650; baseline 0.003 -13"><span class='ocrx_word' id='word_1_730' title='bbox 1806 5587 2162 5641; x_wconf 85' lang='lat' dir='ltr'><strong><em>nihilominus</em></strong></span> <span class='ocrx_word' id='word_1_731' title='bbox 2191 5591 2365 5645; x_wconf 86' lang='lat' dir='ltr'><strong><em>eidem</em></strong></span> <span class='ocrx_word' id='word_1_732' title='bbox 2396 5587 2674 5647; x_wconf 81' lang='lat' dir='ltr'><strong><em>decretum</em></strong></span> <span class='ocrx_word' id='word_1_733' title='bbox 2707 5607 2850 5650; x_wconf 84' lang='lat' dir='ltr'><strong><em>esse,</em></strong></span> <span class='ocrx_word' id='word_1_734' title='bbox 2883 5600 2939 5643; x_wconf 91' lang='lat' dir='ltr'><strong><em>ut</em></strong></span> <span class='ocrx_word' id='word_1_735' title='bbox 2967 5587 3386 5642; x_wconf 84' lang='lat' dir='ltr'><strong><em>resurrectionis</em></strong></span> 
     </span>
    </p>
   </div>
   <div class='ocr_carea' id='block_1_106' title="bbox 1806 5659 3389 5726">
    <p class='ocr_par' dir='ltr' id='par_1_106' title="bbox 1806 5659 3389 5726">
     <span class='ocr_line' id='line_1_106' title="bbox 1806 5659 3389 5726; baseline 0.003 -19"><span class='ocrx_word' id='word_1_736' title='bbox 1806 5659 2121 5726; x_wconf 80' lang='lat' dir='ltr'><strong><em>mysterium</em></strong></span> <span class='ocrx_word' id='word_1_737' title='bbox 2155 5670 2434 5726; x_wconf 86' lang='lat' dir='ltr'><strong><em>pateretur</em></strong></span> <span class='ocrx_word' id='word_1_738' title='bbox 2462 5662 2764 5719; x_wconf 81' lang='lat' dir='ltr'><strong><em>obscurari.</em></strong></span> <span class='ocrx_word' id='word_1_739' title='bbox 2798 5662 2932 5713; x_wconf 84' lang='lat' dir='ltr'><strong><em>satis</em></strong></span> <span class='ocrx_word' id='word_1_740' title='bbox 2964 5659 3207 5712; x_wconf 80' lang='lat' dir='ltr'><strong><em>indicant</em></strong></span> <span class='ocrx_word' id='word_1_741' title='bbox 3241 5659 3389 5726; x_wconf 85' lang='lat' dir='ltr'><strong><em>apud</em></strong></span> 
     </span>
    </p>
   </div>
   <div class='ocr_carea' id='block_1_107' title="bbox 1803 5725 3380 5796">
    <p class='ocr_par' dir='ltr' id='par_1_107' title="bbox 1803 5725 3380 5796">
     <span class='ocr_line' id='line_1_107' title="bbox 1803 5725 3380 5796; baseline 0.001 -18"><span class='ocrx_word' id='word_1_742' title='bbox 1803 5725 2116 5781; x_wconf 75' lang='lat' dir='ltr'><strong><em>Malthrrum</em></strong></span> <span class='ocrx_word' id='word_1_743' title='bbox 2156 5725 2356 5788; x_wconf 77' lang='lat' dir='ltr'><strong><em>Juda-i,</em></strong></span> <span class='ocrx_word' id='word_1_744' title='bbox 2392 5732 2621 5785; x_wconf 84' lang='lat' dir='ltr'><strong><em>fidenter</em></strong></span> <span class='ocrx_word' id='word_1_745' title='bbox 2655 5732 2918 5785; x_wconf 86' lang='lat' dir='ltr'><strong><em>militibus</em></strong></span> <span class='ocrx_word' id='word_1_746' title='bbox 2949 5725 3330 5796; x_wconf 84' lang='lat' dir='ltr'><strong><em>promittentes</em></strong></span> <span class='ocrx_word' id='word_1_747' title='bbox 3367 5761 3380 5794; x_wconf 69' lang='grc' dir='ltr'>ε</span> 
     </span>
    </p>
   </div>
   <div class='ocr_carea' id='block_1_108' title="bbox 1810 5795 3373 5871">
    <p class='ocr_par' dir='ltr' id='par_1_108' title="bbox 1810 5795 3373 5871">
     <span class='ocr_line' id='line_1_108' title="bbox 1810 5795 3373 5871; baseline 0.001 -21"><span class='ocrx_word' id='word_1_748' title='bbox 1810 5815 1828 5849; x_wconf 82' lang='grc' dir='ltr'><strong><em>ι</em></strong></span> <span class='ocrx_word' id='word_1_749' title='bbox 1857 5795 1964 5852; x_wconf 84' lang='lat' dir='ltr'><strong><em>Nos</em></strong></span> <span class='ocrx_word' id='word_1_750' title='bbox 1987 5800 2336 5856; x_wconf 85' lang='lat' dir='ltr'><strong><em>suadebimus</em></strong></span> <span class='ocrx_word' id='word_1_751' title='bbox 2358 5801 2599 5868; x_wconf 62' lang='lat' dir='ltr'><strong><em>Prtesidi,</em></strong></span> <span class='ocrx_word' id='word_1_752' title='bbox 2633 5811 2686 5856; x_wconf 88' lang='lat' dir='ltr'><strong><em>et</em></strong></span> <span class='ocrx_word' id='word_1_753' title='bbox 2713 5817 2928 5856; x_wconf 60' lang='lat' dir='ltr'><strong><em>securo:</em></strong></span> <span class='ocrx_word' id='word_1_754' title='bbox 2951 5795 3045 5851; x_wconf 69' lang='lat' dir='ltr'><strong><em>vos</em></strong></span> <span class='ocrx_word' id='word_1_755' title='bbox 3067 5798 3373 5871; x_wconf 61' lang='lat' dir='ltr'><strong><em>faciemus...</em></strong></span> 
     </span>
    </p>
   </div>
   <div class='ocr_carea' id='block_1_109' title="bbox 3029 5893 3108 5955">
    <p class='ocr_par' dir='ltr' id='par_1_109' title="bbox 3029 5893 3108 5955">
     <span class='ocr_line' id='line_1_109' title="bbox 3029 5893 3108 5955; baseline 0.038 -3"><span class='ocrx_word' id='word_1_756' title='bbox 3029 5893 3108 5955; x_wconf 57' lang='lat'><strong><em>1:9</em></strong></span> 
     </span>
    </p>
   </div>
  </div>
