4142 6436
762 374 900 442 154⁸1

1935 380 2303 442 HESYCHII
2347 382 2823 445 PRE‘SBYTERI
2908 360 2910 363 ’

3952 378 4047 441 15%

748 498 974 551 ﬁnientes
1020 494 1368 567 Longinianat
1413 494 1776 569 confessionis
1827 513 2132 565 sermones,
2184 499 2330 553 velut

2436 499 2581 570 ρῖταί
2606 516 2752 563 τινες
2780 500 3001 570 ἄμωμοι
3029 500 3120 553 τὸν
3153 500 3298 572 ἱερὸν
3330 503 3424 555 τοῦ
3470 498 3769 573 Χριστοῦ
3824 502 4051 567 ωμςῶη

757 586 1064 656 margarita:
1124 584 1370 654 quaedam
1422 586 1782 641 immaculata:
1832 597 2080 642 sanctum
2131 587 2333 643 Christi

757 676 971 731 Domini
1009 675 1305 729 thalamum
1328 684 1673 740 exornantes,
1708 686 1840 731 sunt
1870 679 2201 732 conservati.

825 768 881 821 3.
922 765 1107 835 Itaque
1149 780 1272 819 cum
1318 764 1525 819 Pilatus
1576 767 1877 821 custodiam
1911 768 1986 837 (ὁ)
2032 767 2335 837 postulatus

754 856 1169 927 advigilaturam
1203 855 1457 924 sepulcro
1494 856 1761 927 unigeniti
1799 857 1920 912 Filii
1963 858 2057 912 Dei
2083 858 2331 912 eamdem

754 948 1070 1019 petentibus
1106 947 1314 1002 Judaris
1350 949 1643 1012 concessit,
1675 949 1786 1004 dux
1819 964 2008 1004 eorum
2057 949 2334 1021 Longinus

756 1039 860 1094 fuit
895 1056 910 1093 :
944 1037 1212 1108 siquidem
1246 1046 1303 1093 et
1333 1038 1447 1108 ipse
1473 1054 1598 1094 cum
1628 1055 1725 1094 sua
1756 1041 1984 1095 cohorte
2010 1040 2332 1096 cruciﬁxum

732 1131 1125 1187 ucustodiverat
1161 1147 1175 1185 :
1211 1146 1399 1185 verum
1430 1130 1624 1185 eodem
1660 1132 1774 1201 jam
1820 1132 1888 1187 ad
1930 1133 2094 1187 vitam
2145 1148 2333 1187 resur—

756 1223 1212 1295 gender-everso,
1244 1222 1705 1292 quemadmodum
1740 1223 2156 1293 Evangeliorum
2189 1224 2334 1279 Scri-

756 1324 931 1384 ptura;
976 1322 1443 1378 commemorant,
1472 1321 1527 1367 et
1557 1313 1742 1367 relatis
1785 1330 1882 1384 per
1914 1316 2113 1369 milites
2142 1316 2207 1369 ad
2234 1315 2331 1369 Ju-

755 1407 997 1460 daeorum
1026 1404 1300 1475 principes
1327 1404 1394 1457 iis
1415 1420 1536 1472 quae
1560 1414 1709 1475 gesta
1732 1405 1949 1461 fuerant
1971 1408 2328 1472 mirabilibus,
2370 1456 2380 1466 .

756 1497 810 1551 hi
842 1496 1217 1551 confusionem
1243 1510 1396 1550 suam
1426 1496 1569 1565 apud
1601 1498 1858 1566 populum
1882 1496 2258 1565 formidantes,
2278 1508 2333 1554 et

740 1588 988 1657 prodigii
1021 1587 1152 1641 tanti
1171 1587 1471 1642 claritatem
1507 1588 1793 1657 cupientes
1817 1589 2183 1660 exstinguere,
2203 1606 2331 1659 pro-

757 1672 1024 1734 miserunt
1064 1679 1327 1733 militibus
1368 1677 1725 1734 sufﬁcientem
1761 1682 2048 1751 pecuniam
2078 1698 2136 1737 se
2170 1683 2330 1737 datu-

756 1790 867 1835 ros,
905 1784 966 1826 ut
999 1770 1420 1827 resurrectionis
1462 1771 1927 1826 calumniarentur
1975 1774 2328 1842 mysterium;

2434 590 2785 660 κοσμοῦντες,
2817 591 3279 663 διεφυλάχοησαν.

2505 775 2574 838 τ’.
2603 768 2737 824 Ὅτε
2762 771 2943 825 τοίνυν
2968 773 3305 827 κουστωδίαν
3332 774 3596 845 αἰτηθεὶς
3640 773 3684 824 ὁ
3722 770 3972 831 Πιλάτος
4005 774 4059 833 εἰ,

2434 861 2681 933 φυλακὴν
2725 862 2821 916 τοῦ
2868 865 3043 933 τάφου
3087 866 3182 917 τοῦ
3233 867 3572 934 μονογενοῦς
3603 864 3783 918 Tia-3
3827 862 3930 915 τοῦ
3956 867 4059 915 tist

2433 954 2655 1019 ἔδωκεν,
2695 957 2961 1024 Λογγῖνος
2987 951 3057 1026 ἦν
3103 958 3286 1011 αὐτῶν
3315 958 3554 1028 ἔξαρχος
3585 976 3604 990 ο
3650 957 3861 1017 αὐτὸς
3887 958 3991 1025 γάρ
4015 953 4059 1023 ξι

2432 1048 2527 1099 καὶ
2554 1046 2648 1100 τὸν
2679 1049 2913 1118 σταυρὸν
2939 1047 3034 1101 τοῦ
3063 1049 3306 1118 Χριστοῦ
3338 1050 3594 1119 φυλάξας
3633 1047 3822 1119 μετὰ
3852 1048 3965 1100 τῶν

2432 1135 2598 1190 αὐτοῦ
2655 1137 3204 1206 στρατιωτῶν.⁹Δλλά
3250 1137 3349 1190 τοῦ
3378 1138 3642 1209 Χριστοῦ
3715 1137 4062 1207 πραχθείης

2431 1230 2529 1297 τῆς
2555 1228 2925 1290 ἀναστάσεως,
2958 1226 3148 1297 ὥσπερ
3184 1230 3316 1298 ἡμῖν
3348 1230 3406 1282 αί
3434 1228 3547 1281 τῶν
3589 1228 3801 1282 Θεεων
3838 1228 4065 1295 Εὐάγγε-

2431 1318 2563 1370 λίων
2596 1318 2812 1387 Γραφαὶ
2840 1318 3187 1389 παρέδωκαν,
3221 1321 3315 1371 καὶ
3358 1320 3470 1372 τῶν
3515 1319 3943 1390 στρατιωτῶν
3980 1322 4064 1369 άπ-

2433 1408 2805 1477 αγγειλάντων
2854 1412 2967 1469 τοῖς
3010 1410 3273 1481 ἄρχουσιν
3323 1413 3419 1464 καὶ
3470 1411 3942 1481 πρεσϐυτέροις
3989 1414 4065 1476 τῇ

2444 1501 2734 1571 Ἰουδαϊκῆς
2759 1502 3069 1571 συμμορίας
3106 1504 3174 1557 τά
3199 1503 3471 1572 γενόμενα
3505 1503 3851 1573 θαύματα,
3888 1506 4063 1555 tuine:

2434 1590 2533 1658 μὲν
2554 1588 2932 1658 αἰσχυνθέντες
2955 1588 3049 1641 τὸν
3080 1589 3210 1643 λαὸν
3238 1592 3335 1644 καὶ
3362 1592 3560 1644 σδὲσαι
3598 1594 3670 1643 τὸ
3700 1590 3931 1659 θαῦμα
3962 1590 4065 1659 βενε·

2430 1678 2670 1749 λόμενοι,
2700 1678 2942 1749 ἀργύρια
2995 1680 3158 1733 ἱκανά
3202 1682 3317 1743 τοῖς
3372 1682 3789 1750 στρατιώταις
3843 1682 4064 1740 ἔδωκα-ε.

2432 1770 3008 1839 ὥστενσυκοφαντῆσαι
3030 1770 3127 1840 τὴν
3152 1770 3447 1825 ἀνάστασιν
3474 1771 3577 1824 τοῦ
3606 1774 3926 1844 Χριστοῦ,
3946 1773 4066 1825 οὕτω

755 1867 927 1920 multa
956 1879 1172 1935 quoque
1215 1862 1332 1918 auri
1378 1862 1429 1917 vi
1457 1862 1601 1931 apud
1641 1860 1874 1916 Pilatum
1902 1872 2031 1917 sunt
2060 1863 2166 1929 usi,
2198 1873 2259 1918 ut
2284 1864 2330 1918 is

2432 1860 2487 1913 δὲ
2533 1861 2627 1913 καὶ
2671 1860 2763 1911 τὸν
2813 1859 3045 1913 Πιλάτον
3072 1859 3326 1925 δέξασθαι
3358 1860 3455 1931 τὴν
3485 1862 3920 1929 συκοφαντίαν
3950 1866 4065 1929 χρὴ·

744 1956 1084 2011 calumniam
1119 1952 1479 2008 indiscussam
1528 1952 1850 2022 susciperet.
1883 1955 1955 2007 At
1998 1968 2107 2007 non
2142 1953 2334 2025 Longi-

754 2063 861 2102 nus
890 2046 1153 2116 promissa
1181 2059 1371 2099 eorum
1395 2044 1651 2099 antetulit
1676 2044 1916 2110 veritati,
1938 2059 2115 2114 neque
2139 2054 2330 2100 contra

750 2141 1034 2196 Christum
1072 2136 1331 2208 pecunias
1346 2136 1655 2201 admittere,
1682 2136 1766 2191 vel
1803 2136 1971 2190 Deum
2006 2152 2332 2191 mammonae

754 2232 1017 2289 sustinuit
1048 2230 1379 2301 posthabere
1412 2245 1425 2282 :
1463 2228 1747 2299 indignum
1784 2228 1989 2298 quippe
2017 2243 2076 2283 se
2118 2229 2331 2299 judica-

756 2326 849 2380 bat
871 2333 929 2378 ut
945 2322 1185 2377 avaritiae
1209 2320 1455 2375 serviens
1480 2319 1534 2373 in
1563 2319 1721 2373 istam
1739 2318 2046 2375 lethiferam
2078 2322 2329 2389 abyssum

754 2432 876 2473 sese
903 2414 1265 2486 praecipitaret
1300 2411 1621 2482 periturum,
1656 2419 1712 2466 et
1741 2410 1963 2466 falsitati
1992 2411 2146 2466 testis
2172 2425 2331 2465 act-e-

755 2510 909 2562 deret
929 2506 1193 2560 adversus
1213 2503 1517 2563 Christum,
1544 2518 1642 2573 per
1659 2518 1823 2573 quem
1850 2503 2173 2558 resuscitato
2189 2503 2332 2557 Ada-

757 2616 846 2653 mo
871 2608 927 2652 et
951 2605 1127 2651 morte
1158 2602 1435 2665 perempta
1464 2594 1530 2648 ad
1562 2594 1727 2649 vitam
1755 2595 2020 2649 mortales
2043 2595 2330 2648 immorta-

731 2736 734 2739 .
754 2688 863 2743 tem
882 2686 1284 2743 transferimus.

822 2783 881 2835 it.
923 2781 1134 2834 Acriter
1184 2794 1247 2832 ea
1303 2777 1529 2848 Longini
1576 2777 1885 2831 constantia
1946 2776 2219 2840 Pilatum,
2275 2787 2331 2831 ct

757 2873 1030 2942 principes
1073 2870 1383 2925 Judaaorum
1434 2869 1707 2939 pupugit:
1738 2877 1797 2923 et
1837 2869 2061 2923 insidias
2110 2868 2329 2937 quidem

756 2965 931 3023 eidem
962 2961 1290 3027 tendebant;
1324 2960 1418 3015 sed
1457 2960 1715 3029 quoniam
1756 2960 1921 3013 totius
1955 2959 2204 3013 militaris
2234 2974 2330 3012 co-

698 3059 712 3073 ‘
760 3057 932 3115 hortis
976 3052 1374 3108 illustrissimus
1414 3060 1551 3117 erat,
1586 3052 1969 3121 opportunitas
2016 3049 2191 3104 defuit
2238 3065 2331 3103 ex—

2436 1968 2569 2021 μασι
2600 1950 2815 2013 πολλοῖς
2854 1950 3101 2005 ἔπεισαν.
3134 1952 3207 2004 Οὐ
3240 1951 3345 2021 μὴν
3380 1954 3409 2004 ὁ
3437 1954 3733 2020 Λογγῖνος
3774 1954 4064 2021 προκρέιξι

2430 2042 2522 2096 τὸν
2546 2041 2706 2108 λόγον
2741 2041 2841 2111 τῆς
2870 2041 3155 2111 ἀληθείας,
3180 2042 3302 2095 οὐδὲ
3328 2043 3471 2095 κατά
3496 2042 3602 2095 τοῦ
3637 2042 3926 2113 Χριστοῦ
3956 2044 4050 2109 λαμ

2432 2134 2586 2189 δάνει
2611 2134 2834 2205 χρυσὸν,
2877 2134 3003 2187 οὐδὲ
3058 2134 3150 2188 τὸν
3182 2136 3496 2205 μαμμωνᾶν
3525 2134 3633 2188 τοῦ
3662 2134 3832 2189 Θεοῦ
3872 2135 4062 2204 προεισ-

2435 2228 2605 2297 μῆσαι
2633 2226 2964 2297 ὑπέμεινεν,
3004 2226 3125 2280 οὐδὲ
3164 2228 3231 2297 τῇ
3267 2225 3556 2298 πλεονεξίᾳ
3623 2227 3966 2289 δουλωθεξ
3992 2231 4059 2285 εἰς

2431 2320 2522 2372 τὸν
2551 2318 2753 2390 ταύτης
2785 2318 2948 2390 βυθὸν
2980 2320 3071 2371 τδν
3100 2318 3475 2372 πολυθάνατον
3504 2319 3791 2383 ὤλισθεν,
3831 2321 3903 2371 οὺ
3933 2320 4058 2370 κατὰ

2431 2410 2667 2481 Χριστοῦ
2704 2410 3073 2481 συκοφαντίας
3105 2411 3201 2464 τοῦ
3235 2411 3467 2481 ψεύδους
3503 2413 3828 2482 ἠνέσχετο,
3856 2411 3957 2464 τοῦ
3980 2412 4054 2462 τέι)

2443 2508 2616 2577 Ἀδάμ
2649 2507 2965 2578 ἐγείραντος
3010 2507 3107 2558 καὶ
3151 2505 3242 2559 τὸν
3291 2505 3533 2562 θάνατον
3578 2509 3934 2577 σφάξαντος
3977 2509 4055 2557 καὶ

2430 2597 2554 2661 τοὺς
2583 2596 2813 2669 θνητοὺς
2846 2595 3191 2661 ξωὼσαντος.

2500 2773 2561 2827 δ’.
2605 2773 2745 2844 Πρὸς
2787 2773 2960 2828 ταῦτα
2994 2777 3023 2827 ὁ
3080 2776 3308 2838 Πιλᾶτος
3366 2777 3461 2829 καὶ
3512 2778 3563 2830 oi
3615 2777 3906 2833 δυνάσται
3952 2778 4045 2831 τῶν

2443 2865 2711 2918 Ἰουδαίων
2750 2866 3120 2935 κεντούμενοι,
3150 2865 3382 2935 ἐζήτουν
3420 2868 3750 2939 ἐπιϐουλὴν
3774 2871 3933 2924 κατά
3960 2869 4039 2920 τοῦ

2434 2956 2706 3027 μακαρίου
2737 2958 3027 3028 Λογγίνου,
3067 2960 3161 3012 καὶ
3190 2960 3291 3012 οὐκ
3321 2952 3470 3030 εἶχον
3501 2962 3752 3030 καιρόν·
3783 2958 3861 3034 ἦν
3894 2964 4039 3031 γάρὸ

2430 3049 2691 3117 Λογγῖνος
2727 3048 2856 3118 ὅλης
2879 3052 2979 3120 τῆς
3007 3050 3408 3121 στρατιωτικῆς
3441 3051 3754 3120 φάλαγγος
3784 3055 4043 3123 hmo-nne

756 3148 965 3219 pleudae
1018 3143 1346 3204 iracundiae,
1402 3156 1566 3210 quam
1615 3150 1805 3195 contra
1844 3140 2089 3194 veritatis
2130 3148 2324 3193 testem

2432 3158 2608 3213 τερος.
2628 3143 2845 3214 Ἐπειδὴ
2887 3142 2943 3196 δὲ
2978 3144 3249 3213 ἐϐουλήθη
3297 3144 3436 3208 ὅλως
3473 3146 3735 3216 Χριστοῦ
3766 3148 4034 3216 γενέσθαι.

757 3244 1141 3308 conceperant.
1172 3237 1269 3289 Ast
1296 3233 1386 3288 ille
1419 3240 1592 3286 totum
1623 3248 1680 3286 se
1708 3231 1928 3287 Christo
1967 3232 2186 3286 tradere
2228 3246 2328 3285 cu-

758 3333 913 3401 piens
944 3328 1013 3400 (c)
1044 3326 1305 3382 Caesarem
1336 3324 1544 3377 militiae
1575 3338 1768 3376 zonam
1809 3321 1978 3384 exuit,
2008 3330 2063 3377 et
2107 3320 2178 3375 de
2221 3336 2329 3376 cae-

758 3435 875 3478 tero
902 3419 1047 3475 domi
1081 3433 1141 3472 se
1166 3416 1436 3471 continuit
1461 3430 1593 3478 suae,
1630 3429 1755 3468 eum
1789 3412 2004 3468 duobus
2044 3412 2327 3478 militibus,

756 3513 848 3583 qui
906 3519 961 3565 et
1004 3509 1108 3579 ipsi
1153 3509 1323 3563 beata:
1374 3504 1737 3560 confessionis
1778 3512 2064 3559 consortes
2106 3502 2326 3568 eﬂecti,

757 3615 1037 3675 praecones
1059 3598 1315 3654 exstitere
1344 3611 1531 3651 eorum
1557 3612 1679 3665 quze
1700 3595 1951 3650 viderant
1970 3603 2024 3649 et
2050 3594 2333 3649 audierant

757 3692 1081 3749 terribilium
1109 3689 1410 3760 signorum.
1446 3685 1649 3741 Deinde
1672 3700 1824 3749 vero,
1860 3683 2229 3755 Hierosolyma
2251 3700 2333 3738 re-

758 3787 904 3845 licta,
935 3794 1188 3837 reversus
1209 3794 1333 3833 cum
1370 3777 1563 3832 iisdem
1601 3784 1702 3843 est,
1745 3787 1801 3831 et
1834 3776 2012 3831 factus
2046 3778 2331 3847 Cappado-

754 3888 879 3928 cum
922 3869 1129 3941 regioni
1159 3868 1399 3938 optimus
1426 3868 1771 3937 praedicator,
1801 3867 1944 3923 sicut
1970 3867 2209 3923 Thomas
2242 3868 2332 3922 ln-

757 3965 861 4027 dis,
892 3962 1152 4017 Romanis
1182 3960 1396 4025 Petrus,
1432 3958 1685 4014 Asiaticis
1708 3957 1985 4023 Joannes,
2022 3958 2222 4014 Paulus
2262 3960 2330 4015 ab

759 4053 1145 4123 Hierosolymis
1179 4051 1253 4123 (d)
1300 4052 1366 4106 ad
1407 4050 1676 4121 Illyricum
1711 4065 1903 4120 usque,
1936 4061 1991 4106 et
2033 4052 2124 4105 alii
2164 4052 2326 4119 aliis;

755 4146 1029 4201 Christum
1072 4142 1402 4196 annuntians
1424 4182 1439 4205 ,
1475 4150 1531 4195 et
1560 4155 1680 4209 quae
1706 4150 1927 4210 propter
1960 4141 2136 4212 ipsum
2164 4152 2330 4213 atque

758 4239 813 4291 in
850 4238 970 4307 ipso
1000 4235 1140 4290 facta
1167 4244 1324 4289 erant
1354 4231 1606 4304 mysteria
1633 4232 1941 4303 divulgans.

828 4353 882 4406 5.
919 4350 1142 4407 Pessimi
1172 4358 1353 4404 autem
1374 4348 1547 4404 Judaei
1578 4349 1696 4404 zelo
1716 4348 2035 4403 inﬂammati
2055 4357 2112 4403 et
2131 4348 2329 4403 stimu-

755 4443 847 4497 lati
880 4443 977 4507 ira,
1008 4438 1646 4512 Longiniconfessionem
1674 4454 1770 4509 per
1793 4454 1984 4493 omnes
2016 4438 2121 4494 late
2150 4449 2329 4509 partes

2431 3232 2725 3287 ἀποδύεται
2757 3233 2857 3304 τὴν
2894 3232 3071 3303 ζώνην
3116 3236 3213 3286 τοῦ
3264 3234 3563 3307 Καίσαρος,
3597 3238 3709 3290 καὶ
3741 3238 3950 3291 λοιπὸν
3994 3240 4039 3288 ἐν

2426 3324 2562 3393 οἴκῳ
2596 3323 2829 3395 κάθηται
2861 3326 2999 3395 μετά
3025 3324 3136 3377 τῶν
3154 3324 3249 3377 δύο
3280 3328 3663 3398 στρατιωτῶν,
3697 3332 3763 3383 οτ
3781 3348 3939 3392 τινες
3960 3332 4039 3381 σὺν

2429 3414 2581 3484 αύτῷ
2613 3416 2709 3468 καὶ
2736 3417 2834 3485 τῆς
2871 3417 3151 3486 μακαρίας
3176 3418 3425 3485 ὲγένοντο
3450 3418 3761 3489 ἀθλήσεως
3799 3421 4035 3489 συγκλη-

2433 3507 2647 3578 ρονόμοι
2669 3546 2684 3570 ,
2721 3508 2961 3578 κήρυκες
2994 3508 3274 3578 γενόμενοι
3300 3502 3375 3562 ὧν
3409 3508 3517 3562 ἔδον
3550 3527 3613 3562 τε
3652 3514 3762 3565 καὶ
3805 3515 4036 3585 ἀκηκόεε

2432 3615 2515 3652 σιν
2548 3596 2795 3667 φοϐερῶν
2823 3599 3142 3669 τεραστίων.
3174 3600 3287 3653 Καὶ
3321 3601 3646 3654 καταλιπὼν
3679 3604 3798 3675 τὴν
3845 3607 4033 3675 Ἰερου-

2432 3690 2614 3762 σαλὴμ
2639 3692 2967 3763 ἀνέστρεψεν
3003 3694 3099 3746 σὺν
3126 3692 3331 3757 αὐτοῖς,
3365 3693 3459 3747 καὶ
3487 3695 3716 3762 γίνεται
3761 3702 3841 3769 τῇ
3896 3700 4035 3752 Κατ-

2431 3786 2681 3839 ⁸τοιιδόκων
2727 3784 2879 3857 χώρα
2928 3784 3106 3855 κῆρυξ
3136 3786 3394 3856 ἄριστος·
3423 3786 3615 3858 ὥσπερ
3666 3790 3904 3860 Θωμᾶς
3941 3795 4032 3853 τοῖς

2443 3875 2641 3939 Ἰνδοῖς,
2659 3874 2946 3945 Ῥωμαίοις
2992 3875 3050 3929 δὲ
3101 3876 3617 3947 Πίτρος,’Δσιανοῖς
3644 3879 3711 3933 δὲ
3754 3882 4031 3950 Ἰωάννης.

2430 3964 2643 4028 Παῦλος
2683 3964 2791 4017 ἀπὸ
2831 3965 3189 4036 Ἰερουσαλὴμ
3216 3969 3310 4021 καὶ
3356 3968 3519 4040 μέχρι
3553 3969 3656 4023 τοῦ
3703 3972 4030 4045 Ἰλλυρικοῦ,

2431 4057 2524 4109 καὶ
2555 4056 2715 4119 ἀλλος
2747 4056 2949 4121 ἄλλοις,
2982 4057 3474 4129 εὐαγγελιζόμενος
3496 4062 3591 4115 τὸν
3624 4065 3922 4136 Χριστὸν,
3958 4067 4033 4120 καὶ

2427 4144 2497 4197 τὰ
2525 4145 2655 4217 παρ’
2678 4144 2866 4213 αὐτοῦ,
2900 4146 2993 4199 καὶ
3027 4145 3115 4198 ἐπ’
3145 4147 3294 4218 αὐτῷ
3323 4151 3698 4219 πεπραγμένα
3727 4158 4030 4226 μυστήρια.

2497 4348 2558 4395 ε’.
2601 4341 2664 4393 Οί
2693 4339 2750 4393 δὲ
2782 4341 3012 4412 qupo‘t
3044 4340 3291 4397 Ἰουδαῖοι
3324 4345 3605 4414 καιόμενοι
3624 4348 3714 4419 τῷ
3738 4349 3925 4421 ζήλῳ,
3950 4354 4030 4405 καὶ

2430 4431 2506 4501 τῷ
2555 4431 2713 4502 θυμῷ
2754 4432 3121 4503 κεντούμενοι,
3153 4435 3251 4505 τὴν
3296 4435 3390 4489 τοῦ
3436 4440 3723 4509 μακαρίου
3754 4445 4029 4512 Annam

757 4533 1085 4602 divulgatam
1106 4545 1362 4600 superare
1388 4546 1496 4584 non
1526 4538 1820 4600 potuerunt
1855 4549 1867 4585 :
1901 4544 2072 4600 quare
2098 4531 2165 4584 ad
2187 4531 2329 4601 prio-

2433 4523 2735 4593 μαρτυρίαν
2782 4522 3105 4593 πολυμερῶς
3151 4525 3254 4596 ήδη
3301 4526 3402 4595 τῆς
3451 4527 3559 4598 γῆς
3604 4529 4030 4600 διαδραμοῦσαν

756 4638 844 4677 res
878 4637 1004 4677 suas
1032 4630 1179 4676 artes
1196 4621 1467 4687 conversi,
1508 4621 1739 4677 Pilatum
1772 4623 2061 4683 inducunt,
2090 4631 2152 4675 ut
2177 4622 2326 4676 Lon-

758 4712 943 4783 ginum
990 4710 1125 4766 falso
1151 4709 1535 4765 criminaretur
1558 4709 1700 4781 apud
1741 4710 2012 4766 Caesarem
2044 4725 2142 4780 per
2178 4710 2326 4764 litte-

762 4821 879 4870 ras;
909 4804 1052 4874 quod
1082 4801 1263 4857 alieno
1292 4802 1359 4855 ab
1380 4802 1606 4873 imperio
1628 4802 2001 4857 Romanorum
2026 4802 2209 4856 animo
2230 4801 2326 4855 mi-

759 4894 936 4948 litaria
990 4889 1411 4960 contempsisset
1455 4891 1718 4963 insignia,
1749 4901 1806 4947 οι
1825 4892 2101 4947 Christum
2141 4906 2322 4960 regem

759 4987 1011 5058 gentibus
1051 4984 1387 5054 praedicaret,
1423 4999 1597 5054 eaque
1645 4984 2000 5054 persuasione
2033 4984 2145 5053 jam
2175 4998 2325 5037 nunc

746 5078 1035 5149 implesset
1074 5074 1303 5147 patriam
1331 5090 1485 5130 suam
1530 5075 1864 5129 universam.
1895 5072 2032 5129 Cum
2060 5072 2210 5127 hisce
2233 5072 2327 5127 lit-

2430 4616 2717 4685 καρτερεῖν
2742 4616 2843 4667 οὐκ
2869 4615 3153 4685 ἠδύναντο.
3177 4616 3312 4670 Τότε
3343 4618 3624 4671 πείθουσιν
3652 4623 3760 4673 τὸν
3792 4624 4030 4676 Πιλάτοτ

2426 4705 2595 4774 ψευδῆ
2628 4707 2770 4757 κατὰ
2799 4704 2895 4758 τοῦ
2927 4706 3199 4775 μακαρίου
3225 4708 3493 4776 Δογγίνου
3525 4710 3750 4780 γράψαι
3779 4714 3870 4785 τῷ
3902 4717 4031 4769 Kai-

2430 4814 2578 4868 σαρι,
2610 4798 2694 4851 ὅτι
2733 4796 2834 4868 τῆς
2868 4797 3156 4868 Ῥωμαίων
3204 4798 3480 4869 βασιλείας
3510 4802 3784 4874 ἀλλότρια
3817 4811 4027 4874 φρονεῖ,

2428 4892 2524 4945 καὶ
2564 4890 2847 4961 ἀμελήσας
2895 4890 3003 4943 τῶν
3059 4891 3375 4962 πολεμικῶν
3418 4893 3602 4947 ὃπλων
3645 4896 3751 4947 τὸν
3784 4898 4029 4967 Χριστὸν

2430 4980 2692 5051 κηρύττει
2740 4981 2973 5034 Βασιλέα
3015 4985 3128 5046 τοῖς
3158 4984 3400 5048 Εθνεσιν,
3428 4986 3523 5038 καὶ
3568 4985 3674 5054 ἠδη
3728 4988 3851 5041 τῶν
3902 4992 4024 5059 περὶ

2429 5072 2619 5126 τούτου
2652 5072 2825 5142 λόγων
2866 5075 2967 5144 τὴν
3010 5074 3205 5129 ἑαυτοῦ
3249 5075 3485 5146 πατρίδα
3513 5077 3609 5129 καὶ
3636 5076 3840 5149 χώραν
3866 5082 4022 5151 txit-

2264 5245 2495 5303 ΝΟΤᾸΕ.

826 5346 902 5417 (ω
943 5344 1162 5401 Graecus
1194 5340 1429 5397 Matthxi
1474 5340 1739 5417 interpres
1762 5349 2086 5417 consuetam
2122 5338 2324 5417 Roma-

758 5409 846 5472 nai
876 5417 1081 5470 militia:
1107 5427 1292 5469 vocem
1313 5452 1328 5472 ,
1361 5420 1417 5466 et
1450 5411 1593 5480 apud
1620 5409 1837 5463 exteras
1870 5410 2031 5464 etiam
2074 5409 2326 5480 nationes

762 5488 1051 5547 usitatam,
1084 5482 1438 5549 κουστωδίαν,
1468 5478 1780 5549 usurpavit;
1831 5488 1889 5533 ut
1931 5488 2091 5549 recte
2124 5478 2323 5533 Menma

762 5546 1184 5626 interpretentur
1204 5553 1324 5626 ἦτις
1345 5546 1413 5626 ἦν
1429 5546 2021 5626 τάγμα-στρατιωτικῷ
2041 5563 2054 5577 ο
2082 5548 2152 5602 ita
2180 5564 2325 5626 nunc

762 5619 986 5682 harhzirc
1017 5625 1213 5678 milites
1229 5619 1397 5675 alicui
1432 5621 1508 5673 rei
1543 5619 1627 5672 vel
1653 5633 1898 5688 personae
1931 5620 1996 5673 ad
2024 5619 2324 5672 custodiam

760 5698 1046 5765 deputatus
1074 5694 1309 5765 dicimus
1335 5690 1636 5765 ψεαρ-αἰανῆ.

832 5757 901 5837 (ε)
940 5763 1072 5819 Acta
1117 5757 1463 5833 Metaphrasti
1526 5757 1758 5828 ascripta
1803 5775 1815 5809 :
1868 5757 2158 5812 secessisse
2203 5772 2326 5814 cum

2431 5337 2623 5411 dicunt
2650 5349 2711 5392 ut
2736 5336 2948 5392 Judaici
3002 5338 3191 5411 populi
3215 5339 3655 5411 congressionem
3686 5340 4011 5409 declinaret,

2431 5408 2707 5478 intellecto
2731 5424 2891 5477 quam
2919 5408 3153 5478 graviter
3182 5410 3229 5463 is
3257 5408 3357 5478 sibi
3385 5419 3530 5465 esset
3560 5409 3836 5465 infensus.

2505 5476 2579 5549 (ιι)
2620 5477 2729 5553 _Sed
2750 5476 3173 5553 diqustquam
3199 5494 3229 5533 e
3256 5477 3437 5553 Judaga
3479 5489 3706 5553 sanctus
3737 5480 4009 5553 Longinus

2432 5547 2794 5620 secessisset;
2832 5547 3037 5620 Pilatus
3088 5549 3232 5620 enim
3260 5588 3274 5613 ,
3322 5550 3423 5603 sub
3466 5564 3574 5619 quo
3626 5549 3721 5604 ille
3778 5547 4005 5620 passus,

2434 5620 2585 5686 prius
2645 5617 2786 5685 apud
2836 5616 3005 5687 Syria:
3056 5619 3338 5686 pnesidem
3389 5616 3678 5673 accusatus
3727 5616 3793 5675 et
3842 5616 4005 5677 ofﬁcio

2352 5741 2357 5747 _
2434 5696 2651 5758 amotus
2690 5696 2794 5751 est,
2826 5703 2987 5758 quam
3018 5702 3286 5758 eo_usque
3319 5688 3517 5742 Paulus
3549 5702 3896 5757 excurreret,
3922 5705 4001 5746 aut

2438 5757 2660 5810 ltomam
2697 5772 2755 5811 se
2786 5757 3062 5812 conferret
3087 5756 3279 5814 Petrus
3310 5758 3598 5813 Antiochia
3635 5758 3855 5815 relicta.
