4142 6436
143 387 292 452 1549

137 591 244 641 καὶ
277 593 559 662 χρήματα,
589 593 682 644 καὶ
703 593 793 644 τὸν
815 592 1074 660 Λογγίνου
1105 593 1334 645 θάνατον
1363 590 1720 656 ἐξαιτοῦνται,

131 675 446 742 τάςοάκοάς
471 680 741 749 Καίσαρος
770 681 1210 750 ὑφαρπάσαντες.
1240 681 1349 733 Καὶ
1376 681 1440 750 δὴ
1471 678 1724 750 βασιλικά

133 766 463 836 γράμματα
506 771 586 832 είς
625 770 722 839 τὴν
766 769 1021 823 Ἰουδαίαν
1061 770 1138 840 τῷ
1171 770 1384 840 Πιλάτῳ
1412 772 1725 841 κομίζονται

131 859 294 911 κατὰ
332 861 592 928 Λογγίνου
627 862 724 915 κα1⁵
749 863 856 914 τῶν
893 864 988 916 σὺν
1025 863 1193 932 αὐτῷ,
1225 862 1300 924 ῶς
1328 864 1410 915 ὅτι
1437 864 1486 916 ot
1513 863 1584 916 τά
1615 862 1725 916 τῶν

130 949 336 1003 ὅπλων
376 952 773 1021 ἀμελήσαντες,
803 952 944 1019 ξίφει
989 955 1087 1016 τὰς
1137 954 1378 1021 κεφαλάς
1421 953 1726 1007 ἀποθέσθαι

132 1040 660 1111 κελεύωμεν.”Οθεν
706 1045 907 1114 σπουδῇ
940 1045 1108 1114 πολλῇ
1141 1047 1251 1107 τοῖς
1283 1044 1392 1097 τῶν
1422 1044 1596 1112 φόνων
1623 1045 1726 1096 ὑπ·

129 1130 382 1198 ηρέταις
410 1133 438 1184 ό
461 1131 688 1194 Πιλάτος
719 1133 1018 1202 ἐγχειρίζει
1047 1133 1113 1186 τά
1139 1133 1442 1204 γράμματα
1469 1133 1562 1186 τοῦ
1590 1133 1729 1186 Καί-

133 1235 345 1288 σαρος.
373 1223 435 1273 υἱ
463 1221 517 1274 δὲ
546 1223 708 1291 τάχος
742 1222 1046 1287 διαϐάντες,
1073 1225 1172 1292 τὴν
1205 1224 1313 1276 τῶν
1345 1225 1729 1278 Καππαδόκων

130 1310 254 1377 γῆν
299 1311 591 1378 φθάνουσιν
611 1328 626 1344 ο
658 1314 752 1365 καὶ
783 1313 1044 1382 μαθόντες
1085 1316 1142 1365 ἐν
1187 1313 1341 1384 ἀγρῷ
1376 1313 1612 1384 πατρῴῳ
1636 1314 1729 1365 τὸν

131 1401 423 1468 Λογγῖνον
476 1402 816 1470 φιλοσοφεῖν,
863 1405 957 1456 καὶ
1006 1405 1107 1474 τὴν
1149 1405 1375 1474 ἡσυχίαν
1421 1403 1725 1467 ἀσκεῖσθαι,

135 1493 378 1544 πάντων
411 1493 518 1546 τῶν
549 1493 844 1547 πολιτικῶν
883 1495 1225 1565 πραγμάτων
1267 1496 1461 1547 ἐαυτὸν
1487 1495 1730 1548 ἀπαλλά-

138 1581 350 1644 ξαντα.
393 1584 496 1636 Τὸν
537 1585 704 1653 ἀγρὸν
747 1585 945 1638 αὐτίκα
985 1585 1515 1652 καταλαμϐάνουσιν,
1551 1588 1729 1656 ἡσυχῇ

136 1671 208 1722 τὸ
248 1673 539 1740 ἐπίταγμα
568 1674 801 1726 Πιλάτου
842 1675 934 1726 καὶ
957 1674 1230 1744 Καίσαρος
1269 1674 1576 1726 ἐπιτελέσαι
1610 1673 1732 1742 βου-

137 1763 402 1830 λόμενοι,
427 1763 567 1815 ὥστε
598 1762 672 1833 μὴ
694 1764 773 1826 είς
809 1763 990 1832 φυγὴν
1015 1763 1106 1815 τὸν
1138 1764 1403 1831 Λογγῖνον
1428 1762 1727 1832 τραπῆναι.

1299 392 1358 450 S.
1393 390 1714 452 LONGINI
1755 389 2237 450 MARTYRIUM.

33 489 38 494 ’
137 515 355 566 ρωσεν.
390 500 531 572 Πρὸς
555 500 762 564 τούτοις
791 503 900 564 τοῖς
923 499 1724 571 γράμμασι’συναποστέλλουσι

1836 499 1960 554 teris
1997 509 2051 554 et
2081 499 2341 569 pecunias
2369 497 2593 552 mittunt
2628 505 2682 549 ct
2708 493 2932 564 Longini
2970 504 3194 547 mortem
3226 494 3393 563 depo-

3257 383 3390 448 1550

1823 603 2014 659 scunt,
2047 594 2266 662 suisque
2307 590 2594 646 calumniis
2643 604 2802 642 aures
2844 596 3175 656 occupantes
3212 586 3392 640 Caesa-

1824 702 1963 752 reas,
1988 685 2332 756 imperatoria
2359 684 2610 736 ntandata
2633 681 2684 735 in
2714 681 2955 735 Iudaeam
2985 687 3172 732 contra
3199 678 3398 748 Longi-

1825 794 1955 834 num
1978 778 2223 832 referunt
2249 777 2315 830 ad
2345 775 2608 838 Pilatum;
2639 774 2839 842 quibus
2869 772 3045 842 gladio
3092 771 3147 824 in
3177 787 3273 826 eos
3309 771 3400 840 ju-

1824 870 2056 924 bebatur
2096 868 2554 927 animadvertere,
2591 866 2680 934 qui
2733 864 2978 918 militiam
3007 863 3397 915 deseruissent.

1828 959 1930 1014 Eas
1953 959 2158 1013 litteras
2173 959 2376 1012 Pilatus
2394 957 2655 1011 continuo
2674 955 2891 1009 tradidit
2920 951 3158 1020 probatis
3170 951 3398 1005 caedium

1827 1066 1858 1105 a
1885 1067 1944 1106 se
1971 1051 2374 1121 designatarum
2405 1047 2671 1102 ministris
2710 1064 2721 1099 :
2763 1046 2865 1116 ipsi
2905 1059 3036 1098 vero
3078 1043 3402 1097 festinanter

1828 1141 2168 1196 discedentes
2217 1150 2586 1210 pervenerunt
2634 1137 2687 1190 in
2741 1134 3168 1205 Cappadociam,
3221 1135 3402 1201 ibique

1829 1233 2135 1287 didicerunt
2172 1231 2469 1301 Longinum
2505 1237 2732 1299 paterno
2761 1228 2814 1280 in
2850 1241 2980 1295 agro
3010 1226 3400 1295 philosophari,

1830 1333 1885 1377 et
1920 1324 2138 1378 urbanis
2183 1322 2414 1390 negotiis
2455 1321 2710 1387 curisque
2753 1317 3050 1380 abdicatis,
3090 1318 3275 1370 animo
3308 1331 3406 1385 per

1830 1415 2068 1483 quietem
2097 1413 2401 1468 exercendo
2439 1425 2646 1464 vacare.
2682 1410 2884 1479 Agrum
2929 1409 3109 1476 itaque
3152 1407 3406 1460 eumdem

1831 1505 2050 1566 adeunt,
2094 1505 2502 1570 deccrnuntque
2546 1500 2700 1554 Pilati
2735 1515 2798 1553 ac
2833 1499 3063 1553 Cmsaris
3104 1499 3408 1568 iussionem

1832 1609 1954 1647 cum
2001 1592 2218 1646 silentio
2247 1591 2489 1659 exsequi,
2530 1605 2598 1643 ne
2632 1589 2770 1642 forte
2807 1589 2860 1640 in
2895 1587 3076 1656 fugam
3110 1603 3408 1641 conversus

1835 1683 2130 1753 Longinus,
2179 1682 2432 1735 manibus
2470 1681 2585 1733 suis
2631 1679 2935 1747 eriperetur
2966 1695 2980 1730 :
3011 1677 3152 1731 unde
3207 1677 3408 1732 factum

1834 1781 1934 1836 est,
1962 1781 2021 1826 ut
2055 1770 2260 1824 nemini
2288 1770 2581 1839 quidquam
2620 1783 2810 1821 eorum
2843 1783 2962 1837 qure
2994 1767 3270 1820 habebant
3301 1781 3410 1836 prae

138 1853 328 1906 Ὅθεν
359 1855 570 1924 ἀθρόως
601 1854 917 1923 ὑπέστησαν
944 1853 1022 1923 τῷ
1051 1854 1227 1924 ἀνδρὶ,
1259 1855 1333 1916 ὼς
1358 1855 1442 1905 ἐπ’
1466 1853 1608 1922 ἄλλῳ
1629 1854 1732 1905 τινί

1836 1865 2085 1918 manibus
2108 1863 2369 1916 audentes
2387 1861 2740 1920 concredere.
2758 1861 2977 1929 ipsimet
2993 1860 3239 1930 Longino
3260 1860 3410 1912 velut

139 1944 471 2009 διαϐάντες,
510 1946 605 1999 καὶ
635 1945 786 1999 οὐδὲν
814 1945 991 1998 οὐδενὶ
1013 1944 1122 1997 τῶν
1152 1943 1292 2014 μετά
1330 1945 1517 2014 χεῖρας
1553 1943 1732 1996 αὐτῶν

143 2037 581 2107 ἐπιφερομένων
619 2035 965 2109 ἐθάρρησαν·
1013 2031 1131 2089 εἶτα
1157 2035 1492 2098 εἰσελθόντες
1531 2035 1624 2088 καὶ
1658 2033 1734 2104 τῷ

144 2127 414 2196 Λογγίνῳ
445 2127 851 2197 περιτυχόντες,
877 2127 976 2179 οὐκ
1017 2126 1217 2189 εἰδότες
1258 2126 1422 2180 αὑτὸν
1455 2121 1616 2191 εῖναι,
1643 2125 1735 2179 τὸν

144 2215 347 2278 αὐτοῖς
367 2233 426 2268 τε
456 2219 550 2270 καὶ
571 2217 787 2288 Πιλάτῳ
822 2215 1174 2286 ζητούμενον,
1205 2215 1460 2288 ἄρχονται
1500 2217 1732 2287 ἐρωτᾷν,

145 2303 262 2356 ποῦ
290 2308 318 2358 ό
345 2307 607 2375 Λογγῖνος
636 2309 742 2378 εἴη.

229 2403 312 2460 ς’.
352 2399 411 2451 '0
441 2399 496 2452 δὲ
526 2401 832 2471 Μακάριοςς,
862 2400 958 2456 τοῦ
995 2401 1139 2456 θείου
1174 2401 1490 2472 Πνεύματος
1516 2399 1662 2469 αὑτῷ
1679 2400 1736 2452 τὸ

146 2494 347 2564 δρᾶμα
374 2491 880 2562 προσδηλώσαντος,
897 2493 1264 2555 ἀκολουθεῖτε,
1289 2494 1474 2562 φησὶν,
1503 2494 1594 2545 καὶ
1611 2491 1736 2543 τοῦ-

147 2601 250 2635 τον
278 2583 636 2651 ὑποδείκνυμι
668 2583 814 2652 ὑμῖν.
836 2584 967 2636 Τότε
994 2583 1128 2654 πρὸς
1149 2583 1341 2636 ἐαυτὸν
1363 2585 1390 2635 ό
1425 2584 1577 2650 ἆγιος
1599 2583 1737 2649 Λογ-

151 2679 334 2742 γῖνος,
369 2677 442 2735 ὡς
475 2675 642 2739 εἰκὸς,
683 2675 1141 2744 εὐφραινόμενος,
1179 2676 1272 2728 καὶ
1303 2673 1397 2726 τοῦ
1439 2675 1736 2744 μαρτυρίου

149 2766 260 2832 τὴν
310 2764 500 2816 Θυσίαν
531 2764 976 2827 ὑποσπουδάζων,
1013 2765 1197 2832 ἔλεγεν
1230 2765 1349 2818 καθ’
1375 2766 1594 2817 ἑαυτόν·
1643 2766 1740 2829 Ὠς

152 2855 361 2921 ὡραῖοι
411 2858 463 2907 οἱ
499 2855 683 2919 πόδες
729 2853 846 2907 τῶν
887 2855 1424 2923 εὐαγγελιζομένων
1465 2855 1736 2922 εἰρήνην,

153 2945 283 2996 τῶν
311 2944 845 3012 εὐαγγελιζομένων
875 2947 945 2998 τὰ
972 2946 1181 3014 ἀγαθά.
1203 2947 1315 2999 Νῦν
1337 2947 1464 3011 τοὺς
1481 2948 1740 3017 οὐρανοὺς

156 3038 542 3106 ἀνεῳγμένους
583 3037 786 3106 ὂψομαι
824 3039 921 3106 (2),
971 3039 1064 3091 νῦν
1115 3041 1387 3108 ἱστορήσω
1437 3041 1536 3108 τὴν
1585 3039 1740 3102 δόξαν

1833 1955 1989 2009 alteri
2018 1954 2438 2023 supervenerint
2467 1951 2849 2022 improvisi,ad
2879 1965 3115 2018 eumque
3147 1949 3410 2003 acceden-

1835 2054 1916 2100 tes
1943 2055 1998 2100 et
2032 2045 2361 2107 nescientes,
2399 2043 2574 2112 ipsum
2604 2057 2724 2098 esse
2750 2057 2912 2112 quem
2941 2042 3284 2112 quaerebant,
3323 2043 3407 2096 in-

1837 2147 2110 2209 terrogare
2148 2136 2441 2208 cmperint,
2469 2135 2559 2190 ubi
2589 2143 2733 2190 esset
2759 2132 3055 2205 Longinus.

1907 2404 1957 2457 6.
2001 2403 2094 2457 llle
2107 2417 2234 2456 vero
2252 2418 2364 2456 rem
2387 2415 2603 2454 omnem
2615 2399 2780 2453 divini
2804 2398 3043 2467 Spiritus
3066 2399 3291 2452 edoctus
3319 2398 3415 2452 ad-

1837 2496 2044 2549 monitu
2074 2513 2086 2549 :
2119 2495 2222 2558 Me,
2253 2495 2448 2562 inquit,
2478 2491 2788 2562 sequimini,
2826 2501 2881 2544 et
2928 2491 3103 2560 ipsum
3129 2491 3414 2544 ostendant

1837 2586 2005 2639 vobis.
2026 2585 2135 2639 Nec
2151 2601 2298 2638 mora
2320 2603 2332 2638 :
2353 2585 2573 2637 domum
2602 2597 2696 2636 eos
2725 2597 2876 2635 suam
2900 2582 3141 2651 gaudens
3161 2583 3412 2645 deduxit,

1839 2691 2001 2744 seque
2021 2675 2086 2728 ad
2106 2675 2341 2745 martyrii
2361 2689 2457 2742 pro
2481 2673 2697 2727 Christo
2720 2672 2987 2726 subeundi
3003 2672 3328 2726 sacrificium
3349 2689 3415 2726 ex

1838 2778 1968 2823 tunc
1990 2783 2262 2837 apparans
2293 2767 2536 2822 studiose
2567 2787 2578 2820 :
2613 2765 2783 2830 Quam
2813 2766 3248 2836 speciosi,inquit
3274 2768 3419 2836 apud

1839 2876 1896 2914 se
1927 2862 2145 2925 tacitus,
2186 2863 2337 2927 pedes
2383 2861 2856 2930 euangelizantium
2895 2877 3111 2928 pacem,
3160 2861 3419 2931 evangeli-

1839 2953 2076 3004 zantium
2131 2951 2298 3003 boua'
2327 2967 2341 3002 :
2375 2966 2522 3003 nunc
2575 2960 2791 3017 aperlos
2839 2949 2970 3002 mihi
3021 2949 3190 3004 caelos
3237 2950 3418 3012 video,

1841 3057 1989 3095 nunc
2031 3040 2150 3094 Filii
2182 3041 2248 3094 ad
2275 3042 2548 3095 dexteram
2581 3039 2758 3094 Patris
2793 3039 3134 3108 contemplor
3170 3040 3417 3110 gloriam,

157 3123 283 3193 ιτοῦ
321 3124 668 3194 μονογενοῦς]
701 3141 793 3176 του
825 3125 1034 3194 Πατρὸς
1059 3165 1072 3187 ,
1103 3124 1197 3176 νῦν
1232 3126 1330 3194 τῆς
1363 3127 1732 3194 ἀνεκφράστου

1843 3150 1987 3187 nunc
2032 3132 2359 3187 ineffabilem
2415 3133 2584 3202 ipsius
2633 3131 2805 3185 Patris
2845 3140 2900 3186 et
2959 3131 3132 3186 sancti
3183 3131 3420 3201 Spiritus

158 3217 453 3285 ἀστραπῆς
480 3215 742 3285 θεωρήσω
775 3216 868 3268 τοῦ
900 3218 1108 3287 Πατρός
1140 3219 1214 3286 (5)
1241 3217 1354 3288 [τοῦ
1375 3217 1504 3270 Υἱοῦ
1531 3219 1622 3270 καὶ
1648 3218 1739 3270 τοῦ

160 3307 346 3378 ἁγίου]
397 3309 733 3378 Πνεῦματος.
760 3309 873 3361 Νῦν
916 3310 1046 3377 ἐρῶ,
1077 3309 1246 3378 Κύριε
1295 3309 1466 3379 Ἰησοῦ
1507 3311 1730 3379 Χριστέ,

159 3399 312 3463 δέξαι
358 3399 418 3451 τὸ
454 3399 674 3466 πνεῦμά
721 3417 844 3470 μου,
875 3400 1124 3470 καθάπερ
1157 3402 1428 3470 Στέφανος
1467 3405 1493 3455 ό
1525 3401 1740 3472 πρῶτος

159 3491 274 3541 τῶν
295 3491 625 3561 Μαρτύρων,
652 3485 713 3544 οὗ
746 3493 1136 3561 λαμπροτάτην
1157 3493 1340 3563 φωνὴν
1363 3494 1611 3562 ἀφιέντος
1637 3493 1736 3564 (ό),

162 3581 392 3651 ἀκήκοα.
440 3583 552 3634 Νῦν
584 3583 956 3654 Ἰερουσαλὴμ,
976 3586 1075 3654 τὴν
1105 3585 1387 3653 ἀνωτάτην
1427 3585 1737 3654 χρυσόπυρ-

162 3687 280 3736 γον,
301 3671 397 3740 τὴν
425 3672 594 3741 αὐτὴν
624 3673 724 3742 μὲν
751 3675 982 3744 πατρίδα
1009 3674 1117 3726 τῶν
1141 3675 1545 3742 άγγέλων,ὃλου
1568 3675 1623 3727 δέ
1643 3676 1736 3728 τοῦ

163 3762 274 3813 τῶν
303 3764 473 3830 ἁγίων
519 3765 680 3834 χοροῦ
729 3767 1087 3836 μητρόπολιν,
1127 3767 1263 3836 μετά
1299 3769 1530 3837 κρότων,
1563 3769 1737 3820 ἐπινι-

163 3856 301 3905 κίων
331 3857 423 3908 xui.
451 3855 747 3924 βασιλικῶν
780 3860 1054 3927 τροπαίων
1080 3859 1437 3928 ἐπιϐήσομαι.
1457 3858 1570 3911 Νῦν
1601 3861 1738 3912 ἀπο-

164 3945 359 4013 δύομαι
398 3947 489 3997 τὸν
517 3948 735 4018 πήλινον
760 3950 983 4017 χιτῶνα,
1003 3951 1092 4003 καὶ
1120 3951 1245 4013 τοὺς
1276 3951 1735 4014 πολυστενάκτους

163 4038 400 4107 δεσμοὺς
444 4041 545 4108 τῆς
590 4040 790 4111 σαρκὸς
834 4040 1158 4109 ἀποτίθημι,
1198 4043 1291 4093 καὶ
1323 4041 1735 4110 ἀπαλλάττομαι

168 4130 402 4200 φθορᾶς’
439 4133 575 4200 πρὸς
600 4133 910 4202 ἀφθαρσίαν
945 4133 1050 4201 γὰρ
1076 4133 1327 4202 ἕλκομαι,
1359 4134 1453 4185 καὶ
1496 4134 1735 4203 ἀπέρχο-

171 4238 269 4289 μαι
298 4222 390 4273 ἐπὶ
420 4222 508 4273 τὸν
537 4221 730 4291 λιμένα
751 4225 956 4275 ἐκεῖνον
985 4225 1081 4291 τῆς
1113 4223 1276 4292 ζωῆς,
1302 4222 1428 4275 ἔνθα
1453 4221 1735 4276 κατοικοῦ-

169 4329 254 4362 σιν
281 4313 326 4363 οἱ
359 4311 521 4378 ἆγιοι.
555 4312 854 4380 Εὐφραίνου
886 4313 1087 4371 τοίνυν,
1119 4313 1285 4382 ψυχὴ,
1337 4312 1471 4381 πρὸς
1511 4314 1602 4364 τὸν
1643 4312 1734 4364 σὸν

171 4406 404 4472 Ποιητὴν
443 4404 535 4455 καὶ
565 4404 840 4472 Δεσπότην
875 4403 1259 4472 ἀπερχομένηο
1301 4402 1472 4466 δεῖξον
1513 4402 1734 4470 φαιδρὸν

1849 3224 2189 3291 splendorem
2239 3223 2476 3284 intueor,
2534 3236 2680 3276 nunc
2735 3221 2951 3275 dicam:
2990 3219 3215 3275 Domine
3269 3220 3418 3283 Jesu,

1847 3313 2062 3380 suscipe
2117 3313 2366 3382 spiritum
2419 3327 2631 3376 meum;
2694 3311 3150 3379 quemadmodum
3214 3312 3422 3380 primus

1848 3412 2145 3472 martyrum
2181 3401 2495 3470 Stephanus
2523 3401 2614 3467 (ρ),
2647 3401 2804 3467 cujus
2835 3400 3085 3454 abeuntis
3114 3415 3143 3452 e
3171 3401 3277 3452 vita
3306 3403 3421 3469 pul-

1845 3493 2170 3547 cherrimam
2202 3507 2388 3544 vocem
2410 3491 2600 3544 audire
2630 3490 2823 3542 merui.
2859 3489 2978 3543 Jatn
3014 3505 3304 3557 supernam
3329 3490 3421 3544 Je-

1845 3585 2080 3639 rusalem
2118 3583 2299 3636 aureis
2341 3583 2660 3635 instructam
2692 3581 2949 3642 turribus,
2980 3581 3294 3649 angelorum
3329 3597 3422 3650 pa-

1846 3678 2039 3740 triam,
2077 3685 2388 3729 sanctorum
2430 3673 2674 3726 omnium
2718 3672 3057 3740 metrOpolim
3104 3673 3421 3741 spatiosam,

1844 3785 1968 3824 cum
2009 3768 2290 3838 plausibus
2311 3807 2324 3828 ,
2351 3765 2620 3835 epiniciis,
2657 3764 2928 3834 regiisque
2958 3764 3213 3830 trophaeis
3241 3763 3420 3832 ingre-

1843 3859 1981 3914 diar.
2011 3856 2128 3911 1am
2161 3858 2400 3911 tunicam
2446 3857 2585 3908 hanc
2626 3864 2897 3908 terrenam
2931 3868 3138 3908 exuens
3165 3863 3217 3908 et
3244 3855 3423 3908 carnis

1842 3951 2055 4004 vincula
2085 3951 2351 4004 laboriosa
2376 3949 2674 4016 deponens,
2707 3963 2736 4000 a
2781 3947 3124 4000 mortalitatis
3155 3949 3424 4000 subduear

1841 4040 2225 4110 corruptione,
2263 4039 2663 4104 subvectusque
2709 4037 2776 4091 ad
2833 4037 3258 4091 immortalitatis
3301 4038 3421 4091 feli-

1841 4132 2118 4186 cissimum
2159 4138 2358 4183 statum
2400 4129 2454 4182 in
2503 4137 2718 4198 portum
2768 4130 2982 4181 Veniam
3009 4129 3130 4183 vita:
3177 4139 3418 4191 αξιοι-ηεξ,

1840 4235 2000 4289 quam
2031 4217 2188 4271 simul
2219 4233 2410 4271 omnes
2446 4217 2617 4272 sancti
2656 4217 2979 4270 inhabitant.
3008 4218 3229 4271 Exsulta
3260 4218 3424 4288 igitur

1840 4319 1893 4363 ct
1924 4311 2124 4372 laetare,
2155 4325 2188 4362 o
2214 4308 2415 4370 anima,
2441 4306 2505 4359 ad
2539 4305 2888 4359 Conditorem
2934 4314 3086 4358 tuum
3133 4315 3188 4359 et
3236 4307 3423 4359 Domi-

1839 4415 1968 4453 num
2018 4399 2310 4452 transitura
2357 4415 2370 4450 :
2416 4411 2663 4450 serenam
2702 4394 2894 4448 faciem
2947 4395 3048 4448 hac
3093 4404 3199 4448 tam
3241 4406 3422 4464 Optata

168 4496 226 4545 τὸ
264 4496 550 4563 πρόσωπον
581 4492 771 4563 καιροῦ
815 4493 1124 4555 καλοῦντος,
1159 4493 1251 4545 καὶ
1287 4493 1411 4554 τοὺς
1444 4491 1732 4559 προξένους

1839 4489 2125 4544 occasione
2169 4489 2397 4550 exhibe,
2448 4496 2829 4552 tantorumque
2869 4486 2962 4538 tibi
3004 4487 3203 4541 latores
3247 4489 3422 4544 bono-

169 4603 264 4637 σου
330 4587 438 4638 τῶν
487 4585 755 4638 τοσούτων
802 4585 1021 4650 ἀγαθῶν
1061 4584 1398 4653 φιλοφρόνως
1437 4583 1734 4650 ξενίσωμεν

167 4677 469 4745 χαίροντες,
514 4675 609 4726 καὶ
653 4674 919 4742 πολυτελῆ
972 4675 1380 4744 παραθήσωμεν
1429 4675 1729 4744 τράπεζαν,

165 4770 276 4828 τοῖς
307 4767 398 4819 ἐπὶ
429 4766 487 4819 τὸ
517 4767 731 4820 δεῖπνον
759 4766 916 4835 ἡμῶν
950 4765 1174 4818 καλοῦσι
1206 4765 1501 4834 βασιλικόν.

237 4855 303 4919 ζ’.
343 4855 528 4909 Ταῦτα
555 4858 690 4927 πρὸς
721 4857 910 4909 ἑαυτὸν
943 4859 970 4908 ὁ
995 4857 1252 4922 Λογγῖνος
1275 4853 1609 4919 είπὼν,’τοί›ς
1640 4857 1738 4908 ἐπ’

165 4946 327 4999 αὑτὸν
357 4946 610 5009 ἐλθόντας
642 4948 723 5010 είς
766 4947 854 4998 τὸν
897 4948 1024 4999 ἴδιον
1065 4943 1212 4998 οἷκον
1266 4945 1604 5016 παρέλαϐεν,
1641 4947 1736 5000 καὶ

170 5037 380 5099 ξενίσας
405 5037 692 5107 λαμπρῶς,
728 5038 822 5090 καὶ
853 5036 1130 5108 προσώπῳ
1157 5035 1367 5106 φαιδρῷ
1396 5036 1493 5089 καὶ
1531 5037 1735 5104 σφόδρα

169 5130 457 5197 περιχαρεῖ
501 5128 801 5197 συμφαγὼν
848 5129 943 5179 σὺν
985 5127 1166 5189 αὐτοῖς
1205 5129 1284 5189 είς
1317 5128 1382 5196 ἢν
1424 5126 1733 5196 παρέθηκεν

237 5303 258 5333 '
299 5303 397 5355 lsa.
428 5317 524 5367 LII,
556 5302 586 5352 7
613 5318 627 5365 ;
653 5301 811 5354 Rom.
847 5317 875 5353 ι
899 5343 911 5363 ,
945 5301 1028 5353 15.

1841 4598 1959 4635 rum
1994 4581 2239 4634 hilariter
2269 4587 2430 4647 atquc
2460 4577 2801 4646 hospitaliter
2830 4577 3001 4641 habe;
3044 4578 3183 4632 bene
3212 4579 3421 4634 instru-

1837 4681 1978 4725 ctam
2026 4685 2266 4724 mensam
2308 4683 2587 4737 apponens
2630 4667 2713 4732 iis,
2744 4667 2836 4736 Qui
2878 4666 2944 4720 ad
2979 4681 3190 4721 ccenam
3220 4670 3418 4739 regiam

1841 4771 1891 4816 te
1921 4760 2196 4814 invitaturi
2226 4759 2590 4813 advenerunt.

1913 4852 1964 4902 7.
2007 4848 2134 4902 Haec
2171 4848 2312 4900 intra
2352 4861 2410 4899 se
2455 4846 2667 4906 locutus
2701 4844 2978 4914 Longinus
3016 4843 3287 4897 immissos
3317 4845 3418 4899 sibi

1843 4941 2066 4995 sicarios
2099 4941 2153 4993 in
2185 4941 2405 4993 domum
2436 4952 2588 4991 suam
2625 4935 2870 5004 excepit,
2903 4943 2958 4987 et
2998 4934 3277 5003 splendide
3325 4951 3420 4986 eos

1841 5042 2099 5094 tractans,
2135 5031 2289 5084 vultu
2335 5031 2458 5083 laeto
2504 5036 2559 5081 et
2604 5042 2808 5096 magnae
2835 5025 3192 5093 iucunditatis
3222 5024 3417 5077 indicia

1839 5124 2182 5195 praeferente,
2218 5122 2283 5176 ad
2308 5119 2556 5175 eamdem
2600 5133 2722 5172 cum
2779 5117 2912 5186 ipsis
2962 5117 3215 5170 accubuit
3262 5132 3415 5170 nien-

1665 5381 1897 5437 ΝΟΤιΕ.

238 5479 312 5550 (2)
355 5479 456 5550 Per
488 5478 962 5550 futurumimelius
1007 5490 1169 5545 quam
1207 5489 1304 5544 per
1338 5487 1579 5543 praesens
1619 5473 1736 5527 haec

171 5549 357 5603 Latine.
390 5549 619 5601 fuissent
659 5549 889 5601 reddita.

235 5620 310 5688 (ὅ)
353 5618 516 5688 Pleno
542 5620 723 5671 sensui
761 5619 873 5669 haec
894 5625 1002 5688 aut
1025 5614 1237 5688 similia
1255 5612 1448 5666 deesse
1471 5609 1660 5688 _cred_o.

235 5681 311 5751 (1)
354 5687 573 5740 Videtur
603 5689 871 5758 interpres
894 5685 1086 5752 legisse
1111 5682 1361 5758 ἀφιόντος
1381 5698 1396 5713 ο
1419 5681 1485 5734 ad
1508 5681 1733 5758 verbum

169 5750 344 5809 autem
383 5757 458 5809 sic
489 5756 621 5808 verti
657 5750 831 5824 potest
863 5772 876 5808 :
917 5750 1136 5818 (Quem
1171 5751 1348 5805 audivi
1385 5750 1736 5821 przeclarissi-

1835 5487 1978 5525 mam
2010 5475 2283 5534 emittere,
2318 5473 2399 5526 vel
2425 5473 2674 5526 emisisse
2703 5489 2914 5527 vocem.
2943 5493 2961 5525 ι

1904 5543 1974 5609 (e)
2018 5541 2242 5613 Passum
2271 5556 2392 5613 esse
2418 5552 2667 5613 sanctum
2701 5544 3041 5612 Stephanum
3085 5552 3209 5612 post
3254 5546 3414 5613 septi-

1833 5627 1983 5664 mum
2020 5612 2238 5665 circiter
2283 5627 2311 5665 a
2357 5611 2594 5680 Spiritus
2637 5611 2813 5667 sancti
2856 5614 3094 5668 adventu
3143 5611 3412 5680 mensem,

1835 5680 2171 5800 conﬁgmius
2195 5681 2262 5733 ad
2292 5689 2603 5745 sanctorum
2633 5681 2851 5737 Patrum
2879 5697 3207 5738 consensum
3228 5685 3412 5737 existi-

1836 5760 1947 5800 mat
2020 5765 2264 5800 :H'Olllllh'.

1836 5760 1947 5803 mat
1975 5760 2047 5802 U11
2057 5765 2264 5802 l'OIIlllS.
