4142 6436
176 284 303 347 1553

1302 278 1363 336 S.
1401 276 1725 337 LUNGINI
1769 279 1870 337 ΜΛ
1882 281 2109 342 RTYRI
2124 280 2259 344 UM.

3288 270 3442 340 155i"

166 399 399 469 ῃτήσατυ
436 394 535 466 (⁵1),
569 396 663 449 καὶ
694 396 727 463 ἡ
771 393 827 446 δὲ
873 392 970 457 νὺξ
1014 392 1149 463 πρὸς
1198 392 1317 461 βίαν
1358 394 1567 445 εἵλκετο
1592 409 1605 423 ·
1641 393 1734 444 τοῦ

1860 395 1917 448 :is
1963 399 2343 465 opprobrium,
2379 413 2480 451 nec
2530 394 2883 468 pugnantium
2938 392 3203 446 adversus
3254 393 3423 446 [leum

164 487 401 557 σταυροῦ
444 487 554 558 γὰρ
600 486 661 539 τὸ
697 486 862 555 βάρος
890 486 987 554 οὑχ
1020 484 1301 554 ὑφίστατο,
1340 484 1559 552 καὶτῆς
1606 485 1739 535 Ἰου-

161 579 352 647 δαϊκῆς
383 578 685 647 θεομαχίας
728 581 957 648 παρεῖτο
997 577 1056 628 τὸ
1107 575 1380 644 ἔγκλημα.
1411 575 1595 627 Ταῦτα
1634 573 1743 643 ἐγὼ

156 674 272 734 τοῖς
310 670 611 740 ὀφθαλμοῖς
646 686 748 739 μου
778 668 872 721 καὶ
897 670 1015 730 ταῖς
1041 666 1268 729 οἰκείαις
1298 666 1487 734 ὄψεσιν
1524 666 1742 735 ἱστόρη-

160 781 264 817 σα*
323 763 440 825 πῶς
488 761 667 815 τοίνυν
715 761 999 831 σκορπίσω
1046 758 1317 811 τοσούτων
1375 774 1464 826 μοι
1526 756 1745 825 ἀγαθῶν

157 856 415 919 πλοῦτον,
445 855 567 908 οὐδὲ
597 854 707 925 γὰρ
744 852 996 921 ἀγγέλων
1030 851 1128 915 τάς
1173 849 1411 923 μέμψεις
1442 851 1744 919 ὑποστήσο-

161 966 283 1020 μαι.

230 1036 418 1091 ι’.“Ἐτι
440 1037 497 1090 δέ
518 1035 808 1097 λαλοῦντος
833 1035 1006 1088 ταῦτα
1033 1033 1126 1087 τοῦ
1156 1033 1427 1103 μακαρίου
1456 1031 1745 1100 Λογγίνου,

155 1131 189 1198 ή
224 1128 460 1198 ξυνωρὶς
494 1129 603 1179 τῶν
641 1130 739 1180 σὺν
770 1126 920 1196 αὑτῷ
942 1127 1311 1198 στρατιωτῶν,
1346 1127 1379 1193 ή
1410 1124 1507 1193 τὴν
1531 1125 1622 1178 ἐπὶ
1653 1123 1747 1177 θά-

154 1237 324 1272 νατον
356 1220 537 1287 ψῆφον
561 1218 712 1291 παρά
748 1219 1027 1288 Καίσαρος
1047 1217 1311 1287 λαχοῦσα,
1353 1215 1603 1285 ἔφθασεν.
1622 1217 1750 1268 Φαι-

153 1310 274 1380 δρῷ
304 1311 359 1363 δέ
388 1312 573 1373 αὐτοῖς
606 1310 882 1382 προσώπῳ
908 1311 1001 1363 καὶ
1035 1302 1331 1379 περιχαρεῖ
1356 1309 1477 1361 λίαν
1510 1310 1538 1361 ό
1569 1308 1747 1378 μακά-

157 1420 278 1474 ριος
313 1405 579 1472 Λογγίνος
616 1404 969 1474 συνήντησεν,
1000 1404 1126 1465 τοὺς
1152 1403 1464 1471 ὀφθαλμοὺς
1501 1401 1617 1471 ἅμα
1653 1403 1750 1454 καὶ

156 1496 252 1546 τὸν
281 1495 553 1565 τράχηλον
578 1494 755 1548 αὐτῶν
798 1493 1196 1564 καταφιλήσας,
1229 1494 1320 1546 καὶ
1350 1493 1454 1562 ἐφη
1484 1494 1618 1564 πρὸς
1653 1493 1751 1546 αὐ-

152 1585 311 1649 τούς’
336 1586 573 1657 Χαίρετε
594 1628 610 1652 ,
643 1580 688 1639 ὦ
718 1584 1118 1655 συστρατιῶται
1148 1585 1384 1655 Χριστοῦ
1413 1586 1505 1636 καὶ
1536 1585 1752 1652 νικηταὶ

154 1679 272 1731 τῶν
308 1679 468 1733 θείων
492 1678 740 1746 ἀγώνων,
768 1679 862 1729 καὶ
883 1676 1209 1747 κληρονόμοι
1234 1676 1621 1746 τῆςβασιλείας
1642 1677 1752 1730 τῶν

1840 487 2155 543 Judzeorum
2187 490 2445 544 delictum
2483 490 2687 558 absque
2716 496 2844 541 nota
2882 485 3225 555 praeteriens.
3258 484 3426 552 Equi-

1843 582 1965 634 clem
1996 598 2057 635 ea
2088 582 2267 635 omnia
2302 581 2539 651 propriis
2562 590 2777 650 egomet
2800 578 2973 634 oculis
2998 576 3128 637 vidi,
3156 575 3273 647 ipse
3300 591 3427 645 Spe—

1845 684 2019 729 etator
2049 674 2197 728 astiti
2236 688 2251 727 :
2301 673 2577 745 quomodo
2628 674 2792 744 igitur
2836 671 3149 741 disperdarn
3204 670 3426 723 thesau-

1844 783 1962 820 rum
2002 776 2274 821 tantorum
2322 783 2443 836 quae
2493 767 2626 820 mihi
2676 766 2950 819 obvenere
3002 764 3308 825 bonorum,
3348 762 3426 818 vel

1844 861 2163 929 angelorum
2196 859 2248 914 id
2280 860 2412 913 mihi
2445 861 2967 929 exprobraturorum
2999 857 3281 911 sustinebo
3306 856 3430 909 irri-

1846 951 2072 1005 siones?

1918 1041 2004 1095 iO.
2047 1042 2239 1097 Adhuc
2261 1056 2328 1097 eo
2358 1043 2613 1111 loquente
2648 1039 2967 1111 supervenit
2997 1057 3096 1110 par
3124 1041 3255 1094 illud
3284 1055 3433 1095 som-

1848 1133 2152 1188 militonum
2175 1175 2189 1200 ,
2235 1135 2411 1188 eidem
2447 1149 2571 1186 cum
2608 1132 2854 1202 Longino
2889 1134 3050 1186 morti
3085 1132 3432 1186 addictorum

1848 1242 1875 1279 a
1908 1226 2124 1281 (‘msare
2158 1243 2171 1278 :
2207 1225 2406 1294 quibus
2436 1224 2597 1278 hilari
2631 1225 2781 1277 vultu
2818 1223 3052 1291 ltntoqne
3099 1223 3284 1276 animo
3339 1238 3434 1276 οι·-

1850 1334 2080 1374 currens
2132 1318 2186 1371 in
2235 1318 2546 1387 amplexum
2582 1326 2831 1381 sanctus,
2863 1316 3054 1370 oculos
3083 1315 3436 1383 cervicesque

1851 1415 2038 1468 beatas
2067 1413 2451 1477 exosculatur;
2485 1423 2540 1467 et
2577 1432 2589 1465 :
2625 1412 2889 1475 Gaudete,
2923 1410 3133 1479 inquit,
3164 1408 3436 1463 commili-

1855 1518 2008 1560 tones
2054 1505 2302 1570 Christi,
2336 1506 2648 1559 divinorum
2686 1503 3050 1557 certaminum
3091 1501 3311 1570 gloriosi
3355 1502 3437 1555 vi-

1853 1607 2053 1659 ctores,
2083 1606 2138 1650 et
2169 1598 2317 1665 regni
2350 1597 2612 1651 cmiorum
2647 1596 2893 1650 haeredes
2920 1593 3221 1648 felicissimi
3257 1611 3271 1647 :
3305 1609 3438 1664 gau-

1853 1690 2001 1754 dete,
2029 1690 2251 1759 inquam
2289 1710 2301 1741 -.
2342 1690 2583 1759 aperitur
2613 1689 2761 1745 enim
2794 1688 2950 1742 nobis
2982 1686 3220 1757 paradisi
3248 1686 3437 1754 janua.

154 1771 410 1841 οὖρανῶν
435 1788 447 1799 ·
476 1772 722 1841 χαίρετε,
750 1772 831 1823 ὅτι
862 1772 894 1840 ή
920 1770 1056 1838 πρὸς
1081 1770 1310 1838 οὐρανὸν
1336 1770 1476 1836 πύλη
1507 1771 1746 1838 ἀνέῳγεν

1860 1780 2071 1848 iamque
2099 1778 2272 1848 parati
2308 1778 2509 1831 adsunt
2535 1777 2736 1847 angeli,
2775 1776 2986 1830 animas
3017 1783 3236 1828 nostras
3266 1784 3442 1828 trans-

156 1864 321 1929 ἡμῖν,
359 1863 454 1915 καὶ
498 1861 783 1931 μέλλουσιν
814 1863 861 1913 οἱ
891 1860 1111 1927 ἄγγελοι
1148 1861 1241 1912 τοῦ
1283 1861 1417 1911 Θεοῦ
1454 1862 1747 1930 παραλαμ-

155 1956 354 2007 ϐάνειν
396 1956 495 2016 τὰς
523 1953 797 2024 ἡμετέρας
825 1953 1023 2023 ψυχὰς,
1068 1955 1162 2005 καὶ
1213 1953 1545 2024 προσφέρειν
1577 1954 1746 2017 ιιὺτάς

160 2047 244 2114 τῷ
275 2050 559 2116 μονογενεῖ
598 2046 714 2115 Υἱῷ
744 2045 837 2098 τοῦ
865 2044 1020 2099 Θεοῦ.
1039 2046 1170 2099 Ἰδοὺ
1194 2046 1291 2106 τὰς
1320 2045 1610 2115 λαμπάδας
1636 2045 1747 2115 6ρῶ

160 2141 261 2191 καὶ
296 2140 421 2199 τοὺς
451 2139 746 2204 στεφάνους
774 2138 1120 2197 κατοπτεύω,
1154 2139 1247 2191 καὶ
1269 2137 1337 2190 τὰ
1368 2137 1594 2207 βραὸεἰα
1625 2154 1747 2189 στο-

162 2230 442 2299 χάζομαι;
493 2228 610 2300 μεθ’
633 2222 709 2283 ὧν
742 2228 820 2297 τῷ
857 2228 950 2281 τοῦ
989 2228 1243 2298 Νυμφίου
1286 2226 1751 2299 παραστησόμεθα

164 2322 402 2391 βήματι.
437 2324 544 2374 Καὶ
588 2321 762 2374 ταῦτα
796 2316 966 2372 εἰπὼν
988 2361 1002 2385 ,
1038 2320 1143 2386 ἔφη
1184 2322 1296 2382 τοῖς
1322 2318 1535 2389 δημίοις
1557 2337 1570 2350 ·
1608 2321 1672 2373 Εἴ
1699 2338 1749 2373 τι

163 2410 262 2466 οὗν
313 2413 743 2484 προσετάχθητε,
775 2414 835 2465 τὸ
882 2412 1049 2481 τάχος
1102 2409 1643 2481 ποιήσατε.Ἔφησεν
1694 2410 1750 2463 δὲ

165 2507 266 2557 καὶ
307 2507 442 2577 πρὸς
487 2507 577 2558 τὸν
628 2504 930 2575 ἡγούμενον
970 2504 1070 2572 τῆς
1119 2504 1297 2565 οίκίας
1344 2500 1533 2566 αὑτοῦ,
1562 2501 1752 2571 στολὴν

166 2599 422 2670 καθαράν
450 2598 672 2668 κομίσαι
704 2595 883 2667 αὐτῷ,
914 2596 986 2660 ὼς
1022 2595 1114 2649 ἐπὶ
1159 2596 1333 2663 γάμον
1371 2594 1462 2647 καὶ
1490 2594 1754 2663 νυμφῶνα

167 2692 518 2761 καλουμένῳ.
557 2691 667 2759 Τῆς
693 2690 749 2742 δὲ
774 2688 1037 2758 ἐλθούσης
1059 2688 1419 2757 ἐνδυσάμενος
1444 2686 1634 2756 αὐτὴν,
1660 2687 1754 2739 καὶ

164 2786 234 2851 τῆ
277 2784 420 2851 χειρῖ
466 2782 643 2848 δείξας
672 2782 761 2834 τὸν
792 2782 975 2847 λόφον,
1005 2782 1061 2832 ἐν
1103 2774 1147 2846 ᾧ
1189 2779 1249 2831 τὸ
1292 2779 1561 2847 μακάριον
1590 2776 1752 2829 αὑτοῦ

168 2874 338 2942 σῶμα
372 2873 649 2937 διετάξατο
694 2872 941 2941 τεθῆναι,
975 2869 1117 2923 οὕτω
1158 2887 1217 2922 τε
1263 2870 1324 2921 τὸ
1372 2869 1500 2937 γόνυ
1533 2868 1756 2937 κάμψας

167 2966 403 3033 χαίρων,
433 2966 527 3018 καὶ
560 2964 905 3035 σχηματίσας
946 2964 1139 3016 ἐαυτὸν
1170 2960 1308 3032 μετά
1339 2962 1447 3014 τῶν
1480 2964 1575 3014 σὺν
1606 2960 1756 3031 αὐτῷ

168 3058 293 3109 ἐταί
303 3075 427 3125 ρων,
460 3057 569 3109 τῶν
604 3057 693 3109 τὸν
722 3056 1019 3126 νικηυςόρον
1044 3054 1230 3122 ἀγῶνα
1250 3054 1638 3117 διανυσάντων,
1660 3053 1755 3124 τὴν

168 3149 419 3219 κεφαλὴν
448 3148 773 3218 ἐκτέμνεται
799 3150 929 3218 μηνὶ
957 3146 1277 3217 ὐκτωὸρίῳ
1314 3152 1410 3210 ις’,
1440 3145 1534 3198 καὶ
1559 3145 1760 3215 ἐγγρά-

170 3259 371 3307 φονται
413 3243 579 3311 ἄμφω
614 3242 795 3310 χοροῖς
844 3238 1162 3293 ἀποστόλων
1212 3254 1271 3290 τε
1322 3238 1417 3289 καὶ
1446 3235 1762 3307 μαρτύρων,

169 3332 382 3384 τούτων
414 3331 524 3401 γάρ
548 3332 646 3402 τὴν
677 3331 953 3402 ἀνδρείαν,
990 3331 1083 3384 καὶ
1110 3329 1335 3385 ἐκείνων
1369 3329 1461 3384 τὴν
1484 3328 1649 3382 καλὸν
1678 3329 1764 3399 Cil-

168 3426 267 3476 λον
298 3426 381 3477 ἐδε
392 3425 405 3476 ί
413 3424 471 3489 ξα
480 3442 595 3479 ντο.

248 3515 342 3570 ια’.
384 3517 517 3569 Τότε
545 3515 804 3579 λαϐόντες
824 3519 872 3571 οἱ
893 3517 1081 3587 δήμιοι
1100 3516 1198 3589 τὴν
1226 3517 1469 3589 κεφαλὴν
1485 3516 1579 3571 τοῦ
1607 3516 1762 3585 ἁγίου

172 3610 466 3675 Λογγίνου,
497 3608 701 3680 ταύτην
726 3610 1134 3681 προσφέρουσιν
1157 3610 1236 3681 τῷ
1268 3609 1513 3680 Πιλάτῳ·
1546 3609 1765 3678 καὶγὰρ

174 3701 319 3770 πρδς
351 3700 511 3772 χάριν
544 3701 652 3754 τῶν
696 3701 967 3755 Ἰουδαίων
999 3702 1159 3755 τοῦτο
1183 3703 1508 3772 πεποίηκεν,
1541 3702 1667 3772 περί
1691 3694 1765 3754 ὧν

172 3791 370 3854 ἔλαϐεν
402 3793 720 3861 χρημάτων.
740 3794 827 3855 Ὠς
873 3794 927 3846 δὲ
966 3794 1206 3864 ἤνεγκαν
1236 3796 1283 3847 οί
1316 3794 1501 3863 δήμιοι
1535 3792 1632 3862 τὴν
1672 3808 1764 3844 κε-

175 3885 359 3953 φαλὴν
390 3886 485 3936 τοῦ
523 3887 678 3952 ἁγίου
705 3888 784 3948 είς
823 3887 1196 3955 Ἰερουσαλὴμ,
1237 3886 1566 3956 προστάττει
1611 3886 1639 3937 ὁ
1672 3886 1766 3938 Πι-

173 3973 341 4035 λάτος
372 3976 741 4045 ἐπιδειχθῆναι
769 3977 935 4045 αὐτὴν
965 3977 1080 4038 τοῖς
1126 3977 1421 4040 Ἰουδαίοις,
1455 3979 1568 4039 τοῖς
1596 3977 1765 4045 διψῶ-

176 4083 268 4115 σιν
300 4066 391 4116 τδν
423 4066 652 4118 θάνατον
677 4066 865 4131 αὑτοῦ,
893 4066 987 4119 καὶ
1024 4067 1217 4120 πολλοῦ
1247 4068 1478 4137 χρυσίου
1502 4069 1563 4121 τὸ
1583 4068 1768 4139 δρᾶμα

177 4155 442 4224 πωλήσας
495 4159 604 4219 τοῖς
654 4157 871 4210 είωοόπι
928 4159 1207 4229 χρήμασιν
1240 4159 1496 4212 tiu/sidut
1542 4162 1610 4214 τὰ
1661 4160 1768 4213 τῶν

175 4246 411 4299 δικαίων
455 4248 682 4317 αἵματα.
718 4250 828 4301 Καὶ
858 4245 957 4301 εἷθ’
985 4249 1159 4311 οὕτως
1188 4252 1515 4320 προστάττει
1541 4254 1568 4304 ὁ
1600 4250 1769 4305 Πιλά-

173 4355 274 4400 -τος
312 4340 532 4408 ῥιφῆναι
563 4338 661 4409 τὴν
694 4341 886 4407 τιμίαν
916 4342 1161 4411 κεφαλὴν
1189 4342 1282 4395 τοῦ
1316 4343 1472 4410 ἁγίου
1503 4344 1767 4411 Λογγίνου

1855 1872 2015 1926 laturi
2042 1872 2108 1925 ad
2134 1871 2324 1935 Deum,
2344 1886 2547 1938 easque
2570 1868 2805 1924 oblatnri
2828 1866 3109 1937 nnigenito
3125 1865 3264 1919 Filio
3285 1866 3437 1934 ejus:

1850 1965 1962 2035 jam
2004 1963 2281 2033 lampades
2320 1962 2495 2024 video,
2526 1963 2636 2031 jam
2671 1976 2905 2015 coronas
2938 1959 3300 2027 contemplor,
3326 1958 3438 2025 iam

1856 2057 2043 2112 bravia
2076 2055 2385 2118 considero,
2424 2072 2545 2109 cum
2600 2054 2801 2124 quibus
2851 2053 3090 2107 emlest?s
3131 2051 3329 2122 Sponsi
3382 2051 3435 2103 in

1861 2148 2162 2203 thalamum
2196 2145 2549 2202 dedueemur.
2604 2146 2809 2200 Deinde
2848 2144 2917 2199 ad
2958 2145 3177 2198 lictores
3210 2159 3442 2197 conver-

1859 2256 1987 2303 sus,
2018 2240 2193 2308 inquit
2230 2259 2240 2292 :
2275 2238 2551 2307 Quidquid
2588 2238 2744 2291 vobis
2774 2237 3100 2306 imperatum
3138 2244 3221 2289 est
3253 2234 3445 2289 confe-

1860 2334 1985 2389 stim
2029 2332 2293 2402 perlicite.
2326 2329 2688 2401 Pra-positum
2718 2345 2848 2383 vero
2882 2329 3078 2382 domus
3106 2345 3217 2382 sua:
3252 2327 3444 2383 stolam

1860 2426 2117 2480 mundam
2153 2424 2350 2478 ali‘crrc
2375 2424 2558 2492 jussit,
2592 2432 2846 2491 tanquam
2872 2420 2937 2473 ad
2969 2420 3193 2488 nuptias
3224 2418 3447 2472 festivas

1862 2528 2087 2573 vocatus
2120 2536 2131 2571 :
2166 2532 2396 2584 eamque
2445 2516 2668 2569 indutus
2690 2555 2704 2579 ,
2733 2521 2789 2568 et
2828 2528 2993 2567 manu
3028 2512 3325 2581 designans
3358 2521 3445 2564 tu-

1862 2610 2099 2671 mulum,
2132 2608 2185 2662 in
2228 2623 2337 2677 quo
2369 2608 2587 2662 beatum
2615 2621 2817 2674 corpus
2850 2619 3009 2659 suum
3043 2601 3262 2672 sepeliri
3296 2601 3448 2657 volc-

1862 2703 1973 2763 bat,
2010 2698 2303 2769 genullexit
2328 2739 2343 2762 ,
2375 2712 2543 2766 seque
2575 2697 2751 2766 ipsum
2802 2711 2927 2750 cum
2972 2695 3172 2757 sociis,
3205 2694 3452 2762 ejusdem

1863 2791 2143 2845 victoriosi
2194 2789 2384 2859 agonis
2439 2804 2624 2843 secum
2672 2787 2936 2858 ingressis
2986 2786 3225 2841 stadium
3258 2826 3273 2851 ,
3324 2794 3451 2853 apte

1864 2897 2223 2952 componens,
2266 2880 2445 2950 capite
2492 2880 2738 2933 minutus
2783 2887 2867 2933 est
2919 2878 3005 2932 die
3052 2878 3263 2932 decima
3298 2886 3450 2930 sexta

1865 2973 2070 3027 mensis
2098 2970 2375 3034 Octobris,
2406 2986 2707 3039 omnesque
2730 2970 2893 3023 simul
2925 2968 3147 3038 ascripti
3180 2976 3307 3022 sunt
3341 2978 3449 3022 tam

1866 3064 2233 3135 apostolorum
2269 3079 2431 3132 quam
2461 3071 2763 3133 martyrum
2790 3061 2994 3126 choris,
3015 3061 3142 3130 quia
3172 3072 3225 3114 et
3255 3061 3449 3113 horum

1867 3155 2282 3221 fortitudinem,
2334 3162 2389 3209 et
2441 3154 2662 3209 illorum
2709 3153 3034 3225 praeclarum
3087 3152 3265 3207 zelum
3323 3159 3450 3205 sunt

1867 3248 2082 3303 imitati.

1940 3520 2027 3576 ll.
2070 3519 2319 3575 Lictores
2350 3526 2533 3572 autem
2563 3524 2986 3585 assumpserunt
3016 3513 3188 3569 sancti
3222 3512 3446 3582 Longini

1866 3623 2031 3684 caput
2059 3611 2419 3667 deferendum
2457 3610 2525 3664 ad
2559 3610 2811 3669 Pilatum.
2843 3606 2937 3676 qui
2986 3606 3041 3659 in
3086 3607 3313 3676 gratiam
3351 3604 3452 3659 Ju-

1866 3708 2107 3761 daeorum
2140 3704 2340 3759 caedem
2374 3703 2530 3757 istam
2561 3700 2867 3764 mandarat,
2892 3707 3114 3766 accepta
3151 3700 3217 3753 ab
3244 3697 3453 3753 eisdem

1868 3798 2100 3869 pecunia
2143 3797 2422 3851 inductus.
2459 3793 2529 3849 Ut
2566 3808 2696 3847 vero
2735 3791 3168 3862 Hierosolymam
3218 3789 3456 3843 advene—

1869 3899 2017 3952 runt,
2057 3888 2224 3960 jussit
2272 3888 2478 3941 Pilatus
2506 3885 2639 3939 illud
2674 3883 2921 3939 exhiberi
2959 3882 3164 3937 Judaeis
3220 3891 3453 3933 mortem

1868 3983 2041 4037 sancti
2070 3981 2397 4043 sitientibus,
2424 3980 2595 4032 multo
2624 3992 2759 4030 auro
2785 3974 3034 4030 eamdem
3066 3974 3311 4028 vendens
3339 3973 3454 4042 jam

1868 4074 2102 4128 assuetis
2168 4073 2519 4126 innocentem
2574 4069 2897 4139 sanguinem
2958 4065 3191 4135 pecunia
3249 4079 3453 4117 emere.

1870 4166 2113 4219 l‘ostltaec
2162 4162 2442 4216 mandavit
2476 4171 2627 4215 extra
2679 4158 2830 4213 urbis
2880 4166 3095 4226 portam
3148 4153 3311 4223 abjiei
3369 4169 3456 4207 sa-

1868 4272 2020 4309 crum
2052 4262 2238 4322 caput,
2277 4252 2520 4306 terribile
2553 4250 2915 4311 tia-monibus,
2957 4247 3193 4301 amabile
3224 4246 3454 4315 angelis,

1868 4348 2156 4401 elementis
2204 4346 2418 4400 cunctis
2462 4344 2869 4399 admirandum.
2907 4341 3088 4395 Jacuit
3131 4340 3294 4409 igitur
3329 4347 3458 4391 ante

173 4426 288 4490 ἔξω
325 4428 428 4496 πρὸ
474 4431 572 4497 τῆς
636 4429 814 4499 πύλης
847 4430 947 4499 τῆς
981 4432 1208 4495 πόλεως,
1246 4433 1345 4501 τὴν
1376 4434 1616 4502 φοϐεράν
1665 4435 1756 4504 μὲι

1872 4448 2054 4507 portas
2086 4446 2341 4504 tanquam
2372 4435 2663 4487 thesaurus
2692 4431 2892 4500 aliquis
2923 4428 3254 4483 inviolabilis
3283 4426 3460 4496 ([),et

168 4522 291 4580 τοῖς
326 4520 568 4589 δαίμοσι,
599 4524 711 4584 τοῖς
754 4522 811 4574 δὲ
852 4522 1109 4591 ἀγγέλοις
1145 4523 1469 4593 ἐπέραστον,
1501 4524 1594 4577 καὶ
1627 4542 1771 4578 στοι-

170 4609 354 4678 χείοις
385 4608 1067 4683 οαυμαζομένην.Ἐκειτο
1092 4614 1271 4668 τοίνυν
1305 4615 1441 4685 πρὸς
1466 4615 1567 4683 τῆς
1595 4616 1769 4681 πύλης

170 4700 375 4771 ὥσπερ
406 4719 489 4764 τις
520 4702 795 4773 θησαυρὸς
823 4704 1043 4768 ἄσυλος,
1075 4707 1283 4775 κόπρου
1313 4707 1368 4759 δὲ
1397 4707 1657 4777 πλείστης
1682 4706 1773 4760 οὔ·

174 4808 286 4861 σης
320 4793 523 4859 ἐκεῖσε,
558 4794 802 4865 ἀϐλαϐὴς
851 4795 1182 4869 διεφυλάχθη
1213 4800 1240 4851 ὁ
1271 4799 1641 4869 πολυτίμητος
1676 4799 1772 4852 τοῦ

172 4883 427 4955 Χριστοῦ
463 4887 835 4957 μαργαρίτης,
873 4888 969 4940 καὶ
1002 4890 1175 4957 τάφος
1206 4890 1357 4959 αὐτῷ
1381 4890 1517 4953 τέως
1571 4890 1772 4960 μᾶλλον

173 4974 235 5027 δὲ
275 4974 507 5039 κιϐωτὸς
556 4978 589 5045 ἠ
630 4978 833 5048 κόπρος
865 4974 954 5049 ἦν,
991 4979 1474 5052 μακροθυμοῦντος
1515 4980 1611 5034 τοῦ
1643 4982 1767 5050 φιλ-

172 5064 477 5133 ανθρώπου
504 5065 641 5120 Θεοῦ
674 5068 772 5123 καὶ
799 5069 862 5123 Av
890 5072 1066 5142 τούτῳ
1084 5111 1097 5133 ,
1128 5074 1442 5143 οἰκονομίας
1473 5074 1653 5143 χάριν.

257 5152 344 5225 ιβ’.
386 5158 544 5230 Χήρα
573 5160 679 5232 γάρ
705 5178 788 5225 τις
825 5162 985 5233 γυνὴ,
1032 5162 1135 5231 τῆς
1179 5164 1351 5234 αὐτῆς
1384 5164 1492 5218 τῶν
1523 5165 1759 5218 Καππα-

1869 4526 2118 4595 quamvis
2166 4525 2368 4577 multus
2417 4524 2618 4577 ibidem
2676 4522 2837 4575 iitnus
2869 4528 3036 4581 esset,
3077 4518 3454 4585 incorruptum

1869 4626 2145 4671 servatum
2173 4626 2259 4669 est
2288 4614 2747 4684 pretiosissimum
2781 4610 3159 4681 margaritum,
3189 4618 3352 4677 atque
3383 4608 3457 4661 ibi

1868 4710 2206 4778 sepulturam
2244 4708 2436 4760 habuit
2466 4724 2478 4758 :
2506 4706 2614 4759 imo
2644 4706 2763 4775 ipse
2797 4689 2959 4757 limus
2987 4703 3166 4756 eidem
3204 4716 3301 4769 pro
3331 4715 3457 4752 arca

1868 4803 1933 4855 ad
1971 4810 2186 4871 tempus
2234 4798 2357 4860 fuit,
2391 4797 2780 4869 longanimiter
2820 4804 3019 4866 agente
3053 4793 3185 4854 Deo.
3223 4801 3279 4845 et
3331 4809 3457 4861 pro-

1870 4896 1991 4949 vide
2020 4895 2369 4961 disponente,
2400 4900 2459 4946 ut
2497 4899 2812 4960 opportuno
2845 4897 3095 4955 tempore
3128 4885 3257 4938 illttd
3303 4900 3458 4938 reve-

1876 4986 2017 5047 lans,
2050 5000 2211 5039 suum
2251 4999 2377 5056 erga
2412 4983 2663 5037 homines
2692 4995 2937 5034 amorem
2974 4976 3321 5032 manifestius
3360 4976 3457 5029 de-

1873 5077 2125 5133 clararct.

1946 5167 2035 5221 12.
2079 5165 2291 5220 Etenim
2344 5165 2503 5220 vidua
2539 5181 2604 5219 ex
2634 5162 2992 5233 Cappadocia:
3037 5161 3259 5231 regione
3284 5198 3299 5219 .
3338 5173 3460 5213 cor-

1700 5318 1930 5375 NOTAE.

254 5404 331 5470 ('7)
374 5404 471 5481 bis.
496 5405 563 5481 ab
593 5406 806 5460 στάδιον
835 5410 889 5461 αἱ
919 5409 1247 5481 ήμέραιτοῦ
1282 5411 1458 5479 φωτὸς
1506 5412 1760 5481 παρῃτή-

176 5491 373 5558 σαντο,
403 5476 577 5558 nubi,
609 5486 737 5557 cte.,
772 5494 893 5558 quae
929 5476 987 5533 ut
1020 5476 1465 5558 clarior-{essent
1511 5476 1759 5558 nonnihil

177 5546 489 5668 irtinuttavid,
517 5546 735 5602 librario
770 5546 1041 5620 imputans
1068 5550 1211 5620 quod
1242 5552 1521 5605 festinanti
1550 5550 1762 5605 excide-

214 5632 226 5665 t
288 5631 300 5665 ς
345 5631 451 5680 tqut
498 5658 507 5668 .

257 5688 323 5753 (ι’)
371 5686 543 5741 Gitata
574 5688 669 5742 sub
704 5690 922 5744 nomine
954 5689 1327 5759 Metaplnastis
1366 5694 1526 5747 Acta:
1560 5712 1574 5743 ι
1603 5692 1759 5746 Velut

1869 5420 2132 5480 perpetuo
2158 5419 2509 5480 apparentem
2539 5411 2827 5480 quamdam
2853 5410 3023 5463 facem
3059 5410 3124 5462 iis
3153 5408 3243 5478 qui
3278 5417 3459 5480 trans-

1869 5474 2019 5537 ibant
2066 5474 2398 5535 corn-endam
2446 5474 2727 5550 praebebat
2771 5490 2898 5534 ante
2946 5474 3260 5550 civitatein,
3294 5484 3349 5530 et
3401 5476 3455 5531 in

1868 5552 2211 5620 sterquilinio
2246 5548 2519 5618 iacentem
2553 5560 2808 5620 tanquam
2860 5550 2917 5604 in
2962 5551 3124 5605 domo
3154 5548 3298 5620 regia
3325 5560 3450 5601 ccu-

1870 5632 2141 5678 scrvatam
2180 5632 2295 5677 tuto
2324 5622 2662 5692 protegebat.
2701 5641 2719 5672 ι
