4142 6436
781 375 804 438 1
817 379 918 438 555

1963 377 2328 438 HESYCHII
2364 380 2839 442 PRESBYTER!

3929 381 4033 447 ιεδε

781 484 964 548 porcis
1010 483 1184 549 oculis
1233 484 1471 547 amissis,
1506 482 1608 537 fide
1645 482 1923 551 superavit
1964 483 2349 550 infirmitatem,

2460 488 2630 540 δοκῶν
2656 486 2840 557 χώρας
2866 487 3211 556 ὑπάρχουσα,
3242 485 3565 556 μονογενοῦς
3605 487 3817 540 τέκνου
3858 493 4034 558 prs-Ha,

779 585 835 628 et
865 592 988 629 cum
1028 577 1309 646 unigenito
1344 577 1453 628 tilio
1487 591 1586 629 suo
1610 575 1912 629 Jerusalem
1945 575 2196 638 advenit,
2231 592 2355 645 spe-

778 684 908 722 rans
956 684 1014 722 se
1063 685 1212 721 sacra
1271 669 1586 722 adorantem
1639 667 1756 720 loca
1784 667 1960 720 visum
2012 668 2353 736 deperditum

779 769 1253 828 recuperaturam.
1289 761 1358 814 Ut
1408 759 1571 830 igitur
1619 759 1712 813 filii
1761 759 1845 813 sui
1905 775 2070 813 manu
2122 759 2354 813 deducta

778 853 996 923 collegit
1022 868 1190 907 sacrae
1221 862 1382 908 terra:
1411 853 1712 922 pulverem,
1749 866 1954 920 eosque
1981 851 2154 905 oculis
2189 853 2357 920 cazpit

779 945 1024 999 studiose
1071 947 1377 1014 applicare,
1421 947 1464 999 si
1498 944 1637 999 forte
1674 945 1728 997 in
1767 943 1834 998 iis
1881 944 2143 1012 reperiret
2186 944 2354 1014 colly-

777 1036 919 1088 rium
947 1037 1086 1090 visui
1115 1037 1419 1106 reparando
1451 1036 1739 1101 idoneum;
1765 1035 1946 1088 subito
1969 1050 2035 1088 ex
2062 1036 2356 1103 improviso

779 1128 1005 1181 morbus
1069 1144 1298 1197 puerum
1362 1129 1581 1190 invasit,
1627 1137 1984 1194 maternoque
2044 1127 2273 1181 abstulit
2325 1145 2355 1182 e

778 1220 1086 1288 complexu.
1121 1219 1306 1288 itaque
1353 1219 1640 1289 geminatae
1694 1227 1822 1272 sunt
1869 1218 1915 1272 ei
1972 1218 2246 1281 teuehrzr,
2292 1235 2355 1273 ac

778 1326 918 1379 pene
952 1312 1018 1364 ad
1050 1321 1294 1366 extrema
1341 1312 1571 1364 deducta
1601 1319 1702 1373 est,
1737 1310 2094 1364 intolerabilis
2120 1310 2353 1364 infortu-

778 1401 855 1453 nii
907 1403 1272 1456 succumbens
1306 1401 1597 1455 calamitati
1632 1416 1645 1454 :
1677 1401 2010 1454 miserabiles
2040 1412 2221 1454 autem
2260 1418 2355 1453 vo-

778 1505 872 1545 ces
923 1493 987 1546 ad
1039 1491 1210 1545 Deum
1238 1493 1450 1561 jactans
1481 1509 1492 1544 :
1527 1491 1842 1560 Usquequo,
1876 1491 2072 1560 inquit,
2106 1491 2351 1558 Domine,

777 1583 1118 1637 Oblivisceris
1145 1583 1200 1636 in
1232 1583 1392 1636 linem
1410 1583 1432 1635 ?
1453 1583 1748 1653 Usquequo
1770 1584 1972 1637 avertis
1991 1583 2180 1637 faciem
2207 1593 2351 1638 tuam

775 1690 806 1728 a
846 1675 972 1728 me?
1008 1674 1301 1744 Usquequo
1349 1690 1547 1744 ponam
1593 1675 1817 1728 consilia
1869 1675 1922 1727 in
1975 1675 2155 1728 anima
2209 1692 2349 1740 mea,

774 1768 994 1822 dolores
1027 1769 1080 1821 in
1117 1769 1280 1822 corde
1332 1783 1455 1822 meo
1489 1767 1576 1822 die
1624 1783 1687 1822 ac
1737 1767 1937 1822 nocte?
1971 1767 2223 1836 ltespice,
2256 1784 2350 1820 ex—

2457 582 2584 642 τοὺς
2621 580 2935 650 ὀφθαλμοὺς
2959 577 3052 631 τοῦ
3083 577 3334 649 σώματος
3366 579 3756 640 ἀποϐαλοῦσα,
3797 582 3974 632 πίστει
3997 601 4034 633 :1

2460 671 2630 733 πάθος
2669 672 2961 740 νικήσασα,
2994 671 3131 739 μετὰ
3179 670 3272 722 τοῦ
3327 670 3662 739 μονογενοῦς
3705 672 3915 723 τέκνου
3963 693 4032 741 τῃ.

2468 762 2823 832 Ἰερουσαλὴμ
2849 761 3168 825 κατέλαϐεν,
3189 762 3376 815 ὲνθαδε
3401 763 3781 830 προσδοκῶσα
3808 766 3874 831 τῇ
3897 781 4033 830 2pm.

2458 855 2681 923 κυνήσει
2705 854 2812 905 τῶν
2837 853 3009 922 ἁγίων
3033 853 3215 906 τόπων
3237 854 3363 915 τοὺς
3386 852 3711 922 ὀφθαλμοὺς
3736 853 4030 906 ἀπολαείῖτ,

2469 946 2556 1009 Ὠς
2585 946 2678 999 οῦν
2709 946 3200 1016 χειραγωγουμένη
3240 947 3344 998 ὑπὸ
3375 945 3471 998 τοῦ
3508 946 3652 997 ἰδίου
3688 946 3898 997 τέκνου
3940 964 4030 996 σιν-

2456 1041 2588 1108 ἦγεν
2635 1040 2728 1092 τὸν
2777 1039 2905 1109 χοῦν
2952 1039 3049 1107 τῆς
3096 1037 3223 1106 γῆς,
3259 1037 3352 1089 καὶ
3400 1039 3512 1098 τοῖς
3559 1037 3722 1098 ἰδίοις
3761 1037 4029 1102 “9:29;;-

2456 1134 2751 1186 ἐσκέπτετο
2778 1131 3234 1186 καταπλάσασθαι
3261 1131 3471 1194 τοῦτον,
3511 1130 3648 1192 ἴσως
3683 1133 3746 1181 ἐν
3790 1131 3944 1196 αὐτῷ
3971 1133 4028 1180 ε).

2457 1226 2664 1296 ρίσκειν
2699 1224 3060 1295 προσδοκῶσα
3093 1223 3187 1276 τοῦ
3241 1223 3416 1290 φωτὸς
3462 1221 3771 1290 κολλύριον
3822 1222 3954 1288 πρὸς
3995 1222 4030 1270 τὲ

2454 1315 2773 1384 ἀναϐλέψαι,
2802 1314 2999 1383 ἀθρόον
3028 1313 3262 1383 ἐπῆλθεν
3289 1313 3442 1376 νόσος
3495 1313 3574 1381 τῷ
3632 1313 3938 1379 μονογενεῖ
3965 1315 4029 1360 :L-

2453 1408 2550 1475 τῆς
2600 1405 2719 1476 υίῷ,
2749 1406 2842 1458 καὶ
2887 1406 3217 1474 ἀφήρπασεν
3262 1403 3424 1456 αὑτὸν
3478 1405 3542 1455 ἐκ
3598 1402 3718 1453 τῶν
3783 1403 4026 1470 μητριιῖι

2454 1497 2673 1569 χειρῶν.
2707 1497 2838 1549 Τότε
2867 1496 3088 1549 διπλοῦν
3127 1497 3262 1565 αὐτῇ
3293 1495 3352 1548 τὸ
3379 1495 3576 1558 σκότος
3608 1494 3731 1546 τῶν
3766 1494 4024 1560 ὀςξθαλειί.

2453 1589 2689 1658 ἐπῆλθεν
2717 1628 2730 1651 ,
2772 1589 2867 1641 καὶ
2911 1589 3132 1650 τελείως
3181 1588 3548 1640 ἀπεσϐέννυτο
3601 1586 3685 1655 τῷ
3741 1586 4026 1654 Epig-xit;

2455 1679 2616 1732 πάθει
2662 1679 2759 1747 τῆς
2811 1679 3131 1748 συμφορᾶς·
3179 1679 3212 1746 ἠ
3250 1677 3307 1730 δὲ
3337 1677 3561 1745 οἰκτρὰς
3609 1676 3816 1743 φωνὰς
3869 1676 4024 1741 {toi-:1,

2454 1771 2591 1841 πρὸς
2635 1771 2725 1823 τὸν
2771 1770 2904 1821 Θεὸν
2947 1768 3138 1836 ἔλεγεν
3160 1785 3171 1796 ·
3205 1768 3350 1830 Ἕως
3388 1768 3540 1829 ποτε,
3573 1766 3798 1834 Κύριε,
3832 1765 4024 1828 ἐπιλῆῒῇ

773 1862 933 1926 audi,
967 1861 1226 1916 miserere
1259 1863 1400 1927 mei,
1436 1861 1660 1914 Domine
1697 1860 1840 1914 Deus
1874 1875 2028 1914 meus
2063 1877 2077 1914 :
2108 1859 2349 1913 illumina

2459 1878 2560 1931 μου
2595 1862 2674 1922 εἰς
2704 1861 2895 1926 τέλος;
2947 1859 3054 1920 ἓως
3090 1858 3218 1912 πότε
3256 1858 3633 1927 ἀποστρέφεις
3665 1857 3734 1908 τὸ
3773 1858 4023 1924 πρὸςωττλ

773 1953 960 2006 oculos
991 1968 1142 2007 meos
1185 1957 1473 2021 nequando
1515 1962 1737 2022 propter
1770 1951 2020 2005 maeroris
2064 1960 2116 2005 et
2164 1952 2342 2006 luctus

774 2042 1200 2112 magnitudinem
1251 2042 1547 2097 absorbear
1592 2056 1623 2095 a
1673 2050 1868 2095 morte.
1910 2041 2155 2106 Domine,
2211 2058 2340 2095 num

775 2133 892 2187 sola
923 2148 1022 2202 ego
1051 2149 1216 2203 super
1249 2142 1446 2188 terram
1474 2131 1775 2202 peccatrix,
1798 2131 1941 2201 quod
1967 2132 2020 2185 in
2050 2142 2156 2185 tam
2188 2148 2345 2186 seve-

774 2238 894 2276 ium
925 2223 1163 2277 adducar
1190 2223 1493 2293 judicium?
1518 2221 1679 2277 Certe
1728 2238 1834 2276 non
1886 2235 1986 2292 ego
2035 2222 2189 2291 pejor
2223 2237 2344 2275 sum

772 2316 1080 2382 meretrice,
1111 2332 1273 2386 quam
1318 2315 1608 2385 suscepisti
1645 2315 1741 2369 tibi
1788 2325 2063 2384 unguenta
2111 2315 2346 2368 aﬂ‘eren-

773 2416 905 2460 tem.
952 2406 1032 2462 Me
1067 2423 1197 2463 vero
1241 2407 1670 2462 infelicissimam
1710 2416 1765 2462 et
1802 2407 2083 2462 oculorum
2117 2406 2343 2472 lumine,

770 2511 827 2554 ct
859 2502 1140 2572 unigenito
1186 2502 1298 2557 filio
1330 2503 1558 2573 privasti
1587 2519 1600 2554 :
1638 2516 1816 2571 neque
1863 2502 2033 2555 ullubi
2066 2502 2230 2555 relata
2263 2510 2347 2556 est

772 2593 961 2647 salutis
986 2609 1131 2663 spes.

2447 1969 2542 2006 σου
2576 1952 2866 2020 ἀπ’ὲμοῦς
2918 1952 3025 2012 ἓως
3077 1951 3222 2013 τίνος
3271 1950 3510 2019 θήσομαι
3561 1949 3782 2018 βουλὰς
3828 1951 3887 1999 ἐν
3919 1950 4020 2013 4.3

2449 2061 2574 2114 μου,
2605 2043 2795 2106 ὀδύνας
2825 2046 2881 2096 ἐν
2907 2041 3108 2114 καρδίᾳ
3133 2058 3233 2110 μου
3258 2041 3471 2110 ἡμέρας
3500 2041 3602 2091 καὶ
3635 2040 3851 2100 νυκτός
3876 2055 3890 2100 ;
3920 2039 4024 2088 Ἐπὶ-

2446 2136 2665 2205 6λεψον,
2682 2137 3023 2197 εἰσάκουσον,
3056 2132 3276 2203 ἐλέησόν
3303 2149 3392 2201 με,
3409 2131 3586 2202 Κύριε
3609 2134 3639 2182 ό
3656 2131 3805 2192 Θεὸς
3829 2147 3942 2197 μου,
3961 2147 4026 2178 n-

2450 2229 2684 2296 φώτισον
2713 2229 2841 2290 τοὺς
2869 2225 3180 2296 ὀφθαλμούς
3216 2242 3316 2294 μου
3339 2265 3353 2288 ,
3393 2227 3465 2293 μή
3501 2239 3638 2274 ποτε
3675 2222 3796 2273 ὑπὲρ
3839 2221 3931 2286 τῆς
3959 2238 4024 2269 :2-

2456 2318 2773 2388 ρισσοτέρας
2807 2316 2982 2386 λύπης
3015 2317 3109 2368 καί⁵
3137 2315 3329 2382 ὀδύνης
3348 2311 3660 2366 καταποθῶ
3688 2315 3780 2374 εἰς
3814 2310 4022 2363 θάνατε-ε.

2455 2410 2648 2480 Κύριε,
2679 2408 2754 2480 μὴ
2801 2409 2938 2478 μόνη
2994 2405 3106 2474 ἐγὼ
3138 2407 3231 2459 ἐπὶ
3267 2408 3365 2475 τῆς
3409 2405 3512 2473 γῆς
3546 2405 3902 2474 ἁμαρτωλὸς
3930 2420 4024 2466 τιτ-

2454 2503 2601 2572 χάνω
2624 2542 2638 2565 ,
2670 2502 2752 2554 ὅτι
2783 2501 2877 2564 τὰς
2910 2501 3068 2564 δίκας
3093 2498 3296 2562 ταύτας
3325 2500 3690 2570 δρυμυτάτας
3733 2499 4025 2567 εἰσ-πράττη-

2455 2607 2592 2660 μαι;
2626 2591 2994 2659 Δὲσποτα,’μὴ
3021 2589 3220 2658 χείρων
3244 2589 3359 2658 εἰμί
3387 2591 3484 2658 τῆς
3518 2589 3770 2659 πόρνης,
3801 2589 3870 2655 ἦν
3900 2603 4024 2655 πρισ-

772 2685 937 2750 εδέξω
975 2687 1147 2756 μύρον
1177 2704 1258 2740 σοι
1286 2684 1783 2758 προσκομΞζουσαν,
1820 2687 1918 2758 ἐμὲ
1955 2687 2010 2740 δὲ
2036 2686 2134 2756 τὴν
2159 2684 2503 2754 ταλαίπωρον
2531 2684 2699 2753 μόνην
2731 2683 2826 2736 κιιί⁵
2895 2682 2956 2734 τὸ
3016 2681 3131 2748 φῶς
3196 2683 3520 2754 ἐστέρησας,
3593 2682 3697 2733 καὶ
3751 2680 3851 2732 τὸν
3903 2696 4023 2747 μεντ-

771 2779 906 2847 γενῆ
936 2796 1036 2848 μου
1064 2779 1180 2831 υἰὸν
1211 2779 1426 2840 ἔλαϐες,
1455 2779 1546 2831 καὶ
1571 2780 1671 2831 οὐκ
1703 2780 1847 2832 ἔστιν
1882 2781 1970 2849 μοί
2002 2779 2169 2832 ποθεν
2195 2778 2354 2840 ἐλπὶς
2395 2776 2693 2846 σωτηρίας.

845 2870 931 2922 15.
973 2868 1090 2922 Tali
1128 2880 1345 2937 tamque
1391 2869 1765 2923 inconsolabili
1795 2869 1849 2922 in
1885 2869 2031 2922 luct
2067 2883 2190 2922 cum
2225 2884 2351 2937 per—

773 2968 1051 3014 severaret
1085 2960 1318 3024 misera,
1351 2960 1603 3029 apparuit
1636 2960 1931 3014 dormienti
1961 2960 2020 3013 Β.
2052 2959 2349 3029 Longinus,

772 3058 830 3104 et
856 3050 1115 3118 quidquid
1148 3051 1290 3103 circa
1321 3066 1380 3106 se
1412 3061 1620 3121 gestum
1651 3061 1797 3105 esset
1825 3052 2002 3106 eidem
2034 3053 2350 3106 manifesta-

773 3143 894 3194 vit:
931 3143 1039 3210 Ego
1065 3183 1077 3204 ,
1114 3143 1400 3210 inquiens,
1451 3142 1734 3208 Longinus
1780 3144 2030 3198 centurio
2079 3160 2221 3209 smn,
2259 3145 2352 3212 qui

774 3233 877 3286 sub
909 3249 1071 3288 cruce
1101 3234 1388 3287 Dominum
1418 3233 1601 3287 .lcsum
1636 3233 1912 3288 Christum
1944 3250 2072 3288 vere
2124 3234 2217 3288 Dei
2263 3235 2351 3288 Fi-

2527 2873 2616 2934 ιγ’.
2652 2868 2739 2930 Ὠς
2770 2866 2826 2919 δὲ
2866 2862 2935 2936 ἦν
2960 2867 3020 2919 ἐν
3054 2865 3220 2937 πολλῇ
3267 2863 3442 2933 θλίψει
3486 2864 3584 2916 καὶ
3620 2865 4026 2933 ἀπαραμυθῆτιςο

2453 2961 2660 3027 πένθει,
2695 2963 2942 3031 φαίνεται
2977 2963 3114 3032 αὐτῇ
3146 2961 3271 3014 καθ’
3294 2960 3460 3013 ῦπνον
3482 2961 3511 3010 ὁ
3541 2960 3843 3030 μακάριος
3864 2963 4024 3026 Λογγῖ-

2455 3071 2564 3118 νος,
2589 3054 2680 3107 καί⁵
2713 3053 2894 3108 πάντα
2923 3055 3062 3124 αὐτῇ
3089 3054 3156 3106 τὰ
3188 3052 3307 3106 καθ’
3331 3053 3526 3106 ἑαυτὸν
3553 3052 3903 3122 διηγήσατο.
3923 3055 3986 3118 Ἐῖ
4013 3056 4021 3101 ⁷.

2454 3148 2591 3216 εἰμι,
2622 3147 2822 3214 λέγων,
2853 3149 3114 3214 Λογγῖνος
3142 3147 3170 3197 ὁ
3204 3145 3648 3214 Ἐκατόνταρχος
3667 3186 3682 3210 ,
3728 3147 3761 3196 ὁ
3794 3148 4023 3210 6.9.0127;-

2457 3255 2556 3301 σας
2591 3239 2682 3290 ἐπὶ
2719 3238 2816 3290 τοῦ
2853 3237 3088 3308 σταυροῦ
3122 3238 3212 3289 τὸν
3248 3239 3450 3307 Κύριον
3485 3237 3652 3306 ἡμῶν
3692 3237 4026 3305 Ἰησοῦ-κλμ·

777 3323 907 3376 lium
955 3339 1075 3378 esse
1121 3324 1416 3379 confitebar
1448 3342 1461 3377 :
1495 3336 1682 3378 notum
1728 3327 1890 3395 igitur
1933 3325 2006 3379 sit
2039 3326 2169 3388 tibi,
2205 3326 2349 3395 quod

2455 3329 2601 3392 στὸν,
2636 3330 2718 3381 ὅτι
2744 3328 2961 3399 ἀληθῶς
3004 3327 3138 3380 Θεοῦ
3176 3327 3290 3390 υἱός
3317 3329 3467 3379 ἐστιν
3500 3319 3700 3389 οὗτοςο
3757 3330 3888 3381 ὅθεν
3926 3332 4019 3379 ἀπ’.

775 3412 981 3466 l’ilatus
1020 3414 1140 3467 falsi
1186 3414 1430 3468 criminis
1460 3431 1547 3468 me
1577 3431 1838 3470 accusans
1869 3415 2140 3469 Caesarem
2181 3417 2351 3469 inter-

775 3505 1016 3572 pellavit.
1051 3505 1210 3574 cujus
1255 3506 1408 3574 jussu
1457 3516 1725 3560 resectum
1779 3506 1911 3559 mihi
1962 3516 2127 3576 caput
2169 3515 2271 3565 est.
2299 3516 2354 3560 et

776 3596 885 3650 huc
915 3597 1172 3662 delatum,
1201 3607 1364 3668 atque
1389 3607 1540 3651 extra
1573 3597 1854 3651 civitatem
1888 3598 2191 3666 projectum
2223 3611 2353 3650 con-

779 3689 1081 3742 ferentibus
1116 3689 1169 3742 in
1207 3689 1310 3742 hoc
1357 3689 1535 3758 ipsum
1571 3689 1830 3757 pecunias
1858 3688 2168 3742 Judaeorum
2216 3703 2352 3756 pue-

2454 3416 2714 3468 καλύπτω
2761 3432 2864 3479 σοι,
2901 3417 2980 3468 ὅτι
3011 3415 3244 3476 Πιλάτος
3269 3415 3390 3467 κατ’
3417 3414 3553 3484 ἐμοῦ
3586 3415 3785 3484 ψευδῆ
3819 3418 4008 3485 δημητπ

2457 3508 2628 3576 ρήσας
2659 3505 2895 3576 ἐρεθίζει
2926 3505 3019 3558 τὸν
3050 3506 3323 3574 Καίσαρα,
3349 3506 3444 3557 καὶ
3473 3506 3800 3574 ἀποτέμνει
3835 3527 3927 3576 μου
3954 3525 4028 3570 ττι

2457 3594 2717 3664 κεφαλὴν,
2754 3593 2846 3646 καὶ
2878 3592 3108 3646 ἐνταῦθα
3145 3593 3380 3660 κομίζει,
3418 3593 3514 3645 καὶ
3545 3594 3753 3662 ῥίπτει
3812 3596 3913 3660 ἔξω
3955 3596 4025 3658 si;

2455 3685 2684 3750 πόλεως,
2705 3685 2968 3738 Ἰουδαίων
3000 3684 3057 3737 δὲ
3101 3685 3288 3746 παῖδες
3314 3685 3388 3756 (8)
3433 3685 3759 3754 χρημάτων
3808 3687 3913 3755 ὠνῇ
3959 3703 4027 3734 1::

777 3779 874 3831 ris.
911 3777 1024 3832 Sub
1055 3777 1395 3847 sterquilinio
1437 3779 1619 3848 itaque
1667 3779 1939 3848 sepultum
1988 3777 2116 3830 illud
2158 3786 2262 3841 est,
2295 3786 2349 3830 ut

2454 3775 2612 3828 τοῦτο
2661 3777 3068 3845 συνεφώνησαν.
3111 3776 3332 3847 Κόπρος
3379 3775 3560 3830 τοίνυν
3615 3777 3868 3846 πλείστη
3917 3778 4024 3840 ait?

777 3869 872 3922 tibi
900 3881 1209 3922 servaretur
1249 3885 1367 3923 sors
1399 3869 1486 3923 illa
1516 3871 1582 3924 ad
1617 3871 1905 3924 sanitatem
1939 3869 2296 3938 plurimorum
2336 3886 2348 3921 :

775 3960 957 4012 statim
994 3961 1194 4028 quippe
1224 3975 1288 4015 ac
1320 3961 1644 4015 revelaveris
1674 3960 1970 4014 indicatum
2002 3960 2095 4013 tibi
2126 3961 2350 4014 thesau-

775 4067 898 4103 rum
925 4092 937 4115 ,
965 4051 1152 4104 oculos
1190 4059 1311 4105 tuos
1341 4053 1574 4122 recipies
1599 4092 1614 4117 ,
1649 4052 1847 4106 deinde
1883 4063 1937 4106 et
1986 4068 2215 4120 puerum
2254 4051 2350 4104 tibi

775 4140 958 4192 vivum
995 4139 1181 4194 sistam
1205 4155 1330 4195 cum
1358 4141 1549 4210 gloria,
1585 4141 1731 4197 unde
1763 4158 1873 4197 non
1905 4142 2178 4196 mediocre
2209 4141 2352 4197 sola-

775 4247 900 4285 men
930 4230 1108 4286 luctus
1141 4241 1266 4286 tuus
1290 4233 1543 4303 accipiet.

844 4321 932 4375 14.
974 4321 1198 4376 Talibus
1247 4325 1430 4378 verbis
1480 4325 1758 4378 consolata
1805 4323 1966 4378 simul
2001 4333 2056 4378 et
2098 4326 2348 4379 roborata

773 4412 993 4476 mulier,
1029 4422 1218 4482 utpote
1261 4414 1435 4468 fidelis
1471 4431 1581 4468 non
1615 4417 1796 4469 minus
1851 4430 2013 4484 quam
2062 4429 2347 4484 generosa,

774 4503 932 4573 petiit
961 4504 1028 4558 ad
1055 4505 1234 4560 locum
1273 4505 1492 4570 diduci,
1527 4507 1582 4559 in
1611 4522 1772 4576 quem
1800 4507 2072 4575 deportari
2106 4505 2290 4558 timum
2319 4518 2349 4557 a

2455 3867 2813 3936 σεσώρευται,
2845 3867 2987 3920 ὥστε
3034 3885 3116 3920 σοι
3166 3867 3273 3920 ἔδει
3321 3868 3674 3938 φυλαχθῆναι
3709 3869 3812 3921 τὸν
3861 3869 4028 3936 adﬁgi

2453 3959 2642 4011 τοῦτον
2674 3961 2810 4030 πρὸς
2839 3959 3117 4028 ἰατρείαν⁶
3147 3959 3264 4029 ἃμα
3295 3962 3404 4028 γὰρ
3437 3959 3612 4029 αὐτὴν
3647 3962 4027 4027 ἁνακαλύᾲεξ.

2451 4050 2578 4112 τοὺς
2605 4049 2916 4119 ὀφθαλμούς
2948 4066 3039 4101 σου
3070 4049 3361 4119 ἀπολήψει,
3380 4048 3476 4101 εἷθ’
3499 4049 3682 4112 οὕτως
3713 4054 4029 4119 παραστῆτε

2457 4157 2540 4192 σοι
2570 4139 2664 4192 καὶ
2691 4139 2782 4192 τὸν
2814 4139 2982 4192 παῖδα
3006 4138 3187 4202 ζῶντα
3220 4139 3358 4209 μετὰ
3386 4139 3566 4204 δόξης,
3593 4140 3680 4192 ὅτι
3718 4157 3821 4192 σου
3853 4140 3911 4192 τὸ
3931 4140 4030 4191 πεν-

2452 4232 2542 4294 θος
2575 4233 2636 4284 οὐ
2668 4230 2900 4301 μετρίως
2922 4231 3318 4301 παρακαλέσει.

2523 4321 2606 4377 ιδ’.
2647 4323 2872 4385 Τούτοις
2898 4319 2990 4376 οῦν
3021 4325 3135 4386 τοῖς
3163 4323 3342 4391 λόγοις
3372 4321 3817 4391 παρακληθεῖσα
3838 4325 3870 4393 ὴ
3894 4324 4028 4390 fni.

2451 4415 2587 4484 ὁμοῦ
2614 4416 2707 4468 καὶ
2740 4414 3077 4484 νευρωθεῖσα
3105 4412 3182 4476 ὡς
3213 4413 3436 4483 ἀνδρεία
3463 4414 3558 4464 καὶ
3591 4414 3800 4482 πιστὴ,
3830 4416 3958 4483 apt;
3990 4414 4031 4462 τὲ

2452 4505 2612 4575 ἔργον
2643 4504 2923 4574 ἠπείγετο,
2958 4503 3435 4574 χειραγωγηθεῖσα
3460 4503 3599 4574 πρὸς
3632 4504 3736 4555 τὸν
3765 4506 3960 4574 χῶρον,
3991 4505 4030 4551 ὲ·-

775 4594 892 4647 suis
919 4594 1243 4649 ductoribus
1278 4595 1500 4656 dedicit.
1535 4597 1628 4666 qui
1679 4605 1732 4651 et
1780 4595 1879 4666 ipsi
1925 4595 2107 4650 fideles
2141 4603 2294 4649 erant
2331 4613 2344 4648 ε

2454 4589 2494 4662 ᾧ
2544 4594 2748 4662 κόπρον
2792 4595 3134 4666 σωρευθῆναι
3176 4593 3476 4662 ἐμάνθανεν
3512 4594 3671 4666 παρὰ
3725 4595 3840 4646 τῶν
3888 4596 4032 4658 uitii-o-

772 4699 1011 4753 cumque
1059 4700 1128 4739 eo
1176 4685 1525 4748 advenisset,
1577 4686 1837 4740 continuo
1885 4687 2052 4755 coepit
2097 4686 2349 4739 manibus

772 4776 1044 4844 scalpere,
1086 4784 1142 4831 et
1173 4775 1267 4831 Dei
1297 4787 1491 4846 agente
1532 4778 1874 4848 providentia
1908 4779 2158 4833 celeriter
2193 4795 2349 4847 repe-

772 4866 846 4920 rit
889 4867 1255 4920 venerandum
1303 4877 1486 4937 caput,
1515 4877 1569 4921 et
1603 4869 1732 4922 solis
1761 4867 1941 4922 radios
1985 4868 2177 4922 intuita
2213 4879 2297 4923 est
2335 4888 2347 4923 :

774 4956 952 5025 ipsum
984 4973 1114 5011 vero
1148 4958 1517 5027 complectens
1547 4973 1608 5012 ac
1639 4959 1880 5012 studiose
1905 4958 2132 5013 abluens
2157 4969 2212 5014 et
2247 4977 2348 5014 un-

773 5047 988 5116 guentis
1021 5048 1282 5102 condiens
1313 5050 1568 5119 pretiosis
1591 5089 1606 5114 ,
1643 5065 1885 5120 regressa
1923 5060 2006 5104 est
2055 5049 2107 5103 in
2159 5051 2348 5106 civita-

771 5149 904 5204 tem,
940 5154 1126 5194 secum
1156 5141 1210 5196 in
1237 5157 1398 5197 suum
1450 5142 1748 5213 hospitium
1781 5143 2034 5198 deferens
2058 5143 2350 5198 inaestima-

772 5229 880 5285 bile.
930 5233 1302 5301 margaritum.
1341 5233 1510 5288 Nocte
1560 5250 1691 5288 vero
1741 5235 1991 5304 sequenti
2047 5250 2262 5288 rursum
2299 5235 2347 5289 ei

773 5331 994 5377 sanctus
1034 5323 1310 5395 Longinus
1339 5327 1543 5390 astitit,
1573 5328 1638 5381 ad
1684 5328 1821 5381 latus
1853 5342 2008 5380 suum
2044 5326 2250 5380 habens
2283 5326 2346 5378 il-

773 5410 880 5464 lius
913 5409 1079 5466 filium
1115 5413 1462 5483 splendidum
1493 5431 1554 5470 ac
1581 5415 1955 5470 subridentem
1985 5426 2040 5471 et
2065 5416 2204 5469 velut
2245 5431 2344 5468 uu-

2450 4686 2789 4756 ὁδηγούντων
2813 4725 2827 4751 ,
2863 4686 2958 4738 καὶ
2988 4685 3170 4738 αὐτῶν
3197 4685 3404 4738 πιστῶν
3428 4684 3603 4737 όντων
3625 4701 3637 4713 ·
3674 4685 3790 4755 ήδη
3824 4687 3882 4738 δὲ
3915 4687 4031 4753 96:-

2453 4780 2664 4833 σάντων
2699 4779 2781 4841 εἰς
2811 4777 2904 4831 τδν
2935 4777 3297 4848 προκείμενον
3320 4777 3504 4841 τόπον,
3524 4776 3772 4847 ἄρχεται
3800 4779 4034 4846 ὀρύσσειν

2451 4873 2567 4934 ταῖς
2595 4869 2752 4932 ἰδίαις
2773 4869 2990 4939 χερσίνο
3016 4868 3138 4921 ὅθεν
3161 4867 3390 4938 προνοίᾳ
3411 4867 3548 4919 Θεοῦ
3579 4869 3785 4936 τάχιον
3817 4867 4035 4937 εὑροῦσι

2453 4963 2553 5032 τὴν
2581 4963 2771 5032 τιμίαν
2797 4961 2877 5032 τῷ
2908 4961 3030 5032 Θεῷ
3061 4960 3304 5030 κεφαλὴν
3325 5001 3341 5026 ,
3375 4960 3731 5030 παραχρῆμα
3763 4960 3870 5023 τὰς
3905 4962 4036 5028 {31:1-

2458 5054 2559 5116 κὰς
2607 5056 2833 5117 ἀκτῖνας
2877 5053 3160 5109 ἐθεάσατο.
3192 5051 3655 5124 Περιπτυξαμὲνη
3690 5051 3754 5104 δὲ
3786 5056 3885 5105 καὶ
3922 5052 4034 5104 τελῇ.

2459 5163 2597 5199 νασα
2628 5146 2768 5216 μετὰ
2798 5147 2978 5218 πάσης
3016 5146 3273 5216 σπουδῆς,
3305 5145 3400 5198 καὶ
3427 5145 3624 5216 μύροις
3652 5145 3914 5214 ἐντίμοις
3959 5147 4035 5195 ἐτι

2456 5237 2748 5306 αλείψασα,
2781 5238 3143 5308 ἐπανέρχεται
3167 5237 3258 5290 ἐπὶ
3298 5236 3399 5307 τὴν
3431 5236 3622 5300 πόλιν,
3658 5237 3920 5306 φέρουσα,
3967 5236 4032 5284 τέ,

2453 5330 2633 5398 τίμιον
2677 5330 2770 5384 καὶ
2798 5330 2996 5383 ἄσυλον
3030 5328 3377 5398 μαργαρίτην
3399 5368 3413 5392 ,
3447 5326 3576 5378 ἔνθα
3605 5325 3915 5392 ἐξενίζετο.
3950 5328 4034 5378 5::

2452 5421 2515 5491 δὴ
2545 5423 2609 5490 τῇ
2642 5421 2869 5490 ἐπιούσῃ
2903 5420 3058 5473 νυκτί
3088 5420 3248 5473 πάλιν
3280 5418 3508 5480 ἐπιστὰς
3535 5418 3680 5486 αὑτῇ
3711 5419 3744 5470 ό
3780 5420 4032 5486 paxing

2276 5593 2507 5648 NOT/E.

842 5680 914 5746 (Ri
960 5681 1168 5736 [sitato
1199 5682 1526 5739 Hellenisqu
1560 5703 1655 5756 pro
1689 5686 1880 5740 Curris
1916 5687 2044 5756 ipsis
2084 5705 2091 5739 :

773 5763 955 5812 (tam,
997 5763 1100 5807 etc.

2133 5687 2205 5741 sic
2273 5687 2378 5742 τῶν
2424 5691 2621 5759 ἰατρῶν
2658 5689 2872 5750 παῖδες,
2933 5689 3116 5741 medici
3167 5698 3322 5746 sunt.

3395 5687 3653 5757 7pa;éwv
3703 5689 3896 5751 παῖδες
3924 5731 3935 5751 _.
3966 5692 4025 5752 F-
