4142 6436
179 354 291 418 1557

1283 336 1342 393 S.
1379 329 1701 392 LONGINl
1736 321 2214 385 MARTYRIUM.

3243 311 3376 381 1558

168 467 391 533 Λογγῖνος
450 458 587 529 ἔχων
634 454 723 508 τὸν
773 452 941 519 αὐτῆς
992 450 1105 502 υἱον
1155 447 1304 516 παρὰ
1351 446 1449 511 τὴν
1500 439 1741 497 ὲαυτοῦλ

1842 436 2017 489 tialem
2049 444 2253 486 vestem
2289 431 2561 490 indutum,
2598 427 2688 497 qui
2722 436 2774 481 et
2800 425 2933 480 dixit
2972 445 2984 479 :
3015 425 3228 493 Mulier,
3251 443 3378 482 eccc

168 555 398 624 πλευράν,
434 548 684 618 λαμπρὸν
730 546 822 598 καὶ
869 541 1189 611 μειδιῶντα,
1219 542 1313 590 καὶ
1347 538 1537 602 ῶσπερ
1567 551 1700 602 νυμ-

163 649 276 714 φὶου
304 642 484 712 στολὴν
519 639 730 708 ἔχοντα,
766 635 916 701 λέγει
964 631 1097 702 πρὸς
1145 631 1312 697 αὑτήν
1334 643 1347 656 '
1382 627 1568 685 Γύναι,
1605 624 1701 686 ἴδε,

161 739 214 788 ὃν
238 735 458 795 ἐπόθεις,
491 726 643 792 οὗτός
673 730 820 781 ἐστιν
849 727 876 776 6
908 724 1203 795 μονογενής
1233 738 1324 773 σου
1356 717 1490 779 υίὸς,
1519 717 1577 768 ὃν
1609 717 1706 784 ἁρ-

164 827 413 893 πασθῆναι
440 822 546 876 τῶν
587 819 694 874 σῶν
730 817 928 888 χειρῶν
958 815 1242 883 ἐνόμισας·
1280 811 1412 874 Θεὸς
1457 808 1511 861 δὲ
1545 807 1706 860 αὑτὸν

160 914 511 985 ἐλευθερώσας
540 913 604 965 ὲκ
634 910 785 963 τοῦδε
831 905 926 960 τοῦ
977 903 1215 974 φθαρτοῦ
1251 905 1342 955 καὶ
1373 899 1707 971 προσκαίρου

159 1009 270 1078 βίου
312 1008 387 1067 είς
431 1003 531 1073 τὴν
580 1001 691 1054 ἄνω
726 996 1001 1069 βασιλείαν
1045 993 1426 1063 ἐστράτευσεν.
1458 989 1566 1042 Καὶ
1617 987 1711 1039 νῦν

160 1100 254 1150 σὺν
288 1098 403 1166 ἐμοὶ
433 1095 541 1165 ἔχω
572 1093 755 1154 αὑτὸν,
789 1089 939 1158 παρὰ
963 1087 1070 1157 γὰρ
1104 1086 1200 1139 τοῦ
1233 1085 1482 1153 Σωτῆρος
1522 1080 1712 1134 ἔλαϐον

157 1189 312 1241 αὑτὸν
332 1226 345 1248 ,
373 1185 463 1238 καὶ
493 1184 592 1252 τῆς
624 1183 762 1251 ἐμῆς
806 1179 984 1243 δεξιᾶς
1019 1177 1275 1230 οὐδέποτε
1325 1174 1712 1249 ἀποστήσεται.

159 1279 319 1330 Ὅθεν
345 1276 523 1328 τοίνυν
551 1271 791 1326 λαϐοῦσα
821 1271 921 1339 τὴν
953 1269 1090 1338 ἐμὴν
1120 1267 1360 1336 κεφαλὴν
1391 1262 1594 1317 καὶτοῦ
1622 1261 1715 1314 σοῦ

158 1368 343 1429 παιδὸς
372 1367 430 1418 τὸ
463 1365 619 1435 σῶμα
645 1365 703 1415 ὲν
729 1363 825 1431 μιᾷ
847 1360 1077 1430 λάρνακι
1108 1358 1369 1426 παράδος,
1402 1356 1496 1408 καὶ
1524 1354 1718 1424 μηκέτι

153 1459 244 1509 τὸν
269 1457 527 1526 μονογενῆ
554 1472 646 1508 σου
673 1455 786 1506 υἱὸν
812 1452 1015 1521 δάκρυε
1036 1467 1050 1481 ο
1079 1449 1287 1519 μεγάλη
1318 1448 1426 1517 γὰρ
1454 1446 1602 1515 αὐτῷ
1625 1447 1720 1498 σὺν

155 1553 276 1620 ἐμοὶ
325 1551 448 1613 δόξα
482 1548 783 1618 δεδώρηται
822 1545 973 1615 παρὰ
1007 1543 1100 1596 τοῦ
1137 1542 1515 1612 φιλανθρώπου
1561 1540 1718 1602 Θεοῦ,

155 1644 253 1694 aut
285 1642 460 1712 βωμὸς
489 1641 650 1711 ίερδς,
685 1639 779 1692 καὶ
809 1636 988 1690 θυσίαι
1020 1634 1277 1704 μυστικαὶ
1307 1634 1402 1686 καὶ
1423 1631 1725 1700 πολυύμνη-

154 1752 238 1786 τοι
271 1736 497 1802 χορεῖαι,
523 1731 617 1784 καὶ
647 1728 980 1797 πανηγύρεις
1006 1725 1301 1794 πάνδημοι,
1320 1723 1454 1776 ἄλλα
1473 1740 1532 1774 τε
1558 1720 1724 1774 πολλὰ

1809 543 1969 596 quem
1999 527 2232 580 dilexisti
2260 545 2272 579 :
2304 526 2405 579 iste
2436 534 2519 577 cst
2547 523 2686 575 liiius
2710 531 2836 575 tuus
2863 519 3199 589 unigenitus,
3219 535 3378 587 quem

1813 619 1907 672 tibi
1959 626 2208 687 ereptum
2262 617 2597 670 arbitrabare
2631 633 2643 668 :
2680 629 2803 667 cum
2836 611 2980 667 Deus
3006 612 3075 665 ab
3113 612 3215 666 bac
3263 626 3381 666 mo—

1811 719 2096 763 mentanea
2146 724 2209 763 ac
2257 708 2496 778 peritura
2547 707 2838 759 liberatum
2886 705 3017 766 vita.
3051 704 3106 756 in
3156 718 3381 772 regnum

1813 802 2073 856 caelorum
2118 817 2241 856 eum
2274 799 2604 868 ascripserit.
2635 798 2702 851 Et
2749 813 2896 851 nunc
2945 813 3158 852 mecum
3212 795 3386 850 habeo

1814 895 1966 948 illum
2013 912 2026 948 :
2065 909 2092 946 a
2141 891 2423 945 Salvatore
2479 889 2625 943 enim
2673 889 2854 958 accepi
2905 888 3077 948 illum,
3129 902 3304 956 neque
3357 902 3384 938 a

1815 986 2034 1039 dextera
2087 999 2205 1038 mea
2249 997 2485 1051 unquam
2528 979 2764 1033 recedet.
2808 979 2976 1048 Igitur
3007 986 3170 1046 caput
3210 991 3387 1028 meum

1819 1077 2090 1144 acc'piens
2114 1117 2126 1138 ,
2165 1084 2220 1128 et
2257 1091 2380 1129 cum
2426 1073 2519 1127 ﬁlii
2558 1072 2632 1126 tui
2665 1085 2895 1140 corpore
2926 1084 3089 1123 unam
3122 1069 3174 1120 in
3209 1082 3388 1119 arcam

1821 1167 2082 1228 condens,
2129 1165 2274 1219 haud
2302 1164 2535 1232 amplius
2562 1163 2709 1230 plora
2742 1161 2889 1215 velut
2918 1160 3200 1222 amissum,
3233 1157 3320 1212 cui
3365 1174 3391 1208 ιι

1821 1257 2244 1312 clementissimo
2268 1256 2375 1309 Deo
2399 1269 2592 1324 magna
2622 1268 2834 1308 mecum
2859 1252 3056 1304 donata
3088 1258 3170 1302 est
3203 1248 3393 1316 gloria,

1825 1358 1884 1402 ut
1903 1357 1955 1401 et
1986 1349 2156 1400 altare
2176 1355 2231 1399 et
2257 1344 2480 1416 mystica
2509 1342 2775 1397 sacriﬁma
2806 1351 2860 1394 et
2891 1339 3138 1393 celebres
3160 1337 3395 1395 choreae.

1825 1447 1881 1491 et
1914 1435 2187 1506 populosae
2227 1434 2545 1494 conciones.
2573 1441 2629 1487 et
2680 1433 2783 1486 alia
2835 1431 3012 1484 adhuc
3063 1427 3296 1498 plurima
3347 1427 3397 1480 ei

1828 1542 2039 1581 mecum
2073 1525 2409 1586 deferantur,
2434 1525 2632 1594 quibus
2662 1524 2714 1577 in
2747 1533 2888 1577 terra
2923 1520 3030 1575 frui
3063 1535 3168 1574 non
3193 1519 3398 1587 poluis-

1829 1627 1912 1672 set
1945 1635 1956 1668 :
1989 1616 2130 1684 quod
2177 1632 2306 1671 vero
2358 1617 2411 1669 in
2465 1616 2617 1670 omlis
2649 1613 2808 1668 nobis
2841 1611 3249 1682 praeparaverit,
3290 1624 3401 1662 non

1831 1710 1997 1762 verbo
2027 1709 2310 1769 duntaxat,
2348 1707 2441 1761 sed
2479 1708 2656 1776 reipsa
2675 1720 2833 1761 suum
2869 1718 2994 1772 erga
3035 1716 3133 1754 nos
3164 1715 3402 1754 amorem

153 1825 294 1890 πρὸς
324 1823 530 1884 τούτοις
553 1863 566 1884 ,
600 1820 636 1874 ἃ
675 1820 735 1872 ού
765 1817 988 1871 δυνατὸν
1017 1816 1109 1868 ἐπὶ
1143 1816 1245 1882 τῆς
1276 1814 1380 1883 γῆς
1410 1811 1684 1866 τελεῖσθαι
1707 1827 1721 1841 ο

1842 1801 2110 1854 ieclarans
2143 1801 2313 1864 Deus,
2356 1801 2408 1855 id
2444 1815 2574 1854 vero
2607 1813 2784 1866 neque
2822 1796 3012 1849 oculus
3041 1793 3194 1853 vidit,
3228 1806 3403 1859 neque

156 1916 216 1966 ὲν
269 1911 477 1982 οὐρανῷ
525 1911 582 1964 δὲ
626 1910 662 1965 ἃ.
713 1908 988 1978 ὀφθαλμὸς
1020 1905 1120 1959 οὐκ
1150 1900 1309 1968 οίδεν,
1345 1904 1438 1958 καὶ
1490 1899 1583 1965 οὖς
1631 1902 1728 1954 οὐκ

156 2006 414 2071 ἤκουσεν,
446 2001 567 2056 οὐδὲ
622 2002 716 2054 ἐπὶ
766 1999 1002 2070 καρδίαν
1058 1996 1345 2069 ἀνθρώπου
1399 1996 1499 2048 οὐκ
1539 1992 1726 2061 ἀνέϐη,

159 2095 305 2162 άπερ
326 2094 454 2162 ἡμῖν
484 2093 512 2144 6
544 2089 676 2151 Θεὸς
706 2090 802 2159 (9),
833 2090 978 2160 ἔργῳ
1005 2088 1101 2142 καὶ
1133 2087 1274 2156 λόγῳ
1299 2088 1396 2154 τὴν
1426 2084 1562 2155 πρὸς
1585 2084 1731 2153 ἡμᾶς

160 2180 536 2249 ἐνδειξάμενος
564 2180 809 2247 ἀγάπην,
841 2176 1276 2248 παρεσκεύασεν.

235 2278 314 2326 ιε’.
355 2272 588 2333 Τούτους
627 2275 752 2333 τοὺς
795 2270 987 2337 λόγους
1022 2270 1054 2337 ἡ
1086 2269 1178 2320 τοῦ
1209 2265 1496 2319 νεανίσκου
1550 2266 1732 2334 μήτηρ

158 2363 234 2426 ὡς
266 2363 686 2433 Ἰεροπροφήτου
734 2360 1002 2430 δεξαμένη
1055 2358 1483 2428 προστάγματα,
1533 2357 1734 2420 εὐθέως

159 2454 444 2506 ἀναστᾶσα
480 2453 558 2516 εἰς
602 2452 701 2515 τὴν
747 2451 981 2521 πατρίδα
1013 2449 1296 2520 ὥρμησεν·
1330 2447 1518 2500 ἔλαϐεν
1549 2446 1606 2500 δὲ
1641 2446 1735 2500 καὶ

162 2545 264 2612 τὴν
292 2544 556 2613 πάντιμον
583 2543 677 2595 καὶ
711 2541 864 2609 ἱερὰν
893 2539 1151 2609 κεφαλὴν,
1180 2537 1275 2590 τοῦ
1295 2537 1450 2603 ἁγίου
1474 2534 1734 2603 Λογγίνον

161 2632 455 2701 λείψανον,
511 2632 606 2684 κα)⁴
649 2631 881 2685 ἀπέθετο
931 2628 1169 2699 φαιδρῶς
1226 2627 1322 2680 καὶ
1377 2624 1690 2695 περιχαρῶς
1719 2666 1734 2689 ,

165 2721 350 2784 καθὼς
403 2722 539 2793 αὐτῇ
589 2719 924 2792 προσέταξεν
955 2723 982 2772 6
1014 2720 1164 2787 άγιος
1195 2719 1455 2784 Λογγῖνος
1485 2718 1541 2768 ὲν
1575 2713 1737 2786 κώμῃ

163 2814 432 2884 λεγομένῃ
463 2812 773 2883 Σανδράλης
808 2809 1038 2878 (ἐκεῖθεν
1071 2809 1178 2878 γὰρ
1205 2803 1272 2877 ἦν
1301 2807 1330 2858 ό
1362 2806 1512 2872 ἆγιος
1540 2807 1738 2873 Λογγῖ-

163 2905 280 2976 νος)
328 2906 462 2975 πρὸς
513 2905 712 2975 ἑαυτὴν
758 2899 1118 2970 άναφωνοῦσα
1151 2900 1245 2952 καὶ
1294 2896 1522 2964 λέγουσα
1567 2897 1624 2948 ὲν
1671 2898 1737 2967 τῇ

165 2997 388 3067 καρδίᾳ,
418 2997 511 3048 καὶ
539 2996 606 3065 τῇ
643 2993 855 3063 γλώττῃ
907 2990 1281 3061 κηρύττουσα·
1317 2985 1444 3041 Οἶδα
1501 2989 1630 3056 μὲν,
1661 2988 1740 3040 ὅτι

165 3092 283 3149 τοῖς
312 3086 565 3153 ἀγαπῶσι
611 3085 702 3137 τὸν
729 3084 881 3146 Θεὸν,
918 3084 1096 3135 πάντα
1126 3083 1376 3149 συνεργεῖ
1403 3081 1480 3142 εἰς
1508 3080 1568 3132 τὸ
1606 3080 1741 3148 ἀγα-

169 3177 641 3246 ῡὸν.’οφθαλμοὺς
674 3177 898 3244 ἐζήτουν
945 3173 1180 3243 σαρκὸς,
1215 3173 1312 3225 σὺν
1346 3173 1527 3233 αὐτοῖς
1562 3171 1617 3223 δὲ
1647 3172 1738 3222 καὶ

167 3269 296 3330 τοὺς
312 3267 405 3319 τοῦ
437 3267 750 3335 Πνεύματος
778 3263 966 3316 ἑλαϐον
985 3278 997 3290 ·
1025 3261 1212 3314 ἐλύπει
1239 3278 1306 3329 με
1332 3260 1504 3328 ζημία
1528 3260 1738 3325 τέκνου,

169 3358 286 3411 ἀλλ’
323 3357 428 3409 ἰδοὺ
458 3355 549 3408 τὸν
579 3353 914 3423 κληρονόμον
939 3353 1048 3421 ἔχω
1081 3352 1218 3421 μετὰ
1247 3352 1404 3421 δόξης
1433 3351 1739 3420 βασιλικῆς,

170 3449 251 3518 τῷ
300 3447 416 3517 Θεῷ
448 3447 890 3517 παριστάμενον·
923 3443 1342 3513 πορφυροφόρον
1392 3443 1480 3496 τὸν
1526 3443 1742 3497 νεανίαν

168 3537 381 3607 άναρῶ,
412 3535 801 3604 πολυευπρεπῆ
831 3533 1150 3587 κατοπτεύω
1171 3533 1263 3585 τὸν
1295 3532 1532 3603 μείρακα
1572 3534 1745 3585 Ἀστεο

171 3631 530 3700 ροπρόσωπος
561 3630 589 3681 6
622 3629 748 3690 παῖς
768 3665 782 3690 ,
813 3628 907 3678 καὶ
952 3627 1017 3696 τῇ
1072 3625 1241 3695 μητρὶ
1283 3624 1617 3694 προσγελῶν,
1653 3624 1746 3677 καὶ

173 3722 331 3790 παρὰ
362 3720 461 3790 τὴν
498 3719 738 3788 πλευράν
767 3716 1030 3785 Λογγίνου
1064 3715 1414 3784 ἀστράπτων,
1436 3714 1509 3777 ῶς
1531 3715 1748 3784 φωσφό-

173 3831 271 3882 ρος
304 3811 454 3881 παρὰ
476 3811 574 3880 τὴν
601 3809 833 3880 ἡλιακὴν
858 3809 1076 3870 ἀκτῖνα,
1112 3805 1372 3870 πολλάκις
1404 3807 1503 3876 μὲν
1531 3806 1747 3878 νύκτωρ

173 3904 438 3964 πολλάκις
485 3901 540 3953 δὲ
591 3901 709 3970 μεθ’
735 3899 948 3970 ἡμέραν
993 3898 1338 3968 φαινόμενος,
1370 3897 1466 3950 καὶ
1507 3897 1569 3949 οὐ
1617 3900 1750 3951 κατ’

168 3999 309 4065 ὂναρ
345 3997 527 4064 μόνον,
559 3993 697 4046 ἀλλὰ
729 3993 836 4061 μὴν
866 3991 960 4042 καὶ
989 3990 1240 4060 φανερῶς
1270 3988 1630 4059 ὲμφανίζεταί
1659 4007 1749 4059 μοι

173 4086 478 4158 μαρτύρων
507 4084 722 4154 τρόπῳ·
757 4081 958 4150 κλῆρος
987 4081 1046 4134 δὲ
1080 4079 1242 4134 αὐτοῦ
1270 4080 1408 4149 μετὰ
1433 4080 1746 4151 προφητῶν,

171 4180 359 4231 καίτοι
415 4175 529 4245 βίον
571 4173 680 4226 τῶν
714 4171 1006 4243 προφητῶν
1050 4171 1112 4224 οὐ
1154 4171 1413 4242 ζήσαντες
1467 4171 1562 4223 καὶ
1614 4175 1752 4240 μετὰ

170 4267 447 4334 Λογγίνου
485 4264 862 4332 σταυροφορεῖ,
892 4260 1071 4314 καὶτὸ
1097 4260 1293 4329 σεμνὸν
1317 4261 1418 4331 τῆς
1447 4262 1555 4314 τῶν
1588 4262 1751 4332 ούρα-

168 4359 287 4410 νῶν
320 4355 596 4426 βασιλείας
631 4353 952 4423 ἐπιφέρεται
982 4351 1262 4421 τρόπαιον,
1297 4352 1392 4405 καὶ
1420 4352 1622 4422 μεταξὺ
1651 4354 1753 4421 άγ-

1829 1892 1976 1948 auris
2006 1892 2232 1958 audivit,
2258 1907 2437 1961 neque
2470 1891 2525 1946 in
2555 1906 2649 1946 cor
2682 1887 2917 1944 hominis
2943 1900 3179 1956 unquam
3212 1896 3405 1938 ascen—

1830 1984 1927 2039 dit.

1903 2266 1990 2321 15.
2031 2266 2140 2321 llos
2170 2282 2450 2322 sermones
2497 2277 2558 2322 ut
2605 2267 2761 2336 pueri
2814 2273 2985 2321 mater
3030 2266 3254 2332 audivit,
3287 2274 3409 2318 tan-

1833 2373 1995 2428 quam
2030 2359 2072 2412 si
2103 2357 2268 2412 divini
2317 2359 2550 2427 alicuius
2579 2359 2859 2428 prophetae
2887 2358 3219 2426 suscepisset
3249 2371 3406 2409 man-

1834 2452 1985 2514 data,
2017 2451 2095 2505 sic
2124 2466 2460 2520 consurgens
2490 2450 2754 2504 continuo
2775 2450 2827 2503 in
2861 2450 3091 2520 patriam
3124 2448 3411 2511 remeavit,

1836 2549 1890 2595 et
1920 2549 2203 2608 acceptum
2226 2540 2396 2595 sancti
2432 2539 2658 2609 Longini
2690 2539 3004 2593 venerabile
3035 2547 3199 2608 caput
3221 2552 3412 2607 magna

1837 2645 1959 2684 cum
1988 2629 2171 2684 laetitia
2206 2639 2367 2700 atque
2402 2631 2692 2700 splendore
2723 2631 2984 2699 reposuit,
3017 2631 3158 2684 sicut
3194 2640 3416 2683 sanctus

1839 2720 2194 2775 mandaverat
2225 2719 2279 2774 it.
2313 2719 2472 2782 vico,
2505 2720 2595 2790 qui
2637 2718 2916 2774 Sandralis
2949 2721 3263 2773 nominatur
3293 2718 3363 2785 (g)
3401 2735 3414 2770 :

1841 2812 1988 2866 illinc
2025 2811 2170 2866 enim
2209 2812 2474 2866 oriundus
2508 2822 2624 2866 erat
2657 2821 2878 2866 sanctus
2909 2810 3184 2880 Longinus
3231 2829 3243 2862 :
3290 2808 3420 2860 sibi-

1839 2918 1946 2972 que
1977 2903 2093 2972 ipsa
2126 2902 2342 2958 dicebat
2375 2903 2427 2956 in
2456 2903 2641 2967 corde,
2691 2912 2747 2958 et
2792 2903 2979 2972 lingua
3009 2901 3128 2955 aliis
3161 2898 3422 2970 praedica-

1841 2994 1931 3047 bat
1971 3010 1983 3045 :
2029 2991 2184 3046 Nunc
2210 2993 2324 3047 scio
2350 3009 2478 3048 vere
2507 2993 2632 3063 quia
2667 2993 3014 3064 diligentibus
3042 2993 3210 3047 Deum
3241 2991 3422 3043 omnia

1844 3093 2206 3153 cooperantur
2239 3085 2289 3138 in
2325 3085 2555 3140 bonum.
2586 3085 2786 3142 Oculos
2809 3087 3118 3156 quaerebam
3144 3084 3338 3148 carnis,
3373 3090 3426 3138 ct

1846 3192 1969 3230 cum
2001 3177 2066 3232 iis
2109 3178 2271 3231 etiam
2311 3177 2486 3232 visum
2519 3179 2572 3232 in
2604 3179 2786 3233 anima
2819 3179 3154 3248 spiritualem
3195 3178 3375 3246 recepi
3409 3198 3421 3231 :

1847 3267 2033 3322 alﬂixit
2078 3283 2167 3321 me
2217 3269 2496 3324 calamitas
2535 3269 2649 3333 lilii,
2681 3277 2737 3324 et
2783 3284 2910 3324 ecce
2945 3270 3215 3323 hatredem
3249 3269 3426 3322 habeo

1848 3373 1972 3413 cum
2016 3358 2181 3429 gloria
2227 3359 2371 3429 regia
2408 3358 2517 3414 Deo
2547 3360 2892 3414 assistentem
2926 3379 2938 3414 :
2971 3361 3126 3415 video
3167 3360 3427 3430 juvenem

1850 3450 2099 3504 indutum
2129 3464 2365 3518 purpura
2397 3458 2453 3504 et
2479 3450 2650 3503 multo
2672 3450 2866 3506 decore
2891 3450 3234 3505 adornatum.
3269 3449 3428 3504 Side-

1851 3553 1946 3592 reo
1991 3538 2144 3592 vultu
2187 3540 2548 3607 resplendens
2600 3557 2737 3609 puer
2789 3557 2917 3596 ecce
2948 3550 3007 3595 ut
3035 3541 3194 3596 matri
3227 3542 3431 3596 arridet

1852 3644 1984 3695 sum,
2020 3637 2076 3683 et
2107 3630 2172 3684 ad
2213 3630 2354 3686 latus
2383 3630 2608 3703 Longini
2638 3632 2784 3687 velut
2812 3632 3006 3687 lucifer
3033 3635 3098 3688 ad
3135 3635 3315 3688 radios
3337 3650 3431 3690 so—

1853 3720 1994 3775 lares
2023 3719 2266 3790 refulget.
2301 3720 2512 3775 Etenim
2565 3737 2708 3791 saepe
2756 3731 2942 3788 noctu,
2971 3738 3113 3793 saepe
3154 3740 3253 3793 per
3286 3725 3429 3779 diem

1853 3826 2140 3881 apparens,
2166 3826 2345 3881 neque
2369 3812 2421 3867 id
2457 3813 2512 3866 in
2540 3814 2766 3879 somnis,
2785 3815 2879 3870 sed
2916 3816 3199 3870 manifesta
3224 3817 3276 3870 in
3304 3833 3431 3886 spe-

1855 3900 1958 3964 cie,
2001 3915 2060 3955 se
2104 3900 2240 3953 mihi
2283 3909 2523 3957 ostentat
2561 3914 2857 3975 martyrum
2911 3905 2968 3958 in
3017 3905 3236 3959 modum
3269 3923 3281 3957 :
3314 3920 3434 3959 sors

1855 3998 2038 4043 autem
2071 3989 2214 4043 illius
2250 3991 2390 4044 inter
2426 3993 2722 4062 prophetas
2761 4003 2874 4059 est,
2911 3995 3012 4050 etsi
3046 3994 3433 4064 prOphetarum

1858 4078 2023 4132 vitam
2053 4094 2163 4133 non
2189 4080 2420 4146 vixerit;
2455 4091 2511 4137 et
2545 4083 2618 4154 (h)
2646 4099 2864 4139 crucem
2893 4100 3017 4138 cum
3051 4084 3294 4154 Longino
3337 4085 3428 4138 ba-

1854 4167 2052 4236 julans,
2079 4168 2412 4223 adorandum
2439 4171 2700 4225 caelorum
2727 4188 2895 4243 regno
2921 4175 3224 4241 tropbzeum
3255 4173 3431 4235 eﬂ'ert.

1859 4267 2019 4328 atque
2049 4260 2194 4314 inter
2225 4261 2433 4316 medios
2463 4263 2683 4332 angelos
2712 4263 2988 4332 praedicat,
3023 4265 3165 4317 inter
3203 4263 3435 4316 archan-

1860 4352 2106 4420 gelorum
2137 4359 2312 4405 coetus
2340 4353 2630 4418 exclamat,
2683 4363 2940 4422 tanquam
2981 4370 3271 4424 germanus
3301 4353 3438 4407 Lon-

167 4449 356 4515 γέλων
403 4444 683 4515 κηρύττει,
719 4443 781 4495 τὸ
812 4442 903 4494 καὶ
938 4441 1101 4510 μέσον
1129 4440 1223 4493 τοῦ
1249 4442 1423 4511 δήμου
1463 4442 1572 4495 τῶν
1617 4445 1741 4514 άρχ-

1860 4443 1968 4514 gini
2020 4444 2339 4512 discipulus.
2377 4445 2498 4498 Vere
2544 4445 2708 4498 Filius
2756 4446 2854 4499 Dei
2898 4457 2974 4500 est
3019 4448 3132 4500 iste.
3162 4447 3436 4512 Quantum

166 4540 432 4607 αγγέλων
476 4537 765 4608 κέκραγεν.
785 4533 1048 4600 Ἀληθῶς
1079 4533 1226 4588 Θεοῦ
1266 4535 1398 4601 Υἱὸς
1435 4531 1514 4604 ἦν
1554 4531 1755 4602 οὗτος,

166 4632 254 4694 ὡς
301 4629 569 4697 Λογγίνου
606 4625 1022 4696 μαθητής.”οσα
1053 4641 1115 4677 τε
1144 4625 1212 4678 τά
1243 4626 1491 4694 Σεραφὶμ
1519 4627 1764 4696 Λογγίνῳ

167 4721 510 4793 παραχωρεῖ
535 4718 777 4783 δοξάζειν
808 4717 922 4786 (καὶ
950 4716 1050 4769 οὐκ
1076 4717 1387 4787 άντικρούει
1411 4717 1479 4769 τά
1513 4719 1766 4788 Σεραφὶμ

165 4813 276 4866 καὶ
321 4810 609 4881 Χερουϐὶμ
664 4805 1090 4877 ὐμνολογοῦσιν)
1123 4806 1418 4874 φθέγγεται
1466 4809 1561 4861 καὶ
1605 4809 1768 4873 αὐτὸς

166 4898 373 4970 φωνὴν
422 4897 573 4970 ἱεράν
600 4938 614 4962 ,
650 4895 945 4967 ὐμνολόγον
968 4935 984 4961 ,
1011 4895 1374 4966 τροπαιοῦχον
1398 4936 1413 4962 ,
1452 4897 1718 4968 μυστικὴν
1742 4937 1758 4964 ,

166 4991 492 5046 ἐπινίκιον·
530 4987 793 5056 Ἀληθῶς
841 4988 988 5042 Θεοῦ
1032 4991 1162 5054 Υἱός
1206 4987 1378 5041 ἐστιν
1418 4984 1630 5054 οὗτοςο
1665 4990 1762 5042 καὶ

165 5083 334 5137 ἔστιν
362 5083 458 5136 καὶ
483 5081 663 5135 ἔσται·
691 5081 825 5152 ὅπερ
847 5079 954 5149 γὰρ
983 5075 1128 5150 εἶχεν
1153 5082 1258 5149 πρὸ
1285 5079 1394 5132 τῶν
1416 5078 1759 5142 αίώνων,καὶ

165 5175 259 5236 είς
289 5173 499 5236 αίῶνας
525 5171 656 5238 ἕξει.
679 5171 849 5235 Αὐτὸς
876 5170 1093 5224 παλαιοῖ
1121 5170 1244 5232 τοὺς
1269 5169 1492 5235 αἰῶνας,
1525 5171 1676 5240 μένει
1703 5169 1759 5222 δὲ

1864 4547 1995 4587 vero
2043 4532 2329 4604 Serapbim
2381 4535 2714 4604 permittunt
2751 4536 2996 4607 Longino
3030 4535 3199 4590 Deum
3232 4537 3437 4606 gloriﬁ-

1861 4639 1986 4682 care
2015 4627 2214 4692 (neque
2242 4625 2388 4679 enim
2414 4623 2628 4679 divinas
2652 4625 2840 4680 laudes
2869 4627 3193 4682 canentibus
3228 4627 3440 4681 obstre-

1864 4724 2001 4784 punt
2035 4713 2329 4770 Cherubim
2358 4715 2756 4786 Seraphimve),
2792 4726 3000 4771 tantum
3026 4718 3245 4772 auditur
3273 4718 3440 4772 etiam

1864 4805 1999 4874 ipse,
2034 4815 2299 4870 sanctam,
2332 4806 2654 4861 melodicam
2679 4849 2695 4874 ,
2729 4809 3114 4878 triumphalem
3149 4825 3337 4864 vocem
3368 4810 3442 4862 el-

1866 4895 2087 4950 l'erens:
2132 4893 2260 4950 Vere
2286 4895 2458 4950 Filius
2494 4896 2588 4951 Dei
2617 4907 2692 4952 est
2721 4901 2837 4953 iste.
2873 4901 2969 4955 Est
3018 4902 3204 4970 utique
3233 4911 3287 4955 et
3336 4902 3444 4955 erit

1865 4983 1963 5039 Dei
1999 4983 2169 5039 Filius
2199 5003 2212 5040 :
2242 4986 2388 5054 quod
2420 4985 2566 5040 enim
2616 4986 2806 5041 babuit
2849 4998 2977 5042 ante
3025 4987 3245 5048 saecula,
3277 4988 3440 5043 etiam

1865 5076 1922 5130 in
1967 5075 2149 5130 omnia
2198 5076 2395 5130 saecula
2444 5085 2674 5131 ventura
2725 5077 2945 5131 habebit
2977 5094 2990 5130 :
3026 5077 3142 5146 ipse
3198 5076 3440 5145 antiquat

1864 5169 2083 5233 saecula,
2115 5177 2170 5222 et
2201 5168 2335 5223 citra
2370 5167 2584 5222 senium
2622 5167 2939 5222 indeliciens
2970 5177 3282 5238 perseverat
3312 5186 3324 5221 :
3357 5182 3440 5220 re»

1694 5343 1901 5404 ΝΟΤιΕ
1913 5391 1927 5406 .

249 5448 337 5517 (9)
385 5465 404 5498 ι
437 5445 570 5512 Quae
598 5444 922 5517 praeparavit
945 5443 1086 5517 Deus
1110 5455 1262 5495 suam
1301 5456 1423 5517 erga
1455 5453 1556 5492 nos
1583 5437 1767 5517 chari-

166 5508 358 5572 tatem
385 5508 555 5570 verbo
582 5508 1161 5584 operequedeclarans
1195 5527 1207 5563 :
1247 5529 1264 5561 ι
1314 5508 1431 5565 haec
1462 5524 1658 5578 ncmpe
1688 5508 1764 5563 fe-

165 5585 417 5643 stinanti
450 5583 734 5654 interpreti
759 5583 1099 5654 exciderunt.

233 5655 338 5737 '(g)
385 5654 510 5710 Mss.
571 5647 881 5709 Medic-acum
945 5662 999 5707 et
1050 5648 1318 5708 Venatum
1377 5647 1641 5717 Σανδιάλῃ
1700 5651 1762 5717 τῇ

169 5740 376 5793 κωμῃ.

1945 5444 2018 5513 (li)
2058 5442 2229 5498 Simili
2277 5441 2461 5511 phrasi
2502 5448 2744 5513 _utuntur
2784 5435 3108 5513 jam_citata
3137 5449 3267 5489 mss.
3304 5434 3441 5502 μετὰ

1873 5505 2135 5582 Λογγῖνον
2180 5505 2566 5582 σταυροφορῶν
2587 5517 2741 5582 '__at__
2763 5505 2864 5561 ms.
2899 5505 3282 5582 Bet'odianum,
3317 5519 3440 5582 cum

1873 5574 2275 5652 quo-habemus
2301 5574 2570 5652 collatum
2608 5577 2940 5652 Medicaeum,
2976 5575 3321 5644 λευκοφορῶν
3346 5589 3359 5604 ο
3389 5574 3441 5628 id

1874 5646 1955 5707 est
1989 5671 2002 5706 :
2043 5672 2059 5704 ι
2087 5651 2341 5706 Candidis
2377 5649 2597 5704 indutus
2631 5646 2886 5700 vestibus.
2922 5664 2938 5694 ι
