4142 6436
706 335 835 399 156Ἰ

1690 322 2005 384 LEONTII
2048 317 2562 383 NEAPOLITANI
2602 320 2947 381 EPISCOPI

3847 306 3963 371 1553

704 448 888 510 parata
917 455 929 503 ;
965 435 1049 491 vel
1078 435 1241 491 etiam
1275 432 1569 493 lsraelitas,
1594 430 1738 499 quod
1778 430 1913 501 legis
1940 444 2003 482 ac
2029 429 2267 498 prophe-

2383 428 2527 497 γένη,
2560 428 2655 481 καὶ
2684 428 2824 495 πρὸς
2850 428 2945 479 τὸν
2982 424 3353 493 πνευματικὸν
3387 424 3601 491 σπόρον
3645 423 3960 490 ἐπιτήδεια·

704 540 881 584 tarum
947 527 1246 591 doctrinis,
1302 524 1451 578 velut
1505 522 1906 591 quodammodo
1931 520 2153 574 edomiti
2207 535 2272 574 ac

706 616 1037 688 complanati
1065 624 1252 671 essent
1284 633 1297 667 :
1327 613 1540 667 tametsi
1571 611 1938 681 evangelicam
1969 620 2269 665 sementem

704 725 769 764 ex
820 707 1035 777 propria
1072 708 1172 776 ipsi
1221 705 1496 760 dementia
1541 720 1650 758 non
1701 712 2081 773 susceperunt.
2132 702 2272 758 Tum

706 800 930 854 subdit:
987 802 1126 852 Tunc
1158 797 1490 851 exsultabant
1534 797 1709 849 omnia
1747 796 1891 866 ligna
1935 796 2079 850 silva:
2108 811 2125 848 :
2153 811 2273 865 quze

705 891 855 961 ligna
891 888 1239 958 intelligenda
1287 896 1438 951 sunt,
1467 896 1735 956 quotquot
1761 902 1826 941 ex
1863 887 2115 958 gentibus
2151 886 2273 941 Sal-

708 980 886 1034 vatori
925 978 1146 1033 Christo
1180 978 1573 1031 crediderunt:
1606 976 1699 1045 qui
1729 977 1949 1045 quidem
2005 977 2150 1031 haud
2203 978 2274 1031 ita

708 1070 941 1139 pridem,
1002 1068 1152 1121 velut
1198 1075 1441 1137 agrestes
1498 1066 1889 1136 silvestresque
1939 1067 2165 1121 arbores
2207 1070 2275 1123 ab

710 1157 1031 1211 inﬁdelitate
1060 1166 1237 1216 erant.
1274 1157 1448 1210 donec
1480 1156 1723 1221 tandem,
1763 1157 1906 1226 quod
1938 1158 2013 1211 ait
2033 1158 2275 1211 admira-

711 1248 837 1302 bilis
858 1248 1077 1313 Paulus,
1095 1264 1158 1301 ea:
1176 1247 1399 1300 oleastro
1416 1248 1598 1299 inserti
1611 1256 1728 1300 sunt
1743 1248 1796 1299 in
1819 1248 2006 1301 bonam
2023 1248 2213 1302 olivam
2231 1251 2272 1302 ¹.

709 1339 882 1407 Cujus
907 1354 1037 1394 vero
1059 1340 1229 1409 gratia
1250 1340 1316 1393 ad
1338 1339 1585 1392 laetitiam
1613 1354 1677 1393 ac
1699 1338 2116 1393 exsultationem
2145 1355 2275 1408 pro-

709 1438 889 1492 vocat,
938 1428 1106 1482 coelos
1139 1428 1344 1497 pariter
1372 1443 1436 1482 ac
1478 1438 1681 1481 terram
1712 1446 1725 1481 :
1755 1443 2082 1497 camposque
2120 1428 2273 1494 item,

710 1529 767 1574 et
794 1535 913 1589 qua:
945 1520 997 1573 in
1028 1519 1108 1575 eis
1144 1528 1292 1585 sunt,
1330 1534 1394 1574 ac
1434 1521 1617 1573 omnia
1660 1520 1801 1590 ligna
1831 1520 1979 1575 silvae
2008 1521 2031 1574 ί
2074 1519 2276 1575 Christi

712 1610 899 1679 utique
929 1630 942 1664 :
981 1611 1025 1663 A
1057 1613 1193 1681 facie
1234 1612 1401 1675 enim,
1449 1611 1644 1679 inquit,
1678 1612 1912 1677 Domini,
1964 1613 2087 1682 quia
2118 1614 2272 1666 venit.

710 1702 841 1757 Jure
887 1704 1046 1773 plane
1083 1702 1278 1756 merito
1314 1702 1598 1772 propheta,
1643 1703 1917 1757 cmlestem
1962 1718 2180 1757 omnem
2214 1717 2277 1757 ac

2372 517 2405 587 ἤ
2433 519 2679 579 καὶτοὺς
2709 518 2767 582 ἐξ
2804 517 3043 585 Ἰσραὴλ,
3073 515 3164 567 διὰ
3201 515 3263 566 τὸ
3300 508 3413 566 οἷόν
3446 532 3571 577 πως
3605 514 3962 568 καταλεαίνε-

2375 608 2496 661 σθαι
2530 609 2625 660 καὶ
2652 607 3072 676 ὲξομαλίζεσθαι
3109 608 3234 668 ταῖς
3258 608 3522 674 νομικαϊς
3560 606 3665 658 καὶ
3700 622 3967 677 προφητι-

2373 700 2499 761 καίς
2544 698 2952 760 διδασκαλίαις·
2990 698 3038 749 εί
3072 696 3168 748 καὶ
3209 695 3302 747 τὸν
3351 694 3737 762 εὑαγγελικὸν
3779 696 3970 765 σπόρον

2372 788 2433 853 ὲξ
2459 788 2664 852 οἰκείας
2684 789 2944 850 ἀπονοίας
2968 788 3067 839 οὐκ
3096 786 3365 851 ἐδέξαντο.
3388 781 3525 837 Εἶτα
3558 785 3774 850 ἐπάγει
3795 800 3809 811 ·
3845 789 3967 839 Trin

2373 879 2845 948 ἀγαλλιάσονται
2870 877 3062 931 πάντα
3086 878 3156 931 τὰ
3179 877 3337 941 ξύλα
3364 877 3470 929 τοῦ
3501 876 3757 944 δρυμοῦ
3776 894 3791 905 ·
3819 878 3966 928 itm

2377 969 2508 1035 ξύλα
2562 970 2802 1023 νοεῖσθαι
2844 970 3134 1039 προσήκει,
3164 968 3412 1029 ἅπαντας
3442 969 3575 1029 τοὺς
3605 968 3673 1030 ἐξ
3695 966 3878 1018 ἐθνῶν
3902 968 3969 1036 τῷ

2375 1062 2592 1132 Σωτῆρι
2619 1060 2842 1129 Χριστῷ
2866 1060 3304 1119 πεπιστευκότας
3320 1076 3335 1089 ·
3359 1059 3588 1120 οἵτινες
3613 1057 3828 1126 πρώην
3854 1058 3971 1121 ξύὶε

2375 1153 2565 1224 ὥσπερ
2612 1154 2780 1224 ἄγρια
2828 1152 2927 1207 καὶ
2973 1150 3231 1223 δρυμώδη
3278 1153 3345 1221 τῇ
3390 1150 3633 1221 ἀπιστίᾳ
3687 1150 3971 1217 inﬁgen-

2378 1244 2577 1315 μέχρις
2603 1246 2693 1298 ὅτε
2741 1244 2886 1297 κατά
2921 1245 3015 1296 τὸν
3062 1242 3351 1294 Θεσπέσιον
3399 1241 3662 1293 Παῦλον·
3706 1240 3977 1293 Ἕνεκεν·-

2374 1336 2717 1401 τρίσθησαν
2750 1334 2819 1385 ἐκ
2866 1330 2981 1399 τῆς
3021 1332 3385 1398 ἀγριελαίου,
3421 1334 3511 1391 εις
3563 1330 3683 1381 τὸν
3738 1332 3973 1382 καλλιέ-

2375 1430 2569 1480 λαιον.
2602 1426 2759 1485 Τίνος
2786 1424 2842 1475 δὲ
2872 1424 3059 1475 ἕνεκεν
3081 1424 3159 1485 εἰς
3188 1422 3535 1493 εὐφροσύνην
3570 1424 3974 1491 προτιαὶεέτιι

2378 1520 2471 1572 καὶ
2498 1517 2842 1586 ἀγαλλίασιν,
2880 1516 3146 1587 οὐρανούς
3178 1534 3237 1568 τε
3273 1516 3368 1569 καὶ
3398 1515 3506 1584 γῆν
3530 1534 3547 1547 ·
3587 1517 3773 1569 πεδία
3806 1534 3865 1568 τε
3897 1520 3977 1568 καὶ

2375 1608 2446 1663 τὰ
2476 1611 2533 1662 ὲν
2562 1610 2768 1674 αὐτοῖς,
2799 1611 2893 1661 καὶ
2926 1610 3104 1663 πάντα
3148 1612 3219 1663 τὰ
3265 1609 3397 1673 ξύλα
3442 1610 3540 1661 τοῦ
3579 1610 3849 1679 δρυμοῦς
3885 1612 3977 1662 τοῦ

2378 1706 2616 1776 Χριστοῦ
2649 1706 2923 1777 δηλονότι·
2957 1708 3094 1761 Ἀπὸ
3128 1708 3455 1776 προσώπου
3485 1708 3629 1776 γὰρ,
3665 1706 3840 1775 ειςησὶ,
3876 1708 3977 1757 Kr-

713 1800 1025 1846 terrestrem
1046 1801 1290 1846 naturam
1315 1792 1380 1846 ad
1416 1792 1714 1861 spiritalem
1742 1791 1982 1846 laetitiam
2007 1794 2271 1858 hortatur,

2383 1773 2533 1865 ρίου,
2569 1798 2659 1850 ὅτι
2689 1773 3425 1866 ἐρχεται.”οντως,δικαίως
3450 1801 3480 1851 ὁ
3502 1773 3835 1867 προφήτης
3859 1812 3979 1863 προ-

709 1900 776 1941 ae
826 1886 1267 1940 exsultationem.
1317 1884 1452 1941 Cum
1496 1884 1639 1939 enim
1689 1891 1905 1938 terreno
1951 1898 2016 1939 ac
2058 1884 2273 1939 mortali

710 1992 838 2049 rege
864 1978 1054 2033 urbem
1077 1979 1409 2050 ingressuro,
1441 1978 1571 2033 urbs
1597 1977 1817 2047 quidem
1843 1985 1953 2031 tota
1987 1977 2119 2032 velis
2146 1993 2271 2047 per-

708 2085 958 2138 ornetur,
995 2071 1321 2141 coronisque
1346 2087 1409 2125 ac
1432 2070 1807 2136 aromatibus;
1862 2084 2179 2138 omnesque,
2213 2077 2273 2123 ut

710 2167 784 2221 ita
819 2166 1019 2229 dicam,
1055 2172 1168 2218 tum
1196 2163 1368 2233 parvi,
1400 2172 1513 2216 tum
1563 2161 1766 2231 magni,
1796 2160 1976 2214 varias
2003 2167 2277 2214 mutantes

708 2257 944 2314 stolasin
964 2272 1249 2311 occursum
1268 2255 1409 2326 regis
1430 2254 1730 2325 procedant
1754 2270 1769 2319 ;
1794 2268 1857 2307 ac
1881 2268 2045 2307 omne
2059 2251 2277 2321 quidem

711 2348 859 2403 aliud
913 2349 1192 2419 negotium
1250 2356 1553 2416 spernant;
1594 2345 1699 2400 hoc
1750 2360 1884 2399 vero
1913 2343 2061 2397 omni
2096 2358 2279 2411 operae.

714 2440 872 2509 longe
916 2447 1290 2509 anteponant:
1324 2452 1489 2508 quam
1530 2436 1734 2507 potiori
1764 2436 1906 2505 jure,
1943 2434 2151 2489 caelesti
2168 2434 2279 2489 Deo

712 2546 777 2586 ac
801 2546 923 2601 rege
950 2531 1222 2597 veniente,
1254 2537 1504 2584 naturam
1530 2543 1771 2592 omnem,
1802 2527 1871 2581 ab
1899 2541 1964 2581 eo
1981 2526 2273 2587 conditam,

716 2632 831 2675 tum
864 2638 985 2691 qua
1011 2622 1184 2677 oculis
1204 2622 1446 2690 subjecta
1476 2628 1581 2683 est,
1612 2630 1728 2673 tum
1761 2634 1880 2689 qua;
1909 2629 2093 2673 mente
2118 2633 2273 2687 aspe-

715 2712 951 2777 ctabilis,
999 2713 1173 2767 laetari
1233 2722 1480 2781 oporteat
1529 2727 1593 2766 ac
1642 2711 1960 2775 exsultare;
2012 2710 2271 2778 omnique

716 2802 912 2870 gaudio
954 2818 1017 2855 ac
1045 2804 1395 2858 veneratione
1428 2817 1714 2857 occursum
1746 2802 1972 2871 implere
2001 2801 2024 2854 ?

716 2894 1019 2961 γενημένην
1050 2894 1252 2962 ὁρατήν
1283 2909 1342 2945 τε
1372 2892 1467 2945 καὶ
1523 2892 1755 2964 ἀόρατον
1798 2891 2010 2956 κτίσιν,
2047 2890 2432 2960 εὐφραίνεσθαι
2499 2893 2593 2947 καὶ
2668 2892 3031 2961 ἀγαλλιᾶσθαι
3074 2894 3216 2963 χρή·

716 2982 812 3036 καὶ
842 2983 1149 3052 σεδασμίως
1175 2984 1526 3054 ἀποπληροῦν
1552 2984 1651 3052 τὴν
1681 2983 2002 3052 ὑπάντησιν.

2378 1889 2573 1959 τρέπει
2622 1890 2949 1961 ἐπουράνιον
2996 1891 3180 1943 πᾶσαν
3229 1889 3406 1941 κτίσιν
3452 1890 3549 1941 καὶ
3598 1888 3885 1952 ἐπίγειον,
3914 1888 3981 1946 εἰς

2381 1980 2764 2051 πνευματικὴν
2794 1980 3137 2049 εὐφροσύνην
3160 1980 3253 2031 καὶ
3279 1978 3637 2045 ἀγαὶλίασιν.
3656 1978 3730 2027 Ei
3753 1977 3867 2044 γὰρ
3894 1974 3979 2042 βι-

2380 2072 2573 2136 σιλέως
2622 2074 2871 2141 ἐπιγείου
2918 2072 3015 2125 καὶ
3049 2071 3246 2142 θνητοῦ
3297 2073 3376 2133 είς
3420 2070 3589 2122 πόλιν
3625 2067 3981 2137 εἰσέρχεσθοι

2378 2165 2695 2235 μέλλοντος,
2724 2168 2876 2218 πᾶσα
2906 2165 3004 2235 μὲν
3034 2166 3069 2234 ἡ
3100 2164 3253 2227 πόλις
3283 2165 3755 2232 κατακοσμεῖται
3789 2159 3981 2229 βήλοις,

2378 2258 2472 2312 καὶ
2504 2258 2917 2328 στεφανώμασι,
2946 2258 3040 2310 καὶ
3082 2257 3377 2328 ἀρώμασι·
3414 2256 3633 2317 πάντες
3678 2256 3746 2305 δὲ
3795 2255 3873 2314 ὡς
3916 2255 3982 2303 εί-

2375 2352 2520 2413 πεῖν,
2556 2349 2743 2420 μικροί
2777 2367 2836 2402 τε
2880 2349 2975 2402 καὶ
3022 2348 3253 2416 μεγάλοι
3298 2347 3553 2409 ποικίλας
3600 2346 3820 2405 στολὰς
3846 2344 3983 2408 ἐξαξ-

2375 2440 2690 2503 λάσσοντες,
2730 2441 2868 2509 πρὸς
2912 2440 3011 2511 τὴν
3062 2440 3157 2493 τοῦ
3197 2440 3464 2509 βασιλέως
3493 2437 3801 2507 χωροῦσιν
3828 2436 3985 2488 ὑπαιν-

2378 2548 2573 2602 τησιν·
2609 2533 2706 2584 καὶ
2753 2534 2936 2600 πάσης
2989 2532 3087 2599 μὲν
3135 2531 3527 2602 πραγματείας
3576 2530 3801 2598 ἑτέρας
3848 2543 3985 2595 περιο

2384 2622 2708 2691 φρονοῦντες
2725 2638 2737 2651 ·
2770 2623 2950 2689 πάσης
2975 2623 3029 2675 δὲ
3053 2623 3290 2692 σπουδῆς
3318 2621 3769 2691 προτιμωτὲραν
3795 2618 3985 2685 ταύτην

2380 2713 2684 2782 τιθέμενοι·
2720 2714 2872 2779 πόσῳ
2905 2713 3108 2782 μᾶλλον
3136 2712 3580 2778 παραγινομένου
3616 2710 3722 2761 τοῦ
3762 2712 3987 2777 imae:-

2381 2804 2493 2855 νίου
2524 2803 2659 2856 Θεοῦ
2690 2821 2751 2855 τε
2786 2805 2880 2857 καὶ
2907 2804 3191 2873 βασιλέως,
3220 2806 3399 2856 πᾶσαν
3427 2805 3533 2873 τὴν
3566 2804 3671 2854 ὑπ’
3698 2802 3883 2855 αὐτοῦ
3911 2820 3987 2865 τερ

3294 2895 3388 2945 καὶ
3442 2893 3795 2963 περιχαρῶς
3886 2892 3987 2958 ἃμα

794 3076 992 3132 Verum
1030 3078 1332 3142 videamus,
1390 3078 1720 3143 charissimi,
1773 3078 1993 3147 quando
2038 3079 2277 3134 caelestis

2454 3081 2597 3134 Ἀλλ’
2622 3081 2843 3151 ἴδωμεν,
2864 3079 3160 3148 ἀγαπητοὶ,
3190 3080 3320 3131 πότε
3343 3078 3371 3129 ὁ
3403 3077 3754 3145 ἐπουράνιος
3776 3078 3881 3128 καὶ
3908 3077 3987 3143 μέ-

721 3185 1059 3239 magnusque
1121 3168 1265 3223 Deus
1307 3184 1371 3224 ac
1413 3185 1506 3223 rex
1556 3170 1859 3223 advenerit.
1924 3169 2280 3234 Quandonam

719 3263 902 3316 vero?
947 3260 1143 3330 Utique
1199 3261 1419 3329 quando
1457 3261 1593 3313 citra
1644 3262 1999 3323 mutationem
2039 3276 2280 3326 omnem,

721 3362 775 3406 et
804 3352 1201 3415 alteratiouem,
1237 3365 1301 3404 ac
1330 3360 1613 3420 peccatum
1642 3351 1819 3405 lactus
1849 3352 2033 3415 homo,
2085 3352 2283 3407 similis

722 3443 880 3497 nobis
922 3442 1154 3496 effectus
1176 3451 1278 3495 est.
1314 3441 1447 3495 Nam
1485 3442 1611 3511 quia
1638 3450 1831 3495 natura
1860 3442 2047 3495 divina
2097 3444 2283 3497 incor-

721 3548 885 3601 porea
928 3542 1030 3597 est,
1067 3547 1131 3586 ac
1157 3532 1653 3601 incircumscripta,
1700 3542 1894 3600 estque
1924 3533 1976 3585 in
2015 3533 2175 3598 crelo,
2220 3548 2285 3587 ac

723 3633 924 3677 terram
971 3624 1182 3692 implet,
1204 3624 1357 3693 juxta
1384 3623 1527 3692 quod
1561 3624 1631 3676 ait
1667 3625 1931 3692 propheta
1959 3624 2001 3676 ⁸.
2038 3622 2150 3677 Hac
2179 3624 2284 3677 ita-

722 3730 828 3783 que
864 3715 1092 3781 ratione,
1158 3731 1286 3783 qua,
1320 3715 1564 3783 inquam,
1602 3715 1743 3768 Deus
1772 3715 1960 3768 habuit
1994 3724 2284 3784 antequam

726 3804 881 3859 ﬁeret
933 3806 1114 3870 homo,
1144 3820 1323 3874 neque
1370 3807 1489 3859 loco
1525 3807 1724 3859 absens
1747 3814 1852 3870 est,
1886 3816 1945 3859 ut
1971 3822 2028 3860 se
2053 3822 2121 3859 co
2150 3821 2285 3860 con-

726 3895 866 3949 l‘erat
896 3912 909 3959 ;
941 3911 1118 3964 neque
1159 3897 1378 3959 iterum,
1419 3896 1611 3965 utjam
1653 3896 1915 3961 diximus,
1953 3898 2144 3965 spatiis
2176 3898 2286 3950 cir-

727 3987 1129 4051 cumscribitur,
1162 4003 1284 4055 quae
1334 3987 1519 4041 omnia
1561 3987 1791 4055 perinde
1824 3986 2066 4056 impleat,
2107 3988 2286 4056 sitque

727 4079 983 4133 omnibus
1036 4079 1284 4133 similiter
1336 4094 1621 4147 prmsens:
1667 4079 1951 4144 Quomodo
1995 4080 2155 4149 igitur
2216 4081 2291 4133 ait

726 4171 1013 4240 propheta,
1070 4171 1113 4222 A
1152 4171 1288 4239 [acie
1328 4171 1559 4231 Domini,
1607 4173 1857 4241 quoniam
1905 4172 2045 4225 venit
2078 4173 2103 4223 ?
2144 4171 2288 4226 Sane

726 4262 898 4330 liquet
919 4260 1193 4329 impletam
1219 4276 1339 4315 esse
1366 4263 1707 4331 prOphetiam
1730 4263 1829 4317 sub
1853 4272 2065 4331 tempus
2084 4263 2288 4315 adven-

727 4361 815 4405 tus
843 4349 1043 4404 Christi
1075 4351 1126 4402 in
1154 4365 1339 4403 carne.

796 4441 1114 4501 Enimvero.
1156 4456 1366 4494 summe
1392 4442 1794 4503 admirabilem,
1838 4442 2283 4511 prmcelsamque,
2324 4426 2363 4478 Π

724 4547 791 4586 ac
846 4532 1176 4586 ineﬂabilem
1227 4531 1524 4585 Salvatoris
1578 4533 1781 4585 Christi
1846 4534 2181 4587 nativitatem
2236 4535 2289 4586 in

726 4638 912 4683 carne.
944 4638 976 4676 a
1016 4623 1125 4676 Deo
1169 4622 1473 4676 alllatorum
1529 4623 1748 4676 Patrum
1796 4624 2144 4677 sermonibus
2191 4624 2289 4677 de-

726 4714 995 4774 liciantes,
1029 4723 1155 4767 ante
1175 4716 1287 4782 jam
1318 4714 1723 4767 celebravimus
1755 4733 1766 4767 :
1794 4730 1917 4767 cum
1943 4716 2151 4784 angelis
2176 4715 2292 4767 lau-

727 4807 857 4861 dum
896 4804 1104 4860 cantica
1136 4807 1501 4875 prompsimus
1526 4822 1540 4868 ;
1569 4822 1693 4860 cum
1737 4806 2048 4875 pastoribus
2090 4806 2290 4877 gloriﬁ-

727 4898 974 4950 cavimus
1007 4914 1020 4948 :
1056 4912 1175 4949 eum
1211 4894 1382 4963 Magis
1426 4896 1727 4949 obtulimus
1768 4913 2035 4961 munera;
2071 4899 2290 4952 tametsi

727 5002 835 5041 non
862 5002 1077 5049 aurum,
1107 4988 1431 5049 thusve,aut
1459 4986 1731 5055 myrrham
1758 5003 1771 5049 ;
1801 4988 1894 5041 Sed
1935 4989 2127 5041 horum
2154 4991 2291 5053 loco,

726 5081 889 5137 ﬁdem
921 5082 972 5134 in
1000 5082 1301 5146 Christum,
1341 5097 1476 5135 auro
1509 5082 1889 5149 pretiosiorem
1915 5122 1929 5145 ,
1957 5082 2291 5153 fragrantia-

727 5189 843 5228 rem
871 5172 1030 5226 thure
1054 5189 1068 5234 ;
1094 5172 1418 5241 myrrhaque
1438 5182 1796 5227 eonservante
1819 5189 2069 5243 corpora,
2092 5178 2293 5231 eximie

725 5262 1112 5319 eﬂicaciorem.
1135 5261 1251 5316 Non
1274 5262 1421 5315 enim
1452 5273 1662 5316 mortua
1686 5272 1870 5317 nostra
1901 5281 2126 5335 corpora
2158 5283 2291 5320 con-

728 5362 959 5417 servat;
1011 5368 1202 5406 verum
1255 5353 1464 5406 animas
1526 5354 1918 5409 immortalitati
1979 5367 2287 5413 consecrat.

733 5442 889 5498 Nunc
911 5454 1090 5498 autem
1113 5446 1254 5498 alius
1282 5444 1479 5499 Christi
1514 5448 1797 5510 adventus,
1845 5449 1983 5502 alius
2030 5466 2293 5506 occursus

735 5536 895 5589 nobis
927 5551 1088 5589 causa
1108 5537 1341 5590 exsistit.
1378 5536 1571 5591 Venite
1601 5554 1749 5609 ergo,
1782 5542 2107 5608 charissimi,
2141 5547 2289 5600 omni

804 5716 823 5745 ⁸
857 5711 1013 5768 Rom.
1043 5728 1105 5781 It,
1143 5714 1231 5767 24.
1311 5716 1328 5746 ³
1355 5714 1558 5769 Jercm.
1591 5732 1741 5780 mu,
1776 5716 1865 5771 Si.

2382 3191 2485 3241 γας
2516 3174 2647 3235 Θεός
2680 3190 2738 3225 τε
2771 3174 2867 3224 καὶ
2911 3171 3167 3240 βασιλεὺς
3201 3169 3599 3238 παραγίνεται.
3656 3169 3814 3220 Πότε
3860 3171 3986 3237 ἄρας

2383 3266 2447 3316 Εἰ
2481 3264 2554 3335 μὴ
2587 3266 2672 3316 ὅτε
2716 3263 2836 3316 καθ’
2858 3265 3005 3331 ἡμᾶς
3039 3262 3107 3313 δι’
3132 3263 3303 3329 ἡμᾶς,
3335 3261 3639 3330 ἀτρέπτως
3680 3261 3791 3312 καὶ
3840 3260 3988 3312 ἀναλ-

2382 3354 2620 3417 λοιώτως
2660 3356 2753 3406 καὶ
2792 3355 3195 3421 ἀναμαρτήτως
3233 3353 3709 3423 ὲνανθρωπήσας,
3745 3354 3986 3419 ἐγένετο.

2396 3446 2614 3515 Ἐπειδὴ
2658 3447 2765 3516 γὰρ
2798 3447 2830 3514 ἠ
2859 3446 2977 3497 θεία
3021 3446 3186 3513 φύσις
3228 3444 3523 3513 ἀσώματός
3553 3461 3619 3496 τε
3661 3447 3769 3498 καὶ
3801 3447 3991 3515 ἁπερίσ

2386 3556 2650 3608 γραπτος,
2698 3539 2792 3589 καὶ
2836 3541 2894 3589 ὲν
2940 3537 3154 3606 ούρανῷ
3195 3538 3335 3595 ἐστι,
3363 3536 3458 3587 καὶ
3483 3536 3585 3603 τὴν
3620 3537 3739 3604 γῆν
3784 3537 3987 3605 trs-alt-

2388 3647 2531 3701 ρωκε
2580 3629 2719 3681 κατὰ
2760 3629 2853 3681 τὸν
2898 3630 3127 3681 εἰπόντα
3177 3630 3486 3696 προφήτην.
3521 3628 3616 3697 Τῷ
3672 3626 3777 3682 οῦν
3811 3632 3989 3699 τρόπῳ

2387 3724 2581 3793 τούτῳ,
2606 3724 2749 3790 λέγω
2777 3722 2860 3792 δὴ,
2898 3721 2974 3791 τῷ
3020 3721 3127 3791 πρὸ
3169 3725 3269 3790 τῆς
3315 3720 3841 3790 ἐνανθρωπήσεως,
3881 3724 3989 3773 οῖτε

2388 3817 2603 3884 ἀπέστη
2636 3816 2824 3877 τόπου,
2856 3815 2945 3867 ἵνα
2977 3817 3056 3877 είς
3081 3815 3245 3866 αὐτὸν
3271 3816 3662 3881 παραγένηται
3688 3831 3703 3842 ·

2388 3912 2475 3963 λιν
2522 3910 2597 3972 ὼς
2818 3910 3067 3976 εἴπομεν,
3128 3906 3533 3975 περιγράφεται
3582 3904 3990 3972 διαστήμασιν,

3740 3815 3875 3865 οῦτε
3908 3818 3990 3865 τεά-

2390 4003 2567 4055 πάντα
2593 4000 2787 4069 ἐπίσης
2812 3997 3120 4068 πληροῦσα,
3147 3998 3239 4048 καὶ
3264 3998 3433 4048 πᾶσιν
3455 3995 3669 4061 ὁμοίως
3701 3998 3893 4064 παρη-Ξ
3906 4015 3987 4048 ςα-

2391 4094 2507 4149 πῶς
2555 4088 2647 4145 οῦν
2695 4108 2859 4160 φησιν
2894 4093 2921 4142 ό
2954 4093 3275 4157 προφήτης·
3311 4086 3447 4139 Ἀπὸ
3485 4089 3839 4152 προσώπου
3892 4092 3991 4140 Κν-

2383 4185 2521 4252 plov
2550 4182 2638 4235 ὅτι
2663 4176 3019 4249 ἕρχεταιςἿι
3051 4179 3229 4246 δῆλον,
3265 4178 3348 4229 ὅτι
3378 4176 3516 4229 κατά
3542 4177 3636 4226 τὸν
3672 4179 3884 4246 καιρὸν
3905 4179 3994 4245 ti;

2390 4274 2654 4344 ἐνσάρκου
2682 4272 2775 4325 τοῦ
2823 4269 3059 4341 Χριστοῦ
3091 4269 3415 4337 παρουσίας,
3464 4270 3497 4336 ἡ
3534 4270 3872 4337 προφητεία
3903 4287 3993 4320 περ

2393 4366 2497 4434 πλή
2506 4382 2613 4435 pm
2624 4382 2697 4417 αι.

2461 4457 2625 4510 ’Λλλὰ
2647 4459 2712 4526 τῇ
2744 4456 2845 4524 μὲν
2876 4454 3306 4524 ὑπερφυεστάτῃ
3335 4456 3430 4503 καὶ
3465 4452 3869 4521 ύπερκοσμίῳ,
3909 4455 3993 4505 καὶ

2388 4550 2616 4619 ἀρρήτῳ
2640 4548 2734 4600 τοῦ
2768 4547 3025 4616 Σωτῆρος
3056 4544 3299 4615 Χριστοῦ
3329 4543 3473 4596 κατὰ
3508 4545 3697 4611 σᾶρκα
3736 4548 3993 4613 γεννήσει

2387 4644 2502 4702 τοῖς
2542 4640 2650 4691 τῶν
2693 4639 2972 4707 θεοφόρων
3003 4638 3267 4706 Πατέρων
3296 4635 3750 4704 ὲντρνφήσαντες
3787 4636 3991 4701 λόγοις,

2388 4732 2490 4801 ήδη
2540 4730 3034 4798 προεορτάσαμεν·
3098 4726 3238 4796 μετά
3285 4725 3531 4791 ἀγγέλων
3585 4725 3991 4791 ὑμνήσαντες·

2392 4821 2531 4890 μετὰ
2564 4819 2835 4889 ποιμένων
2862 4816 3187 4881 δοξάσαντες
3209 4832 3222 4846 ·
3260 4816 3398 4884 μετὰ
3433 4816 3627 4883 μάγων
3658 4814 3989 4883 δωροφορή-

2396 4928 2589 4973 σαντες
2610 4927 2623 4939 ·
2683 4914 2732 4964 εἰ
2761 4910 2856 4963 καὶ
2887 4909 2963 4979 μὴ
2991 4908 3192 4978 χρυσὸν
3221 4910 3317 4959 καὶ
3335 4906 3554 4957 λίϐανον
3579 4906 3677 4955 καὶ
3711 4906 3988 4975 σμύρναν·

2393 5003 2505 5054 ἀλλ’
2534 5003 2654 5055 ἀντὶ
2687 5002 2913 5062 τούτων,
2955 5002 3055 5071 τὴν
3085 5002 3163 5062 είς
3192 4999 3283 5050 τὸν
3310 4998 3547 5065 Χριστὸν
3582 4996 3779 5047 πίστιν
3800 5012 3818 5024 ·
3870 5014 3990 5065 χρυ-

2395 5092 2490 5145 σοῦ
2514 5095 2612 5161 μὲν
2634 5090 2799 5145 οὖσαν
2819 5091 3182 5160 τιμιωτέραν·
3206 5089 3427 5141 λιϐάνου
3458 5088 3537 5146 δὲ,
3565 5086 3953 5157 εὐωδεστέραν
3972 5105 3984 5115 ·

2396 5186 2641 5254 σμύρνης
2694 5185 2752 5236 δὲ
2804 5184 2907 5251 τῆς
2957 5182 3333 5250 φυλαττούσης
3377 5179 3447 5231 τὰ
3497 5178 3671 5246 νεκρά
3728 5177 3985 5244 σώματα,

2396 5276 2498 5328 ὑπε
2508 5274 2842 5344 ρδαλΜντως
2865 5273 3277 5344 ὲνεργεστέραν.
3300 5272 3377 5322 Οὐ
3403 5270 3512 5337 γὰρ
3535 5268 3606 5320 τὰ
3627 5267 3811 5335 θνητά
3832 5269 3989 5337 ἡμῶν

2397 5368 2659 5435 φυλάττει
2700 5367 2928 5435 σώματα
2947 5380 2958 5393 ·
2991 5364 3105 5416 ἀλλ’
3130 5362 3431 5423 ἀθανάτους
3461 5360 3559 5421 τὰς
3588 5359 3778 5427 ψυχας
3818 5362 3988 5429 ἀπερ-

2401 5459 2645 5522 γάζεται.
2688 5457 2800 5509 Νῦν
2850 5456 2905 5507 δὲ
2960 5456 3121 5523 ἑτέρα
3168 5450 3440 5522 παρουσία
3490 5448 3761 5517 Χριστοῦ,
3795 5450 3989 5514 ἑτέρας

2399 5549 2530 5617 ἡμῖν
2576 5548 2933 5616 ἀπαντήσεως
2984 5543 3263 5614 πρόξενος.
3314 5538 3481 5592 Δεῦτε
3527 5534 3642 5600 οῦν,
3680 5539 3985 5607 ἀγαπητοὶ,
