4142 6436
169 387 328 453 1569

1338 349 1344 355 ’
1379 384 1634 444 sermo
1686 382 1765 441 1N
1816 383 2253 448 SYMEONEM.

3305 387 3326 452 1
3340 388 3442 453 570

163 499 364 552 πάντα
416 499 574 551 ὄκνον
625 495 734 547 τῶν
792 495 978 564 ψυχῶν
1037 494 1470 566 ἀπορρίψαντες
1524 491 1768 563 λαμπροὶ

1872 493 2069 550 animis
2097 495 2313 565 abjeeto
2348 503 2565 566 torpore
2594 513 2608 562 ;
2642 495 2750 551 laeti
2781 495 2902 552 laete
2937 513 3290 557 occurramus
3319 502 3449 576 Regi

173 590 462 662 λαμπρῶς
492 591 568 660 τῷ
589 591 838 656 βασιλεῖ
870 589 990 641 τῶν
1028 589 1256 642 αἰώνων
1288 588 1382 642 καὶ
1408 588 1619 657 Σωτῆρι
1641 587 1772 653 Χρι-

172 685 306 754 στῷ
348 686 766 753 ὑπαντήσωμεν.
796 682 932 750 Φησὶ
965 680 1074 750 γὰρ
1119 681 1148 732 6
1191 677 1587 748 εὐαγγελιστὴς
1631 678 1770 729 Λου-

165 779 310 839 κᾶς,
347 777 486 845 μετᾶ
512 777 610 839 τὴν
631 776 972 845 ὀκταήμερον
1001 773 1094 825 τοῦ
1125 773 1417 842 νομοθέτου
1448 772 1586 824 κατὰ
1609 772 1770 839 νόμον

160 885 236 920 πε
249 871 520 939 ριτομὴν·
542 870 677 921 ’Ὅτε
693 867 1097 934 ἐπλήσθησαν
1127 868 1186 918 αι
1223 865 1424 933 ἡμέραι
1458 863 1563 916 τοῦ
1591 869 1770 917 καθα·

150 962 406 1028 ρισμοῦ
437 960 637 1022 αὐξῶν
669 960 818 1012 κατὰ
857 958 964 1012 τὸν
1005 959 1194 1026 νόμον
1235 960 1528 1023 Μωῢσέως
1553 975 1565 989 ο
1603 959 1772 1012 καθα-

161 1052 385 1120 ρισμοῦ
417 1053 660 1122 δηλονότι
682 1091 698 1116 ,
731 1051 830 1118 τῆς
863 1067 922 1102 τε
956 1052 1188 1120 Μαριὰμ
1229 1053 1321 1103 καὶ
1367 1052 1458 1103 τοῦ
1499 1051 1731 1120 βρέφους
1754 1068 1768 1085 ·

156 1145 275 1195 καὶ
309 1143 406 1196 τοῦ
439 1143 892 1212 προσδοκωμένου
924 1138 1063 1194 εἶναι
1105 1144 1339 1212 πυρός’
1382 1144 1527 1210 λέγω
1576 1147 1639 1214 δὴ
1675 1144 1768 1198 τοῦ

172 1234 418 1305 Ἰωσήφ.
441 1236 579 1288 Ἀλλ’
607 1236 1048 1304 ἐκπληττόμενος
1075 1238 1168 1289 ἐπὶ
1199 1241 1310 1299 τοῖς
1341 1237 1606 1306 ῥηθεῖσιν,
1636 1240 1770 1308 πρὸς

153 1327 268 1379 τὸν
308 1327 595 1381 Θεσπέσιον
628 1330 1024 1398 εὑαγγελιστὴν
1057 1330 1266 1398 εἴποιμι
1297 1330 1372 1382 ἄν
1392 1346 1404 1358 ⁸
1428 1330 1479 1382 τί
1503 1330 1701 1397 λέγεις,
1725 1325 1770 1382 ὧ

159 1421 429 1488 μακάριε
469 1419 1079 1486 Λουκᾶ.Ἔπιλελῆσθαί
1111 1438 1201 1490 μοι
1235 1419 1408 1481 δοκεῖς
1433 1420 1543 1472 τῶν
1573 1421 1770 1474 ἀνωτέ-

157 1525 257 1578 ρω
319 1511 470 1580 παρὰ
518 1512 610 1563 σοῦ
647 1513 1092 1581 συγ-γραφέντων,
1130 1513 1434 1582 ἀναρμόδια
1476 1514 1586 1582 γάρ
1632 1514 1766 1582 πρὸς

155 1601 371 1652 ἐκεῖνα
407 1601 476 1653 τὰ
509 1602 603 1654 νῦν
624 1603 772 1671 παρὰ
799 1602 891 1654 σοῦ
912 1602 1200 1670 λεγόμενα.
1226 1605 1339 1657 Οὐκ
1367 1606 1424 1655 ἐν
1443 1608 1559 1666 τοῖς
1582 1603 1763 1669 Εὑαγ·
1790 1642 1796 1647 .

156 1689 390 1754 γελίοις
433 1695 498 1760 τῇ
545 1692 856 1762 Θεομήτορι
911 1696 1004 1745 καὶ
1061 1694 1305 1764 παναγία
1359 1695 1641 1764 Παρθένῳ,
1673 1695 1762 1746 τὸν

157 1780 329 1833 Οεῖον
379 1783 620 1854 Γαϐριὴλ
665 1785 910 1852 εἰσάγεις
971 1787 1231 1851 λέγοντα⁹
1297 1787 1537 1854 Πνεῦμα
1589 1788 1759 1853 ἅγιον

1871 586 2180 640 meatorum
2201 585 2245 652 ‘,
2283 586 2547 641 Salvatori
2567 589 2807 643 Christo.
2844 589 3153 661 Aitqnippe
3172 597 3449 664 evangeli~

1871 687 1951 732 sta
1984 679 2178 744 Lucas,
2226 691 2349 750 post
2378 681 2703 752 legislatoris
2732 697 2797 736 ex
2836 683 2970 754 legis
3001 687 3213 739 ratione
3256 697 3448 744 octava

1870 769 1958 822 die
2014 770 2488 826 circumcisionem
2528 791 2540 826 :
2577 773 2867 843 Postquam
2905 777 3109 844 impleti
3164 789 3284 832 sunt
3333 781 3447 834 dies

1869 865 2198 931 purgationis
2214 881 2394 918 eorum
2415 868 2695 919 secundum
2714 867 2876 936 legem
2905 868 3098 937 Moysis
3118 872 3158 923 ⁸.
3177 871 3448 940 l’urgatio-

1871 955 1956 1006 nis
2008 956 2213 1023 utique,
2247 959 2360 1009 tum
2416 957 2614 1021 Maria,
2661 969 2773 1012 tum
2818 959 3061 1020 infantis.
3094 962 3319 1030 ejusque
3351 962 3444 1031 qui

1872 1056 2024 1114 pater
2070 1048 2482 1100 existimabatur
2528 1063 2674 1109 esse.
2732 1065 2929 1117 nempe
2977 1049 3221 1118 Josephi.
3264 1052 3445 1105 Caete-

1872 1154 1992 1190 rum
2040 1148 2274 1208 stupens
2307 1141 2371 1194 ad
2395 1142 2562 1194 verba
2598 1142 2734 1205 hzec,
2774 1142 2828 1195 in
2864 1143 3010 1195 hunc
3041 1143 3265 1196 modum
3292 1159 3446 1196 com-

1873 1234 2186 1301 pellaverim
2235 1237 2608 1290 admirabilem
2660 1237 2883 1292 Lucam.
2912 1238 3050 1301 Quid
3088 1239 3188 1302 ais,
3221 1254 3254 1290 ο
3289 1239 3446 1292 beate

1873 1323 2014 1377 Luca
2047 1325 2069 1376 ?
2104 1325 2320 1380 Videris
2363 1328 2564 1381 oblitus
2597 1343 2811 1390 eorum,
2855 1345 2976 1397 quae
3017 1329 3272 1398 superius
3307 1330 3443 1384 scri-

1869 1433 2075 1485 pseras.
2114 1417 2246 1471 Nam
2291 1420 2576 1473 dissonant
2605 1421 2701 1473 abs
2738 1430 2788 1473 te
2827 1422 2990 1474 modo
3053 1422 3218 1474 dicta.
3253 1422 3444 1476 Nonne

1867 1509 1921 1562 in
1971 1508 2276 1579 Evangeliis
2319 1512 2562 1564 divinum
2606 1513 2913 1565 Gabrieleni
2946 1513 3182 1575 inducis,
3235 1514 3286 1566 in
3330 1516 3444 1567 Iure

1866 1601 2052 1660 verba,
2105 1600 2196 1653 Dei
2244 1600 2573 1656 Genitricem
2609 1618 2673 1656 ac
2721 1606 3118 1656 sanctissimam
3167 1605 3443 1672 Virginem

1864 1691 2120 1744 aﬂantem
2143 1692 2164 1743 ?
2195 1690 2423 1758 Spiritus
2451 1703 2664 1746 sanctus
2692 1697 3015 1761 superveniet
3036 1697 3090 1747 in
3111 1706 3179 1757 te,
3213 1706 3260 1747 et
3281 1697 3444 1748 virtus

1868 1780 2126 1833 ditissimi
2170 1781 2496 1834 obumbrabit
2536 1782 2673 1834 tibi?
2708 1784 2822 1845 Qua
2871 1797 3000 1850 ergo
3042 1784 3272 1842 ratione,
3324 1799 3444 1850 qum

157 1847 586 1928 ἐπελεύσεται
622 1876 720 1928 ἐπὶ
748 1847 842 1941 σέ,
875 1878 970 1929 καὶ
1017 1847 1269 1947 δύναμις
1303 1847 1597 1946 Ὑψίστου
1635 1847 1762 1932 em-

1871 1887 1936 1926 οι
1997 1870 2206 1940 Spiritu
2252 1883 2464 1935 sancto,
2509 1887 2570 1926 ac
2603 1873 2866 1926 Altissimi
2914 1874 3114 1926 virtute
3162 1876 3442 1943 concepit,

159 1966 429 2021 σκιάσει
463 1983 594 2028 σοι;
623 1968 746 2027 Πῶς
785 1965 878 2020 οὖν
925 1972 957 2036 ἡ
1007 1973 1068 2021 ὲκ
1119 1971 1434 2039 Πνεύματος
1480 1974 1636 2040 ἁγίου
1672 1973 1765 2025 καὶ

162 2057 469 2128 δυνάμεως
508 2060 762 2128 Ὑψίστου
821 2063 1102 2132 κυήσασα,
1139 2067 1233 2114 καί
1285 2067 1357 2133 μὴ
1415 2065 1553 2116 κατὰ
1604 2066 1765 2134 νόμον

163 2149 537 2220 ἀνθρωπίνης
564 2155 810 2222 κυήσεως
835 2195 847 2213 ,
879 2155 1222 2222 καθαρισμοῦ
1255 2157 1452 2209 δέεται.
1491 2157 1610 2218 Πῶς
1641 2159 1696 2209 δὲ
1731 2159 1763 2228 ἡ

163 2241 535 2310 πληρωθεῖσα
582 2243 677 2295 τοῦ
731 2246 914 2296 πᾶσαν
968 2247 1144 2297 κτίσιν
1196 2247 1483 2318 ὁρωμένην
1531 2250 1624 2299 καὶ
1661 2250 1764 2316 ,οὐχ

164 2335 468 2404 ὁρωμένην
515 2336 878 2403 άγιάζοντος,
939 2338 1258 2406 Πνεύματος
1311 2342 1468 2405 ἁγίου
1528 2341 1768 2410 ὑπάρχει

168 2427 474 2495 ἀμέτοχος.
513 2428 637 2490 Πῶς
673 2429 729 2480 δὲ
771 2431 804 2498 ἡ
836 2429 1252 2484 ὲπισκιασθεῐσα
1281 2435 1344 2501 τῇ
1378 2431 1471 2484 τοῦ
1512 2433 1766 2501 Ὑψίστου

171 2519 451 2587 δυνάμει,
480 2521 540 2572 οὺ
575 2521 758 2590 πάσης
795 2522 1165 2592 καθαρότητος
1194 2524 1308 2576 ικαὶ
1357 2523 1627 2594 άγιασμοῦ
1665 2526 1767 2577 ὑπ-

171 2612 346 2681 άρχει
382 2613 668 2676 ἀνάπλεως
696 2613 890 2677 ;Ἀλλὰ
916 2614 984 2666 τὰ
1017 2616 1144 2684 ἑξῆς
1175 2615 1268 2668 τοῦ
1291 2616 1632 2684 ἀρχαγγέλου
1665 2618 1766 2686 ρή-

179 2721 336 2771 ματα
360 2744 374 2764 ,
405 2706 512 2755 τῶν
561 2706 836 2774 ῥηθέντων
873 2707 981 2758 εἰσὶ
1010 2707 1360 2777 φοϐερώτερα
1384 2725 1396 2736 ·
1440 2707 1588 2776 λέγει
1618 2709 1726 2778 γάρ
1749 2725 1763 2739 ⁸

175 2796 287 2846 Διὸ
333 2796 431 2847 καὶ
479 2797 544 2849 τὸ
586 2796 960 2865 γεννώμενον
999 2799 1188 2866 ἅγιον,
1228 2800 1596 2865 κληθήσεται
1637 2800 1763 2865 Υἱὸς

181 2887 359 2939 Θεοῦ.
393 2888 488 2948 Τίς
523 2885 616 2941 οῦν
645 2889 886 2951 ἀκούσας
917 2889 1107 2958 πρώην
1136 2890 1284 2959 παρᾶ
1323 2889 1413 2941 σοῦ
1447 2890 1642 2952 ταῦτα,
1675 2891 1768 2942 καὶ

178 2979 285 3031 νῦν
322 2980 534 3031 ἀκούων
571 2981 730 3034 πάλιν
769 2981 1002 3050 βοῶντός
1039 2998 1164 3033 σου·
1199 2983 1328 3035 Ὅτε
1360 2982 1767 3049 ἐπλήσθησαν

181 3072 244 3121 αἱ
282 3068 488 3136 ἡμέραι
519 3069 623 3122 τοῦ
653 3069 1027 3137 καθαρισμοῦ
1067 3069 1264 3122 αὐτῶν
1284 3086 1296 3099 ο
1333 3071 1394 3121 οὐ
1428 3069 1652 3130 δικαίως
1677 3069 1768 3119 ἐκ‹

185 3160 422 3228 πλαγε¹ις
466 3161 752 3229 ἐγκαλέσει
807 3179 908 3215 σοι.
949 3163 1012 3214 Ei
1051 3163 1157 3231 γὰρ
1203 3161 1427 3230 Πνεῦμα
1475 3159 1632 3228 ἅγιον
1670 3161 1766 3230 τὴν

185 3248 472 3318 Παρθένον
519 3250 862 3320 ἐπλήρωσεν,
898 3252 990 3302 καὶ
1029 3253 1060 3319 ὴ
1110 3250 1202 3302 τοῦ
1239 3250 1495 3318 Ὑψίστου
1541 3249 1767 3317 δύναμις

187 3343 279 3394 ἐπ’
303 3342 441 3412 αὑτῇ
477 3343 803 3394 ἐπεσκίασεν
826 3359 840 3371 ο
872 3343 965 3394 καὶ
1007 3343 1068 3393 τὸ
1113 3341 1452 3410 γεννώμενον
1483 3340 1542 3405 ἐξ
1575 3341 1766 3408 αὐτῆς,

190 3428 323 3492 Υίὺς
355 3430 453 3498 μέν
486 3432 601 3482 ἐστι
629 3431 722 3482 τοῦ
756 3431 862 3501 πρὸ
890 3432 1102 3485 αἰώνων
1124 3433 1259 3483 Θεοῦ
1287 3449 1298 3461 ·
1338 3434 1430 3484 καὶ
1459 3432 1553 3483 νῦν
1582 3431 1658 3495 δὲ,
1683 3431 1772 3483 δ.ὰ

193 3521 294 3590 τὴν
335 3522 647 3591 οἰκονομίαν
675 3524 1078 3590 κληθήσεταιο
1110 3524 1224 3586 πῶς
1271 3525 1302 3592 ἡ
1338 3524 1439 3591 τῆς
1479 3523 1631 3585 θείας
1675 3525 1770 3576 καὶ

190 3613 481 3682 όμοουσίου
517 3615 745 3683 Τριάδος
775 3615 1116 3687 γεγενημένη
1154 3615 1397 3685 μέτοχος,
1429 3617 1487 3668 οὐ
1526 3617 1684 3683 μόνον
1707 3615 1768 3666 οὐ

190 3705 439 3757 λείπεται
488 3704 764 3772 άγιασμοῦ
814 3705 909 3757 καὶ
957 3705 1312 3774 καθάρσεως·
1363 3705 1476 3758 άλλ²
1513 3707 1635 3775 οὐχὶ
1675 3706 1771 3757 καὶ

194 3795 347 3865 πάσῃ
377 3798 443 3866 τῇ
477 3797 649 3848 κτίσει
680 3796 954 3867 άγιασμοῦ
986 3797 1081 3850 καὶ
1119 3797 1441 3866 καθάρσεως
1481 3798 1773 3866 γενήσεται

193 3888 478 3957 πρόξενος.

272 3979 336 4030 Τί
375 3979 431 4030 δὲ
484 3979 621 4048 πρὸς
667 3979 842 4032 ταῦτα
887 3980 915 4031 6
967 3977 1398 4050 εὐαγγελιστίςς
1449 3979 1546 4040 οὒ,
1583 3982 1768 4051 φησὶν,

195 4069 518 4139 ἐπιλήσμων
548 4071 656 4122 τῶν
680 4072 770 4122 ὑπ’
792 4071 925 4137 ἐμοῦ
956 4071 1236 4142 ῥηθέντων
1256 4073 1514 4142 ἀνωτέρω
1537 4072 1734 4140 γέγονα
1754 4090 1768 4104 ο

195 4160 296 4212 ἀλλ
336 4160 459 4213 οὔτε
496 4162 832 4214 ἀνακόλουθα
877 4166 986 4225 τοῖς
1034 4164 1366 4232 προλαῦοῦσι
1392 4206 1406 4227 ,
1448 4165 1508 4218 τὰ
1542 4167 1634 4217 ἐπὶ
1678 4165 1770 4218 τοῦ

196 4253 467 4322 παρόντος
499 4254 732 4322 ῥηθέντα
775 4271 882 4323 μοι.
935 4255 994 4307 Ei
1043 4256 1140 4323 μὲν
1172 4255 1277 4325 γάρ
1322 4257 1534 4325 ἔμεινεν
1568 4257 1774 4309 παντά-

197 4362 364 4398 πασιν
391 4348 418 4397 6
447 4345 590 4409 θεῖος
624 4347 794 4414 Λόγος
828 4350 886 4400 ὲν
919 4350 1032 4410 τοῖς
1059 4349 1223 4410 θείοις
1259 4349 1539 4417 ὑψώμασι,
1573 4349 1664 4401 καὶ
1696 4350 1772 4421 μὴ

198 4439 522 4504 κατεδέξατο
550 4440 812 4500 ἑκουσίως
847 4437 946 4507 τὴν
979 4440 1116 4509 πρὸς
1146 4441 1245 4508 τὴν
1273 4441 1550 4508 ἡμετέραν
1578 4441 1766 4492 ταπεί·

1870 1980 1977 2018 non
2030 1979 2159 2018 vero
2193 1965 2495 2018 secundum
2527 1965 2698 2033 legem
2747 1966 3000 2019 humanae
3045 1967 3439 2034 conceptionis,

1869 2059 2190 2127 purgatione
2221 2058 2381 2126 eget?
2413 2058 2698 2121 Quomodo
2725 2067 2930 2120 autem,
2966 2073 3086 2124 qua:
3123 2072 3188 2109 eo
3221 2057 3444 2124 impleta

1869 2150 1988 2213 fuit,
2031 2151 2123 2218 qui
2174 2161 2423 2205 naturam
2470 2165 2687 2204 omnem
2726 2160 2836 2202 tum
2887 2151 3061 2202 oculis
3111 2150 3440 2216 subjectum,

1868 2253 1982 2296 tum
2028 2259 2136 2296 non
2174 2245 2560 2312 aspectabilem
2621 2243 2947 2302 sanctiﬁcat,
2983 2243 3220 2310 Spiritus
3268 2242 3444 2295 sancti

1868 2326 2062 2400 eripers
2123 2334 2394 2386 exsistit?
2439 2333 2540 2398 Qui
2566 2334 2810 2392 demum,
2871 2347 3035 2400 quam
3100 2333 3446 2386 obumbravit

1869 2425 2044 2479 virtus
2089 2425 2376 2486 Altissimi,
2421 2441 2531 2478 non
2567 2426 2714 2479 omni
2748 2426 3010 2478 munditia
3043 2439 3104 2477 ac
3154 2425 3445 2477 Sanctitate

1869 2517 2026 2584 plena
2060 2517 2175 2570 sit?
2208 2516 2404 2570 Verum
2432 2534 2551 2585 qua:
2589 2525 2892 2583 sequuntur
2925 2516 3087 2568 verba
3111 2516 3440 2582 archangeli,

1868 2609 2028 2662 dictis
2077 2609 2400 2662 terribiliora
2435 2618 2594 2671 sunt;
2624 2610 2699 2661 ait
2733 2610 2913 2661 enim:
2948 2608 3014 2660 Et
3039 2609 3154 2659 ideo
3179 2610 3317 2676 quod
3344 2625 3442 2660 na-

1870 2707 2040 2750 scetur
2063 2714 2126 2750 ea:
2148 2707 2195 2750 te
2214 2707 2474 2760 sanctum,
2503 2699 2667 2750 Filius
2699 2699 2796 2750 Dei
2829 2699 3118 2751 vocabitur.
3152 2699 3286 2762 Quis
3316 2714 3445 2769 ergo

1872 2790 1962 2842 ubi
1989 2791 2102 2844 haec
2128 2806 2303 2858 nuper
2329 2806 2390 2844 ex
2419 2800 2469 2843 te
2491 2791 2756 2850 audisset,
2791 2806 2938 2844 nunc
2968 2781 3444 2844 iterum°claman-

1871 2889 1978 2933 tem
2013 2881 2259 2942 audiens,
2292 2881 2579 2950 Postquam
2611 2882 2951 2948 impletisunt
2981 2883 3092 2935 dies
3117 2886 3446 2952 purgationis

1870 2985 2048 3021 eorum
2075 2969 2242 3040 [vulg.
2271 2971 2429 3041 ejus].
2461 2986 2566 3023 non
2593 2972 2790 3023 merito
2825 2981 3072 3040 stupens,
3108 2982 3158 3028 te
3187 2975 3448 3028 accuset?

1873 3057 2154 3125 Siquidem
2182 3060 2328 3113 enim
2354 3060 2592 3128 Spiritus
2614 3067 2837 3115 sanctus
2868 3062 3142 3133 Virginem
3177 3066 3440 3134 implevit,

1871 3164 1935 3203 ac
1955 3150 2217 3204 Altissimi
2260 3154 2431 3206 virtus
2473 3167 2641 3220 super
2679 3168 2798 3206 eam
2842 3155 3210 3221 obumbravit,
3267 3159 3446 3226 quod-

1871 3256 1978 3310 que
2022 3252 2213 3296 natum
2261 3252 2344 3296 est
2396 3244 2449 3295 in
2491 3259 2574 3306 ea,
2612 3243 2705 3298 Dei
2757 3245 2974 3312 quidem
3016 3246 3186 3302 Filius
3233 3249 3447 3304 exsistit

1871 3341 1999 3385 ante
2038 3334 2234 3386 saecula
2266 3351 2279 3397 ;
2322 3349 2469 3387 nunc
2519 3349 2652 3388 vero
2692 3336 2853 3390 etiam
2889 3339 3180 3400 vocabitur,
3235 3351 3448 3397 ratione

1871 3423 2265 3479 incarnationis
2299 3441 2312 3488 ;
2365 3426 2657 3495 quomodo,
2715 3444 2836 3495 qua:
2877 3430 3074 3484 divina:
3110 3448 3173 3485 ac
3209 3435 3446 3488 consub-

1872 3515 2148 3569 stantialis
2186 3514 2466 3570 Trinitalis
2511 3516 2616 3570 fuit
2667 3520 2862 3572 cll'ecta
2895 3521 3190 3590 particeps,
3243 3525 3447 3579 nedum

1871 3621 1980 3660 non
2017 3606 2232 3660 deﬁciet
2277 3609 2642 3663 sanctitudine
2665 3624 2726 3662 ac
2772 3611 3027 3678 puritate,
3061 3615 3193 3680 quin
3217 3624 3270 3669 et
3292 3631 3449 3670 crea-

1875 3707 2053 3752 torum
2092 3698 2454 3765 universitati,
2499 3701 2888 3757 sanctitudinis
2917 3718 2980 3757 ae
3016 3705 3273 3774 puritatis
3313 3722 3447 3762 con-

1873 3787 2107 3842 ciliatrix
2134 3789 2398 3841 exsisrct?

1944 3990 2082 4056 Quid
2127 4008 2256 4045 vero
2302 3993 2367 4047 ad
2417 3993 2532 4048 hree
2573 3998 2951 4067 evangelista?
2997 3999 3446 4075 Haudquaquam,

1876 4082 2074 4151 inquit,
2119 4085 2320 4138 obiitus
2367 4102 2484 4139 sum
2531 4103 2717 4142 eorum
2760 4107 2881 4155 qua:
2928 4092 3038 4146 dixi
3071 4097 3360 4162 superius:
3396 4109 3453 4154 at

1873 4190 2051 4243 neque
2079 4177 2189 4244 jam
2222 4185 2347 4229 ante
2391 4177 2571 4241 dictis,
2603 4196 2724 4248 qua:
2765 4183 2924 4235 modo
2957 4185 3086 4246 dixi.
3114 4189 3298 4241 minus
3320 4205 3452 4244 con-

1875 4280 2007 4318 sona
2062 4277 2210 4319 sunt.
2267 4268 2544 4336 Siquidem
2613 4272 2756 4325 enim
2809 4274 3053 4329 divinum
3099 4278 3333 4334 Verbum
3394 4283 3450 4338 in
3518 4286 3523 4290 ’

1875 4358 2076 4412 divinis
2095 4359 2316 4413 omnino
2340 4361 2627 4416 mansisset
2651 4365 3097 4432 snblimitatibns,
3131 4387 3234 4425 nec
3256 4387 3451 4442 sponte

1876 4463 1971 4501 sua
1994 4448 2058 4501 ad
2098 4457 2338 4501 nostram
2375 4463 2431 4501 se
2454 4449 2816 4505 humilitatem
2861 4454 3123 4510 inclinare
3167 4459 3446 4528 voluisset,

197 4549 363 4586 νωσιν
395 4533 825 4597 συγκατάῆασιν,
855 4531 1034 4593 καλῶς
1081 4530 1317 4595 ἐξένιζεν
1364 4533 1506 4601 ὑμᾶς
1553 4532 1670 4599 νῦν,
1701 4533 1768 4585 τὰ

1874 4541 2067 4594 merito
2091 4556 2233 4594 nunc
2253 4556 2349 4595 vos
2394 4543 2827 4609 perturbasscnt,
2853 4563 2971 4614 qua:
2997 4564 3025 4600 a
3051 4565 3138 4603 me
3156 4551 3445 4608 dicuntur:

196 4624 330 4693 παρ’
355 4623 490 4691 ἐμοῦ
532 4624 835 4691 λεγόμενα·
871 4624 920 4675 εί
964 4623 1019 4676 δὲ
1053 4622 1294 4691 ἄσαρκος
1329 4623 1405 4674 ὢν
1438 4625 1466 4676 6
1503 4624 1636 4686 Θεὸς
1677 4626 1770 4678 καὶ

197 4715 510 4785 ἀσώματος,
543 4717 702 4784 σῶμα
734 4715 832 4784 μὲν
863 4715 1216 4786 ἑψυχωμένον
1253 4717 1398 4785 ψυχῇ
1439 4715 1630 4787 λογικῇ
1676 4718 1771 4772 καὶ

197 4809 358 4878 νοερᾷ
390 4807 449 4873 ὲξ
480 4808 860 4877 άπειρογάμου
896 4807 1066 4877 κόρης
1096 4807 1330 4875 arma;
1353 4807 1765 4877 περιϐάλλεταιο

196 4902 335 4953 οίκεϊ
360 4899 417 4952 δὲ
451 4901 667 4970 μήτραν
699 4901 1129 4971 άπεριγράπτως
1167 4899 1524 4970 παρθενικὴν,
1560 4902 1588 4953 6
1628 4899 1768 4970 πλη-

200 4989 306 5058 ρῶν
357 4990 422 5041 τά
473 4987 798 5056 σύμπανταο
827 4991 1081 5056 γεννᾶται
1116 4989 1171 5041 δὲ
1203 4991 1259 5042 ὲν
1290 4992 1466 5060 χρόνῳ
1509 4990 1596 5043 διὰ
1647 4993 1772 5053 τοὺς

199 5080 302 5134 ὑπὸ
328 5081 538 5149 χρόνον,
559 5083 586 5132 6
613 5081 820 5150 χρόνων
840 5081 930 5133 καί
953 5080 1167 5135 αίώνων
1196 5082 1565 5151 πρεσϐύτερος
1583 5097 1598 5112 ⁸
1635 5083 1772 5151 μᾶλ-

199 5161 287 5218 λον
339 5168 417 5227 δὲ,
462 5171 691 5236 ποιητής
783 5168 1053 5234 ἀγκάλαις
1098 5169 1154 5222 δὲ
1214 5171 1437 5239 Μητρὸς
1491 5171 1768 5240 Παρθένου

199 5257 696 5325 περιλαμϐάνεται,
737 5259 764 5310 6
799 5259 987 5329 θρόνον
1035 5259 1172 5329 ἔχων
1205 5261 1272 5314 τὰ
1302 5264 1614 5331 Χερουϐὶμ⁸
1648 5265 1770 5332 τρέ-

201 5360 358 5412 φεται
389 5346 444 5398 δὲ
473 5347 727 5414 γάλακτι,
764 5349 793 5400 ὁ
828 5350 974 5419 πάσῃ
1009 5353 1074 5420 τῇ
1107 5352 1282 5404 κτίσει
1313 5353 1410 5422 τὴν
1439 5353 1584 5423 ζωὴν
1615 5372 1769 5424 χαρι-

201 5434 456 5505 ζόμενοςο
489 5438 682 5506 φεύγει
713 5439 770 5491 δὲ
806 5441 896 5493 καὶ
930 5442 1176 5512 Ἡρώδην
1207 5446 1287 5506 εἰς
1319 5447 1614 5512 Αἴγυπτον,
1648 5449 1674 5499 ό
1703 5448 1772 5500 τὰ

202 5529 517 5595 πρωτότοκα
549 5531 822 5598 Αἰγύπτου
855 5534 1118 5596 πατάξας,
1154 5536 1247 5586 καὶ
1272 5537 1470 5605 Φαραὼ
1496 5555 1770 5591 καταπον-

199 5615 349 5680 τίσας
387 5619 479 5672 τὸν
522 5621 782 5690 τύραννον
808 5638 822 5652 ·
866 5623 1235 5678 ὑποτάσσεται
1283 5626 1338 5678 δὲ
1376 5629 1488 5691 τοῖς
1521 5629 1769 5695 γονεῦσιν

281 5801 334 5874 8l
368 5820 507 5875 'l‘iin.
537 5839 572 5888 I,
608 5824 689 5877 i7.
769 5827 788 5856 ⁵
819 5829 947 5881 Luc.
981 5846 1037 5887 ll.
1069 5830 1159 5883 9'2.

1872 4629 1955 4682 sin
2005 4640 2208 4688 autem.
2257 4645 2382 4684 cum
2423 4631 2566 4686 Deus
2620 4645 2787 4698 esset,
2830 4651 2894 4688 ac
2935 4653 3131 4706 expers
3179 4644 3444 4709 corporis,

1872 4735 2071 4789 corpus
2093 4722 2314 4790 quidem
2349 4724 2531 4776 anima
2569 4726 2796 4780 rationis
2823 4743 2886 4780 ac
2917 4729 3226 4787 intellectus
3276 4735 3450 4790 facul-

1871 4820 1981 4865 tate
2023 4813 2246 4880 praedita
2284 4815 2582 4868 animatum
2612 4857 2625 4880 ,
2672 4832 2737 4869 ex
2777 4818 3002 4888 innupta
3051 4824 3226 4890 puella
3271 4829 3446 4883 nostri

1868 4919 2034 4958 causa
2074 4905 2270 4969 induit,
2305 4921 2367 4959 ac
2395 4907 2736 4975 virginalem,
2769 4912 2861 4979 qui
2891 4915 3073 4967 omnia
3117 4918 3324 4986 implet,
3362 4920 3447 4974 in-

1874 4995 2287 5064 circumscripta
2342 4997 2554 5052 ratione
2583 4998 2852 5055 inhabitat
2893 5013 3148 5060 uterum:
3191 5015 3352 5076 atque
3379 5009 3445 5073 is,

1873 5085 1965 5153 qui
1995 5095 2080 5141 est
2112 5089 2324 5142 saeculis
2369 5091 2682 5160 antiquior;
2713 5095 2958 5162 quinimo
2992 5097 3243 5152 conditor
3272 5114 3448 5154 s:ecu-

1873 5177 2071 5243 lorum,
2105 5177 2158 5231 in
2194 5189 2438 5248 tempore
2475 5185 2734 5249 nascitur,
2755 5196 2980 5254 propter
3010 5205 3102 5242 eos
3137 5190 3226 5257 qui
3262 5203 3449 5247 essent

1874 5269 1976 5324 sub
2001 5278 2246 5338 tempore
2275 5289 2287 5324 :
2333 5272 2518 5327 Matris
2549 5275 2789 5346 Virginis
2822 5279 2963 5331 ulnis
2996 5283 3331 5350 astringitur,
3356 5285 3448 5354 qui

1875 5360 2028 5413 sedet
2072 5375 2236 5429 super
2263 5361 2556 5416 Cherubim
2589 5382 2602 5417 :
2634 5366 2772 5420 lacte
2809 5370 3070 5433 nutritur,
3115 5373 3204 5440 qui
3250 5377 3450 5430 creatis

1874 5453 2147 5507 universis
2172 5454 2331 5506 vitam
2359 5455 2581 5525 largitur
2608 5476 2620 5510 :
2654 5460 2705 5510 in
2729 5458 3018 5529 Egyptum
3039 5478 3258 5531 quoque
3286 5463 3452 5519 Hero.

1873 5543 1994 5596 dem
2043 5543 2198 5614 fugit,
2256 5546 2347 5614 qui
2389 5549 2657 5616 percussit
2706 5551 3059 5621 primogenita
3099 5552 3335 5622 Aigypti,
3385 5571 3451 5614 ac

1875 5646 2162 5709 tyrannum
2199 5641 2538 5697 Pharaonem
2571 5642 2864 5697 submersit
2892 5664 2904 5697 :
2934 5644 3223 5715 subjicitur
3247 5659 3451 5718 paren-
