4142 6436
175 378 306 444 15Ἱ3

1355 367 1613 430 SERMO
1632 366 1728 427 ,ΙΝ
1768 365 2205 426 SYMEONEM.

3281 370 3414 438 1574

168 506 272 558 χει,
315 487 349 556 ή
377 482 577 536 τούτου.
598 481 839 550 ἄσπορος
870 477 1139 546 γέννησις.
1192 476 1266 529 Οὐ
1319 475 1428 546 γάρ
1479 476 1744 547 διήνοιξεν

1847 474 2009 530 sistit.
2043 475 2254 530 Nedum
2282 475 2429 530 enim
2472 487 2636 532 natus
2671 493 2778 532 non
2814 479 3033 549 aperuit
3064 480 3275 536 vulvam
3318 500 3417 553 pro

167 577 446 648 γεννηθεὶς
492 576 653 646 μόνον
684 573 784 642 τὴν
816 573 1032 642 μήτραν
1060 569 1202 623 κατά
1225 569 1351 632 τοὺς
1379 569 1599 631 λοιποὺς
1631 569 1744 621 τῶν

164 668 503 738 ἀνθρώπων·
538 665 676 718 ἀλλά
722 666 818 716 καὶ
868 661 1264 729 κεκλεισμένην
1310 659 1411 728 τῆς
1445 660 1743 729 παρθενίας

164 761 263 832 τὴν
289 758 464 830 πύλην
502 757 821 818 κατέλιπεν,
855 754 998 807 κατά
1031 754 1126 805 τὸν
1152 753 1441 822 προφήτην
1485 751 1744 822 Ὶεζεκιὴλ

162 853 254 905 τὸν
283 850 508 904 εἰπόντα
525 867 539 881 ·
570 848 679 902 Kal
705 844 875 900 εἶπέν
891 863 992 913 μοι
1012 846 1258 912 Κύριοςο
1287 845 1382 898 Υἱὲ
1405 843 1741 912 ἀνθρώπου,

163 947 203 1013 ἡ
243 945 408 1009 πύλη
455 942 610 1007 αὕτη
659 937 1056 1006 κεκλεισμένη
1096 936 1292 990 ἔσται.
1354 935 1566 1001 Οὐδείς
1617 938 1743 989 εισ-

163 1036 479 1088 ελεύσεται
516 1032 592 1085 δι’
623 1029 816 1099 αὐτῆς
847 1029 943 1082 καί
974 1029 1361 1092 ἐξελεύσεται
1384 1043 1397 1057 ⁸
1437 1026 1536 1080 καὶ
1574 1027 1746 1081 ἔσται

163 1123 584 1192 κεκλασμένη.
641 1122 766 1185 Πῶς
809 1115 902 1174 οὖν
932 1121 1026 1173 ἐπὶ
1071 1117 1166 1170 τοῦ
1210 1116 1287 1188 μὴ
1337 1116 1742 1181 διανοίξαντος,

164 1215 282 1268 ἀλλ’
333 1211 783 1283 ἐσφραγισμένην
833 1209 934 1280 τὴν
976 1207 1153 1277 πύλην
1206 1205 1622 1279 καταλιπόντος,
1675 1202 1745 1257 τά

162 1306 399 1360 ἐπὶτῶν
443 1305 825 1370 διανοιγόντων
867 1298 1301 1370 νομοθετηθέντα
1347 1297 1622 1367 προϐῆναι
1652 1297 1746 1349 δυ-

163 1399 437 1463 νήσεται;
479 1389 623 1444 Ἀλλ’
674 1388 798 1443 οὔτε
852 1389 1006 1457 ᾶγιον
1059 1385 1155 1439 νῦν
1206 1387 1437 1457 πρώτως
1481 1386 1745 1454 κληθῆναι

158 1483 438 1553 δεήσεται,
462 1482 524 1533 τὸ
548 1480 642 1533 καὶ
669 1479 774 1550 πρὸ
803 1478 902 1548 τῆς
933 1477 1249 1546 συλλήψεως
1276 1475 1467 1545 ἄγνον,
1491 1477 1585 1528 καὶ
1615 1476 1746 1542 Υίὸς

163 1572 335 1635 Θεοῦ,
369 1572 520 1642 παρά
550 1589 607 1624 τε
639 1571 735 1623 τοῦ
769 1569 982 1639 [ἰατρὸς
1010 1571 1104 1621 καὶ
1125 1567 1219 1622 τοῦ
1245 1568 1403 1635 ἁγίου
1429 1567 1746 1636 Πνεύματος

165 1662 638 1731 μαρτυρούμενον.
686 1659 827 1711 Ἀλλ’
850 1657 1184 1720 ἀκολούθως.
1218 1659 1313 1709 καὶ
1341 1657 1513 1710 ταῦτα
1545 1658 1745 1726 πρέπει

158 1757 228 1822 τῇ
270 1753 364 1805 τοῦ
397 1751 653 1820 Σωτῆρος
690 1750 994 1820 οίκονομίᾳ.

1845 581 1995 621 more
2040 566 2376 636 reliquorum
2409 568 2724 635 hominum,
2773 571 2904 639 quin
2959 571 3124 625 etiam
3177 573 3416 628 clausam

1844 657 2167 727 virginitatis
2193 667 2406 728 portam
2463 659 2712 728 reliquit,
2757 663 2908 729 juxta
2954 664 3100 732 quod
3154 667 3418 734 propheta

1846 746 2244 803 Ezechieldixit
2275 767 2290 804 :
2321 749 2391 803 Et
2414 752 2547 803 dixit
2577 752 2703 803 mihi
2725 751 2976 806 Dominus
3001 770 3018 807 :
3045 753 3150 808 Fili
3174 757 3418 821 hominis,

1841 851 1999 904 porta
2028 841 2138 894 hac
2170 840 2354 894 clausa
2386 843 2503 894 erit.
2531 841 2698 894 Nemo
2725 859 2817 911 per
2843 860 2960 896 eam
2999 847 3339 916 ingredietur,
3371 857 3421 901 et

1845 932 2139 1002 egredietur
2168 948 2187 986 :
2224 941 2274 986 et
2318 934 2416 986 erit
2466 933 2646 986 clausa
2695 937 2756 988 ¹⁰.
2796 935 2911 1000 Qua
2946 953 3076 1008 ergo
3121 941 3330 994 ratione
3366 941 3420 994 in

1846 1023 1914 1077 iis
1942 1025 2238 1078 constituta
2265 1025 2355 1094 qui
2386 1027 2661 1095 aperiunt,
2694 1029 2746 1079 in
2770 1044 2835 1081 eo
2866 1030 3081 1097 possint
3105 1033 3419 1098 procedere,

1845 1114 1938 1183 qui
1971 1129 2083 1167 non
2118 1115 2354 1184 aperuit,
2388 1118 2480 1170 sed
2520 1117 2756 1171 clausam
2789 1127 2997 1186 portam
3041 1119 3296 1188 reliquit?
3347 1123 3424 1177 Ac

1848 1219 2027 1273 neque
2067 1220 2214 1260 nunc
2251 1207 2486 1276 primum
2514 1222 2653 1276 opus
2697 1208 2920 1262 habebit
2957 1219 3204 1264 sanctum
3233 1212 3422 1281 appel-

1846 1294 1964 1359 lari,
1997 1297 2140 1364 quod
2180 1306 2307 1350 ante
2337 1299 2501 1352 etiam
2547 1299 2962 1369 conceptionem
2985 1341 3000 1364 ,
3049 1300 3326 1366 Sanctum,
3359 1318 3424 1357 ac

1849 1386 1944 1439 Dei
1972 1387 2162 1451 Filius,
2221 1404 2343 1441 cum
2377 1389 2581 1453 Patris,
2639 1399 2752 1443 tum
2784 1392 3022 1459 Spiritus
3064 1395 3236 1448 sancti
3272 1396 3425 1449 testi-

1845 1477 2051 1542 monio,
2092 1477 2194 1531 fuit
2222 1478 2576 1532 declaratum.
2623 1479 2913 1534 Enimvero
2950 1482 3064 1536 lucc
3093 1484 3256 1538 etiam
3290 1501 3425 1540 con-

1846 1567 2096 1636 sequenti
2133 1567 2345 1622 ratione
2376 1567 2734 1631 Salvatorem,
2791 1586 2888 1639 pro
2925 1573 3044 1641 ejus
3091 1577 3422 1642 teconomia,

1845 1673 1912 1711 ac
1938 1673 2043 1727 qua
2080 1659 2290 1713 ratione
2327 1674 2386 1713 se
2412 1659 2574 1714 nobis
2605 1659 2980 1715 incarnatione
3006 1663 3309 1728 inclinavit,
3329 1667 3425 1719 dc-

1847 1756 1995 1803 cent.

234 1845 341 1898 Kal
384 1840 454 1898 οὗ
494 1843 704 1896 δοῦναι
756 1842 979 1894 θυσίαν
1010 1839 1160 1893 κατὰ
1209 1839 1276 1892 τὸ
1319 1837 1634 1907 εἰρημένον
1672 1839 1742 1892 ἐν

1918 1839 1985 1892 Et
1999 1848 2053 1891 ut
2067 1840 2252 1893 darent
2265 1841 2489 1894 hostium
2509 1843 2792 1896 secundum
2806 1845 2944 1913 quod
2958 1847 3149 1898 dictum
3165 1857 3239 1900 est
3253 1848 3306 1900 in
3318 1849 3426 1918 lege

157 1939 324 2004 νόμῳ
357 1935 578 2002 Κιιρίου
602 1950 615 1962 ·
642 1933 844 2000 ζεῦγος
873 1935 1197 2000 τρυγόνων,
1234 1931 1272 1999 ἢ
1301 1931 1411 1984 δύο
1441 1931 1743 1997 νεοσσοὺς

158 2026 551 2095 περιστερῶν.
603 2027 786 2078 Πάντα
825 2022 1060 2092 ἁρμόδια
1103 2023 1170 2092 τῇ
1221 2021 1317 2074 τοῦ
1347 2022 1620 2091 ¹Σωτῆρος
1660 2023 1740 2074 ol-

160 2122 428 2190 κονομικῇ
461 2117 782 2171 καταϐάσει.
816 2111 998 2167 Ἷισαν
1037 2113 1136 2183 μὲν
1171 2113 1279 2182 γὰρ
1319 2114 1412 2166 καὶ
1440 2114 1595 2166 ἄλλαι
1623 2115 1744 2176 ταῖς

155 2209 479 2272 τικτούσαις
509 2207 956 2276 πολυτελέστεραι
1003 2205 1494 2276 νενομοθετημέναι
1537 2204 1740 2270 θυσίαι,

157 2296 275 2352 οἷον
308 2299 396 2351 διὰ
440 2297 732 2368 προϐάτων
785 2297 879 2347 καὶ
925 2294 1100 2348 ἄλλων
1148 2293 1342 2347 τινῶν·
1396 2293 1509 2345 ἀλλ’
1554 2293 1744 2365 ἐπειδὴ

159 2395 310 2447 ἀπαν
338 2395 400 2445 τὸ
433 2392 534 2462 τῆς
565 2389 1032 2460 ἐνανθριυπήσεως
1061 2388 1358 2457 μυστήριον
1399 2386 1488 2440 διά
1528 2386 1745 2441 ἀνεικά-

161 2502 291 2537 στου
322 2483 786 2552 συγκαταϐἀσεως
812 2482 1036 2550 γέγονεν
1053 2498 1065 2511 ο
1087 2479 1399 2542 ἀκολούθως
1417 2481 1510 2532 καὶ
1528 2480 1594 2533 τὰ
1616 2481 1743 2549 περὶ

159 2580 438 2646 τρυγόνων
453 2577 544 2628 καὶ
560 2573 897 2643 περιστερῶν
928 2572 1396 2643 νενομοθετημένα
1425 2570 1540 2633 νῦν,
1556 2572 1745 2624 τεθέα-

159 2683 272 2719 ται.
300 2667 410 2718 Καὶ
433 2665 612 2726 καλῶς
633 2667 660 2717 ὁ
689 2663 973 2724 θεσπέσιος
997 2662 1206 2725 Παῦλος
1241 2663 1418 2715 πάντα
1447 2663 1510 2730 τῇ
1537 2661 1746 2732 διανοίᾳ

162 2754 494 2824 περιλαϐὼν,
532 2752 912 2822 ἐκπληκτικῶς
963 2751 1285 2821 ἀνεϐόησεν’
1328 2752 1431 2814 “0(-
1474 2749 1547 2801 δι’
1589 2748 1746 2818 ἡμᾶς

160 2846 572 2915 ἐπτώχευσεν,
603 2845 901 2910 πλούσιος
931 2842 1037 2904 ὢν,
1069 2843 1170 2895 ἵνα
1196 2842 1367 2910 ἡμεῖς
1414 2839 1487 2908 τῇ
1508 2842 1745 2895 ἐκείνου

163 2939 425 3005 πτωχείᾳ
467 2935 932 3004 πλουτήσωμεν.
967 2934 1110 3004 Πλὴν
1141 2934 1223 2986 ὃτι
1264 2935 1358 2985 καὶ
1389 2933 1451 2985 τὸ
1489 2932 1746 3002 φαινόμε-

163 3047 278 3090 νον,
314 3031 414 3082 οὐκ
447 3027 744 3098 ἀσυντελὴς
779 3027 916 3098 πρὸς
951 3026 1013 3078 τὸ
1047 3027 1345 3097 μυστήριον
1389 3027 1422 3094 ή
1462 3024 1748 3095 προσφορά

163 3121 260 3172 τοῦ
306 3120 511 3190 Κυρίου
560 3119 876 3188 ἐτύγχανεν.
915 3120 979 3170 Al
1031 3117 1132 3184 μὲν
1159 3117 1270 3184 γὰρ
1315 3117 1597 3184 τρυγόνες,
1647 3114 1816 3210 τὴν(Ξ

167 3213 525 3283 σωφροσύνην
570 3210 665 3263 καὶ
692 3211 788 3280 τὴν
837 3210 1057 3278 ἁγνείαν
1095 3208 1194 3277 τῆς
1223 3205 1614 3275 Ἀειπαρθένου
1648 3206 1744 3258 καὶ

165 3303 431 3354 Θεοτόκου
466 3302 760 3370 ἐτήμαινον
784 3317 797 3331 ·
822 3302 877 3354 αἱ
915 3299 970 3351 δὲ
996 3297 1318 3367 περιστεραὶ
1367 3295 1466 3366 τὴν
1493 3296 1571 3358 εἰς
1599 3296 1744 3364 ἡμᾶς

165 3393 373 3459 ἄφατον
411 3391 842 3463 φιλανθρωπίαν,
874 3391 967 3442 καὶ
1001 3390 1096 3458 τὴν
1127 3390 1190 3440 ἐκ
1236 3386 1554 3457 Πνεύματος
1582 3386 1745 3455 ἁγίου

165 3483 478 3550 οἰκονομίαν
503 3483 603 3550 τῆς
634 3481 930 3549 κυοφορίας
961 3479 1201 3548 ἐδήλουν.

240 3573 347 3626 Kal
375 3572 503 3625 ἰδοὺ
521 3569 596 3641 ἦν
622 3571 932 3638 ἅνθρωπος
1051 3567 1465 3636 Ἰερουσαλὴμ,
1491 3561 1538 3634 ᾧ
1561 3566 1748 3634 ὄνομα

168 3664 416 3734 Συμεών
438 3680 452 3694 ⁸
483 3663 583 3717 καὶ
618 3665 650 3715 ὀ
682 3663 992 3730 ἄνθρωπος
1027 3657 1224 3724 οὗτος,
1255 3659 1483 3724 δίκαιος
1514 3659 1612 3712 καί
1647 3661 1748 3711 εὑ-

165 3755 382 3819 λυϐἠς.
446 3755 721 3823 Ἀρκείται
769 3755 991 3823 ῥήματα
1029 3750 1124 3803 τοῦ
1165 3748 1578 3817 εὐαγγελιστοῦ,
1615 3749 1749 3818 πρὸς

167 3848 227 3897 τὸ
264 3845 613 3914 παραστῆσαι
643 3844 742 3914 τὴν
771 3842 864 3896 τοῦ
896 3841 1122 3910 Συμεὼν
1159 3842 1440 3908 ἀγιότητα.
1491 3838 1749 3906 Προσδε-

166 3938 425 4003 χόμενος
469 3933 857 4001 παράκλησιν
889 3933 995 3986 τοῦ
1035 3930 1314 3998 Ἰσραήλ·
1354 3931 1532 3996 Ὅπερ
1581 3927 1748 3998 ἡγοῦ·

171 4043 270 4092 μαι
303 4024 613 4093 σημαίνειν,
645 4021 1054 4092 φιλανθρωπίαν
1085 4019 1302 4072 ἔσεσθαι
1353 4021 1416 4070 ἐκ
1455 4017 1590 4070 Θεοῦ
1624 4017 1749 4085 μέλ-

165 4116 369 4167 )νουταν
419 4115 497 4185 τῷ
557 4115 798 4186 Ἰσραήλ.
856 4115 924 4165 Ἢ
971 4111 1068 4167 καὶ
1109 4111 1284 4172 ἄλλως
1334 4127 1469 4162 πως.
1532 4107 1748 4177 Ἐπειδὴ

164 4208 279 4275 γὰρ
321 4208 537 4276 Ἰσραὴλ
561 4208 707 4272 νοῦς
735 4205 890 4274 ὀρῶν
917 4205 1062 4270 θεὸς
1093 4203 1448 4275 ἐρμηνεύεττσ
1474 4217 1488 4231 °
1534 4200 1749 4254 ἐπένθει

165 4298 226 4350 δὲ
257 4298 461 4365 νοητῶς
512 4299 621 4360 πᾶς
662 4297 787 4360 νοῦς
821 4296 1180 4366 θεωρητικὸς,
1230 4295 1318 4348 διὰ
1347 4294 1444 4364 τὴν
1477 4299 1751 4363 κρατήσα-

167 4405 271 4440 σαν
306 4389 514 4459 πλάνην
550 4389 648 4458 τῆς
682 4386 954 4454 ἀγνωσίας
982 4388 1109 4449 τοὺς
1136 4384 1492 4456 ἀνθρώπους·
1525 4384 1750 4444 εἰκότως

1848 1931 2089 1995 Domini;
2110 1942 2511 2000 parturturum,
2530 1943 2624 1985 aut
2641 1942 2770 1987 duos
2787 1935 2959 2003 pullos
2974 1937 3336 1991 columbarum
3357 1940 3420 1995 “.

1843 2021 2164 2091 (Zongruuut
2196 2021 2402 2086 omnia,
2431 2023 2528 2089 illi,
2564 2040 2726 2093 quam
2768 2039 2828 2079 se
2863 2025 3022 2079 nobis
3054 2024 3303 2081 Salvator
3337 2029 3424 2082 in-

1844 2109 2119 2174 clinando,
2152 2111 2616 2179 dispensationem
2649 2114 2838 2183 gessit.
2870 2112 3001 2167 Nam
3031 2117 3426 2185 erantquidem

1844 2203 2009 2257 etiam
2052 2204 2406 2273 pretiosiores
2445 2205 2637 2258 hostia:
2663 2206 2781 2259 alia:
2812 2207 3147 2276 parientibus
3173 2212 3426 2278 priescrio

1844 2303 1986 2364 ptaa;
2027 2304 2156 2364 puta
2191 2311 2287 2364 per
2325 2310 2489 2358 oves,
2520 2311 2582 2349 ac
2624 2296 2873 2364 quasdam
2909 2299 3054 2351 alia:
3086 2301 3211 2366 quia
3245 2309 3426 2354 tamen

1846 2388 2164 2443 universum
2221 2387 2622 2444 Iucaruationis
2678 2390 3039 2460 mysterium,
3102 2392 3426 2446 immensum

1844 2481 2133 2549 quamdam
2160 2481 2573 2535 inclinationem
2602 2482 2809 2547 habuit,
2840 2482 2888 2536 ei
2935 2494 3302 2539 consentanee
3331 2485 3427 2538 ha-

1846 2572 2032 2626 bentia
2067 2572 2229 2625 modo
2261 2573 2426 2625 etiam
2458 2581 2678 2627 ostensa
2709 2583 2858 2638 sunt,
2887 2589 3007 2644 qua:
3027 2576 3095 2630 de
3124 2579 3427 2631 tu-rturihus

1846 2679 1910 2716 ac
1943 2662 2211 2716 columbis
2242 2672 2401 2716 erant
2434 2664 2550 2733 lege
2578 2665 2911 2733 praescripta.
2948 2665 3092 2720 Bene
3122 2676 3301 2720 autem
3332 2669 3426 2721 ad-

1848 2753 2110 2807 mirabilis
2150 2753 2366 2813 Paulus,
2404 2755 2589 2808 animo
2619 2766 2816 2810 cuncta
2845 2757 3214 2825 complectens
3239 2799 3253 2820 ,
3307 2768 3427 2811 stu-

1847 2859 1978 2912 porc
2008 2844 2329 2897 exclamavit
2361 2863 2374 2896 :
2404 2842 2631 2912 Propter
2661 2862 2752 2898 nos
2779 2863 2968 2916 egenus
2990 2846 3164 2916 factus
3189 2859 3285 2909 est,
3310 2865 3427 2901 cum

1848 2943 1978 2986 esset
2012 2934 2151 2986 dives
2179 2974 2192 2996 ,
2235 2943 2289 2985 ut
2321 2934 2463 2986 illius
2513 2951 2603 2986 nos
2652 2937 2833 3004 inopia
2881 2937 3063 2989 divites
3109 2953 3335 2991 essemus
3362 2940 3426 2993 ¹¹.

1848 3021 2142 3088 Caeterum,
2175 3025 2319 3093 quod
2353 3035 2407 3078 et
2443 3026 2620 3094 palam
2660 3043 2746 3080 res
2776 3027 3137 3095 praeferebat,
3191 3030 3284 3082 fuit
3321 3031 3427 3081 Do-

1850 3115 2050 3168 miniea
2081 3115 2286 3169 oblatio
2334 3117 2478 3169 haud
2519 3117 2725 3170 inutilis
2769 3119 2835 3172 ad
2891 3121 3230 3189 mysterium.
3289 3121 3424 3176 Nam

1850 3214 2092 3260 turtures
2123 3207 2366 3275 quidem,
2402 3209 2720 3276 pudicitiam
2755 3224 2818 3263 ac
2848 3212 3159 3263 castitatem
3208 3226 3425 3280 semper

1848 3296 2089 3368 Virginis
2126 3313 2189 3352 ac
2223 3298 2315 3353 Dei
2366 3299 2662 3354 Geuilricis
2692 3301 3108 3370 significabant;
3163 3302 3429 3359 columbae

1846 3399 2054 3448 autem.
2075 3390 2407 3444 ineffabilem
2446 3392 2500 3443 in
2525 3407 2626 3444 nos
2653 3392 2743 3444 Dei
2773 3392 3138 3445 clementiam.
3157 3408 3430 3462 quamth

1848 3479 2084 3549 Spiritus
2118 3489 2340 3534 sanctus
2365 3479 2750 3534 fecunditatem
2783 3481 3084 3550 dispensat,
3112 3498 3174 3535 ac
3210 3483 3358 3535 facit.

1917 3570 1985 3622 Et
2006 3587 2118 3623 ecce
2134 3571 2286 3623 homo
2305 3579 2420 3622 erat
2441 3571 2496 3622 in
2516 3570 2831 3631 Jerusalem,
2859 3572 2945 3622 cui
2965 3586 3150 3623 nomen
3170 3569 3425 3639 Symeon,

1848 3670 1895 3714 et
1925 3661 2078 3714 homo
2107 3663 2202 3715 iste
2231 3662 2412 3730 justus
2443 3670 2490 3715 et
2535 3663 2816 3715 timoratus
2852 3663 2915 3715 ⁸³.
2961 3662 3248 3716 Sufficiunt
3277 3664 3427 3715 Scri-

1850 3762 2022 3822 ptura:
2067 3753 2182 3821 ipsa
2213 3753 2378 3806 verba
2408 3754 2474 3809 ad
2511 3753 2797 3824 Symeouis
2823 3753 3203 3806 declarandam
3235 3755 3421 3807 sancti-

1852 3853 2035 3899 tatem.
2073 3844 2396 3913 Exspectans
2429 3845 2835 3898 consolationem
2868 3843 3036 3897 Israel
3065 3861 3083 3898 :
3113 3847 3254 3914 quod
3299 3857 3425 3913 puto

1849 3934 2174 4004 significare,
2201 3951 2363 4004 quam
2397 3936 2540 3990 Deus
2565 3936 2747 3990 lsraeli
2777 3937 3122 3990 clementiam
3155 3953 3217 3991 ac
3257 3938 3424 3992 beni-

1849 4025 2112 4094 gnitatcin
2143 4025 2489 4079 exhibiturus
2517 4034 2653 4078 erat.
2685 4025 2795 4078 Aut
2846 4025 3010 4079 etiam
3055 4026 3158 4080 alia
3192 4028 3423 4084 ratione.

1849 4115 1987 4180 Quia
2022 4116 2168 4168 enim
2212 4114 2413 4180 Israel,
2469 4132 2609 4168 mens
2654 4115 2822 4168 Deum
2865 4117 3044 4169 uidens
3096 4117 3424 4184 exponitur;

1851 4221 2008 4260 mens
2036 4216 2218 4259 autem
2258 4207 2438 4260 omnis
2465 4206 2915 4276 contemplationi
2963 4207 3146 4262 dedita
3167 4248 3182 4273 ,
3211 4209 3429 4278 spirita-

1852 4297 1977 4351 liter
2017 4298 2258 4366 lugebat,
2291 4307 2516 4366 propter
2545 4312 2787 4352 errorem
2811 4313 2874 4351 ac
2905 4299 3286 4367 ignorantiam,
3317 4316 3428 4368 quo

1853 4390 2143 4442 tenebatur
2175 4390 2471 4442 humanum
2514 4403 2726 4459 genus;
2782 4388 2980 4442 merito
3014 4389 3285 4460 Symeon,
3331 4391 3426 4460 qui

160 4479 194 4530 ὁ
237 4481 462 4548 Συμεὼν
509 4479 716 4540 δίκαιος
765 4477 839 4531 ὢν
901 4478 992 4530 καὶ
1047 4475 1368 4549 προφητικῷ
1423 4474 1746 4546 προϐλέπων

1847 4476 2026 4544 justus
2042 4487 2206 4538 esset,
2237 4491 2300 4530 ac
2317 4477 2634 4546 pr0phetico
2658 4491 2822 4531 sensu
2850 4478 3207 4546 prospiceret,
3236 4493 3428 4532 acees~

163 4570 425 4638 νοήματι,
457 4569 720 4638 ἀνέμενεν
749 4570 847 4638 τὴν
876 4567 1178 4638 μέλλουσαν
1211 4565 1428 4619 ἔσεσθαι
1459 4564 1743 4636 παράκλη-

164 4676 257 4712 σιν
293 4659 372 4729 τῷ
410 4660 584 4731 νοητῷ
624 4658 856 4731 Ἰσραὴλ,
890 4659 977 4712 διὰ
1004 4659 1101 4729 τῆς
1141 4658 1236 4711 τοῦ
1279 4658 1529 4726 Σωτῆρος
1562 4658 1745 4728 ἐπιδη-

164 4751 322 4821 μίας.
350 4753 458 4805 Kal
503 4751 746 4820 Πνεῦμα
776 4751 947 4821 ἅγιον
982 4750 1061 4819 ἦν
1095 4751 1188 4803 ἐπ’
1221 4750 1406 4815 αὐτῷ.
1460 4750 1745 4820 Μακάριος

161 4837 238 4905 εἷ,
273 4835 318 4893 ὦ
347 4842 651 4912 πρεσϐύτα,
679 4843 759 4895 ὄτι
787 4841 1098 4916 Πνεῦματος
1123 4841 1543 4910 κατοικητήριον
1580 4838 1744 4908 ἠξιώ-

161 4926 268 5002 θης
296 4935 571 5001 γενέαθαι.

237 5027 348 5078 Kal
385 5022 466 5096 ἦν
501 5025 657 5090 αὑτῷ
689 5023 1246 5094 κεχρηματισμένον
1273 5023 1392 5078 ὑπὸ
1419 5021 1525 5075 τοῦ
1556 5023 1742 5074 Πνεύ-

156 5133 350 5184 ματος
388 5117 492 5170 τοῦ
536 5118 709 5186 ἁγίου
741 5117 828 5185 μὴ
858 5115 1013 5170 ἰδεῖν
1050 5115 1330 5180 θάνατον,
1364 5114 1504 5180 πρὶν
1533 5111 1610 5165 ἂν
1643 5112 1742 5180 ἴδῃ

158 5206 276 5256 τὸν
323 5207 581 5271 Χριστὸν
635 5206 878 5274 Κυρίου.
938 5206 1053 5257 Ούκ
1107 5200 1258 5257 εἷπον
1319 5202 1610 5271 ἀνωτέρω,
1661 5201 1744 5252 ὅτι

159 5296 492 5367 προφητικῷ
520 5297 726 5367 ὄμματι
759 5298 1021 5367 ἀνέμενεν
1069 5298 1097 5348 ό
1126 5295 1437 5366 πρεσϐύτης
1467 5293 1566 5362 τὴν
1592 5292 1744 5360 παρὰ

157 5385 264 5439 τοῦ
322 5389 574 5458 Σωτῆρος
634 5389 1016 5458 παράκ).ησιν;
1078 5388 1207 5440 Ἰδοὺ
1258 5387 1435 5455 σαφὴς
1490 5384 1596 5436 τῶν
1638 5383 1744 5454 πρὸ

158 5476 361 5530 τούτου
403 5477 679 5548 ῥηθέντων
713 5476 1006 5542 ἀπόδειξις.
1067 5473 1452 5543 Ἀπεκαλύφθη
1507 5472 1615 5539 γὰρ
1666 5473 1743 5542 τῷ

163 5569 447 5639 προφήτῃ,
480 5571 663 5638 φησιν,
687 5569 762 5632 ὡς
784 5570 883 5622 οὐκ
910 5569 976 5620 ἂν
1007 5568 1200 5635 φθάσοι
1223 5566 1316 5618 τοῦ
1349 5565 1464 5634 βίον
1491 5564 1550 5614 τὸ
1570 5561 1746 5627 τέλος,

240 5745 282 5776 ⁸⁸
319 5743 512 5803 Ezeeh.
542 5763 681 5811 xuv,
717 5747 771 5801 2.
851 5748 891 5778 ¹¹
920 5745 1050 5800 ibid.
1078 5745 1168 5799 24.
1252 5745 1293 5776 ¹²
1320 5745 1359 5798 ΙΙ
1383 5743 1506 5798 Cor.
1537 5757 1653 5806 vm,
1679 5741 1731 5797 9.

1847 5742 1854 5772 '
1878 5742 2011 5796 ibid.
2039 5741 2130 5795 25.

1849 4581 2031 4619 suram
2069 4568 2421 4636 exspectabat
2462 4567 2693 4635 spiritali
2724 4566 2908 4620 lsraeli
2933 4608 2948 4633 ,
2996 4583 3094 4637 per
3128 4567 3427 4622 Salvatoris

1849 4661 2141 4712 adventum
2173 4658 2623 4712 consolationem.
2660 4657 2726 4710 Et
2749 4656 2978 4726 Spiritus
3002 4667 3215 4711 sanctus
3234 4669 3347 4711 erat
3370 4660 3426 4712 in

1849 4767 1928 4802 eo.
1963 4749 2156 4802 Beatus
2191 4763 2270 4811 es,
2306 4763 2339 4801 ο
2367 4763 2529 4802 senex
2557 4788 2572 4814 ,
2618 4748 2710 4818 qui
2743 4747 2915 4802 sancti
2948 4747 3183 4817 Spiritus
3218 4749 3427 4802 habita-

1851 4841 2030 4895 culum
2056 4839 2321 4894 merueris
2349 4838 2508 4893 eflici.

1920 5021 1988 5074 Et
2020 5037 2322 5090 responsum
2352 5029 2622 5089 acceperat
2651 5035 2683 5071 a
2713 5017 2922 5088 Spiritu
2947 5027 3129 5070 sancto
3150 5060 3166 5083 ,
3215 5034 3319 5071 non
3350 5020 3426 5072 vi-

1848 5128 2030 5165 surum
2063 5128 2118 5165 se
2151 5121 2388 5175 mortem,
2418 5110 2521 5161 nisi
2560 5110 2708 5177 prius
2735 5108 2933 5162 videret
2956 5107 3218 5163 Christum
3241 5108 3391 5162 Domi
3402 5139 3421 5149 -

1847 5204 1901 5257 ni
1933 5202 1995 5255 “.
2046 5201 2238 5256 Nonne
2290 5203 2430 5256 bene
2483 5200 2735 5268 superius
2765 5199 3050 5262 dicebam,
3105 5200 3423 5268 prophetico

1846 5309 2034 5348 senem
2072 5295 2267 5347 obtutu
2301 5301 2622 5363 exspectare
2658 5291 2893 5344 futuram
2920 5305 2951 5342 a
2981 5288 3261 5343 Salvatore
3291 5305 3427 5343 cun-

1846 5382 2208 5437 solationem?
2249 5383 2328 5437 En
2358 5382 2644 5452 perspicua
2676 5379 2830 5449 prius
2853 5379 3118 5433 dictorum
3151 5380 3419 5447 probatio.

1847 5472 2005 5536 Nam,
2047 5471 2244 5540 inquit,
2275 5470 2452 5525 fuerat
2479 5470 2778 5524 revelatum
2805 5466 3104 5537 prophetaz,
3134 5480 3242 5518 non
3269 5465 3423 5533 prius

1848 5568 2136 5615 venturum
2159 5562 2283 5616 vitae
2322 5562 2483 5615 finem
2511 5601 2526 5625 ,
2559 5573 2719 5630 quam
2752 5558 2960 5612 videret
2988 5555 3266 5612 Christum
3318 5554 3424 5608 Do-

2208 5739 2250 5772 ”
2281 5737 2411 5793 ibid.
2444 5737 2534 5792 26.
