  <div class='ocr_page' id='page_1' title='image "/cluster/home/n/w/nwhite01/storage/ocr_20150623/93/nnc1.0046980059/768.png"; bbox 0 0 4142 6436; ppageno 0'>
   <div class='ocr_carea' id='block_1_1' title="bbox 103 333 225 396">
    <p class='ocr_par' dir='ltr' id='par_1_1' title="bbox 103 333 225 396">
     <span class='ocr_line' id='line_1_1' title="bbox 103 333 225 396; baseline 0.008 -2"><span class='ocrx_word' id='word_1_1' title='bbox 103 333 225 396; x_wconf 81' lang='grc'><strong>1577</strong></span> 
     </span>
    </p>
   </div>
   <div class='ocr_carea' id='block_1_2' title="bbox 1271 337 2105 401">
    <p class='ocr_par' dir='ltr' id='par_1_2' title="bbox 1271 337 2105 401">
     <span class='ocr_line' id='line_1_2' title="bbox 1271 337 2105 401; baseline 0.004 -4"><span class='ocrx_word' id='word_1_2' title='bbox 1271 337 1523 397; x_wconf 80' lang='lat' dir='ltr'><strong>SEBMO</strong></span> <span class='ocrx_word' id='word_1_3' title='bbox 1558 337 1638 395; x_wconf 78' lang='lat' dir='ltr'><strong>IN</strong></span> <span class='ocrx_word' id='word_1_4' title='bbox 1677 338 2105 401; x_wconf 74' lang='lat' dir='ltr'><strong>SYMEONEM.</strong></span> 
     </span>
    </p>
   </div>
   <div class='ocr_carea' id='block_1_3' title="bbox 3187 347 3320 411">
    <p class='ocr_par' dir='ltr' id='par_1_3' title="bbox 3187 347 3320 411">
     <span class='ocr_line' id='line_1_3' title="bbox 3187 347 3320 411; baseline 0.023 -3"><span class='ocrx_word' id='word_1_5' title='bbox 3187 347 3320 411; x_wconf 77' lang='lat'><strong>1578</strong></span> 
     </span>
    </p>
   </div>
   <div class='ocr_carea' id='block_1_4' title="bbox 162 408 1664 519">
    <p class='ocr_par' dir='ltr' id='par_1_4' title="bbox 162 440 1654 513">
     <span class='ocr_line' id='line_1_4' title="bbox 162 440 1654 513; baseline -0.001 -18"><span class='ocrx_word' id='word_1_6' title='bbox 162 441 286 507; x_wconf 76' lang='grc' dir='ltr'><em>Φῶς</em></span> <span class='ocrx_word' id='word_1_7' title='bbox 334 442 420 507; x_wconf 78' lang='grc' dir='ltr'><strong>είς</strong></span> <span class='ocrx_word' id='word_1_8' title='bbox 454 440 845 510; x_wconf 70' lang='grc' dir='ltr'><strong>ἀποκάλυψιν</strong></span> <span class='ocrx_word' id='word_1_9' title='bbox 884 441 1093 497; x_wconf 74' lang='grc' dir='ltr'><strong>ἐθνῶν.</strong></span> <span class='ocrx_word' id='word_1_10' title='bbox 1143 443 1319 513; x_wconf 80' lang='grc' dir='ltr'><strong>Ὅπερ</strong></span> <span class='ocrx_word' id='word_1_11' title='bbox 1356 444 1523 505; x_wconf 71' lang='grc' dir='ltr'><strong>ἐστὶν,</strong></span> <span class='ocrx_word' id='word_1_12' title='bbox 1576 444 1654 504; x_wconf 83' lang='grc' dir='ltr'><strong>εις</strong></span> 
     </span>
    </p>
   </div>
   <div class='ocr_carea' id='block_1_5' title="bbox 1764 408 3331 519">
    <p class='ocr_par' dir='ltr' id='par_1_5' title="bbox 1828 408 3331 519">
     <span class='ocr_line' id='line_1_5' title="bbox 1828 408 3331 519; baseline 0.009 -24"><span class='ocrx_word' id='word_1_13' title='bbox 1828 442 2026 497; x_wconf 83' lang='lat' dir='ltr'><strong><em>Lumen</em></strong></span> <span class='ocrx_word' id='word_1_14' title='bbox 2060 447 2130 497; x_wconf 84' lang='lat' dir='ltr'><strong>ad</strong></span> <span class='ocrx_word' id='word_1_15' title='bbox 2165 447 2527 500; x_wconf 71' lang='lat' dir='ltr'><strong>reuelationem</strong></span> <span class='ocrx_word' id='word_1_16' title='bbox 2556 449 2787 518; x_wconf 75' lang='lat' dir='ltr'><strong>gentium</strong></span> <span class='ocrx_word' id='word_1_17' title='bbox 2810 450 2873 505; x_wconf 81' lang='lat'><strong>&quot;.</strong></span> <span class='ocrx_word' id='word_1_18' title='bbox 2908 449 3109 519; x_wconf 78' lang='lat' dir='ltr'><strong>Nempe</strong></span> <span class='ocrx_word' id='word_1_19' title='bbox 3131 455 3196 508; x_wconf 76' lang='lat' dir='ltr'><strong>ad</strong></span> <span class='ocrx_word' id='word_1_20' title='bbox 3226 408 3331 509; x_wconf 71' lang='lat' dir='ltr'><strong>hoe</strong></span> 
     </span>
    </p>
   </div>
   <div class='ocr_carea' id='block_1_6' title="bbox 90 533 1656 602">
    <p class='ocr_par' dir='ltr' id='par_1_6' title="bbox 90 533 1656 602">
     <span class='ocr_line' id='line_1_6' title="bbox 90 533 1656 602; baseline -0.001 -15"><span class='ocrx_word' id='word_1_21' title='bbox 90 534 380 601; x_wconf 76' lang='grc' dir='ltr'><strong>ἀνάὸλεψιν</strong></span> <span class='ocrx_word' id='word_1_22' title='bbox 423 534 517 584; x_wconf 75' lang='grc' dir='ltr'><strong>καὶ</strong></span> <span class='ocrx_word' id='word_1_23' title='bbox 570 535 649 594; x_wconf 74' lang='grc' dir='ltr'><strong>εἰς</strong></span> <span class='ocrx_word' id='word_1_24' title='bbox 703 534 1019 601; x_wconf 85' lang='grc' dir='ltr'><strong>φωτισμὸν,</strong></span> <span class='ocrx_word' id='word_1_25' title='bbox 1071 533 1178 586; x_wconf 78' lang='grc' dir='ltr'><strong>τῶν</strong></span> <span class='ocrx_word' id='word_1_26' title='bbox 1233 534 1557 602; x_wconf 79' lang='grc' dir='ltr'><strong>καθημένων</strong></span> <span class='ocrx_word' id='word_1_27' title='bbox 1601 536 1656 586; x_wconf 82' lang='grc' dir='ltr'><strong>ὲν</strong></span> 
     </span>
    </p>
   </div>
   <div class='ocr_carea' id='block_1_7' title="bbox 91 620 1658 690">
    <p class='ocr_par' dir='ltr' id='par_1_7' title="bbox 91 620 1658 690">
     <span class='ocr_line' id='line_1_7' title="bbox 91 620 1658 690; baseline 0 -17"><span class='ocrx_word' id='word_1_28' title='bbox 91 624 268 675; x_wconf 81' lang='grc' dir='ltr'><strong>σκότει</strong></span> <span class='ocrx_word' id='word_1_29' title='bbox 309 622 400 673; x_wconf 69' lang='grc' dir='ltr'><strong>καὶ</strong></span> <span class='ocrx_word' id='word_1_30' title='bbox 431 622 560 690; x_wconf 80' lang='grc' dir='ltr'><strong>σκιᾷ</strong></span> <span class='ocrx_word' id='word_1_31' title='bbox 604 620 855 685; x_wconf 75' lang='grc' dir='ltr'><strong>θανάτου,</strong></span> <span class='ocrx_word' id='word_1_32' title='bbox 901 621 1105 674; x_wconf 75' lang='grc' dir='ltr'><strong>ἐθνῶν·</strong></span> <span class='ocrx_word' id='word_1_33' title='bbox 1141 621 1249 675; x_wconf 79' lang='grc' dir='ltr'><strong>Καὶ</strong></span> <span class='ocrx_word' id='word_1_34' title='bbox 1287 621 1478 684; x_wconf 81' lang='grc' dir='ltr'><strong>δόξαν</strong></span> <span class='ocrx_word' id='word_1_35' title='bbox 1504 620 1658 675; x_wconf 75' lang='grc' dir='ltr'><strong>,ιιιοῦ</strong></span> 
     </span>
    </p>
   </div>
   <div class='ocr_carea' id='block_1_8' title="bbox 84 711 1659 783">
    <p class='ocr_par' dir='ltr' id='par_1_8' title="bbox 84 711 1659 783">
     <span class='ocr_line' id='line_1_8' title="bbox 84 711 1659 783; baseline -0.001 -18"><span class='ocrx_word' id='word_1_36' title='bbox 84 731 199 766; x_wconf 88' lang='grc' dir='ltr'><strong>σου</strong></span> <span class='ocrx_word' id='word_1_37' title='bbox 240 711 506 781; x_wconf 75' lang='grc' dir='ltr'><strong>Ἰσραήλ.</strong></span> <span class='ocrx_word' id='word_1_38' title='bbox 544 711 608 764; x_wconf 82' lang='lat' dir='ltr'><strong>El</strong></span> <span class='ocrx_word' id='word_1_39' title='bbox 640 711 749 782; x_wconf 81' lang='grc' dir='ltr'><strong>γὰρ</strong></span> <span class='ocrx_word' id='word_1_40' title='bbox 789 712 885 766; x_wconf 74' lang='grc' dir='ltr'><strong>καὶ</strong></span> <span class='ocrx_word' id='word_1_41' title='bbox 919 713 993 782; x_wconf 82' lang='grc' dir='ltr'><strong>μὴ</strong></span> <span class='ocrx_word' id='word_1_42' title='bbox 1025 713 1222 774; x_wconf 85' lang='grc' dir='ltr'><strong>πάντες</strong></span> <span class='ocrx_word' id='word_1_43' title='bbox 1251 714 1297 765; x_wconf 78' lang='grc' dir='ltr'><strong>οἱ</strong></span> <span class='ocrx_word' id='word_1_44' title='bbox 1331 712 1405 775; x_wconf 65' lang='grc' dir='ltr'><strong>ἐξ</strong></span> <span class='ocrx_word' id='word_1_45' title='bbox 1450 711 1659 783; x_wconf 77' lang='grc' dir='ltr'><strong>Ἰσραὴλ</strong></span> 
     </span>
    </p>
   </div>
   <div class='ocr_carea' id='block_1_9' title="bbox 84 799 1661 872">
    <p class='ocr_par' dir='ltr' id='par_1_9' title="bbox 84 799 1661 872">
     <span class='ocr_line' id='line_1_9' title="bbox 84 799 1661 872; baseline -0.004 -15"><span class='ocrx_word' id='word_1_46' title='bbox 84 809 434 865; x_wconf 70' lang='grc' dir='ltr'><strong>ἐπίστευσαν,</strong></span> <span class='ocrx_word' id='word_1_47' title='bbox 484 802 599 855; x_wconf 80' lang='grc' dir='ltr'><strong>ἀλλ’</strong></span> <span class='ocrx_word' id='word_1_48' title='bbox 627 799 721 855; x_wconf 68' lang='grc' dir='ltr'><strong>οὖν</strong></span> <span class='ocrx_word' id='word_1_49' title='bbox 770 803 833 856; x_wconf 81' lang='grc' dir='ltr'><strong>τὸ</strong></span> <span class='ocrx_word' id='word_1_50' title='bbox 878 803 1226 872; x_wconf 77' lang='grc' dir='ltr'><strong>κατάλειμμα</strong></span> <span class='ocrx_word' id='word_1_51' title='bbox 1271 803 1556 863; x_wconf 79' lang='grc' dir='ltr'><strong>σέσωσται,</strong></span> <span class='ocrx_word' id='word_1_52' title='bbox 1602 800 1661 864; x_wconf 76' lang='grc' dir='ltr'>ἐξ</span> 
     </span>
    </p>
   </div>
   <div class='ocr_carea' id='block_1_10' title="bbox 82 890 1657 966">
    <p class='ocr_par' dir='ltr' id='par_1_10' title="bbox 82 890 1657 966">
     <span class='ocr_line' id='line_1_10' title="bbox 82 890 1657 966; baseline -0.004 -17"><span class='ocrx_word' id='word_1_53' title='bbox 82 890 159 949; x_wconf 79' lang='grc' dir='ltr'><strong>ὦν</strong></span> <span class='ocrx_word' id='word_1_54' title='bbox 189 897 438 966; x_wconf 74' lang='grc' dir='ltr'><strong>ὑπῆρχον</strong></span> <span class='ocrx_word' id='word_1_55' title='bbox 463 894 517 947; x_wconf 82' lang='grc' dir='ltr'><strong>οἵ</strong></span> <span class='ocrx_word' id='word_1_56' title='bbox 558 911 617 946; x_wconf 81' lang='grc' dir='ltr'><strong>τε</strong></span> <span class='ocrx_word' id='word_1_57' title='bbox 657 896 917 965; x_wconf 84' lang='grc' dir='ltr'><strong>μακάριοι</strong></span> <span class='ocrx_word' id='word_1_58' title='bbox 949 894 1040 947; x_wconf 81' lang='grc' dir='ltr'><strong>τοῦ</strong></span> <span class='ocrx_word' id='word_1_59' title='bbox 1072 892 1309 965; x_wconf 82' lang='grc' dir='ltr'><strong>Χριστοῦ</strong></span> <span class='ocrx_word' id='word_1_60' title='bbox 1350 892 1657 953; x_wconf 73' lang='grc' dir='ltr'><strong>ἀπόστολοι,</strong></span> 
     </span>
    </p>
   </div>
   <div class='ocr_carea' id='block_1_11' title="bbox 84 984 1660 1054">
    <p class='ocr_par' dir='ltr' id='par_1_11' title="bbox 84 984 1660 1054">
     <span class='ocr_line' id='line_1_11' title="bbox 84 984 1660 1054; baseline -0.002 -17"><span class='ocrx_word' id='word_1_61' title='bbox 84 986 181 1039; x_wconf 75' lang='grc' dir='ltr'><strong>καὶ</strong></span> <span class='ocrx_word' id='word_1_62' title='bbox 217 985 396 1054; x_wconf 79' lang='grc' dir='ltr'><strong>’ἐτεροί</strong></span> <span class='ocrx_word' id='word_1_63' title='bbox 445 1002 588 1048; x_wconf 84' lang='grc' dir='ltr'><strong>τινες</strong></span> <span class='ocrx_word' id='word_1_64' title='bbox 619 984 728 1037; x_wconf 86' lang='grc' dir='ltr'><strong>τῶν</strong></span> <span class='ocrx_word' id='word_1_65' title='bbox 762 984 1191 1038; x_wconf 82' lang='grc' dir='ltr'><strong>πιστευσάντων.</strong></span> <span class='ocrx_word' id='word_1_66' title='bbox 1246 984 1355 1036; x_wconf 72' lang='grc' dir='ltr'><strong>Καὶ</strong></span> <span class='ocrx_word' id='word_1_67' title='bbox 1394 986 1454 1035; x_wconf 85' lang='grc' dir='ltr'><strong>οὐ</strong></span> <span class='ocrx_word' id='word_1_68' title='bbox 1499 985 1660 1052; x_wconf 89' lang='grc' dir='ltr'><strong>μόνον</strong></span> 
     </span>
    </p>
   </div>
   <div class='ocr_carea' id='block_1_12' title="bbox 79 1071 1660 1145">
    <p class='ocr_par' dir='ltr' id='par_1_12' title="bbox 79 1071 1660 1145">
     <span class='ocr_line' id='line_1_12' title="bbox 79 1071 1660 1145; baseline -0.004 -17"><span class='ocrx_word' id='word_1_69' title='bbox 79 1074 268 1138; x_wconf 75' lang='grc' dir='ltr'><strong>τοῦτο,</strong></span> <span class='ocrx_word' id='word_1_70' title='bbox 290 1072 425 1126; x_wconf 81' lang='grc' dir='ltr'><strong>ἀλλὰ</strong></span> <span class='ocrx_word' id='word_1_71' title='bbox 454 1074 548 1127; x_wconf 79' lang='grc' dir='ltr'><strong>καὶ</strong></span> <span class='ocrx_word' id='word_1_72' title='bbox 576 1073 735 1134; x_wconf 75' lang='grc' dir='ltr'><strong>αὐτὸς</strong></span> <span class='ocrx_word' id='word_1_73' title='bbox 765 1076 793 1124; x_wconf 87' lang='grc' dir='ltr'><strong>ό</strong></span> <span class='ocrx_word' id='word_1_74' title='bbox 823 1071 1044 1145; x_wconf 79' lang='grc' dir='ltr'><strong>Κύριος,</strong></span> <span class='ocrx_word' id='word_1_75' title='bbox 1065 1074 1129 1124; x_wconf 83' lang='grc' dir='ltr'><strong>έκ</strong></span> <span class='ocrx_word' id='word_1_76' title='bbox 1158 1071 1258 1141; x_wconf 85' lang='grc' dir='ltr'><strong>τῆς</strong></span> <span class='ocrx_word' id='word_1_77' title='bbox 1288 1072 1455 1125; x_wconf 66' lang='grc' dir='ltr'><strong>Ἰούδα</strong></span> <span class='ocrx_word' id='word_1_78' title='bbox 1488 1071 1660 1140; x_wconf 76' lang='grc' dir='ltr'><strong>φυλῆς</strong></span> 
     </span>
    </p>
   </div>
   <div class='ocr_carea' id='block_1_13' title="bbox 79 1158 1659 1237">
    <p class='ocr_par' dir='ltr' id='par_1_13' title="bbox 79 1158 1659 1237">
     <span class='ocr_line' id='line_1_13' title="bbox 79 1158 1659 1237; baseline -0.002 -19"><span class='ocrx_word' id='word_1_79' title='bbox 79 1168 216 1237; x_wconf 76' lang='grc' dir='ltr'><strong>ἡμῖν</strong></span> <span class='ocrx_word' id='word_1_80' title='bbox 248 1165 627 1220; x_wconf 76' lang='grc' dir='ltr'><strong>ἀνατέταλκεν.</strong></span> <span class='ocrx_word' id='word_1_81' title='bbox 657 1158 825 1227; x_wconf 78' lang='grc' dir='ltr'><strong>Οὗτος</strong></span> <span class='ocrx_word' id='word_1_82' title='bbox 869 1163 976 1234; x_wconf 83' lang='grc' dir='ltr'><strong>γὰρ</strong></span> <span class='ocrx_word' id='word_1_83' title='bbox 1014 1166 1043 1217; x_wconf 88' lang='grc' dir='ltr'><strong>ό</strong></span> <span class='ocrx_word' id='word_1_84' title='bbox 1074 1164 1263 1233; x_wconf 79' lang='grc' dir='ltr'><strong>Σωτὴρ</strong></span> <span class='ocrx_word' id='word_1_85' title='bbox 1310 1164 1437 1233; x_wconf 78' lang='grc' dir='ltr'><strong>περὶ</strong></span> <span class='ocrx_word' id='word_1_86' title='bbox 1467 1162 1659 1215; x_wconf 76' lang='grc' dir='ltr'><strong>ἑαυτοῦ</strong></span> 
     </span>
    </p>
   </div>
   <div class='ocr_carea' id='block_1_14' title="bbox 75 1251 1657 1325">
    <p class='ocr_par' dir='ltr' id='par_1_14' title="bbox 75 1251 1657 1325">
     <span class='ocr_line' id='line_1_14' title="bbox 75 1251 1657 1325; baseline -0.003 -16"><span class='ocrx_word' id='word_1_87' title='bbox 75 1258 282 1324; x_wconf 74' lang='grc' dir='ltr'><strong>λέγων,</strong></span> <span class='ocrx_word' id='word_1_88' title='bbox 324 1256 587 1325; x_wconf 72' lang='grc' dir='ltr'><strong>ἔφασκεν·</strong></span> <span class='ocrx_word' id='word_1_89' title='bbox 629 1253 755 1305; x_wconf 78' lang='grc' dir='ltr'><strong>ὀτι</strong></span> <span class='ocrx_word' id='word_1_90' title='bbox 801 1255 838 1321; x_wconf 78' lang='grc' dir='ltr'>ἡ</span> <span class='ocrx_word' id='word_1_91' title='bbox 893 1253 1157 1319; x_wconf 77' lang='grc' dir='ltr'><strong>σωτηρία</strong></span> <span class='ocrx_word' id='word_1_92' title='bbox 1205 1253 1274 1305; x_wconf 77' lang='grc' dir='ltr'><strong>ἐκ</strong></span> <span class='ocrx_word' id='word_1_93' title='bbox 1336 1251 1456 1303; x_wconf 83' lang='grc' dir='ltr'><strong>τῶν</strong></span> <span class='ocrx_word' id='word_1_94' title='bbox 1512 1253 1657 1305; x_wconf 85' lang='grc' dir='ltr'><strong>ἰου-</strong></span> 
     </span>
    </p>
   </div>
   <div class='ocr_carea' id='block_1_15' title="bbox 76 1343 1658 1415">
    <p class='ocr_par' dir='ltr' id='par_1_15' title="bbox 76 1343 1658 1415">
     <span class='ocr_line' id='line_1_15' title="bbox 76 1343 1658 1415; baseline 0.001 -19"><span class='ocrx_word' id='word_1_95' title='bbox 76 1347 271 1399; x_wconf 81' lang='grc' dir='ltr'><strong>διιίων</strong></span> <span class='ocrx_word' id='word_1_96' title='bbox 294 1346 484 1399; x_wconf 83' lang='grc' dir='ltr'><strong>ἐστίν.</strong></span> <span class='ocrx_word' id='word_1_97' title='bbox 515 1344 719 1397; x_wconf 80' lang='grc' dir='ltr'><strong>Τούτου</strong></span> <span class='ocrx_word' id='word_1_98' title='bbox 749 1344 909 1415; x_wconf 80' lang='grc' dir='ltr'>χάριν</span> <span class='ocrx_word' id='word_1_99' title='bbox 937 1344 1128 1414; x_wconf 80' lang='grc' dir='ltr'><strong>φησίν·</strong></span> <span class='ocrx_word' id='word_1_100' title='bbox 1153 1343 1261 1397; x_wconf 79' lang='grc' dir='ltr'><strong>Καὶ</strong></span> <span class='ocrx_word' id='word_1_101' title='bbox 1292 1343 1481 1407; x_wconf 81' lang='grc' dir='ltr'><strong>δόξαν</strong></span> <span class='ocrx_word' id='word_1_102' title='bbox 1503 1344 1658 1399; x_wconf 72' lang='grc' dir='ltr'><strong>,λαοῦ</strong></span> 
     </span>
    </p>
   </div>
   <div class='ocr_carea' id='block_1_16' title="bbox 75 1439 523 1507">
    <p class='ocr_par' dir='ltr' id='par_1_16' title="bbox 75 1439 523 1507">
     <span class='ocr_line' id='line_1_16' title="bbox 75 1439 523 1507; baseline 0 -16"><span class='ocrx_word' id='word_1_103' title='bbox 75 1454 198 1491; x_wconf 86' lang='grc' dir='ltr'><strong>σου</strong></span> <span class='ocrx_word' id='word_1_104' title='bbox 255 1439 523 1507; x_wconf 74' lang='grc' dir='ltr'><strong>Ἰσραήλ.</strong></span> 
     </span>
    </p>
   </div>
   <div class='ocr_carea' id='block_1_17' title="bbox 151 1524 1663 1599">
    <p class='ocr_par' dir='ltr' id='par_1_17' title="bbox 151 1524 1663 1599">
     <span class='ocr_line' id='line_1_17' title="bbox 151 1524 1663 1599; baseline -0.001 -16"><span class='ocrx_word' id='word_1_105' title='bbox 151 1530 266 1583; x_wconf 77' lang='grc' dir='ltr'><strong>Καὶ</strong></span> <span class='ocrx_word' id='word_1_106' title='bbox 311 1526 390 1599; x_wconf 84' lang='grc' dir='ltr'><strong>ἦν</strong></span> <span class='ocrx_word' id='word_1_107' title='bbox 440 1533 472 1583; x_wconf 84' lang='grc' dir='ltr'><em>ὀ</em></span> <span class='ocrx_word' id='word_1_108' title='bbox 519 1528 717 1596; x_wconf 72' lang='grc' dir='ltr'><strong>πατὴρ</strong></span> <span class='ocrx_word' id='word_1_109' title='bbox 761 1529 949 1583; x_wconf 82' lang='grc' dir='ltr'><strong>αὐτοῦ</strong></span> <span class='ocrx_word' id='word_1_110' title='bbox 984 1528 1078 1581; x_wconf 76' lang='grc' dir='ltr'><strong>καί</strong></span> <span class='ocrx_word' id='word_1_111' title='bbox 1113 1528 1152 1597; x_wconf 77' lang='grc' dir='ltr'><strong><em>ἡ</em></strong></span> <span class='ocrx_word' id='word_1_112' title='bbox 1185 1524 1403 1597; x_wconf 82' lang='grc' dir='ltr'><strong>μήτηρ,</strong></span> <span class='ocrx_word' id='word_1_113' title='bbox 1445 1526 1663 1597; x_wconf 74' lang='grc' dir='ltr'><strong>θιιυμάο</strong></span> 
     </span>
    </p>
   </div>
   <div class='ocr_carea' id='block_1_18' title="bbox 74 1619 1662 1689">
    <p class='ocr_par' dir='ltr' id='par_1_18' title="bbox 74 1619 1662 1689">
     <span class='ocr_line' id='line_1_18' title="bbox 74 1619 1662 1689; baseline -0.002 -16"><span class='ocrx_word' id='word_1_114' title='bbox 74 1619 285 1685; x_wconf 65' lang='lat' dir='ltr'><strong>(artae</strong></span> <span class='ocrx_word' id='word_1_115' title='bbox 332 1622 431 1673; x_wconf 81' lang='grc' dir='ltr'><strong>ἐπὶ</strong></span> <span class='ocrx_word' id='word_1_116' title='bbox 484 1620 607 1684; x_wconf 85' lang='grc' dir='ltr'><strong>τοῖς</strong></span> <span class='ocrx_word' id='word_1_117' title='bbox 653 1620 1003 1689; x_wconf 68' lang='grc' dir='ltr'><strong>λεγομένοις</strong></span> <span class='ocrx_word' id='word_1_118' title='bbox 1031 1620 1162 1686; x_wconf 76' lang='grc' dir='ltr'><strong>περὶ</strong></span> <span class='ocrx_word' id='word_1_119' title='bbox 1194 1620 1403 1673; x_wconf 83' lang='grc' dir='ltr'><strong>αὐτοῦ.</strong></span> <span class='ocrx_word' id='word_1_120' title='bbox 1462 1621 1525 1672; x_wconf 83' lang='lat' dir='ltr'><strong>El</strong></span> <span class='ocrx_word' id='word_1_121' title='bbox 1555 1620 1662 1689; x_wconf 81' lang='grc' dir='ltr'><strong>γὰρ</strong></span> 
     </span>
    </p>
   </div>
   <div class='ocr_carea' id='block_1_19' title="bbox 75 1708 1660 1784">
    <p class='ocr_par' dir='ltr' id='par_1_19' title="bbox 75 1708 1660 1784">
     <span class='ocr_line' id='line_1_19' title="bbox 75 1708 1660 1784; baseline -0.001 -21"><span class='ocrx_word' id='word_1_122' title='bbox 75 1712 179 1764; x_wconf 75' lang='grc' dir='ltr'><strong>καὶ</strong></span> <span class='ocrx_word' id='word_1_123' title='bbox 222 1708 369 1781; x_wconf 79' lang='grc' dir='ltr'><strong>ἦσαν</strong></span> <span class='ocrx_word' id='word_1_124' title='bbox 400 1714 761 1783; x_wconf 81' lang='grc' dir='ltr'><strong>μεμυημένοι,</strong></span> <span class='ocrx_word' id='word_1_125' title='bbox 796 1714 831 1784; x_wconf 78' lang='grc' dir='ltr'>ἦ</span> <span class='ocrx_word' id='word_1_126' title='bbox 876 1731 931 1766; x_wconf 87' lang='grc' dir='ltr'><strong>τε</strong></span> <span class='ocrx_word' id='word_1_127' title='bbox 979 1712 1213 1783; x_wconf 75' lang='grc' dir='ltr'><strong>Μαριὰμ</strong></span> <span class='ocrx_word' id='word_1_128' title='bbox 1258 1714 1349 1765; x_wconf 76' lang='grc' dir='ltr'><strong>καὶ</strong></span> <span class='ocrx_word' id='word_1_129' title='bbox 1378 1714 1407 1764; x_wconf 89' lang='grc' dir='ltr'><strong>ό</strong></span> <span class='ocrx_word' id='word_1_130' title='bbox 1465 1712 1660 1779; x_wconf 72' lang='grc' dir='ltr'><strong>Ἰωσὴφ</strong></span> 
     </span>
    </p>
   </div>
   <div class='ocr_carea' id='block_1_20' title="bbox 74 1780 1735 1875">
    <p class='ocr_par' dir='ltr' id='par_1_20' title="bbox 74 1780 1735 1875">
     <span class='ocr_line' id='line_1_20' title="bbox 74 1780 1735 1875; baseline 0 -21"><span class='ocrx_word' id='word_1_131' title='bbox 74 1802 139 1854; x_wconf 80' lang='grc' dir='ltr'><strong>τὸ</strong></span> <span class='ocrx_word' id='word_1_132' title='bbox 170 1780 302 1872; x_wconf 82' lang='grc' dir='ltr'><strong>περὶ</strong></span> <span class='ocrx_word' id='word_1_133' title='bbox 339 1780 433 1855; x_wconf 63' lang='grc' dir='ltr'><strong>τοῦ</strong></span> <span class='ocrx_word' id='word_1_134' title='bbox 470 1780 705 1873; x_wconf 66' lang='grc' dir='ltr'><strong>βρέιρους</strong></span> <span class='ocrx_word' id='word_1_135' title='bbox 738 1780 1134 1875; x_wconf 41' lang='grc' dir='ltr'><strong>μυστήριονίὴ</strong></span> <span class='ocrx_word' id='word_1_136' title='bbox 1170 1780 1266 1873; x_wconf 81' lang='grc' dir='ltr'><strong>μὲν</strong></span> <span class='ocrx_word' id='word_1_137' title='bbox 1309 1803 1396 1856; x_wconf 69' lang='grc' dir='ltr'><strong>διὰ</strong></span> <span class='ocrx_word' id='word_1_138' title='bbox 1427 1802 1518 1855; x_wconf 85' lang='grc' dir='ltr'><strong>τοῦ</strong></span> <span class='ocrx_word' id='word_1_139' title='bbox 1555 1802 1655 1855; x_wconf 76' lang='grc' dir='ltr'><strong>ιἀ-</strong></span> <span class='ocrx_word' id='word_1_140' title='bbox 1691 1780 1735 1835; x_wconf 65' lang='grc' dir='ltr'><strong>Β</strong></span> 
     </span>
    </p>
   </div>
   <div class='ocr_carea' id='block_1_21' title="bbox 78 1893 1662 1965">
    <p class='ocr_par' dir='ltr' id='par_1_21' title="bbox 78 1893 1662 1965">
     <span class='ocr_line' id='line_1_21' title="bbox 78 1893 1662 1965; baseline 0.003 -22"><span class='ocrx_word' id='word_1_141' title='bbox 78 1894 287 1963; x_wconf 77' lang='grc' dir='ltr'><strong>εριὴλ,</strong></span> <span class='ocrx_word' id='word_1_142' title='bbox 336 1893 397 1946; x_wconf 89' lang='grc' dir='ltr'><strong>οὐ</strong></span> <span class='ocrx_word' id='word_1_143' title='bbox 449 1894 556 1965; x_wconf 79' lang='grc' dir='ltr'><strong>μὴν</strong></span> <span class='ocrx_word' id='word_1_144' title='bbox 610 1895 746 1948; x_wconf 87' lang='grc' dir='ltr'><strong>ἀλλὰ</strong></span> <span class='ocrx_word' id='word_1_145' title='bbox 777 1896 872 1948; x_wconf 77' lang='grc' dir='ltr'><strong>καὶ</strong></span> <span class='ocrx_word' id='word_1_146' title='bbox 903 1895 993 1947; x_wconf 85' lang='grc' dir='ltr'><strong>διὰ</strong></span> <span class='ocrx_word' id='word_1_147' title='bbox 1018 1894 1113 1948; x_wconf 76' lang='grc' dir='ltr'><strong>τοῦ</strong></span> <span class='ocrx_word' id='word_1_148' title='bbox 1160 1894 1476 1965; x_wconf 82' lang='grc' dir='ltr'><strong>Πνεύματος</strong></span> <span class='ocrx_word' id='word_1_149' title='bbox 1517 1893 1662 1947; x_wconf 80' lang='grc' dir='ltr'>διδα-</span> 
     </span>
    </p>
   </div>
   <div class='ocr_carea' id='block_1_22' title="bbox 77 1985 1662 2057">
    <p class='ocr_par' dir='ltr' id='par_1_22' title="bbox 77 1985 1662 2057">
     <span class='ocr_line' id='line_1_22' title="bbox 77 1985 1662 2057; baseline -0.001 -19"><span class='ocrx_word' id='word_1_150' title='bbox 77 1988 278 2057; x_wconf 72' lang='grc' dir='ltr'><strong>χθεῖσα</strong></span> <span class='ocrx_word' id='word_1_151' title='bbox 315 1986 440 2056; x_wconf 78' lang='grc' dir='ltr'><strong>περὶ</strong></span> <span class='ocrx_word' id='word_1_152' title='bbox 467 1987 567 2055; x_wconf 83' lang='grc' dir='ltr'><strong>τῆς</strong></span> <span class='ocrx_word' id='word_1_153' title='bbox 609 1986 704 2039; x_wconf 83' lang='grc' dir='ltr'><strong>τοῦ</strong></span> <span class='ocrx_word' id='word_1_154' title='bbox 736 1987 1060 2056; x_wconf 84' lang='grc' dir='ltr'><strong>τικτομένου</strong></span> <span class='ocrx_word' id='word_1_155' title='bbox 1094 1986 1378 2056; x_wconf 77' lang='grc' dir='ltr'><strong>θεότητος·</strong></span> <span class='ocrx_word' id='word_1_156' title='bbox 1426 1988 1454 2039; x_wconf 87' lang='grc' dir='ltr'><strong>ό</strong></span> <span class='ocrx_word' id='word_1_157' title='bbox 1489 1986 1544 2038; x_wconf 86' lang='grc' dir='ltr'><strong>δὲ</strong></span> <span class='ocrx_word' id='word_1_158' title='bbox 1574 1985 1662 2038; x_wconf 85' lang='grc' dir='ltr'><strong>διά</strong></span> 
     </span>
    </p>
   </div>
   <div class='ocr_carea' id='block_1_23' title="bbox 76 2076 1659 2147">
    <p class='ocr_par' dir='ltr' id='par_1_23' title="bbox 76 2076 1659 2147">
     <span class='ocr_line' id='line_1_23' title="bbox 76 2076 1659 2147; baseline 0 -19"><span class='ocrx_word' id='word_1_159' title='bbox 76 2076 176 2129; x_wconf 83' lang='grc' dir='ltr'><strong>τοῦ</strong></span> <span class='ocrx_word' id='word_1_160' title='bbox 224 2076 606 2147; x_wconf 83' lang='grc' dir='ltr'><strong>ἀρχαγγέλου’</strong></span> <span class='ocrx_word' id='word_1_161' title='bbox 656 2076 755 2144; x_wconf 73' lang='grc' dir='ltr'><strong>Μὴ</strong></span> <span class='ocrx_word' id='word_1_162' title='bbox 805 2076 1073 2146; x_wconf 74' lang='grc' dir='ltr'><em>φοϐηθῇς</em></span> <span class='ocrx_word' id='word_1_163' title='bbox 1118 2076 1486 2145; x_wconf 76' lang='grc' dir='ltr'><strong>παραλαϐεῖν</strong></span> <span class='ocrx_word' id='word_1_164' title='bbox 1537 2082 1659 2131; x_wconf 83' lang='grc' dir='ltr'><strong>Μα-</strong></span> 
     </span>
    </p>
   </div>
   <div class='ocr_carea' id='block_1_24' title="bbox 70 2164 1662 2235">
    <p class='ocr_par' dir='ltr' id='par_1_24' title="bbox 70 2164 1662 2235">
     <span class='ocr_line' id='line_1_24' title="bbox 70 2164 1662 2235; baseline 0.001 -20"><span class='ocrx_word' id='word_1_165' title='bbox 70 2165 225 2232; x_wconf 80' lang='grc' dir='ltr'><strong>ριὰμ</strong></span> <span class='ocrx_word' id='word_1_166' title='bbox 278 2164 392 2231; x_wconf 81' lang='grc' dir='ltr'><strong>τὴν</strong></span> <span class='ocrx_word' id='word_1_167' title='bbox 426 2164 679 2233; x_wconf 79' lang='grc' dir='ltr'><strong>γι)ναῖκὰ</strong></span> <span class='ocrx_word' id='word_1_168' title='bbox 710 2181 847 2218; x_wconf 86' lang='grc' dir='ltr'><strong>σου.</strong></span> <span class='ocrx_word' id='word_1_169' title='bbox 896 2166 965 2219; x_wconf 83' lang='grc' dir='ltr'><strong>Τὸ</strong></span> <span class='ocrx_word' id='word_1_170' title='bbox 1015 2166 1123 2234; x_wconf 77' lang='grc' dir='ltr'><strong>γὰρ</strong></span> <span class='ocrx_word' id='word_1_171' title='bbox 1176 2166 1247 2219; x_wconf 83' lang='grc' dir='ltr'><strong>ἐν</strong></span> <span class='ocrx_word' id='word_1_172' title='bbox 1278 2165 1431 2233; x_wconf 74' lang='grc' dir='ltr'><strong>αὐτῇ</strong></span> <span class='ocrx_word' id='word_1_173' title='bbox 1461 2183 1662 2235; x_wconf 79' lang='grc' dir='ltr'><strong>γεννη-</strong></span> 
     </span>
    </p>
   </div>
   <div class='ocr_carea' id='block_1_25' title="bbox 80 2255 1662 2327">
    <p class='ocr_par' dir='ltr' id='par_1_25' title="bbox 80 2255 1662 2327">
     <span class='ocr_line' id='line_1_25' title="bbox 80 2255 1662 2327; baseline 0.003 -21"><span class='ocrx_word' id='word_1_174' title='bbox 80 2255 213 2317; x_wconf 81' lang='grc' dir='ltr'><strong>θὲν,</strong></span> <span class='ocrx_word' id='word_1_175' title='bbox 262 2255 332 2307; x_wconf 82' lang='grc' dir='ltr'><strong>ἐκ</strong></span> <span class='ocrx_word' id='word_1_176' title='bbox 381 2257 724 2323; x_wconf 79' lang='grc' dir='ltr'><strong>Πνεύματός</strong></span> <span class='ocrx_word' id='word_1_177' title='bbox 765 2257 937 2309; x_wconf 83' lang='grc' dir='ltr'><strong>ἐστιν</strong></span> <span class='ocrx_word' id='word_1_178' title='bbox 966 2258 1176 2325; x_wconf 74' lang='grc' dir='ltr'><strong>ἁγίου·</strong></span> <span class='ocrx_word' id='word_1_179' title='bbox 1210 2256 1324 2310; x_wconf 78' lang='grc' dir='ltr'><strong>ἀλλ’</strong></span> <span class='ocrx_word' id='word_1_180' title='bbox 1369 2258 1519 2327; x_wconf 81' lang='grc' dir='ltr'><strong>ὅμως</strong></span> <span class='ocrx_word' id='word_1_181' title='bbox 1567 2258 1662 2310; x_wconf 80' lang='grc' dir='ltr'><strong>καὶ</strong></span> 
     </span>
    </p>
   </div>
   <div class='ocr_carea' id='block_1_26' title="bbox 79 2346 1661 2421">
    <p class='ocr_par' dir='ltr' id='par_1_26' title="bbox 79 2346 1661 2421">
     <span class='ocr_line' id='line_1_26' title="bbox 79 2346 1661 2421; baseline 0.004 -25"><span class='ocrx_word' id='word_1_182' title='bbox 79 2346 264 2399; x_wconf 76' lang='grc' dir='ltr'><strong>ταῦτα</strong></span> <span class='ocrx_word' id='word_1_183' title='bbox 286 2364 350 2415; x_wconf 87' lang='grc' dir='ltr'><strong>με</strong></span> <span class='ocrx_word' id='word_1_184' title='bbox 360 2348 874 2417; x_wconf 85' lang='grc' dir='ltr'><strong>μυσταγωγημένοι,</strong></span> <span class='ocrx_word' id='word_1_185' title='bbox 896 2348 1203 2417; x_wconf 79' lang='grc' dir='ltr'><strong>ἐθαύμαζον</strong></span> <span class='ocrx_word' id='word_1_186' title='bbox 1234 2349 1661 2421; x_wconf 78' lang='grc' dir='ltr'><strong>ἐκπληττόμενοι</strong></span> 
     </span>
    </p>
   </div>
   <div class='ocr_carea' id='block_1_27' title="bbox 83 2437 1144 2508">
    <p class='ocr_par' dir='ltr' id='par_1_27' title="bbox 83 2437 1144 2508">
     <span class='ocr_line' id='line_1_27' title="bbox 83 2437 1144 2508; baseline 0.008 -20"><span class='ocrx_word' id='word_1_187' title='bbox 83 2437 184 2489; x_wconf 72' lang='grc' dir='ltr'><strong>ἐπὶ</strong></span> <span class='ocrx_word' id='word_1_188' title='bbox 216 2438 342 2503; x_wconf 83' lang='grc' dir='ltr'><strong>τοῖς</strong></span> <span class='ocrx_word' id='word_1_189' title='bbox 364 2438 712 2507; x_wconf 68' lang='grc' dir='ltr'><strong>λεγομένοις</strong></span> <span class='ocrx_word' id='word_1_190' title='bbox 754 2441 887 2508; x_wconf 76' lang='grc' dir='ltr'><strong>περὶ</strong></span> <span class='ocrx_word' id='word_1_191' title='bbox 933 2440 1144 2497; x_wconf 83' lang='grc' dir='ltr'><strong>αὐτοῦ.</strong></span> 
     </span>
    </p>
   </div>
   <div class='ocr_carea' id='block_1_28' title="bbox 160 2531 1662 2603">
    <p class='ocr_par' dir='ltr' id='par_1_28' title="bbox 160 2531 1662 2603">
     <span class='ocr_line' id='line_1_28' title="bbox 160 2531 1662 2603; baseline 0.003 -21"><span class='ocrx_word' id='word_1_192' title='bbox 160 2531 275 2583; x_wconf 78' lang='lat' dir='ltr'><strong>Kal</strong></span> <span class='ocrx_word' id='word_1_193' title='bbox 319 2532 657 2599; x_wconf 76' lang='grc' dir='ltr'><strong>εὐλόγησεν</strong></span> <span class='ocrx_word' id='word_1_194' title='bbox 686 2531 907 2598; x_wconf 84' lang='grc' dir='ltr'><strong>αὐτοὺς</strong></span> <span class='ocrx_word' id='word_1_195' title='bbox 952 2531 1211 2601; x_wconf 76' lang='grc' dir='ltr'><strong>Συμεών.</strong></span> <span class='ocrx_word' id='word_1_196' title='bbox 1261 2533 1662 2603; x_wconf 79' lang='grc' dir='ltr'><strong>Ἀποδεχόμεθά</strong></span> 
     </span>
    </p>
   </div>
   <div class='ocr_carea' id='block_1_29' title="bbox 90 2618 1662 2693">
    <p class='ocr_par' dir='ltr' id='par_1_29' title="bbox 90 2618 1662 2693">
     <span class='ocr_line' id='line_1_29' title="bbox 90 2618 1662 2693; baseline 0.003 -20"><span class='ocrx_word' id='word_1_197' title='bbox 90 2639 187 2674; x_wconf 73' lang='grc' dir='ltr'><strong>σου</strong></span> <span class='ocrx_word' id='word_1_198' title='bbox 220 2623 322 2692; x_wconf 83' lang='grc' dir='ltr'><strong>τὴν</strong></span> <span class='ocrx_word' id='word_1_199' title='bbox 350 2625 413 2675; x_wconf 81' lang='grc' dir='ltr'><strong>ἐκ</strong></span> <span class='ocrx_word' id='word_1_200' title='bbox 457 2622 606 2685; x_wconf 83' lang='grc' dir='ltr'>θείας</span> <span class='ocrx_word' id='word_1_201' title='bbox 653 2623 873 2693; x_wconf 80' lang='grc' dir='ltr'><strong>ἀγάπης</strong></span> <span class='ocrx_word' id='word_1_202' title='bbox 921 2624 1262 2693; x_wconf 73' lang='grc' dir='ltr'><strong>θερμοτάτην</strong></span> <span class='ocrx_word' id='word_1_203' title='bbox 1314 2624 1585 2691; x_wconf 77' lang='grc' dir='ltr'><strong>πρόθεσιν.</strong></span> <span class='ocrx_word' id='word_1_204' title='bbox 1617 2618 1662 2676; x_wconf 80' lang='grc' dir='ltr'>ὧ</span> 
     </span>
    </p>
   </div>
   <div class='ocr_carea' id='block_1_30' title="bbox 90 2712 1661 2785">
    <p class='ocr_par' dir='ltr' id='par_1_30' title="bbox 90 2712 1661 2785">
     <span class='ocr_line' id='line_1_30' title="bbox 90 2712 1661 2785; baseline 0 -21"><span class='ocrx_word' id='word_1_205' title='bbox 90 2712 340 2782; x_wconf 84' lang='grc' dir='ltr'><strong>Συμεών.</strong></span> <span class='ocrx_word' id='word_1_206' title='bbox 375 2714 435 2765; x_wconf 82' lang='lat' dir='ltr'><strong>EI</strong></span> <span class='ocrx_word' id='word_1_207' title='bbox 466 2713 573 2783; x_wconf 78' lang='grc' dir='ltr'><strong>γὰρ</strong></span> <span class='ocrx_word' id='word_1_208' title='bbox 609 2714 702 2765; x_wconf 78' lang='grc' dir='ltr'><strong>καὶ</strong></span> <span class='ocrx_word' id='word_1_209' title='bbox 729 2713 985 2784; x_wconf 75' lang='grc' dir='ltr'><strong>ἀνώτεροι</strong></span> <span class='ocrx_word' id='word_1_210' title='bbox 1023 2715 1200 2785; x_wconf 73' lang='grc' dir='ltr'><strong>πάσης</strong></span> <span class='ocrx_word' id='word_1_211' title='bbox 1226 2713 1474 2781; x_wconf 74' lang='grc' dir='ltr'><strong>εὐλογίας</strong></span> <span class='ocrx_word' id='word_1_212' title='bbox 1500 2714 1661 2781; x_wconf 72' lang='grc' dir='ltr'><strong>ἐτύγ-</strong></span> 
     </span>
    </p>
   </div>
   <div class='ocr_carea' id='block_1_31' title="bbox 91 2800 1658 2872">
    <p class='ocr_par' dir='ltr' id='par_1_31' title="bbox 91 2800 1658 2872">
     <span class='ocr_line' id='line_1_31' title="bbox 91 2800 1658 2872; baseline 0.007 -19"><span class='ocrx_word' id='word_1_213' title='bbox 91 2818 281 2870; x_wconf 85' lang='grc' dir='ltr'><strong>χανον,</strong></span> <span class='ocrx_word' id='word_1_214' title='bbox 322 2801 356 2872; x_wconf 74' lang='grc' dir='ltr'>ἠ</span> <span class='ocrx_word' id='word_1_215' title='bbox 388 2818 445 2853; x_wconf 80' lang='grc' dir='ltr'><strong>τε</strong></span> <span class='ocrx_word' id='word_1_216' title='bbox 474 2800 708 2854; x_wconf 85' lang='grc' dir='ltr'><strong>τεκοῦσα</strong></span> <span class='ocrx_word' id='word_1_217' title='bbox 761 2800 945 2872; x_wconf 81' lang='grc' dir='ltr'><strong>μήτηρ</strong></span> <span class='ocrx_word' id='word_1_218' title='bbox 979 2801 1178 2870; x_wconf 81' lang='grc' dir='ltr'><strong>ὁμοίως</strong></span> <span class='ocrx_word' id='word_1_219' title='bbox 1214 2805 1309 2854; x_wconf 77' lang='grc' dir='ltr'><strong>καὶ</strong></span> <span class='ocrx_word' id='word_1_220' title='bbox 1342 2802 1401 2854; x_wconf 86' lang='grc' dir='ltr'><strong>τὸ</strong></span> <span class='ocrx_word' id='word_1_221' title='bbox 1434 2800 1658 2871; x_wconf 71' lang='grc' dir='ltr'><strong>βρέφος·</strong></span> 
     </span>
    </p>
   </div>
   <div class='ocr_carea' id='block_1_32' title="bbox 90 2890 1661 2961">
    <p class='ocr_par' dir='ltr' id='par_1_32' title="bbox 90 2890 1661 2961">
     <span class='ocr_line' id='line_1_32' title="bbox 90 2890 1661 2961; baseline 0 -16"><span class='ocrx_word' id='word_1_222' title='bbox 90 2893 208 2945; x_wconf 78' lang='grc' dir='ltr'><strong>ἀλλ’</strong></span> <span class='ocrx_word' id='word_1_223' title='bbox 237 2893 360 2945; x_wconf 68' lang='grc' dir='ltr'><strong>ἀντ)⁸</strong></span> <span class='ocrx_word' id='word_1_224' title='bbox 384 2890 691 2959; x_wconf 79' lang='grc' dir='ltr'><strong>ὄοξολογίας</strong></span> <span class='ocrx_word' id='word_1_225' title='bbox 720 2892 1097 2961; x_wconf 83' lang='grc' dir='ltr'><strong>προσήγαγεν·</strong></span> <span class='ocrx_word' id='word_1_226' title='bbox 1130 2891 1320 2961; x_wconf 82' lang='grc' dir='ltr'><strong>ὥσπερ</strong></span> <span class='ocrx_word' id='word_1_227' title='bbox 1349 2894 1540 2961; x_wconf 82' lang='grc' dir='ltr'><strong>ἀμέλει</strong></span> <span class='ocrx_word' id='word_1_228' title='bbox 1567 2894 1661 2946; x_wconf 70' lang='grc' dir='ltr'><strong>καὶ</strong></span> 
     </span>
    </p>
   </div>
   <div class='ocr_carea' id='block_1_33' title="bbox 92 2982 1659 3054">
    <p class='ocr_par' dir='ltr' id='par_1_33' title="bbox 92 2982 1659 3054">
     <span class='ocr_line' id='line_1_33' title="bbox 92 2982 1659 3054; baseline 0.001 -19"><span class='ocrx_word' id='word_1_229' title='bbox 92 2985 144 3035; x_wconf 80' lang='grc' dir='ltr'><strong>οι</strong></span> <span class='ocrx_word' id='word_1_230' title='bbox 193 2987 253 3037; x_wconf 82' lang='grc' dir='ltr'><strong>ἐν</strong></span> <span class='ocrx_word' id='word_1_231' title='bbox 300 2982 577 3036; x_wconf 68' lang='grc' dir='ltr'><strong>Βαϐυλῶνι</strong></span> <span class='ocrx_word' id='word_1_232' title='bbox 622 2985 771 3053; x_wconf 80' lang='grc' dir='ltr'><strong>τρεῖς</strong></span> <span class='ocrx_word' id='word_1_233' title='bbox 818 2984 1024 3045; x_wconf 81' lang='grc' dir='ltr'><strong>παῖδες,</strong></span> <span class='ocrx_word' id='word_1_234' title='bbox 1083 2984 1189 3036; x_wconf 77' lang='grc' dir='ltr'><strong>Καὶ</strong></span> <span class='ocrx_word' id='word_1_235' title='bbox 1234 2984 1340 3054; x_wconf 67' lang='grc' dir='ltr'><strong>γὰρ</strong></span> <span class='ocrx_word' id='word_1_236' title='bbox 1372 2986 1567 3037; x_wconf 72' lang='grc' dir='ltr'><strong>ἐκεῖνοι</strong></span> <span class='ocrx_word' id='word_1_237' title='bbox 1599 2984 1659 3036; x_wconf 87' lang='grc' dir='ltr'><strong>οὐ</strong></span> 
     </span>
    </p>
   </div>
   <div class='ocr_carea' id='block_1_34' title="bbox 97 3074 1736 3165">
    <p class='ocr_par' dir='ltr' id='par_1_34' title="bbox 97 3074 1736 3165">
     <span class='ocr_line' id='line_1_34' title="bbox 97 3074 1736 3165; baseline 0.001 -37"><span class='ocrx_word' id='word_1_238' title='bbox 97 3075 259 3143; x_wconf 85' lang='grc' dir='ltr'><strong>μόνον</strong></span> <span class='ocrx_word' id='word_1_239' title='bbox 284 3076 380 3138; x_wconf 68' lang='grc' dir='ltr'><strong>τὰς</strong></span> <span class='ocrx_word' id='word_1_240' title='bbox 413 3074 706 3143; x_wconf 73' lang='grc' dir='ltr'><strong>άγγελικὰς</strong></span> <span class='ocrx_word' id='word_1_241' title='bbox 731 3075 1009 3144; x_wconf 84' lang='grc' dir='ltr'><strong>δυνάμεις,</strong></span> <span class='ocrx_word' id='word_1_242' title='bbox 1041 3078 1137 3128; x_wconf 76' lang='grc' dir='ltr'><strong>καὶ</strong></span> <span class='ocrx_word' id='word_1_243' title='bbox 1170 3079 1349 3128; x_wconf 80' lang='grc' dir='ltr'><strong>πᾶσαν</strong></span> <span class='ocrx_word' id='word_1_244' title='bbox 1379 3077 1661 3148; x_wconf 79' lang='grc' dir='ltr'><strong>ἀνθρωπόο</strong></span> <span class='ocrx_word' id='word_1_245' title='bbox 1690 3104 1736 3165; x_wconf 77' lang='lat' dir='ltr'><strong>C</strong></span> 
     </span>
    </p>
   </div>
   <div class='ocr_carea' id='block_1_35' title="bbox 93 3167 1660 3239">
    <p class='ocr_par' dir='ltr' id='par_1_35' title="bbox 93 3167 1660 3239">
     <span class='ocr_line' id='line_1_35' title="bbox 93 3167 1660 3239; baseline 0.001 -22"><span class='ocrx_word' id='word_1_246' title='bbox 93 3186 256 3238; x_wconf 82' lang='grc' dir='ltr'><strong>τητα,</strong></span> <span class='ocrx_word' id='word_1_247' title='bbox 308 3168 444 3221; x_wconf 82' lang='grc' dir='ltr'><strong>ἀλλὰ</strong></span> <span class='ocrx_word' id='word_1_248' title='bbox 482 3169 574 3221; x_wconf 61' lang='grc' dir='ltr'><strong>καὶ¹</strong></span> <span class='ocrx_word' id='word_1_249' title='bbox 611 3169 711 3236; x_wconf 81' lang='grc' dir='ltr'><strong>τὴν</strong></span> <span class='ocrx_word' id='word_1_250' title='bbox 733 3167 942 3238; x_wconf 77' lang='grc' dir='ltr'><strong>ἄψυχον</strong></span> <span class='ocrx_word' id='word_1_251' title='bbox 977 3168 1071 3220; x_wconf 78' lang='grc' dir='ltr'><strong>καὶ</strong></span> <span class='ocrx_word' id='word_1_252' title='bbox 1109 3168 1435 3239; x_wconf 84' lang='grc' dir='ltr'><strong>ἀναίσθητον</strong></span> <span class='ocrx_word' id='word_1_253' title='bbox 1463 3168 1660 3232; x_wconf 78' lang='grc' dir='ltr'><strong>κτίσιν,</strong></span> 
     </span>
    </p>
   </div>
   <div class='ocr_carea' id='block_1_36' title="bbox 94 3259 1665 3331">
    <p class='ocr_par' dir='ltr' id='par_1_36' title="bbox 94 3259 1665 3331">
     <span class='ocr_line' id='line_1_36' title="bbox 94 3259 1665 3331; baseline -0.001 -19"><span class='ocrx_word' id='word_1_254' title='bbox 94 3262 175 3321; x_wconf 86' lang='grc' dir='ltr'><strong>είς</strong></span> <span class='ocrx_word' id='word_1_255' title='bbox 206 3260 270 3312; x_wconf 82' lang='grc' dir='ltr'><strong>τὸ</strong></span> <span class='ocrx_word' id='word_1_256' title='bbox 299 3259 539 3328; x_wconf 81' lang='grc' dir='ltr'><strong>εὐλογεῖν</strong></span> <span class='ocrx_word' id='word_1_257' title='bbox 573 3259 665 3313; x_wconf 80' lang='grc' dir='ltr'><strong>τὸν</strong></span> <span class='ocrx_word' id='word_1_258' title='bbox 700 3259 833 3312; x_wconf 83' lang='grc' dir='ltr'><strong>Θεὸν</strong></span> <span class='ocrx_word' id='word_1_259' title='bbox 862 3259 1285 3331; x_wconf 56' lang='grc' dir='ltr'><strong>προετρέηιηντο,</strong></span> <span class='ocrx_word' id='word_1_260' title='bbox 1319 3260 1665 3331; x_wconf 64' lang='grc' dir='ltr'><strong>ἀποπληρούη</strong></span> 
     </span>
    </p>
   </div>
   <div class='ocr_carea' id='block_1_37' title="bbox 98 3346 1663 3419">
    <p class='ocr_par' dir='ltr' id='par_1_37' title="bbox 98 3346 1663 3419">
     <span class='ocr_line' id='line_1_37' title="bbox 98 3346 1663 3419; baseline 0.001 -19"><span class='ocrx_word' id='word_1_261' title='bbox 98 3365 197 3400; x_wconf 76' lang='grc' dir='ltr'><strong>σαν</strong></span> <span class='ocrx_word' id='word_1_262' title='bbox 226 3348 322 3416; x_wconf 81' lang='grc' dir='ltr'><strong>τὴν</strong></span> <span class='ocrx_word' id='word_1_263' title='bbox 349 3347 622 3416; x_wconf 81' lang='grc' dir='ltr'><strong>εὐλογίαν,</strong></span> <span class='ocrx_word' id='word_1_264' title='bbox 651 3347 728 3410; x_wconf 86' lang='grc' dir='ltr'><strong>ὡς</strong></span> <span class='ocrx_word' id='word_1_265' title='bbox 759 3348 997 3417; x_wconf 77' lang='grc' dir='ltr'><strong>εἴρηται,</strong></span> <span class='ocrx_word' id='word_1_266' title='bbox 1045 3346 1133 3400; x_wconf 78' lang='grc' dir='ltr'><strong>διὰ</strong></span> <span class='ocrx_word' id='word_1_267' title='bbox 1161 3346 1255 3400; x_wconf 83' lang='grc' dir='ltr'><strong>τοῦ</strong></span> <span class='ocrx_word' id='word_1_268' title='bbox 1281 3347 1523 3414; x_wconf 85' lang='grc' dir='ltr'><strong>εὐλογεῖν</strong></span> <span class='ocrx_word' id='word_1_269' title='bbox 1564 3348 1663 3419; x_wconf 77' lang='grc' dir='ltr'><strong>τὴν</strong></span> 
     </span>
    </p>
   </div>
   <div class='ocr_carea' id='block_1_38' title="bbox 96 3437 1660 3508">
    <p class='ocr_par' dir='ltr' id='par_1_38' title="bbox 96 3437 1660 3508">
     <span class='ocr_line' id='line_1_38' title="bbox 96 3437 1660 3508; baseline 0.001 -17"><span class='ocrx_word' id='word_1_270' title='bbox 96 3443 174 3501; x_wconf 80' lang='grc' dir='ltr'><strong>είς</strong></span> <span class='ocrx_word' id='word_1_271' title='bbox 198 3440 260 3492; x_wconf 79' lang='grc' dir='ltr'><strong>τὸ</strong></span> <span class='ocrx_word' id='word_1_272' title='bbox 277 3439 431 3491; x_wconf 82' lang='grc' dir='ltr'><strong>Θεῖον</strong></span> <span class='ocrx_word' id='word_1_273' title='bbox 458 3437 785 3506; x_wconf 66' lang='grc' dir='ltr'><strong>δοξολογίαν.</strong></span> <span class='ocrx_word' id='word_1_274' title='bbox 819 3438 973 3491; x_wconf 84' lang='grc' dir='ltr'><strong>Κατὰ</strong></span> <span class='ocrx_word' id='word_1_275' title='bbox 1004 3439 1189 3491; x_wconf 79' lang='grc' dir='ltr'><strong>τοῦτον</strong></span> <span class='ocrx_word' id='word_1_276' title='bbox 1219 3438 1397 3490; x_wconf 80' lang='grc' dir='ltr'><strong>τοίνυν</strong></span> <span class='ocrx_word' id='word_1_277' title='bbox 1422 3440 1512 3490; x_wconf 67' lang='grc' dir='ltr'><strong>τὶν</strong></span> <span class='ocrx_word' id='word_1_278' title='bbox 1534 3441 1660 3508; x_wconf 83' lang='grc' dir='ltr'><strong>τρό-</strong></span> 
     </span>
    </p>
   </div>
   <div class='ocr_carea' id='block_1_39' title="bbox 96 3528 1663 3598">
    <p class='ocr_par' dir='ltr' id='par_1_39' title="bbox 96 3528 1663 3598">
     <span class='ocr_line' id='line_1_39' title="bbox 96 3528 1663 3598; baseline 0.001 -15"><span class='ocrx_word' id='word_1_279' title='bbox 96 3548 218 3594; x_wconf 86' lang='grc' dir='ltr'><strong>πον,</strong></span> <span class='ocrx_word' id='word_1_280' title='bbox 255 3531 349 3583; x_wconf 82' lang='grc' dir='ltr'><strong>καὶ</strong></span> <span class='ocrx_word' id='word_1_281' title='bbox 385 3532 414 3583; x_wconf 86' lang='grc' dir='ltr'><strong>ό</strong></span> <span class='ocrx_word' id='word_1_282' title='bbox 446 3528 670 3598; x_wconf 88' lang='grc' dir='ltr'><strong>Συμεὼν</strong></span> <span class='ocrx_word' id='word_1_283' title='bbox 713 3530 805 3583; x_wconf 76' lang='grc' dir='ltr'><strong>ἐπὶ</strong></span> <span class='ocrx_word' id='word_1_284' title='bbox 848 3530 943 3582; x_wconf 77' lang='grc' dir='ltr'><strong>τοῦ</strong></span> <span class='ocrx_word' id='word_1_285' title='bbox 1004 3530 1269 3594; x_wconf 81' lang='grc' dir='ltr'><strong>παρόντος</strong></span> <span class='ocrx_word' id='word_1_286' title='bbox 1319 3531 1663 3597; x_wconf 72' lang='grc' dir='ltr'><strong>εὐλόγησεν</strong></span> 
     </span>
    </p>
   </div>
   <div class='ocr_carea' id='block_1_40' title="bbox 97 3617 1658 3689">
    <p class='ocr_par' dir='ltr' id='par_1_40' title="bbox 97 3617 1658 3689">
     <span class='ocr_line' id='line_1_40' title="bbox 97 3617 1658 3689; baseline 0.003 -17"><span class='ocrx_word' id='word_1_287' title='bbox 97 3622 337 3687; x_wconf 80' lang='grc' dir='ltr'><strong>αὐτοὺς,</strong></span> <span class='ocrx_word' id='word_1_288' title='bbox 354 3622 451 3674; x_wconf 76' lang='grc' dir='ltr'><strong>καί</strong></span> <span class='ocrx_word' id='word_1_289' title='bbox 473 3617 642 3674; x_wconf 76' lang='grc' dir='ltr'><strong>εἶπεν</strong></span> <span class='ocrx_word' id='word_1_290' title='bbox 668 3621 818 3689; x_wconf 74' lang='grc' dir='ltr'><strong>πρὸς</strong></span> <span class='ocrx_word' id='word_1_291' title='bbox 834 3620 1067 3689; x_wconf 81' lang='grc' dir='ltr'><strong>Μαριὰμ</strong></span> <span class='ocrx_word' id='word_1_292' title='bbox 1083 3620 1193 3688; x_wconf 77' lang='grc' dir='ltr'><strong>τὴν</strong></span> <span class='ocrx_word' id='word_1_293' title='bbox 1205 3621 1431 3689; x_wconf 78' lang='grc' dir='ltr'><strong>μητέρα</strong></span> <span class='ocrx_word' id='word_1_294' title='bbox 1451 3622 1658 3676; x_wconf 79' lang='grc' dir='ltr'><strong>αὐτοῦ.</strong></span> 
     </span>
    </p>
   </div>
   <div class='ocr_carea' id='block_1_41' title="bbox 98 3711 1663 3782">
    <p class='ocr_par' dir='ltr' id='par_1_41' title="bbox 98 3711 1663 3782">
     <span class='ocr_line' id='line_1_41' title="bbox 98 3711 1663 3782; baseline 0.001 -17"><span class='ocrx_word' id='word_1_295' title='bbox 98 3716 216 3766; x_wconf 73' lang='grc' dir='ltr'><strong>Τίνι</strong></span> <span class='ocrx_word' id='word_1_296' title='bbox 246 3713 409 3781; x_wconf 68' lang='grc' dir='ltr'><strong>λόγῳ,</strong></span> <span class='ocrx_word' id='word_1_297' title='bbox 459 3713 533 3782; x_wconf 82' lang='grc' dir='ltr'><strong>μὴ</strong></span> <span class='ocrx_word' id='word_1_298' title='bbox 559 3712 635 3782; x_wconf 86' lang='grc' dir='ltr'><strong>τῷ</strong></span> <span class='ocrx_word' id='word_1_299' title='bbox 666 3713 1008 3782; x_wconf 78' lang='grc' dir='ltr'><strong>νομιζομένῳ</strong></span> <span class='ocrx_word' id='word_1_300' title='bbox 1028 3711 1194 3780; x_wconf 80' lang='grc' dir='ltr'><strong>πατρὶ</strong></span> <span class='ocrx_word' id='word_1_301' title='bbox 1213 3711 1311 3780; x_wconf 81' lang='grc' dir='ltr'><strong>τῆς</strong></span> <span class='ocrx_word' id='word_1_302' title='bbox 1329 3715 1663 3782; x_wconf 75' lang='grc' dir='ltr'><strong>προφητείας</strong></span> 
     </span>
    </p>
   </div>
   <div class='ocr_carea' id='block_1_42' title="bbox 98 3802 1660 3874">
    <p class='ocr_par' dir='ltr' id='par_1_42' title="bbox 98 3802 1660 3874">
     <span class='ocr_line' id='line_1_42' title="bbox 98 3802 1660 3874; baseline 0.001 -19"><span class='ocrx_word' id='word_1_303' title='bbox 98 3803 248 3859; x_wconf 79' lang='grc' dir='ltr'><strong>εἶπεν</strong></span> <span class='ocrx_word' id='word_1_304' title='bbox 281 3807 307 3857; x_wconf 91' lang='grc' dir='ltr'>ὁ</span> <span class='ocrx_word' id='word_1_305' title='bbox 329 3802 551 3874; x_wconf 81' lang='grc' dir='ltr'><strong>Συμεὼν</strong></span> <span class='ocrx_word' id='word_1_306' title='bbox 569 3804 635 3856; x_wconf 85' lang='grc' dir='ltr'><strong>τὰ</strong></span> <span class='ocrx_word' id='word_1_307' title='bbox 659 3802 1053 3874; x_wconf 77' lang='grc' dir='ltr'><strong>ῥήματα.ἀλλά</strong></span> <span class='ocrx_word' id='word_1_308' title='bbox 1082 3802 1279 3869; x_wconf 81' lang='grc' dir='ltr'><strong>μᾶλλον</strong></span> <span class='ocrx_word' id='word_1_309' title='bbox 1301 3807 1368 3873; x_wconf 78' lang='grc' dir='ltr'><strong>τῇ</strong></span> <span class='ocrx_word' id='word_1_310' title='bbox 1392 3805 1622 3874; x_wconf 83' lang='grc' dir='ltr'><strong>Μαριάμ</strong></span> <span class='ocrx_word' id='word_1_311' title='bbox 1646 3822 1660 3867; x_wconf 86' lang='lat'><strong>;</strong></span> 
     </span>
    </p>
   </div>
   <div class='ocr_carea' id='block_1_43' title="bbox 96 3893 1661 3966">
    <p class='ocr_par' dir='ltr' id='par_1_43' title="bbox 96 3893 1661 3966">
     <span class='ocr_line' id='line_1_43' title="bbox 96 3893 1661 3966; baseline 0.001 -20"><span class='ocrx_word' id='word_1_312' title='bbox 96 3898 281 3961; x_wconf 77' lang='grc' dir='ltr'><strong>ἐπειδὴ</strong></span> <span class='ocrx_word' id='word_1_313' title='bbox 308 3896 522 3966; x_wconf 62' lang='lat' dir='ltr'><strong>gesta;</strong></span> <span class='ocrx_word' id='word_1_314' title='bbox 555 3895 1018 3964; x_wconf 65' lang='grc' dir='ltr'><strong>πνευματοῳόρος,</strong></span> <span class='ocrx_word' id='word_1_315' title='bbox 1068 3893 1245 3963; x_wconf 84' lang='grc' dir='ltr'><strong>ἀληθῆ</strong></span> <span class='ocrx_word' id='word_1_316' title='bbox 1293 3893 1385 3945; x_wconf 75' lang='grc' dir='ltr'><strong>τοῦ</strong></span> <span class='ocrx_word' id='word_1_317' title='bbox 1430 3894 1661 3963; x_wconf 73' lang='grc' dir='ltr'><strong>βρέφους</strong></span> 
     </span>
    </p>
   </div>
   <div class='ocr_carea' id='block_1_44' title="bbox 99 3979 1661 4055">
    <p class='ocr_par' dir='ltr' id='par_1_44' title="bbox 99 3979 1661 4055">
     <span class='ocr_line' id='line_1_44' title="bbox 99 3979 1661 4055; baseline -0.004 -20"><span class='ocrx_word' id='word_1_318' title='bbox 99 3984 308 4055; x_wconf 83' lang='grc' dir='ltr'><strong>μητέρα</strong></span> <span class='ocrx_word' id='word_1_319' title='bbox 340 3983 629 4051; x_wconf 79' lang='grc' dir='ltr'><strong>τυγχάνειν</strong></span> <span class='ocrx_word' id='word_1_320' title='bbox 650 3983 747 4050; x_wconf 75' lang='grc' dir='ltr'><strong>τὴν</strong></span> <span class='ocrx_word' id='word_1_321' title='bbox 770 3982 988 4051; x_wconf 77' lang='grc' dir='ltr'><strong>Μαρίαν</strong></span> <span class='ocrx_word' id='word_1_322' title='bbox 1007 3997 1020 4011; x_wconf 83' lang='lat'><strong><em>°</em></strong></span> <span class='ocrx_word' id='word_1_323' title='bbox 1047 3980 1136 4033; x_wconf 76' lang='grc' dir='ltr'><strong>τὸν</strong></span> <span class='ocrx_word' id='word_1_324' title='bbox 1183 3980 1379 4047; x_wconf 71' lang='grc' dir='ltr'><strong>Ἰωσὴφ</strong></span> <span class='ocrx_word' id='word_1_325' title='bbox 1408 3979 1463 4030; x_wconf 80' lang='grc' dir='ltr'><strong>δὲ</strong></span> <span class='ocrx_word' id='word_1_326' title='bbox 1500 3980 1661 4048; x_wconf 85' lang='grc' dir='ltr'><strong>μέχρι</strong></span> 
     </span>
    </p>
   </div>
   <div class='ocr_carea' id='block_1_45' title="bbox 94 4071 1665 4142">
    <p class='ocr_par' dir='ltr' id='par_1_45' title="bbox 94 4071 1665 4142">
     <span class='ocr_line' id='line_1_45' title="bbox 94 4071 1665 4142; baseline -0.003 -16"><span class='ocrx_word' id='word_1_327' title='bbox 94 4075 250 4142; x_wconf 53' lang='grc' dir='ltr'><strong>ψιλοῦ</strong></span> <span class='ocrx_word' id='word_1_328' title='bbox 282 4076 371 4125; x_wconf 85' lang='grc' dir='ltr'><strong>καί</strong></span> <span class='ocrx_word' id='word_1_329' title='bbox 403 4075 566 4141; x_wconf 88' lang='grc' dir='ltr'><strong>μόνου</strong></span> <span class='ocrx_word' id='word_1_330' title='bbox 600 4073 881 4141; x_wconf 77' lang='grc' dir='ltr'><strong>ὀνόματος,</strong></span> <span class='ocrx_word' id='word_1_331' title='bbox 916 4074 1011 4141; x_wconf 84' lang='grc' dir='ltr'><strong>τῆς</strong></span> <span class='ocrx_word' id='word_1_332' title='bbox 1034 4073 1129 4125; x_wconf 80' lang='grc' dir='ltr'><strong>τοῦ</strong></span> <span class='ocrx_word' id='word_1_333' title='bbox 1160 4071 1360 4141; x_wconf 79' lang='grc' dir='ltr'><strong>πατρὸς</strong></span> <span class='ocrx_word' id='word_1_334' title='bbox 1393 4087 1665 4141; x_wconf 77' lang='grc' dir='ltr'><strong>προσηγο-</strong></span> 
     </span>
    </p>
   </div>
   <div class='ocr_carea' id='block_1_46' title="bbox 97 4162 1657 4248">
    <p class='ocr_par' dir='ltr' id='par_1_46' title="bbox 97 4162 1657 4248">
     <span class='ocr_line' id='line_1_46' title="bbox 97 4162 1657 4248; baseline -0.003 -31"><span class='ocrx_word' id='word_1_335' title='bbox 97 4166 216 4231; x_wconf 72' lang='grc' dir='ltr'><strong>ρίας</strong></span> <span class='ocrx_word' id='word_1_336' title='bbox 246 4164 583 4218; x_wconf 80' lang='grc' dir='ltr'><strong>ἀπολαύοντα</strong></span> <span class='ocrx_word' id='word_1_337' title='bbox 603 4181 617 4195; x_wconf 88' lang='grc'><strong>·</strong></span> <span class='ocrx_word' id='word_1_338' title='bbox 648 4164 834 4234; x_wconf 79' lang='grc' dir='ltr'><strong>ἐπειδὴ</strong></span> <span class='ocrx_word' id='word_1_339' title='bbox 863 4164 963 4216; x_wconf 81' lang='grc' dir='ltr'><strong>οὐκ</strong></span> <span class='ocrx_word' id='word_1_340' title='bbox 994 4167 1056 4215; x_wconf 76' lang='grc' dir='ltr'><strong>ἐκ</strong></span> <span class='ocrx_word' id='word_1_341' title='bbox 1093 4164 1407 4248; x_wconf 55' lang='grc' dir='ltr'><strong>σπέρματος</strong></span> <span class='ocrx_word' id='word_1_342' title='bbox 1436 4162 1624 4231; x_wconf 74' lang='grc' dir='ltr'><strong>ἀνδρός</strong></span> <span class='ocrx_word' id='word_1_343' title='bbox 1644 4177 1657 4189; x_wconf 81' lang='lat'>&#39;</span> 
     </span>
    </p>
   </div>
   <div class='ocr_carea' id='block_1_47' title="bbox 96 4252 1663 4323">
    <p class='ocr_par' dir='ltr' id='par_1_47' title="bbox 96 4252 1663 4323">
     <span class='ocr_line' id='line_1_47' title="bbox 96 4252 1663 4323; baseline -0.002 -17"><span class='ocrx_word' id='word_1_344' title='bbox 96 4256 213 4306; x_wconf 79' lang='grc' dir='ltr'><strong>ἀλλ’</strong></span> <span class='ocrx_word' id='word_1_345' title='bbox 258 4258 321 4307; x_wconf 87' lang='grc' dir='ltr'><strong>ὲκ</strong></span> <span class='ocrx_word' id='word_1_346' title='bbox 370 4254 684 4323; x_wconf 84' lang='grc' dir='ltr'><strong>Πνεύματος</strong></span> <span class='ocrx_word' id='word_1_347' title='bbox 724 4254 878 4321; x_wconf 80' lang='grc' dir='ltr'><strong>ἁγίου</strong></span> <span class='ocrx_word' id='word_1_348' title='bbox 929 4254 960 4322; x_wconf 80' lang='grc' dir='ltr'>ἡ</span> <span class='ocrx_word' id='word_1_349' title='bbox 1007 4252 1105 4321; x_wconf 81' lang='grc' dir='ltr'><strong>τῆς</strong></span> <span class='ocrx_word' id='word_1_350' title='bbox 1145 4253 1521 4320; x_wconf 77' lang='grc' dir='ltr'><strong>ἁπειρογάμου</strong></span> <span class='ocrx_word' id='word_1_351' title='bbox 1568 4254 1663 4303; x_wconf 79' lang='grc' dir='ltr'><strong>καὶ</strong></span> 
     </span>
    </p>
   </div>
   <div class='ocr_carea' id='block_1_48' title="bbox 95 4342 1662 4415">
    <p class='ocr_par' dir='ltr' id='par_1_48' title="bbox 95 4342 1662 4415">
     <span class='ocr_line' id='line_1_48' title="bbox 95 4342 1662 4415; baseline -0.004 -15"><span class='ocrx_word' id='word_1_352' title='bbox 95 4347 258 4413; x_wconf 83' lang='grc' dir='ltr'><strong>ἁγίας</strong></span> <span class='ocrx_word' id='word_1_353' title='bbox 282 4345 557 4415; x_wconf 82' lang='grc' dir='ltr'><strong>Παρθένου</strong></span> <span class='ocrx_word' id='word_1_354' title='bbox 583 4345 848 4413; x_wconf 74' lang='grc' dir='ltr'><strong>κυοφορία</strong></span> <span class='ocrx_word' id='word_1_355' title='bbox 873 4344 1117 4411; x_wconf 77' lang='grc' dir='ltr'><strong>γέγονεν.</strong></span> <span class='ocrx_word' id='word_1_356' title='bbox 1145 4342 1350 4394; x_wconf 80' lang='grc' dir='ltr'><strong>Τούτου</strong></span> <span class='ocrx_word' id='word_1_357' title='bbox 1380 4344 1537 4411; x_wconf 77' lang='grc' dir='ltr'><strong>χάριν</strong></span> <span class='ocrx_word' id='word_1_358' title='bbox 1569 4358 1662 4394; x_wconf 83' lang='grc' dir='ltr'><strong>κα-</strong></span> 
     </span>
    </p>
   </div>
   <div class='ocr_carea' id='block_1_49' title="bbox 1762 537 3322 607">
    <p class='ocr_par' dir='ltr' id='par_1_49' title="bbox 1762 537 3322 607">
     <span class='ocr_line' id='line_1_49' title="bbox 1762 537 3322 607; baseline 0.01 -22"><span class='ocrx_word' id='word_1_359' title='bbox 1762 542 1818 585; x_wconf 91' lang='lat' dir='ltr'><strong>ut</strong></span> <span class='ocrx_word' id='word_1_360' title='bbox 1849 542 2057 603; x_wconf 78' lang='lat' dir='ltr'><strong>gentes,</strong></span> <span class='ocrx_word' id='word_1_361' title='bbox 2092 551 2211 603; x_wconf 76' lang='lat' dir='ltr'><strong>quze</strong></span> <span class='ocrx_word' id='word_1_362' title='bbox 2246 537 2301 590; x_wconf 90' lang='lat' dir='ltr'><strong>in</strong></span> <span class='ocrx_word' id='word_1_363' title='bbox 2332 537 2569 592; x_wconf 97' lang='lat' dir='ltr'><strong>tenebris</strong></span> <span class='ocrx_word' id='word_1_364' title='bbox 2592 554 2651 593; x_wconf 89' lang='lat' dir='ltr'><strong>ac</strong></span> <span class='ocrx_word' id='word_1_365' title='bbox 2678 541 2866 595; x_wconf 88' lang='lat' dir='ltr'><strong>umbra</strong></span> <span class='ocrx_word' id='word_1_366' title='bbox 2896 543 3087 596; x_wconf 89' lang='lat' dir='ltr'><strong>mortis</strong></span> <span class='ocrx_word' id='word_1_367' title='bbox 3113 544 3322 607; x_wconf 86' lang='lat' dir='ltr'><strong>sedent.</strong></span> 
     </span>
    </p>
   </div>
   <div class='ocr_carea' id='block_1_50' title="bbox 1762 624 3329 700">
    <p class='ocr_par' dir='ltr' id='par_1_50' title="bbox 1762 624 3329 700">
     <span class='ocr_line' id='line_1_50' title="bbox 1762 624 3329 700; baseline 0.008 -25"><span class='ocrx_word' id='word_1_368' title='bbox 1762 624 1933 678; x_wconf 78' lang='lat' dir='ltr'><strong>visum</strong></span> <span class='ocrx_word' id='word_1_369' title='bbox 1960 640 2024 678; x_wconf 90' lang='lat' dir='ltr'><strong>ac</strong></span> <span class='ocrx_word' id='word_1_370' title='bbox 2060 626 2241 679; x_wconf 85' lang='lat' dir='ltr'><strong>luuu-n</strong></span> <span class='ocrx_word' id='word_1_371' title='bbox 2286 628 2568 697; x_wconf 84' lang='lat' dir='ltr'><strong>recipiant.</strong></span> <span class='ocrx_word' id='word_1_372' title='bbox 2617 628 2685 683; x_wconf 82' lang='lat' dir='ltr'><strong>Et</strong></span> <span class='ocrx_word' id='word_1_373' title='bbox 2737 631 2962 700; x_wconf 82' lang='lat' dir='ltr'><strong>gloriam</strong></span> <span class='ocrx_word' id='word_1_374' title='bbox 3017 633 3179 700; x_wconf 83' lang='lat' dir='ltr'><strong>plebis</strong></span> <span class='ocrx_word' id='word_1_375' title='bbox 3223 644 3329 687; x_wconf 82' lang='lat' dir='ltr'><strong>tua:</strong></span> 
     </span>
    </p>
   </div>
   <div class='ocr_carea' id='block_1_51' title="bbox 1762 711 3329 785">
    <p class='ocr_par' dir='ltr' id='par_1_51' title="bbox 1762 711 3329 785">
     <span class='ocr_line' id='line_1_51' title="bbox 1762 711 3329 785; baseline 0.009 -20"><span class='ocrx_word' id='word_1_376' title='bbox 1762 711 1948 768; x_wconf 77' lang='lat' dir='ltr'><strong>Israel.</strong></span> <span class='ocrx_word' id='word_1_377' title='bbox 1991 713 2308 785; x_wconf 80' lang='lat' dir='ltr'><strong>Quanquam</strong></span> <span class='ocrx_word' id='word_1_378' title='bbox 2347 718 2492 771; x_wconf 88' lang='lat' dir='ltr'><strong>enim</strong></span> <span class='ocrx_word' id='word_1_379' title='bbox 2526 732 2633 771; x_wconf 89' lang='lat' dir='ltr'><strong>non</strong></span> <span class='ocrx_word' id='word_1_380' title='bbox 2658 734 2847 774; x_wconf 86' lang='lat' dir='ltr'><strong>omnes</strong></span> <span class='ocrx_word' id='word_1_381' title='bbox 2881 724 2983 776; x_wconf 91' lang='lat' dir='ltr'><strong>orti</strong></span> <span class='ocrx_word' id='word_1_382' title='bbox 3024 739 3089 776; x_wconf 78' lang='lat' dir='ltr'><strong>ex</strong></span> <span class='ocrx_word' id='word_1_383' title='bbox 3130 721 3329 779; x_wconf 54' lang='lat' dir='ltr'><strong>Israt-le</strong></span> 
     </span>
    </p>
   </div>
   <div class='ocr_carea' id='block_1_52' title="bbox 1760 805 3330 880">
    <p class='ocr_par' dir='ltr' id='par_1_52' title="bbox 1760 805 3330 880">
     <span class='ocr_line' id='line_1_52' title="bbox 1760 805 3330 880; baseline 0.01 -25"><span class='ocrx_word' id='word_1_384' title='bbox 1760 805 2139 870; x_wconf 89' lang='lat' dir='ltr'><strong>crediderunt,</strong></span> <span class='ocrx_word' id='word_1_385' title='bbox 2178 806 2417 875; x_wconf 74' lang='lat' dir='ltr'><strong>reliqula:</strong></span> <span class='ocrx_word' id='word_1_386' title='bbox 2447 816 2627 861; x_wconf 87' lang='lat' dir='ltr'><strong>tamen</strong></span> <span class='ocrx_word' id='word_1_387' title='bbox 2659 808 2823 862; x_wconf 56' lang='lat' dir='ltr'><strong>salvae</strong></span> <span class='ocrx_word' id='word_1_388' title='bbox 2854 810 3006 867; x_wconf 67' lang='lat' dir='ltr'><strong>factm</strong></span> <span class='ocrx_word' id='word_1_389' title='bbox 3044 822 3211 880; x_wconf 89' lang='lat' dir='ltr'><strong>sunt;</strong></span> <span class='ocrx_word' id='word_1_390' title='bbox 3260 832 3330 872; x_wconf 75' lang='lat' dir='ltr'><strong>ex</strong></span> 
     </span>
    </p>
   </div>
   <div class='ocr_carea' id='block_1_53' title="bbox 1761 896 3326 969">
    <p class='ocr_par' dir='ltr' id='par_1_53' title="bbox 1761 896 3326 969">
     <span class='ocr_line' id='line_1_53' title="bbox 1761 896 3326 969; baseline 0.008 -24"><span class='ocrx_word' id='word_1_391' title='bbox 1761 896 1957 962; x_wconf 75' lang='lat' dir='ltr'><strong>quibus</strong></span> <span class='ocrx_word' id='word_1_392' title='bbox 1983 896 2223 962; x_wconf 81' lang='lat' dir='ltr'><strong>fuerunt,</strong></span> <span class='ocrx_word' id='word_1_393' title='bbox 2255 906 2366 950; x_wconf 90' lang='lat' dir='ltr'><strong>tum</strong></span> <span class='ocrx_word' id='word_1_394' title='bbox 2396 900 2535 953; x_wconf 87' lang='lat' dir='ltr'><strong>beati</strong></span> <span class='ocrx_word' id='word_1_395' title='bbox 2566 900 2770 953; x_wconf 85' lang='lat' dir='ltr'><strong>Christi</strong></span> <span class='ocrx_word' id='word_1_396' title='bbox 2802 903 3051 969; x_wconf 73' lang='lat' dir='ltr'><strong>apostoli,</strong></span> <span class='ocrx_word' id='word_1_397' title='bbox 3094 910 3204 958; x_wconf 86' lang='lat' dir='ltr'><strong>tum</strong></span> <span class='ocrx_word' id='word_1_398' title='bbox 3234 904 3326 959; x_wconf 86' lang='lat' dir='ltr'><strong>alii</strong></span> 
     </span>
    </p>
   </div>
   <div class='ocr_carea' id='block_1_54' title="bbox 1759 985 3326 1061">
    <p class='ocr_par' dir='ltr' id='par_1_54' title="bbox 1759 985 3326 1061">
     <span class='ocr_line' id='line_1_54' title="bbox 1759 985 3326 1061; baseline 0.006 -24"><span class='ocrx_word' id='word_1_399' title='bbox 1759 985 1977 1053; x_wconf 87' lang='lat' dir='ltr'><strong>quidam</strong></span> <span class='ocrx_word' id='word_1_400' title='bbox 2008 986 2213 1041; x_wconf 82' lang='lat' dir='ltr'><strong>ﬁdeles.</strong></span> <span class='ocrx_word' id='word_1_401' title='bbox 2241 986 2353 1041; x_wconf 85' lang='lat' dir='ltr'><strong>Nec</strong></span> <span class='ocrx_word' id='word_1_402' title='bbox 2380 989 2430 1041; x_wconf 90' lang='lat' dir='ltr'><strong>id</strong></span> <span class='ocrx_word' id='word_1_403' title='bbox 2462 990 2641 1053; x_wconf 87' lang='lat' dir='ltr'><strong>modo,</strong></span> <span class='ocrx_word' id='word_1_404' title='bbox 2669 992 2803 1058; x_wconf 90' lang='lat' dir='ltr'><strong>quin</strong></span> <span class='ocrx_word' id='word_1_405' title='bbox 2836 1002 2891 1045; x_wconf 89' lang='lat' dir='ltr'><strong>et</strong></span> <span class='ocrx_word' id='word_1_406' title='bbox 2921 992 3037 1061; x_wconf 86' lang='lat' dir='ltr'><strong>ipse</strong></span> <span class='ocrx_word' id='word_1_407' title='bbox 3068 993 3326 1048; x_wconf 84' lang='lat' dir='ltr'><strong>Dominus</strong></span> 
     </span>
    </p>
   </div>
   <div class='ocr_carea' id='block_1_55' title="bbox 1761 1079 3327 1152">
    <p class='ocr_par' dir='ltr' id='par_1_55' title="bbox 1761 1079 3327 1152">
     <span class='ocr_line' id='line_1_55' title="bbox 1761 1079 3327 1152; baseline 0.008 -26"><span class='ocrx_word' id='word_1_408' title='bbox 1761 1084 1970 1136; x_wconf 88' lang='lat' dir='ltr'><strong>noster,</strong></span> <span class='ocrx_word' id='word_1_409' title='bbox 2007 1091 2070 1131; x_wconf 77' lang='lat' dir='ltr'><strong>ex</strong></span> <span class='ocrx_word' id='word_1_410' title='bbox 2114 1079 2257 1132; x_wconf 91' lang='lat' dir='ltr'><strong>tribu</strong></span> <span class='ocrx_word' id='word_1_411' title='bbox 2282 1080 2443 1132; x_wconf 91' lang='lat' dir='ltr'><strong>nobis</strong></span> <span class='ocrx_word' id='word_1_412' title='bbox 2464 1079 2600 1135; x_wconf 85' lang='lat' dir='ltr'><strong>Juda</strong></span> <span class='ocrx_word' id='word_1_413' title='bbox 2637 1090 2859 1135; x_wconf 81' lang='lat' dir='ltr'><strong>exortus</strong></span> <span class='ocrx_word' id='word_1_414' title='bbox 2884 1090 2989 1135; x_wconf 88' lang='lat' dir='ltr'><strong>est.</strong></span> <span class='ocrx_word' id='word_1_415' title='bbox 3022 1083 3142 1152; x_wconf 88' lang='lat' dir='ltr'><strong>Ipse</strong></span> <span class='ocrx_word' id='word_1_416' title='bbox 3170 1099 3327 1138; x_wconf 89' lang='lat' dir='ltr'><strong>nam-</strong></span> 
     </span>
    </p>
   </div>
   <div class='ocr_carea' id='block_1_56' title="bbox 1759 1166 3330 1241">
    <p class='ocr_par' dir='ltr' id='par_1_56' title="bbox 1759 1166 3330 1241">
     <span class='ocr_line' id='line_1_56' title="bbox 1759 1166 3330 1241; baseline 0.008 -22"><span class='ocrx_word' id='word_1_417' title='bbox 1759 1182 1865 1236; x_wconf 91' lang='lat' dir='ltr'><strong>que</strong></span> <span class='ocrx_word' id='word_1_418' title='bbox 1906 1166 2153 1223; x_wconf 80' lang='lat' dir='ltr'><strong>Salvator</strong></span> <span class='ocrx_word' id='word_1_419' title='bbox 2179 1170 2247 1224; x_wconf 88' lang='lat' dir='ltr'><strong>de</strong></span> <span class='ocrx_word' id='word_1_420' title='bbox 2276 1186 2335 1224; x_wconf 87' lang='lat' dir='ltr'><strong>se</strong></span> <span class='ocrx_word' id='word_1_421' title='bbox 2367 1170 2481 1240; x_wconf 87' lang='lat' dir='ltr'><strong>ipse</strong></span> <span class='ocrx_word' id='word_1_422' title='bbox 2508 1172 2755 1241; x_wconf 86' lang='lat' dir='ltr'><strong>loquens,</strong></span> <span class='ocrx_word' id='word_1_423' title='bbox 2796 1174 3045 1239; x_wconf 87' lang='lat' dir='ltr'><strong>dicebat,</strong></span> <span class='ocrx_word' id='word_1_424' title='bbox 3077 1174 3213 1239; x_wconf 83' lang='lat' dir='ltr'><strong>Quia</strong></span> <span class='ocrx_word' id='word_1_425' title='bbox 3240 1193 3330 1230; x_wconf 83' lang='lat' dir='ltr'><strong>sa—</strong></span> 
     </span>
    </p>
   </div>
   <div class='ocr_carea' id='block_1_57' title="bbox 1760 1258 3332 1333">
    <p class='ocr_par' dir='ltr' id='par_1_57' title="bbox 1760 1258 3332 1333">
     <span class='ocr_line' id='line_1_57' title="bbox 1760 1258 3332 1333; baseline 0.007 -23"><span class='ocrx_word' id='word_1_426' title='bbox 1760 1264 1844 1311; x_wconf 84' lang='lat' dir='ltr'><strong>lus</strong></span> <span class='ocrx_word' id='word_1_427' title='bbox 1880 1274 1943 1311; x_wconf 72' lang='lat' dir='ltr'><strong>ex</strong></span> <span class='ocrx_word' id='word_1_428' title='bbox 1966 1258 2165 1313; x_wconf 69' lang='lat' dir='ltr'><strong>Iudaeis</strong></span> <span class='ocrx_word' id='word_1_429' title='bbox 2193 1269 2289 1315; x_wconf 88' lang='lat' dir='ltr'><strong>est.</strong></span> <span class='ocrx_word' id='word_1_430' title='bbox 2324 1260 2531 1316; x_wconf 84' lang='lat' dir='ltr'><strong>Idcirco</strong></span> <span class='ocrx_word' id='word_1_431' title='bbox 2550 1263 2626 1316; x_wconf 87' lang='lat' dir='ltr'><strong>ait</strong></span> <span class='ocrx_word' id='word_1_432' title='bbox 2650 1282 2661 1315; x_wconf 89' lang='lat'><strong>:</strong></span> <span class='ocrx_word' id='word_1_433' title='bbox 2690 1261 2755 1315; x_wconf 86' lang='lat' dir='ltr'><strong>Et</strong></span> <span class='ocrx_word' id='word_1_434' title='bbox 2783 1263 3009 1331; x_wconf 76' lang='lat' dir='ltr'><strong>gloriam</strong></span> <span class='ocrx_word' id='word_1_435' title='bbox 3036 1266 3197 1333; x_wconf 85' lang='lat' dir='ltr'><strong>plebis</strong></span> <span class='ocrx_word' id='word_1_436' title='bbox 3226 1276 3332 1321; x_wconf 64' lang='lat' dir='ltr'><strong>tua:</strong></span> 
     </span>
    </p>
   </div>
   <div class='ocr_carea' id='block_1_58' title="bbox 1761 1350 2023 1405">
    <p class='ocr_par' dir='ltr' id='par_1_58' title="bbox 1761 1350 2023 1405">
     <span class='ocr_line' id='line_1_58' title="bbox 1761 1350 2023 1405; baseline 0 0"><span class='ocrx_word' id='word_1_437' title='bbox 1761 1350 1933 1405; x_wconf 87' lang='lat' dir='ltr'><strong>Israel</strong></span> <span class='ocrx_word' id='word_1_438' title='bbox 1960 1352 2023 1405; x_wconf 81' lang='grc'><strong>³⁷.</strong></span> 
     </span>
    </p>
   </div>
   <div class='ocr_carea' id='block_1_59' title="bbox 1833 1512 3333 1604">
    <p class='ocr_par' dir='ltr' id='par_1_59' title="bbox 1833 1512 3333 1604">
     <span class='ocr_line' id='line_1_59' title="bbox 1833 1512 3333 1604; baseline 0.003 -21"><span class='ocrx_word' id='word_1_439' title='bbox 1833 1528 1899 1583; x_wconf 88' lang='lat' dir='ltr'><strong>Et</strong></span> <span class='ocrx_word' id='word_1_440' title='bbox 1927 1542 2075 1583; x_wconf 89' lang='lat' dir='ltr'><strong>erant</strong></span> <span class='ocrx_word' id='word_1_441' title='bbox 2109 1540 2260 1601; x_wconf 84' lang='lat' dir='ltr'><strong>pater</strong></span> <span class='ocrx_word' id='word_1_442' title='bbox 2287 1531 2402 1601; x_wconf 85' lang='lat' dir='ltr'><strong>ejus</strong></span> <span class='ocrx_word' id='word_1_443' title='bbox 2437 1541 2483 1585; x_wconf 88' lang='lat' dir='ltr'><strong>et</strong></span> <span class='ocrx_word' id='word_1_444' title='bbox 2513 1540 2683 1584; x_wconf 82' lang='lat' dir='ltr'><strong>mater</strong></span> <span class='ocrx_word' id='word_1_445' title='bbox 2749 1534 3002 1586; x_wconf 77' lang='lat' dir='ltr'><strong>mirantes</strong></span> <span class='ocrx_word' id='word_1_446' title='bbox 3053 1543 3210 1604; x_wconf 80' lang='lat' dir='ltr'><strong>super</strong></span> <span class='ocrx_word' id='word_1_447' title='bbox 3250 1512 3333 1589; x_wconf 18' lang='lat' dir='ltr'><strong>illis</strong></span> 
     </span>
    </p>
   </div>
   <div class='ocr_carea' id='block_1_60' title="bbox 1764 1618 3333 1689">
    <p class='ocr_par' dir='ltr' id='par_1_60' title="bbox 1764 1618 3333 1689">
     <span class='ocr_line' id='line_1_60' title="bbox 1764 1618 3333 1689; baseline 0.008 -22"><span class='ocrx_word' id='word_1_448' title='bbox 1764 1632 1879 1685; x_wconf 62' lang='lat' dir='ltr'><strong>qui.&quot;</strong></span> <span class='ocrx_word' id='word_1_449' title='bbox 1909 1618 2220 1671; x_wconf 81' lang='lat' dir='ltr'><strong>dicebautur</strong></span> <span class='ocrx_word' id='word_1_450' title='bbox 2248 1621 2314 1672; x_wconf 89' lang='lat' dir='ltr'><strong>de</strong></span> <span class='ocrx_word' id='word_1_451' title='bbox 2350 1619 2444 1673; x_wconf 90' lang='lat' dir='ltr'><strong>illo</strong></span> <span class='ocrx_word' id='word_1_452' title='bbox 2478 1620 2542 1672; x_wconf 81' lang='lat'><strong>“.</strong></span> <span class='ocrx_word' id='word_1_453' title='bbox 2582 1618 2902 1689; x_wconf 86' lang='lat' dir='ltr'><strong>Quanquam</strong></span> <span class='ocrx_word' id='word_1_454' title='bbox 2948 1622 3092 1675; x_wconf 90' lang='lat' dir='ltr'><strong>enim</strong></span> <span class='ocrx_word' id='word_1_455' title='bbox 3124 1624 3333 1679; x_wconf 82' lang='lat' dir='ltr'><strong>didice-</strong></span> 
     </span>
    </p>
   </div>
   <div class='ocr_carea' id='block_1_61' title="bbox 1764 1706 3332 1784">
    <p class='ocr_par' dir='ltr' id='par_1_61' title="bbox 1764 1706 3332 1784">
     <span class='ocr_line' id='line_1_61' title="bbox 1764 1706 3332 1784; baseline 0.007 -26"><span class='ocrx_word' id='word_1_456' title='bbox 1764 1716 1887 1759; x_wconf 87' lang='lat' dir='ltr'><strong>rant</strong></span> <span class='ocrx_word' id='word_1_457' title='bbox 1910 1706 2073 1761; x_wconf 83' lang='lat' dir='ltr'><strong>Maria</strong></span> <span class='ocrx_word' id='word_1_458' title='bbox 2108 1708 2397 1776; x_wconf 82' lang='lat' dir='ltr'><strong>pariter-ac</strong></span> <span class='ocrx_word' id='word_1_459' title='bbox 2423 1710 2648 1779; x_wconf 72' lang='lat' dir='ltr'><strong>Ioseph,</strong></span> <span class='ocrx_word' id='word_1_460' title='bbox 2679 1712 2824 1780; x_wconf 88' lang='lat' dir='ltr'><strong>quod</strong></span> <span class='ocrx_word' id='word_1_461' title='bbox 2858 1713 2924 1766; x_wconf 88' lang='lat' dir='ltr'><strong>ad</strong></span> <span class='ocrx_word' id='word_1_462' title='bbox 2952 1729 3179 1781; x_wconf 86' lang='lat' dir='ltr'><strong>puerum</strong></span> <span class='ocrx_word' id='word_1_463' title='bbox 3205 1729 3332 1784; x_wconf 86' lang='lat' dir='ltr'><strong>spe-</strong></span> 
     </span>
    </p>
   </div>
   <div class='ocr_carea' id='block_1_62' title="bbox 1765 1796 3327 1867">
    <p class='ocr_par' dir='ltr' id='par_1_62' title="bbox 1765 1796 3327 1867">
     <span class='ocr_line' id='line_1_62' title="bbox 1765 1796 3327 1867; baseline 0.008 -20"><span class='ocrx_word' id='word_1_464' title='bbox 1765 1796 1943 1849; x_wconf 84' lang='lat' dir='ltr'><strong>ctabat</strong></span> <span class='ocrx_word' id='word_1_465' title='bbox 1986 1797 2303 1857; x_wconf 84' lang='lat' dir='ltr'><strong>mvsterium</strong></span> <span class='ocrx_word' id='word_1_466' title='bbox 2332 1815 2344 1850; x_wconf 91' lang='lat'>:</span> <span class='ocrx_word' id='word_1_467' title='bbox 2376 1797 2541 1853; x_wconf 75' lang='lat' dir='ltr'><strong>Maria</strong></span> <span class='ocrx_word' id='word_1_468' title='bbox 2577 1800 2792 1867; x_wconf 79' lang='lat' dir='ltr'><strong>quidem</strong></span> <span class='ocrx_word' id='word_1_469' title='bbox 2815 1842 2829 1863; x_wconf 95' lang='lat'><strong>,</strong></span> <span class='ocrx_word' id='word_1_470' title='bbox 2867 1801 3133 1858; x_wconf 74' lang='lat' dir='ltr'><strong>Gabrielis</strong></span> <span class='ocrx_word' id='word_1_471' title='bbox 3164 1820 3327 1859; x_wconf 82' lang='lat' dir='ltr'><strong>voce:</strong></span> 
     </span>
    </p>
   </div>
   <div class='ocr_carea' id='block_1_63' title="bbox 1767 1888 3331 1960">
    <p class='ocr_par' dir='ltr' id='par_1_63' title="bbox 1767 1888 3331 1960">
     <span class='ocr_line' id='line_1_63' title="bbox 1767 1888 3331 1960; baseline 0.006 -20"><span class='ocrx_word' id='word_1_472' title='bbox 1767 1903 1867 1941; x_wconf 81' lang='lat' dir='ltr'><strong>uec</strong></span> <span class='ocrx_word' id='word_1_473' title='bbox 1895 1888 1944 1941; x_wconf 88' lang='lat' dir='ltr'><strong>id</strong></span> <span class='ocrx_word' id='word_1_474' title='bbox 1980 1889 2160 1947; x_wconf 88' lang='lat' dir='ltr'><strong>modo.</strong></span> <span class='ocrx_word' id='word_1_475' title='bbox 2187 1905 2377 1943; x_wconf 87' lang='lat' dir='ltr'><strong>verum</strong></span> <span class='ocrx_word' id='word_1_476' title='bbox 2403 1891 2569 1945; x_wconf 84' lang='lat' dir='ltr'><strong>etiam</strong></span> <span class='ocrx_word' id='word_1_477' title='bbox 2595 1907 2623 1944; x_wconf 86' lang='lat' dir='ltr'><strong>a</strong></span> <span class='ocrx_word' id='word_1_478' title='bbox 2654 1890 2855 1960; x_wconf 83' lang='lat' dir='ltr'><strong>Spiritu</strong></span> <span class='ocrx_word' id='word_1_479' title='bbox 2880 1904 3067 1948; x_wconf 84' lang='lat' dir='ltr'><strong>sancto</strong></span> <span class='ocrx_word' id='word_1_480' title='bbox 3091 1892 3331 1952; x_wconf 83' lang='lat' dir='ltr'><strong>nascitu-</strong></span> 
     </span>
    </p>
   </div>
   <div class='ocr_carea' id='block_1_64' title="bbox 1764 1979 3332 2057">
    <p class='ocr_par' dir='ltr' id='par_1_64' title="bbox 1764 1979 3332 2057">
     <span class='ocr_line' id='line_1_64' title="bbox 1764 1979 3332 2057; baseline 0.007 -26"><span class='ocrx_word' id='word_1_481' title='bbox 1764 1994 1837 2032; x_wconf 80' lang='lat' dir='ltr'><strong>ra:</strong></span> <span class='ocrx_word' id='word_1_482' title='bbox 1872 1979 2261 2048; x_wconf 82' lang='lat' dir='ltr'><strong>proliscdocta</strong></span> <span class='ocrx_word' id='word_1_483' title='bbox 2298 1980 2636 2036; x_wconf 87' lang='lat' dir='ltr'><strong>divinitatem</strong></span> <span class='ocrx_word' id='word_1_484' title='bbox 2674 2001 2686 2035; x_wconf 91' lang='lat'>:</span> <span class='ocrx_word' id='word_1_485' title='bbox 2720 1981 2919 2054; x_wconf 76' lang='lat' dir='ltr'><strong>Ioseph</strong></span> <span class='ocrx_word' id='word_1_486' title='bbox 2965 1995 3179 2052; x_wconf 80' lang='lat' dir='ltr'><strong>autem,</strong></span> <span class='ocrx_word' id='word_1_487' title='bbox 3235 2002 3332 2057; x_wconf 85' lang='lat' dir='ltr'><strong>per</strong></span> 
     </span>
    </p>
   </div>
   <div class='ocr_carea' id='block_1_65' title="bbox 1763 2070 3332 2145">
    <p class='ocr_par' dir='ltr' id='par_1_65' title="bbox 1763 2070 3332 2145">
     <span class='ocr_line' id='line_1_65' title="bbox 1763 2070 3332 2145; baseline 0.006 -22"><span class='ocrx_word' id='word_1_488' title='bbox 1763 2070 2143 2139; x_wconf 77' lang='lat' dir='ltr'><strong>archangelum</strong></span> <span class='ocrx_word' id='word_1_489' title='bbox 2192 2071 2501 2126; x_wconf 86' lang='lat' dir='ltr'><strong>dicentem:</strong></span> <span class='ocrx_word' id='word_1_490' title='bbox 2540 2072 2666 2126; x_wconf 85' lang='lat' dir='ltr'><strong>Noli</strong></span> <span class='ocrx_word' id='word_1_491' title='bbox 2700 2074 2883 2128; x_wconf 82' lang='lat' dir='ltr'><strong>limere</strong></span> <span class='ocrx_word' id='word_1_492' title='bbox 2921 2077 3158 2145; x_wconf 82' lang='lat' dir='ltr'><strong>accipere</strong></span> <span class='ocrx_word' id='word_1_493' title='bbox 3205 2077 3332 2131; x_wconf 74' lang='lat' dir='ltr'><strong>Ha-</strong></span> 
     </span>
    </p>
   </div>
   <div class='ocr_carea' id='block_1_66' title="bbox 1765 2161 3333 2234">
    <p class='ocr_par' dir='ltr' id='par_1_66' title="bbox 1765 2161 3333 2234">
     <span class='ocr_line' id='line_1_66' title="bbox 1765 2161 3333 2234; baseline 0.008 -22"><span class='ocrx_word' id='word_1_494' title='bbox 1765 2161 1901 2214; x_wconf 85' lang='lat' dir='ltr'><strong>riam</strong></span> <span class='ocrx_word' id='word_1_495' title='bbox 1930 2162 2202 2231; x_wconf 86' lang='lat' dir='ltr'><strong>conjugem</strong></span> <span class='ocrx_word' id='word_1_496' title='bbox 2234 2172 2381 2216; x_wconf 85' lang='lat' dir='ltr'><strong>tuam</strong></span> <span class='ocrx_word' id='word_1_497' title='bbox 2411 2178 2428 2214; x_wconf 94' lang='lat'><em>:</em></span> <span class='ocrx_word' id='word_1_498' title='bbox 2459 2165 2597 2234; x_wconf 88' lang='lat' dir='ltr'><strong>quod</strong></span> <span class='ocrx_word' id='word_1_499' title='bbox 2624 2166 2761 2218; x_wconf 87' lang='lat' dir='ltr'><strong>enim</strong></span> <span class='ocrx_word' id='word_1_500' title='bbox 2792 2167 2846 2219; x_wconf 89' lang='lat' dir='ltr'><strong>in</strong></span> <span class='ocrx_word' id='word_1_501' title='bbox 2866 2184 2925 2220; x_wconf 89' lang='lat' dir='ltr'><strong>ea</strong></span> <span class='ocrx_word' id='word_1_502' title='bbox 2942 2178 3125 2222; x_wconf 87' lang='lat' dir='ltr'><strong>uatum</strong></span> <span class='ocrx_word' id='word_1_503' title='bbox 3150 2181 3247 2233; x_wconf 89' lang='lat' dir='ltr'><strong>est,</strong></span> <span class='ocrx_word' id='word_1_504' title='bbox 3267 2179 3333 2225; x_wconf 83' lang='lat' dir='ltr'><strong>de</strong></span> 
     </span>
    </p>
   </div>
   <div class='ocr_carea' id='block_1_67' title="bbox 1762 2251 3332 2326">
    <p class='ocr_par' dir='ltr' id='par_1_67' title="bbox 1762 2251 3332 2326">
     <span class='ocr_line' id='line_1_67' title="bbox 1762 2251 3332 2326; baseline 0.007 -21"><span class='ocrx_word' id='word_1_505' title='bbox 1762 2251 1963 2320; x_wconf 82' lang='lat' dir='ltr'><strong>Spiritu</strong></span> <span class='ocrx_word' id='word_1_506' title='bbox 1996 2263 2175 2306; x_wconf 84' lang='lat' dir='ltr'><strong>sancto</strong></span> <span class='ocrx_word' id='word_1_507' title='bbox 2191 2265 2264 2307; x_wconf 85' lang='lat' dir='ltr'><strong>est</strong></span> <span class='ocrx_word' id='word_1_508' title='bbox 2294 2256 2340 2286; x_wconf 82' lang='grc'><strong>¹⁹</strong></span> <span class='ocrx_word' id='word_1_509' title='bbox 2362 2272 2375 2308; x_wconf 91' lang='lat'><strong>:</strong></span> <span class='ocrx_word' id='word_1_510' title='bbox 2399 2257 2635 2317; x_wconf 74' lang='lat' dir='ltr'><strong>tametsi.</strong></span> <span class='ocrx_word' id='word_1_511' title='bbox 2665 2257 2908 2326; x_wconf 88' lang='lat' dir='ltr'><strong>inquam,</strong></span> <span class='ocrx_word' id='word_1_512' title='bbox 2940 2260 3041 2313; x_wconf 91' lang='lat' dir='ltr'><strong>ista</strong></span> <span class='ocrx_word' id='word_1_513' title='bbox 3068 2261 3332 2315; x_wconf 80' lang='lat' dir='ltr'><strong>divinitus</strong></span> 
     </span>
    </p>
   </div>
   <div class='ocr_carea' id='block_1_68' title="bbox 1763 2343 3333 2419">
    <p class='ocr_par' dir='ltr' id='par_1_68' title="bbox 1763 2343 3333 2419">
     <span class='ocr_line' id='line_1_68' title="bbox 1763 2343 3333 2419; baseline 0.006 -23"><span class='ocrx_word' id='word_1_514' title='bbox 1763 2343 1941 2397; x_wconf 85' lang='lat' dir='ltr'><strong>edocti</strong></span> <span class='ocrx_word' id='word_1_515' title='bbox 1964 2352 2139 2401; x_wconf 88' lang='lat' dir='ltr'><strong>erant.</strong></span> <span class='ocrx_word' id='word_1_516' title='bbox 2173 2343 2513 2399; x_wconf 86' lang='lat' dir='ltr'><strong>mirabantur</strong></span> <span class='ocrx_word' id='word_1_517' title='bbox 2536 2355 2715 2400; x_wconf 88' lang='lat' dir='ltr'><strong>tamen</strong></span> <span class='ocrx_word' id='word_1_518' title='bbox 2749 2362 2812 2401; x_wconf 90' lang='lat' dir='ltr'><strong>ac</strong></span> <span class='ocrx_word' id='word_1_519' title='bbox 2851 2349 3143 2419; x_wconf 76' lang='lat' dir='ltr'><strong>stupebant</strong></span> <span class='ocrx_word' id='word_1_520' title='bbox 3177 2366 3333 2417; x_wconf 85' lang='lat' dir='ltr'><strong>super</strong></span> 
     </span>
    </p>
   </div>
   <div class='ocr_carea' id='block_1_69' title="bbox 1761 2433 2547 2503">
    <p class='ocr_par' dir='ltr' id='par_1_69' title="bbox 1761 2433 2547 2503">
     <span class='ocr_line' id='line_1_69' title="bbox 1761 2433 2547 2503; baseline 0.003 -17"><span class='ocrx_word' id='word_1_521' title='bbox 1761 2434 1841 2486; x_wconf 78' lang='lat' dir='ltr'><strong>Itis</strong></span> <span class='ocrx_word' id='word_1_522' title='bbox 1871 2451 1988 2503; x_wconf 71' lang='lat' dir='ltr'><strong>qua:</strong></span> <span class='ocrx_word' id='word_1_523' title='bbox 2015 2436 2323 2489; x_wconf 86' lang='lat' dir='ltr'><strong>dicebantur</strong></span> <span class='ocrx_word' id='word_1_524' title='bbox 2343 2437 2406 2490; x_wconf 85' lang='lat' dir='ltr'><strong>de</strong></span> <span class='ocrx_word' id='word_1_525' title='bbox 2435 2433 2547 2489; x_wconf 88' lang='lat' dir='ltr'><strong>illo.</strong></span> 
     </span>
    </p>
   </div>
   <div class='ocr_carea' id='block_1_70' title="bbox 1834 2524 3333 2601">
    <p class='ocr_par' dir='ltr' id='par_1_70' title="bbox 1834 2524 3333 2601">
     <span class='ocr_line' id='line_1_70' title="bbox 1834 2524 3333 2601; baseline 0.005 -21"><span class='ocrx_word' id='word_1_526' title='bbox 1834 2524 1901 2580; x_wconf 80' lang='lat' dir='ltr'><strong>Et</strong></span> <span class='ocrx_word' id='word_1_527' title='bbox 1929 2526 2185 2579; x_wconf 72' lang='lat' dir='ltr'><strong>benedixit</strong></span> <span class='ocrx_word' id='word_1_528' title='bbox 2202 2526 2308 2579; x_wconf 81' lang='lat' dir='ltr'><strong>illis</strong></span> <span class='ocrx_word' id='word_1_529' title='bbox 2327 2526 2557 2595; x_wconf 82' lang='lat' dir='ltr'><strong>Symeon</strong></span> <span class='ocrx_word' id='word_1_530' title='bbox 2575 2528 2639 2581; x_wconf 79' lang='grc'><strong>³⁸.</strong></span> <span class='ocrx_word' id='word_1_531' title='bbox 2673 2527 2981 2585; x_wconf 86' lang='lat' dir='ltr'><strong>Laudamus</strong></span> <span class='ocrx_word' id='word_1_532' title='bbox 3008 2532 3333 2601; x_wconf 79' lang='lat' dir='ltr'><strong>probamus-</strong></span> 
     </span>
    </p>
   </div>
   <div class='ocr_carea' id='block_1_71' title="bbox 1764 2616 3334 2688">
    <p class='ocr_par' dir='ltr' id='par_1_71' title="bbox 1764 2616 3334 2688">
     <span class='ocr_line' id='line_1_71' title="bbox 1764 2616 3334 2688; baseline 0.007 -20"><span class='ocrx_word' id='word_1_533' title='bbox 1764 2630 1869 2684; x_wconf 89' lang='lat' dir='ltr'><strong>que</strong></span> <span class='ocrx_word' id='word_1_534' title='bbox 1905 2625 2077 2681; x_wconf 87' lang='lat' dir='ltr'><strong>tuam,</strong></span> <span class='ocrx_word' id='word_1_535' title='bbox 2115 2633 2148 2669; x_wconf 86' lang='grc' dir='ltr'><strong>ο</strong></span> <span class='ocrx_word' id='word_1_536' title='bbox 2183 2616 2438 2688; x_wconf 80' lang='lat' dir='ltr'><strong>Symeon,</strong></span> <span class='ocrx_word' id='word_1_537' title='bbox 2484 2633 2547 2671; x_wconf 80' lang='lat' dir='ltr'><strong>ex</strong></span> <span class='ocrx_word' id='word_1_538' title='bbox 2596 2617 2993 2675; x_wconf 77' lang='lat' dir='ltr'><strong>ferventissima</strong></span> <span class='ocrx_word' id='word_1_539' title='bbox 3043 2623 3334 2679; x_wconf 78' lang='lat' dir='ltr'><strong>dilectione</strong></span> 
     </span>
    </p>
   </div>
   <div class='ocr_carea' id='block_1_72' title="bbox 1766 2706 3331 2778">
    <p class='ocr_par' dir='ltr' id='par_1_72' title="bbox 1766 2706 3331 2778">
     <span class='ocr_line' id='line_1_72' title="bbox 1766 2706 3331 2778; baseline 0.011 -23"><span class='ocrx_word' id='word_1_540' title='bbox 1766 2706 2115 2759; x_wconf 83' lang='lat' dir='ltr'><strong>voluntatem.</strong></span> <span class='ocrx_word' id='word_1_541' title='bbox 2147 2707 2466 2778; x_wconf 85' lang='lat' dir='ltr'><strong>Quanquam</strong></span> <span class='ocrx_word' id='word_1_542' title='bbox 2496 2710 2641 2765; x_wconf 89' lang='lat' dir='ltr'><strong>enim</strong></span> <span class='ocrx_word' id='word_1_543' title='bbox 2690 2713 2852 2767; x_wconf 86' lang='lat' dir='ltr'><strong>etiam</strong></span> <span class='ocrx_word' id='word_1_544' title='bbox 2896 2716 3043 2769; x_wconf 89' lang='lat' dir='ltr'><strong>omni</strong></span> <span class='ocrx_word' id='word_1_545' title='bbox 3104 2717 3331 2772; x_wconf 86' lang='lat' dir='ltr'><strong>benedi-</strong></span> 
     </span>
    </p>
   </div>
   <div class='ocr_carea' id='block_1_73' title="bbox 1764 2797 3335 2878">
    <p class='ocr_par' dir='ltr' id='par_1_73' title="bbox 1764 2797 3335 2878">
     <span class='ocr_line' id='line_1_73' title="bbox 1764 2797 3335 2878; baseline 0.011 -30"><span class='ocrx_word' id='word_1_546' title='bbox 1764 2797 1943 2849; x_wconf 76' lang='lat' dir='ltr'><strong>ctione</strong></span> <span class='ocrx_word' id='word_1_547' title='bbox 1967 2813 2279 2867; x_wconf 78' lang='lat' dir='ltr'><strong>superiores</strong></span> <span class='ocrx_word' id='word_1_548' title='bbox 2301 2810 2476 2864; x_wconf 86' lang='lat' dir='ltr'><strong>erant,</strong></span> <span class='ocrx_word' id='word_1_549' title='bbox 2521 2802 2692 2856; x_wconf 79' lang='lat' dir='ltr'><strong>Mater</strong></span> <span class='ocrx_word' id='word_1_550' title='bbox 2727 2805 2928 2871; x_wconf 86' lang='lat' dir='ltr'><strong>pariter</strong></span> <span class='ocrx_word' id='word_1_551' title='bbox 2956 2821 3242 2878; x_wconf 84' lang='lat' dir='ltr'><strong>puerpera,</strong></span> <span class='ocrx_word' id='word_1_552' title='bbox 3270 2824 3335 2865; x_wconf 87' lang='lat' dir='ltr'><strong>ac</strong></span> 
     </span>
    </p>
   </div>
   <div class='ocr_carea' id='block_1_74' title="bbox 1764 2887 3333 2954">
    <p class='ocr_par' dir='ltr' id='par_1_74' title="bbox 1764 2887 3333 2954">
     <span class='ocr_line' id='line_1_74' title="bbox 1764 2887 3333 2954; baseline 0.01 -15"><span class='ocrx_word' id='word_1_553' title='bbox 1764 2887 1923 2951; x_wconf 88' lang='lat' dir='ltr'><strong>Puer,</strong></span> <span class='ocrx_word' id='word_1_554' title='bbox 1950 2888 2279 2944; x_wconf 84' lang='lat' dir='ltr'><strong>laudationis</strong></span> <span class='ocrx_word' id='word_1_555' title='bbox 2307 2899 2486 2945; x_wconf 85' lang='lat' dir='ltr'><strong>tamen</strong></span> <span class='ocrx_word' id='word_1_556' title='bbox 2512 2893 2631 2947; x_wconf 90' lang='lat' dir='ltr'><strong>loco</strong></span> <span class='ocrx_word' id='word_1_557' title='bbox 2655 2910 2773 2948; x_wconf 84' lang='lat' dir='ltr'><strong>eam</strong></span> <span class='ocrx_word' id='word_1_558' title='bbox 2805 2896 3001 2951; x_wconf 87' lang='lat' dir='ltr'><strong>obtulit</strong></span> <span class='ocrx_word' id='word_1_559' title='bbox 3032 2912 3047 2950; x_wconf 89' lang='lat'><strong>:</strong></span> <span class='ocrx_word' id='word_1_560' title='bbox 3077 2914 3140 2952; x_wconf 85' lang='lat' dir='ltr'><strong>ea</strong></span> <span class='ocrx_word' id='word_1_561' title='bbox 3168 2902 3333 2954; x_wconf 85' lang='lat' dir='ltr'><strong>nimi-</strong></span> 
     </span>
    </p>
   </div>
   <div class='ocr_carea' id='block_1_75' title="bbox 1764 2981 3333 3057">
    <p class='ocr_par' dir='ltr' id='par_1_75' title="bbox 1764 2981 3333 3057">
     <span class='ocr_line' id='line_1_75' title="bbox 1764 2981 3333 3057; baseline 0.008 -26"><span class='ocrx_word' id='word_1_562' title='bbox 1764 2995 1882 3032; x_wconf 87' lang='lat' dir='ltr'><strong>rum</strong></span> <span class='ocrx_word' id='word_1_563' title='bbox 1914 2981 2145 3045; x_wconf 84' lang='lat' dir='ltr'><strong>ratione,</strong></span> <span class='ocrx_word' id='word_1_564' title='bbox 2162 2996 2268 3050; x_wconf 92' lang='lat' dir='ltr'><strong>qua</strong></span> <span class='ocrx_word' id='word_1_565' title='bbox 2294 2984 2444 3052; x_wconf 89' lang='lat' dir='ltr'><strong>pueri</strong></span> <span class='ocrx_word' id='word_1_566' title='bbox 2471 2995 2580 3038; x_wconf 87' lang='lat' dir='ltr'><strong>tres</strong></span> <span class='ocrx_word' id='word_1_567' title='bbox 2602 2984 2657 3037; x_wconf 90' lang='lat' dir='ltr'><strong>in</strong></span> <span class='ocrx_word' id='word_1_568' title='bbox 2679 2984 2971 3056; x_wconf 85' lang='lat' dir='ltr'><strong>Babylone.</strong></span> <span class='ocrx_word' id='word_1_569' title='bbox 2996 2989 3131 3043; x_wconf 81' lang='lat' dir='ltr'><strong>Nam</strong></span> <span class='ocrx_word' id='word_1_570' title='bbox 3155 2997 3211 3043; x_wconf 87' lang='lat' dir='ltr'><strong>et</strong></span> <span class='ocrx_word' id='word_1_571' title='bbox 3235 2990 3333 3057; x_wconf 87' lang='lat' dir='ltr'><strong>illi,</strong></span> 
     </span>
    </p>
   </div>
   <div class='ocr_carea' id='block_1_76' title="bbox 1765 3071 3335 3148">
    <p class='ocr_par' dir='ltr' id='par_1_76' title="bbox 1765 3071 3335 3148">
     <span class='ocr_line' id='line_1_76' title="bbox 1765 3071 3335 3148; baseline 0.008 -25"><span class='ocrx_word' id='word_1_572' title='bbox 1765 3071 1964 3124; x_wconf 88' lang='lat' dir='ltr'><strong>nedum</strong></span> <span class='ocrx_word' id='word_1_573' title='bbox 2001 3072 2230 3128; x_wconf 81' lang='lat' dir='ltr'><strong>virtutes</strong></span> <span class='ocrx_word' id='word_1_574' title='bbox 2258 3074 2551 3142; x_wconf 75' lang='lat' dir='ltr'><strong>angelicas,</strong></span> <span class='ocrx_word' id='word_1_575' title='bbox 2591 3076 3018 3148; x_wconf 82' lang='lat' dir='ltr'><strong>universumque</strong></span> <span class='ocrx_word' id='word_1_576' title='bbox 3051 3080 3335 3137; x_wconf 91' lang='lat' dir='ltr'><strong>hominum</strong></span> 
     </span>
    </p>
   </div>
   <div class='ocr_carea' id='block_1_77' title="bbox 1765 3164 3338 3228">
    <p class='ocr_par' dir='ltr' id='par_1_77' title="bbox 1765 3164 3338 3228">
     <span class='ocr_line' id='line_1_77' title="bbox 1765 3164 3338 3228; baseline 0.006 -14"><span class='ocrx_word' id='word_1_577' title='bbox 1765 3177 1973 3228; x_wconf 73' lang='lat' dir='ltr'><strong>genus,</strong></span> <span class='ocrx_word' id='word_1_578' title='bbox 2022 3174 2209 3216; x_wconf 86' lang='lat' dir='ltr'><strong>verum</strong></span> <span class='ocrx_word' id='word_1_579' title='bbox 2255 3164 2421 3218; x_wconf 85' lang='lat' dir='ltr'><strong>etiam</strong></span> <span class='ocrx_word' id='word_1_580' title='bbox 2473 3166 2687 3221; x_wconf 87' lang='lat' dir='ltr'><strong>ratione</strong></span> <span class='ocrx_word' id='word_1_581' title='bbox 2735 3183 2801 3223; x_wconf 87' lang='lat' dir='ltr'><strong>ac</strong></span> <span class='ocrx_word' id='word_1_582' title='bbox 2844 3184 3009 3223; x_wconf 86' lang='lat' dir='ltr'><strong>sensu</strong></span> <span class='ocrx_word' id='word_1_583' title='bbox 3043 3168 3338 3224; x_wconf 81' lang='lat' dir='ltr'><strong>destitutas</strong></span> 
     </span>
    </p>
   </div>
   <div class='ocr_carea' id='block_1_78' title="bbox 1766 3254 3337 3325">
    <p class='ocr_par' dir='ltr' id='par_1_78' title="bbox 1766 3254 3337 3325">
     <span class='ocr_line' id='line_1_78' title="bbox 1766 3254 3337 3325; baseline 0.006 -19"><span class='ocrx_word' id='word_1_584' title='bbox 1766 3269 1872 3319; x_wconf 86' lang='lat' dir='ltr'><strong>res,</strong></span> <span class='ocrx_word' id='word_1_585' title='bbox 1905 3254 1970 3306; x_wconf 88' lang='lat' dir='ltr'><strong>ad</strong></span> <span class='ocrx_word' id='word_1_586' title='bbox 1996 3254 2428 3309; x_wconf 84' lang='lat' dir='ltr'><strong>benedicendum</strong></span> <span class='ocrx_word' id='word_1_587' title='bbox 2454 3257 2561 3310; x_wconf 76' lang='lat' dir='ltr'><strong>Deo</strong></span> <span class='ocrx_word' id='word_1_588' title='bbox 2590 3258 2964 3325; x_wconf 86' lang='lat' dir='ltr'><strong>hortabantur,</strong></span> <span class='ocrx_word' id='word_1_589' title='bbox 2998 3261 3337 3316; x_wconf 76' lang='lat' dir='ltr'><strong>benedictio-</strong></span> 
     </span>
    </p>
   </div>
   <div class='ocr_carea' id='block_1_79' title="bbox 1763 3346 3334 3420">
    <p class='ocr_par' dir='ltr' id='par_1_79' title="bbox 1763 3346 3334 3420">
     <span class='ocr_line' id='line_1_79' title="bbox 1763 3346 3334 3420; baseline 0.004 -21"><span class='ocrx_word' id='word_1_590' title='bbox 1763 3361 1889 3399; x_wconf 75' lang='lat' dir='ltr'><strong>nem</strong></span> <span class='ocrx_word' id='word_1_591' title='bbox 1919 3346 2226 3415; x_wconf 83' lang='lat' dir='ltr'><strong>implenles,</strong></span> <span class='ocrx_word' id='word_1_592' title='bbox 2259 3347 2716 3414; x_wconf 88' lang='lat' dir='ltr'><strong>quemadmodum</strong></span> <span class='ocrx_word' id='word_1_593' title='bbox 2755 3349 2961 3403; x_wconf 90' lang='lat' dir='ltr'><strong>dictum</strong></span> <span class='ocrx_word' id='word_1_594' title='bbox 3000 3362 3110 3415; x_wconf 87' lang='lat' dir='ltr'><strong>est,</strong></span> <span class='ocrx_word' id='word_1_595' title='bbox 3144 3365 3334 3420; x_wconf 82' lang='lat' dir='ltr'><strong>prose-</strong></span> 
     </span>
    </p>
   </div>
   <div class='ocr_carea' id='block_1_80' title="bbox 1764 3437 3338 3509">
    <p class='ocr_par' dir='ltr' id='par_1_80' title="bbox 1764 3437 3338 3509">
     <span class='ocr_line' id='line_1_80' title="bbox 1764 3437 3338 3509; baseline 0.006 -21"><span class='ocrx_word' id='word_1_596' title='bbox 1764 3437 1979 3504; x_wconf 81' lang='lat' dir='ltr'><strong>quendo</strong></span> <span class='ocrx_word' id='word_1_597' title='bbox 2021 3437 2202 3491; x_wconf 81' lang='lat' dir='ltr'><strong>verbis</strong></span> <span class='ocrx_word' id='word_1_598' title='bbox 2242 3438 2453 3491; x_wconf 88' lang='lat' dir='ltr'><strong>divinas</strong></span> <span class='ocrx_word' id='word_1_599' title='bbox 2494 3438 2701 3493; x_wconf 86' lang='lat' dir='ltr'><strong>laudes.</strong></span> <span class='ocrx_word' id='word_1_600' title='bbox 2749 3438 2859 3494; x_wconf 83' lang='lat' dir='ltr'><strong>Hac</strong></span> <span class='ocrx_word' id='word_1_601' title='bbox 2904 3442 3085 3509; x_wconf 86' lang='lat' dir='ltr'><strong>itaque</strong></span> <span class='ocrx_word' id='word_1_602' title='bbox 3126 3443 3338 3499; x_wconf 82' lang='lat' dir='ltr'><strong>ratione</strong></span> 
     </span>
    </p>
   </div>
   <div class='ocr_carea' id='block_1_81' title="bbox 1762 3525 3336 3594">
    <p class='ocr_par' dir='ltr' id='par_1_81' title="bbox 1762 3525 3336 3594">
     <span class='ocr_line' id='line_1_81' title="bbox 1762 3525 3336 3594; baseline 0.001 -17"><span class='ocrx_word' id='word_1_603' title='bbox 1762 3525 1926 3578; x_wconf 87' lang='lat' dir='ltr'><strong>etiam</strong></span> <span class='ocrx_word' id='word_1_604' title='bbox 1955 3526 2185 3594; x_wconf 80' lang='lat' dir='ltr'><strong>Symeon</strong></span> <span class='ocrx_word' id='word_1_605' title='bbox 2223 3526 2712 3593; x_wconf 58' lang='lat' dir='ltr'><strong>impraesentiarum</strong></span> <span class='ocrx_word' id='word_1_606' title='bbox 2742 3526 2848 3579; x_wconf 81' lang='lat' dir='ltr'><strong>illis</strong></span> <span class='ocrx_word' id='word_1_607' title='bbox 2868 3526 3149 3590; x_wconf 71' lang='lat' dir='ltr'><strong>benedixit,</strong></span> <span class='ocrx_word' id='word_1_608' title='bbox 3178 3538 3225 3581; x_wconf 87' lang='lat' dir='ltr'><strong>et</strong></span> <span class='ocrx_word' id='word_1_609' title='bbox 3251 3530 3336 3581; x_wconf 81' lang='lat' dir='ltr'><strong>(li-</strong></span> 
     </span>
    </p>
   </div>
   <div class='ocr_carea' id='block_1_82' title="bbox 1762 3616 3337 3688">
    <p class='ocr_par' dir='ltr' id='par_1_82' title="bbox 1762 3616 3337 3688">
     <span class='ocr_line' id='line_1_82' title="bbox 1762 3616 3337 3688; baseline 0.004 -20"><span class='ocrx_word' id='word_1_610' title='bbox 1762 3616 1840 3669; x_wconf 67' lang='lat' dir='ltr'><strong>mit</strong></span> <span class='ocrx_word' id='word_1_611' title='bbox 1862 3619 1932 3669; x_wconf 84' lang='lat' dir='ltr'><strong>ad</strong></span> <span class='ocrx_word' id='word_1_612' title='bbox 1948 3616 2174 3669; x_wconf 72' lang='lat' dir='ltr'><strong>Mariam</strong></span> <span class='ocrx_word' id='word_1_613' title='bbox 2195 3627 2414 3670; x_wconf 88' lang='lat' dir='ltr'><strong>matrem</strong></span> <span class='ocrx_word' id='word_1_614' title='bbox 2437 3618 2571 3685; x_wconf 85' lang='lat' dir='ltr'><strong>ejus.</strong></span> <span class='ocrx_word' id='word_1_615' title='bbox 2595 3619 2866 3682; x_wconf 80' lang='lat' dir='ltr'><strong>Quorsum</strong></span> <span class='ocrx_word' id='word_1_616' title='bbox 2885 3618 2993 3683; x_wconf 88' lang='lat' dir='ltr'><strong>ille,</strong></span> <span class='ocrx_word' id='word_1_617' title='bbox 3016 3633 3125 3673; x_wconf 89' lang='lat' dir='ltr'><strong>non</strong></span> <span class='ocrx_word' id='word_1_618' title='bbox 3150 3627 3337 3688; x_wconf 83' lang='lat' dir='ltr'><strong>putato</strong></span> 
     </span>
    </p>
   </div>
   <div class='ocr_carea' id='block_1_83' title="bbox 1764 3707 3336 3779">
    <p class='ocr_par' dir='ltr' id='par_1_83' title="bbox 1764 3707 3336 3779">
     <span class='ocr_line' id='line_1_83' title="bbox 1764 3707 3336 3779; baseline 0.002 -20"><span class='ocrx_word' id='word_1_619' title='bbox 1764 3708 1900 3775; x_wconf 85' lang='lat' dir='ltr'><strong>patri</strong></span> <span class='ocrx_word' id='word_1_620' title='bbox 1949 3707 2087 3761; x_wconf 79' lang='lat' dir='ltr'><strong>dixit</strong></span> <span class='ocrx_word' id='word_1_621' title='bbox 2126 3708 2425 3777; x_wconf 68' lang='lat' dir='ltr'><strong>prophetiae</strong></span> <span class='ocrx_word' id='word_1_622' title='bbox 2466 3710 2653 3771; x_wconf 86' lang='lat' dir='ltr'><strong>verba,</strong></span> <span class='ocrx_word' id='word_1_623' title='bbox 2686 3711 2781 3763; x_wconf 86' lang='lat' dir='ltr'><strong>sed</strong></span> <span class='ocrx_word' id='word_1_624' title='bbox 2824 3711 2992 3779; x_wconf 75' lang='lat' dir='ltr'><strong>magis</strong></span> <span class='ocrx_word' id='word_1_625' title='bbox 3020 3710 3089 3771; x_wconf 83' lang='lat' dir='ltr'><strong>ad</strong></span> <span class='ocrx_word' id='word_1_626' title='bbox 3114 3710 3336 3763; x_wconf 79' lang='lat' dir='ltr'><strong>Mariam</strong></span> 
     </span>
    </p>
   </div>
   <div class='ocr_carea' id='block_1_84' title="bbox 1764 3799 3333 3872">
    <p class='ocr_par' dir='ltr' id='par_1_84' title="bbox 1764 3799 3333 3872">
     <span class='ocr_line' id='line_1_84' title="bbox 1764 3799 3333 3872; baseline 0.002 -20"><span class='ocrx_word' id='word_1_627' title='bbox 1764 3808 1990 3853; x_wconf 86' lang='lat' dir='ltr'><strong>matrem</strong></span> <span class='ocrx_word' id='word_1_628' title='bbox 2016 3799 2134 3867; x_wconf 85' lang='lat' dir='ltr'><strong>ejus</strong></span> <span class='ocrx_word' id='word_1_629' title='bbox 2163 3800 2407 3853; x_wconf 79' lang='lat' dir='ltr'><strong>direxit?</strong></span> <span class='ocrx_word' id='word_1_630' title='bbox 2435 3800 2589 3865; x_wconf 92' lang='lat' dir='ltr'><strong>Quod</strong></span> <span class='ocrx_word' id='word_1_631' title='bbox 2615 3802 2872 3855; x_wconf 81' lang='lat' dir='ltr'><strong>nimirum</strong></span> <span class='ocrx_word' id='word_1_632' title='bbox 2898 3810 3152 3872; x_wconf 86' lang='lat' dir='ltr'><strong>tauquam</strong></span> <span class='ocrx_word' id='word_1_633' title='bbox 3194 3802 3333 3856; x_wconf 83' lang='lat' dir='ltr'><strong>divi-</strong></span> 
     </span>
    </p>
   </div>
   <div class='ocr_carea' id='block_1_85' title="bbox 1764 3889 3334 3961">
    <p class='ocr_par' dir='ltr' id='par_1_85' title="bbox 1764 3889 3334 3961">
     <span class='ocr_line' id='line_1_85' title="bbox 1764 3889 3334 3961; baseline 0.003 -19"><span class='ocrx_word' id='word_1_634' title='bbox 1764 3906 1835 3942; x_wconf 89' lang='lat' dir='ltr'><strong>no</strong></span> <span class='ocrx_word' id='word_1_635' title='bbox 1868 3890 2074 3959; x_wconf 83' lang='lat' dir='ltr'><strong>Spiritu</strong></span> <span class='ocrx_word' id='word_1_636' title='bbox 2110 3889 2321 3944; x_wconf 80' lang='lat' dir='ltr'><strong>aﬁIatus</strong></span> <span class='ocrx_word' id='word_1_637' title='bbox 2347 3891 2533 3955; x_wconf 86' lang='lat' dir='ltr'><strong>sciret,</strong></span> <span class='ocrx_word' id='word_1_638' title='bbox 2564 3891 2784 3945; x_wconf 82' lang='lat' dir='ltr'><strong>Mariam</strong></span> <span class='ocrx_word' id='word_1_639' title='bbox 2821 3907 3001 3946; x_wconf 82' lang='lat' dir='ltr'><strong>veram</strong></span> <span class='ocrx_word' id='word_1_640' title='bbox 3030 3907 3153 3945; x_wconf 87' lang='lat' dir='ltr'><strong>esse</strong></span> <span class='ocrx_word' id='word_1_641' title='bbox 3181 3892 3334 3961; x_wconf 80' lang='lat' dir='ltr'><strong>pueri</strong></span> 
     </span>
    </p>
   </div>
   <div class='ocr_carea' id='block_1_86' title="bbox 1763 3980 3332 4049">
    <p class='ocr_par' dir='ltr' id='par_1_86' title="bbox 1763 3980 3332 4049">
     <span class='ocr_line' id='line_1_86' title="bbox 1763 3980 3332 4049; baseline 0 -15"><span class='ocrx_word' id='word_1_642' title='bbox 1763 3980 2335 4049; x_wconf 88' lang='lat' dir='ltr'><strong>matrem.Josephum</strong></span> <span class='ocrx_word' id='word_1_643' title='bbox 2366 3992 2584 4041; x_wconf 84' lang='lat' dir='ltr'><strong>autem,</strong></span> <span class='ocrx_word' id='word_1_644' title='bbox 2629 3984 2850 4035; x_wconf 87' lang='lat' dir='ltr'><strong>nomine</strong></span> <span class='ocrx_word' id='word_1_645' title='bbox 2895 3992 3055 4036; x_wconf 85' lang='lat' dir='ltr'><strong>tenus</strong></span> <span class='ocrx_word' id='word_1_646' title='bbox 3098 3989 3332 4047; x_wconf 89' lang='lat' dir='ltr'><strong>tantum,</strong></span> 
     </span>
    </p>
   </div>
   <div class='ocr_carea' id='block_1_87' title="bbox 1763 4071 3333 4141">
    <p class='ocr_par' dir='ltr' id='par_1_87' title="bbox 1763 4071 3333 4141">
     <span class='ocr_line' id='line_1_87' title="bbox 1763 4071 3333 4141; baseline 0.001 -17"><span class='ocrx_word' id='word_1_647' title='bbox 1763 4071 1933 4140; x_wconf 88' lang='lat' dir='ltr'><strong>patris</strong></span> <span class='ocrx_word' id='word_1_648' title='bbox 1958 4072 2362 4140; x_wconf 85' lang='lat' dir='ltr'><strong>nuncupatione</strong></span> <span class='ocrx_word' id='word_1_649' title='bbox 2387 4073 2631 4141; x_wconf 85' lang='lat' dir='ltr'><strong>pollere:</strong></span> <span class='ocrx_word' id='word_1_650' title='bbox 2659 4074 2805 4141; x_wconf 92' lang='lat' dir='ltr'><strong>quod</strong></span> <span class='ocrx_word' id='word_1_651' title='bbox 2831 4087 2938 4125; x_wconf 88' lang='lat' dir='ltr'><strong>non</strong></span> <span class='ocrx_word' id='word_1_652' title='bbox 2987 4088 3051 4126; x_wconf 75' lang='lat' dir='ltr'><strong>ex</strong></span> <span class='ocrx_word' id='word_1_653' title='bbox 3104 4073 3201 4126; x_wconf 86' lang='lat' dir='ltr'><strong>viri</strong></span> <span class='ocrx_word' id='word_1_654' title='bbox 3244 4076 3333 4126; x_wconf 82' lang='lat' dir='ltr'><strong>se-</strong></span> 
     </span>
    </p>
   </div>
   <div class='ocr_carea' id='block_1_88' title="bbox 1764 4161 3336 4229">
    <p class='ocr_par' dir='ltr' id='par_1_88' title="bbox 1764 4161 3336 4229">
     <span class='ocr_line' id='line_1_88' title="bbox 1764 4161 3336 4229; baseline 0.003 -16"><span class='ocrx_word' id='word_1_655' title='bbox 1764 4162 1949 4224; x_wconf 84' lang='lat' dir='ltr'><strong>mine,</strong></span> <span class='ocrx_word' id='word_1_656' title='bbox 2000 4161 2093 4214; x_wconf 86' lang='lat' dir='ltr'><strong>sed</strong></span> <span class='ocrx_word' id='word_1_657' title='bbox 2138 4163 2205 4214; x_wconf 86' lang='lat' dir='ltr'><strong>de</strong></span> <span class='ocrx_word' id='word_1_658' title='bbox 2252 4161 2457 4227; x_wconf 86' lang='lat' dir='ltr'><strong>Spiritu</strong></span> <span class='ocrx_word' id='word_1_659' title='bbox 2512 4172 2723 4222; x_wconf 85' lang='lat' dir='ltr'><strong>sancto,</strong></span> <span class='ocrx_word' id='word_1_660' title='bbox 2771 4161 2998 4229; x_wconf 86' lang='lat' dir='ltr'><strong>innupta</strong></span> <span class='ocrx_word' id='word_1_661' title='bbox 3040 4176 3102 4215; x_wconf 83' lang='lat' dir='ltr'><strong>ac</strong></span> <span class='ocrx_word' id='word_1_662' title='bbox 3146 4170 3336 4217; x_wconf 79' lang='lat' dir='ltr'><strong>sancta</strong></span> 
     </span>
    </p>
   </div>
   <div class='ocr_carea' id='block_1_89' title="bbox 1764 4250 3332 4321">
    <p class='ocr_par' dir='ltr' id='par_1_89' title="bbox 1764 4250 3332 4321">
     <span class='ocr_line' id='line_1_89' title="bbox 1764 4250 3332 4321; baseline 0.001 -16"><span class='ocrx_word' id='word_1_663' title='bbox 1764 4250 1927 4320; x_wconf 77' lang='lat' dir='ltr'><strong>Virgo</strong></span> <span class='ocrx_word' id='word_1_664' title='bbox 1985 4251 2344 4319; x_wconf 84' lang='lat' dir='ltr'><strong>concepisset.</strong></span> <span class='ocrx_word' id='word_1_665' title='bbox 2410 4250 2775 4317; x_wconf 83' lang='lat' dir='ltr'><strong>Quamobrem</strong></span> <span class='ocrx_word' id='word_1_666' title='bbox 2831 4252 3025 4306; x_wconf 86' lang='lat' dir='ltr'><strong>relicto</strong></span> <span class='ocrx_word' id='word_1_667' title='bbox 3097 4251 3332 4321; x_wconf 77' lang='lat' dir='ltr'><strong>Symeon</strong></span> 
     </span>
    </p>
   </div>
   <div class='ocr_carea' id='block_1_90' title="bbox 1764 4342 3333 4412">
    <p class='ocr_par' dir='ltr' id='par_1_90' title="bbox 1764 4342 3333 4412">
     <span class='ocr_line' id='line_1_90' title="bbox 1764 4342 3333 4412; baseline 0 -17"><span class='ocrx_word' id='word_1_668' title='bbox 1764 4342 2075 4395; x_wconf 79' lang='lat' dir='ltr'><strong>existimato</strong></span> <span class='ocrx_word' id='word_1_669' title='bbox 2101 4358 2164 4394; x_wconf 85' lang='lat' dir='ltr'><strong>ac</strong></span> <span class='ocrx_word' id='word_1_670' title='bbox 2197 4342 2419 4397; x_wconf 85' lang='lat' dir='ltr'><strong>nomine</strong></span> <span class='ocrx_word' id='word_1_671' title='bbox 2475 4354 2638 4396; x_wconf 87' lang='lat' dir='ltr'><strong>tenus</strong></span> <span class='ocrx_word' id='word_1_672' title='bbox 2685 4351 2868 4412; x_wconf 89' lang='lat' dir='ltr'><strong>patre.</strong></span> <span class='ocrx_word' id='word_1_673' title='bbox 2901 4342 2968 4395; x_wconf 88' lang='lat' dir='ltr'><strong>ad</strong></span> <span class='ocrx_word' id='word_1_674' title='bbox 3000 4357 3184 4395; x_wconf 88' lang='lat' dir='ltr'><strong>veram</strong></span> <span class='ocrx_word' id='word_1_675' title='bbox 3220 4342 3333 4395; x_wconf 74' lang='lat' dir='ltr'><strong>Ma-</strong></span> 
     </span>
    </p>
   </div>
   <div class='ocr_carea' id='block_1_91' title="bbox 95 4430 1664 4505">
    <p class='ocr_par' dir='ltr' id='par_1_91' title="bbox 95 4433 1657 4505">
     <span class='ocr_line' id='line_1_91' title="bbox 95 4433 1657 4505; baseline -0.001 -16"><span class='ocrx_word' id='word_1_676' title='bbox 95 4438 337 4489; x_wconf 78' lang='grc' dir='ltr'><strong>τα).ιπὼν</strong></span> <span class='ocrx_word' id='word_1_677' title='bbox 368 4440 397 4490; x_wconf 88' lang='grc' dir='ltr'>ὁ</span> <span class='ocrx_word' id='word_1_678' title='bbox 429 4434 652 4504; x_wconf 87' lang='grc' dir='ltr'><strong>Συμεὼν</strong></span> <span class='ocrx_word' id='word_1_679' title='bbox 678 4437 768 4487; x_wconf 76' lang='grc' dir='ltr'><strong>τὸν</strong></span> <span class='ocrx_word' id='word_1_680' title='bbox 796 4436 1011 4505; x_wconf 76' lang='grc' dir='ltr'><strong>δοκήσει</strong></span> <span class='ocrx_word' id='word_1_681' title='bbox 1042 4435 1135 4487; x_wconf 83' lang='grc' dir='ltr'><strong>καὶ</strong></span> <span class='ocrx_word' id='word_1_682' title='bbox 1169 4435 1394 4503; x_wconf 76' lang='grc' dir='ltr'><strong>ὀνόματι</strong></span> <span class='ocrx_word' id='word_1_683' title='bbox 1423 4433 1657 4504; x_wconf 81' lang='grc' dir='ltr'><strong>πατέρα,</strong></span> 
     </span>
    </p>
   </div>
   <div class='ocr_carea' id='block_1_92' title="bbox 1764 4430 3351 4505">
    <p class='ocr_par' dir='ltr' id='par_1_92' title="bbox 1767 4432 3351 4502">
     <span class='ocr_line' id='line_1_92' title="bbox 1767 4432 3351 4502; baseline -0.002 -15"><span class='ocrx_word' id='word_1_684' title='bbox 1767 4442 1901 4487; x_wconf 88' lang='lat' dir='ltr'><strong>trem</strong></span> <span class='ocrx_word' id='word_1_685' title='bbox 1930 4448 2236 4487; x_wconf 85' lang='lat' dir='ltr'><strong>sermonem</strong></span> <span class='ocrx_word' id='word_1_686' title='bbox 2276 4435 2566 4495; x_wconf 74' lang='lat' dir='ltr'><strong>convertit.</strong></span> <span class='ocrx_word' id='word_1_687' title='bbox 2597 4435 2786 4489; x_wconf 85' lang='lat' dir='ltr'><strong>dicens</strong></span> <span class='ocrx_word' id='word_1_688' title='bbox 2818 4450 2833 4487; x_wconf 91' lang='lat'><strong>:</strong></span> <span class='ocrx_word' id='word_1_689' title='bbox 2868 4432 3003 4487; x_wconf 76' lang='lat' dir='ltr'><strong>Ecce</strong></span> <span class='ocrx_word' id='word_1_690' title='bbox 3026 4436 3109 4491; x_wconf 74' lang='lat' dir='ltr'><strong>hic</strong></span> <span class='ocrx_word' id='word_1_691' title='bbox 3135 4436 3351 4502; x_wconf 84' lang='lat' dir='ltr'><strong>positus.</strong></span> 
     </span>
    </p>
   </div>
   <div class='ocr_carea' id='block_1_93' title="bbox 95 4523 1661 4596">
    <p class='ocr_par' dir='ltr' id='par_1_93' title="bbox 95 4523 1661 4596">
     <span class='ocr_line' id='line_1_93' title="bbox 95 4523 1661 4596; baseline -0.003 -17"><span class='ocrx_word' id='word_1_692' title='bbox 95 4526 233 4596; x_wconf 77' lang='grc' dir='ltr'><strong>πρὸς</strong></span> <span class='ocrx_word' id='word_1_693' title='bbox 267 4526 364 4594; x_wconf 80' lang='grc' dir='ltr'><strong>τὴν</strong></span> <span class='ocrx_word' id='word_1_694' title='bbox 401 4525 574 4595; x_wconf 75' lang='grc' dir='ltr'><strong>ἀληθῆ</strong></span> <span class='ocrx_word' id='word_1_695' title='bbox 618 4524 831 4595; x_wconf 83' lang='grc' dir='ltr'><strong>μητέρα</strong></span> <span class='ocrx_word' id='word_1_696' title='bbox 877 4525 1001 4586; x_wconf 82' lang='grc' dir='ltr'><strong>τοὺς</strong></span> <span class='ocrx_word' id='word_1_697' title='bbox 1030 4524 1218 4591; x_wconf 77' lang='grc' dir='ltr'><strong>λόγους</strong></span> <span class='ocrx_word' id='word_1_698' title='bbox 1250 4523 1543 4592; x_wconf 75' lang='grc' dir='ltr'><strong>πεποίηται</strong></span> <span class='ocrx_word' id='word_1_699' title='bbox 1572 4523 1661 4575; x_wconf 88' lang='grc' dir='ltr'><strong>λέ-</strong></span> 
     </span>
    </p>
   </div>
   <div class='ocr_carea' id='block_1_94' title="bbox 93 4610 1664 4684">
    <p class='ocr_par' dir='ltr' id='par_1_94' title="bbox 93 4610 1664 4684">
     <span class='ocr_line' id='line_1_94' title="bbox 93 4610 1664 4684; baseline -0.004 -15"><span class='ocrx_word' id='word_1_700' title='bbox 93 4633 208 4684; x_wconf 89' lang='grc' dir='ltr'><strong>γων</strong></span> <span class='ocrx_word' id='word_1_701' title='bbox 230 4632 244 4646; x_wconf 78' lang='grc' dir='ltr'><strong>ο</strong></span> <span class='ocrx_word' id='word_1_702' title='bbox 290 4615 435 4668; x_wconf 67' lang='grc' dir='ltr'><strong>Ἰδοὺ</strong></span> <span class='ocrx_word' id='word_1_703' title='bbox 464 4611 643 4679; x_wconf 88' lang='grc' dir='ltr'><em>οὗτος</em></span> <span class='ocrx_word' id='word_1_704' title='bbox 672 4614 858 4667; x_wconf 77' lang='grc' dir='ltr'><strong>κεῖται</strong></span> <span class='ocrx_word' id='word_1_705' title='bbox 881 4616 969 4677; x_wconf 79' lang='grc' dir='ltr'><strong>εὶς</strong></span> <span class='ocrx_word' id='word_1_706' title='bbox 999 4612 1229 4666; x_wconf 77' lang='grc' dir='ltr'><strong>πτῶσιν</strong></span> <span class='ocrx_word' id='word_1_707' title='bbox 1273 4613 1373 4665; x_wconf 79' lang='grc' dir='ltr'><strong>καί</strong></span> <span class='ocrx_word' id='word_1_708' title='bbox 1399 4610 1664 4665; x_wconf 79' lang='grc' dir='ltr'><strong>ἀνάστα-</strong></span> 
     </span>
    </p>
   </div>
   <div class='ocr_carea' id='block_1_95' title="bbox 90 4701 1665 4770">
    <p class='ocr_par' dir='ltr' id='par_1_95' title="bbox 90 4701 1665 4770">
     <span class='ocr_line' id='line_1_95' title="bbox 90 4701 1665 4770; baseline -0.003 -11"><span class='ocrx_word' id='word_1_709' title='bbox 90 4721 200 4759; x_wconf 84' lang='grc' dir='ltr'><strong>σιν</strong></span> <span class='ocrx_word' id='word_1_710' title='bbox 255 4704 501 4759; x_wconf 67' lang='grc' dir='ltr'><strong>πολλῶν</strong></span> <span class='ocrx_word' id='word_1_711' title='bbox 546 4704 616 4756; x_wconf 85' lang='grc' dir='ltr'><strong>ἐν</strong></span> <span class='ocrx_word' id='word_1_712' title='bbox 674 4701 754 4767; x_wconf 83' lang='grc' dir='ltr'><strong>τῷ</strong></span> <span class='ocrx_word' id='word_1_713' title='bbox 817 4703 1089 4769; x_wconf 76' lang='grc' dir='ltr'><strong>Ἰσραήλ’</strong></span> <span class='ocrx_word' id='word_1_714' title='bbox 1143 4702 1241 4755; x_wconf 78' lang='grc' dir='ltr'><strong>καί</strong></span> <span class='ocrx_word' id='word_1_715' title='bbox 1285 4704 1372 4767; x_wconf 81' lang='grc' dir='ltr'><strong>είς</strong></span> <span class='ocrx_word' id='word_1_716' title='bbox 1416 4701 1665 4770; x_wconf 81' lang='grc' dir='ltr'><strong>σημεῖον</strong></span> 
     </span>
    </p>
   </div>
   <div class='ocr_carea' id='block_1_96' title="bbox 89 4793 1667 4863">
    <p class='ocr_par' dir='ltr' id='par_1_96' title="bbox 89 4793 1667 4863">
     <span class='ocr_line' id='line_1_96' title="bbox 89 4793 1667 4863; baseline -0.003 -14"><span class='ocrx_word' id='word_1_717' title='bbox 89 4796 591 4863; x_wconf 62' lang='grc' dir='ltr'><strong>ἀντιλεγόμενον·</strong></span> <span class='ocrx_word' id='word_1_718' title='bbox 640 4795 719 4855; x_wconf 82' lang='grc' dir='ltr'><strong>είς</strong></span> <span class='ocrx_word' id='word_1_719' title='bbox 758 4793 963 4847; x_wconf 80' lang='grc' dir='ltr'><strong>πτῶσιν</strong></span> <span class='ocrx_word' id='word_1_720' title='bbox 1006 4793 1106 4862; x_wconf 70' lang='grc' dir='ltr'><strong>μὲν</strong></span> <span class='ocrx_word' id='word_1_721' title='bbox 1133 4793 1242 4844; x_wconf 82' lang='grc' dir='ltr'><strong>τῶν</strong></span> <span class='ocrx_word' id='word_1_722' title='bbox 1275 4793 1543 4857; x_wconf 84' lang='grc' dir='ltr'><strong>ἀπίστων,</strong></span> <span class='ocrx_word' id='word_1_723' title='bbox 1587 4794 1667 4855; x_wconf 78' lang='grc' dir='ltr'><strong>είς</strong></span> 
     </span>
    </p>
   </div>
   <div class='ocr_carea' id='block_1_97' title="bbox 88 4883 1659 4955">
    <p class='ocr_par' dir='ltr' id='par_1_97' title="bbox 88 4883 1659 4955">
     <span class='ocr_line' id='line_1_97' title="bbox 88 4883 1659 4955; baseline -0.001 -17"><span class='ocrx_word' id='word_1_724' title='bbox 88 4886 390 4938; x_wconf 76' lang='grc' dir='ltr'><strong>ἀνάστασιν</strong></span> <span class='ocrx_word' id='word_1_725' title='bbox 429 4884 485 4936; x_wconf 78' lang='grc' dir='ltr'><strong>δὲ</strong></span> <span class='ocrx_word' id='word_1_726' title='bbox 532 4884 638 4936; x_wconf 85' lang='grc' dir='ltr'><strong>τῶν</strong></span> <span class='ocrx_word' id='word_1_727' title='bbox 693 4883 1056 4937; x_wconf 82' lang='grc' dir='ltr'><strong>πιστευόντων</strong></span> <span class='ocrx_word' id='word_1_728' title='bbox 1089 4902 1101 4915; x_wconf 76' lang='grc'><strong><em>⁸</em></strong></span> <span class='ocrx_word' id='word_1_729' title='bbox 1162 4885 1221 4936; x_wconf 84' lang='grc' dir='ltr'><strong>οὐ</strong></span> <span class='ocrx_word' id='word_1_730' title='bbox 1280 4883 1375 4937; x_wconf 76' lang='grc' dir='ltr'><strong>τοῦ</strong></span> <span class='ocrx_word' id='word_1_731' title='bbox 1425 4884 1659 4955; x_wconf 81' lang='grc' dir='ltr'><strong>βρέφους</strong></span> 
     </span>
    </p>
   </div>
   <div class='ocr_carea' id='block_1_98' title="bbox 89 4975 1665 5044">
    <p class='ocr_par' dir='ltr' id='par_1_98' title="bbox 89 4975 1665 5044">
     <span class='ocr_line' id='line_1_98' title="bbox 89 4975 1665 5044; baseline -0.001 -13"><span class='ocrx_word' id='word_1_732' title='bbox 89 4980 265 5032; x_wconf 85' lang='grc' dir='ltr'><strong>αίτὶου</strong></span> <span class='ocrx_word' id='word_1_733' title='bbox 292 4977 584 5044; x_wconf 83' lang='grc' dir='ltr'><strong>γενομένου</strong></span> <span class='ocrx_word' id='word_1_734' title='bbox 610 4979 722 5036; x_wconf 84' lang='grc' dir='ltr'><strong>τοῖς</strong></span> <span class='ocrx_word' id='word_1_735' title='bbox 755 4976 853 5043; x_wconf 84' lang='grc' dir='ltr'><strong>μὲν</strong></span> <span class='ocrx_word' id='word_1_736' title='bbox 891 4975 1174 5041; x_wconf 76' lang='grc' dir='ltr'><strong>πτώσεως,</strong></span> <span class='ocrx_word' id='word_1_737' title='bbox 1202 4979 1315 5039; x_wconf 82' lang='grc' dir='ltr'><strong>τοῖς</strong></span> <span class='ocrx_word' id='word_1_738' title='bbox 1342 4976 1400 5028; x_wconf 73' lang='grc' dir='ltr'><strong>δὲ</strong></span> <span class='ocrx_word' id='word_1_739' title='bbox 1430 4978 1665 5031; x_wconf 74' lang='grc' dir='ltr'><strong>ἀναστάο</strong></span> 
     </span>
    </p>
   </div>
   <div class='ocr_carea' id='block_1_99' title="bbox 90 5071 1663 5140">
    <p class='ocr_par' dir='ltr' id='par_1_99' title="bbox 90 5071 1663 5140">
     <span class='ocr_line' id='line_1_99' title="bbox 90 5071 1663 5140; baseline -0.001 -15"><span class='ocrx_word' id='word_1_740' title='bbox 90 5091 255 5137; x_wconf 86' lang='grc' dir='ltr'><strong>σεως,</strong></span> <span class='ocrx_word' id='word_1_741' title='bbox 300 5072 435 5126; x_wconf 82' lang='grc' dir='ltr'><strong>ἀλλὰ</strong></span> <span class='ocrx_word' id='word_1_742' title='bbox 471 5072 571 5139; x_wconf 84' lang='grc' dir='ltr'><strong>τῆς</strong></span> <span class='ocrx_word' id='word_1_743' title='bbox 616 5071 823 5135; x_wconf 79' lang='grc' dir='ltr'><strong>οἰκείας</strong></span> <span class='ocrx_word' id='word_1_744' title='bbox 872 5072 1103 5123; x_wconf 64' lang='grc' dir='ltr'><strong>ἑκάστου</strong></span> <span class='ocrx_word' id='word_1_745' title='bbox 1154 5072 1545 5140; x_wconf 81' lang='grc' dir='ltr'><strong>προαιρέσεως,</strong></span> <span class='ocrx_word' id='word_1_746' title='bbox 1588 5071 1663 5134; x_wconf 84' lang='grc' dir='ltr'><strong>ὡς</strong></span> 
     </span>
    </p>
   </div>
   <div class='ocr_carea' id='block_1_100' title="bbox 90 5162 1665 5232">
    <p class='ocr_par' dir='ltr' id='par_1_100' title="bbox 90 5162 1665 5232">
     <span class='ocr_line' id='line_1_100' title="bbox 90 5162 1665 5232; baseline -0.002 -14"><span class='ocrx_word' id='word_1_747' title='bbox 90 5168 242 5218; x_wconf 74' lang='grc' dir='ltr'><strong>ἔστιν</strong></span> <span class='ocrx_word' id='word_1_748' title='bbox 287 5167 351 5215; x_wconf 79' lang='grc' dir='ltr'><strong>ἐκ</strong></span> <span class='ocrx_word' id='word_1_749' title='bbox 418 5163 627 5215; x_wconf 78' lang='grc' dir='ltr'><strong>πολλῶν</strong></span> <span class='ocrx_word' id='word_1_750' title='bbox 682 5164 991 5232; x_wconf 72' lang='grc' dir='ltr'><strong>μαρτυριῶν</strong></span> <span class='ocrx_word' id='word_1_751' title='bbox 1035 5162 1125 5215; x_wconf 83' lang='grc' dir='ltr'><strong>τὸν</strong></span> <span class='ocrx_word' id='word_1_752' title='bbox 1183 5163 1340 5230; x_wconf 87' lang='grc' dir='ltr'><strong>λόγον</strong></span> <span class='ocrx_word' id='word_1_753' title='bbox 1391 5164 1665 5216; x_wconf 78' lang='grc' dir='ltr'><strong>πιστώσα·</strong></span> 
     </span>
    </p>
   </div>
   <div class='ocr_carea' id='block_1_101' title="bbox 94 5253 1664 5325">
    <p class='ocr_par' dir='ltr' id='par_1_101' title="bbox 94 5253 1664 5325">
     <span class='ocr_line' id='line_1_101' title="bbox 94 5253 1664 5325; baseline 0.001 -18"><span class='ocrx_word' id='word_1_754' title='bbox 94 5258 241 5310; x_wconf 77' lang='grc' dir='ltr'><strong>σθαι.</strong></span> <span class='ocrx_word' id='word_1_755' title='bbox 280 5256 359 5308; x_wconf 83' lang='grc' dir='ltr'><strong>Τά</strong></span> <span class='ocrx_word' id='word_1_756' title='bbox 393 5256 491 5322; x_wconf 82' lang='grc' dir='ltr'><strong>μὲν</strong></span> <span class='ocrx_word' id='word_1_757' title='bbox 536 5254 630 5307; x_wconf 77' lang='grc' dir='ltr'><strong>οὖν</strong></span> <span class='ocrx_word' id='word_1_758' title='bbox 673 5254 853 5325; x_wconf 79' lang='grc' dir='ltr'><strong>πλήθη</strong></span> <span class='ocrx_word' id='word_1_759' title='bbox 901 5253 1009 5306; x_wconf 77' lang='grc' dir='ltr'><strong>τῶν</strong></span> <span class='ocrx_word' id='word_1_760' title='bbox 1054 5254 1347 5318; x_wconf 80' lang='grc' dir='ltr'><strong>Ἰουδαίων,</strong></span> <span class='ocrx_word' id='word_1_761' title='bbox 1400 5254 1664 5323; x_wconf 80' lang='grc' dir='ltr'><strong>βλέποντα</strong></span> 
     </span>
    </p>
   </div>
   <div class='ocr_carea' id='block_1_102' title="bbox 40 5344 1664 5415">
    <p class='ocr_par' dir='ltr' id='par_1_102' title="bbox 40 5344 1664 5415">
     <span class='ocr_line' id='line_1_102' title="bbox 40 5344 1664 5415; baseline -0.002 -15"><span class='ocrx_word' id='word_1_762' title='bbox 40 5406 47 5415; x_wconf 35' lang='grc' dir='ltr'><em>δ</em></span> <span class='ocrx_word' id='word_1_763' title='bbox 90 5351 192 5410; x_wconf 67' lang='grc' dir='ltr'><strong>τὰς</strong></span> <span class='ocrx_word' id='word_1_764' title='bbox 218 5347 506 5415; x_wconf 75' lang='grc' dir='ltr'><strong>γινομένας</strong></span> <span class='ocrx_word' id='word_1_765' title='bbox 536 5345 1004 5415; x_wconf 76' lang='grc' dir='ltr'><strong>θαυματουργίας,</strong></span> <span class='ocrx_word' id='word_1_766' title='bbox 1028 5344 1103 5414; x_wconf 81' lang='grc' dir='ltr'><strong>τῷ</strong></span> <span class='ocrx_word' id='word_1_767' title='bbox 1132 5345 1340 5413; x_wconf 80' lang='grc' dir='ltr'><strong>Σωτῆρι</strong></span> <span class='ocrx_word' id='word_1_768' title='bbox 1371 5346 1664 5415; x_wconf 76' lang='grc' dir='ltr'><strong>προσέτριο</strong></span> 
     </span>
    </p>
   </div>
   <div class='ocr_carea' id='block_1_103' title="bbox 90 5421 1662 5507">
    <p class='ocr_par' dir='ltr' id='par_1_103' title="bbox 90 5421 1662 5507">
     <span class='ocr_line' id='line_1_103' title="bbox 90 5421 1662 5507; baseline -0.003 -17"><span class='ocrx_word' id='word_1_769' title='bbox 90 5453 215 5507; x_wconf 81' lang='grc' dir='ltr'><strong>χον·</strong></span> <span class='ocrx_word' id='word_1_770' title='bbox 264 5435 314 5488; x_wconf 79' lang='lat' dir='ltr'><strong>oi</strong></span> <span class='ocrx_word' id='word_1_771' title='bbox 376 5434 431 5487; x_wconf 67' lang='grc' dir='ltr'><strong>δὲ</strong></span> <span class='ocrx_word' id='word_1_772' title='bbox 486 5421 701 5503; x_wconf 71' lang='grc' dir='ltr'><strong>ἀνόητοι</strong></span> <span class='ocrx_word' id='word_1_773' title='bbox 745 5434 1021 5503; x_wconf 78' lang='grc' dir='ltr'><strong>ἀρχιερεῖς</strong></span> <span class='ocrx_word' id='word_1_774' title='bbox 1074 5433 1288 5499; x_wconf 78' lang='grc' dir='ltr'><strong>ελεγον·</strong></span> <span class='ocrx_word' id='word_1_775' title='bbox 1350 5434 1662 5502; x_wconf 80' lang='grc' dir='ltr'><strong>Δαιμόνιον</strong></span> 
     </span>
    </p>
   </div>
   <div class='ocr_carea' id='block_1_104' title="bbox 91 5520 1665 5603">
    <p class='ocr_par' dir='ltr' id='par_1_104' title="bbox 91 5520 1665 5603">
     <span class='ocr_line' id='line_1_104' title="bbox 91 5520 1665 5603; baseline -0.003 -22"><span class='ocrx_word' id='word_1_776' title='bbox 91 5530 219 5596; x_wconf 69' lang='grc' dir='ltr'><strong>ἔχει</strong></span> <span class='ocrx_word' id='word_1_777' title='bbox 239 5544 251 5558; x_wconf 89' lang='grc'><strong>·</strong></span> <span class='ocrx_word' id='word_1_778' title='bbox 297 5525 356 5578; x_wconf 80' lang='grc' dir='ltr'><strong>τί</strong></span> <span class='ocrx_word' id='word_1_779' title='bbox 378 5526 625 5580; x_wconf 80' lang='grc' dir='ltr'><strong>ἁκοῦετε</strong></span> <span class='ocrx_word' id='word_1_780' title='bbox 647 5524 875 5603; x_wconf 63' lang='grc' dir='ltr'><strong>αὐτοιξ;</strong></span> <span class='ocrx_word' id='word_1_781' title='bbox 905 5520 1035 5596; x_wconf 67' lang='grc' dir='ltr'><strong>*Δρ*</strong></span> <span class='ocrx_word' id='word_1_782' title='bbox 1064 5526 1161 5595; x_wconf 84' lang='grc' dir='ltr'><strong>οὐχ</strong></span> <span class='ocrx_word' id='word_1_783' title='bbox 1186 5526 1234 5577; x_wconf 79' lang='lat' dir='ltr'><strong>oi</strong></span> <span class='ocrx_word' id='word_1_784' title='bbox 1272 5524 1371 5594; x_wconf 74' lang='grc' dir='ltr'><strong>μὲν</strong></span> <span class='ocrx_word' id='word_1_785' title='bbox 1401 5525 1665 5588; x_wconf 75' lang='grc' dir='ltr'><strong>ἑκουσίως</strong></span> 
     </span>
    </p>
   </div>
   <div class='ocr_carea' id='block_1_105' title="bbox 187 5694 1664 5764">
    <p class='ocr_par' dir='ltr' id='par_1_105' title="bbox 187 5694 1664 5761">
     <span class='ocr_line' id='line_1_105' title="bbox 187 5694 1664 5761; baseline -0.001 -10"><span class='ocrx_word' id='word_1_786' title='bbox 187 5701 233 5732; x_wconf 83' lang='grc'><strong>¹⁶</strong></span> <span class='ocrx_word' id='word_1_787' title='bbox 253 5698 385 5751; x_wconf 88' lang='lat' dir='ltr'><strong>Dan.</strong></span> <span class='ocrx_word' id='word_1_788' title='bbox 421 5712 513 5757; x_wconf 83' lang='lat' dir='ltr'><strong>vlt,</strong></span> <span class='ocrx_word' id='word_1_789' title='bbox 542 5694 630 5748; x_wconf 71' lang='grc'><strong>52.</strong></span> <span class='ocrx_word' id='word_1_790' title='bbox 702 5696 747 5726; x_wconf 78' lang='grc'><strong>’⁷</strong></span> <span class='ocrx_word' id='word_1_791' title='bbox 779 5694 936 5750; x_wconf 78' lang='lat' dir='ltr'><strong>Joan.</strong></span> <span class='ocrx_word' id='word_1_792' title='bbox 967 5713 1041 5761; x_wconf 87' lang='lat' dir='ltr'><strong>tv,</strong></span> <span class='ocrx_word' id='word_1_793' title='bbox 1066 5697 1157 5751; x_wconf 65' lang='grc' dir='ltr'><strong>εἰ.</strong></span> <span class='ocrx_word' id='word_1_794' title='bbox 1232 5697 1278 5729; x_wconf 73' lang='grc'><strong>⁸⁸</strong></span> <span class='ocrx_word' id='word_1_795' title='bbox 1302 5696 1431 5750; x_wconf 82' lang='lat' dir='ltr'><strong>ibid.</strong></span> <span class='ocrx_word' id='word_1_796' title='bbox 1459 5697 1550 5751; x_wconf 81' lang='grc'><strong>55.</strong></span> <span class='ocrx_word' id='word_1_797' title='bbox 1626 5698 1664 5730; x_wconf 80' lang='grc'>⁸⁸</span> 
     </span>
    </p>
   </div>
   <div class='ocr_carea' id='block_1_106' title="bbox 1764 5694 2078 5764">
    <p class='ocr_par' dir='ltr' id='par_1_106' title="bbox 1764 5696 2078 5764">
     <span class='ocr_line' id='line_1_106' title="bbox 1764 5696 2078 5764; baseline -0.003 -13"><span class='ocrx_word' id='word_1_798' title='bbox 1764 5696 1893 5752; x_wconf 76' lang='lat' dir='ltr'><strong>stth.</strong></span> <span class='ocrx_word' id='word_1_799' title='bbox 1914 5711 1955 5764; x_wconf 87' lang='lat' dir='ltr'><strong>I,</strong></span> <span class='ocrx_word' id='word_1_800' title='bbox 1986 5696 2078 5751; x_wconf 66' lang='grc' dir='ltr'><strong>τι).</strong></span> 
     </span>
    </p>
   </div>
   <div class='ocr_carea' id='block_1_107' title="bbox 309 5785 990 5847">
    <p class='ocr_par' dir='ltr' id='par_1_107' title="bbox 309 5785 990 5847">
     <span class='ocr_line' id='line_1_107' title="bbox 309 5785 990 5847; baseline 0.003 -2"><span class='ocrx_word' id='word_1_801' title='bbox 309 5789 572 5847; x_wconf 70' lang='lat' dir='ltr'><strong>Pnaoe.</strong></span> <span class='ocrx_word' id='word_1_802' title='bbox 618 5787 736 5847; x_wconf 78' lang='lat' dir='ltr'><strong>Gn.</strong></span> <span class='ocrx_word' id='word_1_803' title='bbox 786 5785 990 5847; x_wconf 83' lang='lat' dir='ltr'><strong>XCIII.</strong></span> 
     </span>
    </p>
   </div>
   <div class='ocr_carea' id='block_1_108' title="bbox 1761 4518 3337 4581">
    <p class='ocr_par' dir='ltr' id='par_1_108' title="bbox 1761 4518 3337 4581">
     <span class='ocr_line' id='line_1_108' title="bbox 1761 4518 3337 4581; baseline 0.001 -2"><span class='ocrx_word' id='word_1_804' title='bbox 1761 4537 1835 4579; x_wconf 85' lang='lat' dir='ltr'><strong>est</strong></span> <span class='ocrx_word' id='word_1_805' title='bbox 1885 4527 1941 4579; x_wconf 85' lang='lat' dir='ltr'><strong>in</strong></span> <span class='ocrx_word' id='word_1_806' title='bbox 1988 4526 2200 4579; x_wconf 87' lang='lat' dir='ltr'><strong>ruinam</strong></span> <span class='ocrx_word' id='word_1_807' title='bbox 2265 4534 2314 4579; x_wconf 89' lang='lat' dir='ltr'><strong>et</strong></span> <span class='ocrx_word' id='word_1_808' title='bbox 2361 4528 2416 4579; x_wconf 85' lang='lat' dir='ltr'><strong>in</strong></span> <span class='ocrx_word' id='word_1_809' title='bbox 2466 4528 2897 4580; x_wconf 84' lang='lat' dir='ltr'><strong>resurrectionem</strong></span> <span class='ocrx_word' id='word_1_810' title='bbox 2937 4518 3223 4580; x_wconf 77' lang='lat' dir='ltr'><strong>multorum</strong></span> <span class='ocrx_word' id='word_1_811' title='bbox 3280 4530 3337 4581; x_wconf 81' lang='lat' dir='ltr'><strong>in</strong></span> 
     </span>
    </p>
   </div>
   <div class='ocr_carea' id='block_1_109' title="bbox 1765 4616 3336 4687">
    <p class='ocr_par' dir='ltr' id='par_1_109' title="bbox 1765 4616 3336 4687">
     <span class='ocr_line' id='line_1_109' title="bbox 1765 4616 3336 4687; baseline 0.001 -16"><span class='ocrx_word' id='word_1_812' title='bbox 1765 4616 1965 4680; x_wconf 86' lang='lat' dir='ltr'><strong>Israel,</strong></span> <span class='ocrx_word' id='word_1_813' title='bbox 1997 4627 2044 4672; x_wconf 84' lang='lat' dir='ltr'><strong>et</strong></span> <span class='ocrx_word' id='word_1_814' title='bbox 2078 4618 2135 4671; x_wconf 86' lang='lat' dir='ltr'><strong>in</strong></span> <span class='ocrx_word' id='word_1_815' title='bbox 2160 4619 2368 4687; x_wconf 84' lang='lat' dir='ltr'><strong>signum</strong></span> <span class='ocrx_word' id='word_1_816' title='bbox 2391 4655 2407 4680; x_wconf 92' lang='lat'><strong>,</strong></span> <span class='ocrx_word' id='word_1_817' title='bbox 2451 4619 2535 4671; x_wconf 82' lang='lat' dir='ltr'><strong>cui</strong></span> <span class='ocrx_word' id='word_1_818' title='bbox 2579 4618 2987 4672; x_wconf 81' lang='lat' dir='ltr'><strong>eontradicetur.</strong></span> <span class='ocrx_word' id='word_1_819' title='bbox 3022 4618 3078 4672; x_wconf 88' lang='lat' dir='ltr'><strong>In</strong></span> <span class='ocrx_word' id='word_1_820' title='bbox 3121 4618 3336 4673; x_wconf 87' lang='lat' dir='ltr'><strong>ruinam</strong></span> 
     </span>
    </p>
   </div>
   <div class='ocr_carea' id='block_1_110' title="bbox 1764 4707 3333 4777">
    <p class='ocr_par' dir='ltr' id='par_1_110' title="bbox 1764 4707 3333 4777">
     <span class='ocr_line' id='line_1_110' title="bbox 1764 4707 3333 4777; baseline 0 -16"><span class='ocrx_word' id='word_1_821' title='bbox 1764 4707 1985 4777; x_wconf 84' lang='lat' dir='ltr'><strong>quidem</strong></span> <span class='ocrx_word' id='word_1_822' title='bbox 2063 4721 2173 4761; x_wconf 88' lang='lat' dir='ltr'><strong>non</strong></span> <span class='ocrx_word' id='word_1_823' title='bbox 2257 4709 2655 4773; x_wconf 80' lang='lat' dir='ltr'><strong>credentium;</strong></span> <span class='ocrx_word' id='word_1_824' title='bbox 2743 4708 2796 4761; x_wconf 90' lang='lat' dir='ltr'><strong>in</strong></span> <span class='ocrx_word' id='word_1_825' title='bbox 2878 4708 3333 4764; x_wconf 83' lang='lat' dir='ltr'><strong>resurrectionem</strong></span> 
     </span>
    </p>
   </div>
   <div class='ocr_carea' id='block_1_111' title="bbox 1766 4784 3338 4868">
    <p class='ocr_par' dir='ltr' id='par_1_111' title="bbox 1766 4784 3338 4868">
     <span class='ocr_line' id='line_1_111' title="bbox 1766 4784 3338 4868; baseline 0.001 -16"><span class='ocrx_word' id='word_1_826' title='bbox 1766 4784 1946 4852; x_wconf 70' lang='lat' dir='ltr'><strong>aute‘in</strong></span> <span class='ocrx_word' id='word_1_827' title='bbox 2026 4798 2386 4852; x_wconf 88' lang='lat' dir='ltr'><strong>credentium.</strong></span> <span class='ocrx_word' id='word_1_828' title='bbox 2477 4796 2594 4851; x_wconf 85' lang='lat' dir='ltr'><strong>Non</strong></span> <span class='ocrx_word' id='word_1_829' title='bbox 2675 4805 2930 4868; x_wconf 81' lang='lat' dir='ltr'><strong>tanquam</strong></span> <span class='ocrx_word' id='word_1_830' title='bbox 3012 4813 3146 4868; x_wconf 79' lang='lat' dir='ltr'><strong>puer</strong></span> <span class='ocrx_word' id='word_1_831' title='bbox 3222 4799 3338 4868; x_wconf 74' lang='lat' dir='ltr'><strong>ipse</strong></span> 
     </span>
    </p>
   </div>
   <div class='ocr_carea' id='block_1_112' title="bbox 1765 4888 3339 4958">
    <p class='ocr_par' dir='ltr' id='par_1_112' title="bbox 1765 4888 3339 4958">
     <span class='ocr_line' id='line_1_112' title="bbox 1765 4888 3339 4958; baseline 0.001 -15"><span class='ocrx_word' id='word_1_832' title='bbox 1765 4903 1927 4943; x_wconf 88' lang='lat' dir='ltr'><strong>causa</strong></span> <span class='ocrx_word' id='word_1_833' title='bbox 1969 4888 2188 4943; x_wconf 79' lang='lat' dir='ltr'><strong>futurus</strong></span> <span class='ocrx_word' id='word_1_834' title='bbox 2211 4896 2388 4953; x_wconf 71' lang='lat' dir='ltr'><strong>esset,</strong></span> <span class='ocrx_word' id='word_1_835' title='bbox 2438 4903 2543 4958; x_wconf 81' lang='lat' dir='ltr'><strong>qua</strong></span> <span class='ocrx_word' id='word_1_836' title='bbox 2576 4888 2750 4943; x_wconf 76' lang='lat' dir='ltr'><strong>mina:</strong></span> <span class='ocrx_word' id='word_1_837' title='bbox 2785 4888 2939 4955; x_wconf 84' lang='lat' dir='ltr'><strong>aliis,</strong></span> <span class='ocrx_word' id='word_1_838' title='bbox 2975 4903 3079 4958; x_wconf 87' lang='lat' dir='ltr'><strong>qua</strong></span> <span class='ocrx_word' id='word_1_839' title='bbox 3107 4890 3227 4944; x_wconf 84' lang='lat' dir='ltr'><strong>aliis</strong></span> <span class='ocrx_word' id='word_1_840' title='bbox 3256 4905 3339 4944; x_wconf 85' lang='lat' dir='ltr'><strong>re—</strong></span> 
     </span>
    </p>
   </div>
   <div class='ocr_carea' id='block_1_113' title="bbox 1764 4976 3339 5047">
    <p class='ocr_par' dir='ltr' id='par_1_113' title="bbox 1764 4976 3339 5047">
     <span class='ocr_line' id='line_1_113' title="bbox 1764 4976 3339 5047; baseline 0 -14"><span class='ocrx_word' id='word_1_841' title='bbox 1764 4976 2143 5040; x_wconf 72' lang='lat' dir='ltr'><strong>surrectionis,</strong></span> <span class='ocrx_word' id='word_1_842' title='bbox 2184 4977 2278 5031; x_wconf 87' lang='lat' dir='ltr'><strong>sed</strong></span> <span class='ocrx_word' id='word_1_843' title='bbox 2318 4980 2535 5047; x_wconf 85' lang='lat' dir='ltr'><strong>propria</strong></span> <span class='ocrx_word' id='word_1_844' title='bbox 2563 4978 2829 5047; x_wconf 87' lang='lat' dir='ltr'><strong>cujusque</strong></span> <span class='ocrx_word' id='word_1_845' title='bbox 2876 4979 3147 5039; x_wconf 86' lang='lat' dir='ltr'><strong>voluntas,</strong></span> <span class='ocrx_word' id='word_1_846' title='bbox 3194 4988 3254 5033; x_wconf 90' lang='lat' dir='ltr'><strong>ut</strong></span> <span class='ocrx_word' id='word_1_847' title='bbox 3285 4989 3339 5033; x_wconf 87' lang='lat' dir='ltr'><strong>et</strong></span> 
     </span>
    </p>
   </div>
   <div class='ocr_carea' id='block_1_114' title="bbox 1768 5067 3335 5138">
    <p class='ocr_par' dir='ltr' id='par_1_114' title="bbox 1768 5067 3335 5138">
     <span class='ocr_line' id='line_1_114' title="bbox 1768 5067 3335 5138; baseline 0.003 -18"><span class='ocrx_word' id='word_1_848' title='bbox 1768 5067 1955 5121; x_wconf 88' lang='lat' dir='ltr'><strong>multis</strong></span> <span class='ocrx_word' id='word_1_849' title='bbox 1989 5068 2315 5122; x_wconf 79' lang='lat' dir='ltr'><strong>testimoniis</strong></span> <span class='ocrx_word' id='word_1_850' title='bbox 2360 5068 2487 5124; x_wconf 81' lang='lat' dir='ltr'><strong>licet</strong></span> <span class='ocrx_word' id='word_1_851' title='bbox 2531 5070 2781 5138; x_wconf 75' lang='lat' dir='ltr'><strong>probare.</strong></span> <span class='ocrx_word' id='word_1_852' title='bbox 2839 5068 2974 5124; x_wconf 75' lang='lat' dir='ltr'><strong>Nam</strong></span> <span class='ocrx_word' id='word_1_853' title='bbox 3027 5070 3335 5126; x_wconf 63' lang='lat' dir='ltr'><strong>Judreorum</strong></span> 
     </span>
    </p>
   </div>
   <div class='ocr_carea' id='block_1_115' title="bbox 1768 5158 3337 5231">
    <p class='ocr_par' dir='ltr' id='par_1_115' title="bbox 1768 5158 3337 5231">
     <span class='ocr_line' id='line_1_115' title="bbox 1768 5158 3337 5231; baseline 0.002 -18"><span class='ocrx_word' id='word_1_854' title='bbox 1768 5158 1987 5228; x_wconf 80' lang='lat' dir='ltr'><strong>quidem</strong></span> <span class='ocrx_word' id='word_1_855' title='bbox 2020 5158 2234 5228; x_wconf 77' lang='lat' dir='ltr'><strong>vulgus,</strong></span> <span class='ocrx_word' id='word_1_856' title='bbox 2279 5174 2402 5213; x_wconf 89' lang='lat' dir='ltr'><strong>cum</strong></span> <span class='ocrx_word' id='word_1_857' title='bbox 2434 5160 2692 5213; x_wconf 86' lang='lat' dir='ltr'><strong>miracula</strong></span> <span class='ocrx_word' id='word_1_858' title='bbox 2717 5176 2838 5228; x_wconf 72' lang='lat' dir='ltr'><strong>qua:</strong></span> <span class='ocrx_word' id='word_1_859' title='bbox 2864 5159 3084 5224; x_wconf 80' lang='lat' dir='ltr'><strong>ﬁebant,</strong></span> <span class='ocrx_word' id='word_1_860' title='bbox 3126 5162 3337 5231; x_wconf 82' lang='lat' dir='ltr'><strong>aspice-</strong></span> 
     </span>
    </p>
   </div>
   <div class='ocr_carea' id='block_1_116' title="bbox 1770 5250 3338 5321">
    <p class='ocr_par' dir='ltr' id='par_1_116' title="bbox 1770 5250 3338 5321">
     <span class='ocr_line' id='line_1_116' title="bbox 1770 5250 3338 5321; baseline 0.002 -18"><span class='ocrx_word' id='word_1_861' title='bbox 1770 5259 1911 5315; x_wconf 87' lang='lat' dir='ltr'><strong>rent,</strong></span> <span class='ocrx_word' id='word_1_862' title='bbox 1944 5251 2011 5304; x_wconf 89' lang='lat' dir='ltr'><strong>ad</strong></span> <span class='ocrx_word' id='word_1_863' title='bbox 2054 5250 2388 5304; x_wconf 80' lang='lat' dir='ltr'><strong>Salvatorem</strong></span> <span class='ocrx_word' id='word_1_864' title='bbox 2420 5250 2782 5304; x_wconf 80' lang='lat' dir='ltr'><strong>accurrebaut</strong></span> <span class='ocrx_word' id='word_1_865' title='bbox 2810 5268 2823 5303; x_wconf 86' lang='lat'><strong>:</strong></span> <span class='ocrx_word' id='word_1_866' title='bbox 2855 5261 2910 5304; x_wconf 87' lang='lat' dir='ltr'><strong>at</strong></span> <span class='ocrx_word' id='word_1_867' title='bbox 2956 5252 3104 5306; x_wconf 84' lang='lat' dir='ltr'><strong>stulti</strong></span> <span class='ocrx_word' id='word_1_868' title='bbox 3154 5252 3338 5321; x_wconf 88' lang='lat' dir='ltr'><strong>ponti-</strong></span> 
     </span>
    </p>
   </div>
   <div class='ocr_carea' id='block_1_117' title="bbox 1770 5340 3337 5406">
    <p class='ocr_par' dir='ltr' id='par_1_117' title="bbox 1770 5340 3337 5406">
     <span class='ocr_line' id='line_1_117' title="bbox 1770 5340 3337 5406; baseline 0 -11"><span class='ocrx_word' id='word_1_869' title='bbox 1770 5340 1898 5395; x_wconf 79' lang='lat' dir='ltr'><strong>ﬁces</strong></span> <span class='ocrx_word' id='word_1_870' title='bbox 1921 5340 2176 5395; x_wconf 83' lang='lat' dir='ltr'><strong>dicebant</strong></span> <span class='ocrx_word' id='word_1_871' title='bbox 2210 5360 2222 5394; x_wconf 93' lang='lat'><strong>:</strong></span> <span class='ocrx_word' id='word_1_872' title='bbox 2262 5341 2591 5394; x_wconf 70' lang='lat' dir='ltr'><strong>ﬂamonium</strong></span> <span class='ocrx_word' id='word_1_873' title='bbox 2620 5341 2774 5395; x_wconf 76' lang='lat' dir='ltr'><strong>habet</strong></span> <span class='ocrx_word' id='word_1_874' title='bbox 2803 5342 2844 5372; x_wconf 83' lang='lat'><strong>&quot;</strong></span> <span class='ocrx_word' id='word_1_875' title='bbox 2875 5358 2887 5392; x_wconf 94' lang='lat'>:</span> <span class='ocrx_word' id='word_1_876' title='bbox 2914 5341 3053 5406; x_wconf 89' lang='lat' dir='ltr'><strong>Quid</strong></span> <span class='ocrx_word' id='word_1_877' title='bbox 3083 5357 3207 5396; x_wconf 83' lang='lat' dir='ltr'><strong>eum</strong></span> <span class='ocrx_word' id='word_1_878' title='bbox 3237 5358 3337 5395; x_wconf 81' lang='lat' dir='ltr'><strong>au—</strong></span> 
     </span>
    </p>
   </div>
   <div class='ocr_carea' id='block_1_118' title="bbox 1767 5429 3334 5503">
    <p class='ocr_par' dir='ltr' id='par_1_118' title="bbox 1767 5429 3334 5503">
     <span class='ocr_line' id='line_1_118' title="bbox 1767 5429 3334 5503; baseline 0.001 -19"><span class='ocrx_word' id='word_1_879' title='bbox 1767 5429 1936 5484; x_wconf 77' lang='lat' dir='ltr'><strong>ditis?</strong></span> <span class='ocrx_word' id='word_1_880' title='bbox 1964 5445 2148 5485; x_wconf 89' lang='lat' dir='ltr'><strong>nonne</strong></span> <span class='ocrx_word' id='word_1_881' title='bbox 2178 5432 2357 5500; x_wconf 87' lang='lat' dir='ltr'><strong>itaque</strong></span> <span class='ocrx_word' id='word_1_882' title='bbox 2389 5430 2441 5484; x_wconf 90' lang='lat' dir='ltr'><strong>bi</strong></span> <span class='ocrx_word' id='word_1_883' title='bbox 2470 5431 2692 5500; x_wconf 80' lang='lat' dir='ltr'><strong>quidem</strong></span> <span class='ocrx_word' id='word_1_884' title='bbox 2714 5441 2908 5501; x_wconf 87' lang='lat' dir='ltr'><strong>sponte</strong></span> <span class='ocrx_word' id='word_1_885' title='bbox 2942 5434 3334 5503; x_wconf 73' lang='lat' dir='ltr'><strong>resurgebant;</strong></span> 
     </span>
    </p>
   </div>
   <div class='ocr_carea' id='block_1_119' title="bbox 1773 5520 3339 5592">
    <p class='ocr_par' dir='ltr' id='par_1_119' title="bbox 1773 5520 3339 5592">
     <span class='ocr_line' id='line_1_119' title="bbox 1773 5520 3339 5592; baseline 0.002 -16"><span class='ocrx_word' id='word_1_886' title='bbox 1773 5521 1938 5591; x_wconf 84' lang='lat' dir='ltr'><strong>hique</strong></span> <span class='ocrx_word' id='word_1_887' title='bbox 1972 5521 2210 5576; x_wconf 81' lang='lat' dir='ltr'><strong>vicissim</strong></span> <span class='ocrx_word' id='word_1_888' title='bbox 2232 5520 2435 5575; x_wconf 88' lang='lat' dir='ltr'><strong>nedum</strong></span> <span class='ocrx_word' id='word_1_889' title='bbox 2468 5520 2571 5591; x_wconf 84' lang='lat' dir='ltr'><strong>ipsi</strong></span> <span class='ocrx_word' id='word_1_890' title='bbox 2594 5522 2871 5577; x_wconf 86' lang='lat' dir='ltr'><strong>voluntate</strong></span> <span class='ocrx_word' id='word_1_891' title='bbox 2894 5524 3180 5589; x_wconf 84' lang='lat' dir='ltr'><strong>cadebant,</strong></span> <span class='ocrx_word' id='word_1_892' title='bbox 3205 5523 3339 5592; x_wconf 86' lang='lat' dir='ltr'><strong>quin</strong></span> 
     </span>
    </p>
   </div>
   <div class='ocr_carea' id='block_1_120' title="bbox 2182 5694 2984 5762">
    <p class='ocr_par' dir='ltr' id='par_1_120' title="bbox 2182 5694 2984 5762">
     <span class='ocr_line' id='line_1_120' title="bbox 2182 5694 2984 5762; baseline 0 -12"><span class='ocrx_word' id='word_1_893' title='bbox 2182 5694 2312 5751; x_wconf 85' lang='lat' dir='ltr'><strong>ibid.</strong></span> <span class='ocrx_word' id='word_1_894' title='bbox 2349 5696 2439 5750; x_wconf 69' lang='grc'><strong>54.</strong></span> <span class='ocrx_word' id='word_1_895' title='bbox 2518 5698 2560 5731; x_wconf 72' lang='grc'><strong>³³</strong></span> <span class='ocrx_word' id='word_1_896' title='bbox 2588 5696 2781 5752; x_wconf 72' lang='lat' dir='ltr'><strong>Matth.</strong></span> <span class='ocrx_word' id='word_1_897' title='bbox 2808 5698 2984 5762; x_wconf 58' lang='lat'><strong>&quot;.18.</strong></span> 
     </span>
    </p>
   </div>
   <div class='ocr_carea' id='block_1_121' title="bbox 2944 5789 3024 5849">
    <p class='ocr_par' dir='ltr' id='par_1_121' title="bbox 2944 5789 3024 5849">
     <span class='ocr_line' id='line_1_121' title="bbox 2944 5789 3024 5849; baseline 0 0"><span class='ocrx_word' id='word_1_898' title='bbox 2944 5789 3024 5849; x_wconf 69' lang='lat'><strong>50</strong></span> 
     </span>
    </p>
   </div>
  </div>
