4142 6436
114 369 218 434 1581

1024 365 1277 425 SERth
1320 367 1399 425 ΙΝ
1466 367 1766 426 ΜΕΒΙΑΜ
1826 363 2378 426 PENTECOSTEN.

3195 352 3330 419 1532

103 481 250 547 αὐτὴν
294 475 524 529 κατιδεῖν
573 476 664 527 τὸν
704 474 940 545 Χριστὸν
971 477 1196 546 Κυρίου.
1232 478 1339 529 Ka‘t
1368 478 1561 541 ἄλλους
1596 479 1653 531 δὲ

1776 480 1897 532 deut
1930 477 2258 548 provocabat
2290 494 2301 527 :
2337 472 2669 542 Loquebatur
2690 472 2828 524 enim
2860 471 2921 522 de
2952 468 3043 521 illo
3066 470 3329 534 omnibus,

100 574 169 631 εἰς
198 568 347 620 τοῦτο
386 569 419 637 ὴ
452 569 621 619 Ἀννα
654 568 1045 637 προετρέπετο·
1066 568 1301 620 Ἐλιὶλει
1330 569 1461 637 γὰρ,
1498 570 1651 638 φησὶ,

98 662 215 727 περὶ
244 659 427 713 αὐτοῦ
463 657 612 712 πᾶσι
648 658 769 724 τοῖς
803 658 1313 728 προσδεχομένοις
1355 661 1658 728 λύτρωσιν

94 754 159 803 ἐν
191 751 600 820 Ἰερουσαλήμ.
645 750 931 821 Λύτρωσιν
977 750 1034 802 δὲ
1077 750 1495 820 προσεδέχοντο,
1529 751 1597 821 ἢν
1630 751 1659 803 ὁ

96 846 228 906 Usta;
245 842 406 897 Δαϐὶδ
437 844 875 914 προαναμέ).πων
898 845 1164 914 ἐκήρυττε
1196 843 1399 911 λέγων’
1429 845 1659 911 Λύτμο-

92 951 190 987 σιν
215 934 570 988 ἀπέστειλεν
598 936 812 1001 Κύριος
842 935 922 1000 τῷ
941 934 1069 1001 λαῷ
1094 934 1300 989 αὐτοῦ.
1333 936 1443 988 Καὶ
1473 936 1652 987 πάλινσ

107 1025 443 1091 Ἐνιυτρώσω
466 1022 666 1091 ῥάϐδῳ
696 1027 1100 1093 κληρονομίαν
1134 1039 1270 1079 σου.
1301 1025 1395 1088 Τίς
1425 1025 1480 1077 δέ
1512 1027 1658 1077 ἐστιν

92 1120 118 1168 ὁ
155 1116 559 1186 λυτρωσάμενος
594 1120 689 1168 καὶ
725 1120 756 1186 ἡ
794 1115 1084 1187 λύτρωσις,
1111 1118 1159 1169 εξ
1191 1116 1266 1187 μὴ
1290 1116 1452 1180 αὐτὸς
1485 1118 1512 1168 ὀ
1542 1116 1657 1169 Κύ-

94 1224 203 1277 ριος
250 1206 404 1277 ἡμῶν
437 1205 647 1276 Ἰησοῦς
692 1208 963 1277 Χριστὸς,
1005 1203 1156 1261 δι’οὖ
1205 1210 1402 1272 πάντες
1452 1209 1516 1261 ὲκ
1558 1210 1656 1279 τῇς

93 1300 291 1369 πλάνης
323 1300 417 1352 καὶ
435 1299 641 1369 φθορᾶς
672 1300 1092 1371 ἐλυτρὼοημενς

163 1388 233 1441 Τὸ
267 1388 334 1441 δὲ
367 1390 629 1454 παιδίον,
661 1392 848 1461 φησὶν,
882 1391 1109 1457 ηὔξανε
1143 1391 1241 1446 καὶ
1274 1393 1658 1460 ἐκραταιοῦτο

88 1481 401 1549 πνεύματι·
447 1481 866 1550 πληρούμενον
894 1483 1114 1550 σοφίας
1133 1523 1147 1548 ,
1184 1483 1283 1536 καὶ
1311 1482 1480 1552 χάρις
1511 1484 1658 1538 Θεοῦ

90 1571 169 1638 ἦν
203 1572 293 1624 ἐπ’
324 1571 505 1635 αὐτῷ.
543 1571 666 1634 Πῶς
700 1572 878 1625 τοίνυν
914 1573 1163 1643 ηὔξανεν,
1199 1576 1227 1626 ὁ
1255 1576 1419 1629 πᾶσιν
1450 1575 1661 1648 ἀνθρὼ-

91 1679 230 1724 ποις,
264 1663 356 1714 καὶ
389 1661 581 1726 ζώοις,
616 1662 711 1715 καὶ
760 1666 944 1730 φυτοῖς
966 1704 980 1729 ,
1013 1665 1113 1732 τὴν
1139 1662 1281 1734 ζωὴν
1312 1666 1403 1719 καὶ
1435 1666 1534 1737 τὴν
1559 1665 1659 1718 αὖ·

91 1754 245 1823 ξησιν
273 1752 666 1823 χαριζόμενος,
700 1753 733 1824 ἢ
765 1753 1008 1826 δηλονότι
1040 1756 1179 1807 κατὰ
1205 1756 1304 1827 τὴν
1349 1756 1442 1809 τοῦ
1475 1755 1659 1825 σῶμα·

86 1861 179 1907 τος
225 1843 493 1913 αῠξησινς
527 1843 648 1906 Πῶς
683 1844 739 1896 δὲ
785 1845 878 1896 καὶ
920 1846 1276 1915 ἐκραταιοῦτο
1305 1845 1603 1915 Πνεύματι,
1631 1848 1659 1898 ὁ
1692 1836 1734 1893 Β

88 1937 225 1988 πᾶσι
253 1938 559 2005 προφήταις
587 1935 679 1988 καὶ
725 1936 957 1999 δικαίοις
1002 1936 1318 2007 τὴντούτοο
1362 1936 1658 2007 ἕμπνευσιν

87 2031 184 2083 καὶ
230 2030 463 2099 μετοχὴν
489 2028 862 2099 δωρούμενος,
899 2031 994 2081 καὶ
1027 2030 1086 2096 ἐξ
1120 2031 1290 2100 αὐτῆς
1329 2032 1427 2101 τῆς
1471 2030 1660 2101 νηδύος

84 2123 186 2193 τὴν
216 2122 463 2192 θεοδὸχον
501 2124 680 2193 σάρκα
726 2122 831 2174 ὑπὸ
868 2122 1058 2175 τούτου
1091 2122 1577 2193 διαπλαττόμενος,
1611 2126 1660 2177 εἰ

90 2220 167 2285 μὴ
197 2215 552 2285 ἐκραταιοῦτο
576 2215 869 2285 πνεύματι,
894 2216 971 2286 τῷ
997 2216 1137 2286 ὑπὲρ
1166 2216 1263 2287 τὴν
1289 2217 1380 2269 τοῦ
1414 2217 1661 2286 σώματος

87 2307 306 2376 ἡλικίαν
341 2307 720 2377 ὑπερλάμπειν
758 2308 815 2358 ἐν
860 2307 937 2376 τῷ
973 2306 1190 2378 βρέφει,
1225 2309 1323 2379 τῆς
1367 2308 1514 2371 θείας
1559 2308 1660 2377 φύν

89 2417 231 2461 σεως
260 2398 329 2452 τὰ
350 2400 709 2469 γνωρίσματα
738 2439 752 2463 ,
783 2399 847 2451 Εἰ
883 2399 989 2468 γὰρ
1024 2400 1119 2452 καὶ
1146 2400 1243 2471 τὴν
1265 2401 1541 2471 ἡμετέραν
1564 2400 1663 2468 φύ-

92 2508 199 2553 σιν,
230 2494 257 2543 ὁ
287 2494 385 2560 τῆς
415 2490 629 2561 φύσεως
662 2490 908 2559 πλάστης
932 2473 995 2558 ἐξ
1018 2492 1223 2554 οἰκείας
1256 2491 1661 2561 φιλανθρωπίας

91 2582 451 2652 περιεϐάλετο
496 2582 816 2651 ἀδιαιρέτως
871 2584 987 2652 ἅμα
1030 2585 1122 2637 καὶ
1154 2584 1496 2654 ἀσυγχύτωε.
1539 2585 1666 2638 ἀλλ’

88 2671 187 2726 οὖν
219 2673 314 2725 καὶ
351 2672 523 2737 οὕτως
552 2673 936 2745 ὑπερηύγαξεν
967 2675 1087 2728 καθ’
1112 2676 1413 2747 ὑπερὸολὴν
1442 2678 1538 2746 τὴν
1572 2678 1666 2729 ἀν-

92 2764 375 2834 θρωπίνην
404 2765 732 2817 ταπείνωσιν
772 2767 835 2817 τὸ
854 2768 952 2836 τῆς
983 2766 1235 2834 θεότητος
1271 2766 1518 2836 μέγεθος.
1545 2766 1667 2829 Πῶς

88 2857 148 2908 δε
176 2855 337 2908 πάλιν
372 2856 676 2927 ἐπληροῦτο
709 2858 898 2925 σοφίας
936 2859 1031 2911 καὶ
1068 2857 1288 2928 χάριτος
1308 2897 1323 2921 ,
1347 2860 1418 2912 ἐν
1438 2852 1486 2924 ᾧ
1509 2862 1669 2913 εἰσιν

88 2945 316 3011 πάντες
346 2948 401 2999 ol
432 2946 721 3015 θησαυροί
755 2946 864 3013 τῆς
892 2945 1166 3015 γνώσεως
1189 2946 1287 3001 καὶ
1314 2945 1422 3014 τῆς
1450 2948 1670 3014 σοφίας

86 3038 474 3105 ἀπόκρυφοις
503 3037 614 3090 Καὶ
640 3040 668 3090 ὁ
701 3038 1108 3108 Παροιμιαστὴς
1138 3037 1193 3090 δέ
1227 3054 1390 3107 φησιν
1411 3053 1422 3065 ⁸
1475 3038 1529 3092 Ἠ
1567 3053 1667 3090 σο-

88 3129 202 3198 φία
252 3128 639 3198 ᾠκοδόμησεν
683 3129 868 3196 ἑαυτῇ
917 3125 1106 3183 οἷκον.
1143 3129 1314 3197 Σοφία
1353 3128 1411 3181 δέ
1438 3131 1604 3191 ἐστιν,
1636 3132 1664 3182 ὁ

88 3220 189 3272 το]
221 3220 355 3273 Θεοῦ
381 3220 571 3287 Λόγος.
608 3220 776 3282 Αὐτὸς
802 3223 911 3289 γὰρ
936 3220 1111 3287 ἐδόθη
1144 3219 1285 3287 ἡμῖν
1323 3219 1507 3288 σοφία
1547 3219 1664 3273 ἀπὸ

92 3312 271 3376 Θεοῦ,
302 3312 442 3365 κατὰ
468 3312 558 3364 τὸν
588 3313 855 3383 μακάριον
882 3312 1111 3365 Παῦλον.
1137 3312 1197 3363 Εἰ
1220 3308 1311 3365 οὖν
1336 3311 1475 3381 αὐτὴ
1516 3313 1547 3381 ἠ
1586 3329 1671 3363 σο·

91 3406 197 3472 (pia.
232 3408 286 3457 ὲν
313 3409 375 3472 τῆ
408 3404 561 3473 νηδύϊ
586 3405 688 3474 τῆς
731 3405 890 3473 ἁγίας
926 3406 1017 3458 καὶ
1062 3404 1422 3474 ἀειπαρθένου
1445 3447 1457 3467 ,
1505 3407 1668 3474 εαυτῇ

89 3496 158 3549 τὸ
187 3495 454 3566 ἄχραντον
488 3498 579 3549 καὶ
606 3496 761 3563 ἆγιον
789 3498 947 3564 σῶμα
967 3496 1054 3549 διὰ
1082 3495 1171 3547 τοῦ
1200 3496 1511 3565 [Ινεύματος
1535 3496 1673 3565 ᾠκο·

86 3588 368 3659 δόμησεν,
407 3589 522 3651 πῶς
557 3589 650 3642 νῦν
684 3588 900 3656 λέγεται
945 3588 1134 3656 σοφίας
1188 3588 1530 3660 πληροῦσθαι
1579 3590 1673 3639 καὶ

92 3682 355 3750 χάριτος;
386 3682 455 3733 ’Ἡ
487 3682 704 3745 πάντως
730 3679 869 3733 κατὰ
896 3680 990 3751 τὴν
1022 3678 1278 3743 πολλάκις
1314 3681 1371 3731 ἐν
1400 3683 1509 3743 τοῖς
1536 3682 1671 3732 ἀνω-

90 3776 247 3841 τέρω
294 3772 548 3842 ῥηθεῖσαν
589 3773 861 3836 ἀπόδοσιν,
898 3772 1223 3843 προσφόρως
1253 3775 1343 3825 καὶ
1379 3772 1671 3842 ἀρμοδὲως,

88 3865 166 3932 τῇ
193 3863 335 3916 κατὰ
369 3864 542 3932 σάρκα
568 3864 762 3917 ἑαυτοῦ
786 3865 1074 3935 παρουσίᾳ,
1101 3868 1277 3917 πάντα
1304 3868 1331 3917 ὀ
1362 3866 1552 3936 Σωτὴρ
1580 3866 1674 3919 καὶ

89 3952 308 4024 Κύριος
340 3954 495 4023 ἡμῶν
524 3953 902 4025 ᾠκοδόμησεν·
938 3954 1056 4024 μεθ’
1084 3950 1145 4009 οὗ
1182 3955 1260 4026 τῷ
1286 3956 1405 4025 Θεῷ
1437 3959 1528 4008 καὶ
1566 3960 1673 4010 Πα-

86 4045 186 4113 τρὶ
235 4044 361 4108 δόξα
407 4046 501 4097 καὶ
539 4046 758 4115 κράτος,
794 4046 955 4117 καὶὴ
1000 4046 1356 4115 ἀτελεύτητος
1405 4048 1670 4117 βασιλεία,

88 4137 201 4188 σὺν
230 4134 308 4206 τῷ
334 4137 580 4206 παναγιῳ
605 4137 698 4191 καὶ
731 4136 920 4207 ἀγαθῷ
950 4138 1045 4190 καὶ
1076 4137 1324 4208 ζωοποιῷ
1358 4139 1634 4208 Πνεύματι
1655 4178 1671 4204 ,

88 4226 201 4280 νῦν
265 4229 360 4281 καὶ
407 4230 530 4296 ἀεὶ,
580 4230 673 4282 καὶ
731 4231 811 4293 είς
854 4232 982 4292 τοὺς
1029 4230 1230 4291 αἰῶνας
1276 4230 1384 4281 τῶν
1436 4230 1669 4284 αἰώνων.

103 4318 315 4389 Ἀμήν.

854 4452 926 4507 B'.

157 4565 443 4618 Λεοντίου
471 4563 806 4617 ἐπισκόπου
835 4566 1187 4626 Νεαπόλεως
1216 4564 1325 4632 τῆς
1358 4567 1620 4633 Κύπρου,

163 4638 267 4699 ,είς
288 4634 402 4701 τὴν
423 4634 648 4703 ἡμέραν
670 4634 782 4702 τῆς
809 4636 979 4703 ἁγίας
1000 4635 1603 4701 Μεσοπεντηκοστῆςέ

174 4746 366 4799 Πάντα
417 4746 485 4798 τὰ
532 4745 636 4798 ὑπὸ
676 4744 770 4798 τοῦ
800 4746 1068 4798 Δεσπότου
1104 4748 1197 4798 καὶ
1226 4745 1479 4815 Σωτῆρος
1520 4747 1676 4816 ἡμῶν

96 4835 299 4906 Ἰησοῦ
328 4836 564 4905 Χριστοῦ
594 4838 652 4889 ὲν
683 4839 750 4907 τῇ
780 4837 1027 4906 ὲνσάρκῳ
1059 4836 1224 4888 αὐτοῦ
1254 4837 1554 4907 οἰκονομία,
1582 4837 1674 4890 καὶ

180 5007 228 5040 ³³
286 5006 541 5073 Psal.cx,
584 5007 637 5062 6.
714 5008 759 5039 ⁸⁸
792 5006 935 5061 Psal.
974 5008 1241 5071 uxmﬂ.
1317 5007 1359 5038 ³⁷
1424 5006 1638 5064 Coloss.

1786 5011 1838 5064 3.
1916 5010 1960 5042 ”
1996 5010 2155 5065 Prov.
2202 5028 2274 5076 Ix,
2315 5014 2362 5066 Ι.

1756 573 1845 641 qui
1869 568 2234 638 exspectabant
2264 564 2670 633 redemptionem
2706 564 2757 616 in
2788 562 3083 616 Jerusalem
3128 560 3328 632 [Vulg.

1758 661 2159 730 redemptionem
2191 657 2357 712 Israel
2377 656 2413 728 ].
2448 655 2621 711 Porro
2651 654 3042 723 exspectabant
3083 667 3333 706 resurre-

1757 752 1993 807 ctionem
2018 793 2032 815 ,
2074 766 2236 821 quam
2268 749 2395 803 olim
2435 748 2654 805 divinus
2683 745 2853 798 David
2887 746 3100 799 cantico
3134 743 3333 815 prandi-

1757 852 1953 907 easset,
1986 842 2172 897 dicens
2197 860 2210 896 :
2242 840 2666 909 Redemptionem
2694 838 2835 892 misit
2863 836 3116 890 Dominus
3139 836 3333 905 populo

1757 937 1927 989 suo”.
1955 936 2021 990 Et
2043 935 2269 990 iterum:
2294 933 2526 987 Redemit
2549 934 2694 1003 virga
2713 930 3071 984 [nereditatem
3093 946 3245 983 suam
3264 930 3331 980 ³⁸.

1758 1027 1890 1094 Quis
1926 1042 2056 1081 vero
2085 1024 2284 1094 estqui
2322 1024 2572 1088 redemit,
2620 1038 2808 1092 quaeve
2845 1021 3149 1089 redemptio
3202 1034 3333 1089 prm-

1759 1130 2003 1188 terquam
2043 1118 2158 1187 ipse
2214 1117 2473 1172 Dominus
2506 1123 2692 1168 noster
2722 1114 2881 1168 .Iesus
2911 1112 3163 1166 Christus
3186 1111 3209 1162 ?
3235 1127 3335 1180 per

1759 1226 1921 1281 quem
1949 1224 2140 1264 omnes
2196 1210 2265 1263 ah
2317 1223 2503 1263 errore
2555 1221 2619 1259 ac
2670 1204 3022 1273 corruptione
3066 1203 3333 1273 redempti

1760 1317 1967 1356 sumus.

1834 1391 1969 1445 Puer
2006 1401 2183 1445 autem
2209 1432 2224 1455 ,
2274 1391 2486 1461 inquit,
2536 1391 2793 1444 crescebat
2829 1397 2877 1442 et
2912 1388 3331 1458 ron/artabatur,

1760 1483 1942 1553 plenus
1972 1484 2254 1553 sapientia,
2279 1492 2326 1537 et
2356 1484 2532 1553 gratia
2563 1482 2661 1535 Dei
2682 1491 2794 1535 erat
2822 1482 2878 1533 in
2902 1479 3014 1534 ilio.
3059 1478 3177 1545 Qua
3206 1493 3335 1533 vero

1763 1575 1969 1629 ratione
1991 1575 2289 1640 crescebat,
2319 1574 2413 1643 qui
2440 1572 2710 1627 universis
2737 1571 3067 1636 hominibus,
3093 1571 3338 1624 animau-

1765 1663 2034 1732 tibusque,
2068 1678 2132 1716 ac
2177 1663 2400 1732 plantis,
2437 1661 2602 1717 vitam
2634 1676 2699 1714 ac
2737 1669 3075 1714 crementum
3102 1659 3336 1713 tribuit?

1763 1754 1948 1823 utique
1973 1762 2249 1809 cremento
2286 1755 2553 1823 corporis.
2589 1753 2693 1807 Sed
2744 1762 2799 1807 et
2840 1752 3114 1821 qtimnodo
3140 1752 3334 1819 spiritu

1761 1844 2169 1902 eonfortabatur
2207 1845 2290 1909 is,
2338 1844 2430 1914 qui
2462 1844 2674 1900 cunctis
2716 1841 2995 1912 prophetis
3042 1857 3106 1896 ac
3149 1841 3331 1909 justis,

1760 1937 2004 2006 ejusdem
2036 1937 2450 2007 inspirationem
2475 1951 2539 1989 ac
2567 1934 3037 2004 participationem
3070 1932 3334 1987 donavit?

1761 2048 1825 2087 ac
1850 2034 2006 2103 cujus
2045 2033 2250 2088 deifera
2300 2048 2431 2087 caro
2468 2032 2536 2086 ab
2573 2033 2692 2101 ipso
2740 2039 2897 2084 utero
2940 2045 3035 2100 per
3067 2028 3329 2100 Spiritum

1761 2124 1989 2179 formata
2018 2123 2158 2178 fuit?
2202 2123 2307 2177 nisi
2353 2132 2501 2178 certe
2555 2123 2626 2177 ita
2666 2120 2858 2191 spiritu
2895 2119 3329 2181 confortabatur,

1761 2218 1905 2285 quod
1944 2232 2107 2287 supra
2146 2217 2394 2286 corporis
2445 2225 2695 2280 aetatem,
2744 2213 3029 2285 magniﬁce
3071 2213 3125 2266 in
3162 2225 3331 2281 puem

1763 2318 1973 2364 natura
2000 2310 2197 2364 divina:
2223 2308 2421 2364 indicia
2448 2324 2511 2363 ac
2527 2317 2670 2363 notae
2688 2308 2984 2362 elucerent.
3009 2304 3330 2374 Quanquam

1762 2399 1909 2454 enim
1942 2409 2150 2455 natura:
2184 2399 2337 2455 lictor
2359 2439 2374 2466 ,
2434 2407 2679 2453 nostram
2718 2406 2968 2452 naturam
3019 2412 3117 2466 pro
3153 2409 3248 2449 sua
3278 2397 3329 2450 in

1765 2488 2063 2542 humanum
2113 2503 2285 2559 genus
2316 2487 2682 2559 propensione
2714 2488 2965 2543 induerat
2996 2487 3226 2541 indivise
3256 2488 3333 2541 si-

1765 2581 1876 2633 nml
1910 2595 1971 2633 ac
2006 2579 2329 2645 inconfuse;
2383 2580 2741 2634 nihilominus
2783 2588 2963 2634 tamen
3002 2579 3081 2635 sic
3120 2594 3336 2648 quoque

1766 2673 1993 2728 Deitatis
2016 2674 2350 2744 magnitudo,
2405 2675 2657 2729 humana:
2696 2674 2955 2728 vilitatem
2985 2681 3194 2727 naturae
3220 2673 3334 2726 esi-

1767 2766 1876 2820 mio
1908 2765 2142 2834 quodam
2200 2764 2409 2836 fulgore
2456 2766 2831 2821 collustrabat.
2872 2766 3157 2831 Quomodo
3208 2781 3337 2818 vero

1767 2855 1965 2910 iterum
1995 2856 2306 2925 replebatur
2349 2855 2617 2925 sapientia
2658 2866 2713 2909 et
2738 2856 2940 2927 gratia,
2982 2854 3045 2909 In
3086 2873 3187 2925 quo
3216 2867 3336 2911 sunt

1770 2964 1947 3002 omnes
1983 2949 2216 3001 thesauri
2267 2948 2500 3001 scientia:
2534 2956 2584 3002 et
2615 2949 2890 3017 sapientia:
2933 2949 3223 3003 absconditi
3247 2949 3288 2979 ⁸⁷
3317 2950 3339 3000 ?

1770 3038 1916 3092 Libri
1945 3056 2163 3109 quoque
2188 3039 2607 3094 Proverhiorum
2645 3040 2877 3110 scriptor
2907 3041 2981 3095 ait
3010 3059 3023 3094 :
3058 3039 3335 3110 Sapientia

1771 3131 2050 3199 a’diﬁcavit
2084 3133 2181 3185 sibi
2227 3134 2439 3185 domum
2467 3132 2555 3198 ³⁸;
2603 3134 2750 3202 atqui
2783 3131 3063 3203 Sapientia
3114 3142 3198 3187 est
3244 3133 3337 3186 Dei

1776 3222 2014 3279 Verbum
2054 3244 2067 3279 :
2101 3226 2217 3295 ipse
2257 3226 2402 3280 enim
2428 3227 2584 3281 nobis
2614 3227 2768 3280 datus
2818 3236 2892 3280 est
2938 3246 2970 3280 a
3009 3227 3117 3281 Deo
3139 3229 3342 3295 sapien-

1775 3318 1847 3369 tia
1875 3316 1941 3376 3’,
1976 3319 2127 3387 juxta
2175 3318 2392 3373 beatum
2431 3318 2676 3372 Paulum.
2717 3319 2995 3388 Siquidem
3046 3334 3176 3389 ergo
3228 3321 3339 3390 ipsa

1773 3409 2079 3477 Sapientia,
2113 3414 2168 3462 in
2200 3420 2401 3464 sancta!
2432 3426 2495 3462 ac
2523 3425 2741 3477 semper
2779 3410 2996 3479 iit-ginis
3030 3420 3183 3464 utero
3206 3453 3218 3470 .
3253 3412 3341 3464 in—

1771 3490 2195 3553 contaminatum
2238 3512 2300 3551 ac
2330 3506 2579 3551 sanctum
2634 3512 2870 3566 corpus,
2931 3515 3027 3568 per
3077 3498 3339 3568 Spiritum

1772 3598 2017 3645 sanctum
2058 3591 2159 3643 sibi
2195 3589 2511 3648 aediﬁcavit;
2544 3591 2817 3659 quomodo
2852 3605 2998 3643 nunc
3026 3590 3223 3644 dicitur
3253 3606 3341 3643 rev

1772 3682 1908 3745 pleri
1959 3683 2224 3750 sapientia
2286 3690 2448 3751 atque
2498 3682 2709 3752 gratia?
2745 3680 2937 3735 Nonne
2991 3683 3146 3749 plane
3187 3684 3341 3752 juxta

1773 3773 1973 3842 smpius
2008 3773 2205 3827 dictam
2236 3772 2289 3825 in
2322 3773 2693 3841 superioribus
2726 3773 3124 3843 expositionem
3152 3814 3166 3838 ,
3201 3775 3340 3843 quod

1776 3866 2022 3922 Salvator
2049 3882 2111 3922 ac
2144 3866 2406 3920 Dominus
2435 3875 2625 3919 noster
2652 3881 2891 3936 congrue
2930 3867 3109 3919 omnia
3138 3866 3257 3935 ejus
3289 3886 3342 3921 ιιι

1773 3973 1937 4013 carne
1965 3956 2224 4013 adventui
2256 3957 2640 4027 dispensaret?
2672 3971 2795 4011 cum
2830 3971 2939 4027 quo
2971 3955 3081 4011 Deo
3104 3972 3167 4011 ac
3200 3956 3340 4011 l’atri

1773 4051 1940 4121 gloria
1968 4066 2033 4105 ac
2062 4059 2323 4120 potestas,
2356 4066 2693 4121 regnumque
2718 4052 3044 4116 immortale,
3071 4068 3192 4106 cum
3216 4068 3344 4105 san-

1774 4143 2037 4208 ctissimo,
2059 4142 2314 4211 bonoque
2344 4158 2408 4197 ac
2431 4143 2645 4197 viviﬁco
2676 4140 2904 4212 Spiritu,
2938 4160 3080 4199 nunc
3115 4152 3173 4199 et
3202 4161 3316 4199 sem
3342 4178 3345 4181 ν

1774 4249 1887 4303 per,
1918 4235 2045 4289 etin
2070 4234 2264 4288 secula
2287 4234 2627 4289 saeculorum.
2645 4234 2852 4288 ‘Amen.

1782 4560 1983 4614 Leontii
2012 4562 2238 4631 episcopi
2268 4562 2515 4630 Neapolis
2540 4562 2716 4630 Cypri.
2740 4563 2805 4634 in
2835 4564 2971 4617 diem
3000 4565 3186 4634 festum
3232 4568 3343 4620 Me-

2262 4635 2680 4700 diwpentecostes
2707 4633 2837 4702 (14).

1854 4740 1994 4796 Nihil
2017 4743 2068 4795 in
2094 4743 2179 4808 iis,
2206 4759 2326 4813 qua:
2353 4742 2615 4798 Dominus
2632 4760 2695 4799 ac
2710 4743 2959 4808 Salvator
2979 4759 3168 4803 noster
3188 4747 3346 4805 Iesus

1778 4833 2047 4900 Christus,
2082 4836 2134 4888 in
2170 4851 2264 4889 sua
2299 4837 2352 4888 in
2378 4850 2543 4890 carne
2582 4837 3021 4907 dispensatione,
3074 4857 3138 4897 ac
3183 4858 3348 4913 agens

2439 5013 2485 5044 "
2519 5011 2537 5065 ι
2566 5014 2691 5069 Cor.
2726 5030 2764 5076 ι,
2797 5014 2886 5069 ῐΟ.

1617 5121 1851 5179 NOTAE.

183 5215 300 5288 (Ii)
348 5216 576 5288 Leontii”
593 5217 777 5286 plures
808 5218 981 5279 fuere,
1024 5218 1167 5288 iique
1212 5216 1475 5287 episcopi,
1501 5232 1661 5288 exce-

78 5294 207 5358 pto
265 5286 492 5358 Leontio
548 5286 864 5358 Byzantino,
891 5290 983 5358 qui
1038 5286 1155 5358 ipse
1183 5286 1380 5342 nobilis
1411 5287 1667 5358 scriptor,

78 5357 315 5427 printer
344 5357 470 5428 alia,
491 5357 655 5428 etiam
680 5358 797 5427 ipso
814 5360 933 5428 hoc
952 5357 1272 5428 argumento
1294 5357 1511 5425 scripsit
1533 5357 1672 5411 Ora-

77 5429 341 5496 tionem.
361 5427 521 5496 quam
546 5427 757 5480 damus.
780 5427 972 5481 Noster
1006 5428 1091 5483 hic
1114 5427 1389 5488 Leontius,
1408 5436 1661 5496 constan-

76 5508 197 5552 ter
228 5565 235 5567 Α
262 5494 563 5567 Νεοβοιυοε
612 5495 772 5567 Cypri
801 5498 1087 5566 episcopus
1122 5497 1332 5566 legitur,
1372 5495 1675 5565 citaturque

76 5583 177 5619 co
200 5565 362 5618 titulo
386 5568 438 5620 in
464 5566 492 5617 '7
513 5565 729 5637 Synodo
754 5579 858 5621 aet.
878 5569 910 5619 4
932 5570 1100 5621 relato
1119 5565 1237 5627 eius
1255 5568 1374 5619 loco
1392 5580 1488 5637 pro
1507 5567 1678 5621 Sacris

75 5636 445 5704 imaginibus
500 5635 960 5691 Ineult'ntissimo:
999 5646 1119 5706 post
1174 5650 1334 5706 quem
1375 5635 1679 5706 recitatum,

77 5706 194 5759 sic
239 5706 305 5757 de
326 5720 393 5759 eo
417 5706 805 5760 Constantinus
830 5704 1160 5760 Constantia!
1179 5705 1336 5775 Cypri
1363 5704 1680 5775 episcopus,

80 5787 375 5843 tanquam
406 5777 474 5831 de
525 5776 711 5847 gentili
740 5793 840 5831 suo
867 5794 879 5829 ε
909 5776 1103 5831 Baron.
1134 5774 1233 5828 an;
1280 5774 1403 5839 594,
1433 5790 1584 5829 num.
1630 5776 1682 5839 5,

1777 5237 2080 5294 provocans
2102 5225 2167 5294 ad
2196 5223 2229 5277 4
2258 5224 2402 5279 illam
2460 5236 2572 5280 art.
2610 5222 2811 5294 Synodi
2844 5239 2881 5277 ιι
2902 5223 3157 5287 Nicaeae,
3186 5224 3258 5279 ita
3282 5226 3350 5279 de

1778 5292 2344 5359 Leontio:Quisnam
2402 5294 2537 5347 alius
2600 5292 2680 5347 res
2738 5306 2909 5363 gestas
2974 5294 3067 5347 sub
3100 5294 3350 5348 Mauritio

1780 5372 2083 5431 prosecutus
2135 5365 2224 5425 sit,
2283 5365 2439 5417 habes
2484 5380 2548 5418 ex
2603 5364 2744 5418 Actis
2815 5363 3018 5418 Nirteni
3049 5366 3352 5431 posterioris

1781 5432 2006 5486 concilii.
2070 5431 2273 5503 Nempe
2332 5434 2389 5490 S.
2423 5434 2694 5487 Leontium
2749 5433 3070 5487 Constantia:
3096 5435 3150 5487 in
3180 5433 3354 5502 Cypro

1784 5503 2078 5573 episcopum
2106 5505 2372 5567 scripsisse
2421 5504 2804 5557 tribulationes.
2832 5521 2963 5573 quas
2993 5504 3072 5555 Itis
3108 5507 3355 5569 tempori-

1785 5575 1876 5624 bus
1904 5572 2136 5626 Ecrlesia
2177 5573 2269 5625 Dei
2313 5591 2468 5641 passa
2506 5584 2579 5626 est
2620 5590 2637 5627 :
2668 5576 2755 5626 sed
2784 5580 3031 5627 hactenus
3062 5574 3365 5640 intenuiper-'

1791 5651 1903 5711 lunt
1960 5644 2105 5695 nobis
2141 5660 2286 5710 opus.
2345 5644 2421 5697 vel
2467 5646 2675 5707 excidit,
2737 5644 2816 5697 vel
2846 5644 2972 5698 latet
3012 5645 3357 5711 incognitum.

1793 5712 1865 5763 Ita
1894 5710 2155 5766 Baronius
2201 5722 2352 5781 putat
2401 5715 2684 5782 collegisse
2721 5730 2749 5767 e
2794 5716 2965 5767 veteri
2999 5716 3271 5773 versione,
3303 5714 3360 5767 in

1792 5796 1897 5850 qua
1938 5783 2017 5837 sic
2068 5784 2301 5838 habetur
2342 5800 2354 5836 :
2392 5784 2652 5837 Prwterea
2691 5786 2825 5839 beati
2856 5784 3137 5847 Smieonis,
3175 5788 3361 5837 turba-
