4142 6436
157 313 316 406 1585

1159 315 1414 375 SERMO
1453 315 1533 373 IN
1575 313 1879 373 MEDIAM
1913 313 2470 375 PENTECOSTEN.

3282 311 3415 374 1585

178 426 418 494 μετέχει,
441 423 515 488 ὡς
533 421 671 476 εἶναι
694 422 789 493 τὴν
805 423 1018 493 ἡμέραν
1039 424 1160 475 κατ’
1178 424 1463 494 ἀμφότερα
1478 422 1743 491 τιμᾶσθαι

1865 421 2117 491 »οτιίυρρε
2146 433 2270 488 est;
2307 422 2403 477 sed
2431 431 2486 477 et
2521 423 2840 494 utriusque,
2873 426 3074 481 veteris
3120 396 3415 495 paritcrae

176 515 352 578 ἀξίαν.
376 515 434 568 ’0
461 515 560 584 μὲν
584 515 691 583 γὰρ
714 513 956 575 Μωσέως
983 513 1144 582 νόμος
1173 513 1250 581 τῷ
1278 513 1586 581 Ἰσραηλίτῃ
1632 509 1747 578 λαῷ

174 604 411 672 ἔφασκε·
443 605 766 669 Μεσούσης
797 603 909 670 τῆς
940 601 1150 671 ἑορτῆς
1174 641 1191 665 ,
1220 600 1489 669 ποιήσεις
1528 600 1749 653 θυσίαν

173 698 374 762 Κυρίῳ
406 693 486 759 τῷ
526 693 648 759 Θεῷ
676 710 812 756 σου,
840 695 931 746 καὶ
956 695 1023 747 τὰ
1053 693 1200 762 ἐξῆ·.
1218 693 1434 763 Ἐπειδὴ
1465 694 1542 754 δὲ,
1568 691 1748 755 καθὼς

173 787 338 849 αὐτὸς
364 789 391 838 6
412 786 614 855 Κύριος
640 784 771 854 πρὸς
790 786 915 847 τοὺς
942 784 1232 846 Ἰουδαίους
1262 783 1461 851 ἔφησεν
1485 800 1498 815 ·
1531 786 1599 837 Et
1630 784 1751 835 ἐπι-

173 879 478 932 στεύσατε
495 876 1155 942 Μωῦσεῑ,ὲπιστεύσατε
1174 874 1250 929 ἂν
1269 876 1399 943 ἐμοί
1416 894 1427 903 ·
1449 875 1579 941 περὶ
1602 874 1749 942 ἐμοῦ

175 969 293 1037 γὰρ
316 962 548 1034 ἐκεῖνος
568 968 835 1036 ἔγραψεν
849 983 862 997 ⁸
887 967 962 1031 ὡς
983 969 1279 1034 ἀναγκαῖον
1297 966 1546 1019 ἐντεῦθεν
1570 966 1748 1018 πάντα

171 1058 246 1111 τὰ
290 1059 535 1121 τυπικῶς
584 1061 643 1110 ὲν
692 1058 884 1128 ἐκείνῳ
930 1056 1313 1127 γεγραμμένα,
1353 1055 1745 1134 ἀλληγορικῶε,

170 1150 301 1219 ἦτοι
347 1149 637 1219 ἀληθινῶς,
676 1152 751 1212 είς
788 1149 882 1203 τὸν
933 1148 1135 1217 Κύριον
1182 1147 1581 1215 ἀναφέρεσθαιο
1654 1148 1751 1200 καὶ

168 1241 338 1294 τοῦτο
361 1242 421 1293 τὸ
454 1242 618 1313 μέρος
645 1242 725 1304 είς
753 1241 915 1294 αὑτὸν
945 1241 1349 1309 γεγραμμένον,
1385 1240 1489 1293 ἔδει
1528 1242 1621 1293 καὶ
1650 1241 1751 1293 ὑπ’

169 1333 343 1385 αὖτοῦ
371 1333 685 1402 τιμηθῆναι,
717 1334 799 1386 Οὐ
833 1332 938 1402 γὰρ
968 1328 1117 1402 ἦλθε
1144 1332 1483 1386 καταλῦσαι
1517 1331 1623 1385 τὸν
1648 1333 1751 1384 νό-

168 1438 317 1492 μον,
346 1422 507 1476 ἀλλὰ
531 1422 740 1476 τοῦτον
761 1421 1093 1491 πληρῶσαι,
1122 1424 1214 1475 καὶ
1240 1423 1361 1475 ἀντὶ
1384 1422 1751 1492 στοιχειώδους

172 1516 278 1567 καὶ
330 1514 584 1578 ἀτελοῦς,
616 1514 986 1584 πνευματικὸν
1034 1516 1129 1568 καὶ
1175 1515 1381 1568 τέλειον
1427 1515 1750 1584 ἀπεργάσα-

172 1606 332 1661 σθαι.

259 1700 379 1767 Τῆς
407 1701 586 1756 τοίνυν
617 1700 829 1769 ἑορτῆς
854 1701 1188 1768 μεσούσης,
1218 1697 1293 1762 ὥς
1319 1715 1480 1768 φησιν
1503 1698 1753 1769 Ἰωάννης

1849 528 2023 576 novae,
2057 522 2117 566 ut
2140 513 2336 568 merito
2361 528 2425 567 ex
2454 521 2685 582 utraque
2715 514 2978 570 honorem
3021 515 3235 569 habeat.
3279 514 3415 565 Nam

1850 599 2061 671 Moyses
2096 600 2314 670 quidem
2348 601 2403 655 in
2453 602 2599 655 hunc
2628 602 2849 656 modum
2883 604 3084 673 populo
3124 601 3422 656 Israelitico

1849 692 2103 745 sanciens
2133 692 2211 745 ait
2245 710 2258 745 :
2294 692 2463 745 Media
2490 693 2775 762 festivitate
2817 696 2977 763 facies
3011 695 3277 748 victimam
3314 694 3422 747 Do-

1849 784 1991 835 mino
2019 781 2124 835 Deo
2161 792 2270 843 tuo.
2304 791 2411 836 etc.
2447 780 2515 836 “.
2572 782 2707 847 Quia
2740 793 2946 847 autem,
2987 783 3127 838 sicut
3166 783 3422 835 Dominus

1850 873 1966 941 ipse
1988 872 2190 927 Judmis
2212 872 2286 926 ait
2323 890 2336 926 :
2374 870 2432 925 Si
2464 873 2813 926 credidissetis
2838 873 3021 943 Moysi,
3053 874 3181 926 mihi
3220 887 3423 942 quoque

1850 965 2029 1034 utique
2044 949 2390 1018 credidissetis
2410 981 2422 1016 :
2444 963 2506 1017 de
2533 981 2613 1017 me
2638 966 2773 1017 enim
2804 963 2892 1017 ille
2910 965 3115 1033 scripsit
3139 963 3204 1017 δ’.
3222 961 3422 1027 Quem-

1849 1056 2142 1110 admodum
2168 1055 2297 1109 inde
2324 1056 2691 1109 necessarium
2725 1055 3030 1120 conﬁcitur,
3062 1066 3121 1109 ut
3146 1054 3325 1108 omnia
3361 1053 3416 1106 in

1850 1147 1967 1218 lege
1994 1162 2092 1216 per
2123 1147 2347 1216 ﬁguram
2379 1146 2578 1217 scripta
2604 1187 2618 1212 ,
2651 1147 2935 1217 allegorice
2961 1186 2975 1210 ,
3007 1161 3104 1200 seu
3137 1159 3253 1215 ipsa
3286 1144 3417 1199 veri-

1855 1247 1985 1301 tate,
2035 1239 2092 1292 in
2125 1238 2411 1293 Dominum
2451 1238 2760 1292 referantur
2781 1279 2794 1301 ,
2827 1239 2898 1291 ita
2931 1248 2985 1292 et
3015 1246 3217 1306 partem
3256 1237 3418 1298 hanc.

1852 1344 1973 1398 qua:
2004 1328 2059 1382 in
2093 1344 2218 1382 eum
2266 1329 2464 1398 scripta
2504 1337 2668 1394 esset,
2711 1328 2779 1382 ab
2817 1343 2882 1381 eo
2916 1342 3133 1396 quoque
3167 1326 3419 1381 honorari

1850 1421 2093 1490 oportuit
2119 1439 2133 1474 :
2163 1419 2283 1475 Non
2317 1421 2457 1474 enim
2486 1421 2625 1475 venit
2646 1420 2843 1473 solvere
2873 1419 3037 1489 legem
3062 1460 3077 1485 ,
3113 1418 3205 1473 sed
3247 1420 3423 1472 adim-

1854 1514 1994 1582 plere
2024 1513 2089 1579 “,
2122 1521 2286 1582 atque
2314 1512 2701 1567 elementarem
2743 1526 2805 1565 ac
2833 1509 3239 1580 imperfectam,
3270 1509 3428 1579 spiri-

1856 1603 2017 1659 talem
2046 1612 2207 1673 atque
2231 1602 2525 1673 perfectam
2558 1601 2788 1670 edicere.

1931 1694 2029 1749 Die
2057 1695 2222 1767 igitur
2250 1696 2379 1765 festo
2404 1696 2685 1761 mediante,
2716 1696 2895 1766 inquit
2923 1695 3163 1751 Joannes
3208 1708 3429 1764 evange-

172 1795 203 1847 6
234 1793 653 1863 εὐαγγελιστὴς,
689 1793 868 1858 ἀνέϐη
902 1796 934 1846 ό
970 1791 1209 1859 Ἰησοῦς
1239 1794 1325 1856 εἰς
1348 1790 1411 1844 τὸ
1440 1790 1620 1859 ἱερὸν,
1658 1790 1755 1843 καὶ

1865 1788 2002 1853 lista,
2032 1788 2265 1841 ascendit
2286 1787 2436 1842 Jesus
2467 1788 2523 1841 in
2552 1788 2823 1859 templum,
2854 1798 2902 1844 et
2924 1788 3137 1843 docebat
3161 1786 3228 1841 “.
3256 1786 3431 1851 Quan-

171 1881 525 1935 ἐδίδασκεν.
556 1882 618 1934 El
646 1881 754 1950 γὰρ
785 1881 878 1933 καὶ
921 1881 1021 1949 τῆς
1053 1881 1436 1950 Σκηνοπηγίας
1475 1872 1544 1949 ἦν
1570 1879 1751 1950 ἑορτὴ,

172 1974 271 2026 ὅτε
325 1971 601 2041 μεσούσης
648 1973 820 2041 αὐτῆς
859 1971 1029 2042 ἀνέϐη
1064 1972 1092 2024 6
1124 1970 1328 2041 Ἰησοῦς
1356 1973 1434 2034 είς
1465 1971 1527 2025 τὸ
1574 1971 1749 2044 ἱερὸν·

173 2064 303 2117 ἀλλ’
336 2064 462 2134 ἐμοὶ
514 2063 608 2116 νῦν
654 2067 780 2133 περὶ
813 2064 991 2126 τοῦτο,
1026 2062 1190 2133 μέσον
1225 2047 1489 2132 πολλαχοῦ
1511 2065 1611 2129 τῆς
1640 2064 1752 2117 Πα-

172 2157 346 2217 λαιᾶς
376 2157 470 2211 καὶ
502 2154 645 2219 Νέας
671 2155 942 2226 διαθήκης
970 2148 1252 2226 τιμᾶσθαι,
1272 2156 1301 2208 6
1326 2156 1544 2220 σκοπὸς,
1565 2157 1640 2220 ὡς
1664 2158 1757 2210 καὶ

175 2248 280 2301 ἐπὶ
315 2248 395 2318 τῷ
430 2247 576 2301 τέλει
603 2245 806 2318 προῖὼν
840 2245 1039 2313 ἔδειξεν
1075 2248 1103 2300 6
1139 2246 1317 2314 λόγος.
1337 2246 1544 2316 Ἀνέϐη
1578 2248 1757 2301 τοίνυν

177 2342 214 2393 ὁ
250 2339 495 2405 Ἰησοῦς
523 2339 611 2404 εις
638 2339 705 2391 τὸ
736 2337 898 2407 ἱερὸν
932 2338 1030 2391 καὶ
1060 2336 1361 2392 ἐδίδασκε.
1394 2340 1629 2393 Πάντοτε
1653 2341 1759 2393 πᾶ-

181 2449 275 2485 σιν
311 2431 597 2501 ὲπωιρελὴς
652 2431 747 2483 καὶ
790 2432 1056 2500 σωτήριος
1105 2431 1138 2501 ἠ
1184 2428 1419 2502 Χριστοῦ
1462 2432 1757 2503 παρουσία.

193 2523 292 2576 Ἐν
344 2521 476 2595 ίερῷ
522 2521 800 2583 διδάσκει,
854 2521 1102 2591 φωτίζων
1147 2524 1272 2586 τοὺς
1315 2522 1652 2585 ἀκούοντας’
1704 2525 1761 2577 ὲν

184 2614 478 2676 πλατείαις
508 2612 931 2683 θαυματουργεί,
955 2615 1082 2677 τοὺς
1109 2614 1463 2675 ἀσθενοῦντας
1494 2614 1724 2685 ἰώμενος
1742 2631 1759 2647 ο

184 2707 247 2757 ὲν
295 2705 618 2773 συμποσίοις
665 2704 826 2768 σώζει
880 2705 1239 2775 ἁμαρτωλοὺς
1289 2705 1715 2777 ἐπιστρέφοντας
1744 2722 1758 2737 ο

187 2799 248 2850 ιν
299 2797 574 2859 τελωνίοις
620 2795 856 2867 ἁρπάζει
907 2796 1045 2866 πρὸς
1095 2797 1392 2867 μαθητείαν
1429 2799 1553 2860 τοὺς
1579 2798 1763 2869 ἅρπα-

187 2904 330 2956 γας·
380 2890 437 2940 ὲν
470 2887 677 2949 πλοίοις
717 2885 1025 2947 καθεύδων,
1053 2888 1428 2956 κατακοιμίζει
1476 2891 1540 2958 τῇ
1587 2891 1764 2942 ἐπιτι-

194 2980 364 3049 μήσει
418 2978 510 3031 τὸν
565 2977 851 3031 κλύδωνα⁶
912 2977 1082 3040 ἁλιεῖς
1137 2977 1371 3047 ἰχθύων,
1432 2980 1767 3049 σαγηνευτὰς

191 3070 535 3125 ἀναδείκνυσι
585 3071 815 3140 κόσμου,
849 3069 991 3123 οὕτω
1030 3072 1085 3122 ὲν
1135 3070 1297 3122 παντὶ
1341 3071 1490 3141 τόπῳ
1532 3072 1761 3125 πάντοτε

193 3165 362 3216 πᾶσιν
394 3158 683 3230 ὲπωφελὴς
732 3161 828 3215 καὶ⁸
866 3162 1129 3230 σωτήριος
1188 3162 1220 3230 ή
1270 3160 1506 3231 Χριστοῦ
1559 3179 1764 3233 παρου-

194 3254 309 3307 σία,
369 3254 506 3305 ’Δλλ⁹
543 3253 745 3322 ἴδωμεν
790 3253 918 3315 τοὺς
971 3252 1295 3322 ἀγνώμονας
1355 3253 1662 3320 Ἰουδαίους,
1714 3254 1765 3307 τί

195 3346 307 3415 ἄρα
338 3345 404 3397 ὲκ
440 3344 536 3411 τῆς
567 3342 661 3395 τοῦ
696 3342 946 3411 Σωτῆρος
983 3342 1331 3406 διδασκαλίας
1371 3343 1763 3414 ὠφελήθησαν*

198 3436 401 3507 μᾶλλον
446 3435 503 3488 δὲ
544 3435 670 3498 τοὺς
718 3435 826 3487 τῶν
867 3434 1136 3488 Ἰουδαίων
1186 3436 1486 3505 ἄρχοντας.
1538 3438 1766 3502 Οίτινες

194 3528 315 3593 τὴν
342 3525 528 3589 δόξαν
568 3523 688 3577 τῶν
716 3524 1059 3594 ἀνθρώπων,
1102 3526 1251 3594 ὑπὲρ
1303 3526 1412 3593 τὴν
1444 3525 1631 3591 δόξαν
1662 3528 1767 3583 τοῦ

199 3619 387 3681 Θεοῦ,
432 3619 552 3688 ητοι
587 3616 646 3670 τὸ
692 3618 1002 3671 καλεῖσθαι
1075 3616 1269 3671 Ῥαϐὄὶ
1296 3659 1310 3682 ,
1359 3620 1764 3688 ἀγαπήσαντες,

198 3712 297 3780 τῆς
326 3710 489 3772 ὅντως
542 3708 912 3780 ἀναποδλήτου
960 3706 1152 3777 δόξης,
1210 3708 1354 3776 λέγω
1408 3710 1491 3780 δὴ,
1544 3710 1643 3778 τῆς
1688 3712 1767 3774 είς

198 3801 435 3872 Χριστὸν
484 3800 739 3864 πίστεως,
773 3801 997 3864 ἑαυτοὺς
1039 3800 1439 3870 ἀπεστέρησαν.
1503 3803 1657 3856 Ἐπεὶ
1686 3806 1767 3858 δτι

200 3897 267 3947 ἐκ
298 3891 391 3944 τοῦ
423 3892 659 3961 πλήθους
688 3892 863 3945 αὐτῶν
893 3892 1219 3945 ἐπίστευσαν
1246 3893 1343 3945 οὐκ
1385 3893 1555 3961 ὀλίγοι
1579 3934 1594 3957 ,
1641 3912 1769 3965 μετ-

200 3985 393 4037 έπειτα
431 3985 459 4035 6
492 3981 879 4052 εὐαγγελιστὴς
913 3983 1194 4053 σαφηνίζει
1226 3983 1479 4051 φάσκων⁹
1524 3985 1623 4039 Ἐκ
1663 3986 1769 4040 τοῦ

198 4071 319 4131 οὖν
349 4074 558 4144 ὄχλου,
586 4075 803 4129 πολλοὶ
829 4076 1199 4130 ἐπίστευσαν
1220 4079 1307 4143 εὶς
1330 4078 1535 4131 αὐτόν.
1592 4080 1655 4132 Οἱ
1676 4076 1769 4133 οὖν

197 4169 271 4221 τὰ
302 4167 624 4238 άπρόσφορα
655 4167 782 4237 περὶ
829 4166 921 4219 τοῦ
971 4167 1287 4221 διδασκάλου
1336 4169 1727 4241 ἐνθυμούμενοι
1751 4212 1766 4235 ,

198 4261 265 4313 τὸ
312 4259 565 4328 θεομισὲς
605 4258 818 4329 ὑπῆρχε
861 4257 969 4311 τῶν
1016 4259 1318 4330 ἀρχιερέων
1371 4263 1465 4316 καὶ
1508 4279 1770 4333 γραμμα-

199 4357 340 4408 τέων
370 4353 465 4411 καὶ
492 4352 694 4405 λοιπῶν
724 4338 999 4421 ἀρχόντων
1034 4352 1329 4423 συνέδριον,
1371 4355 1566 4418 οἵτινες
1622 4356 1770 4409 διδά-

1857 1895 2018 1950 quam
2069 1880 2217 1935 enim
2266 1881 2387 1936 dies
2430 1880 2604 1936 festus
2629 1881 2978 1952 Scenopegia:
3012 1889 3128 1935 erat
3153 1922 3166 1944 ,
3202 1894 3324 1935 cum
3364 1893 3431 1932 eo

1861 1972 2134 2028 mediante
2178 1971 2336 2028 Jesus
2374 1973 2427 2027 in
2474 1973 2734 2044 templum
2769 1974 3053 2039 ascendit,
3103 1974 3209 2029 hoc
3250 1983 3428 2026 tamen

1857 2064 2030 2119 solum
2091 2066 2145 2119 in
2202 2066 2618 2135 praesentiarum
2672 2066 2832 2121 velim
2868 2076 3190 2129 ostensum,
3249 2064 3432 2119 multis

1858 2155 2069 2212 Veteris
2091 2172 2245 2227 asque
2291 2172 2354 2212 ac
2378 2156 2518 2211 Novi
2562 2155 2901 2213 Testamenti
2941 2157 3076 2212 locis
3104 2199 3119 2225 ,
3169 2157 3430 2212 honorem

1860 2250 2039 2304 medio
2079 2250 2289 2313 haberi,
2339 2249 2416 2304 uti
2466 2250 2629 2305 etiam
2659 2250 2833 2305 oratio
2872 2265 3133 2320 processu
3176 2251 3227 2303 in
3268 2248 3430 2302 linem

1859 2340 2113 2396 ostendit.
2143 2342 2391 2395 Ascendit
2426 2342 2608 2414 itaque
2643 2342 2794 2396 Iesus
2819 2343 2873 2396 in
2905 2340 3175 2412 templum,
3207 2348 3255 2395 et
3282 2338 3433 2392 doce-

1861 2431 1971 2485 bat.
2003 2430 2268 2488 Omnibus
2289 2433 2433 2487 omni
2464 2433 2585 2488 loco
2614 2434 2764 2488 utilis
2785 2440 2867 2487 est
2890 2448 2954 2487 ac
2977 2431 3206 2487 salubris
3232 2429 3431 2484 Christi

1864 2526 2150 2594 prasentia
2193 2524 2405 2581 Doeens
2426 2525 2482 2579 in
2506 2525 2730 2596 templo,
2750 2525 3026 2581 auditores
3051 2523 3321 2577 illuminat
3348 2522 3394 2553 "
3415 2565 3430 2586 ,

1863 2616 2116 2670 miracula
2150 2617 2207 2670 in
2236 2616 2443 2687 platazis
2468 2626 2710 2688 patrans,
2749 2617 2997 2672 inﬁrmos
3021 2624 3210 2682 sanat;
3257 2614 3437 2669 convi-

1863 2707 1968 2761 viis
1997 2707 2320 2763 assistens“
2343 2727 2358 2776 ;
2385 2717 2699 2779 peccatores
2727 2710 2795 2764 ad
2824 2710 3106 2763 meliorem
3142 2722 3439 2763 conversos

1864 2799 2072 2870 frugem
2090 2801 2263 2855 salvat
2278 2800 2353 2867 "’;
2377 2802 2430 2855 in
2448 2802 2662 2857 teloniis
2674 2810 2922 2873 raptores
2935 2801 3036 2855 sibi
3062 2800 3114 2854 in
3139 2800 3438 2870 discipulos

1864 2892 2101 2961 rapit";
2130 2891 2185 2946 in
2200 2893 2428 2964 navigiis
2449 2894 2727 2948 dormiens
2746 2893 2814 2957 δ’,
2844 2900 3218 2962 tempestatem
3256 2892 3440 2945 incre-

1867 2983 2048 3053 pando
2078 2985 2231 3038 sedat
2260 3003 2272 3039 :
2306 2984 2604 3053 piscatores
2634 2985 2891 3055 piscium,
2921 2984 3110 3038 mundi
3139 2984 3439 3053 piscatores

1868 3077 1996 3130 facit
2023 3079 2090 3142 ⁸⁰;
2123 3077 2201 3132 sic
2232 3078 2433 3149 ubique
2487 3079 2743 3133 omnibus
2780 3078 2929 3133 utilis
2977 3092 3040 3131 ae
3076 3076 3307 3132 salubris
3351 3075 3437 3129 illa

1865 3168 2067 3223 Christi
2106 3171 2392 3239 praesentia
2424 3178 2526 3225 est.
2580 3171 2852 3227 Carm-rum
2909 3170 3193 3224 videamus
3233 3169 3439 3237 impro-

1867 3261 1964 3316 bos
1994 3259 2231 3324 Judaeos,
2265 3260 2395 3331 quid
2424 3276 2489 3316 ex
2520 3261 2819 3316 Salvatoris
2873 3262 3122 3316 doctrina
3170 3260 3437 3316 commodi

1838 3350 2149 3408 'consecuti
2188 3353 2335 3417 sint;
2371 3367 2467 3407 seu
2501 3352 2673 3423 magis
2700 3353 3009 3407 Judaeorum
3034 3352 3332 3423 principes,
3352 3353 3442 3421 qui

1869 3442 2149 3507 nimirum,
2205 3443 2475 3495 hominum
2505 3442 2732 3513 gloriam
2763 3441 3037 3512 diligentes
3070 3443 3238 3511 magis
3285 3456 3443 3510 quam

1868 3534 2097 3604 gloriam
2126 3535 2221 3588 Dei
2259 3535 2303 3567 ’ί
2338 3576 2353 3600 ,
2380 3534 2485 3589 hoc
2510 3543 2612 3599 est,
2646 3535 2825 3588 vocari
2868 3533 3037 3589 Rabbi
3060 3535 3105 3567 "
3142 3549 3311 3599 ;vere
3355 3533 3441 3586 illa

1870 3625 2199 3679 iuaul’eribili
2227 3624 2415 3695 gloria,
2461 3624 2586 3691 ﬁde,
2622 3625 2864 3694 inquam,
2900 3624 2956 3678 in
3005 3624 3283 3680 Christum
3305 3666 3319 3690 ,
3353 3639 3441 3678 se-

1870 3717 2019 3787 ipsos
2049 3715 2354 3786 privarunt.
2389 3715 2545 3780 Quod
2575 3716 2719 3769 enim
2750 3731 2860 3771 non
2893 3714 3048 3785 pauci
3076 3730 3140 3769 ex
3182 3715 3275 3769 illo
3302 3722 3442 3771 cmtu

1869 3807 2219 3873 crediderint,
2238 3807 2477 3861 declarat
2492 3807 2834 3876 postmodum
2851 3806 3198 3877 evangelista.
3218 3806 3406 3861 dicens
3426 3824 3439 3857 :

1874 3898 1950 3953 De
1982 3899 2133 3952 turba
2173 3905 2351 3951 autent
2409 3898 2563 3951 multi
2600 3899 2931 3951 crediderunt
2978 3899 3034 3950 in
3088 3914 3204 3951 eum
3262 3897 3329 3953 ³³.
3393 3897 3441 3951 li

1871 4005 1999 4061 ergo
2028 3990 2121 4059 qui
2171 3989 2471 4044 inconsona
2503 3990 2570 4045 de
2595 3998 2927 4059 praeceptore
2956 3988 3285 4060 cogitabant,
3336 3988 3446 4045 Deo

1871 4080 2073 4135 odihile
2101 4080 2394 4137 concilium
2422 4079 2554 4134 illud
2581 4088 2718 4145 erat,
2746 4078 3085 4151 pontiﬁcum,
3121 4078 3444 4141 scribarum,

1872 4185 1935 4224 ac
1955 4170 2285 4239 reliquorum
2315 4169 2628 4240 principum
2656 4185 2670 4233 ;
2695 4170 2786 4237 qui
2822 4168 3083 4221 nimirum
3107 4167 3337 4221 Domino
3359 4168 3469 4227 de.

1872 4266 2050 4323 cente,
2078 4258 2334 4313 dicebant
2396 4274 2410 4313 :
2465 4258 2736 4322 Quomodo
2780 4256 2863 4309 hic
2921 4254 3124 4309 litteras
3163 4257 3277 4321 scit,
3333 4272 3452 4308 cum

1876 4366 1979 4403 non
2005 4349 2249 4403 didicerit
2280 4349 2369 4402 "‘2
2406 4347 2686 4418 Ejusmodi
2711 4355 2895 4401 autem
2926 4362 3026 4401 vos
3074 4357 3128 4401 et
3176 4346 3448 4416 cogitatio.

202 4461 425 4506 σκοντος
457 4442 550 4496 τοῦ
584 4443 785 4512 Κυρίου
816 4442 1051 4510 ἔφασκον
1077 4458 1090 4472 ο
1123 4441 1243 4507 Πῶς
1267 4439 1446 4509 οὗτος
1468 4444 1762 4513 γράμματα

1877 4438 2199 4493 ιιυᾱιοοτυηι
2244 4437 2613 4492 obedientiam
2656 4444 2897 4500 accusat,
2930 4436 3021 4505 qui
3071 4434 3204 4506 legis
3239 4450 3454 4503 semper

201 4531 367 4590 οἶδεν
387 4533 474 4603 μὴ
501 4533 888 4602 μεμαθηκώς
937 4532 1002 4583 Ἦ
1044 4532 1100 4584 δὲ
1155 4534 1376 4602 τοιαύτη
1410 4535 1558 4603 φωνή
1590 4552 1648 4586 τε
1677 4538 1772 4589 καὶ

200 4627 400 4686 ἔννοια,
438 4626 730 4694 κατηγορεί
761 4623 859 4692 τῆς
896 4622 1003 4675 τῶν
1055 4623 1318 4675 Ἰουδαίων
1366 4624 1649 4690 ἀνηκοΐας,
1696 4627 1773 4690 ὡς

200 4717 314 4776 τοῖς
340 4715 584 4783 νομικοῖς
615 4714 710 4766 καὶ
741 4715 1097 4782 προφητικοῖς
1122 4712 1509 4782 πραγγέλμασι
1543 4714 1773 4769 πάντοτε

205 4805 439 4859 ὲνάντιοι
494 4806 774 4873 γεγόνασι.
827 4804 900 4855 Τὸ
952 4804 1062 4873 γὰρ
1131 4805 1300 4873 φῆσαι
1348 4806 1580 4868 αὐτούς·
1644 4807 1776 4874 Πῶς

202 4893 385 4964 οὗτος
431 4896 739 4966 γράμματα
783 4892 909 4949 οἵδε
935 4895 1022 4971 μὴ
1060 4897 1455 4965 μεμαθηκώςξ
1505 4898 1777 4952 δείκνυσιν

199 4990 284 5043 ὅτι
317 4991 381 5041 ὲκ
434 4987 695 5057 νομικῶν,
718 4987 838 5058 ἢτοι
861 4988 1248 5058 προφητικῶν,
1285 4990 1629 5059 γραμμάτων
1680 4991 1778 5062 τὴν

198 5077 552 5133 διδασκαλίαν
580 5078 608 5129 6
637 5075 826 5147 Σωτὴρ
865 5077 922 5128 τὸ
970 5077 1268 5147 τηνικαῦτα
1297 5075 1580 5147 ὲξύφηνεν.
1617 5078 1778 5132 Ὅθεν

200 5171 280 5234 ὡς
353 5168 417 5234 ἐξ
461 5168 754 5240 ἐγγράφων
803 5168 1168 5231 διδάσκοντος,
1221 5168 1421 5240 καίπερ
1475 5170 1782 5240 γράμματα

205 5264 283 5333 μὴ
340 5260 719 5333 μεμαθηκὼς,
782 5263 909 5331 περὶ
965 5262 1124 5313 αὐτὸν
1185 5262 1458 5332 φθονερῶς
1518 5264 1610 5331 (οὐ
1673 5264 1783 5333 γάρ

203 5352 652 5425 θαυμαστικῶς),
698 5353 1034 5424 ἐξιστάμενοι
1087 5354 1355 5422 ἔφασκονο
1413 5353 1541 5421 Πῶς
1600 5351 1780 5420 οὗτος

202 5444 514 5515 γράμματα
546 5443 709 5497 οἶδεν
735 5442 821 5512 μὴ
848 5442 1245 5513 μεμαθηκώς-ς
1277 5442 1335 5494 Ei
1367 5442 1472 5512 γάρ
1515 5442 1590 5513 μὴ
1622 5442 1779 5495 τοῦτο

1878 4547 1942 4586 ac
1955 4531 2344 4600 prophetarum
2371 4528 2641 4583 mandatis
2664 4526 2865 4581 iuerint
2893 4527 3181 4581 adversati.
3214 4525 3417 4580 Dicend
3439 4546 3454 4577 ι

1880 4623 2050 4686 enim,
2077 4621 2345 4685 Quomodo
2382 4621 2467 4673 hic
2498 4621 2593 4673 scit
2621 4621 2850 4684 litteras,
2883 4636 3003 4673 cum
3027 4635 3129 4672 non
3166 4619 3403 4672 didicerit
3429 4620 3453 4670 3’

1881 4719 2067 4782 aperte
2116 4711 2378 4777 indicant,
2408 4720 2539 4765 tunc
2560 4710 2849 4764 Dominum
2872 4725 2940 4764 ex
2967 4709 3184 4779 scriptis
3217 4709 3348 4780 legis
3390 4725 3456 4763 ac

1883 4804 2293 4874 prOphetarum,
2328 4802 2676 4857 contexuisse
2702 4801 3030 4857 doctrinam.
3064 4799 3219 4865 Quod
3248 4800 3453 4870 itaque,

1882 4908 1947 4947 ex
1982 4893 2277 4962 Scripturis
2306 4893 2550 4959 doceret,
2585 4909 2896 4963 quanquam
2921 4908 3032 4947 non
3060 4893 3329 4947 didicerat
3360 4894 3454 4947 lit-

1887 4995 2046 5051 teras,
2086 4987 2289 5041 invidia
2318 4987 2370 5039 in
2406 4986 2587 5057 ipsum
2624 4987 2747 5056 (nec
2771 4987 2917 5040 enim
2947 4984 3326 5054 admiratione)
3352 4986 3454 5039 ob-

1886 5084 2167 5145 stupentes
2188 5076 2444 5129 dixerunt
2476 5093 2489 5128 :
2521 5074 2789 5139 Quomodo
2823 5076 2906 5128 hic
2944 5076 3039 5127 seit
3068 5074 3290 5140 litteras,
3335 5090 3455 5128 cum

1884 5182 1987 5219 non
2016 5167 2255 5220 didicerit
2291 5168 2315 5221 ?
2364 5165 2643 5236 Siquidem
2671 5168 2837 5231 enim,
2872 5182 3030 5221 secus
3064 5180 3152 5219 res
3197 5165 3451 5226 habebas,

1884 5274 2208 5328 novamque,
2234 5266 2396 5328 atque
2424 5259 2689 5313 hactenus
2710 5259 2968 5329 ignotam,
3004 5274 3181 5327 neque
3210 5258 3456 5327 Scriptu-

1888 5351 1961 5405 ris
1992 5350 2245 5405 traditam
2298 5352 2603 5405 doctrinam
2648 5351 2975 5421 exponebat,
3012 5350 3214 5405 frustra
3266 5350 3459 5405 fuisset

1885 5442 1974 5496 ille
2000 5450 2212 5512 stupor,
2245 5443 2387 5513 quod
2421 5458 2525 5497 non
2572 5442 2738 5498 sciret
2769 5442 2999 5497 littei'as.
3033 5440 3107 5496 Ea
3139 5457 3266 5495 vero
3308 5440 3458 5511 c0gi.

278 5602 320 5632 “
360 5598 531 5654 Exod.
558 5615 665 5658 XIX,
700 5599 791 5653 9.9..
867 5598 912 5630 δ’
941 5598 1100 5653 Joan.
1132 5617 1183 5664 ν,
1216 5598 1306 5653 46.
1383 5598 1427 5630 ⁸³
1450 5599 1639 5653 Matth.
1670 5617 1722 5661 v,
1751 5601 1762 5653 ί

1915 5597 2137 5656 “Joan.
2165 5617 2259 5667 vn,
2290 5600 2374 5654 Μ.
2452 5602 2493 5631 ⁸⁵
2521 5600 2679 5655 Joan.
2709 5616 2801 5652 vn.
2839 5600 2921 5653 14.
3000 5600 3044 5632 ⁸⁸
3072 5598 3234 5654 Mare.
3265 5617 3337 5667 vI,
3371 5602 3456 5655 56.

205 5670 250 5710 ι’
278 5670 406 5723 Luc.
444 5686 537 5735 vn,
571 5670 658 5722 48.
734 5668 779 5701 "
796 5669 989 5723 Matth.
1020 5686 1091 5732 xi,
1125 5670 1176 5723 9.
1255 5668 1300 5701 ⁸³
1323 5669 1506 5725 Matth.
1537 5686 1654 5735 \‘ltl,
1682 5670 1769 5724 9.6.
1848 5670 1893 5703 '°
1915 5668 2102 5725 Matth.
2137 5688 2208 5736 γι,
2234 5674 2286 5728 9.
2363 5672 2402 5701 "
2438 5671 2592 5724 Joan.
2618 5687 2712 5737 xu,
2743 5671 2830 5725 43.

211 5745 254 5772 ιδ
287 5741 443 5795 Joan.
480 5759 570 5807 vn,
610 5742 695 5793 3|.
774 5740 816 5770 "
848 5738 1005 5793 Joan.
1046 5756 1140 5805 vn,
1181 5740 1259 5794 ιδ.

2909 5672 2953 5704 ⁵⁸
2982 5670 3171 5725 Matth.
3216 5685 3371 5736 χχιιι,
3407 5672 3463 5735 7.
