4118 6432
119 316 247 379 1589

1054 325 1306 385 SERMO
1343 326 1422 386 IN
1464 324 1766 385 MEDIAM
1833 324 2390 390 PENTECOSTEN.

3233 322 3370 387 1590

119 429 325 482 τεύουσι
351 445 363 458 ·
407 445 434 481 ο
482 433 661 485 τοίνυν
693 433 752 486 τὸ
781 435 992 506 θέλημα
1024 436 1116 487 τοῦ
1151 435 1285 488 θεοῦ
1325 437 1499 488 ποιεῖν
1531 435 1684 487 ὲπει-

1810 435 1862 488 lli
1892 437 2062 499 enim,
2094 435 2146 489 in
2179 435 2351 505 legem
2383 434 2650 503 injuriosi,
2675 452 2705 490 a
2731 435 3041 506 semetipsis
3070 435 3368 504 loqueban-

112 520 352 593 γόμενος,
407 521 770 588 ἐπιγνώσεται
820 525 918 594 μὲν
971 525 1058 578 διὰ
1092 526 1200 578 τῶν
1237 526 1396 577 θείων
1443 525 1675 595 Γραφῶν

113 611 242 676 ἐμέ·
287 606 442 673 αὖθις
484 611 541 664 δὲ
572 613 631 678 ἐξ
663 616 796 683 ἐμοῦ
839 617 1232 686 ἀναδραμεῖται
1269 617 1401 685 πρός
1441 618 1533 668 τὸν
1569 618 1678 668 [Ια-

110 700 268 767 τέρν
302 703 393 751 καὶ
427 699 599 765 οὕτως
647 705 745 772 τὴν
790 706 926 776 ἐμὴν
953 705 1192 775 διδσχὴν,
1230 706 1323 758 τοῦ
1369 701 1679 776 Πατρδςεῖ-

109 805 217 844 ναι,
256 790 612 860 ὁμολογήσει·
649 796 741 846 καὶ
761 796 1057 865 ὁμολογῶν,
1092 798 1188 866 τὴν
1219 798 1490 865 σωτηρίαν
1515 799 1677 869 πορήΔ

108 895 285 931 σεται.
343 881 404 932 '0
443 882 580 949 παρ’
612 883 852 946 ἑαυτοῦ,
887 888 1045 957 φησὶ,
1074 887 1301 950 λαλῶν,
1333 887 1448 952 τὴν
1493 886 1683 950 δόξαν

107 969 226 1033 τὴν
278 969 439 1023 ἰδίαν
499 971 680 1037 ζητεῖ·
735 980 767 1030 ὀ
822 977 891 1030 δὲ
944 979 1130 1045 ζητῶν
1170 979 1284 1044 τὴν
1329 978 1517 1042 δόξαν
1576 978 1683 1031 τοῦ

103 1061 465 1128 πέμψαντος
494 1067 699 1131 αὐτὸν,
746 1065 925 1135 οὗτος
953 1070 1186 1139 ἀληθής
1214 1073 1404 1133 ἐστιν,
1435 1071 1533 1124 καί
1561 1071 1685 1124 ἀδι-

104 1152 210 1201 κία
245 1153 316 1204 ἐν
354 1153 515 1218 αὐτῷ
542 1158 652 1210 οὐκ
700 1159 851 1212 ἔστι.
890 1162 1000 1230 Τὴν
1029 1163 1250 1231 διδαχὴν
1280 1162 1386 1214 τῶν
1428 1163 1688 1233 Γραμμα-

104 1243 250 1294 τέων
313 1247 408 1298 καὶ
449 1247 753 1316 Φαρισαίων
791 1252 877 1304 διὰ
916 1252 1119 1306 τούτων
1162 1236 1473 1314 αἰνίττεταιξ
1519 1255 1689 1306 Ἐκεῖ-

104 1351 186 1384 ννλι
222 1336 334 1404 γὰρ
375 1338 468 1405 ἀφ’
499 1339 706 1393 ἑαυτῶν
750 1343 991 1408 ὲλάλςυν,
1018 1345 1325 1408 ἀδικοῦντες
1370 1345 1461 1398 τὸν
1492 1347 1653 1416 νόμον
1674 1363 1688 1376 ·

105 1424 206 1473 καὶ
244 1425 314 1477 τὰ
360 1427 461 1495 μὲν
509 1431 586 1492 είς
627 1431 759 1485 Θεὸν
806 1436 1156 1506 συμφέροντα
1202 1437 1591 1507 ἀφαιροῦντες·
1624 1439 1691 1492 τὰ

104 1513 162 1563 δὲ
198 1531 274 1564 πα
288 1515 334 1582 ρ’
365 1519 575 1571 ἑαυτῶν
617 1523 1024 1590 προστιθέντες,
1058 1527 1271 1579 ἀνοδίαν
1301 1525 1536 1596 βαδίζειν
1568 1531 1694 1590 τοὺς

104 1604 298 1665 αὐτοῖς
373 1609 674 1679 ἑπομένους
744 1614 1076 1683 ἠνάγκαζον,
1137 1617 1211 1681 ὦς
1267 1636 1398 1689 φησι
1445 1621 1514 1672 τὰ
1575 1621 1694 1674 θεῖα

108 1695 429 1762 Εὐαγγέλια
455 1717 467 1731 ·
520 1705 905 1773 Βαπτισμοὺς
937 1705 1190 1770 ξεστῶν,
1239 1710 1338 1763 καί
1375 1712 1694 1778 ποτηρίων,

1785 539 1889 582 tur.
1933 529 2007 582 Ea
2032 530 2301 598 siquidem
2331 529 2665 594 auferentes,
2702 547 2822 600 qua:
2852 531 2907 584 in
2964 531 3138 585 Deum
3185 530 3371 584 confe-

1785 619 1998 680 rcbant,
2031 636 2096 674 ac
2125 636 2220 674 sua
2255 620 2598 689 adjicientes,
2633 634 2731 688 per
2760 620 2916 674 devia
2948 635 3212 690 sequaces
3241 635 3372 675 suos

1788 713 2039 767 incedere
2086 713 2372 783 cogebant,
2451 711 2910 780 quemadmodum
2971 711 3160 766 dicunt
3220 727 3372 765 sacra

1787 804 2081 874 Evangelia
2117 822 2131 857 :
2168 803 2506 872 Baptismata
2544 802 2790 866 calicum,
2821 813 2868 855 et
2910 819 3207 869 urceorum,
3254 820 3376 855 ma-

1792 913 2054 964 nuumque
2079 895 2318 958 lotiones,
2352 895 2529 948 crebro
2557 897 2825 949 tradentes
2855 913 2875 959 ;
2902 910 3018 966 quae
3042 903 3220 947 autem
3248 902 3374 947 sunt

1791 989 2035 1057 gratiora
2069 987 2196 1059 legis
2223 987 2290 1051 ",
2343 988 2490 1041 velut
2520 1002 2630 1040 non
2672 995 2857 1041 essent
2889 987 3112 1056 scripta,
3157 995 3376 1054 praeter--

1794 1079 2078 1132 euntes“:
2134 1093 2332 1148 nempe
2368 1087 2575 1132 rectum
2625 1076 2916 1150 judicium,
2962 1091 3026 1129 ac
3075 1075 3378 1129 misericor-

1795 1168 1937 1222 diam
1969 1169 2024 1222 in
2057 1169 2333 1239 proximos
2365 1184 2380 1222 :
2407 1167 2776 1233 Quamobrem
2808 1166 2971 1221 etiam
3009 1182 3089 1220 vae
3132 1166 3263 1222 illud
3294 1173 3378 1219 to-

1799 1259 1900 1314 ties
1925 1275 2092 1330 super
2121 1259 2318 1314 talibus
2345 1259 2729 1328 iniquitatibus
2756 1257 3158 1328 ingeminatum
3184 1271 3374 1325 repor-

1799 1360 2001 1405 tarunt.
2043 1349 2127 1404 Vae
2143 1349 2287 1404 enim
2311 1351 2449 1404 vobis
2466 1349 2508 1380 ⁸⁷
2531 1368 2543 1404 :
2564 1364 2665 1404 nec
2684 1350 2734 1403 id
2754 1348 2943 1413 semel,
2961 1349 3057 1403 sed
3077 1356 3131 1402 et
3146 1347 3375 1416 saepius:

1810 1441 1900 1497 Va:
1917 1441 2114 1498 Scribte
2145 1452 2194 1495 et
2221 1441 2481 1496 Pharisaei
2498 1441 2782 1510 hypocrita:
2805 1439 2870 1504 ⁸⁸,
2894 1439 3070 1508 inquit
3096 1437 3373 1502 Salvator;

1802 1535 1890 1602 qui
1925 1534 2134 1585 irritum
2161 1533 2351 1602 fecistis
2378 1533 2692 1584 mandatum
2727 1531 2842 1594 Dei,
2880 1537 3093 1598 propter
3138 1527 3380 1580 traditio-

1805 1643 1919 1678 nem
1954 1633 2178 1677 vestram
2210 1625 2274 1676 ”.
2302 1623 2412 1677 Nec
2451 1623 2623 1676 solum
2651 1638 2780 1676 vero
2801 1621 2979 1676 facitis
3012 1620 3248 1681 irritum,
3285 1619 3378 1672 sed

1805 1726 1860 1771 et
1895 1715 2153 1785 injuriam
2203 1713 2403 1780 facitis,
2438 1713 2529 1783 qui
2559 1721 2754 1767 vestrae
2803 1711 3098 1766 voluntatis
3135 1710 3378 1772 inventa,

107 1787 443 1857 ἀπειρίῃ-εις
472 1809 536 1846 τε
575 1795 808 1863 χειρῶν,
851 1799 1187 1869 συμπυγμῇ
1230 1802 1696 1870 παραδιδόντες·

1806 1815 2058 1876 tanquam
2085 1820 2148 1858 ex
2175 1804 2295 1873 ipso
2323 1804 2698 1874 prmtendatis,
2730 1819 2794 1858 ac
2821 1803 3050 1863 faciatis,
3081 1810 3139 1856 ut
3159 1800 3381 1856 absonis

109 1879 216 1930 καὶ
269 1883 339 1933 τὰ
374 1884 677 1953 βαρύτερα
724 1888 830 1942 τοῦ
888 1891 1098 1958 νόμου,
1147 1891 1224 1954 ὡς
1273 1893 1408 1964 μηδὲ
1451 1911 1699 1964 γεγραμο

114 1972 281 2038 μένα,
338 1977 830 2047 παρατρέχοντες,
879 1983 977 2052 τήν
1008 1999 1068 2035 τε
1116 1984 1326 2038 εὐθεῖαν
1376 1986 1576 2057 κρίσιν,
1607 1987 1701 2040 καὶ

111 2065 174 2114 τὸ
210 2065 350 2135 πρὸς
381 2069 506 2133 τοὺς
554 2072 722 2135 πέλας
771 2073 939 2137 ἔλεος.
980 2075 1146 2129 Ὅθεν
1192 2078 1287 2131 καὶ
1333 2081 1395 2131 τὸ
1437 2079 1560 2132 οὐαὶ
1611 2080 1702 2132 ἐπὶ

110 2159 240 2219 ταῖς
287 2161 565 2225 τοιαύταις
609 2165 860 2232 ἀνομίαις
916 2167 1530 2240 πολλαπλασιαζόμενον
1583 2174 1705 2224 ἑκο-

116 2249 376 2318 μίσαντο.
427 2256 570 2308 Οὐαὶ
598 2257 707 2326 γὰρ
746 2257 889 2326 ὑμῖν
929 2259 1010 2330 (ού
1052 2262 1213 2331 μόνον
1255 2262 1422 2327 ἅπαξ.
1450 2263 1583 2317 ἀλλά
1610 2265 1704 2317 καὶ

114 2340 427 2407 πολλάκις),
458 2347 635 2410 τοῦτο,
671 2351 1034 2420 Γραμματεῒ(
1083 2355 1177 2408 καί
1209 2357 1516 2424 Φαρισαῖοι
1558 2359 1704 2411 ὐπο-

116 2436 340 2498 κριταὶ,
374 2440 539 2507 φησὶν
568 2443 594 2494 ὁ
621 2443 812 2514 Σωτήρ
833 2461 847 2476 ·
882 2446 971 2498 ὅτι
1018 2446 1276 2500 ἀθετεῖτε
1305 2447 1419 2516 τὴν
1445 2449 1705 2517 ἐντολὴν

115 2526 229 2578 τοῦ
282 2530 450 2595 Θεοῦ,
497 2532 595 2586 διὰ
641 2535 756 2602 τὴν
805 2538 1144 2604 παράδοσιν
1193 2539 1379 2608 ὑμῶν.
1431 2542 1505 2594 Ού
1547 2542 1704 2610 μόνον

118 2617 232 2684 γὰρ
263 2617 526 2672 ἀθετεῖτε·
571 2623 705 2676 ἀλλά
745 2628 837 2677 καὶ
867 2626 1100 2680 ἀδικεῖτε
1132 2629 1322 2699 αὐτὴν,
1371 2630 1438 2683 τά
1485 2631 1703 2684 οἰκείων

121 2706 474 2777 θελημάτων.
520 2713 597 2776 ὡς
648 2715 705 2781 ἐξ
745 2718 912 2788 αὐτῆς
945 2719 1360 2789 προϊσχόμενοι·
1413 2722 1505 2774 καὶ
1536 2721 1702 2790 βλασ-

123 2799 428 2866 φημείσθαι
491 2803 591 2873 τὴν
645 2804 794 2858 θείαν
846 2807 1238 2878 θεσμοθεσίαν,
1294 2813 1411 2874 ταῖς
1484 2812 1706 2875 ἀτόποις

124 2893 567 2960 παραποιήσεσιν
619 2897 770 2967 ὑμῶν
815 2900 910 2952 καὶ
962 2902 1317 2969 προσθήκαις,
1355 2904 1706 2972 παρασκευά-

126 2982 272 3043 ζετε.
326 2985 497 3039 Τοῦτο
543 2987 599 3040 δὲ
642 2992 774 3044 αὐτὸ
817 2993 910 3046 καὶ
952 2994 1112 3064 μέχρι
1139 2996 1379 3066 τήμερον
1442 2997 1708 3066 πράττου-

129 3089 233 3133 σιν,
269 3075 320 3126 οἱ
349 3076 445 3146 τὴν
516 3079 810 3153 Ἰουδαῖκὴν
861 3084 1272 3154 ἀγνωμοσύνην,
1319 3086 1415 3139 καὶ
1463 3089 1592 3157 περὶ
1639 3089 1707 3140 τὰ

129 3163 247 3217 θεῖα
311 3171 712 3242 καταφρόνησιν
779 3175 1176 3246 ἐκμιμούμενοι
1235 3176 1346 3230 τῶν
1415 3178 1706 3248 αίρετικῶν

131 3257 355 3322 παῖδες,
411 3260 442 3331 ἢ
507 3265 944 3330 παραποιοῦντες
992 3270 1086 3320 καὶ
1136 3268 1444 3332 νοθεύοντες
1488 3271 1554 3324 τὰ
1601 3271 1710 3323 τῶν

132 3345 410 3416 θεοφόρων
452 3353 784 3410 διδασκάλων
817 3359 1095 3428 δόγματα·
1150 3360 1205 3430 ἦ,
1247 3361 1307 3412 τὸ
1350 3361 1541 3414 τούτου
1576 3363 1708 3430 πρὸς

131 3439 412 3508 ἁμαρτίαν
465 3445 566 3496 οὐκ
608 3445 848 3510 ἔλαττον,
898 3448 1108 3518 ψευδῶς
1147 3450 1215 3503 τά
1261 3450 1370 3502 τῶν
1418 3451 1708 3521 αἱρετικῶν

133 3532 246 3592 τοῖς
282 3533 454 3600 ἁγίοις
504 3538 784 3607 Πατράσιν
833 3543 1278 3611 ἐπιφημίζοντες,
1332 3545 1444 3604 τοῖς
1483 3541 1708 3595 ἐκείνων

139 3623 429 3696 μοχθηροῖς
461 3630 554 3682 καὶ
591 3631 874 3686 δυσσεϐέσι
925 3634 1342 3705 συγγράμμασι,
1373 3635 1473 3699 τὰς
1521 3635 1699 3689 αὐτῶν

1801 1893 2068 1964 ejusmodi
2109 1891 2602 1946 adulterationibus
2651 1905 2714 1944 ac
2748 1889 3152 1953 additamentis,
3195 1888 3377 1943 divina

1801 1983 1885 2037 lex
1906 1982 2335 2051 blasphemelur.
2392 1978 2700 2049 Hocipsum
2730 1985 2912 2032 autem
2936 1977 3233 2030 etiamnum
3267 1974 3378 2028 hae-

1803 2073 1956 2128 retici
1988 2072 2218 2134 faciunt,
2242 2071 2333 2141 qui
2356 2071 2672 2126 Judaaorum
2701 2069 3106 2139 improbitatem
3139 2082 3203 2122 ac
3244 2067 3372 2121 divi-

1803 2181 1997 2220 norum
2022 2172 2393 2234 contemptum
2422 2161 2867 2224 aemulantes,vel
2905 2160 3100 2216 falsent
3131 2175 3196 2215 ac
3224 2160 3380 2214 adul-

1805 2265 1980 2312 terent
2011 2257 2343 2312 deiferorum
2377 2256 2669 2311 Doctorum
2700 2254 3000 2310 sententias
3040 2270 3054 2319 ;
3097 2253 3205 2318 vel,
3236 2252 3379 2322 quod

1803 2351 1939 2406 nihil
1967 2351 2149 2405 minus
2180 2349 2468 2404 scelestum
2509 2357 2612 2413 est,
2659 2363 2780 2418 qua:
2805 2355 2931 2401 sunt
2978 2345 3378 2404 haereticorum.

1805 2443 1941 2498 falso
1967 2451 2283 2497 sanctorum
2313 2441 2536 2496 Patrum
2569 2439 2794 2494 nomine
2844 2438 3145 2508 publicent,
3181 2452 3246 2490 ac
3281 2452 3378 2489 eo-

1804 2549 1925 2587 rum
1957 2532 2139 2602 pravis
2183 2547 2247 2586 ac
2297 2531 2484 2600 impiis
2510 2531 2749 2601 scriptis,
2802 2530 3018 2583 illorum
3072 2528 3380 2582 veneranda

1805 2624 2032 2678 nomina
2077 2624 2371 2678 oblinunt:
2411 2623 2686 2693 impiaquc
2733 2622 3052 2692 Apollinarii
3107 2622 3379 2692 dogmata,

1805 2718 1968 2771 modo
1998 2717 2219 2786 quidem
2244 2717 2430 2772 divino
2457 2715 2780 2782 Athanasio,
2837 2715 2998 2770 modo
3024 2723 3204 2770 autem
3241 2714 3382 2769 Julio

1806 2808 2007 2864 veteris
2036 2806 2222 2862 Romae
2248 2809 2524 2878 episcopo,
2547 2817 2641 2862 aut
2667 2806 2928 2877 Gregorio
2954 2803 3381 2876 Thaumaturgo,

1806 2902 1891 2956 vel
1912 2900 2143 2971 cuipiam
2163 2900 2252 2954 alii
2275 2900 2502 2969 probato
2523 2898 2666 2953 Patri
2690 2899 3020 2953 inscribant:
3037 2900 3247 2968 aliaque
3263 2898 3383 2952 aliis

1809 2994 2201 3063 tribuant,qua:
2225 2998 2353 3045 sunt
2385 2990 3150 3056 orthodoxorum,hmreticis;
3183 3001 3239 3044 et
3263 3006 3384 3059 quae

1812 3084 2216 3149 haereticorum,
2249 3083 2591 3138 orthodoxis.
2632 3082 2811 3148 Quare
2833 3092 2888 3137 et
2906 3081 3008 3153 ipsi
3047 3099 3127 3140 vae
3168 3081 3296 3135 illud
3329 3081 3382 3134 in

1809 3191 1966 3229 suum
1981 3181 2142 3244 caput
2158 3181 2463 3238 accersunt,
2477 3173 2568 3242 qui
2588 3172 2835 3242 proximo
2852 3171 3146 3242 propinent
3160 3171 3385 3225 subver-

1809 3269 2017 3320 sionem
2037 3263 2328 3326 turbidam,
2349 3261 2600 3328 dicendo,
2629 3262 2790 3317 Dulce
2825 3279 3093 3326 amarum,
3111 3271 3167 3316 et
3201 3276 3231 3315 e
3252 3275 3385 3313 con-

1807 3370 1992 3409 verso:
2013 3353 2114 3419 Qui
2134 3363 2330 3424 ponunt
2356 3355 2592 3407 tenebras
2605 3353 2792 3418 lucem,
2813 3363 2860 3408 et
2879 3353 3044 3407 lucem
3064 3353 3301 3407 tenebras
3318 3350 3384 3402 '°.

1814 3448 2008 3504 Verum
2044 3463 2282 3503 amaram
2341 3445 2650 3500 Scribarum
2693 3454 2748 3500 ct
2789 3446 3205 3510 Pbarisaorum,
3257 3444 3385 3515 quin

1807 3551 1862 3597 et
1885 3544 2264 3597 haereticorum
2296 3540 2718 3609 obliquationem
2745 3554 2809 3593 ac
2831 3538 3284 3594 adulterationem
3309 3550 3389 3590 re-

1809 3633 2139 3703 linquentes.
2192 3633 2257 3687 ad
2290 3633 2586 3686 salutarem
2650 3631 2956 3685 doctrinam
3015 3643 3384 3685 recurramus.

135 3717 319 3783 τιμίας
346 3723 716 3791 προσηγορίας
749 3724 1090 3795 χραίνοντες·
1134 3729 1228 3779 καὶ
1261 3728 1326 3780 τὰ
1358 3729 1455 3798 μὲν
1495 3727 1873 3798 Ἀπολινσρίου
1916 3725 2009 3779 τοῦ
2043 3725 2352 3788 δυσσεϐοῦς,
2400 3723 2529 3776 ποτὲ
2593 3723 2693 3790 μὲν
2746 3721 3047 3792 Ἀθανασίῳ
3106 3719 3184 3789 τῷ
3223 3718 3385 3790 θείῳ’

136 3805 270 3859 ποτὲ
335 3807 425 3869 δὲ,
499 3811 699 3882 Ἰουλίῳ
749 3815 824 3884 τῷ
879 3815 979 3884 τῆς
1036 3816 1410 3886 πρεσϐυτέρας
1479 3817 1698 3888 Ῥώμης
1772 3816 2053 3886 προέδρῳ·
2105 3815 2138 3886 ἢ
2189 3815 2476 3886 Γρηγορίῳ
2502 3815 2577 3884 τῷ
2606 3813 3265 3884 Θαυματουργῷ,ἢᾶλλῳ
3285 3812 3391 3864 τινὶ

137 3898 246 3949 τῶν
275 3898 545 3970 ὲγκρίτων
577 3905 832 3976 Πατέρων
865 3909 1290 3978 ἐπιγράφοντες·
1319 3910 1412 3964 καὶ
1432 3911 1565 3964 ἄλλα
1582 3910 1781 3973 ἄλλοις,
1810 3909 2104 3981 ὀρθοδόξων
2147 3909 2246 3978 μὲν
2282 3909 2609 3978 αἱρετικοῖς·
2642 3904 2932 3976 αἱρετικῶν
2982 3905 3026 3958 δ’
3067 3902 3392 3974 ὀρθοδόξοις.

141 3987 301 4042 Ὅθεν
347 3995 440 4046 καὶ
471 3996 623 4048 αὐτοὶ
671 3996 732 4048 τὸ
794 3997 914 4050 οὐαὶ
973 4000 1058 4064 ἐφ’
1103 4001 1331 4060 ἑαυτοὺς
1371 4000 1623 4053 ἕλκουσι·

1705 4000 2016 4064 ποτίζοντες
2087 3999 2213 4061 τοὺς
2258 3997 2485 4068 πλησίον
2532 3994 2842 4065 ἀνατροπὴν
2890 3993 3138 4064 θολερὰν,
3196 3995 3259 4045 ἐκ
3298 3991 3392 4045 τοῦ

139 4085 351 4152 λέγειν·
403 4091 626 4155 Πικρὸν
658 4092 872 4159 γλυκὺ,
920 4093 1015 4146 καὶ
1061 4094 1408 4146 τούναντίον·
1444 4093 1710 4158 τιθέντες
1783 4093 1850 4146 τὸ
1884 4093 2107 4158 σκότος
2151 4093 2238 4156 είς
2276 4089 2426 4159 φῶς,
2472 4088 2573 4141 καί
2612 4088 2679 4141 τὸ
2740 4086 2865 4158 φῶς
2908 4089 3150 4150 σκότος.

3233 4083 3395 4137 Ἀλλά

138 4178 238 4249 τὴν
284 4181 486 4250 πικρὰν
519 4181 626 4234 τῶν
651 4182 1029 4253 Γραμματέων
1055 4185 1148 4237 καὶ
1174 4186 1481 4255 Φαρισαὶμν
1502 4227 1516 4249 ,
1551 4186 1612 4238 οὐ
1639 4186 1744 4256 μὴν
1782 4185 1917 4237 ἀλλά
1952 4184 2044 4237 καὶ
2072 4181 2364 4253 αἱρετικῶν
2398 4179 2778 4250 παρεξήγησιν
2802 4177 2896 4231 καὶ
2953 4175 3169 4230 νοθείαν
3230 4191 3397 4227 κατα-

139 4274 406 4336 λιπόντες.
459 4274 596 4344 πρὸς
637 4275 734 4345 τὴν
776 4277 1041 4347 σωτήριον
1081 4276 1429 4332 διδασκαλίαν
1477 4277 1968 4348 ὲπαναδράμωμεν.

212 4365 374 4432 Λέγει
433 4364 541 4435 γὰρ
590 4365 725 4433 πρὸς
771 4365 897 4429 τοὺς
958 4367 1244 4432 Ἰουδαίους
1282 4372 1310 4422 δ
1353 4369 1590 4438 Κύριος·
1631 4371 1702 4422 οἰ

1891 4369 1979 4422 Ait
2001 4365 2265 4435 siquidem
2282 4363 2485 4419 ludatis
2512 4361 2774 4416 Dominus
2795 4378 2808 4413 :
2838 4359 3025 4414 Nonne
3039 4358 3236 4429 Moyses
3253 4359 3395 4412 dedit

139 4456 403 4525 Μωῦσῆς
431 4456 689 4510 δέδωκεν
715 4457 855 4526 ὑμῖν·
886 4459 994 4512 τὸν
1022 4461 1208 4530 νόμον
1225 4477 1246 4525 ;
1275 4463 1372 4515 καί
1418 4461 1618 4526 οὐδεὶς
1646 4461 1715 4526 ἐξ

142 4547 308 4616 ὑμῶν
353 4548 642 4601 ποιεῖτον
683 4549 892 4617 νόμον.
936 4552 1065 4605 Ἰδοὺ
1118 4553 1303 4620 σαφῶς
1352 4553 1437 4606 διὰ
1487 4553 1714 4616 τούτων,

137 4636 310 4704 γνῶθι
357 4638 770 4708 ἀκριϐέστερον,
803 4641 1078 4712 ἀγαπητὲ,
1104 4643 1185 4695 ὃτι
1231 4644 1416 4708 καθὼς
1459 4645 1714 4715 ἀνωτέρω

141 4728 376 4797 ἔφημεν,
411 4729 474 4779 ἐκ
504 4729 744 4799 νομικῶν
789 4731 882 4784 καὶ
929 4733 1284 4802 προφητικῶν
1319 4736 1417 4805 τὴν
1457 4736 1715 4789 διδασκα-

139 4821 260 4874 λίαν
297 4823 325 4872 ὁ
371 4823 574 4890 Κύριος
623 4823 758 4895 πρὸς
792 4827 917 4887 τοὺς
983 4826 1269 4889 Ἰουδαίους
1326 4831 1580 4891 ἐποιεῖτο,
1628 4831 1715 4882 ὅτε

139 4916 339 4964 ἐκεῖνοι
379 4915 455 4980 τί)
486 4913 665 4981 φθόνῳ
698 4914 1043 4983 κεντούμενοι
1075 4915 1310 4984 ἔφασκον
1336 4934 1350 4949 ·
1385 4917 1514 4983 Πῶς
1540 4915 1718 4985 οὗτος

139 5004 470 5071 ῃράμιιατα,
501 5003 586 5071 μὴ
609 5005 983 5072 μεμαθηκὼς,
1010 5005 1174 5067 οἷδεξ
1215 5008 1438 5076 Τρανῶς
1479 5010 1585 5077 γὰρ
1626 5010 1720 5062 νῦν

139 5094 308 5147 αὐτοῦ
337 5093 430 5149 τοῦ
461 5093 626 5161 νόμου
671 5095 763 5146 καὶ
790 5094 884 5147 τοῦ
914 5095 1201 5158 δεδωκότος
1240 5097 1482 5160 Μωσέως
1523 5098 1714 5167 ὑπομι-

142 5189 400 5255 μνήσκει.
454 5189 634 5239 πᾶσαν
663 5188 846 5250 αὐτοῖς
894 5188 1198 5242 ἀποκλείων
1240 5188 1488 5241 ἐντεῦθεν
1528 5191 1721 5244 ἀπολο-

139 5281 290 5346 γίαν.
340 5274 495 5342 Εἶτα,
544 5280 636 5332 καὶ
688 5281 778 5333 τὸν
829 5282 1211 5350 κεκρυμμένον
1263 5283 1357 5333 καὶ
1417 5281 1563 5334 ἔνδον
1618 5301 1718 5352 μυ-

140 5372 360 5442 χοῦντα,
375 5375 441 5442 τῇ
470 5367 928 5442 μιαιφὸνιραύτςῖλν
949 5373 1145 5443 καρδία
1156 5374 1303 5426 δόλον
1321 5374 1721 5439 ἀποκαλύπτει,

143 5465 353 5533 φήσας·
384 5465 442 5517 Τί
466 5482 541 5534 με
580 5463 801 5529 ζητεῖτε
828 5464 1169 5518 ἀποκτεῖναι
1189 5481 1206 5526 ;
1226 5466 1286 5517 Oi
1311 5465 1364 5516 δὲ
1389 5465 1686 5537 πάντολμοι
1710 5511 1723 5533 ,

143 5557 243 5609 καὶ
274 5555 372 5625 τῆς
408 5557 751 5627 παρανομίας
789 5556 1095 5625 σύντροφοι,
1127 5556 1244 5609 δέον
1279 5556 1348 5609 τὰ
1378 5560 1596 5627 κρυπτὰ
1628 5564 1725 5632 τῆς

219 5670 264 5699 ⁸⁸
293 5668 455 5721 Marc.
509 5685 604 5730 vn,
645 5669 677 5723 8
778 5668 821 5699 “
852 5668 1042 5722 Matth.
1075 5687 1225 5732 χχιιι,
1266 5669 1354 5724 25.
1436 5671 1480 5701 ⁸⁷
1523 5673 1651 5729 ibid.

149 5742 191 5771 '-"
231 5739 385 5792 Jaan.
415 5755 506 5803 vn,
535 5738 616 5792 l9.
693 5741 736 5770 7'
772 5738 912 5791 Psnl.
943 5755 1035 5798 vn,
1077 5741 1156 5792 l0.

1752 5677 1794 5707 ελ
1832 5674 2023 5728 Matth.
2049 5689 2154 5732 xu,
2189 5672 2272 5726 16.

1822 4459 1963 4513 vobis
1987 4458 2151 4528 legem
2180 4457 2204 4510 ?
2229 4467 2277 4510 et
2305 4472 2453 4509 nemo
2485 4471 2547 4508 ea:
2582 4453 2720 4510 vobis
2751 4453 2878 4523 facit
2902 4451 3067 4521 legem
3096 4452 3162 4503 '“.
3196 4449 3298 4514 En,
3321 4450 3400 4503 di-

1823 4551 1982 4611 lecte,
2006 4550 2152 4604 unde
2192 4547 2503 4604 accuratius
2548 4545 2788 4608 noveris,
2825 4552 2888 4598 ut
2935 4541 3396 4612 quemadmodum

1823 4641 2080 4711 superius
2108 4640 2367 4702 diximus,
2411 4647 2542 4692 tunc
2581 4653 2736 4691 suam
2769 4634 3034 4690 Dominus
3062 4633 3128 4688 ad
3181 4631 3399 4688 Judazos

1823 4729 2131 4785 doctrinam
2174 4743 2240 4782 ex
2278 4727 2541 4797 legalibus
2593 4740 2658 4779 ac
2691 4721 3028 4794 propheticis
3066 4719 3398 4778 institueret.

1824 4834 1948 4874 cum
1981 4818 2055 4871 illi
2087 4817 2402 4871 stimulante
2434 4813 2659 4876 invidia,
2699 4813 2953 4867 dixerunt
2988 4829 3000 4864 :
3029 4809 3298 4875 Quomodo
3321 4809 3404 4860 hic

1825 4913 1920 4966 scit
1946 4910 2173 4971 litteras,
2226 4924 2345 4961 cum
2387 4923 2488 4959 non
2544 4904 2844 4958 didicerit?
2882 4901 3176 4970 Perspicua
3229 4899 3400 4954 enim.

1828 5019 1951 5058 cum
1995 5001 2131 5070 legis
2153 4999 2423 5061 meminit,
2448 5007 2562 5050 tum
2624 4995 2786 5049 Mosis
2812 4991 3153 5064 legislatoris,
3186 5005 3404 5042 onmem

1830 5095 1910 5150 eis
1942 5093 2069 5147 inde
2099 5091 2507 5146 excusationem
2544 5085 2858 5141 excludens.
2888 5083 3096 5136 Deinde
3122 5080 3286 5134 etiam
3309 5094 3404 5133 oc-

1829 5186 2058 5247 cultum,
2097 5196 2379 5252 pronoque
2409 5180 2462 5233 in
2487 5179 2663 5233 caedes
2697 5191 2887 5230 eorum
2916 5173 3075 5228 corde
3103 5171 3404 5225 latitantem

1829 5278 2036 5339 dolum,
2059 5277 2281 5345 detegit,
2304 5275 2490 5329 dicens
2514 5289 2528 5324 :
2551 5269 2689 5335 Quid
2713 5284 2793 5321 me
2819 5266 3055 5338 quaeritis
3071 5261 3405 5330 interﬁcere?

1831 5371 2034 5426 Verum
2066 5367 2417 5424 audacissimi
2447 5365 2720 5426 homines,
2745 5373 2809 5415 ac
2848 5356 3149 5428 iniquitatis
3176 5354 3404 5418 alumni,

1835 5479 1958 5518 cum
1993 5463 2280 5517 audientes
2303 5469 2512 5516 secreta
2541 5457 2740 5519 cordis,
2762 5453 2928 5506 Deum
2952 5462 3167 5521 quoque
3185 5445 3406 5500 debuis-

1834 5567 1954 5614 sent
2001 5571 2314 5627 agnoscere,
2362 5554 2454 5623 qui
2496 5555 2658 5608 corda
2693 5561 2748 5607 et
2783 5561 2943 5605 renes
2988 5548 3261 5598 scrutatur
3299 5539 3343 5570 τ’
3392 5557 3402 5592 :

2373 5673 2416 5703 σε
2454 5669 2616 5724 Marc.
2673 5683 2768 5731 vn,
2835 5665 2886 5718 9.
2994 5660 3036 5692 "
3091 5655 3190 5708 '58-
3237 5651 3411 5715 ννεθι
