4118 6432
154 390 281 456 1601

1256 392 1511 455 SERMO
1560 393 1855 455 CONTRA
1907 396 2233 458 JUDJSOS.

3259 404 3278 467 i
3289 407 3394 473 602

145 503 243 570 τὴν
275 501 508 572 στοργὴν
543 500 701 570 ἡμῶν
733 501 832 568 τῆς
866 501 1080 568 φύσεως
1108 503 1206 573 τὴν
1240 504 1376 574 πρὸς
1405 506 1601 568 αὐτοὺς
1630 504 1717 557 διὰ

1822 507 2126 575 exquiritur
2154 509 2206 562 in
2236 510 2382 564 omni
2411 511 2757 579 salutatione,
2789 525 2844 570 et
2875 517 3020 571 omni
3053 517 3388 574 adoratioue.

145 593 237 645 τοῦ
269 593 574 664 φιλήματος
598 593 1004 663 ἑνδεικνύμεθα.
1056 595 1143 658 Ὠς
1185 596 1316 663 γοῦν
1350 597 1609 658 πολλάκις
1639 592 1716 648 εἰ·

1825 594 1994 650 Pnrro
2041 598 2084 651 si
2117 614 2201 654 me
2241 615 2464 655 accusas
2491 604 2634 671 quod
2669 606 2821 674 quasi
2865 605 3151 662 Dominum
3187 609 3390 679 lignum

139 702 266 749 πον,
293 686 321 737 ό
349 683 549 748 σκοπὸς
574 683 885 751 ἐξετάζεται
914 686 1006 738 ἐπὶ
1050 686 1251 750 παντὸς
1280 687 1597 757 ἀσπασμοῦ,
1624 686 1717 740 καὶ

1826 686 2046 742 adorem
2092 691 2290 753 crucis,
2331 708 2498 761 quare
2531 710 2641 750 non
2684 697 3032 754 calumniaris
3072 699 3260 762 Jacnb,
3297 701 3392 769 qui

139 777 236 829 ὶπί
268 779 448 846 πάσης
500 778 944 847 προσκυνήσεως.
982 778 1148 837 Εἰ,δὲ
1181 777 1434 845 ἐγκαλεῖς
1481 794 1591 847 μοι,
1638 778 1717 830 ὅτι

1827 778 2072 835 adoravit
2104 798 2269 852 super
2318 786 2690 841 summitatem
2739 789 2903 859 virgae
2944 790 3253 860 Ioseph"?

135 868 215 929 ὡς
248 865 381 918 Θεὸν
408 868 699 936 προσκυνῶ
728 866 790 919 τὸ
819 866 976 932 ξύλον
1005 867 1098 921 τού
1132 867 1389 938 σταυροῦ,
1424 868 1512 922 διὰ
1537 868 1589 922 τί
1618 868 1717 920 οὐκ
1754 866 2006 935 ὲγκαλετς
2038 873 2117 944 τῷ
2168 875 2364 930 Ἰακὼῦ
2389 881 2825 950 προσκυνήσαντι
2847 883 2940 934 ἐπὶ
2963 881 3024 935 τὸ
3068 881 3236 954 ἄκρον
3293 886 3393 954 τῆς

140 959 344 1029 ράὃδου
373 957 469 1010 τοῦ
505 959 701 1028 Ἰωσήφ
721 974 736 1023 ;

223 1053 386 1107 ’Δλλά
421 1053 707 1125 πρόδηλον,
734 1054 816 1106 ὅτι
845 1054 906 1106 ού
936 1054 998 1106 rh
1024 1053 1181 1120 ξύλον
1215 1053 1340 1108 ἰδὼν
1369 1053 1710 1125 προσεκύνη-

134 1163 252 1207 σεν,
285 1145 422 1197 ἀλλὰ
443 1144 531 1198 διὰ
559 1143 653 1197 τοῦ
677 1143 833 1208 ξύλου
855 1144 944 1196 τὸν
979 1144 1198 1215 Ἰωσὴφ,
1221 1144 1411 1215 ῶσπερ
1439 1145 1534 1198 καὶ
1553 1144 1713 1213 ἡμεῖς

132 1238 226 1290 διὰ
254 1235 347 1289 τοῦ
383 1233 620 1306 σταυροῦ
657 1235 749 1288 τὸν
779 1234 1033 1304 Χριστόν.
1081 1235 1234 1287 Ἐπεὶ
1270 1235 1363 1288 καὶ
1391 1237 1504 1310 τοῖς
1530 1233 1715 1304 πωλή-

133 1346 268 1384 οασι
298 1328 389 1380 τὸν
406 1329 576 1394 τάφον
597 1325 848 1379 άσεόέσιν
877 1325 1184 1396 ἀνθρώποις
1210 1328 1238 1380 ὀ
1266 1324 1526 1395 ,Ἄδραὰμ
1545 1341 1713 1395 προσ-

130 1421 391 1491 εκύνησε,
445 1419 538 1472 καὶ
586 1419 716 1488 γόνυ
751 1417 998 1488 ἔκαμψεν
1034 1419 1126 1472 ἐπὶ
1165 1417 1261 1489 τὴν
1293 1419 1431 1487 γῆν·
1465 1417 1579 1471 ἀλλ’
1612 1417 1711 1486 οὐχ

129 1516 210 1576 ὡς
246 1513 404 1573 Θεοὺς
435 1511 633 1573 αὐτοὺς
658 1508 1056 1581 προσεκύνησε.
1104 1510 1213 1562 Καὶ
1246 1509 1410 1563 πάλιν
1447 1511 1477 1563 ό
1520 1508 1710 1563 Ἰακὼό

128 1606 225 1658 τὸν
255 1603 457 1673 Φαραὼ
488 1601 781 1671 εὐλόγησεν
803 1600 978 1670 ἀσεδῆ
1005 1602 1099 1654 καὶ
1137 1600 1531 1670 εἰδωλολάτρην
1554 1600 1706 1663 ὄντα,

128 1694 252 1746 ἀλλ’
285 1694 382 1764 οὐχ
421 1693 497 1756 ὡς
538 1691 671 1744 Θεὸν
708 1692 874 1744 αὑτὸν
919 1691 1202 1761 εὐλόγησε.
1248 1688 1358 1745 Καὶ
1410 1692 1572 1745 πάλιν
1617 1692 1722 1745 τὸν

144 1785 326 1838 Ἦσαῦ
367 1783 549 1837 πεσὼν
577 1782 1004 1853 προσεκύνησεν,
1035 1782 1151 1835 ἀλλ’
1195 1783 1292 1851 οὐχ
1319 1782 1395 1844 ὡς
1425 1782 1578 1837 Θεόν.
1615 1779 1709 1835 Εἶ-

127 1875 222 1937 δες
259 1876 459 1937 πόσους
491 1874 818 1943 ἀσπασμοὺς
860 1873 952 1927 καὶ
995 1874 1394 1944 προσκυνήσεις
1420 1873 1709 1938 ἀπεδείξαο

1894 1050 2000 1106 Sed
2027 1053 2371 1109 manifestum
2387 1065 2491 1121 est,
2507 1056 2630 1125 quia
2645 1072 2753 1112 non
2769 1058 2971 1127 lignum
2991 1058 3181 1114 videns
3196 1060 3392 1114 adora-

1818 1143 1916 1206 vit,
1936 1143 2030 1198 sed
2049 1160 2145 1213 per
2160 1145 2367 1216 lignum
2385 1147 2566 1216 virgae,
2595 1147 2797 1218 Ioseph
2820 1166 2834 1214 ;
2859 1151 3314 1220 quemadmodum
3335 1161 3389 1206 et

1818 1247 1920 1288 nos
1953 1250 2052 1303 per
2081 1250 2323 1298 crucem,
2344 1237 2646 1293 Christum.
2675 1238 2809 1293 Nam
2836 1249 2892 1294 et
2916 1240 3110 1310 impios
3145 1241 3391 1296 homines

1818 1324 1908 1392 qui
1938 1325 2300 1381 vendiderunt
2329 1329 2660 1397 sepulcrum,
2685 1329 2957 1385 Abraham
2985 1332 3231 1386 adoravit
3267 1333 3305 1397 ',
3333 1342 3390 1387 et

1819 1405 1961 1493 genu
1981 1418 2226 1472 curvavit
2248 1433 2412 1487 super
2432 1408 2628 1474 terram
2652 1436 2666 1484 ;
2683 1421 2774 1475 sed
2800 1437 2907 1475 non
2927 1429 2986 1475 ut
3010 1422 3140 1476 deos
3155 1437 3248 1477 eos
3267 1423 3394 1477 ado-

1785 1507 1976 1593 .ravit.
2010 1506 2077 1562 Et
2115 1523 2305 1562 rursus
2333 1504 2796 1593 Jacob'Pharaoni
2837 1512 3113 1566 benedixit
3141 1512 3306 1582 impio
3337 1523 3392 1568 et

1817 1598 2134 1674 idololatrae,
2165 1601 2258 1654 sed
2278 1616 2386 1655 non
2410 1609 2469 1656 ut
2489 1590 2688 1657 Deo'illi
2710 1602 2985 1657 benedixit
3009 1605 3047 1657 ⁸.
3083 1603 3150 1658 Ει
3173 1604 3388 1666 iterum.

1785 1674 2489 1757 -Esau‘h'cadens_adoravit,
2542 1693 2636 1748 sed
2672 1708 2781 1747 non
2829 1702 2889 1749 ut
2921 1694 3091 1748 Deum
3122 1696 3163 1748 ³.
3200 1693 3389 1749 Vidisti

1814 1789 1949 1851 quot
1996 1783 2350 1838 salutationes
2397 1792 2453 1838 et
2494 1784 2842 1839 adorationes
2892 1784 3391 1841 demonstravimus

1815 1871 1914 1927 tibi
1947 1887 2023 1947 ex
2073 1872 2387 1943 Scripturis,
2414 1889 2524 1928 non
2552 1874 2817 1929 habentes
2859 1876 3392 1945 reprehensionem?

133 1969 241 2033 μέν
267 1983 351 2018 σοι
377 1963 678 2035 Γραφικὰς,
710 1963 809 2016 καὶ
835 1963 908 2034 μὴ
933 1963 1162 2034 ἐχούσας
1187 1964 1573 2032 κατάγνωσινς
1599 1965 1710 2019 Καὶ

1816 1962 1883 2018 Et
1906 1973 1960 2018 tu
1977 1963 2200 2034 quidem
2232 1964 2518 2034 conjugem
2552 1972 2696 2022 tuam
2731 1956 2978 2022 fortassis
2992 1977 3049 2022 et
3064 1967 3387 2038 impudicam

131 2060 200 2112 σὺ
233 2059 334 2130 μὲν
357 2059 457 2128 τὴν
486 2059 584 2128 σὴν
615 2056 864 2128 σύμὸιον,
901 2057 1032 2121 ίσως
1048 2058 1142 2111 καὶ⁵
1164 2058 1399 2128 ἄσεμνον
1421 2047 1589 2113 οὖσαν
1619 2059 1714 2114 καὶ

130 2150 394 2221 ἐμπαθῆ,
429 2150 554 2203 καθ’
583 2150 821 2220 ἑκάστην
838 2148 1312 2220 άσπαζόμενος,οὑ
1337 2152 1714 2219 καταγνωστὸς

131 2242 221 2297 εἷ·
261 2245 466 2314 καίπερ
487 2243 724 2313 οὐδαμοῦ
753 2260 837 2296 σοι
877 2241 972 2296 τοῦ
1014 2242 1150 2296 Θεοῦ
1191 2244 1504 2312 σωματικὸν
1527 2245 1715 2299 ἀσπα-

133 2335 279 2404 σμδν
313 2335 571 2405 γυναικὸς
587 2332 985 2408 ,ἐντειλαμένου
999 2345 1020 2362 ··
1079 2333 1181 2404 εμὲ
1224 2333 1283 2387 δὲ
1314 2334 1454 2386 ἐπάν
1496 2334 1610 2407 ἴδῃς
1639 2336 1716 2408 εἰ·

133 2393 276 2480 κόνα
305 2393 398 2480 τοῦ
430 2393 686 2496 Χριστοῦ,
713 2393 876 2496 ἦςτῆς
907 2393 1251 2496 παναμῶμου
1279 2426 1444 2480 αὐτοῦ
1468 2393 1711 2498 Μτίτρδς,

134 2520 167 2589 ἦ
207 2519 370 2573 ἄλλου
404 2519 548 2581 τινὸς
573 2512 784 2571 δικαίου
809 2505 1213 2596 ἄοδπαζόμενον,
1236 2519 1589 2596 ἀγανακτεῖς,
1620 2520 1715 2573 καὶ

137 2609 347 2671 εὐθέως
409 2607 746 2679 βλασφημῶν
799 2589 1107 2678 άποπηδᾷς,
1177 2609 1271 2662 καί
1321 2589 1716 2688 εἰδῖυλολάτρας

135 2702 288 2771 ἡμᾶς
310 2700 624 2764 ἀποκαλεῖς.
647 2696 779 2753 Εἶτα
795 2699 894 2752 οὑκ
909 2700 1163 2771 αἰσχύνῃ,
1185 2701 1306 2753 εἰπέ
1333 2719 1423 2772 μοι
1441 2718 1457 2767 ;
1477 2702 1537 2754 οὐ
1557 2697 1717 2773 φρίσ-

139 2811 293 2859 σεις;
332 2794 393 2846 οὐ
423 2794 687 2863 τρέμεις;
715 2793 818 2846 οὐκ
846 2793 1128 2864 ὲρυοριᾷς,
1147 2792 1290 2863 ὀρῶν
1329 2810 1396 2860 με
1428 2792 1550 2846 καθ’
1579 2793 1716 2864 ἠμέ-

142 2900 243 2952 ραν
276 2884 333 2936 ὲν
365 2885 510 2954 πάσῃ
532 2885 596 2953 τῇ
620 2871 913 2954 οἰκουμένῃ
948 2885 1111 2945 ναοὺς
1139 2882 1375 2936 εἰδώλων
1423 2885 1717 2939 καταλύον-

139 2994 228 3034 τα.
256 2977 350 3028 καὶ
377 2977 538 3038 ναοὺς
573 2975 866 3046 μαρτύρων
891 2975 1314 3046 οἰκοδομοῦντας
1348 2977 1408 3029 Εἰ
1432 2976 1497 3030 τά
1521 2978 1716 3031 εἴδωλα

141 3065 678 3141 προσεκύνουνηδιά
722 3065 776 3118 τί
824 3065 1010 3141 λοιπὸν
1047 3065 1193 3136 τιμῶ
1229 3067 1355 3129 τοὺς
1408 3069 1713 3138 μάρτυρας,

140 3131 267 3215 τοὺς
299 3155 367 3230 τὰ
402 3131 594 3219 εἰδωλᾶ
623 3131 1064 3222 καταλύσαντας
1094 3131 1154 3209 Εἰ
1177 3154 1246 3209 τὰ
1284 3131 1420 3221 ξύλα
1451 3131 1527 3219 ῶς
1558 3131 1714 3223 θεοὺς
1753 3141 1756 3145 Ι

140 3238 288 3314 τιμῶ
312 3246 406 3298 καὶ
433 3244 661 3312 δοξάζω,
682 3248 800 3312 πῶς
822 3249 964 3318 τιμῶ
993 3250 1083 3302 καὶ
1110 3242 1318 3316 δοξάζῶ
1339 3251 1467 3314 τοὺς
1499 3233 1708 3323 μάρτυ-

1814 2069 1878 2109 ac
1891 2054 2140 2109 vitiosam
2163 2068 2260 2123 per
2275 2043 2518 2124 singulos
2545 2055 2664 2110 dies
2687 2055 2940 2110 osculans
2958 2071 3066 2110 non
3085 2058 3387 2127 reprehen-

1814 2144 1978 2208 deris,
1995 2159 2120 2199 cum
2145 2155 2293 2200 certe
2316 2161 2583 2215 nusquam
2616 2145 2758 2203 Deus
2789 2148 2884 2202 tibi
2915 2151 3196 2219 corporale
3223 2165 3389 2206 oscu-

1816 2237 1928 2293 lum
1951 2229 2187 2317 'mulieri
2213 2237 2409 2293 oll‘erre
2425 2239 2920 2308 praeceperit.Quia
2950 2258 3079 2296 vero
3105 2259 3191 2298 me
3207 2244 3387 2299 vidisti

1815 2331 2028 2386 iconam
2091 2332 2305 2387 Domini
2361 2333 2533 2386 nostri
2585 2333 2714 2387 Jesu
2743 2333 2966 2398 Christi,
2999 2336 3085 2390 vel
3113 2337 3386 2391 immacu-

1781 2422 1936 2510 datae
1977 2422 2162 2478 Matris
2202 2424 2447 2494 ejus,vel
2479 2425 2703 2479 alterius
2745 2421 3050 2496 cuiuspiam
3079 2427 3211 2497 justi
3244 2429 3384 2482 salu-

1816 2525 1951 2582 tare,
1998 2517 2298 2588 indignaris
2331 2527 2386 2572 et
2417 2517 2540 2583 mox
2582 2518 2966 2588 hlasphemans
3007 2521 3153 2584 salis,
3188 2530 3244 2576 et
3285 2538 3389 2576 nos

1816 2609 2126 2664 idololatras
2160 2609 2421 2678 appellas.
2469 2609 2672 2664 Deinde
2711 2626 2820 2664 non
2864 2610 3214 2666 confunderis
3252 2613 3390 2668 ?dic

1815 2701 1972 2766 mihi,
2021 2715 2129 2754 non
2167 2701 2481 2755 horrescis?
2511 2716 2618 2754 non
2652 2701 2838 2755 tremis
2879 2702 2902 2755 ’ἰ
2943 2718 3052 2756 non
3091 2704 3388 2769 erubescis,

1818 2793 2010 2849 videns
2047 2809 2135 2848 me
2165 2794 2231 2869 in_
2252 2804 2366 2848 toto
2400 2803 2665 2848 terrarum
2696 2794 2828 2848 orbe
2868 2795 3064 2864 templa
3122 2796 3389 2851 idolorum

1815 2883 2116 2950 destruere,
2146 2892 2201 2937 et
2231 2884 2429 2952 templa
2474 2893 2770 2955 martyrum
2805 2884 3074 2940 aediﬁcare
3108 2885 3131 2938 ?
3167 2885 3220 2940 Si
3249 2887 3390 2952 idola

1815 2975 2118 3040 adorarent,
2178 2991 2278 3030 cur
2323 2983 2604 3056 martyres,
2667 2975 2759 3043 qui
2799 2976 3187 3030 destruxerunt
3227 2976 3387 3043 idoia,

1817 3065 2076 3138 [honbrc]
2121 3067 2492 3121 adbraremus.
2528 3067 2583 3120 Si
2623 3066 2764 3136 ligna
2798 3075 2859 3120 ut
2898 3067 3030 3121 deos
3075 3068 3283 3122 honoro
3335 3077 3391 3122 et

1773 3192 1786 3214 ,ι
1816 3154 2080 3230 glorifico,
2113 3159 2387 3230 quomodo
2415 3158 2624 3229 hqnoro
2642 3167 2697 3213 et
2721 3158 2964 3229 glorilieo
2991 3168 3272 3229 martyres.
3294 3160 3386 3228 qui

1817 3255 1993 3324 lignea
2038 3253 2324 3308 simulacra
2369 3252 2758 3306 destruxerunt
2793 3250 2890 3304 ?Si
2921 3251 3124 3320 lapides
3151 3260 3211 3304 ut
3257 3252 3391 3306 deos

145 3357 267 3409 ρας,
320 3342 447 3404 τοὺς
477 3342 546 3394 τὰ
593 3341 780 3405 ξύλινα
837 3341 1001 3406 ξόανα
1051 3343 1454 3411 καταλύονταςς
1495 3348 1556 3399 Εἰ
1586 3347 1714 3409 τοὺς

1819 3318 2102 3414 gloriﬁco.‘
2139 3343 2410 3412 quomodo
2453 3341 2663 3397 honoro
2701 3354 2757 3395 et
2808 3318 2988 3395 adoro
3032 3350 3296 3412 martyres
3334 3351 3390 3395 et

143 3433 324 3496 λίθους
351 3435 428 3497 ὡς
453 3435 609 3498 Θεοὺς
637 3433 867 3500 δοξάζω,
918 3435 1039 3500 πῶς
1084 3438 1231 3508 τιμῶ
1275 3440 1370 3492 καὶ
1420 3439 1714 3508 προσκυνῶ

141 3527 271 3587 τοὺς
302 3525 586 3596 μάρτυρας
622 3528 714 3579 καὶ
744 3527 1098 3590 ἀποστόλους,
1145 3530 1272 3591 τοὺς
1309 3531 1714 3601 συντρίψαντος

143 3618 240 3670 καὶ
291 3617 666 3682 ἀπολέσαντας
703 3621 773 3672 τὰ
808 3619 984 3673 λίθινα
1027 3617 1230 3686 ζὼδιας
1261 3621 1383 3686 Πῶς
1413 3623 1579 3694 τιμῶ,
1619 3624 1714 3678 καὶ

147 3706 377 3771 ἐπαινῶ,
417 3707 511 3760 καί
537 3708 696 3772 ναοὺς
727 3707 946 3778 ὖγείρω,
970 3709 1068 3763 καί
1097 3708 1288 3780 ἑορτὰς
1338 3708 1571 3764 επιτελῶ
1600 3714 1715 3775 τοίς

143 3797 295 3870 τρισὶ
321 3798 499 3864 παισὶ,
527 3799 641 3863 τοίς
665 3800 723 3854 ιν
753 3797 1034 3854 Βαϐυλῶνι
1055 3800 1121 3872 τῇ
1154 3786 1330 3872 χρυσῇ
1365 3799 1440 3875 μὴ
1478 3817 1716 3875 «pacatu-

145 3888 212 3959 νή
220 3905 379 3944 σασιν
392 3904 407 3952 ;

222 3980 429 4042 Ὄντως
466 3981 633 4050 πολλὴ
692 3979 800 4032 τῶν
836 3980 1056 4051 ἀνόμων
1095 3983 1128 4053 ἡ
1179 3981 1459 4054 πώρωσις,
1500 3983 1716 4055 ἀληθῶς

147 4069 319 4140 πολλὴ
369 4070 477 4121 τῶν
519 4069 786 4124 Ἰουδαίων
842 4074 874 4140 ἠ
926 4072 1234 4140 τύφλωσις,
1284 4073 1453 4143 πολλὴ
1503 4078 1534 4144 ἡ
1586 4077 1717 4128 ἀσέ-

148 4159 292 4211 ϐεια.
339 4157 630 4210 ’Λδικεϊται
676 4157 768 4232 ὑπ’
797 4157 977 4210 αὐτῶν
1021 4160 1054 4229 ἡ
1094 4159 1344 4228 ἀλήθεια.
1391 4159 1524 4222 Θεὸς
1566 4160 1719 4231 ύδρί-

147 4250 300 4313 ζεται
339 4248 445 4301 ύπδ
477 4248 728 4318 γλώσσης
765 4249 1081 4320 ἀχαρίστων
1131 4251 1422 4306 Ἰουδαίων.
1485 4253 1580 4306 Ἐκ
1609 4253 1718 4306 λεια

144 4340 334 4407 ψάνων
388 4338 648 4402 πολλάκις
710 4339 1007 4411 μαρτύρων
1027 4340 1123 4394 καὶ
1156 4341 1378 4396 εἰκόνων
1407 4341 1718 4397 ἐλαύνονται

147 4433 405 4503 εαίμονες
425 4449 438 4463 ο
467 4434 564 4485 καὶ
588 4431 760 4484 ταῦτα
792 4431 1161 4502 ινυσρίζοντες
1202 4432 1476 4503 ἄνθρωποι
1530 4436 1720 4504 μιαροὶ

152 4522 562 4593 διαστρέφουσι,
599 4521 695 4574 καὶ
741 4519 1108 4585 διαπαίξουσι,
1143 4524 1236 4575 καὶ
1272 4523 1583 4590 διαγελῶσι.
1619 4524 1726 4577 [Id-

154 4631 268 4676 σαι,
291 4613 411 4666 εἰπέ
445 4629 554 4682 μοι.
580 4611 945 4674 ἑπισκιάσεις,
976 4612 1139 4665 πόσαι
1161 4599 1502 4674 άναϐλύσεις,
1527 4613 1722 4667 πολλά-

149 4721 240 4770 κις
263 4705 318 4757 δὲ
344 4704 436 4757 καὶ
471 4704 720 4770 αἰμάτων
753 4702 940 4772 ῥύσεις
977 4702 1036 4766 ἐξ
1059 4703 1285 4756 εἰκόνων
1312 4704 1408 4756 καὶ
1453 4703 1720 4773 λειψάνων

154 4799 450 4869 μαρτύρων
509 4798 804 4866 γεγόνασι;
849 4797 959 4851 Καὶ
1000 4797 1050 4850 οἰ
1102 4797 1348 4850 ἁσύνετοι
1400 4800 1466 4868 τῇ
1521 4798 1719 4867 καρδία

152 4889 388 4959 ὁρῶντες
409 4889 470 4940 οὺ
489 4889 806 4961 πείθονται,
829 4888 964 4941 ἀλλὰ
992 4886 1194 4957 μύθους
1219 4887 1393 4941 ταῦτα
1411 4892 1504 4940 καὶ
1522 4888 1720 4958 λήρους

151 4955 456 5045 λογίζονται
479 4956 496 5009 ο.
547 4955 780 5048 δρῶντες
818 4955 1072 5039 οὓτωςήτὸ
1099 4977 1221 5031 καθ’
1247 4978 1460 5046 ἡμέραν
1487 4981 1542 5029 ὲν
1570 4955 1717 5050 πάσῃ

151 5072 222 5140 τῇ
244 5069 539 5140 οἰκουμένῃ
563 5067 747 5137 σχεδὸν
763 5067 963 5137 ἄνδρας
987 5067 1204 5130 ἀσεϐεῖς
1223 5069 1318 5119 καὶ
1350 5069 1718 5139 παρανόμους.

153 5159 564 5228 εἰδωλολάτραις.
597 5159 691 5211 καὶ
722 5161 925 5226 φονεῖς,
953 5157 1210 5227 πόρνους,
1239 5158 1334 5210 καί⁵
1354 5157 1554 5229 λῃστάς
1577 5159 1720 5223 ἐξαί-

155 5267 296 5319 φνης
328 5250 417 5303 διὰ
454 5251 544 5300 τὸν
568 5239 804 5316 Χριστὸν
843 5249 939 5301 καὶ
973 5248 1064 5300 τὸν
1109 5249 1338 5317 σταυρὸν
1363 5250 1528 5302 αὐτοῦ
1557 5267 1724 5304 κατα-

152 5340 537 5409 νυσσομένους,
570 5339 665 5392 καὶ
716 5340 922 5406 κόσμου
985 5341 1186 5402 παντὸς
1226 5342 1724 5410 ἁποτασσομένους,

156 5431 254 5482 καὶ
314 5431 494 5482 πᾶσαν
557 5428 761 5497 ἀρετὴν
808 5427 1234 5497 ἐργαζομένους.
1276 5423 1411 5481 Εἰπᾶ
1448 5447 1559 5499 μοι,
1609 5432 1727 5494 πῶς

157 5521 323 5587 ἐσμεν
343 5518 746 5587 εἰδωλολάτραι,
781 5519 829 5569 οἱ
864 5518 958 5571 καὶ
999 5518 1140 5569 αὐτὰ
1190 5517 1260 5569 τὰ
1307 5518 1472 5581 ὀστᾶ,
1504 5521 1596 5571 καὶ
1629 5521 1726 5588 τὴν

157 5610 324 5674 κόνιν,
349 5612 443 5663 καὶ
469 5610 534 5664 τὰ
568 5610 731 5680 ῥάκη,
765 5610 858 5662 καὶ
877 5609 939 5661 τὸ
962 5605 1124 5680 αἷμα,
1159 5609 1254 5661 καὶ
1279 5609 1376 5678 τὴν
1421 5611 1578 5680 σορὸν
1619 5612 1729 5664 τῶν

225 5788 272 5820 ⁹⁹
322 5786 482 5842 Hebr.
512 5805 584 5850 xi,
616 5787 704 5856 Eli.
782 5786 797 5816 '
829 5783 964 5839 Gen.
997 5800 1150 5850 χχιιι,
1177 5787 1226 5838 7.
1304 5788 1324 5817 ’
1347 5785 1479 5840 Gen.
1536 5802 1698 5849 nvu,

1877 5787 1897 5818 ³
1925 5785 2060 5841 Gen.
2093 5801 2280 5846 κτκιιι,
2322 5785 2374 5837 5.

1813 3434 2106 3504 apostolos,
2155 3433 2245 3503 qni
2287 3434 2666 3487 contriverunt
2713 3442 2769 3487 et
2805 3431 3160 3501 perdiderunt
3209 3433 3391 3503 lignea

1814 3527 1965 3596 signa
1989 3511 2304 3594 i‘quomodo
2342 3526 2553 3578 honoro
2586 3532 2638 3578 et
2667 3524 2846 3584 laudo,
2881 3533 2937 3578 et
2967 3523 3165 3593 templa
3212 3525 3386 3594 erigo,

1813 3626 1870 3670 et
1892 3615 2237 3670 festivitatem
2264 3614 2480 3670 celebro
2508 3613 2684 3669 tribus
2716 3613 2920 3683 pueris,
2965 3614 3059 3685 qui
3107 3613 3160 3668 in
3213 3613 3387 3687 Baby-

1813 3703 1938 3760 lone
1967 3704 2256 3776 imaginem
2280 3718 2500 3759 auream
2532 3718 2642 3759 non
2673 3702 3040 3757 adoraverunt
3070 3701 3093 3734 δ
3120 3701 3144 3754 ?

1885 3972 2046 4027 Certe
2075 3969 2243 4025 multa
2281 3977 2364 4023 est
2394 3967 2704 4036 iniquorum
2734 3964 3038 4029 obduratio,
3064 3980 3193 4019 vere
3222 3963 3388 4020 multa

1816 4074 1902 4119 est
1929 4063 2241 4118 Iudaeorum
2298 4060 2535 4119 caecitas,
2589 4057 2755 4112 multa
2806 4057 3075 4127 impietas.
3133 4057 3388 4125 Iniuriam

1820 4154 2024 4224 patitur
2047 4154 2116 4206 ab
2136 4151 2218 4205 eis
2246 4149 2449 4204 veritas
2479 4166 2490 4202 :
2530 4149 2670 4201 Deus
2703 4146 3066 4200 contumelias
3091 4147 3328 4200 sustinet
3357 4161 3386 4198 a

1818 4249 1998 4318 lingua
2030 4246 2360 4315 ingratorum
2380 4238 2711 4294 Jndreorum.
2746 4235 2852 4292 Per
2891 4237 3146 4305 reliquias
3185 4245 3386 4307 marty-

1821 4355 1939 4394 rum
1983 4347 2038 4392 ct
2076 4336 2338 4405 imagines
2377 4332 2692 4387 multoticns
2737 4331 3047 4400 cﬂ'ugantur
3080 4329 3342 4384 daemonia
3373 4348 3388 4383 :

1820 4439 1876 4485 et
1896 4431 2012 4484 haec
2040 4426 2256 4496 injuriis
2287 4431 2609 4494 appetentes
2641 4421 2892 4476 homines
2907 4420 3134 4482 sordidi,
3162 4420 3390 4474 subver-

1821 4530 1944 4576 tunt
1967 4528 2022 4574 et
2051 4518 2284 4573 illudunt
2313 4525 2475 4584 atque
2501 4514 2770 4568 derident.
2799 4511 2965 4578 Quot,
2983 4513 3070 4566 die
3092 4511 3246 4576 mihi,
3271 4513 3394 4566 visi-

1825 4613 2056 4668 tationes
2109 4607 2222 4681 [Gn
2255 4602 2743 4674 obumbrationes,]
2765 4605 3168 4675 emanationes,
3205 4603 3300 4657 sed
3335 4611 3391 4656 et

1827 4704 2142 4772 frequenter
2164 4698 2490 4769 sanguinum
2527 4695 2724 4748 ﬂuores
2753 4709 2816 4748 ex
2853 4694 3025 4750 iconis
3065 4703 3120 4748 et
3147 4694 3390 4763 reliquiis

1829 4805 2123 4867 martyrum
2148 4793 2272 4847 facti
2304 4799 2430 4844 sunt
2445 4791 2468 4842 ?
2482 4799 2536 4843 et
2553 4788 2815 4843 insensati
2833 4788 2995 4842 corde
3020 4786 3267 4839 videntes
3281 4801 3389 4838 non

1827 4888 2076 4952 credunt,
2101 4885 2194 4939 sed
2221 4883 2430 4938 fabulas
2451 4895 2514 4934 ac
2532 4879 2887 4934 deliramenta
2917 4879 3032 4932 hac
3047 4877 3388 4941 existimant;

1825 4978 2073 5033 videntes
2110 4976 2289 5030 taliter
2316 4989 2415 5042 per
2437 4972 2675 5040 singulos
2701 4971 2816 5025 dies
2839 4969 2892 5022 in
2920 4976 3032 5022 toto
3062 4983 3200 5037 pene
3217 4980 3386 5022 terra-

1827 5085 1947 5124 rum
1979 5069 2111 5122 orbe
2140 5067 2288 5119 viros
2321 5064 2520 5133 impios
2553 5072 2609 5117 et
2636 5062 2872 5129 iniquos,
2917 5060 3182 5114 idolorum
3214 5060 3391 5113 culto-

1828 5176 1915 5214 res
1941 5168 1997 5213 et
2029 5156 2348 5217 homicidas,
2369 5163 2425 5208 et
2454 5153 2830 5217 fornicatores,
2861 5160 2916 5205 et
2942 5151 3183 5204 latrones
3212 5149 3392 5203 subito

1828 5264 1926 5318 per
1946 5248 2220 5301 Christum
2245 5254 2302 5299 et
2330 5259 2547 5298 crucem
2569 5243 2690 5312 ejus
2720 5240 3034 5309 compungi,
3065 5248 3122 5291 et
3149 5238 3216 5292 ad
3249 5237 3397 5307 agni-

1829 5340 2033 5394 tionem
2062 5337 2311 5390 veritatis
2344 5337 2550 5394 venire,
2593 5343 2650 5388 et
2687 5333 2890 5386 mundo
2916 5331 3012 5385 toti
3052 5329 3391 5391 renunciare,

1823 5441 1983 5499 atque
2013 5442 2231 5482 omnem
2267 5426 2480 5496 Operari
2512 5427 2790 5479 virtutem.
2821 5422 2914 5475 Dic
2935 5421 3091 5482 mihi,
3122 5420 3398 5489 quomodo

1826 5536 2014 5576 sumus
2044 5518 2360 5577 idololatrm,
2395 5516 2486 5584 qui
2529 5522 2585 5568 et
2615 5515 2730 5582 ipsa
2761 5526 2904 5570 ossa.
2941 5521 2996 5564 et
3035 5511 3296 5570 cinerem,
3341 5517 3396 5562 et

1826 5627 2058 5684 pannos,
2123 5620 2177 5663 et
2228 5609 2569 5679 sanguinem,
2627 5616 2683 5660 et
2749 5606 3018 5659 tumulum
3101 5611 3396 5672 martyrum

2452 5781 2623 5835 ‘Dan.
2648 5797 2726 5845 ιιι,
2751 5795 2900 5850 seqq.
