4118 6432
148 341 276 409 1605

1174 391 1178 396 .
1278 343 1532 403 SERMO
1582 341 1879 402 CONTRA
1930 342 2253 403 JUDAEOS.

3242 332 3381 403 1606

138 453 239 506 τῶν
272 447 580 519 προϐάτων,
614 447 710 502 καὶ
737 447 896 517 βοῶν,
933 450 1026 503 καὶ
1055 450 1292 517 τέκνων;
1330 451 1441 505 Ποῦ
1476 453 1530 504 αἱ
1558 450 1706 503 κνίσ-

1819 448 1990 502 [icium
2023 450 2260 523 qualiter
2288 449 2372 505 vel
2394 449 2526 519 quid
2554 451 2666 505 sint
2728 449 2982 504 novimus
3006 484 3020 499 .
3055 446 3123 500 Et
3159 444 3380 514 quidem

136 560 245 607 σαι,
280 538 385 593 ποῦ
443 541 495 593 οι
534 538 709 609 βωμοὶ
761 540 859 593 κα.)⁸
909 541 1241 611 προσχύσεις
1266 541 1376 595 τῶν
1418 543 1699 611 αἰμάτων;

144 631 334 700 Ἡμεῖς
373 628 429 681 δὲ
456 631 504 683 οί
535 629 875 698 Χριστιανοὶ,
929 630 1053 683 οὔτε
1105 632 1310 704 βωμὸν,
1352 631 1478 687 οὔτε
1512 633 1703 686 θυσίαν

131 718 307 788 πῶςῆ
338 718 390 770 τί
436 720 604 780 ἐστιν,
655 720 1017 789 ἐπιστάμεθα.
1069 723 1132 774 Oi
1162 724 1261 792 μὲν
1308 724 1416 794 γὰρ
1444 724 1703 794 ’Έλληνες

130 813 342 880 μοιχοῖς
373 810 681 881 ἀνθρώποις
704 813 797 865 καὶ
830 817 1115 881 φονευταῖς
1141 819 1233 869 καὶ
1264 817 1593 888 ἀκαθάρτοις
1612 818 1704 872 καὶ

131 907 353 974 μιαροῖς
376 905 499 967 τοὺς
529 903 692 968 ναοὺς
719 906 1003 976 ὠνόμαζον
1036 912 1129 961 καλ.
1166 911 1234 963 τὰ
1257 910 1470 977 εἴδωλα,
1494 912 1587 965 καὶ
1611 914 1707 965 αύ-

135 996 257 1056 εοὺς
303 993 647 1059 ὲθεοποίουν,
673 996 734 1049 ού
791 997 976 1065 μέντοι
1014 1016 1078 1067 γε
1130 1003 1428 1071 προφητῶν
1474 1002 1701 1071 ἢάγίων

127 1085 433 1155 μαρτύρων
454 1086 586 1140 ναὸν
613 1087 646 1155 ἥ
688 1085 883 1156 βωμὸν.
919 1088 1233 1159 ὠνόμασαν.
1283 1093 1493 1165 Ὠσπερ
1522 1095 1629 1167 γάρ
1658 1097 1707 1149 οἱ

125 1178 184 1229 ὲν
213 1176 497 1231 Βαϐυλῶνι
539 1176 866 1247 Ἰσραηλῖται
918 1174 1065 1249 εἶχον
1101 1181 1309 1250 ὄργανα
1342 1185 1437 1236 καὶ
1473 1186 1709 1257 ’κιθάρας

123 1267 225 1320 κα)⁸
256 1267 424 1336 ἕτερά
478 1283 617 1330 τινα,
660 1267 842 1332 καθὼς
875 1270 971 1323 καὶ
1019 1272 1068 1323 οἱ
1093 1271 1467 1327 Βαϐυλώνιοι·
1499 1276 1592 1328 καὶ
1643 1276 1711 1329 τὰ

131 1357 240 1425 μὲν
271 1358 351 1420 εἰς
392 1356 549 1421 δόξαν
576 1356 735 1419 Θεοῦ,
758 1358 826 1412 τὰ
870 1359 928 1412 δὲ
969 1363 1047 1423 είς
1083 1346 1379 1432 θεραπείαν
1401 1364 1672 1435 δαιμόνων
1692 1383 1707 1399 ⁸

121 1446 279 1500 οὓτω
309 1449 404 1500 καὶ
444 1450 539 1500 ἐπὶ
568 1450 793 1504 εἰκόνων
828 1450 1157 1516 Ἑλληνικῶν
1190 1454 1283 1506 καὶ
1312 1456 1712 1523 Χριστιανικῶν

123 1543 445 1611 νοήσωμεν,
467 1542 549 1595 ὅτι
580 1544 776 1596 ἐκεῖνοι
804 1544 904 1613 μὲν
932 1546 1010 1607 είς
1038 1545 1294 1615 λατρείαν
1318 1547 1413 1601 τοῦ
1440 1547 1711 1612 διαϐόλου,

125 1633 298 1702 ἡμεῖς
328 1633 384 1686 δὲ
407 1634 488 1697 είς
533 1634 691 1698 δόξαν
722 1634 859 1687 Θεοῦ
912 1635 1002 1689 καὶ
1056 1637 1385 1706 ὑπόμνησιν.
1421 1639 1569 1708 Πλὴν
1618 1640 1714 1694 καὶ

125 1722 309 1774 πολλά
340 1721 620 1793 θαυμάσια
652 1725 680 1776 ὀ
710 1724 841 1786 Θεὸς
869 1725 955 1779 διὰ
988 1725 1145 1792 ξύλον
1175 1727 1395 1781 ἀκούειν
1421 1729 1709 1800 πεποίηκε,

128 1812 294 1877 ξύλον
324 1813 488 1884 ζωῆς,
521 1814 676 1879 ξύλον
710 1814 967 1881 γνώσεως
996 1817 1272 1886 ὀνομάσας
1293 1836 1308 1850 ο
1337 1821 1431 1873 καὶ
1458 1820 1587 1874 ἀλλο
1613 1837 1715 1888 φυ-

124 1908 225 1959 τὸν
275 1906 549 1975 ὀνομάσας
596 1908 808 1971 Σαϐὲκ,
865 1912 1263 1981 συγχωρήσεως
1305 1912 1541 1982 τίθησιν.
1584 1909 1716 1968 Εἶτα

129 1994 322 2066 ῥάϐδῳ
349 1997 439 2049 τὸν
474 1995 676 2068 Φαραὼ
707 1998 972 2069 ἐκάλυψε,
1003 1998 1281 2055 θάλασσαν
1309 2002 1548 2072 ἔσχισεν,
1573 2002 1715 2075 ὕδωρ

76 2072 82 2086 ¹
126 2088 461 2156 ὲγλύκανεν,
515 2089 639 2157 ὅφιν
686 2089 889 2159 ὓψωσε,
945 2091 1152 2162 πέτραν
1187 2094 1514 2165 διέρρηξεν,

127 2181 397 2250 ἐξήγαγε,
446 2179 600 2245 ξύλον
636 2180 949 2251 βλαστῆσαν
1002 2187 1067 2255 τῇ
1118 2188 1288 2256 σκηνῇ
1346 2185 1445 2256 τὴν
1504 2186 1715 2257 ’Δαρὼν

129 2272 443 2344 ἱερωσύνην
497 2273 796 2345 ἐκύρωσεν.
864 2274 1020 2329 Οὕτω
1056 2279 1149 2329 καὶ
1201 2277 1453 2347 Σολομῶν
1512 2295 1712 2349 φησιν’

128 2366 462 2435 Εὑλοτεῖτε
483 2366 694 2432 ξύλον,
725 2366 801 2421 δι’
824 2364 896 2424 οὗ
918 2368 1143 2436 γίνεται
1166 2368 1538 2451 δικαιοσύνη.
1561 2370 1717 2425 οὕτω

133 2460 229 2511 καὶ
277 2459 576 2523 Ἐλισσαῖος
604 2459 760 2534 ξύλον
790 2460 1101 2533 ἀπορρίψας
1131 2462 1189 2513 ὲν
1235 2464 1495 2534 Ἰορδάνῃ,
1520 2464 1611 2517 τὸν
1636 2467 1716 2529 είς

130 2549 308 2603 τύπον
332 2550 423 2604 τοῦ
459 2550 628 2621 ’Δδὲιμ
659 2551 876 2620 σίδηρον
901 2552 976 2615 ὼς
1004 2552 1062 2618 ἐξ
1094 2552 1223 2623 ᾇδου
1246 2555 1537 2625 ἀνήγαγεν.
1561 2554 1717 2608 Οὕτω

134 2633 477 2710 προστάσσει
509 2640 586 2709 τῷ
614 2641 810 2695 ἑαυτοῦ
842 2642 993 2696 παιδὶ
1021 2642 1110 2697 διὰ
1134 2646 1234 2712 τῆς
1257 2644 1452 2713 ῥάϐδου
1476 2647 1717 2717 ἀναστῆ-

136 2749 231 2785 σαι
267 2732 359 2786 τὸν
392 2734 553 2787 παῖδα
572 2733 671 2803 τῆς
700 2733 1086 2803 Σωμανίτιδος.
1136 2737 1193 2788 Ὀ
1214 2732 1308 2788 οὖν
1332 2736 1417 2790 διὰ
1450 2736 1718 2791 τοσούτων

139 2822 316 2887 ξύλων
356 2822 851 2894 θαυματουργήσας
892 2824 1024 2888 Θεὸς
1052 2825 1114 2878 ού
1164 2826 1408 2893 δύναται,
1450 2830 1572 2881 εἰπέ
1602 2847 1714 2899 μοι,

139 2914 586 2984 θαυματουργεῖν
613 2914 707 2966 καὶ
736 2913 825 2966 διὰ
853 2914 949 2967 τοῦ
995 2915 1176 2985 τιμίου
1214 2916 1371 2980 ξύλου
1420 2917 1514 2971 τοῦ
1561 2920 1717 2986 ἀγίου

142 3002 422 3074 σταυροῦ;
471 3003 535 3056 El
576 3002 770 3067 άσεϐἐς
799 3006 916 3058 ἐστι
946 3007 1112 3076 τιμᾷν
1142 3006 1209 3059 τὰ
1234 3009 1387 3073 ὀστᾶ,
1430 3010 1545 3072 πῶς
1581 3012 1719 3080 μετά

1804 542 1995 612 pagani
2028 542 2097 596 ab
2129 540 2393 596 adulteris
2430 540 2749 596 hominibus
2776 549 2831 594 et
2861 538 3153 595 homicidis
3173 545 3231 591 et
3260 536 3380 606 pol-

1804 631 1936 686 lutis
1987 633 2187 702 templa
2238 633 2599 686 nominabant
2643 640 2698 684 et
2745 631 2883 685 idola
2917 649 2931 683 :
2971 640 3028 685 et
3062 629 3182 684 illos
3223 627 3380 682 deiﬁ-

1805 727 2042 781 cabaut:
2096 741 2202 778 non
2239 733 2419 778 autem
2457 708 2849 793 prophetarum
2877 762 2892 783 ,
2929 720 3012 777 vel
3064 730 3381 776 sanctorum

1806 826 2101 887 martyrum
2137 816 2420 884 templum,
2467 816 2549 868 vel
2570 831 2718 869 aram
2745 813 3185 868 nomiuaverunt.
3230 812 3386 865 Sicut

1807 904 1952 959 enim
2008 904 2265 958 Israelita:
2318 903 2413 971 qui
2477 901 2749 973 Babylone
2789 902 3052 963 fuerunt,
3108 900 3384 956 habebant

1808 1011 2008 1065 organa
2059 1005 2113 1049 ct
2154 995 2427 1059 citharas,
2482 1006 2536 1049 ct
2604 994 2707 1053 alia
2757 994 3006 1063 quaedam
3036 1034 3051 1057 ,
3116 990 3377 1060 quemad-

1810 1088 2031 1141 modum
2069 1096 2124 1141 et
2157 1085 2479 1156 Babylonii:
2520 1095 2575 1139 et
2638 1085 2741 1140 alia
2794 1084 3018 1154 quidem
3055 1082 3109 1136 in
3158 1081 3382 1150 gloriam

1816 1178 1946 1242 Dei,
1976 1178 2079 1231 alia
2111 1192 2243 1231 vero
2278 1175 2331 1229 in
2375 1176 2641 1230 culturam
2687 1175 2996 1229 daemonum
3036 1192 3049 1227 :
3086 1172 3158 1225 ita
3217 1178 3274 1225 et
3314 1169 3386 1223 de

1812 1269 2139 1340 imaginibus
2178 1268 2462 1337 gentilium
2523 1276 2580 1321 et
2616 1265 3056 1321 Christianorum
3109 1261 3383 1331 intelliga-

1812 1376 1935 1415 mus
1959 1402 1975 1427 ,
2014 1361 2141 1429 quia
2165 1360 2242 1414 illi
2273 1359 2494 1429 quidem
2532 1356 2585 1411 in
2643 1357 2963 1413 servitutem
2998 1354 3241 1416 diaboli,
3281 1367 3386 1407 nos

1814 1463 1996 1508 autem
2024 1455 2079 1507 in
2122 1453 2344 1523 gloriam
2374 1460 2428 1505 et
2454 1444 2911 1505 memorationem'
2947 1446 3065 1501 Dei.
3104 1443 3388 1499 Verumta-

1815 1560 1940 1600 men
1989 1553 2044 1599 et
2091 1545 2262 1599 multa
2310 1544 2567 1597 miracula
2625 1543 2768 1596 Deus
2799 1555 2895 1610 per
2955 1539 3162 1609 lignum
3196 1537 3388 1592 audire

1817 1635 1946 1691 fecit
1970 1675 1986 1700 ,
2012 1635 2217 1706 lignum
2247 1634 2372 1689 vitae
2397 1642 2455 1689 et
2480 1634 2690 1704 lignum
2732 1631 2979 1687 scientias
3010 1629 3303 1683 nominans
3322 1630 3343 1660 ’
3369 1644 3384 1681 :

1821 1736 1876 1783 et
1896 1728 2041 1783 aliud
2063 1728 2355 1798 virgultum
2401 1728 2693 1791 nominans
2740 1725 2915 1779 Sahec
2944 1765 2957 1790 ,
2992 1722 3387 1793 indulgentiam

1823 1822 1997 1892 ponit.
2033 1820 2235 1877 Deinde
2265 1821 2411 1891 virga
2441 1818 2778 1873 Pharaonem
2813 1816 3071 1887 operuit,
3111 1828 3263 1871 mare
3284 1812 3391 1867 sci-

1816 1913 1933 1977 dit,
1981 1927 2176 1982 aquam
2233 1911 2449 1967 dulcem
2490 1910 2665 1974 fecit,
2726 1916 3035 1979 serpentem
3092 1904 3387 1969 exaltavit,

1817 2012 2026 2074 petram
2064 2003 2313 2073 dirupit,
2362 2017 2557 2072 aquam
2600 1999 2879 2071 protulit,
2919 1998 3124 2067 lignum
3186 1997 3390 2067 germi-
3468 2054 3469 2058 η

1816 2111 1954 2151 nans
2010 2096 2065 2149 in
2136 2094 2488 2148 tabernaculo
2523 2093 2706 2163 Aaron
2775 2087 3140 2144 sacerdotium
3188 2084 3391 2141 confir-

1815 2188 2001 2242 mavit.
2031 2186 2123 2242 Sic
2149 2196 2203 2241 et
2234 2187 2489 2240 Salomon
2519 2184 2595 2238 ait
2629 2201 2643 2237 :
2670 2182 3009 2237 Benedictum
3059 2189 3133 2233 est
3188 2178 3389 2249 lignum

1814 2297 1907 2350 per
1934 2282 2071 2345 quod
2097 2280 2312 2349 justitia
2342 2279 2402 2351 ﬁl
2430 2279 2492 2334 ‘°.
2536 2277 2627 2332 Sic
2652 2287 2708 2331 et
2746 2276 2968 2330 Elis'eus
3005 2273 3152 2344 ligno
3180 2272 3234 2326 in
3264 2270 3388 2337 Jor-

1814 2373 2010 2429 danem
2041 2373 2232 2444 iacto,
2301 2371 2506 2427 ferrum
2576 2371 2631 2425 in
2678 2379 2859 2440 typum
2917 2368 3045 2422 Adae
3116 2365 3273 2436 quasi
3321 2380 3389 2419 ex

1815 2467 2031 2522 inferno
2058 2466 2296 2522 reduxit:
2327 2466 2407 2520 sic
2433 2464 2675 2534 praecipit
2711 2478 2880 2532 puero
2924 2475 3025 2516 suo
3056 2474 3154 2530 per
3182 2460 3388 2529 virgam

1815 2557 2082 2611 suscitare
2113 2570 2341 2625 puerum
2392 2554 2756 2608 Sunamitidis
2796 2552 2861 2606 ¹¹.
2901 2551 3041 2607 Deus
3087 2566 3249 2620 ergo,
3296 2548 3390 2619 qui

1818 2661 1914 2716 per
1936 2638 2026 2700 ἰοί
2050 2646 2196 2715 ligna
2226 2644 2488 2699 miracula
2517 2654 2773 2713 operatus
2830 2652 2913 2697 est
2945 2683 2959 2705 ,
3013 2656 3120 2695 non
3165 2649 3345 2709 potest
3371 2680 3387 2701 ,

1817 2734 1906 2788 dic
1961 2734 2136 2799 mihi,
2193 2733 2332 2787 mira
2382 2731 2564 2786 facere
2610 2732 2777 2786 etiam
2837 2744 2936 2799 per
2983 2729 3286 2799 pretiosum
3328 2727 3392 2780 li-

1818 2840 1981 2895 gnum
2018 2832 2220 2877 sancta:
2245 2823 2423 2877 crucis
2451 2821 2474 2874 ’ἒ
2505 2819 2561 2874 Si
2602 2821 2830 2889 impium
2861 2826 2947 2874 est
2976 2820 3203 2873 adorare
3239 2831 3390 2878 ossa,

1816 2912 2090 2981 quomodo
2125 2925 2248 2964 cum
2279 2910 2427 2964 omni
2455 2907 2868 2963 honoriﬁcentia
2918 2905 3231 2961 detulerunt
3271 2918 3393 2959 ossa

1817 3000 2019 3071 Joseph
2048 3016 2115 3055 ex
2140 3000 2373 3071 Egypto
2398 3040 2413 3064 ,
2467 3000 2745 3069 quomodo
2788 3007 3039 3053 mortuus
3076 2995 3238 3051 horno
3271 3010 3395 3049 ossa

142 3096 329 3165 πάσης
350 3094 517 3165 τιμῆς
547 3096 975 3165 μετεκομίσαντο
1019 3098 1090 3151 τά
1138 3098 1273 3151 ὀστᾶ
1308 3098 1505 3170 Ἰωσὴφ
1531 3100 1589 3165 ἐξ
1626 3102 1720 3154 ΑΞ-

1822 3094 2000 3148 Ειὶεωί
2036 3103 2264 3163 tangens
2318 3090 2783 3147 surrexit‘ii’orro
2821 3090 2866 3144 si
2921 3105 3018 3160 per
3046 3104 3170 3144 ossa
3229 3088 3396 3141 mira-

145 3186 395 3253 γύπτου;
427 3185 549 3249 Πῶς
605 3186 795 3259 νεκρὸς
845 3186 1127 3258 ἄνθρωπος
1173 3188 1284 3241 τῶν
1317 3190 1520 3245 ὀστέων
1546 3193 1721 3245 Ἐλισ-

148 3277 304 3330 σαίου
328 3277 601 3347 ἁψάμενος
625 3279 853 3346 ἀνεστης
880 3279 942 3333 Et
966 3279 1023 3333 δὲ
1048 3281 1115 3333 δι’
1142 3281 1350 3335 ὀστέων
1378 3282 1723 3355 θαυματουρο

146 3370 239 3432 γεῖ
289 3367 441 3433 Θεὸς,
492 3366 714 3436 εὔδηλον
738 3368 819 3422 ὄτι
846 3368 1071 3424 δύναται
1114 3373 1211 3425 καλ⁵
1243 3372 1314 3425 δι’
1341 3372 1586 3438 είκόνων,
1627 3374 1724 3427 καὶ

131 3458 235 3511 ’διὰ
260 3457 441 3523 λίθων,
462 3460 555 3512 καὶ
568 3460 634 3512 δι’
670 3460 872 3530 ἑτέρων
898 3461 1132 3516 πολλῶν.
1182 3463 1337 3516 Ἐπεὶ
1360 3466 1454 3517 καὶ
1470 3465 1724 3534 Ἀϐραὰμ

146 3549 207 3601 οὐ
257 3549 577 3615 κατεδέξατο
624 3550 792 3619 θάψαι
823 3551 883 3603 τὸ
912 3552 1072 3620 σῶμα
1106 3554 1323 3625 Σάρρας
1372 3556 1429 3606 ὲν
1480 3559 1724 3625 μνήματι

147 3636 433 3708 ἀλλοτρίῳ,
465 3639 579 3691 ἀλλ’
608 3640 664 3691 ὸν
697 3639 813 3709 ίδίῳ
844 3640 1016 3709 τάφῳ,
1055 3642 1220 3712 τιμῆς
1245 3636 1421 3713 χάριν.
1452 3646 1601 3699 Ἐπεὶ
1630 3648 1723 3700 καὶ

160 3725 358 3778 Ἰακὼϐ
388 3728 524 3797 τιμᾷ.
545 3727 633 3779 διὰ
660 3728 807 3780 λίθου
833 3727 985 3794 Θεὸν,
1026 3730 1229 3800 στήσας
1272 3732 1368 3783 καὶ⁵
1397 3733 1589 3801 χρίσας
1624 3734 1725 3787 αύ-

147 3816 243 3868 τὸν
275 3818 351 3878 είς
384 3817 553 3870 τύπον
584 3817 822 3886 Χριστοῦ
853 3817 949 3871 τοῦ
976 3820 1373 3888 ἀκρογωνιαίου
1413 3822 1585 3876 λίθου.
1614 3825 1726 3877 Καὶ

151 3906 314 3959 πάλιν
336 3906 520 3976 βουνὸν
545 3908 708 3961 λίθων
738 3910 830 3961 ἐπὶ
855 3909 947 3962 τοῦ
971 3909 1145 3971 Λαϐἀ,
1171 3910 1423 3982 ὠνόμασε
1448 3916 1722 3986 μάρτυρα.

148 3997 432 4067 Μαρτυρεῖ
482 3997 574 4050 καὶ
620 3998 823 4067 Ἰησοῦς
877 4001 904 4052 ὀ
933 3998 1029 4053 τοῦ
1079 3999 1233 4070 Ναυῆ
1285 4001 1495 4056 δώδεκα
1545 4003 1725 4069 λίθους

152 4087 357 4156 σεήσας
380 4088 460 4151 είς
488 4087 622 4141 Θεοῦ
655 4088 981 4158 ἀνάμνησιν.
1014 4090 1075 4142 [τί
1108 4089 1216 4162 γάρ
1246 4085 1383 4160 ἦσάν
1410 4109 1514 4159 σοι,
1534 4087 1579 4146 ὧ
1600 4095 1726 4148 Ἰουο

150 4178 292 4242 δαῖε,
322 4181 381 4231 ιν
409 4177 486 4249 τῷ
509 4178 587 4249 σῷ
618 4179 733 4249 ναῷ
751 4179 821 4232 τά
853 4179 947 4234 δύο
972 4181 1252 4253 Χερουϐὶμ
1272 4185 1453 4237 ἐκεῖνα
1475 4184 1547 4238 τὰ
1566 4203 1728 4240 κατα-

158 4267 449 4330 σκιάζοντα
479 4267 537 4319 τὸ
565 4268 897 4338 ἱλαστήριον,
945 4269 1014 4321 τὰ
1043 4269 1277 4337 γλυπτά,
1308 4272 1525 4342 εἰσῆλθε
1557 4274 1616 4328 δέ
1642 4292 1726 4340 τις

151 4358 350 4426 Ἕλλην
368 4357 757 4430 εἰδωλολάτρης
790 4362 850 4412 ἐν
879 4360 956 4430 τῷ
984 4360 1095 4431 ναῷ
1121 4379 1238 4428 σου,
1262 4365 1357 4417 καὶ
1388 4366 1723 4437 θεασάμενος

1821 3183 1941 3238 cula
1998 3190 2259 3253 operatur
2312 3183 2457 3236 Deus
2481 3224 2495 3245 ,
2536 3182 2890 3251 perspicuum
2926 3188 3012 3234 est
3045 3179 3190 3249 quod
3224 3179 3399 3248 possit

1820 3273 1984 3326 etiam
2015 3288 2113 3342 per
2134 3272 2419 3343 imagines,
2450 3282 2505 3327 et
2538 3288 2634 3338 per
2659 3272 2883 3341 lapides.
2912 3280 2969 3325 et
3008 3285 3106 3341 per
3128 3270 3232 3324 alia
3256 3268 3399 3323 mul-

1822 3370 1901 3416 ta.
1933 3362 2071 3418 Nam
2103 3372 2159 3418 et
2181 3364 2455 3419 Abraham
2496 3378 2606 3419 non
2658 3363 2908 3433 permisit
2947 3361 3166 3431 sepeliri
3195 3376 3400 3429 corpus

1823 3452 1971 3507 Sara
2041 3453 2097 3506 in
2163 3454 2535 3508 monumentis
2604 3454 2835 3517 alienis,
2897 3453 2991 3507 sed
3060 3455 3114 3506 in
3180 3450 3402 3521 proprio

1821 3542 2074 3611 sepulcro
2110 3558 2275 3597 causa
2315 3543 2562 3597 honoris.
2585 3542 2741 3597 .Nam
2764 3551 2821 3596 et
2848 3540 3015 3596 Jacob
3043 3542 3275 3596 honorat
3304 3554 3402 3609 per

1822 3634 2054 3705 lapidem
2088 3633 2258 3689 Deum
2282 3674 2299 3699 ,
2333 3643 2579 3689 statuens
2610 3643 2667 3689 et
2696 3648 2905 3704 uugens
2948 3648 3074 3688 eum
3122 3632 3176 3686 in
3214 3642 3400 3703 typum

1820 3726 2023 3782 Christi
2050 3725 2327 3796 angularis
2357 3726 2577 3795 lapidis.
2603 3725 2671 3779 Et
2702 3726 2833 3780 item
2868 3741 3128 3779 acervum
3160 3726 3402 3793 lapidum

1822 3819 1880 3873 in
1909 3818 2090 3873 Lahan
2126 3818 2429 3872 nominavit
2455 3826 2668 3873 testem.
2696 3816 2761 3872 Et
2811 3814 2969 3871 Jesus
3016 3818 3159 3871 Nave
3195 3818 3403 3873 duode-

1823 3911 1928 3965 cim
1968 3911 2178 3981 lapides
2208 3909 2398 3965 statuit
2428 3909 2481 3963 in
2538 3908 2973 3962 recordationem
3025 3910 3137 3963 Dei.
3166 3908 3221 3962 Si
3253 3911 3398 3963 en'm

1824 4010 2009 4057 essent
2043 4002 2173 4062 tibi,
2208 4016 2242 4055 o
2267 3999 2454 4055 Judaee
2476 4041 2492 4066 ,
2538 4001 2593 4054 in
2622 4000 2827 4069 templo
2858 4010 2951 4054 tuo
2978 4000 3086 4054 duo
3117 4001 3401 4055 cherubim

1825 4092 1936 4155 illi,
1965 4093 2059 4161 qui
2114 4090 2513 4147 obumbrabant
2560 4090 3030 4161 propitiatorium,
3075 4090 3304 4158 sculpti,
3347 4101 3403 4146 et

1825 4182 2086 4238 intrasset
2141 4181 2426 4251 quisquam
2482 4194 2726 4251 paganus
2771 4179 3038 4233 idolorum
3089 4181 3307 4242 cultor,
3347 4189 3404 4234 et

1826 4273 1957 4328 visis
1983 4273 2071 4327 his
2096 4272 2365 4341 arguisset
2386 4270 2604 4325 .luda:os
2626 4310 2641 4334 ,
2673 4270 2829 4339 quasi
2861 4281 2913 4324 ct
2938 4270 3082 4339 ipsos
3105 4268 3402 4324 adorantes

1823 4362 2138 4424 simulacra,
2169 4362 2299 4431 quid
2332 4371 2492 4430 putas
2524 4360 2755 4415 haberes
2783 4402 2797 4425 _.
2846 4361 2936 4414 dic
2964 4362 3130 4426 mihi,
3163 4377 3395 4430 respou-

147 4449 319 4499 ταῦτα
345 4448 629 4517 ἐμέμψατο
650 4453 763 4525 τοῖς
798 4451 1094 4515 Ἰουδαίοιςς
1121 4452 1315 4517 dirimi
1332 4458 1512 4511 αὐτῶν
1533 4459 1733 4511 εἴδωλα·

1829 4455 1958 4509 dere
1982 4453 2058 4507 illi
2093 4454 2160 4507 de
2189 4453 2404 4507 duobus
2433 4451 2721 4505 cherubim
2752 4451 3002 4506 fusilibus
3025 4490 3041 4514 ,
3076 4462 3134 4506 et
3186 4454 3360 4507 bobus
3380 4495 3396 4514 ,

147 4538 618 4604 προσκυνούντων.
636 4540 693 4597 ,τί
711 4540 774 4592 ἂν
802 4537 968 4611 εἶχες,
999 4544 1121 4595 είπέ
1147 4563 1256 4613 μοι,
1282 4548 1725 4619 ἀπολογήσασθαι

147 4626 299 4696 αὐτῷ
334 4627 457 4696 περὶ
480 4630 586 4682 τῶν
619 4628 717 4682 δύο
737 4631 1014 4702 Χερουϐὶμ
1038 4633 1148 4685 τῶν
1174 4637 1479 4704 χωνευτῶν,
1500 4640 1590 4690 καὶ
1616 4638 1743 4693 τῶν.

150 4717 310 4787 βοῶν,
353 4720 446 4771 καὶ
494 4713 773 4788 φοινίκων,
811 4723 903 4775 καὶ
927 4722 1153 4777 λεόντων
1183 4726 1295 4780 τῶν
1322 4728 1490 4781 ὄντων
1514 4730 1638 4783 τότε
1668 4734 1727 4783 ὲν

147 4811 227 4880 τῷ
253 4811 364 4880 ναῷ
393 4811 682 4878 γλυπτῶν;
735 4813 898 4867 Οὐδὲν
952 4809 1098 4883 εἶχες
1138 4817 1273 4886 πρὸς
1323 4819 1486 4871 αὐτὸν
1529 4821 1725 4891 ἀληθὲς

148 4903 350 4970 λέγειν,
374 4906 421 4955 εἰ
455 4904 528 4974 μὴ
550 4903 726 4967 τοῦτο,
762 4906 841 4957 ὅτι
871 4906 981 4974 Οὐχ
1009 4906 1081 4969 ὡς
1105 4907 1258 4972 θεοὺς
1285 4909 1479 4979 ἔχομεν
1510 4912 1649 4965 αύτά
1671 4916 1728 4966 ὲν

147 4991 229 5061 τῷ
260 4991 394 5061 ναῷ,
420 4992 534 5045 ἀλλ’
571 4995 651 5056 εἰς
683 4995 991 5064 ἀνάμνησιν
1024 4990 1169 5048 Θεοῦ
1213 5000 1307 5051 καὶ
1341 4998 1500 5063 δόξαν
1534 5002 1599 5053 τὰ
1624 5002 1730 5053 Χε-

152 5084 354 5151 ρουϐὶμ
379 5082 550 5135 ταῦτα
573 5081 767 5153 ἔχομεν
801 5087 857 5137 ἐν
879 5085 958 5156 τῷ
979 5087 1111 5156 ναῷ.
1138 5088 1199 5141 Εἰ
1223 5088 1312 5141 οῦν
1335 5091 1509 5143 ταῦτα
1533 5090 1725 5154 οὕτως,

149 5175 269 5237 πῶς
306 5175 427 5241 ἐμοὶ
486 5175 613 5244 περὶ
669 5176 891 5229 εἰκόνων
942 5179 1231 5247 ὲγκαλεῖς;
1275 5180 1397 5232 Ἀλλ
1438 5185 1581 5251 ἐρεῖς
1614 5200 1724 5251 μοι,

150 5268 235 5319 ὅτι
260 5269 287 5317 ὀ
312 5265 442 5327 Θεὸς
481 5264 557 5334 τῷ
587 5266 793 5337 Μωῦσῇ
844 5271 1143 5338 προσέταξε
1177 5274 1402 5341 ποιῆσαι
1434 5276 1491 5325 ὲν
1516 5274 1593 5342 τῷ
1616 5274 1727 5342 ναῷ

152 5356 221 5408 τά
248 5355 481 5423 γλυπτά.
515 5356 683 5425 Κάγὼ
702 5357 857 5410 τοῦτο
882 5358 1025 5427 λέγω
1048 5377 1061 5416 '.
1124 5361 1237 5413 ἀλλ’
1263 5365 1290 5415 ὀ
1313 5363 1563 5433 Σολομὼν
1587 5368 1729 5418 ἐκεῖ·
1771 5391 1774 5394 ~

154 5448 249 5502 θεν
269 5449 554 5519 ὁδηγηθεὶς
587 5452 681 5502 καὶ
718 5452 937 5504 πλείονα
964 5455 1022 5505 ὲν
1051 5452 1129 5524 τῷ
1154 5454 1267 5523 ναῷ
1297 5457 1728 5517 κατεσκεύασεν,

153 5538 298 5607 ἅπερ
313 5540 430 5593 οὐδὲ
450 5541 478 5593 ό
502 5540 635 5607 Θεὸς
654 5542 799 5613 αὐτῷ
822 5544 1174 5615 προσέταξεν,
1200 5545 1367 5616 οὐδὲὴ
1396 5550 1565 5619 σκηνὴ
1586 5550 1617 5618 ἡ
1640 5549 1732 5602 τοῦ

229 5717 251 5749 '
283 5717 415 5774 Gen.
450 5734 521 5784 ιι,
566 5720 653 5773 l7.

1828 4556 1883 4600 et
1934 4544 2165 4614 palmis,
2235 4553 2289 4596 ct
2353 4542 2651 4606 leonibus,
2716 4544 2807 4612 qui
2869 4553 3031 4599 erant
3081 4544 3136 4597 in
3198 4545 3401 4614 templo

1829 4636 2063 4708 sculpti?
2093 4634 2235 4689 Nihil
2263 4636 2493 4692 haberes
2515 4636 2702 4704 utique
2724 4650 2921 4689 verum
2936 4638 3002 4691 ad
3043 4652 3167 4691 cum
3212 4638 3402 4692 dicen-

1828 4730 1980 4794 dum,
2012 4728 2119 4782 nisi
2148 4728 2250 4783 hoc
2274 4769 2287 4793 ,
2327 4728 2454 4797 quia
2507 4729 2622 4781 {Vou
2666 4736 2723 4781 ut
2770 4728 2903 4782 deos
2942 4727 3207 4793 habemus
3237 4744 3300 4782 ea
3348 4731 3403 4783 in

1831 4820 2056 4889 templo,
2089 4819 2183 4873 sed
2213 4822 2278 4873 ad
2312 4819 2747 4873 recordationem
2781 4817 2876 4899 Dei
2916 4829 2971 4874 et
3015 4821 3240 4891 gloriam
3272 4823 3403 4877 istos

1829 4914 2113 4969 cherubim
2144 4913 2410 4967 habemus
2434 4912 2487 4966 in
2522 4912 2745 4980 templo.
2783 4910 2841 4965 Si
2872 4927 3000 4982 ergo
3044 4913 3160 4967 hac
3219 4915 3293 4967 ita
3344 4929 3403 4969 se

1829 5006 2069 5071 habent,
2100 5005 2371 5074 quomodo
2424 5019 2511 5058 me
2567 5019 2734 5073 super
2780 5004 2955 5059 iconis
2993 5006 3267 5061 accusas?
3295 5006 3403 5061 Sed

1826 5098 1964 5152 dicis
2005 5097 2163 5159 mihi,
2211 5096 2335 5165 quia
2383 5095 2527 5150 Deus
2579 5094 2745 5166 Moysi
2804 5096 3065 5165 praecepit
3112 5095 3292 5151 facere
3350 5098 3405 5151 in

1829 5188 2031 5258 templo
2060 5187 2365 5257 sculptilia:
2398 5196 2453 5240 et
2494 5202 2596 5257 ego
2640 5187 2744 5240 hoc
2788 5187 2951 5254 dico;
3010 5188 3105 5242 sed
3150 5187 3404 5241 Salomon

1828 5278 1956 5332 hinc
1992 5277 2235 5332 directus
2285 5277 2447 5330 etiam
2482 5277 2635 5346 plura
2722 5277 2777 5331 in
2837 5277 3040 5347 trmplo
3098 5280 3405 5333 construxit

1832 5384 1953 5437 quae
1986 5383 2163 5438 neque
2193 5368 2241 5421 ei
2270 5367 2417 5423 Deus
2446 5367 2706 5438 praecepit
2734 5409 2749 5434 ,
2775 5383 2956 5438 neque
2993 5370 3402 5424 tabemaculutu

1834 5457 2131 5513 testimonii
2180 5458 2369 5512 habuit
2399 5498 2413 5518 ,
2452 5474 2629 5527 neque
2683 5459 2944 5527 templum
2975 5459 3120 5529 quod
3152 5459 3405 5513 Ezechiel

1833 5564 1894 5603 ex
1933 5534 2044 5602 Deo
2075 5548 2494 5615 comtemplatus
2528 5556 2613 5601 est
2636 5587 2649 5609 ,
2684 5557 2739 5603 et
2769 5563 2875 5602 non
2905 5557 2987 5602 est
3032 5548 3085 5602 in
3135 5548 3236 5603 hoc
3300 5547 3403 5599 Sa—

765 5722 807 5751 "
847 5720 972 5790 Sap.
1004 5738 1088 5785 Iv,
1120 5722 1172 5774 '7.
1232 5721 1295 5776 IV
1332 5723 1464 5796 Reg.
1504 5741 1577 5779 vl.
1657 5727 1696 5758 ί¹
1738 5726 1802 5781 IV
1859 5728 1988 5797 Reg.
2048 5743 2107 5793 ll,
2150 5724 2241 5790 l9;
2296 5723 2471 5780 ινξο-
