4118 6432
127 387 256 451 1609

1383 381 1678 442 CONTRA
1727 381 2052 443 JUDEOS.

3230 383 3364 449 1610

115 497 246 549 Θεὸν
277 490 462 563 ἡμῶν,
510 488 604 543 καὶ
649 487 740 542 τὸν
779 486 947 541 τύπον
977 486 1072 542 τοῦ
1105 486 1338 559 σταυροῦ
1370 489 1562 553 αὑτοῦ,
1597 491 1688 542 καὶ

1793 501 1846 546 et
1874 493 2220 547 characteres
2269 502 2580 547 sanctorum
2641 494 2781 563 ejus.
2815 493 2950 560 Quia
2996 495 3170 564 ipsum
3208 496 3367 550 decet

113 589 238 646 τοὺς
274 581 630 653 χαρακτῆρας
660 581 768 635 τῶν
797 581 970 649 ἁγίων
997 580 1179 634 αὑτοῦ.
1225 581 1349 633 Ὅτι
1381 581 1529 651 αὑτῷ
1557 581 1690 651 πρέ-

115 696 207 733 πει
231 677 358 741 δόξα
395 674 492 727 σὺν
515 673 591 742 τῷ
638 674 812 741 Πατρὶ
847 675 942 726 καὶ
968 672 1045 742 τῷ
1065 673 1206 743 ἁγίῳ
1231 672 1532 742 Πνεύματι,
1594 672 1689 726 νῦν

113 773 211 824 καὶ
243 769 352 834 ἀεὶ,
382 766 478 820 καὶ
507 766 587 827 εἰς
608 766 733 828 τοὺς
757 766 958 829 αἰῶνας
985 767 1090 820 τῶν
1119 765 1348 819 αἰώνων.
1388 766 1559 835 Ἀμήν
1588 765 1685 834 (⁸).

1799 584 1970 654 gloria
2019 599 2143 638 cum
2219 583 2377 638 Patre
2425 599 2490 638 ac
2554 582 2759 653 Spiritu
2804 595 2994 640 sancto
3025 627 3040 651 ,
3098 601 3242 640 nunc
3313 597 3370 642 et

1797 691 2014 747 semper
2037 716 2052 742 ,
2094 685 2150 731 et
2186 676 2240 730 in
2274 679 2470 733 saecula
2511 678 2856 733 saeculorum.
2899 681 3071 733 Amen

1607 945 1840 1002 NOTAE.

183 1042 269 1111 (‘)
303 1043 427 1097 Herc
477 1042 618 1110 apud
669 1040 844 1096 λιιιηεὶ
894 1048 1226 1111 sequuntur:
1268 1039 1681 1111 levsmytivo;

108 1103 415 1171 t‘mlaiconoc
445 1103 828 1172 Κώνσταντὶας
857 1103 1212 1176 τῆξΚύπφυ
1240 1103 1390 1157 εἶπεν
1409 1123 1422 1136 ·
1457 1103 1622 1168 Οὗτος
1655 1109 1682 1158 ὁ

106 1183 484 1249 ἀναγνωσθεὶς
513 1183 698 1249 Πατὴρ
730 1185 784 1230 ἐν
827 1180 925 1249 μιᾷ
964 1177 1077 1249 τῷν
1096 1179 1301 1249 πόλεων
1328 1178 1423 1245 τῆς
1452 1179 1680 1244 Κύπρου

105 1245 462 1319 ὶερόπρεπῶς
483 1245 759 1320 διέπρὲψε.
792 1245 1092 1320 Kal;de
1137 1245 1387 1320 ἐγκιξμια
1417 1249 1517 1320 uel?
1546 1266 1684 1320 παν-

105 1309 420 1388 ηῨυρίκοὺς
448 1309 642 1385 θλόγουξς
675 1309 840 1372 αὑτοῦ
875 1309 1224 1388 ἐχθμενλμεῦξ
1250 1309 1322 1368 ὧν
1348 1317 1437 1367 καὶ
1477 1319 1554 1378 εἰς
1586 1316 1683 1388 τὴν

109 1384 540 1460 μέταμόρφωσιν
567 1391 658 1460 τοῦ
684 1384 1160 1460 Σιυῖἦροξ-ξήῐτίῶ“θο
1196 1387 1584 1460 Σηνεγράψατφ
1630 1387 1686 1437 δὲ

105 1457 207 1511 ita!
266 1457 355 1511 est
392 1460 504 1529 βίον
551 1459 642 1511 τοῦ
704 1457 858 1524 ἁγίου
932 1457 1176 1509 Ἰωάννου
1223 1457 1685 1529 ’ἀρχιεπιεξκρτςου

117 1524 534 1598 ’Δλεξανδρεξας
558 1529 650 1580 τοῦ
686 1529 1006 1594 Ἐλεήμονος
1023 1544 1033 1555 ·
1060 1527 1139 1577 ἔτι
1177 1526 1284 1598 μὴν
1305 1527 1393 1576 καὶ
1422 1524 1517 1598 ταῦ
1540 1526 1686 1598 ὀσίογυ

103 1599 343 1667 Συμεὼν
372 1596 464 1651 ’ἑοῦ
487 1600 677 1654 Σαλοῦ.
714 1600 807 1650 καὶ
837 1598 997 1667 ἓτερᾲ
1020 1613 1140 1647 τινα
1164 1613 1178 1626 ’
1205 1596 1298 1667 καὶ
1327 1596 1549 1667 tundat
1578 1597 1690 1667 τοῖς

99 1662 293 1736 λόιὲοις
321 1669 483 1721 αὑτοῦ
511 1667 786 1732 ὸρθόδσξοξ
812 1666 1156 1736 γνωρίζεταρ.
1173 1735 1180 1736 7
1200 1662 1452 1736 'prlats
1474 1665 1530 1714 δὲ
1551 1664 1693 1736 κατὰ

100 1731 240 1801 rei);
276 1731 498 1808 χρόνους
533 1731 839 1809 Μαυρικίού
868 1731 961 1789 τοῦ
997 1735 1263 1806 βασιλέως
1286 1751 1295 1760 ’
1322 1731 1694 1787 Constantinus

1788 1039 2152 1094 sanctissimus
2194 1039 2462 1104 episcopus
2499 1038 2819 1093 Constantire
2857 1039 3018 1105 Cypri
3049 1040 3182 1091 dixit
3209 1057 3228 1093 :
3259 1040 3368 1095 Hic

1790 1110 1877 1180 qui
1906 1110 2065 1161 lectus
2090 1108 2370 1180 est‘l’ater,
2401 1109 2455 1160 in
2481 1126 2584 1160 uua
2612 1110 2832 1180 urbium
2866 1108 3025 1176 Cypri
3072 1114 3252 1163 decore
3278 1125 3369 1164 sa”

1792 1177 2087 1231 cratissimo
2139 1177 2367 1230 claruit:
2413 1187 2462 1230 et
2509 1179 2678 1230 multa
2727 1180 2990 1246 prwconia
3017 1219 3030 1242 ,
3086 1189 3134 1232 et
3162 1181 3368 1248 festivo8

1790 1266 2050 1302 sermones
2077 1249 2189 1312 cius
2215 1248 2480 1306 habemus.
2513 1265 2632 1301 cum
2676 1250 2860 1317 quibus
2893 1259 2965 1300 est
3014 1249 3171 1300 etiam
3199 1267 3369 1302 sermo

1791 1319 1905 1386 ejus
1935 1321 1988 1371 in
2023 1317 2540 1386 trausﬁgurationem
2572 1317 2866 1371 Saluatoris
2897 1319 3081 1370 nostri.
3130 1318 3369 1371 Conscri-

1788 1390 1887 1456 psit
1909 1401 2086 1440 autem
2115 1397 2162 1439 et
2193 1390 2352 1440 vitam
2377 1389 2547 1440 sancti
2590 1388 2812 1441 Joannis
2856 1389 3227 1453 archiepiscopi
3248 1390 3369 1441 Alce

1787 1459 2028 1512 (ωηατ-ἕω
2059 1467 2389 1524 cognomento
2423 1457 2732 1520 Eleemonis,
2779 1460 2834 1511 id
2862 1469 2955 1519 est,
2985 1458 3367 1513 misericordis:

1791 1529 1917 1598 quin
1946 1539 1993 1580 et
2020 1528 2188 1580 sancti
2234 1526 2508 1595 Symewtis
2538 1527 2809 1592 simplicis,
2853 1538 2898 1581 et
2924 1528 3032 1580 alia
3073 1529 3310 1597 quoidam
3348 1545 3367 1582 :

1791 1608 1946 1666 atque
1979 1599 2034 1649 in
2066 1598 2306 1660 omnibus
2337 1598 2658 1650 sermonibus
2695 1599 2804 1650 suis
2835 1598 3154 1650 ortltodoxus
3197 1599 3365 1650 cerni-

1790 1677 1898 1720 tur.
1935 1667 2134 1721 Floruit
2170 1676 2346 1720 autem
2373 1667 2691 1735 temporibus
2723 1667 2973 1720 Mauricii
3014 1667 3366 1735 imperatoris.

1170 2105 2319 2233 FRAGMENTUM.

857 2512 1363 2606 LEONTII
1504 2512 2048 2606 EPISCOPI
2185 2513 2593 2604 CYPRII

1065 2732 1646 2848 CONTRA

1784 2731 2412 2847 JUDXEOS.

1138 2956 1425 3027 (CANISIUS,
1462 2955 1636 3026 Αιδης.
1671 2954 1902 3008 Lection.
1941 2961 1979 3008 t.
2016 2953 2056 3018 1,
2097 2968 2149 3022 p.
2192 2950 2341 3016 765.)

187 3271 450 3338 Ostende,
505 3269 705 3338 inquit,
758 3265 891 3319 mihi
954 3265 1105 3334 signa
1150 3266 1418 3319 adventus
1483 3265 1688 3319 Christi
1718 3253 1766 3311 Β
1794 3265 2161 3319 crediderunt.
2184 3263 2497 3318 Secundum
2531 3279 2660 3318 vero
2689 3245 3372 3336 anagogen:Nonlevabit

113 3369 264 3438 apud
284 3366 580 3420 Micltaaam.
604 3379 622 3411 ι
645 3359 763 3415 Νοη
779 3358 1006 3426 amplius
1030 3357 1218 3410 levabit
1235 3374 1356 3426 gens
1369 3367 1548 3410 contra
1567 3374 1695 3426 gen-

115 3470 223 3513 tem
245 3457 599 3522 rhompliaeam
631 3453 686 3517 ¹;
725 3469 743 3501 s
787 3458 841 3505 et
869 3449 998 3503 illud
1027 3449 1170 3517 apud
1191 3448 1478 3502 Jeremiam
1515 3465 1529 3501 :
1573 3446 1694 3499 Non

114 3550 279 3613 enim,
320 3547 512 3615 inquit.
543 3543 794 3596 docebunt
852 3539 1082 3607 amplius
1123 3539 1473 3608 unusquisque
1511 3541 1693 3606 proxi-

115 3658 264 3695 mum
296 3654 448 3692 suum
469 3638 644 3690 dicens
666 3675 680 3696 ,
717 3647 959 3702 cognosce
1001 3631 1322 3692 Dominum;
1359 3631 1481 3698 quia
1518 3645 1696 3681 omnes

114 3738 425 3801 cognoscent
463 3743 546 3781 me
573 3744 605 3778 α
627 3741 789 3794 parvo
827 3739 988 3792 usque
1021 3722 1092 3773 ad
1129 3737 1380 3789 maguum
1412 3721 1454 3782 ’,
1485 3731 1535 3772 et
1561 3719 1691 3773 illud

114 3823 263 3892 apud
314 3820 504 3874 Isaiam
538 3838 552 3871 :
592 3817 869 3878 Pascetur,
918 3813 1111 3882 inquit,
1157 3812 1309 3879 lupus
1358 3827 1478 3862 cum
1531 3825 1688 3878 agno,

113 3924 166 3968 et
202 3914 398 3982 pardus
427 3908 587 3964 simul
621 3907 899 3975 requiescet
930 3921 1045 3956 cum
1073 3902 1222 3954 Itde
1263 3919 1280 3963 ;
1307 3910 1355 3952 et
1403 3899 1610 3963 vitulus,
1641 3907 1690 3950 et

116 4016 325 4067 taurus,
384 4013 431 4056 et
478 4000 560 4052 leo
588 3997 750 4052 simul
800 4004 1102 4063 pascentur,
1131 4001 1179 4045 et
1203 3990 1365 4044 catuli
1399 4006 1578 4042 eorum
1612 3990 1688 4043 si-

114 4095 233 4150 mul
265 4102 435 4155 eruttt,
473 4101 522 4145 et
563 4090 641 4143 leo
677 4099 833 4157 atque
884 4086 972 4139 bos
1004 4083 1162 4137 simul
1190 4083 1452 4135 comedent
1486 4081 1687 4150 paleas,

115 4198 165 4240 et
197 4201 327 4256 puer
359 4198 551 4252 paruus
574 4182 628 4233 in
661 4181 896 4248 foramen
933 4177 1195 4244 aspidum,
1225 4184 1272 4226 et
1311 4175 1367 4226 in
1391 4173 1557 4225 cubile
1597 4189 1692 4224 na-

115 4285 295 4328 torum
325 4289 388 4327 ea:
425 4270 695 4340 aspidibus
719 4282 928 4320 manuni
961 4264 1149 4327 mittet,
1175 4271 1222 4314 et
1251 4277 1351 4313 non
1384 4261 1688 4314 nocebunt'.

115 4365 248 4419 llaec
276 4363 422 4416 enim
464 4370 548 4413 est
575 4359 888 4412 Judseorum
934 4353 1242 4422 pervulgata
1278 4351 1527 4418 quaestio.
1580 4350 1689 4404 Ad-

113 4462 336 4509 vertant
362 4462 542 4505 autem
588 4446 773 4501 omnia
805 4446 966 4501 facta.
994 4451 1049 4496 et
1074 4443 1140 4496 ad
1184 4442 1386 4495 exitum
1427 4439 1688 4509 perducta

112 4563 261 4602 esse.
289 4544 426 4598 Cum
452 4542 598 4594 enim
622 4547 887 4592 venturus
915 4541 1033 4587 erat
1056 4532 1327 4594 Christus,
1359 4531 1540 4585 statim
1566 4533 1686 4586 exi-

112 4640 198 4692 vit
225 4638 462 4690 edictum
485 4649 516 4686 a
532 4632 746 4686 Caesare
766 4630 1029 4696 Augusto,
1053 4633 1111 4678 ut
1138 4625 1541 4680 describeretur
1569 4625 1687 4678 uni-

110 4743 312 4784 versus
348 4726 514 4782 orbis.
544 4722 740 4778 deinde
756 4719 902 4774 οηιηί
934 4727 1094 4789 gente.
1144 4717 1196 4770 in
1230 4725 1549 4786 potestatem
1581 4715 1691 4768 Ro-

112 4833 404 4872 manorum
436 4815 678 4874 redacta,
731 4826 924 4864 omnes
967 4824 1151 4878 pacem
1185 4807 1450 4870 fecerunt,
1484 4816 1540 4860 et
1579 4821 1688 4859 non

109 4909 354 4976 amplius
379 4908 522 4958 inter
548 4919 606 4956 se
625 4902 767 4957 bella
792 4911 1063 4972 gerentes,
1086 4901 1287 4968 quippe
1311 4898 1405 4967 qui
1439 4899 1541 4952 sub
1581 4913 1689 4951 uno

109 5001 294 5069 capite
321 5007 524 5057 essent,
547 4999 613 5049 ad
646 4993 1028 5062 agriculturam
1063 5007 1120 5045 se
1146 4998 1551 5044 converterunt.

189 5091 346 5156 Quod
368 5090 410 5142 si
441 5104 561 5157 quae
591 5096 781 5157 gentes
813 5084 1011 5138 relicta:
1030 5095 1156 5136 sunt
1179 5083 1462 5141 bellantes,
1492 5081 1690 5134 idioma

113 5183 420 5249 Scriptum
470 5188 573 5239 est,
620 5178 670 5230 id
705 5184 807 5240 est,
865 5178 1084 5244 propria
1134 5174 1492 5231 consuetudo.
1543 5172 1689 5241 loqui

109 5274 376 5329 universe
403 5271 469 5325 de
496 5269 700 5336 majore
727 5276 899 5334 parte.
926 5265 1247 5332 Huiusmodi
1266 5275 1346 5317 est
1369 5264 1497 5316 illud
1527 5263 1690 5317 trium

108 5376 413 5433 puerorum
449 5379 459 5412 :
486 5357 606 5411 Non
635 5365 709 5408 est
739 5356 793 5407 in
821 5364 1046 5422 tempore
1074 5356 1167 5406 Ιιοε
1191 5355 1448 5423 princeps,
1483 5363 1530 5405 et
1565 5369 1688 5420 pro-

107 5455 274 5524 pheta
306 5453 328 5482 δ
361 5468 376 5516 ;
411 5460 569 5504 erant
598 5447 743 5501 enim
787 5446 996 5508 Daniel,
1052 5455 1106 5499 et
1146 5445 1396 5498 Ezechie-I
1441 5460 1562 5498 cum
1607 5446 1688 5512 ip-

107 5545 240 5606 sis;
285 5553 340 5597 et
390 5542 673 5602 Jeremias,
714 5537 1100 5605 Hierosolymis
1135 5555 1146 5589 :
1193 5545 1245 5590 et
1291 5536 1455 5589 multa
1496 5537 1688 5604 hujus-

112 5635 264 5690 modi
317 5641 463 5688 sunt.
514 5633 620 5684 Aut
678 5630 964 5699 prophetia
1009 5636 1094 5682 est
1145 5629 1213 5682 de
1258 5630 1532 5698 gentibus,
1568 5643 1689 5697 quae

189 5795 205 5824 ¹
238 5791 401 5846 Mich.
437 5809 511 5855 tv,
547 5793 600 5844 5.
678 5790 916 5845 'Jerem.
958 5807 1103 5853 xxxi,
1139 5793 1226 5844 5i.

486 5886 759 5946 PATBOL.
803 5886 918 5947 (in.
968 5886 1193 5947 XCIII.

1303 5793 1323 5824 ³
1356 5793 1458 5848 lsa.
1525 5810 1602 5857 xl,
1634 5789 1688 5860 6,
1725 5791 1778 5846 9.

1797 3372 1929 3423 gens
1953 3355 2263 3408 daemonum
2293 3354 2345 3407 in
2372 3362 2588 3424 gentem
2620 3355 2900 3408 hominum
2931 3355 3166 3426 gladium
3200 3356 3373 3410 idolo-

1796 3447 1984 3507 tatriae,
2024 3446 2113 3514 qui
2146 3445 2344 3499 occidit
2376 3445 2609 3506 animas,
2656 3454 2710 3498 et
2736 3446 2897 3514 eripit
2940 3462 3161 3500 sensum
3189 3447 3374 3517 cogni-

1795 3540 1958 3589 llOlliS
1982 3535 2092 3589 Dei.
2134 3533 2234 3590 Ubi
2281 3535 2427 3589 enim
2467 3535 2823 3606 Evangelium
2872 3537 3222 3605 praedicatum
3264 3547 3368 3602 est,

1793 3642 1984 3679 omnes
2005 3642 2171 3679 unum
2199 3642 2398 3695 corpus
2426 3626 2969 3692 lactisunt,etunum
2993 3638 3157 3696 caput
3187 3628 3374 3681 Chris-

1795 3724 1907 3769 tum
1945 3717 2272 3778 habuerunt,
2309 3727 2364 3770 et
2387 3726 2647 3772 terrorem
2681 3719 3021 3772 dmmonibus
3048 3719 3369 3776 intulerunt.

1795 3805 1925 3858 Illud
1957 3806 2100 3857 enim
2137 3823 2149 3858 :
2183 3806 2300 3859 Non
2332 3807 2442 3858 veni
2483 3808 2686 3859 mittere
2717 3823 2919 3875 pacem.
2964 3808 3052 3859 sed
3077 3807 3369 3876 gladium',

1791 3911 1900 3948 non
1933 3897 2000 3950 de
2025 3897 2204 3966 gladio
2233 3897 2378 3951 civili
2407 3898 2614 3951 dictum
2645 3905 2768 3960 est;
2801 3898 3011 3967 gladius
3045 3900 3192 3953 enim
3208 3915 3370 3969 quem

1790 3987 1938 4040 misit
1963 3987 2236 4053 Christus,
2273 3990 2589 4058 praedicatio
2617 3998 2794 4048 est,et
2814 3990 2944 4043 lidcs
2972 3991 3372 4059 praedicationis

1789 4079 2037 4133 dividens
2068 4081 2278 4134 ﬁdelem
2301 4082 2370 4134 ab
2397 4081 2624 4142 inﬁdeli,
2657 4089 2710 4134 et
2742 4096 2999 4135 resccans
3025 4084 3119 4150 τὴν
3155 4086 3248 4136 ἐπὶ
3273 4101 3371 4137 κα-

1791 4170 1872 4240 κῷ
1901 4171 2104 4238 σχέσιν,
2134 4172 2227 4223 καὶ
2269 4173 2594 4240 συμφωνίαν
2618 4172 2792 4241 αὐτῷ,
2811 4173 2863 4226 id
2893 4183 2997 4234 est,
3026 4174 3369 4229 aﬁectionem

1791 4261 1926 4321 vitii.
1963 4270 2018 4314 et
2045 4277 2168 4315 cmn
2197 4278 2263 4316 eo
2288 4264 2728 4320 consensionem.
2759 4264 2848 4317 Sic
2865 4265 2929 4317 ad
2953 4264 3084 4318 illud
3109 4265 3367 4320 Michmze.

1862 4351 2154 4408 Videamus
2196 4355 2462 4424 deinceps
2495 4356 2624 4408 illud
2697 4356 2839 4424 apud
2869 4355 3182 4411 Jeremiam.
3234 4356 3369 4410 Cum

1789 4445 1936 4499 enim
1966 4447 2162 4511 multa,
2198 4457 2255 4500 et
2293 4463 2490 4518 Inagna
2525 4447 2680 4517 signa
2713 4446 2967 4503 Christus
2995 4448 3217 4512 laceret,
3252 4465 3373 4504 om—

1787 4552 1887 4590 nes
1914 4553 1943 4590 a
1976 4553 2140 4605 parvo
2172 4553 2346 4606 usque
2406 4539 2474 4591 ad
2502 4554 2758 4608 magnum
2807 4539 2998 4593 oculos
3059 4540 3369 4594 habuerunt

1797 4629 2090 4698 magistros
2129 4630 2460 4699 cognitionis
2508 4629 2629 4690 Dei.
2662 4647 2899 4700 cumque
2946 4633 3195 4697 virtutes,
3250 4647 3373 4702 quae

1797 4719 1967 4774 Deum
1984 4721 2280 4781 decebant,
2301 4722 2738 4787 considerarent,
2765 4723 2874 4777 cito
2905 4738 3002 4792 per
3026 4724 3237 4791 seipsos
3253 4739 3375 4794 cog-

1796 4821 2068 4865 noverunt
2099 4811 2267 4866 Deum
2293 4828 2436 4877 esse,
2475 4825 2532 4867 ut
2569 4816 2699 4869 licet
2724 4815 3028 4886 intelligere
3063 4832 3173 4869 non
3197 4816 3371 4871 solum

1795 4913 1861 4952 ex
1897 4898 2178 4968 Scriptura
2213 4901 2658 4971 Evangeliorum,
2700 4903 2796 4958 sed
2825 4920 2890 4958 ex
2931 4906 3236 4959 Annalibus
3267 4905 3375 4958 He-

1798 4990 2090 5051 buturum,
2124 5002 2182 5047 et
2228 4994 2481 5049 llistoriis
2524 4996 2833 5065 gentilium.
2868 4995 3162 5066 Reliquum
3211 4996 3377 5067 igitur

1797 5089 1904 5143 est,
1953 5091 2014 5136 ut
2059 5083 2310 5138 dicamus
2331 5085 2400 5137 de
2430 5084 2586 5154 signo
2643 5084 2916 5140 adventus
2967 5086 3168 5140 Christi
3230 5085 3372 5154 apud

1798 5171 2010 5225 Isaiam.
2038 5173 2135 5228 Hic
2161 5177 2425 5244 pr0pheta
2450 5190 2514 5228 ex
2549 5175 2856 5230 differentia
2881 5178 3113 5231 feritatis
3137 5186 3192 5230 et
3222 5192 3373 5230 man-

1801 5264 2114 5318 suetudinis
2140 5266 2444 5320 belluarum
2474 5268 2769 5320 declaravit
2803 5268 3048 5322 diversos
3079 5284 3258 5322 mores
3278 5269 3375 5322 ho-

1804 5355 2012 5405 minum
2066 5372 2078 5407 :
2130 5363 2186 5406 et
2238 5371 2304 5409 ex
2340 5356 2556 5409 illorum
2588 5356 2644 5408 in
2679 5358 3080 5425 compascendo
3140 5359 3376 5426 conjun-

1799 5444 2003 5507 ctione,
2039 5461 2208 5500 unum
2271 5449 2463 5501 horum
2518 5449 2681 5513 ovile,
2722 5457 2779 5502 et
2835 5448 3105 5504 Ecclesias
3167 5465 3234 5504 ex
3293 5450 3378 5505 his

1799 5537 2206 5590 constituendas
2262 5538 2316 5591 in
2369 5539 2702 5608 :enigmitate
2755 5539 3100 5610 signiﬁcavit.
3160 5541 3376 5609 Lupum

1798 5629 2018 5697 quidem
2078 5631 2288 5683 vocavit
2340 5633 2584 5685 velocem
2625 5633 2690 5685 ad
2746 5634 3120 5704 rapiendum;
3177 5651 3375 5704 agnum

1858 5793 1878 5824 ⁸
1903 5793 2034 5848 Dan.
2075 5812 2153 5861 tu,
2189 5797 2276 5851 '58.
2355 5798 2374 5825 “
2408 5799 2606 5852 Matth.
2634 5813 2684 5861 κ,
2721 5799 2810 5851 ⁸54.

2942 5892 3013 5949 .ii
