4118 6432
835 346 966 408 1611

1854 342 2125 400 LEONTl
2144 341 2161 397 l
2204 340 2253 399 Ν
2259 338 2716 398 EAPOLITANI
2758 337 3100 397 EPISCOPI
3974 334 4013 396 16

833 475 963 515 vero
993 474 1140 523 eum,
1173 471 1334 527 quem
1376 456 1533 509 l’acile
1568 464 1650 510 cst
1690 469 1907 518 vexare,
1946 466 2001 508 et
2038 453 2358 508 calumniari
2387 471 2402 518 ;
2436 459 2476 513 Α
2510 468 2651 515 rum,
2689 466 2921 520 quorum
2991 457 3204 518 partus,
3237 456 3294 499 ct
3332 445 3576 511 soboles,
3605 454 3756 499 sunt
3812 444 4013 511 passion

831 548 1059 618 pardum
1094 561 1223 599 vcro
1244 545 1332 597 τὸν
1360 544 1873 613 ποικιλόγνωμονάιι
1904 553 2007 606 est,
2031 544 2399 611 versipellem,

830 640 1044 693 luedum
1094 646 1278 691 autem
1324 637 1628 706 simplicem
1680 653 1692 701 ;
1752 636 1982 690 vitulum
2029 645 2399 695 mansuetum.

832 740 1045 782 taurum
1081 742 1210 780 vero
1242 726 1525 789 audacem,
1549 726 1763 779 leonem
1797 728 2274 796 superbum,quos
2303 725 2404 779 du-

831 831 939 884 cet,
971 821 1167 889 inquit,
1196 830 1251 873 et
1284 828 1472 888 pascet
1504 819 1668 871 homo
1711 820 1999 887 prudentia
2044 821 2265 888 quidem
2314 833 2403 872 se-

831 928 958 972 nex,
985 911 1299 963 innocentia
1331 924 1460 963 vero
1490 920 1545 963 et
1578 910 1884 963 humilitate
1910 925 2065 978 puer,
2085 926 2147 963 ac
2175 924 2404 979 magnus

831 1002 1050 1070 quidem
1086 1002 1309 1063 virtute,
1339 1015 1540 1068 parvus
1558 1010 1740 1053 autem
1776 1000 1982 1053 vilitate
2009 1016 2131 1069 qua:
2156 1007 2401 1069 apparet,

831 1101 886 1144 et
916 1093 1200 1144 tenuitate.
1223 1090 1543 1158 Hujusmodi
1569 1099 1699 1144 sunt
1728 1091 1986 1159 praesides
2014 1090 2401 1147 Ecclesiarum.

832 1198 859 1234 a
899 1182 1098 1250 quibus
1147 1181 1237 1249 qui
1274 1182 1520 1235 moribus
1569 1182 1848 1244 dill'erunt,
1896 1190 2290 1252 temperantur,
2350 1191 2406 1236 et

825 1283 1181 1343 coaptantur.
1219 1274 1297 1328 Ac
1327 1289 1517 1329 rurSus
1547 1275 1740 1328 bovem
1769 1274 1990 1343 quidem
2026 1282 2182 1327 vocat
2208 1288 2403 1341 opera-

834 1364 997 1425 rium,
1025 1379 1213 1417 ursum
1247 1380 1377 1417 vero
1420 1379 1670 1417 voracetu
1705 1382 1719 1428 ;
1755 1365 1883 1417 item
1924 1365 2136 1418 leonem
2182 1362 2402 1432 quidem

832 1454 1157 1523 principem.
1182 1464 1237 1508 et
1261 1455 1773 1515 ductorem.bovem
1797 1473 1924 1511 vero
1942 1457 2043 1510 sub
2068 1457 2197 1526 jugo
2229 1456 2403 1509 servi-

834 1546 963 1599 tutis
985 1546 1257 1599 viventem
1286 1563 1351 1601 ae
1377 1549 1704 1616 subjectum,
1723 1550 1903 1617 paleas
1925 1549 2083 1601 vilem
2108 1557 2163 1601 et
2182 1558 2403 1601 tenuem

833 1636 1018 1689 cibum
1044 1637 1185 1705 ejus,
1216 1637 1308 1706 qui
1344 1638 1445 1691 sub
1474 1639 1607 1708 jugo
1636 1647 1741 1691 est.
1772 1637 2033 1692 Comvdet
2077 1638 2223 1690 enim
2280 1652 2405 1691 cum

835 1726 1087 1794 subjecto
1110 1726 1154 1778 is
1170 1727 1261 1794 qui
1296 1728 1541 1795 subjicit,
1567 1738 1790 1798 propter
1812 1729 2074 1783 unitatem
2106 1727 2406 1782 ﬁdeiJ’uer

838 1825 1017 1870 autem
1050 1833 1248 1886 parvus
1279 1827 1363 1873 est
1382 1821 1753 1889 unusquisque
1782 1822 1997 1889 praesul,
2028 1823 2169 1876 sicut
2201 1821 2405 1874 dictum

838 1916 940 1969 est,
979 1908 1180 1963 malitia
1210 1910 1485 1978 parvulus,
1522 1914 1677 1981 cujus
1719 1913 1964 1966 doctrina
2010 1921 2231 1981 propter
2265 1912 2406 1964 mul—

837 2008 944 2052 tam
975 2002 1376 2069 expeditionem
1406 2018 1600 2058 manus
1626 2013 1873 2066 vocatur,
1907 2019 2029 2074 qua:
2062 2005 2404 2067 admovetur,

835 2099 892 2142 et
923 2089 1163 2159 injicitur
1219 2092 1549 2159 inﬁdelibus,
1595 2096 1687 2165 qui
1743 2104 1871 2149 sunt
1923 2096 2406 2161 foramina,etlu-

838 2193 970 2245 stra,
999 2185 1283 2252 accubilia,
1314 2196 1368 2240 et
1412 2187 1688 2242 domicilia
1749 2187 1995 2257 aspidum
2025 2186 2405 2256 spiritualium,

839 2274 889 2327 id
945 2284 1058 2343 est,
1113 2277 1420 2333 daemonum
1486 2288 1915 2343 venenatorum,
1975 2288 2033 2333 et
2092 2278 2403 2333 mortifero-

914 2449 1100 2507 ‘Osee
1126 2468 1187 2520 tt,
1239 2454 1328 2509 18.
1404 2455 1419 2485 τ
1462 2454 1567 2509 lsa.
1615 2470 1767 2521 xuu,
1798 2454 1887 2510 20.

1965 2455 1986 2486 '
2015 2453 2219 2514 Jerem.
2265 2470 2458 2521 xxvut,
2491 2458 2575 2512 l4.
2652 2462 2675 2493 '
2711 2452 2911 2512 Ezecb.
2950 2451 3253 2522 nxtv,25.

2574 544 2749 596 Aliter
2776 540 3074 610 etiam,qui
3107 540 3301 592 vivunt
3327 539 3642 592 secundum
3673 534 4013 595 Cbristum,e

2507 652 2638 690 num
2676 634 2935 703 injiciunt
2962 630 3330 694 daemonibus,
3361 644 3486 683 cum
3518 628 3762 697 signum
3804 626 3969 677 crucis
4006 630 4013 678 i

2506 730 2751 783 ferentes
2802 728 2885 780 eis
2925 741 3037 779 non
3079 726 3269 778 sinunt
3321 724 3715 777 inhabitantes
3780 734 3963 771 nocere
3991 737 4013 772 ε

2506 837 2644 891 quos
2674 820 2949 873 obsident.
2975 816 3132 884 Quod
3156 826 3340 869 autem
3366 816 3573 869 bestias
3617 813 3753 865 sive
3790 811 3925 863 [eras
3950 828 4013 863 τοι

2506 923 2695 985 gentes
2724 928 2867 981 saepe
2894 927 3127 964 numero
3153 909 3458 979 Scriptura,
3478 909 3557 960 ait
3574 905 3740 958 Deus
3766 920 3863 972 per
3888 904 4013 956 05m:

2510 1007 2800 1073 Disponam
2831 1013 3207 1056 testamentum
3231 1003 3289 1053 in
3326 1003 3412 1054 die
3442 1000 3540 1053 illa
3580 1014 3719 1051 cum
3749 997 3922 1047 batiis
3959 1015 4013 1064 ag.

2509 1109 2556 1152 et
2585 1114 2702 1150 cum
2730 1096 3023 1149 volucribus
3054 1094 3190 1160 caeli,
3217 1110 3337 1147 cum
3378 1092 3729 1160 serpentibus
3765 1098 3913 1140 terra:
3938 1090 4013 1157 ‘,g

2508 1190 2775 1244 neraliore
2810 1202 3070 1241 sermone
3100 1186 3308 1240 bestias
3339 1185 3565 1254 quidem
3593 1182 3725 1250 agri
3765 1181 4013 1232 nominati

2508 1282 2677 1337 riuos,
2707 1286 2761 1330 et
2789 1277 3056 1330 immanes
3080 1292 3095 1339 ;
3137 1275 3389 1329 volucres
3406 1289 3539 1327 vero
3568 1271 3865 1331 elatiores,
3887 1286 4013 1335 serpe:

2511 1380 2591 1424 tes
2630 1384 2759 1423 vero
2812 1368 3151 1428 humiliores,
3183 1376 3279 1421 aut
3328 1367 3585 1419 volucres
3620 1361 3856 1432 quidem
3899 1362 4013 1413 dum;

2509 1460 2811 1530 astrologia:
2847 1475 2863 1524 ;
2897 1468 3185 1527 serpentes
3210 1472 3340 1509 vero
3369 1454 3706 1508 sordidatos
3741 1450 4007 1520 passiombe

2507 1562 2561 1605 ct
2587 1567 2776 1605 rursus
2815 1564 2912 1619 per
2944 1549 3134 1602 Isaiam
3176 1566 3188 1601 :
3226 1548 3527 1601 Benedicite
3568 1564 3688 1608 me,
3725 1563 3895 1601 omnes
3930 1552 4011 1599 iw

2508 1644 2663 1713 agri'
2699 1658 2712 1705 ;
2742 1651 2797 1695 et
2837 1643 3036 1695 iterum
3083 1656 3181 1709 per
3206 1638 3500 1693 Jeremiam
3537 1656 3552 1691 :
3590 1637 3741 1691 Dedi
3766 1656 3943 1692 omnem
3973 1654 4013 1689 tae

2512 1752 2628 1787 ram
2666 1732 3148 1786 Nabuchodonosor
3192 1731 3302 1800 regi
3336 1730 3665 1799 Babylonis,
3701 1740 3761 1782 ut
3790 1734 3967 1782 smier
4000 1748 4013 1779 τη

2514 1836 2562 1880 et
2595 1826 2783 1879 bestias
2813 1828 2949 1893 agri,
2968 1835 3024 1876 ut
3054 1832 3397 1890 operartntur
3423 1823 3471 1875 ei
3508 1823 3533 1853 ⁸
3562 1839 3580 1887 ;
3611 1831 3677 1875 et
3714 1822 3771 1876 in
3798 1822 4005 1876 Ezechia‘c

2516 1917 2706 1971 Delebo
2733 1914 2905 1969 malas
2932 1913 3124 1966 bestias
3144 1916 3207 1967 de
3226 1924 3367 1966 terra
3397 1914 3418 1944 ’
3453 1928 3470 1978 ;
3502 1920 3571 1966 ut
3595 1914 3910 1966 omittamus
3928 1930 4005 1964 nua

2513 2023 2635 2078 quae
2681 2015 2810 2061 sunt
2864 2005 3009 2075 apud
3065 2004 3361 2068 Danielem,
3417 2014 3475 2059 et
3529 2004 3683 2059 illud
3723 2003 4008 2071 τεθωραηςλ

2514 2102 2674 2163 enim,
2719 2099 2918 2168 inquit,
2952 2106 3027 2150 est
3062 2097 3320 2166 jumentis
3341 2097 3731 2165 insipientibus
3759 2098 3896 2149 bona

2513 2194 2784 2262 praeditus,
2805 2201 2855 2246 et
2876 2190 3205 2246 assimilatas
3237 2200 3315 2243 est
3339 2190 3444 2243 illis
3482 2191 3555 2243 ¹⁹.

3335 2449 3379 2481 ¹⁰
3402 2447 3552 2507 Psal.
3602 2466 3801 2514 xum,
3829 2453 3900 2507 13.
