4118 6432
88 362 222 423 1615
1022 367 1174 422 νιτλ
1223 365 1465 424 SANCTI
1506 366 1714 422 JOANI‘

1706 366 1792 422 iIS
1832 367 2410 426 ELEEMOSYNAIHI.
2560 448 2565 456 Ι
3198 366 3332 422 16η

99 564 1580 590 am_ﬂ..._.———
1610 567 1625 574 -
1648 566 1768 574 ————
1781 566 2021 575 -————
2030 565 2333 574 ——--———-
2355 564 2634 572 -—-————
2648 563 3334 585 ——-——————m_,-_;_-_—;_~_,

1132 579 1519 589 —————.————.

1455 838 1554 882 JAP
1572 838 1744 882 UARII
1783 840 1959 883 XXIII.

71 1115 746 1324 VITA
912 1116 1870 1336 SANCTI
2023 1114 3150 1329 JOANNIS
3247 1122 3331 1198 “’

1268 1547 2137 1642 ELEEMOSYNABII.

540 1825 910 1885 AUCTORE
953 1825 1304 1887 LEONTIO
1343 1825 1423 1905 (2)
1464 1825 1936 1887 NEAPOLEOS
1987 1825 2426 1888 CYPRORUM
2462 1827 2866 1890 EPISCOPO.

731 2096 1172 2153 INTEHPRETE
1215 2098 1604 2154 ANASTASIO
1638 2099 1715 2171 (3)
1755 2100 1812 2155 S.
1855 2101 1923 2154 Τί.
1963 2101 2027 2154 Ε.
2073 2100 2357 2154 BIBLIOTI

1073 2097 1172 2152 L'I‘E
1215 2098 1604 2154 ANASTASIO
1638 2099 1715 2171 (ὅ)
1755 2100 1812 2155 S.
1855 2101 1923 2154 Τί.
1963 2101 2027 2154 Ε.
2073 2100 2699 2159 ΒΙΒῙΑΙΟἸἬΙΞΟΑῐῖιο.⁴

389 2507 844 2570 ΡΒιΕΙΡΑΤΙΟ
877 2507 1340 2572 .ANASTASII
1389 2508 1503 2568 AD
1561 2508 1972 2573 DOMINUM

1389 2508 1503 2568 AD
1561 2508 1972 2573 DOMINUM
2025 2509 2133 2580 (Μ
2194 2508 2642 2577 NICOLAUM
2695 2509 3007 2572 ΡΑΡΑΜ.

167 2804 455 2873 Cogitante
479 2821 583 2866 me.
609 2821 671 2859 ac
692 2805 785 2860 diu
815 2807 977 2860 tacite
1001 2807 1344 2876 solliciteque
1372 2822 1585 2862 mecum
1618 2808 2023 2875 considerante,
2049 2811 2182 2880 quid
2227 2817 2280 2866 in
2324 2814 2488 2868 domo
2512 2816 2606 2870 Dei
2644 2818 2990 2872 commodius
3016 2833 3079 2874 ac
3102 2819 3324 2888 dignius

98 2900 316 2966 operari
336 2913 573 2967 possem,
599 2914 664 2952 ne
684 2914 747 2952 ea
772 2899 1029 2953 videlicet
1045 2915 1432 2968 prazsumerem
1459 2917 1580 2969 qua:
1604 2900 1738 2954 mihi
1762 2916 1828 2954 cx
1846 2901 2155 2957 ministerio
2175 2905 2384 2958 credita
2407 2922 2518 2960 non
2548 2917 2700 2972 sunt,
2719 2925 2821 2964 nec
2841 2926 3033 2964 rursus
3060 2910 3153 2964 illa
3203 2913 3341 2967 arri-

102 3004 291 3058 perem
323 3004 444 3058 quae
485 2989 744 3058 ingenioli
768 2990 874 3043 mei
897 2989 1046 3044 vires
1065 2990 1360 3054 excedunt,
1386 2991 1686 3045 secundum
1711 2992 1844 3045 illud
1869 2991 2180 3048 Salomonis
2199 2995 2330 3049 :Mel
2348 2997 2611 3061 invenisti,
2637 3002 2842 3053 comede
2859 3002 2998 3071 quod
3015 3002 3203 3073 sufﬁcit
3221 3005 3333 3070 tibi,

101 3095 166 3130 ne
190 3079 324 3148 forte
351 3079 577 3132 satiatus
602 3094 809 3131 evomas
829 3077 963 3132 illud
990 3078 1169 3145 (Prov.
1196 3081 1341 3148 xxv).
1371 3079 1434 3131 Et
1477 3081 1604 3133 alibi
1634 3097 1647 3132 :
1675 3081 1881 3134 Altiora
1915 3089 1964 3133 te
1987 3099 2049 3134 ne
2077 3087 2369 3152 qttmst'ert's,
2395 3097 2444 3140 et
2472 3089 2694 3156 fortiora
2721 3099 2769 3141 te
2795 3108 2857 3143 ne
2877 3103 3146 3149 scrutatus
3181 3096 3340 3164 {ueris

101 3167 290 3227 (Eecli.
326 3169 404 3237 ut)
429 3188 443 3236 ;
473 3187 599 3225 ecce
622 3170 795 3226 subito
815 3171 1028 3236 quidam
1060 3175 1258 3226 strenui
1290 3189 1350 3227 ac
1379 3174 1598 3228 studiosi
1627 3175 1726 3228 viri
1774 3190 1858 3228 me
1902 3173 2166 3229 cohortari
2213 3176 2505 3234 voluerunt.
2554 3188 2609 3229 ut
2650 3178 2701 3230 in
2746 3178 2988 3230 Latinum
3035 3191 3333 3230 sermonem

106 3271 369 3314 verterem
419 3262 696 3316 Leontium
728 3264 794 3317 de
823 3263 958 3318 Vitae
1003 3264 1230 3318 residuis
1271 3265 1350 3334 (5)
1378 3266 1597 3319 Joannis
1629 3265 1968 3319 Alexandrini
2020 3266 2267 3319 antistitis
2289 3305 2302 3327 .
2335 3282 2489 3333 quem
2533 3266 2702 3320 Grani
2749 3278 2964 3334 pmpter
2995 3267 3336 3332 multiplicem

108 3352 561 3416 compassiunem,
605 3368 764 3420 quam
789 3367 909 3423 erga
932 3367 1119 3406 omnes
1151 3353 1477 3419 possidebat,
1502 3354 1692 3407 merito
1717 3364 1770 3407 et
1799 3352 2041 3407 absolute
2067 3353 2372 3413 Eleemona.
2405 3355 2453 3406 id
2479 3365 2579 3416 cst.
2626 3355 3022 3408 misericordem
3046 3355 3338 3422 appellant.

105 3451 367 3509 quatenus
398 3452 574 3497 tantus
604 3445 683 3497 vir
707 3460 811 3498 non
846 3454 1048 3497 tantum
1072 3460 1319 3497 sermone
1346 3444 1554 3506 Graeco,
1582 3459 1762 3496 verum
1791 3445 1950 3498 etiam
1995 3443 2181 3496 Latino
2235 3445 2444 3512 eloquio
2492 3445 2812 3512 pollentibus
2854 3445 3064 3498 utilitati
3108 3453 3250 3500 esset
3285 3454 3340 3498 et

103 3534 402 3584 commodo.

178 3623 513 3688 Quapropter
531 3621 652 3687 quia
686 3637 770 3675 me
789 3621 1005 3689 dignum
1033 3623 1098 3676 ad
1123 3631 1324 3676 tantum
1354 3636 1488 3690 opus
1516 3631 1673 3690 atque
1697 3622 1941 3676 idoneum
1965 3621 2182 3676 minime
2211 3623 2476 3688 perspexi,
2511 3623 2667 3676 levavi
2690 3624 2864 3676 oculos
2893 3639 3028 3675 meos
3058 3625 3108 3674 in
3125 3632 3339 3687 montes,

103 3710 241 3761 unde
254 3714 439 3766 veniret
460 3713 711 3766 auxilium
741 3713 866 3764 mihi
892 3711 1065 3783 (Psal.
1093 3712 1251 3778 cxx);
1280 3714 1461 3782 sicque
1489 3712 1672 3765 solatia
1703 3723 1908 3781 patrum
1944 3721 2000 3765 et
2043 3713 2308 3766 orationes
2339 3713 2621 3775 adhibens,
2671 3725 2774 3765 tam
2828 3713 3118 3780 prolicuuin
3167 3713 3341 3764 virum

95 3815 202 3854 non
234 3818 420 3868 passus
450 3820 565 3858 sum
594 3805 772 3858 celare
794 3804 1016 3861 Latinis.
1043 3805 1147 3860 Sed
1173 3803 1301 3859 licet
1324 3805 1661 3861 membranas
1683 3805 1996 3865 inciderim,
2030 3807 2278 3859 scedulas
2320 3807 2745 3875 praeparaverim,
2776 3822 2879 3857 non
2912 3815 3089 3858 tamen
3122 3804 3344 3857 bunciu

94 3890 343 3946 Codicem
370 3897 632 3948 coxiticere
652 3911 810 3949 ausus
831 3911 971 3962 sum,
995 3908 1277 3964 antequam
1309 3912 1336 3948 a
1367 3897 1724 3949 dominatione
1752 3912 1947 3962 vestra,
1975 3912 2008 3949 ο
2031 3899 2219 3951 millies
2266 3900 2440 3962 beate,
2473 3899 2737 3952 licentiam
2769 3898 2989 3962 adipisci
3043 3896 3340 3964 promerui-

97 3981 279 4046 Neque
305 3984 447 4035 enim
496 3982 577 4037 fas
623 3995 782 4038 estut
812 3986 1012 4053 absque
1055 3986 1254 4040 vicario
1307 3987 1394 4040 Dei
1423 3986 1526 4055 (6),
1580 3987 1776 4056 absque
1826 3989 2089 4055 clavigero
2140 3990 2283 4053 cceli,
2330 3990 2531 4058 absque
2558 4005 2716 4043 Curru
2742 4000 2799 4044 et
2840 3992 3020 4057 auriga
3052 3987 3344 4055 spiritualis

99 4069 331 4134 lsraelis,
364 4076 564 4140 absque
590 4076 952 4128 universitatis
987 4076 1255 4139 pontiﬁce,
1287 4076 1484 4142 absque
1526 4079 1680 4129 unico
1708 4092 1859 4144 papa,
1904 4079 2103 4144 absque
2132 4079 2386 4146 singulari
2415 4091 2646 4148 pastore,
2680 4083 2882 4146 absque
2910 4079 3124 4147 speciali
3157 4075 3336 4134 Patre.

96 4161 296 4228 absque
320 4173 371 4215 te
399 4165 634 4218 omnium
661 4167 862 4221 arbitro
886 4167 1082 4236 aliquid
1105 4178 1510 4222 consummrtur
1529 4177 1619 4220 aut
1648 4169 1964 4236 divulgetur.
1994 4171 2071 4223 Tu
2101 4171 2240 4224 enim
2268 4182 2416 4225 tenes
2441 4172 2616 4225 claves
2657 4171 2817 4224 David
2848 4170 3028 4240 (Luca:
3050 4173 3148 4238 XI),
3172 4178 3228 4222 tu
3251 4184 3343 4220 ac-

96 4253 280 4318 cepisti
311 4254 486 4307 claves
511 4256 768 4313 scientite.
801 4257 855 4309 In
885 4271 1005 4311 arca
1037 4257 1230 4325 quippe
1276 4257 1503 4323 pectoris
1538 4258 1609 4308 tui
1644 4257 1834 4311 tabula!
1866 4261 2164 4312 testamenti
2183 4271 2238 4315 et
2258 4259 2694 4316 mannacmlestis
2742 4259 2948 4325 saporis
2977 4259 3340 4324 requiescunt.

97 4338 175 4394 Tu
201 4344 342 4394 enim
370 4345 508 4409 quod
538 4345 690 4412 ligas.
719 4361 878 4399 nemo
903 4347 1095 4410 solvit;
1126 4349 1263 4414 quod
1295 4348 1477 4409 solvis,
1530 4360 1686 4397 nemo
1727 4347 1887 4416 ligat;
1916 4349 2006 4417 qui
2033 4348 2228 4416 aperis,
2257 4354 2313 4401 et
2357 4361 2517 4401 nemo
2580 4345 3041 4411 claudit;claudis,
3090 4353 3146 4399 et
3190 4359 3346 4398 nemo

98 4433 268 4498 aperit
300 4430 512 4502 (Matth.
540 4435 670 4504 ινι).
705 4436 884 4489 Vicem
913 4451 1138 4503 namque
1165 4437 1217 4488 iu
1242 4439 1397 4489 terris
1423 4437 1660 4504 possides
1688 4440 1799 4491 Dei.

159 4526 298 4582 Cum
397 4535 580 4581 autem
677 4524 825 4579 hunc
906 4526 1117 4581 beatum
1146 4528 1198 4580 in
1228 4527 1470 4581 Latinum
1501 4538 1762 4580 verterem
1785 4527 2072 4594 eloquium,
2099 4541 2195 4580 nec
2216 4527 2520 4581 Grecorum
2547 4527 2816 4593 idiomata,
2849 4542 2948 4582 nec
2974 4541 3157 4581 eorum
3184 4525 3330 4578 ordi—

104 4629 224 4667 nem
258 4616 541 4669 verborum
572 4618 722 4685 sequi
764 4619 909 4685 potui
959 4621 1040 4672 vel
1089 4618 1267 4670 debui.
1313 4616 1425 4670 Non
1457 4618 1597 4671 enim
1628 4617 1845 4669 verbum
1869 4631 1899 4669 e
1931 4617 2127 4679 verbo,
2159 4616 2253 4670 sed
2283 4631 2496 4670 sensum
2526 4631 2558 4670 e
2587 4631 2745 4670 sensu
2796 4617 3060 4684 excerpsi.
3089 4615 3194 4669 Sed
3238 4628 3338 4668 nec

99 4704 315 4758 Latinas
344 4707 553 4773 regulas
583 4723 959 4776 usquequaque
988 4722 1202 4762 servare
1230 4710 1448 4771 curavi,
1479 4707 1604 4759 dum
1637 4715 1838 4760 tantum
1867 4707 2089 4759 intentio
2117 4721 2234 4759 mea
2266 4708 2357 4760 illo
2389 4709 2627 4760 tenderet
2653 4745 2666 4768 ,
2698 4722 2764 4761 ex
2800 4723 2905 4775 quo
2937 4706 3135 4760 utilitas
3157 4721 3349 4760 nasce-

102 4804 245 4846 retur
271 4795 585 4861 legentibus.
616 4795 728 4860 Qua
757 4797 822 4850 de
846 4812 923 4858 re,
959 4799 1262 4860 coangelice
1291 4800 1485 4851 (IOII'Ile
1505 4838 1519 4859 ,
1555 4812 1659 4851 non
1711 4812 1986 4864 personam
2018 4799 2335 4852 tantillitatis
2362 4813 2494 4851 mea:
2523 4799 2756 4861 intuens,
2788 4814 2892 4852 non
2923 4801 3170 4852 astutiam
3199 4800 3348 4852 inse-

101 4887 322 4953 stigans,
352 4902 452 4938 non
485 4886 767 4939 verborum
798 4887 1039 4952 pltaletas
1086 4889 1377 4956 requirens,
1411 4888 1504 4940 sed
1551 4890 1725 4953 potius
1754 4888 1840 4955 pio
1869 4888 2044 4940 cordis
2070 4887 2225 4940 oculo
2254 4887 2548 4953 profectum
2581 4888 2866 4956 legentium
2898 4904 3257 4955 praenoscens.
3292 4898 3349 4942 ut

101 4985 278 5028 tantus
309 4977 388 5030 vir
415 4987 664 5044 tanquam
704 4977 980 5041 exemplar
1007 4991 1057 5029 et
1098 4979 1368 5044 speculum
1401 4977 1470 5030 sit
1511 4978 1781 5038 omnibus,
1823 4987 1995 5030 vestra
2024 4975 2310 5042 apostolica
2342 4977 2661 5031 auctoritate
2691 4978 3089 5030 translationem
3119 4978 3275 5040 hanc,
3301 4979 3349 5031 si

101 5075 280 5120 vestro
310 5067 533 5118 arbitrio
563 5066 754 5134 placet,
790 5066 1024 5130 tirmzite;
1060 5067 1100 5117 si
1129 5067 1394 5130 displicet.
1426 5068 1737 5131 emendate;
1767 5067 2052 5119 dummodo
2076 5065 2336 5119 Latinitas
2361 5081 2421 5120 se
2450 5075 2596 5118 tanto
2624 5081 2729 5120 non
2761 5066 2941 5120 doleat
2964 5081 3083 5120 esse
3109 5069 3220 5119 sale
3248 5070 3352 5134 pii.

101 5165 294 5219 vatam,
322 5171 428 5225 quo
458 5155 656 5208 Grzrcia
688 5169 745 5207 se
774 5155 966 5222 gaudet
991 5157 1190 5220 Optime
1218 5155 1504 5207 conditam.

174 5246 394 5314 Suscipe
440 5264 567 5312 ergo
608 5255 847 5301 sanctum
873 5264 900 5300 a
935 5254 1213 5314 peccatore
1263 5245 1696 5307 interpretatum;
1728 5251 1780 5294 et
1830 5241 1932 5294 noli
1976 5242 2253 5295 attendere
2287 5257 2382 5309 per
2420 5256 2575 5308 quem
2622 5243 2910 5294 translatus
2953 5242 3056 5304 sit,
3086 5240 3177 5294 sed
3226 5240 3346 5309 quis

102 5339 386 5391 translatus
417 5340 505 5389 sit.
535 5337 716 5406 Neque
745 5338 884 5390 enim
939 5346 1154 5405 propter
1192 5333 1421 5388 ﬁstulam
1470 5331 1766 5401 plumbeam
1797 5331 1873 5399 (7)
1901 5345 2089 5398 aquam
2139 5330 2560 5396 liiiqiidissiiiiattt
2608 5329 2858 5397 despicis,
2909 5344 3082 5397 neque
3132 5341 3348 5394 propter

103 5431 281 5496 spinas
313 5445 430 5498 quzc
457 5432 772 5497 producunt.
798 5444 972 5482 rosam
1006 5444 1124 5488 quae
1158 5429 1470 5496 producitur
1513 5428 1742 5490 spernis.
1792 5426 1983 5478 Custos
2010 5423 2240 5492 denique
2274 5434 2324 5475 et
2353 5433 2558 5476 amator
2591 5432 2733 5485 tuus,
2763 5423 2972 5491 quando
2998 5421 3180 5480 voluit.
3209 5421 3348 5476 Plia-

104 5519 257 5572 raoni
285 5517 436 5586 (Gen.
473 5518 582 5586 ut)
609 5530 661 5570 et
690 5516 1176 5571 Nabuchodonosor
1206 5517 1365 5579 (Dan.
1397 5515 1469 5581 tv)
1500 5515 1690 5578 iniquis
1733 5515 1943 5583 regibus
1969 5515 2194 5579 somnia,
2224 5518 2414 5583 qu:bus
2447 5516 2622 5567 futura
2652 5525 3129 5583 prmttoscerentur,
3161 5525 3343 5568 osten-

104 5609 213 5672 dit;
237 5621 290 5665 et
308 5610 563 5678 Caipham
587 5611 802 5678 impium
832 5611 972 5678 quod
1004 5608 1319 5676 expediebat
1346 5608 1561 5674 protulit
1590 5603 1769 5676 (lacn.
1798 5608 1904 5674 si);
1935 5606 2173 5674 quiuimo
2196 5607 2474 5675 etquando
2500 5607 2685 5673 voluit,
2709 5606 2870 5661 asina:
2899 5605 3041 5675 loqui
3069 5605 3344 5659 articulata

106 5716 233 5757 voce
265 5703 502 5772 permisit
526 5702 714 5772 (Nunt.
748 5701 900 5770 uit).

1119 5795 1279 5848 Salve,
1309 5793 1485 5841 Prmsul
1513 5800 1670 5840 amate
1693 5791 1820 5848 Deo,
1845 5803 1932 5848 per
1953 5789 2129 5836 saecula
2151 5790 2302 5849 salte,

1181 5855 1350 5905 Totius
1370 5863 1514 5916 atque
1535 5857 1664 5904 orbis
1683 5868 1802 5914 papa
1827 5859 1987 5910 beate,
2009 5852 2128 5900 vale.
