4118 6432
141 338 267 398 1615
1064 341 1216 396 VITA
1265 339 1506 399 SANCTI
1548 341 1765 396 JO.\NN

1745 340 1833 396 illS
1873 342 2451 400 ELEEMOSYNARII.
2600 423 2606 431 '
3237 341 3371 397 16H

1174 553 1561 564 —___._

1497 813 1595 856 JAI‘
1614 813 1785 856 UARII
1824 814 2000 857 XXIII.

121 1089 788 1298 VITA
954 1090 1911 1311 SANCTI
2063 1088 3189 1303 JOANNIS
3286 1096 3369 1173 “’

1309 1521 2177 1616 ELEEMOSYNABII,

583 1799 952 1859 AL’CTORE
995 1799 1346 1860 LEONTIO
1385 1798 1465 1879 ('2)
1507 1799 1977 1861 NEAPOLEOS
2028 1799 2466 1862 CYPRORUM
2501 1801 2905 1864 EPISCOPO.

773 2070 1214 2127 INTEHPRETE
1258 2072 1646 2128 ANASTASIO
1679 2074 1756 2145 (5)
1796 2074 1854 2129 S.
1894 2075 1965 2128 Β.
2004 2075 2068 2128 Ε.
2113 2074 2738 2133 BIBLIOTHECARIO.-

432 2481 887 2543 ΡΒλΕΙΡΑΤΙΟ
920 2481 1383 2544 .ANASTASII
1431 2482 1544 2542 AD
1602 2482 2012 2546 DOMINUM

1431 2482 1544 2542 AD
1602 2482 2012 2546 DOMINUM
2065 2482 2173 2554 (ιιι)
2234 2480 2681 2550 ΝΙςοιΑΠΜ
2734 2482 3046 2545 ΡΑΡΑΜ.

213 2777 498 2846 Cogitante
522 2794 628 2840 me,
652 2794 715 2832 ac
735 2779 828 2833 diu
859 2781 1019 2834 tacite
1044 2781 1386 2850 solliciteque
1414 2796 1626 2836 mecum
1659 2781 2063 2848 considerante,
2089 2785 2222 2853 quid
2268 2790 2320 2839 in
2364 2787 2529 2841 domo
2552 2789 2646 2843 Dei
2684 2791 3029 2845 commodius
3055 2807 3118 2846 ac
3141 2792 3362 2861 dignius

145 2873 359 2939 operari
379 2887 616 2941 possem,
642 2887 707 2925 ne
727 2888 790 2926 ea
814 2872 1072 2927 videlicet
1088 2889 1474 2941 praesumerem
1501 2891 1621 2943 qua:
1646 2873 1780 2927 mihi
1803 2889 1868 2928 cx
1887 2874 2196 2930 ministerio
2216 2878 2425 2932 credita
2447 2895 2558 2933 non
2588 2891 2739 2945 sunt,
2758 2898 2860 2936 nec
2881 2898 3072 2937 rursus
3099 2883 3192 2937 illa
3243 2886 3380 2940 arri-

148 2977 334 3032 perem
367 2978 488 3031 qua:
528 2963 787 3032 ingenioli
811 2963 916 3017 mei
940 2963 1088 3017 vires
1108 2964 1402 3028 excedunt,
1429 2964 1727 3019 secundum
1752 2965 1885 3018 illud
1910 2965 2220 3022 Salomonis
2240 2968 2370 3022 :Mel
2389 2970 2651 3034 invenisti,
2676 2975 2881 3026 comede
2899 2974 3037 3044 quod
3054 2975 3242 3046 suﬁicit
3260 2978 3372 3042 tibi,

147 3068 212 3104 ne
235 3052 368 3122 forte
394 3053 620 3105 satiatus
645 3068 852 3105 evomas
873 3051 1006 3105 illud
1033 3051 1212 3118 (Prov.
1239 3055 1383 3122 xxv).
1413 3052 1476 3104 Et
1518 3054 1646 3106 alibi
1676 3071 1688 3104 :
1716 3054 1922 3107 Altiora
1956 3063 2004 3106 te
2028 3073 2089 3108 ne
2118 3060 2409 3124 qtttesieris,
2436 3070 2484 3113 et
2512 3063 2734 3130 fortiora
2760 3073 2809 3114 te
2833 3081 2896 3116 ne
2917 3075 3185 3122 scrutatus
3219 3069 3379 3136 fueris

148 3140 333 3202 (Eccli.
369 3143 487 3211 ut);
517 3161 643 3198 ecce
665 3144 838 3199 subito
858 3144 1071 3210 quidam
1103 3148 1301 3199 strenui
1333 3162 1393 3200 ac
1421 3147 1639 3201 studiosi
1668 3147 1768 3201 viri
1815 3163 1899 3200 me
1943 3146 2206 3202 cohortari
2253 3149 2545 3206 voluerunt.
2595 3161 2649 3202 ut
2690 3151 2741 3203 in
2786 3150 3027 3203 Latinum
3074 3135 3372 3202 sermonem

151 3245 413 3288 verterem
463 3236 740 3290 Leontium
771 3237 837 3291 de
865 3236 1000 3291 Vitae
1045 3237 1272 3291 residuis
1313 3238 1392 3306 (5)
1420 3239 1639 3292 Joannis
1670 3238 2009 3292 Alexandrini
2060 3239 2308 3292 antistitis
2329 3277 2342 3300 ,
2375 3255 2529 3307 quem
2573 3239 2742 3293 Grzeti
2789 3251 3004 3306 pmpter
3034 3240 3376 3305 multiplicem

156 3325 604 3390 compassionem,
649 3341 808 3394 quam
831 3341 952 3396 erga
975 3339 1161 3379 omnes
1193 3326 1519 3392 possidebat,
1544 3327 1734 3380 merito
1758 3337 1812 3379 et
1841 3325 2082 3379 absolute
2107 3326 2412 3386 Eleemona.
2445 3328 2494 3379 id
2519 3337 2619 3389 cst,
2665 3327 3061 3381 misericordem
3086 3327 3377 3394 appellant.

151 3424 411 3483 quatenus
442 3426 617 3471 tantus
647 3419 725 3471 vir
750 3433 854 3471 non
889 3427 1091 3471 tantum
1115 3433 1361 3470 sermone
1388 3417 1596 3478 Cra-co.
1623 3431 1804 3469 verum
1832 3417 1991 3470 etiam
2036 3416 2222 3469 Latino
2275 3417 2484 3485 eloquio
2533 3417 2852 3484 pollentibus
2893 3418 3103 3471 utilitati
3148 3425 3290 3472 esset
3325 3426 3379 3470 et

149 3508 446 3558 commodo.

223 3597 556 3662 Quapropter
575 3595 694 3662 quia
729 3609 814 3648 me
833 3595 1048 3662 dignum
1075 3597 1141 3648 ad
1164 3604 1365 3648 tantum
1396 3608 1529 3663 opus
1558 3604 1715 3662 atque
1738 3595 1982 3648 idoneum
2006 3593 2223 3648 minime
2252 3596 2517 3661 perspexi,
2551 3596 2707 3648 levavi
2731 3596 2904 3648 oculos
2933 3612 3067 3647 meos
3097 3598 3148 3648 in
3165 3605 3379 3660 montes,

150 3684 483 3739 undeveniret
503 3687 754 3739 auxilium
785 3686 908 3738 mihi
934 3684 1107 3756 (Psal.
1135 3685 1293 3750 cxx);
1322 3687 1503 3754 sicque
1531 3684 1714 3738 solatia
1745 3696 1950 3753 patrum
1985 3693 2041 3737 et
2083 3687 2349 3739 orationes
2379 3685 2661 3748 adhibens,
2711 3697 2814 3738 tam
2868 3686 3157 3752 proﬁcuum
3206 3685 3380 3736 virum

141 3789 246 3828 non
277 3791 463 3843 passus
492 3793 608 3831 sum
637 3779 815 3832 celare
837 3777 1059 3834 Latinis.
1086 3778 1190 3833 Sed
1216 3776 1343 3832 licet
1366 3778 1702 3834 membranas
1725 3777 2002 3832 inciderim
2026 3819 2038 3838 ,
2071 3780 2319 3831 scedulas
2361 3778 2785 3848 praeparaverim,
2816 3794 2919 3830 non
2953 3787 3128 3830 tamen
3162 3776 3383 3829 Ιιιιιιονίιι

140 3864 386 3920 ὃοόὶοεηι
413 3871 675 3922 coniicere
696 3884 853 3923 ausus
874 3885 1013 3935 sum,
1037 3881 1319 3937 antequam
1350 3885 1379 3922 a
1409 3871 1765 3922 dominatione
1793 3885 1989 3934 vestra,
2016 3885 2049 3921 ο
2072 3871 2260 3923 millies
2307 3872 2480 3935 beate,
2514 3872 2778 3924 licentiam
2810 3870 3029 3934 adipisci
3082 3868 3378 3936 promerui-

143 3955 322 4018 Neque
348 3957 490 4008 enim
539 3955 621 4010 fas
667 3969 824 4011 estut
855 3959 1054 4027 absque
1098 3960 1296 4013 vicario
1349 3960 1436 4013 Dei
1465 3959 1568 4028 (6),
1622 3959 1818 4028 absque
1868 3961 2131 4028 clavigero
2181 3962 2324 4025 caeli,
2371 3963 2571 4031 absque
2598 3977 2756 4016 curru
2782 3973 2839 4016 et
2880 3976 3060 4028 auriga
3092 3959 3384 4027 spiritualis

145 4043 374 4108 lsraelis,
407 4049 607 4113 absque
634 4049 995 4101 universitatis
1030 4050 1298 4112 pontiﬁce,
1329 4050 1526 4114 absque
1568 4052 1722 4101 unico
1749 4064 1901 4116 papa,
1946 4051 2145 4117 absque
2173 4052 2427 4118 singulari
2456 4063 2687 4120 pastore,
2720 4055 2922 4117 absque
2951 4051 3163 4118 speciali
3197 4048 3375 4106 Patre.

142 4134 340 4202 absque
365 4145 415 4189 te
442 4138 678 4191 omnium
705 4140 905 4194 arbitro
929 4139 1124 4208 aliquid
1148 4150 1551 4195 consumnn-tur
1570 4150 1661 4193 aut
1690 4141 2006 4208 divulgetur.
2036 4144 2112 4195 'l‘u
2143 4144 2281 4196 enim
2309 4155 2457 4197 tenes
2482 4144 2656 4197 claves
2697 4144 2857 4197 David
2888 4142 3068 4212 (Luca
3090 4144 3187 4210 xl),
3212 4149 3267 4194 tu
3290 4156 3382 4192 ac-

142 4227 325 4292 cepisti
355 4227 529 4280 claves
555 4229 810 4286 scientite.
844 4230 898 4282 In
928 4245 1048 4283 arca
1080 4231 1273 4297 quippe
1319 4230 1545 4296 pectoris
1581 4231 1651 4281 tui
1685 4231 1875 4283 tabulae
1908 4233 2205 4284 testamenti
2224 4243 2279 4287 et
2300 4230 2734 4288 mannaccelestis
2782 4231 2988 4298 saporis
3017 4230 3380 4296 requiescunt.

141 4311 220 4368 Tu
246 4317 386 4367 enim
414 4318 551 4382 quod
582 4317 733 4384 ligas.
763 4333 921 4372 nemo
946 4319 1138 4383 solvit;
1169 4323 1306 4387 quod
1337 4321 1519 4382 solvis,
1572 4333 1728 4370 nemo
1769 4320 1929 4388 ligat;
1958 4322 2047 4390 qui
2075 4320 2270 4388 aperis,
2299 4327 2354 4374 et
2399 4333 2558 4373 nemo
2621 4317 3081 4383 claudit;claudis,
3130 4325 3186 4371 et
3230 4331 3386 4370 nemo

144 4405 313 4472 aperit
345 4403 556 4475 (Matth.
583 4408 714 4478 xvn).
749 4409 928 4462 Vicem
957 4425 1181 4476 namque
1209 4411 1260 4462 itt
1285 4411 1440 4462 terris
1466 4410 1702 4476 possides
1730 4412 1840 4464 Dei.

203 4499 342 4555 Cum
441 4507 624 4554 autem
721 4497 868 4551 hunc
949 4499 1160 4554 beatum
1189 4501 1241 4554 in
1271 4500 1512 4554 Latinum
1543 4510 1803 4553 verterem
1827 4499 2114 4566 eloquium,
2140 4513 2237 4552 nec
2258 4499 2562 4554 Graecorum
2588 4499 2856 4565 idiomata,
2889 4514 2988 4554 nec
3014 4512 3197 4552 eorum
3223 4497 3370 4550 ordi-

148 4602 268 4640 nem
302 4589 585 4642 verborum
616 4591 766 4658 sequi
808 4593 952 4657 potui
1003 4593 1083 4644 vel
1132 4591 1310 4643 debui.
1356 4589 1467 4642 Non
1499 4591 1639 4643 enim
1671 4589 1886 4642 verbum
1910 4604 1940 4642 e
1973 4589 2169 4651 verbo,
2200 4589 2294 4642 sed
2325 4604 2538 4642 sensum
2567 4602 2599 4642 e
2628 4603 2786 4642 sensu
2836 4588 3099 4655 excerpsi.
3129 4587 3233 4641 Sed
3278 4600 3378 4639 nec

143 4677 360 4731 Latinas
389 4680 597 4746 regulas
627 4695 1002 4748 usquequaque
1032 4694 1246 4734 servare
1273 4682 1490 4743 curavi,
1521 4679 1646 4731 dum
1680 4687 1879 4732 tantum
1908 4679 2131 4732 intentio
2159 4693 2275 4731 mea
2307 4679 2398 4732 illo
2430 4681 2668 4732 tenderet
2693 4717 2707 4740 ,
2739 4694 2804 4733 ex
2841 4695 2945 4748 quo
2977 4678 3175 4732 utilitas
3196 4693 3388 4731 nasce-

145 4777 290 4820 retur
316 4768 630 4834 legentibus.
660 4768 772 4833 Qua
801 4770 866 4822 de
890 4785 967 4832 re,
1002 4772 1306 4833 coangclice
1334 4773 1528 4824 doti-ne
1549 4811 1562 4832 ,
1598 4785 1702 4823 non
1753 4784 2028 4837 personam
2060 4770 2377 4824 tantillitatis
2404 4785 2535 4824 mea:
2565 4771 2796 4833 intuens.
2828 4786 2933 4824 non
2963 4773 3209 4824 astutiam
3239 4772 3387 4824 ime-

145 4860 366 4926 stigans,
396 4875 497 4911 non
530 4859 810 4912 verborum
842 4860 1083 4925 pltalevas
1129 4862 1420 4928 requirens,
1454 4861 1546 4914 sed
1594 4862 1767 4926 potius
1796 4860 1881 4927 pio
1911 4859 2086 4911 cordis
2112 4859 2267 4911 oculo
2296 4859 2590 4924 profectum
2621 4860 2906 4928 legentium
2938 4875 3296 4926 pra-noscens.
3331 4869 3389 4913 ut

144 4958 322 5002 tantus
354 4950 432 5003 vir
460 4961 708 5017 tanquam
748 4950 1024 5014 exemplar
1051 4963 1100 5002 et
1142 4951 1411 5017 speculum
1445 4950 1512 5002 sit
1554 4950 1822 5011 omnibus,
1865 4959 2037 5002 vestra
2065 4946 2352 5014 apostolica
2384 4949 2703 5002 auctoritate
2732 4950 3129 5002 translationem
3159 4950 3314 5011 hanc,
3341 4950 3388 5002 si

144 5048 325 5093 vestro
355 5039 577 5092 arbitrio
607 5039 799 5106 placet,
834 5040 1068 5103 lirmnte;
1105 5039 1144 5090 si
1173 5040 1438 5103 displicet.
1470 5040 1779 5102 emendate;
1809 5040 2095 5090 dummodo
2117 5037 2377 5090 Latinitas
2403 5052 2462 5091 se
2491 5047 2638 5090 tanto
2665 5053 2770 5091 non
2801 5037 2981 5091 doleat
3004 5052 3123 5091 esse
3148 5039 3259 5090 sale
3288 5041 3391 5104 pii-

144 5138 339 5192 vatam,
367 5144 472 5197 quo
503 5127 701 5181 Gru-cia
733 5143 789 5180 se
819 5128 1010 5195 gaudet
1036 5130 1234 5193 optime
1262 5127 1547 5179 coudttam.

218 5219 439 5288 Suscipe
485 5236 612 5285 ergo
654 5227 891 5274 sanctum
917 5236 944 5272 a
979 5226 1256 5287 peccatore
1307 5217 1739 5279 interpretatum;
1771 5223 1823 5266 et
1872 5213 1973 5266 noli
2018 5214 2295 5266 attendere
2329 5228 2424 5281 per
2462 5227 2617 5280 quem
2663 5215 2951 5265 translatus
2994 5213 3096 5275 sit,
3125 5211 3217 5265 sed
3265 5211 3385 5280 quis

146 5311 431 5365 translatus
462 5313 549 5362 sit.
580 5310 761 5378 Neque
790 5310 928 5362 enim
983 5318 1198 5377 propter
1235 5305 1464 5361 ﬁstulam
1513 5303 1808 5373 plumbeam
1839 5303 1915 5370 (7)
1943 5317 2130 5369 aquam
2182 5301 2601 5368 lituqiidissitnatit
2649 5301 2899 5368 despicis,
2949 5315 3122 5367 neque
3172 5311 3387 5365 propter

147 5405 326 5470 spinas
358 5418 474 5470 qua:
502 5404 817 5471 producunt.
842 5416 1016 5456 rosam
1050 5416 1169 5461 quae
1202 5401 1513 5468 producitur
1556 5399 1785 5463 spernis.
1835 5397 2025 5450 Custos
2052 5395 2282 5463 denique
2317 5405 2366 5447 et
2396 5404 2600 5447 amator
2632 5403 2774 5456 tuus,
2804 5393 3012 5462 quando
3039 5392 3220 5450 voluit.
3248 5391 3386 5446 Pba—

148 5492 302 5545 raoni
329 5489 481 5558 (Gen.
518 5491 627 5559 xu)
655 5503 705 5543 et
735 5489 1220 5544 Nabuchodonosor
1250 5489 1408 5551 (Dan.
1441 5487 1512 5554 tv)
1543 5487 1733 5550 iniquis
1775 5487 1986 5554 regibus
2011 5487 2236 5551 somnia,
2267 5489 2456 5554 qu:bus
2489 5487 2663 5538 futura
2693 5496 3169 5554 prmnoscerentur,
3201 5495 3382 5538 osten-

148 5583 258 5644 dit;
282 5594 335 5638 et
353 5583 609 5650 Caipham
633 5583 847 5651 impium
876 5583 1016 5651 quod
1048 5580 1363 5648 expediebat
1390 5580 1605 5646 protulit
1633 5575 1812 5648 (loan.
1841 5579 1946 5646 xl);
1977 5578 2215 5645 quinimo
2238 5578 2516 5646 etquando
2541 5577 2726 5643 voluit,
2749 5576 2911 5631 asina:
2940 5575 3081 5646 loqui
3109 5575 3384 5629 articulata

149 5689 277 5730 voce
310 5675 546 5744 permisit
572 5674 759 5745 (Num.
792 5674 944 5741 xxn).

1163 5767 1324 5820 Salve,
1352 5765 1528 5812 Prsesul
1557 5772 1713 5811 amate
1736 5763 1862 5819 Deo,
1888 5773 1974 5819 per
1995 5760 2171 5807 saecula
2194 5761 2345 5820 salve,

1225 5827 1395 5876 Totius
1414 5835 1558 5888 atque
1579 5828 1707 5875 orbis
1725 5839 1844 5885 papa
1871 5829 2029 5880 beate,
2051 5823 2171 5871 vale.
