4118 6432
741 403 876 459 {ME
1809 389 2083 446 LEONTH
2126 385 2581 441 NEAPOLITANI
2623 385 2952 442 EPISCOPI-
3911 381 4008 439 18ιὲ

2054 622 2150 628 —...
2189 623 2204 625 ν-
2261 618 2565 628 -ρ-’σ-ο

1551 956 2330 1074 PROOEMIUM
2388 882 3170 1075 .AUCTORIS.

837 1713 1060 1766 Intentio
1090 1713 1301 1781 quidem
1335 1729 1434 1768 una
1460 1723 1544 1768 est
1573 1723 1750 1767 nosm
1775 1724 1981 1779 quoque
2010 1720 2064 1762 et
2088 1723 2268 1762 eorum
2298 1708 2384 1777 qui
2408 1719 2529 1761 ante
2553 1722 2647 1761 i.os
2673 1708 2886 1762 fuerunt
2911 1712 3290 1776 studiosorum,
3314 1723 3363 1768 et
3396 1725 3731 1768 sanctorum
3767 1717 4008 1776 morum,

759 1821 920 1874 super
947 1809 1192 1874 priesenti
1221 1806 1579 1862 memorabilis
1611 1805 1704 1857 viri
1743 1804 1875 1857 Viue
1903 1801 2237 1864 narratione;
2273 1800 2322 1853 id
2366 1810 2480 1866 est,
2509 1811 2565 1854 ut
2589 1815 2650 1853 ex
2690 1802 2787 1853 hoc
2829 1801 3073 1854 omnibus
3099 1803 3307 1870 quidem
3336 1804 3564 1856 imitatio
3603 1806 3700 1872 pia
3738 1813 3800 1857 et
3833 1806 4012 1856 mittas

759 1896 867 1958 liat,
898 1897 1063 1964 gloria
1094 1908 1268 1951 autem
1297 1910 1348 1952 et
1381 1896 1771 1966 mgniﬁcenlia
1821 1904 2020 1948 sancta:
2064 1901 2117 1946 et
2157 1894 2438 1945 adoranda:
2471 1890 2715 1944 Trinitati
2744 1893 3032 1957 referatur;
3063 1903 3114 1946 et
3145 1894 3196 1945 in
3226 1893 3346 1957 hoc,
3378 1895 3516 1946 sicut
3547 1903 3606 1946 et
3652 1896 3713 1947 in
3751 1899 4006 1952 omnibus.

756 2002 874 2051 qua:
903 2002 1114 2053 semper
1144 1989 1194 2041 in
1225 1989 1619 2056 generationem
1653 1996 1704 2040 et
1732 1987 2126 2053 generationem
2160 1983 2367 2048 propria
2397 1983 2675 2036 luminaria
2701 1983 2949 2048 ostendit,
2973 1983 3037 2035 ad
3072 1984 3443 2037 illuminamlos
3474 1987 3564 2048 qui
3608 1988 3666 2037 in
3710 1985 3948 2038 tenebris
3968 2000 4008 2037 ei

756 2077 806 2127 in
839 2078 1018 2130 umbra
1051 2081 1235 2131 mortis
1266 2081 1452 2132 sedent
1479 2076 1634 2147 (Luc.
1671 2077 1708 2146 i)
1740 2087 1791 2129 et
1823 2075 2039 2143 peccati.
2088 2074 2344 2138 Quoniam
2373 2088 2498 2125 vero
2528 2073 2682 2125 amici
2713 2073 2908 2125 Christi
2937 2088 3044 2126 non
3074 2073 3226 2127 valde
3249 2075 3530 2138 miramur,
3559 2075 3658 2142 qni
3692 2088 3831 2126 ante
3859 2091 4002 2142 genr-

756 2171 1012 2221 rationem
1057 2179 1288 2221 nostram
1341 2170 1550 2222 fuerunt
1599 2170 1717 2231 viri,
1747 2170 1834 2236 qui
1862 2168 1968 2219 Deo
2003 2167 2185 2232 placita
2229 2165 2631 2218 conversatione
2680 2165 2950 2230 vixerunt;
2980 2165 3072 2218 sed
3115 2165 3182 2219 de
3211 2166 3467 2219 diabolica
3511 2168 3857 2233 operatione
3907 2172 4006 2219 illus

757 2271 1030 2313 sermones
1059 2277 1268 2326 semper
1293 2262 1516 2314 dicimus
1544 2261 1608 2313 ad
1640 2263 1970 2324 alterutrum,
1993 2274 2110 2326 quia
2141 2260 2237 2310 sub
2269 2258 2394 2309 viris
2423 2259 2508 2325 qui
2538 2266 2659 2308 ante
2689 2271 2784 2308 nos
2811 2256 3045 2320 fuerunt,
3071 2273 3171 2308 non
3199 2267 3310 2310 erat
3340 2259 3408 2310 ita
3437 2257 3710 2322 iniquitas
3738 2260 3998 2310 hominum

757 2349 1093 2416 inultipliCata
1126 2352 1262 2402 sicut
1289 2353 1464 2416 modo,
1498 2362 1552 2404 ut
1582 2351 1823 2420 pra~dixit
1855 2353 2026 2403 divina
2057 2352 2346 2413 Scriptura,
2379 2365 2442 2402 eo
2470 2351 2610 2417 quod
2653 2350 2935 2403 abundavit
2967 2349 3234 2418 iniquitas,
3266 2352 3564 2419 refrigescit
3598 2353 3858 2404 charitas
3889 2355 3998 2402 mu?

755 2446 925 2490 torum
959 2438 1166 2502 (Matth.
1201 2443 1379 2511 nn);
1416 2443 1534 2494 ideo
1561 2459 1663 2494 non
1697 2441 1932 2494 valemus
1960 2443 2020 2492 ad
2051 2457 2234 2493 eorum
2283 2455 2602 2505 consurgere
2631 2440 2872 2493 meritum
2901 2459 2912 2492 :
2941 2441 3096 2504 huius
3127 2443 3201 2494 rei
3228 2443 3392 2510 gratia
3427 2443 3489 2494 ad
3516 2457 3862 2509 pra-sentem
3891 2459 3994 2495 san-

757 2534 853 2577 ctae
885 2525 1040 2594 hujus
1072 2526 1203 2580 Vita:
1227 2532 1582 2584 narrationem
1615 2546 1678 2584 ex
1705 2541 1854 2599 parte
1882 2534 2119 2584 venimus
2149 2532 2212 2582 ad
2245 2531 2626 2582 ostendendum
2658 2533 2816 2583 etiam
2846 2531 3032 2585 diebus
3059 2534 3257 2586 nostris
3287 2533 3546 2595 volentes,
3578 2544 3639 2586 et
3673 2536 3996 2600 propositum

759 2629 913 2667 suum
943 2627 1214 2685 cogentes,
1240 2622 1658 2673 excellentiores
1693 2620 1841 2672 nobis
1873 2621 2245 2684 demonstrari,
2273 2629 2326 2672 et
2355 2630 2628 2687 angustam
2671 2632 2721 2673 et
2751 2630 2950 2672 arctam
2981 2623 3116 2674 viam
3150 2637 3304 2690 posse
3347 2621 3595 2676 incedere
3634 2621 3869 2689 (Matth.
3900 2637 3978 2684 vni

753 2717 812 2761 et
839 2711 1116 2766 obstruere
1145 2729 1206 2766 os
1238 2713 1559 2780 loquentium
1591 2716 1764 2782 iniqua
1789 2714 1956 2782 (Psal.
1992 2715 2154 2782 uti).
2189 2726 2241 2767 et
2267 2717 2460 2767 anima:
2489 2732 2685 2767 nocuos
2710 2716 3028 2771 intellectus.

834 2801 944 2854 lam
977 2805 1186 2871 quidem
1217 2815 1270 2858 et
1298 2805 1388 2857 alii
1415 2814 1536 2857 ante
1583 2821 1678 2857 nos
1707 2808 1901 2872 optima
1954 2816 2110 2872 atque
2153 2807 2600 2859 excellentissima
2643 2807 2708 2859 de
2750 2807 2850 2859 hoc
2878 2807 3174 2860 admirabili
3213 2807 3329 2860 viro
3367 2817 3422 2858 et
3453 2823 3676 2860 summo
3732 2803 3992 2858 sacerdoti:

757 2893 959 2946 Joanne
993 2896 1340 2963 philosophati
1383 2909 1531 2956 sunt.
1566 2907 1804 2963 potentes
1847 2899 2134 2950 existentes
2163 2898 2213 2947 in
2245 2912 2402 2963 opere
2431 2906 2485 2949 et
2515 2897 2565 2950 in
2606 2911 2873 2950 sermone.
2919 2897 3048 2952 Dico
3075 2899 3216 2950 enim
3247 2897 3504 2949 Joannem
3536 2906 3588 2947 et
3634 2896 3990 2962 Sophronam

760 2985 841 3053 (8)
877 2987 965 3038 Dei
997 2988 1598 3050 cultores,etamatures
1627 2989 1895 3048 virtutum,
1927 2999 1978 3040 et
2010 2988 2222 3054 pietatis
2251 3003 2696 3055 propugnatores;
2730 3000 2964 3042 attamen
2988 2991 3227 3054 quamvis
3250 2991 3376 3040 tales
3403 2997 3604 3048 essent,
3639 2989 3718 3038 de
3749 2987 3989 3052 dignitate

756 3085 810 3128 et
832 3076 1021 3129 merito
1049 3079 1204 3131 studii
1235 3078 1326 3130 \iri
1361 3081 1510 3131 istius
1542 3088 1594 3130 et
1634 3078 1729 3143 ipsi
1760 3079 2053 3129 omiserunt
2079 3117 2093 3138 ,
2119 3087 2172 3129 et
2201 3078 2424 3143 idipsutn
2459 3079 2692 3144 perpessi
2734 3089 2879 3140 sunt,
2908 3081 3044 3145 quod
3076 3077 3311 3129 nonnulli
3338 3077 3561 3129 studiosi
3603 3077 3896 3140 agricola,
3925 3075 3989 3122 vi—

760 3180 910 3216 neam
942 3166 1157 3218 uberem
1190 3177 1238 3218 et
1275 3165 1599 3218 fructuosam
1629 3168 2046 3229 vindemiantes;
2077 3181 2194 3216 nam
2231 3169 2530 3231 relinquunt
2560 3169 2738 3234 utique
2769 3183 2831 3219 ex
2860 3166 3027 3218 fructu
3055 3166 3495 3227 benedictionem,
3529 3168 3702 3218 etiam
3740 3166 3984 3219 nolentes.

757 3265 898 3303 retro
930 3267 988 3305 se
1020 3255 1360 3321 sequentibus
1393 3255 1570 3322 egenis
1599 3256 1915 3326 eligentibus
1948 3257 2187 3322 vineam,
2217 3272 2280 3307 ex
2311 3257 2501 3322 quibus
2539 3271 2722 3308 snt-ins
2751 3269 2802 3309 et
2834 3271 2928 3309 nos
2960 3257 3184 3308 minimi.
3232 3257 3358 3309 Nam
3389 3268 3439 3310 et
3468 3271 3663 3310 omnes
3696 3256 3872 3306 sancti
3899 3255 3985 3312 isti.

755 3351 997 3415 quamvis
1025 3353 1162 3400 omni
1193 3349 1501 3402 fortitudine
1531 3365 1620 3402 sua
1646 3350 1966 3403 frnctiferam
2000 3350 2133 3401 hanc
2157 3349 2373 3410 olivam,
2397 3364 2513 3415 qua:
2541 3349 2589 3399 in
2619 3350 2775 3400 domo
2801 3348 2914 3410 Dei,
2938 3360 2993 3400 ut
3019 3350 3091 3401 ait
3117 3347 3390 3400 Psalmista
3419 3346 3591 3414 (Psal.
3626 3347 3741 3419 Li),
3778 3356 3986 3415 plantam

755 3448 855 3496 est.
891 3451 1100 3504 prepter
1132 3441 1447 3506 multiplices
1479 3455 1660 3495 revera
1707 3443 1896 3503 olivas,
1935 3456 2053 3508 qua:
2084 3440 2136 3491 in
2166 3454 2225 3491 ea
2254 3449 2408 3502 sunt,
2440 3444 2555 3493 zelo
2591 3440 2683 3491 Dei
2729 3441 3053 3492 vindemiare
3097 3439 3414 3500 studuerint,
3445 3451 3693 3498 attamen
3733 3446 3888 3497 latuit
3911 3458 3987 3494 eos

754 3529 951 3581 inultus
983 3531 1132 3582 oliva:
1164 3527 1386 3592 fructus,
1407 3529 1630 3583 Domino
1658 3530 2014 3596 dispensante.
2031 3529 2272 3580 Nostram
2297 3541 2422 3588 ergo
2442 3530 2598 3580 thelll
2624 3536 2678 3579 et
2703 3525 2944 3593 frigidam
2968 3528 3292 3579 alacritatem
3316 3533 3672 3596 suscipiam;
3695 3534 3810 3584 duo
3837 3530 3988 3581 vidua

755 3619 958 3670 minuta
988 3616 1161 3686 (Lucw
1191 3631 1332 3683 ut);
1368 3635 1471 3672 non
1501 3621 1638 3672 enim
1671 3621 1773 3674 illis
1803 3620 2145 3673 detrahentes
2165 3659 2182 3683 ,
2213 3632 2382 3684 neque
2415 3619 2500 3683 qui
2534 3617 2794 3684 possimus
2821 3631 3002 3667 eorum
3032 3631 3060 3667 a
3094 3615 3202 3670 Deo
3225 3618 3478 3674 donatam
3520 3625 3859 3687 sapientiam
3887 3621 3982 3672 imi-

756 3708 877 3770 tari,
903 3707 1027 3776 justi
1059 3717 1201 3773 gesta
1236 3711 1508 3776 scriptura:
1541 3709 1750 3761 tradere
1779 3707 2177 3768 festinavimus;
2208 3705 2298 3757 sed
2334 3706 2503 3770 primo
2532 3704 2745 3770 quidem
2775 3715 2829 3755 ut
2865 3704 3001 3770 quod
3031 3705 3373 3774 intelligimus
3399 3726 3500 3761 non
3526 3711 3744 3777 justum
3771 3725 3908 3768 esse,
3934 3721 3981 3760 ea

758 3810 877 3864 qua:
906 3806 1129 3863 possunt
1171 3797 1448 3850 utilitatem
1479 3799 1809 3849 audientibus
1853 3794 2045 3858 facere,
2077 3795 2289 3846 silentio
2332 3794 2636 3854 occultare;
2668 3811 2732 3845 ne
2761 3803 2813 3844 et
2847 3808 2947 3846 nos
2979 3795 3271 3848 inciiiamiis
3295 3801 3348 3849 in
3383 3801 3630 3862 indicium
3682 3801 3831 3852 seni
3858 3800 3977 3850 illius

770 3885 988 3953 (Matth.
1021 3889 1164 3954 xxv),
1190 3886 1276 3953 qui
1361 3885 1626 3941 talentum
1691 3887 1744 3940 in
1810 3895 1956 3940 terra
2041 3883 2337 3936 abscondit.
2366 3883 2609 3936 Secundo
2631 3891 2822 3948 autem,
2856 3892 2915 3936 ut
2943 3885 2993 3936 in
3024 3884 3122 3936 hac
3147 3884 3451 3935 narratione
3481 3891 3665 3934 nostra
3700 3883 3975 3934 correctio-

769 3990 856 4027 res
882 3982 934 4027 et
962 3974 1301 4027 delectabiles
1351 3973 1585 4024 historia:
1630 3972 2044 4033 conscribuntur,
2078 3987 2193 4035 quae
2233 3969 2441 4036 scripta:
2472 3987 2574 4022 non
2605 3977 2726 4022 sunt
2765 3972 2830 4022 ab
2862 3971 3077 4034 optimis
3123 3970 3270 4032 viris.
3303 3971 3352 4021 in
3385 3970 3628 4022 laudibus
3660 3973 3974 4024 sanctissimi

771 4079 951 4118 revera
980 4071 1135 4127 atque
1159 4062 1442 4112 beatissimi
1471 4059 1708 4112 Joannis.
1737 4059 1934 4111 Deinde
1963 4074 2107 4120 vero,
2131 4060 2250 4127 quia
2278 4059 2539 4124 sapientes
2561 4069 2613 4110 ct
2635 4067 2871 4127 potentes
2889 4060 2940 4111 in
2964 4073 3228 4121 sermone,
3251 4068 3514 4111 amatores
3537 4061 3792 4115 historia
3822 4070 3974 4117 erant.

773 4155 1039 4220 sapienter
1068 4163 1119 4203 et
1149 4151 1445 4204 sublimiter
1472 4149 1740 4200 materiam
1773 4149 2126 4216 depinxerunt
2152 4166 2167 4202 :
2190 4139 2584 4216 quod'tnaxime
2605 4164 2655 4203 et
2681 4152 2997 4217 peramplius
3023 4155 3191 4204 erexit
3219 4166 3314 4205 nus
3341 4157 3406 4204 ad
3437 4161 3772 4217 pra-sentem
3805 4153 3974 4204 sollici-

773 4243 1028 4303 tudinem,
1059 4250 1109 4292 ut
1138 4256 1200 4292 eo
1229 4242 1313 4306 qui
1343 4241 1477 4290 inest
1504 4239 1673 4298 nobis,
1705 4237 1955 4304 pedestri,
1988 4239 2234 4304 deformi,
2267 4239 2554 4308 humilique
2599 4243 2904 4295 charactere
2934 4257 3326 4309 enarraretuus,
3352 4252 3409 4296 ut
3437 4255 3622 4312 posset
3648 4257 3714 4299 et
3759 4248 3910 4300 idiota
3936 4255 3975 4295 cl

773 4334 887 4384 sine
918 4332 1102 4383 litteris
1134 4330 1200 4383 de
1229 4331 1309 4382 his
1335 4344 1450 4397 quze
1479 4329 1723 4380 dicuntur
1755 4329 2020 4395 prolicere.
