  <div class='ocr_page' id='page_1' title='image "/cluster/home/n/w/nwhite01/storage/ocr_20150623/93/nnc1.0046980059/790.png"; bbox 0 0 4118 6432; ppageno 0'>
   <div class='ocr_carea' id='block_1_1' title="bbox 145 328 272 391">
    <p class='ocr_par' dir='ltr' id='par_1_1' title="bbox 145 328 272 391">
     <span class='ocr_line' id='line_1_1' title="bbox 145 328 272 391; baseline -0.039 -5"><span class='ocrx_word' id='word_1_1' title='bbox 145 328 272 391; x_wconf 74' lang='lat' dir='ltr'><strong>i617</strong></span> 
     </span>
    </p>
   </div>
   <div class='ocr_carea' id='block_1_2' title="bbox 162 515 1196 547">
    <p class='ocr_par' dir='ltr' id='par_1_2' title="bbox 162 515 1196 547">
     <span class='ocr_line' id='line_1_2' title="bbox 162 515 1196 547; baseline -0.007 0"><span class='ocrx_word' id='word_1_2' title='bbox 162 515 1196 547; x_wconf 63' lang='grc' dir='ltr'>Μ</span> 
     </span>
    </p>
   </div>
   <div class='ocr_carea' id='block_1_3' title="bbox 1069 315 2452 382">
    <p class='ocr_par' dir='ltr' id='par_1_3' title="bbox 1069 315 2452 382">
     <span class='ocr_line' id='line_1_3' title="bbox 1069 315 2452 382; baseline -0.012 -2"><span class='ocrx_word' id='word_1_3' title='bbox 1069 326 1230 380; x_wconf 67' lang='grc' dir='ltr'><strong>γιΤΑ</strong></span> <span class='ocrx_word' id='word_1_4' title='bbox 1273 324 1518 382; x_wconf 70' lang='lat' dir='ltr'><strong>SANCTI</strong></span> <span class='ocrx_word' id='word_1_5' title='bbox 1555 321 1836 378; x_wconf 67' lang='lat' dir='ltr'><strong>JOANLVIS</strong></span> <span class='ocrx_word' id='word_1_6' title='bbox 1879 315 2452 375; x_wconf 72' lang='lat' dir='ltr'><strong>ELEEMOSYNARII.</strong></span> 
     </span>
    </p>
   </div>
   <div class='ocr_carea' id='block_1_4' title="bbox 3249 304 3381 359">
    <p class='ocr_par' dir='ltr' id='par_1_4' title="bbox 3249 304 3381 359">
     <span class='ocr_line' id='line_1_4' title="bbox 3249 304 3381 359; baseline 0 0"><span class='ocrx_word' id='word_1_7' title='bbox 3249 304 3381 359; x_wconf 87' lang='lat' dir='ltr'><strong>l6l8</strong></span> 
     </span>
    </p>
   </div>
   <div class='ocr_carea' id='block_1_5' title="bbox 1755 493 3360 539">
    <p class='ocr_par' dir='ltr' id='par_1_5' title="bbox 1755 497 3356 529">
     <span class='ocr_line' id='line_1_5' title="bbox 1755 497 3356 529; baseline -0.009 -9"><span class='ocrx_word' id='word_1_8' title='bbox 1755 508 2516 520; x_wconf 54' lang='lat' dir='ltr'><strong>.——._._...——-_——.._————.——-m—--_</strong></span> <span class='ocrx_word' id='word_1_9' title='bbox 3211 497 3356 526; x_wconf 45' lang='grc' dir='ltr'><strong>...ᾗ</strong></span> 
     </span>
    </p>
   </div>
   <div class='ocr_carea' id='block_1_6' title="bbox 1826 509 2441 520">
    <p class='ocr_par' dir='ltr' id='par_1_6' title="bbox 1826 509 2441 520">
     <span class='ocr_line' id='line_1_6' title="bbox 1826 509 2441 520; baseline -0.01 0"><span class='ocrx_word' id='word_1_10' title='bbox 1826 513 1914 520; x_wconf 66' lang='grc' dir='ltr'><strong>ο-ε-ο..</strong></span> <span class='ocrx_word' id='word_1_11' title='bbox 1922 509 2318 519; x_wconf 51' lang='grc' dir='ltr'><strong>ωα--ρ--ιαυ-α</strong></span> <span class='ocrx_word' id='word_1_12' title='bbox 2329 509 2441 520; x_wconf 33' lang='lat' dir='ltr'><strong>mr—</strong></span> 
     </span>
    </p>
   </div>
   <div class='ocr_carea' id='block_1_7' title="bbox 1387 758 2127 973">
    <p class='ocr_par' dir='ltr' id='par_1_7' title="bbox 1387 758 2127 973">
     <span class='ocr_line' id='line_1_7' title="bbox 1387 758 2127 973; baseline -0.015 1"><span class='ocrx_word' id='word_1_13' title='bbox 1387 758 2127 973; x_wconf 86' lang='lat' dir='ltr'><strong>VITA.</strong></span> 
     </span>
    </p>
   </div>
   <div class='ocr_carea' id='block_1_8' title="bbox 1605 1167 1914 1182">
    <p class='ocr_par' dir='ltr' id='par_1_8' title="bbox 1605 1167 1914 1182">
     <span class='ocr_line' id='line_1_8' title="bbox 1605 1167 1914 1182; baseline -0.013 0"><span class='ocrx_word' id='word_1_14' title='bbox 1605 1167 1914 1182; x_wconf 70' lang='lat'><strong>——</strong></span> 
     </span>
    </p>
   </div>
   <div class='ocr_carea' id='block_1_9' title="bbox 228 1318 3371 1405">
    <p class='ocr_par' dir='ltr' id='par_1_9' title="bbox 228 1318 3371 1405">
     <span class='ocr_line' id='line_1_9' title="bbox 228 1318 3371 1405; baseline -0.009 -3"><span class='ocrx_word' id='word_1_15' title='bbox 228 1347 408 1402; x_wconf 70' lang='lat' dir='ltr'><strong>Cum</strong></span> <span class='ocrx_word' id='word_1_16' title='bbox 438 1359 650 1398; x_wconf 67' lang='lat' dir='ltr'><strong>rusus.</strong></span> <span class='ocrx_word' id='word_1_17' title='bbox 677 1368 744 1381; x_wconf 88' lang='lat'><strong>—-</strong></span> <span class='ocrx_word' id='word_1_18' title='bbox 767 1339 895 1392; x_wconf 90' lang='lat' dir='ltr'><strong>Cum</strong></span> <span class='ocrx_word' id='word_1_19' title='bbox 943 1333 1296 1405; x_wconf 87' lang='lat' dir='ltr'><strong>pervenissem</strong></span> <span class='ocrx_word' id='word_1_20' title='bbox 1339 1330 1708 1387; x_wconf 75' lang='lat' dir='ltr'><strong>Alexandriam</strong></span> <span class='ocrx_word' id='word_1_21' title='bbox 1739 1331 1786 1385; x_wconf 79' lang='grc' dir='ltr'>Α</span> <span class='ocrx_word' id='word_1_22' title='bbox 1816 1324 2153 1393; x_wconf 85' lang='lat' dir='ltr'><strong>Evangelium</strong></span> <span class='ocrx_word' id='word_1_23' title='bbox 2184 1322 2482 1376; x_wconf 76' lang='lat' dir='ltr'><strong>audientem</strong></span> <span class='ocrx_word' id='word_1_24' title='bbox 2528 1335 2608 1388; x_wconf 90' lang='lat' dir='ltr'><strong>se,</strong></span> <span class='ocrx_word' id='word_1_25' title='bbox 2649 1318 2783 1374; x_wconf 77' lang='lat' dir='ltr'><strong>dicit</strong></span> <span class='ocrx_word' id='word_1_26' title='bbox 2811 1320 2936 1372; x_wconf 81' lang='lat' dir='ltr'><strong>mihi</strong></span> <span class='ocrx_word' id='word_1_27' title='bbox 2967 1333 3087 1374; x_wconf 84' lang='lat' dir='ltr'><strong>cum</strong></span> <span class='ocrx_word' id='word_1_28' title='bbox 3115 1333 3371 1386; x_wconf 85' lang='lat' dir='ltr'><strong>compun-</strong></span> 
     </span>
    </p>
   </div>
   <div class='ocr_carea' id='block_1_10' title="bbox 151 1423 1716 1509">
    <p class='ocr_par' dir='ltr' id='par_1_10' title="bbox 151 1423 1716 1509">
     <span class='ocr_line' id='line_1_10' title="bbox 151 1423 1716 1509; baseline -0.013 -15"><span class='ocrx_word' id='word_1_29' title='bbox 151 1457 263 1509; x_wconf 81' lang='lat' dir='ltr'><strong>ego</strong></span> <span class='ocrx_word' id='word_1_30' title='bbox 315 1433 657 1504; x_wconf 79' lang='lat' dir='ltr'><strong>indignusad</strong></span> <span class='ocrx_word' id='word_1_31' title='bbox 705 1427 1097 1495; x_wconf 86' lang='lat' dir='ltr'><strong>amplectandos</strong></span> <span class='ocrx_word' id='word_1_32' title='bbox 1143 1434 1356 1478; x_wconf 89' lang='lat' dir='ltr'><strong>sanctos</strong></span> <span class='ocrx_word' id='word_1_33' title='bbox 1401 1434 1454 1477; x_wconf 92' lang='lat' dir='ltr'><strong>et</strong></span> <span class='ocrx_word' id='word_1_34' title='bbox 1489 1423 1716 1474; x_wconf 86' lang='lat' dir='ltr'><strong>victores</strong></span> 
     </span>
    </p>
   </div>
   <div class='ocr_carea' id='block_1_11' title="bbox 155 1511 1720 1598">
    <p class='ocr_par' dir='ltr' id='par_1_11' title="bbox 155 1511 1720 1598">
     <span class='ocr_line' id='line_1_11' title="bbox 155 1511 1720 1598; baseline -0.013 -15"><span class='ocrx_word' id='word_1_35' title='bbox 155 1539 428 1598; x_wconf 86' lang='lat' dir='ltr'><strong>martyres</strong></span> <span class='ocrx_word' id='word_1_36' title='bbox 457 1525 651 1593; x_wconf 85' lang='lat' dir='ltr'><strong>Cyrum</strong></span> <span class='ocrx_word' id='word_1_37' title='bbox 685 1531 738 1575; x_wconf 90' lang='lat' dir='ltr'><strong>et</strong></span> <span class='ocrx_word' id='word_1_38' title='bbox 776 1519 1032 1572; x_wconf 78' lang='lat' dir='ltr'><strong>Joannem</strong></span> <span class='ocrx_word' id='word_1_39' title='bbox 1056 1515 1154 1584; x_wconf 85' lang='lat'><strong>(9),</strong></span> <span class='ocrx_word' id='word_1_40' title='bbox 1182 1523 1233 1568; x_wconf 90' lang='lat' dir='ltr'><strong>et</strong></span> <span class='ocrx_word' id='word_1_41' title='bbox 1266 1529 1446 1567; x_wconf 89' lang='lat' dir='ltr'><strong>eorum</strong></span> <span class='ocrx_word' id='word_1_42' title='bbox 1474 1511 1720 1579; x_wconf 88' lang='lat' dir='ltr'><strong>jucundis</strong></span> 
     </span>
    </p>
   </div>
   <div class='ocr_carea' id='block_1_12' title="bbox 155 1601 1724 1685">
    <p class='ocr_par' dir='ltr' id='par_1_12' title="bbox 155 1601 1724 1685">
     <span class='ocr_line' id='line_1_12' title="bbox 155 1601 1724 1685; baseline -0.013 -11"><span class='ocrx_word' id='word_1_43' title='bbox 155 1619 342 1685; x_wconf 84' lang='lat' dir='ltr'><strong>epulis</strong></span> <span class='ocrx_word' id='word_1_44' title='bbox 367 1626 420 1670; x_wconf 91' lang='lat' dir='ltr'><strong>et</strong></span> <span class='ocrx_word' id='word_1_45' title='bbox 449 1615 737 1668; x_wconf 78' lang='lat' dir='ltr'><strong>reiectione</strong></span> <span class='ocrx_word' id='word_1_46' title='bbox 759 1611 1072 1672; x_wconf 78' lang='lat' dir='ltr'><strong>frueremnr,</strong></span> <span class='ocrx_word' id='word_1_47' title='bbox 1088 1605 1518 1659; x_wconf 87' lang='lat' dir='ltr'><strong>convenientibus</strong></span> <span class='ocrx_word' id='word_1_48' title='bbox 1541 1613 1588 1656; x_wconf 90' lang='lat' dir='ltr'><strong>et</strong></span> <span class='ocrx_word' id='word_1_49' title='bbox 1613 1601 1724 1655; x_wconf 86' lang='lat' dir='ltr'><strong>col-</strong></span> 
     </span>
    </p>
   </div>
   <div class='ocr_carea' id='block_1_13' title="bbox 159 1692 1724 1776">
    <p class='ocr_par' dir='ltr' id='par_1_13' title="bbox 159 1692 1724 1776">
     <span class='ocr_line' id='line_1_13' title="bbox 159 1692 1724 1776; baseline -0.011 -14"><span class='ocrx_word' id='word_1_50' title='bbox 159 1705 508 1776; x_wconf 75' lang='lat' dir='ltr'><strong>loquentibus</strong></span> <span class='ocrx_word' id='word_1_51' title='bbox 555 1701 745 1754; x_wconf 82' lang='lat' dir='ltr'><strong>ibidem</strong></span> <span class='ocrx_word' id='word_1_52' title='bbox 801 1697 1110 1765; x_wconf 86' lang='lat' dir='ltr'><strong>quibusdam</strong></span> <span class='ocrx_word' id='word_1_53' title='bbox 1160 1696 1286 1748; x_wconf 90' lang='lat' dir='ltr'><strong>viris</strong></span> <span class='ocrx_word' id='word_1_54' title='bbox 1343 1692 1724 1746; x_wconf 85' lang='lat' dir='ltr'><strong>venerabilibus</strong></span> 
     </span>
    </p>
   </div>
   <div class='ocr_carea' id='block_1_14' title="bbox 159 1784 1722 1866">
    <p class='ocr_par' dir='ltr' id='par_1_14' title="bbox 159 1784 1722 1866">
     <span class='ocr_line' id='line_1_14' title="bbox 159 1784 1722 1866; baseline -0.012 -14"><span class='ocrx_word' id='word_1_55' title='bbox 159 1807 330 1866; x_wconf 87' lang='lat' dir='ltr'><strong>atque</strong></span> <span class='ocrx_word' id='word_1_56' title='bbox 356 1791 714 1862; x_wconf 86' lang='lat' dir='ltr'><strong>philocbristis</strong></span> <span class='ocrx_word' id='word_1_57' title='bbox 738 1788 873 1859; x_wconf 84' lang='grc'><strong>(10),</strong></span> <span class='ocrx_word' id='word_1_58' title='bbox 905 1795 958 1840; x_wconf 90' lang='lat' dir='ltr'><strong>et</strong></span> <span class='ocrx_word' id='word_1_59' title='bbox 984 1787 1376 1852; x_wconf 72' lang='lat' dir='ltr'><strong>disputaremus</strong></span> <span class='ocrx_word' id='word_1_60' title='bbox 1395 1784 1460 1836; x_wconf 88' lang='lat' dir='ltr'><strong>de</strong></span> <span class='ocrx_word' id='word_1_61' title='bbox 1486 1784 1722 1848; x_wconf 84' lang='lat' dir='ltr'><strong>Scriptu-</strong></span> 
     </span>
    </p>
   </div>
   <div class='ocr_carea' id='block_1_15' title="bbox 161 1873 1725 1940">
    <p class='ocr_par' dir='ltr' id='par_1_15' title="bbox 161 1873 1725 1940">
     <span class='ocr_line' id='line_1_15' title="bbox 161 1873 1725 1940; baseline -0.012 0"><span class='ocrx_word' id='word_1_62' title='bbox 161 1888 243 1940; x_wconf 81' lang='lat' dir='ltr'><strong>ris</strong></span> <span class='ocrx_word' id='word_1_63' title='bbox 275 1885 417 1939; x_wconf 88' lang='lat' dir='ltr'><strong>etde</strong></span> <span class='ocrx_word' id='word_1_64' title='bbox 460 1883 650 1935; x_wconf 67' lang='lat' dir='ltr'><strong>animae</strong></span> <span class='ocrx_word' id='word_1_65' title='bbox 682 1876 1047 1939; x_wconf 77' lang='lat' dir='ltr'><strong>institutione,</strong></span> <span class='ocrx_word' id='word_1_66' title='bbox 1076 1875 1213 1928; x_wconf 86' lang='lat' dir='ltr'><strong>venit</strong></span> <span class='ocrx_word' id='word_1_67' title='bbox 1260 1873 1323 1928; x_wconf 89' lang='lat' dir='ltr'><strong>ad</strong></span> <span class='ocrx_word' id='word_1_68' title='bbox 1372 1888 1468 1925; x_wconf 92' lang='lat' dir='ltr'><strong>nos</strong></span> <span class='ocrx_word' id='word_1_69' title='bbox 1515 1873 1725 1937; x_wconf 90' lang='lat' dir='ltr'><strong>quidam</strong></span> 
     </span>
    </p>
   </div>
   <div class='ocr_carea' id='block_1_16' title="bbox 163 1963 1730 2045">
    <p class='ocr_par' dir='ltr' id='par_1_16' title="bbox 163 1963 1730 2045">
     <span class='ocr_line' id='line_1_16' title="bbox 163 1963 1730 2045; baseline -0.01 -17"><span class='ocrx_word' id='word_1_70' title='bbox 163 1975 480 2045; x_wconf 75' lang='lat' dir='ltr'><strong>peregrinus</strong></span> <span class='ocrx_word' id='word_1_71' title='bbox 529 1981 713 2038; x_wconf 86' lang='lat' dir='ltr'><strong>petens</strong></span> <span class='ocrx_word' id='word_1_72' title='bbox 758 1969 1175 2034; x_wconf 84' lang='lat' dir='ltr'><strong>eleemosynam.</strong></span> <span class='ocrx_word' id='word_1_73' title='bbox 1227 1963 1442 2015; x_wconf 82' lang='lat' dir='ltr'><strong>Dicebat</strong></span> <span class='ocrx_word' id='word_1_74' title='bbox 1481 1963 1621 2013; x_wconf 89' lang='lat' dir='ltr'><strong>enim</strong></span> <span class='ocrx_word' id='word_1_75' title='bbox 1669 1972 1730 2013; x_wconf 85' lang='lat' dir='ltr'><strong>se</strong></span> 
     </span>
    </p>
   </div>
   <div class='ocr_carea' id='block_1_17' title="bbox 165 2053 1733 2133">
    <p class='ocr_par' dir='ltr' id='par_1_17' title="bbox 165 2053 1733 2133">
     <span class='ocr_line' id='line_1_17' title="bbox 165 2053 1733 2133; baseline -0.007 -15"><span class='ocrx_word' id='word_1_76' title='bbox 165 2079 342 2133; x_wconf 87' lang='lat' dir='ltr'><strong>nuper</strong></span> <span class='ocrx_word' id='word_1_77' title='bbox 369 2063 434 2116; x_wconf 91' lang='lat' dir='ltr'><strong>de</strong></span> <span class='ocrx_word' id='word_1_78' title='bbox 475 2061 783 2130; x_wconf 68' lang='lat' dir='ltr'><strong>captivitate</strong></span> <span class='ocrx_word' id='word_1_79' title='bbox 808 2058 1082 2111; x_wconf 87' lang='lat' dir='ltr'><strong>Persarum</strong></span> <span class='ocrx_word' id='word_1_80' title='bbox 1113 2063 1372 2121; x_wconf 87' lang='lat' dir='ltr'><strong>ereptum.</strong></span> <span class='ocrx_word' id='word_1_81' title='bbox 1408 2054 1609 2106; x_wconf 85' lang='lat' dir='ltr'><strong>Accidit</strong></span> <span class='ocrx_word' id='word_1_82' title='bbox 1638 2053 1733 2121; x_wconf 83' lang='lat' dir='ltr'><strong>igi-</strong></span> 
     </span>
    </p>
   </div>
   <div class='ocr_carea' id='block_1_18' title="bbox 165 2143 1733 2208">
    <p class='ocr_par' dir='ltr' id='par_1_18' title="bbox 165 2143 1733 2208">
     <span class='ocr_line' id='line_1_18' title="bbox 165 2143 1733 2208; baseline -0.008 0"><span class='ocrx_word' id='word_1_83' title='bbox 165 2164 260 2208; x_wconf 86' lang='lat' dir='ltr'><strong>tur</strong></span> <span class='ocrx_word' id='word_1_84' title='bbox 304 2164 368 2208; x_wconf 82' lang='lat' dir='ltr'><strong>ut</strong></span> <span class='ocrx_word' id='word_1_85' title='bbox 403 2152 580 2206; x_wconf 92' lang='lat' dir='ltr'><strong>nullus</strong></span> <span class='ocrx_word' id='word_1_86' title='bbox 626 2150 693 2204; x_wconf 90' lang='lat' dir='ltr'><strong>de</strong></span> <span class='ocrx_word' id='word_1_87' title='bbox 721 2146 1118 2201; x_wconf 85' lang='lat' dir='ltr'><strong>considentibus</strong></span> <span class='ocrx_word' id='word_1_88' title='bbox 1160 2146 1486 2198; x_wconf 87' lang='lat' dir='ltr'><strong>inveniretur</strong></span> <span class='ocrx_word' id='word_1_89' title='bbox 1531 2143 1733 2196; x_wconf 81' lang='lat' dir='ltr'><strong>habens</strong></span> 
     </span>
    </p>
   </div>
   <div class='ocr_carea' id='block_1_19' title="bbox 168 2233 1736 2317">
    <p class='ocr_par' dir='ltr' id='par_1_19' title="bbox 168 2233 1736 2317">
     <span class='ocr_line' id='line_1_19' title="bbox 168 2233 1736 2317; baseline -0.009 -17"><span class='ocrx_word' id='word_1_90' title='bbox 168 2245 402 2317; x_wconf 85' lang='lat' dir='ltr'><strong>pretium</strong></span> <span class='ocrx_word' id='word_1_91' title='bbox 445 2252 536 2298; x_wconf 90' lang='lat' dir='ltr'><strong>aut</strong></span> <span class='ocrx_word' id='word_1_92' title='bbox 566 2256 858 2296; x_wconf 85' lang='lat' dir='ltr'><strong>nummum.</strong></span> <span class='ocrx_word' id='word_1_93' title='bbox 908 2238 1052 2291; x_wconf 89' lang='lat' dir='ltr'><strong>Unus</strong></span> <span class='ocrx_word' id='word_1_94' title='bbox 1089 2251 1212 2304; x_wconf 85' lang='lat' dir='ltr'><strong>ergo</strong></span> <span class='ocrx_word' id='word_1_95' title='bbox 1237 2236 1302 2289; x_wconf 90' lang='lat' dir='ltr'><strong>de</strong></span> <span class='ocrx_word' id='word_1_96' title='bbox 1341 2233 1736 2287; x_wconf 88' lang='lat' dir='ltr'><strong>considentibus</strong></span> 
     </span>
    </p>
   </div>
   <div class='ocr_carea' id='block_1_20' title="bbox 170 2325 1734 2392">
    <p class='ocr_par' dir='ltr' id='par_1_20' title="bbox 170 2325 1734 2392">
     <span class='ocr_line' id='line_1_20' title="bbox 170 2325 1734 2392; baseline -0.009 -2"><span class='ocrx_word' id='word_1_97' title='bbox 170 2337 410 2390; x_wconf 82' lang='lat' dir='ltr'><strong>habebat</strong></span> <span class='ocrx_word' id='word_1_98' title='bbox 430 2335 535 2388; x_wconf 92' lang='lat' dir='ltr'><strong>illic</strong></span> <span class='ocrx_word' id='word_1_99' title='bbox 556 2342 813 2386; x_wconf 85' lang='lat' dir='ltr'><strong>astantem</strong></span> <span class='ocrx_word' id='word_1_100' title='bbox 838 2329 1242 2392; x_wconf 87' lang='lat' dir='ltr'><strong>mercenarium,</strong></span> <span class='ocrx_word' id='word_1_101' title='bbox 1265 2325 1452 2379; x_wconf 71' lang='lat' dir='ltr'><strong>callide</strong></span> <span class='ocrx_word' id='word_1_102' title='bbox 1473 2325 1734 2388; x_wconf 84' lang='lat' dir='ltr'><strong>datorem,</strong></span> 
     </span>
    </p>
   </div>
   <div class='ocr_carea' id='block_1_21' title="bbox 172 2417 1735 2493">
    <p class='ocr_par' dir='ltr' id='par_1_21' title="bbox 172 2417 1735 2493">
     <span class='ocr_line' id='line_1_21' title="bbox 172 2417 1735 2493; baseline -0.01 -13"><span class='ocrx_word' id='word_1_103' title='bbox 172 2425 524 2493; x_wconf 81' lang='lat' dir='ltr'><strong>accipientem</strong></span> <span class='ocrx_word' id='word_1_104' title='bbox 561 2435 666 2476; x_wconf 87' lang='lat' dir='ltr'><strong>tres</strong></span> <span class='ocrx_word' id='word_1_105' title='bbox 685 2429 883 2473; x_wconf 91' lang='lat' dir='ltr'><strong>tantum</strong></span> <span class='ocrx_word' id='word_1_106' title='bbox 907 2431 1148 2471; x_wconf 86' lang='lat' dir='ltr'><strong>nummos</strong></span> <span class='ocrx_word' id='word_1_107' title='bbox 1171 2431 1263 2483; x_wconf 89' lang='lat' dir='ltr'><strong>per</strong></span> <span class='ocrx_word' id='word_1_108' title='bbox 1284 2417 1518 2483; x_wconf 77' lang='lat' dir='ltr'><strong>singulos</strong></span> <span class='ocrx_word' id='word_1_109' title='bbox 1545 2429 1735 2479; x_wconf 89' lang='lat' dir='ltr'><strong>annos,</strong></span> 
     </span>
    </p>
   </div>
   <div class='ocr_carea' id='block_1_22' title="bbox 173 2504 1742 2574">
    <p class='ocr_par' dir='ltr' id='par_1_22' title="bbox 173 2504 1742 2574">
     <span class='ocr_line' id='line_1_22' title="bbox 173 2504 1742 2574; baseline -0.01 -2"><span class='ocrx_word' id='word_1_110' title='bbox 173 2529 233 2572; x_wconf 84' lang='lat' dir='ltr'><strong>ct.</strong></span> <span class='ocrx_word' id='word_1_111' title='bbox 284 2518 564 2571; x_wconf 88' lang='lat' dir='ltr'><strong>habentem</strong></span> <span class='ocrx_word' id='word_1_112' title='bbox 607 2526 824 2565; x_wconf 83' lang='lat' dir='ltr'><strong>uxorem</strong></span> <span class='ocrx_word' id='word_1_113' title='bbox 851 2519 902 2563; x_wconf 87' lang='lat' dir='ltr'><strong>et</strong></span> <span class='ocrx_word' id='word_1_114' title='bbox 929 2509 1060 2562; x_wconf 87' lang='lat' dir='ltr'><strong>duos</strong></span> <span class='ocrx_word' id='word_1_115' title='bbox 1103 2507 1255 2560; x_wconf 91' lang='lat' dir='ltr'><strong>lilios.</strong></span> <span class='ocrx_word' id='word_1_116' title='bbox 1301 2504 1536 2574; x_wconf 88' lang='lat' dir='ltr'><strong>Cumque</strong></span> <span class='ocrx_word' id='word_1_117' title='bbox 1567 2518 1742 2558; x_wconf 88' lang='lat' dir='ltr'><strong>reces-</strong></span> 
     </span>
    </p>
   </div>
   <div class='ocr_carea' id='block_1_23' title="bbox 175 2596 1742 2675">
    <p class='ocr_par' dir='ltr' id='par_1_23' title="bbox 175 2596 1742 2675">
     <span class='ocr_line' id='line_1_23' title="bbox 175 2596 1742 2675; baseline -0.01 -12"><span class='ocrx_word' id='word_1_118' title='bbox 175 2612 336 2663; x_wconf 78' lang='lat' dir='ltr'><strong>sisset</strong></span> <span class='ocrx_word' id='word_1_119' title='bbox 376 2608 464 2675; x_wconf 85' lang='lat' dir='ltr'><strong>qui</strong></span> <span class='ocrx_word' id='word_1_120' title='bbox 499 2605 728 2673; x_wconf 86' lang='lat' dir='ltr'><strong>petebat,</strong></span> <span class='ocrx_word' id='word_1_121' title='bbox 760 2609 1068 2670; x_wconf 86' lang='lat' dir='ltr'><strong>prosecutus</strong></span> <span class='ocrx_word' id='word_1_122' title='bbox 1096 2603 1179 2652; x_wconf 86' lang='lat' dir='ltr'><strong>est</strong></span> <span class='ocrx_word' id='word_1_123' title='bbox 1205 2611 1325 2650; x_wconf 91' lang='lat' dir='ltr'><strong>eum</strong></span> <span class='ocrx_word' id='word_1_124' title='bbox 1371 2596 1660 2664; x_wconf 86' lang='lat' dir='ltr'><strong>ingeniose,</strong></span> <span class='ocrx_word' id='word_1_125' title='bbox 1689 2602 1742 2647; x_wconf 90' lang='lat' dir='ltr'><strong>et</strong></span> 
     </span>
    </p>
   </div>
   <div class='ocr_carea' id='block_1_24' title="bbox 1817 1410 3377 1476">
    <p class='ocr_par' dir='ltr' id='par_1_24' title="bbox 1817 1410 3377 1476">
     <span class='ocr_line' id='line_1_24' title="bbox 1817 1410 3377 1476; baseline -0.004 -5"><span class='ocrx_word' id='word_1_126' title='bbox 1817 1417 2026 1471; x_wconf 90' lang='lat' dir='ltr'><strong>ctione:</strong></span> <span class='ocrx_word' id='word_1_127' title='bbox 2053 1415 2111 1469; x_wconf 92' lang='lat' dir='ltr'><strong>In</strong></span> <span class='ocrx_word' id='word_1_128' title='bbox 2159 1415 2258 1468; x_wconf 86' lang='lat' dir='ltr'><strong>hoc</strong></span> <span class='ocrx_word' id='word_1_129' title='bbox 2297 1414 2527 1476; x_wconf 87' lang='lat' dir='ltr'><strong>miraris,</strong></span> <span class='ocrx_word' id='word_1_130' title='bbox 2559 1413 2814 1467; x_wconf 81' lang='lat' dir='ltr'><strong>Domine?</strong></span> <span class='ocrx_word' id='word_1_131' title='bbox 2839 1410 2954 1466; x_wconf 86' lang='lat' dir='ltr'><strong>Jam</strong></span> <span class='ocrx_word' id='word_1_132' title='bbox 2997 1411 3040 1464; x_wconf 96' lang='lat' dir='ltr'><strong>si</strong></span> <span class='ocrx_word' id='word_1_133' title='bbox 3082 1411 3377 1464; x_wconf 81' lang='lat' dir='ltr'><strong>invenisses</strong></span> 
     </span>
    </p>
   </div>
   <div class='ocr_carea' id='block_1_25' title="bbox 1820 1499 3376 1572">
    <p class='ocr_par' dir='ltr' id='par_1_25' title="bbox 1820 1499 3376 1572">
     <span class='ocr_line' id='line_1_25' title="bbox 1820 1499 3376 1572; baseline -0.005 -10"><span class='ocrx_word' id='word_1_134' title='bbox 1820 1514 2058 1562; x_wconf 88' lang='lat' dir='ltr'><strong>sanctum</strong></span> <span class='ocrx_word' id='word_1_135' title='bbox 2108 1504 2477 1572; x_wconf 87' lang='lat' dir='ltr'><strong>patriarcham,</strong></span> <span class='ocrx_word' id='word_1_136' title='bbox 2509 1502 2670 1570; x_wconf 81' lang='lat' dir='ltr'><strong>quid?</strong></span> <span class='ocrx_word' id='word_1_137' title='bbox 2717 1503 2815 1555; x_wconf 79' lang='lat' dir='ltr'><strong>Aio</strong></span> <span class='ocrx_word' id='word_1_138' title='bbox 2859 1502 2907 1556; x_wconf 91' lang='lat' dir='ltr'><strong>ei</strong></span> <span class='ocrx_word' id='word_1_139' title='bbox 2935 1499 3108 1566; x_wconf 82' lang='lat' dir='ltr'><strong>:Quid</strong></span> <span class='ocrx_word' id='word_1_140' title='bbox 3151 1501 3376 1567; x_wconf 84' lang='lat' dir='ltr'><strong>amplius</strong></span> 
     </span>
    </p>
   </div>
   <div class='ocr_carea' id='block_1_26' title="bbox 1822 1594 3380 1663">
    <p class='ocr_par' dir='ltr' id='par_1_26' title="bbox 1822 1594 3380 1663">
     <span class='ocr_line' id='line_1_26' title="bbox 1822 1594 3380 1663; baseline -0.003 -12"><span class='ocrx_word' id='word_1_141' title='bbox 1822 1598 2088 1652; x_wconf 79' lang='lat' dir='ltr'><strong>viderem?</strong></span> <span class='ocrx_word' id='word_1_142' title='bbox 2130 1597 2172 1650; x_wconf 84' lang='grc' dir='ltr'><em>Τ</em></span> <span class='ocrx_word' id='word_1_143' title='bbox 2176 1612 2277 1650; x_wconf 92' lang='lat' dir='ltr'><strong>unc</strong></span> <span class='ocrx_word' id='word_1_144' title='bbox 2325 1595 2614 1649; x_wconf 27' lang='lat' dir='ltr'><strong>dixit&#39;mihi</strong></span> <span class='ocrx_word' id='word_1_145' title='bbox 2641 1613 2653 1648; x_wconf 88' lang='lat'>:</span> <span class='ocrx_word' id='word_1_146' title='bbox 2687 1595 2856 1650; x_wconf 81' lang='lat' dir='ltr'><strong>Crede</strong></span> <span class='ocrx_word' id='word_1_147' title='bbox 2884 1609 2977 1662; x_wconf 89' lang='lat' dir='ltr'><strong>per</strong></span> <span class='ocrx_word' id='word_1_148' title='bbox 3005 1594 3380 1663; x_wconf 74' lang='lat' dir='ltr'><strong>indulgentiam</strong></span> 
     </span>
    </p>
   </div>
   <div class='ocr_carea' id='block_1_27' title="bbox 1824 1683 3381 1756">
    <p class='ocr_par' dir='ltr' id='par_1_27' title="bbox 1824 1683 3381 1756">
     <span class='ocr_line' id='line_1_27' title="bbox 1824 1683 3381 1756; baseline -0.004 -14"><span class='ocrx_word' id='word_1_149' title='bbox 1824 1689 1938 1743; x_wconf 88' lang='lat' dir='ltr'><strong>Dei.</strong></span> <span class='ocrx_word' id='word_1_150' title='bbox 1965 1687 2082 1756; x_wconf 89' lang='lat' dir='ltr'><strong>Ipse</strong></span> <span class='ocrx_word' id='word_1_151' title='bbox 2104 1702 2188 1742; x_wconf 89' lang='lat' dir='ltr'><strong>me</strong></span> <span class='ocrx_word' id='word_1_152' title='bbox 2217 1687 2339 1740; x_wconf 79' lang='lat' dir='ltr'><strong>fecit</strong></span> <span class='ocrx_word' id='word_1_153' title='bbox 2361 1688 2745 1756; x_wconf 84' lang='lat' dir='ltr'><strong>presbyterum.</strong></span> <span class='ocrx_word' id='word_1_154' title='bbox 2771 1695 2826 1740; x_wconf 91' lang='lat' dir='ltr'><strong>et</strong></span> <span class='ocrx_word' id='word_1_155' title='bbox 2846 1686 3235 1740; x_wconf 85' lang='lat' dir='ltr'><strong>vicedoutinum</strong></span> <span class='ocrx_word' id='word_1_156' title='bbox 3269 1683 3381 1753; x_wconf 86' lang='lat' dir='ltr'><strong>(l5)</strong></span> 
     </span>
    </p>
   </div>
   <div class='ocr_carea' id='block_1_28' title="bbox 1825 1779 3384 1846">
    <p class='ocr_par' dir='ltr' id='par_1_28' title="bbox 1825 1779 3384 1846">
     <span class='ocr_line' id='line_1_28' title="bbox 1825 1779 3384 1846; baseline -0.003 -12"><span class='ocrx_word' id='word_1_157' title='bbox 1825 1781 2174 1835; x_wconf 70' lang='lat' dir='ltr'><strong>sanctissima:</strong></span> <span class='ocrx_word' id='word_1_158' title='bbox 2204 1780 2461 1844; x_wconf 68' lang='lat' dir='ltr'><strong>ecclesias,</strong></span> <span class='ocrx_word' id='word_1_159' title='bbox 2489 1789 2542 1833; x_wconf 88' lang='lat' dir='ltr'><strong>et</strong></span> <span class='ocrx_word' id='word_1_160' title='bbox 2562 1779 2666 1831; x_wconf 87' lang='lat' dir='ltr'><strong>vidi</strong></span> <span class='ocrx_word' id='word_1_161' title='bbox 2697 1779 2747 1832; x_wconf 91' lang='lat' dir='ltr'><strong>in</strong></span> <span class='ocrx_word' id='word_1_162' title='bbox 2775 1794 2840 1832; x_wconf 91' lang='lat' dir='ltr'><strong>eo</strong></span> <span class='ocrx_word' id='word_1_163' title='bbox 2869 1794 3052 1846; x_wconf 82' lang='lat' dir='ltr'><strong>opera,</strong></span> <span class='ocrx_word' id='word_1_164' title='bbox 3085 1779 3384 1832; x_wconf 83' lang='lat' dir='ltr'><strong>universam</strong></span> 
     </span>
    </p>
   </div>
   <div class='ocr_carea' id='block_1_29' title="bbox 1831 1868 3388 1940">
    <p class='ocr_par' dir='ltr' id='par_1_29' title="bbox 1831 1868 3388 1940">
     <span class='ocr_line' id='line_1_29' title="bbox 1831 1868 3388 1940; baseline -0.001 -16"><span class='ocrx_word' id='word_1_165' title='bbox 1831 1887 1963 1940; x_wconf 90' lang='lat' dir='ltr'><strong>pene</strong></span> <span class='ocrx_word' id='word_1_166' title='bbox 2012 1883 2249 1924; x_wconf 88' lang='lat' dir='ltr'><strong>naturam</strong></span> <span class='ocrx_word' id='word_1_167' title='bbox 2295 1871 2623 1925; x_wconf 80' lang='lat' dir='ltr'><strong>excedentia.</strong></span> <span class='ocrx_word' id='word_1_168' title='bbox 2672 1870 2734 1923; x_wconf 91' lang='lat' dir='ltr'><strong>Et</strong></span> <span class='ocrx_word' id='word_1_169' title='bbox 2778 1870 2821 1922; x_wconf 91' lang='lat' dir='ltr'><strong>si</strong></span> <span class='ocrx_word' id='word_1_170' title='bbox 2853 1870 3098 1938; x_wconf 86' lang='lat' dir='ltr'><strong>dignatus</strong></span> <span class='ocrx_word' id='word_1_171' title='bbox 3139 1868 3303 1923; x_wconf 83' lang='lat' dir='ltr'><strong>fueris</strong></span> <span class='ocrx_word' id='word_1_172' title='bbox 3334 1871 3388 1922; x_wconf 89' lang='lat' dir='ltr'><strong>in</strong></span> 
     </span>
    </p>
   </div>
   <div class='ocr_carea' id='block_1_30' title="bbox 1831 1959 3389 2026">
    <p class='ocr_par' dir='ltr' id='par_1_30' title="bbox 1831 1959 3389 2026">
     <span class='ocr_line' id='line_1_30' title="bbox 1831 1959 3389 2026; baseline -0.004 -8"><span class='ocrx_word' id='word_1_173' title='bbox 1831 1963 2044 2018; x_wconf 88' lang='lat' dir='ltr'><strong>servilia</strong></span> <span class='ocrx_word' id='word_1_174' title='bbox 2066 1972 2152 2016; x_wconf 90' lang='lat' dir='ltr'><strong>tua</strong></span> <span class='ocrx_word' id='word_1_175' title='bbox 2174 1962 2328 2016; x_wconf 90' lang='lat' dir='ltr'><strong>hodie</strong></span> <span class='ocrx_word' id='word_1_176' title='bbox 2347 1962 2626 2026; x_wconf 86' lang='lat' dir='ltr'><strong>veniendo,</strong></span> <span class='ocrx_word' id='word_1_177' title='bbox 2642 1960 2971 2014; x_wconf 78' lang='lat' dir='ltr'><strong>sattctitieare</strong></span> <span class='ocrx_word' id='word_1_178' title='bbox 2991 1974 3109 2024; x_wconf 91' lang='lat' dir='ltr'><strong>nos,</strong></span> <span class='ocrx_word' id='word_1_179' title='bbox 3128 1959 3389 2012; x_wconf 89' lang='lat' dir='ltr'><strong>enarrabo</strong></span> 
     </span>
    </p>
   </div>
   <div class='ocr_carea' id='block_1_31' title="bbox 1834 2050 3390 2122">
    <p class='ocr_par' dir='ltr' id='par_1_31' title="bbox 1834 2050 3390 2122">
     <span class='ocr_line' id='line_1_31' title="bbox 1834 2050 3390 2122; baseline -0.003 -11"><span class='ocrx_word' id='word_1_180' title='bbox 1834 2056 1924 2111; x_wconf 82' lang='lat' dir='ltr'><strong>tibi</strong></span> <span class='ocrx_word' id='word_1_181' title='bbox 1954 2064 2122 2122; x_wconf 88' lang='lat' dir='ltr'><strong>gesta,</strong></span> <span class='ocrx_word' id='word_1_182' title='bbox 2149 2070 2264 2122; x_wconf 64' lang='lat' dir='ltr'><strong>qua:</strong></span> <span class='ocrx_word' id='word_1_183' title='bbox 2309 2055 2426 2121; x_wconf 91' lang='lat' dir='ltr'><strong>ipse</strong></span> <span class='ocrx_word' id='word_1_184' title='bbox 2457 2055 2723 2120; x_wconf 85' lang='lat' dir='ltr'><strong>inspector</strong></span> <span class='ocrx_word' id='word_1_185' title='bbox 2761 2067 2942 2107; x_wconf 92' lang='lat' dir='ltr'><strong>eorum</strong></span> <span class='ocrx_word' id='word_1_186' title='bbox 2974 2050 3143 2105; x_wconf 81' lang='lat' dir='ltr'><strong>factus</strong></span> <span class='ocrx_word' id='word_1_187' title='bbox 3187 2052 3390 2117; x_wconf 87' lang='lat' dir='ltr'><strong>aspexi.</strong></span> 
     </span>
    </p>
   </div>
   <div class='ocr_carea' id='block_1_32' title="bbox 1831 2141 3382 2212">
    <p class='ocr_par' dir='ltr' id='par_1_32' title="bbox 1831 2141 3382 2212">
     <span class='ocr_line' id='line_1_32' title="bbox 1831 2141 3382 2212; baseline -0.003 -14"><span class='ocrx_word' id='word_1_188' title='bbox 1831 2144 2067 2212; x_wconf 87' lang='lat' dir='ltr'><strong>Cumque</strong></span> <span class='ocrx_word' id='word_1_189' title='bbox 2114 2142 2214 2196; x_wconf 87' lang='lat' dir='ltr'><strong>hoc</strong></span> <span class='ocrx_word' id='word_1_190' title='bbox 2259 2142 2500 2206; x_wconf 90' lang='lat' dir='ltr'><strong>dixisset,</strong></span> <span class='ocrx_word' id='word_1_191' title='bbox 2528 2145 2668 2197; x_wconf 85' lang='lat' dir='ltr'><strong>tenui</strong></span> <span class='ocrx_word' id='word_1_192' title='bbox 2715 2157 2924 2194; x_wconf 90' lang='lat' dir='ltr'><strong>manum</strong></span> <span class='ocrx_word' id='word_1_193' title='bbox 2956 2151 3009 2195; x_wconf 91' lang='lat' dir='ltr'><strong>et</strong></span> <span class='ocrx_word' id='word_1_194' title='bbox 3047 2141 3192 2196; x_wconf 82' lang='lat' dir='ltr'><strong>erexi</strong></span> <span class='ocrx_word' id='word_1_195' title='bbox 3218 2156 3382 2204; x_wconf 90' lang='lat' dir='ltr'><strong>eum;</strong></span> 
     </span>
    </p>
   </div>
   <div class='ocr_carea' id='block_1_33' title="bbox 1835 2232 3391 2303">
    <p class='ocr_par' dir='ltr' id='par_1_33' title="bbox 1835 2232 3391 2303">
     <span class='ocr_line' id='line_1_33' title="bbox 1835 2232 3391 2303; baseline -0.002 -15"><span class='ocrx_word' id='word_1_196' title='bbox 1835 2236 2358 2303; x_wconf 88' lang='lat' dir='ltr'><strong>apprehendensque,</strong></span> <span class='ocrx_word' id='word_1_197' title='bbox 2372 2234 2520 2287; x_wconf 86' lang='lat' dir='ltr'><strong>duxit</strong></span> <span class='ocrx_word' id='word_1_198' title='bbox 2540 2248 2623 2286; x_wconf 88' lang='lat' dir='ltr'><strong>me</strong></span> <span class='ocrx_word' id='word_1_199' title='bbox 2643 2234 2694 2287; x_wconf 91' lang='lat' dir='ltr'><strong>in</strong></span> <span class='ocrx_word' id='word_1_200' title='bbox 2717 2247 2746 2285; x_wconf 92' lang='lat' dir='ltr'><strong>a</strong></span> <span class='ocrx_word' id='word_1_201' title='bbox 2767 2234 2871 2286; x_wconf 91' lang='lat' dir='ltr'><strong>Deo</strong></span> <span class='ocrx_word' id='word_1_202' title='bbox 2891 2241 3153 2286; x_wconf 83' lang='lat' dir='ltr'><strong>servatam</strong></span> <span class='ocrx_word' id='word_1_203' title='bbox 3174 2232 3391 2286; x_wconf 90' lang='lat' dir='ltr'><strong>domum</strong></span> 
     </span>
    </p>
   </div>
   <div class='ocr_carea' id='block_1_34' title="bbox 1837 2306 3394 2397">
    <p class='ocr_par' dir='ltr' id='par_1_34' title="bbox 1837 2306 3394 2397">
     <span class='ocr_line' id='line_1_34' title="bbox 1837 2306 3394 2397; baseline -0.002 -15"><span class='ocrx_word' id='word_1_204' title='bbox 1837 2343 2006 2382; x_wconf 89' lang='lat' dir='ltr'><strong>suam.</strong></span> <span class='ocrx_word' id='word_1_205' title='bbox 2056 2327 2237 2397; x_wconf 87' lang='lat' dir='ltr'><strong>Itaque</strong></span> <span class='ocrx_word' id='word_1_206' title='bbox 2262 2342 2384 2381; x_wconf 93' lang='lat' dir='ltr'><strong>cum</strong></span> <span class='ocrx_word' id='word_1_207' title='bbox 2417 2326 2670 2379; x_wconf 86' lang='lat' dir='ltr'><strong>voluisset</strong></span> <span class='ocrx_word' id='word_1_208' title='bbox 2701 2325 2850 2380; x_wconf 91' lang='lat' dir='ltr'><strong>nobis</strong></span> <span class='ocrx_word' id='word_1_209' title='bbox 2886 2340 3121 2379; x_wconf 84' lang='lat' dir='ltr'><strong>mensam</strong></span> <span class='ocrx_word' id='word_1_210' title='bbox 3151 2306 3394 2394; x_wconf 82' lang='lat' dir='ltr'><strong>dignatus</strong></span> 
     </span>
    </p>
   </div>
   <div class='ocr_carea' id='block_1_35' title="bbox 1839 2417 3395 2487">
    <p class='ocr_par' dir='ltr' id='par_1_35' title="bbox 1839 2417 3395 2487">
     <span class='ocr_line' id='line_1_35' title="bbox 1839 2417 3395 2487; baseline -0.001 -15"><span class='ocrx_word' id='word_1_211' title='bbox 1839 2433 2122 2487; x_wconf 88' lang='lat' dir='ltr'><strong>apponere,</strong></span> <span class='ocrx_word' id='word_1_212' title='bbox 2152 2418 2257 2471; x_wconf 89' lang='lat' dir='ltr'><strong>dixi</strong></span> <span class='ocrx_word' id='word_1_213' title='bbox 2284 2417 2348 2470; x_wconf 92' lang='lat' dir='ltr'><strong>ad</strong></span> <span class='ocrx_word' id='word_1_214' title='bbox 2391 2432 2509 2471; x_wconf 90' lang='lat' dir='ltr'><strong>eum</strong></span> <span class='ocrx_word' id='word_1_215' title='bbox 2534 2433 2557 2471; x_wconf 71' lang='grc' dir='ltr'>τ</span> <span class='ocrx_word' id='word_1_216' title='bbox 2577 2417 2689 2470; x_wconf 80' lang='lat' dir='ltr'><strong>Non</strong></span> <span class='ocrx_word' id='word_1_217' title='bbox 2727 2417 2927 2485; x_wconf 88' lang='lat' dir='ltr'><strong>justum</strong></span> <span class='ocrx_word' id='word_1_218' title='bbox 2958 2427 3058 2481; x_wconf 82' lang='lat' dir='ltr'><strong>est,</strong></span> <span class='ocrx_word' id='word_1_219' title='bbox 3090 2431 3123 2470; x_wconf 95' lang='lat' dir='ltr'><strong>o</strong></span> <span class='ocrx_word' id='word_1_220' title='bbox 3155 2417 3395 2480; x_wconf 82' lang='lat' dir='ltr'><strong>Domine,</strong></span> 
     </span>
    </p>
   </div>
   <div class='ocr_carea' id='block_1_36' title="bbox 1842 2506 3400 2576">
    <p class='ocr_par' dir='ltr' id='par_1_36' title="bbox 1842 2506 3400 2576">
     <span class='ocr_line' id='line_1_36' title="bbox 1842 2506 3400 2576; baseline 0 -15"><span class='ocrx_word' id='word_1_221' title='bbox 1842 2511 2034 2562; x_wconf 64' lang='lat' dir='ltr'><strong>animas</strong></span> <span class='ocrx_word' id='word_1_222' title='bbox 2066 2507 2238 2561; x_wconf 90' lang='lat' dir='ltr'><strong>cibum</strong></span> <span class='ocrx_word' id='word_1_223' title='bbox 2270 2506 2658 2576; x_wconf 87' lang='lat' dir='ltr'><strong>relinquentes,</strong></span> <span class='ocrx_word' id='word_1_224' title='bbox 2689 2522 2882 2575; x_wconf 88' lang='lat' dir='ltr'><strong>corpus</strong></span> <span class='ocrx_word' id='word_1_225' title='bbox 2909 2517 3031 2560; x_wconf 86' lang='lat' dir='ltr'><strong>ante</strong></span> <span class='ocrx_word' id='word_1_226' title='bbox 3060 2507 3289 2560; x_wconf 88' lang='lat' dir='ltr'><strong>animam</strong></span> <span class='ocrx_word' id='word_1_227' title='bbox 3317 2522 3400 2561; x_wconf 89' lang='lat' dir='ltr'><strong>re-</strong></span> 
     </span>
    </p>
   </div>
   <div class='ocr_carea' id='block_1_37' title="bbox 1845 2594 3402 2666">
    <p class='ocr_par' dir='ltr' id='par_1_37' title="bbox 1845 2594 3402 2666">
     <span class='ocr_line' id='line_1_37' title="bbox 1845 2594 3402 2666; baseline 0.001 -16"><span class='ocrx_word' id='word_1_228' title='bbox 1845 2596 2024 2662; x_wconf 82' lang='lat' dir='ltr'><strong>ﬁcere,</strong></span> <span class='ocrx_word' id='word_1_229' title='bbox 2055 2597 2146 2650; x_wconf 89' lang='lat' dir='ltr'><strong>sed</strong></span> <span class='ocrx_word' id='word_1_230' title='bbox 2189 2594 2362 2665; x_wconf 82' lang='lat' dir='ltr'><strong>magis</strong></span> <span class='ocrx_word' id='word_1_231' title='bbox 2383 2598 2556 2650; x_wconf 86' lang='lat' dir='ltr'><strong>cibum</strong></span> <span class='ocrx_word' id='word_1_232' title='bbox 2597 2597 2686 2666; x_wconf 86' lang='lat' dir='ltr'><strong>qui</strong></span> <span class='ocrx_word' id='word_1_233' title='bbox 2715 2614 2815 2649; x_wconf 91' lang='lat' dir='ltr'><strong>non</strong></span> <span class='ocrx_word' id='word_1_234' title='bbox 2849 2599 3002 2665; x_wconf 90' lang='lat' dir='ltr'><strong>perit,</strong></span> <span class='ocrx_word' id='word_1_235' title='bbox 3033 2612 3323 2660; x_wconf 90' lang='lat' dir='ltr'><strong>sumamus,</strong></span> <span class='ocrx_word' id='word_1_236' title='bbox 3349 2607 3402 2652; x_wconf 88' lang='lat' dir='ltr'><strong>et</strong></span> 
     </span>
    </p>
   </div>
   <div class='ocr_carea' id='block_1_38' title="bbox 179 2685 3402 2765">
    <p class='ocr_par' dir='ltr' id='par_1_38' title="bbox 179 2685 3402 2765">
     <span class='ocr_line' id='line_1_38' title="bbox 179 2685 3402 2765; baseline -0.004 -12"><span class='ocrx_word' id='word_1_237' title='bbox 179 2701 514 2753; x_wconf 87' lang='lat' dir='ltr'><strong>abstulitase</strong></span> <span class='ocrx_word' id='word_1_238' title='bbox 534 2711 690 2765; x_wconf 90' lang='lat' dir='ltr'><strong>quam</strong></span> <span class='ocrx_word' id='word_1_239' title='bbox 713 2693 917 2748; x_wconf 79' lang='lat' dir='ltr'><strong>ferebat</strong></span> <span class='ocrx_word' id='word_1_240' title='bbox 935 2688 1255 2744; x_wconf 91' lang='lat' dir='ltr'><strong>eruciculam</strong></span> <span class='ocrx_word' id='word_1_241' title='bbox 1275 2698 1576 2758; x_wconf 74' lang='lat' dir='ltr'><strong>argenteam</strong></span> <span class='ocrx_word' id='word_1_242' title='bbox 1600 2687 1736 2755; x_wconf 87' lang='lat' dir='ltr'><strong>(ll),</strong></span> <span class='ocrx_word' id='word_1_243' title='bbox 1771 2697 1817 2755; x_wconf 78' lang='grc' dir='ltr'><strong>Β</strong></span> <span class='ocrx_word' id='word_1_244' title='bbox 1845 2685 2179 2752; x_wconf 83' lang='lat' dir='ltr'><strong>postmodum</strong></span> <span class='ocrx_word' id='word_1_245' title='bbox 2227 2685 2435 2752; x_wconf 80' lang='lat' dir='ltr'><strong>corpori</strong></span> <span class='ocrx_word' id='word_1_246' title='bbox 2487 2686 2858 2741; x_wconf 86' lang='lat' dir='ltr'><strong>necessitatem</strong></span> <span class='ocrx_word' id='word_1_247' title='bbox 2912 2695 3239 2753; x_wconf 69' lang='lat' dir='ltr'><strong>prazstemus.</strong></span> <span class='ocrx_word' id='word_1_248' title='bbox 3270 2685 3402 2740; x_wconf 90' lang='lat' dir='ltr'><strong>Cum</strong></span> 
     </span>
    </p>
   </div>
   <div class='ocr_carea' id='block_1_39' title="bbox 179 2777 1741 2852">
    <p class='ocr_par' dir='ltr' id='par_1_39' title="bbox 179 2777 1741 2852">
     <span class='ocr_line' id='line_1_39' title="bbox 179 2777 1741 2852; baseline -0.009 -8"><span class='ocrx_word' id='word_1_249' title='bbox 179 2802 234 2844; x_wconf 90' lang='lat' dir='ltr'><strong>et</strong></span> <span class='ocrx_word' id='word_1_250' title='bbox 281 2791 368 2842; x_wconf 91' lang='lat' dir='ltr'><strong>dat</strong></span> <span class='ocrx_word' id='word_1_251' title='bbox 394 2789 464 2852; x_wconf 88' lang='lat' dir='ltr'><strong>ei,</strong></span> <span class='ocrx_word' id='word_1_252' title='bbox 494 2787 677 2841; x_wconf 83' lang='lat' dir='ltr'><strong>dicens</strong></span> <span class='ocrx_word' id='word_1_253' title='bbox 706 2799 764 2837; x_wconf 91' lang='lat' dir='ltr'><strong>se</strong></span> <span class='ocrx_word' id='word_1_254' title='bbox 792 2797 896 2835; x_wconf 93' lang='lat' dir='ltr'><strong>non</strong></span> <span class='ocrx_word' id='word_1_255' title='bbox 926 2781 1122 2833; x_wconf 90' lang='lat' dir='ltr'><strong>habere</strong></span> <span class='ocrx_word' id='word_1_256' title='bbox 1173 2778 1314 2831; x_wconf 86' lang='lat' dir='ltr'><strong>aliud</strong></span> <span class='ocrx_word' id='word_1_257' title='bbox 1346 2777 1540 2846; x_wconf 91' lang='lat' dir='ltr'><strong>aliquid</strong></span> <span class='ocrx_word' id='word_1_258' title='bbox 1574 2791 1741 2843; x_wconf 89' lang='lat' dir='ltr'><strong>usque</strong></span> 
     </span>
    </p>
   </div>
   <div class='ocr_carea' id='block_1_40' title="bbox 183 2866 1746 2946">
    <p class='ocr_par' dir='ltr' id='par_1_40' title="bbox 183 2866 1746 2946">
     <span class='ocr_line' id='line_1_40' title="bbox 183 2866 1746 2946; baseline -0.008 -14"><span class='ocrx_word' id='word_1_259' title='bbox 183 2879 251 2932; x_wconf 86' lang='lat' dir='ltr'><strong>ad</strong></span> <span class='ocrx_word' id='word_1_260' title='bbox 282 2878 522 2946; x_wconf 85' lang='lat' dir='ltr'><strong>siliquam</strong></span> <span class='ocrx_word' id='word_1_261' title='bbox 555 2890 709 2928; x_wconf 90' lang='lat' dir='ltr'><strong>uuam</strong></span> <span class='ocrx_word' id='word_1_262' title='bbox 740 2873 854 2944; x_wconf 73' lang='grc' dir='ltr'><strong>(ίὲ)</strong></span> <span class='ocrx_word' id='word_1_263' title='bbox 883 2871 936 2924; x_wconf 90' lang='lat' dir='ltr'><strong>in</strong></span> <span class='ocrx_word' id='word_1_264' title='bbox 983 2870 1088 2922; x_wconf 86' lang='lat' dir='ltr'><strong>vita</strong></span> <span class='ocrx_word' id='word_1_265' title='bbox 1137 2884 1251 2922; x_wconf 87' lang='lat' dir='ltr'><strong>sua.</strong></span> <span class='ocrx_word' id='word_1_266' title='bbox 1313 2868 1424 2938; x_wconf 84' lang='lat' dir='ltr'><strong>Ego</strong></span> <span class='ocrx_word' id='word_1_267' title='bbox 1479 2867 1636 2936; x_wconf 79' lang='lat' dir='ltr'><strong>igitur</strong></span> <span class='ocrx_word' id='word_1_268' title='bbox 1680 2866 1746 2919; x_wconf 83' lang='lat' dir='ltr'><strong>de</strong></span> 
     </span>
    </p>
   </div>
   <div class='ocr_carea' id='block_1_41' title="bbox 186 2958 1747 3037">
    <p class='ocr_par' dir='ltr' id='par_1_41' title="bbox 186 2958 1747 3037">
     <span class='ocr_line' id='line_1_41' title="bbox 186 2958 1747 3037; baseline -0.01 -15"><span class='ocrx_word' id='word_1_269' title='bbox 186 2972 289 3023; x_wconf 91' lang='lat' dir='ltr'><strong>hoc</strong></span> <span class='ocrx_word' id='word_1_270' title='bbox 319 2968 454 3037; x_wconf 90' lang='lat' dir='ltr'><strong>quod</strong></span> <span class='ocrx_word' id='word_1_271' title='bbox 486 2965 774 3028; x_wconf 88' lang='lat' dir='ltr'><strong>acciderat,</strong></span> <span class='ocrx_word' id='word_1_272' title='bbox 807 2963 915 3016; x_wconf 90' lang='lat' dir='ltr'><strong>imo</strong></span> <span class='ocrx_word' id='word_1_273' title='bbox 940 2959 1079 3028; x_wconf 91' lang='lat' dir='ltr'><strong>quod</strong></span> <span class='ocrx_word' id='word_1_274' title='bbox 1121 2969 1326 3027; x_wconf 89' lang='lat' dir='ltr'><strong>gestum</strong></span> <span class='ocrx_word' id='word_1_275' title='bbox 1360 2958 1589 3010; x_wconf 87' lang='lat' dir='ltr'><strong>videram</strong></span> <span class='ocrx_word' id='word_1_276' title='bbox 1611 2999 1624 3017; x_wconf 82' lang='lat'><strong>,</strong></span> <span class='ocrx_word' id='word_1_277' title='bbox 1656 2970 1747 3023; x_wconf 81' lang='lat' dir='ltr'><strong>per</strong></span> 
     </span>
    </p>
   </div>
   <div class='ocr_carea' id='block_1_42' title="bbox 187 3049 1743 3127">
    <p class='ocr_par' dir='ltr' id='par_1_42' title="bbox 187 3049 1743 3127">
     <span class='ocr_line' id='line_1_42' title="bbox 187 3049 1743 3127; baseline -0.01 -14"><span class='ocrx_word' id='word_1_278' title='bbox 187 3058 413 3127; x_wconf 76' lang='lat' dir='ltr'><strong>gratiam</strong></span> <span class='ocrx_word' id='word_1_279' title='bbox 441 3056 533 3110; x_wconf 89' lang='lat' dir='ltr'><strong>Dei</strong></span> <span class='ocrx_word' id='word_1_280' title='bbox 552 3053 892 3109; x_wconf 87' lang='lat' dir='ltr'><strong>considerans</strong></span> <span class='ocrx_word' id='word_1_281' title='bbox 915 3050 1050 3118; x_wconf 90' lang='lat' dir='ltr'><strong>quod</strong></span> <span class='ocrx_word' id='word_1_282' title='bbox 1079 3049 1358 3114; x_wconf 85' lang='lat' dir='ltr'><strong>t‘eeerat,et</strong></span> <span class='ocrx_word' id='word_1_283' title='bbox 1379 3053 1743 3113; x_wconf 86' lang='lat' dir='ltr'><strong>compunctus,</strong></span> 
     </span>
    </p>
   </div>
   <div class='ocr_carea' id='block_1_43' title="bbox 189 3135 1749 3212">
    <p class='ocr_par' dir='ltr' id='par_1_43' title="bbox 189 3135 1749 3212">
     <span class='ocr_line' id='line_1_43' title="bbox 189 3135 1749 3212; baseline -0.008 -11"><span class='ocrx_word' id='word_1_284' title='bbox 189 3149 428 3202; x_wconf 86' lang='lat' dir='ltr'><strong>enarravi</strong></span> <span class='ocrx_word' id='word_1_285' title='bbox 460 3147 635 3199; x_wconf 86' lang='lat' dir='ltr'><strong>statim</strong></span> <span class='ocrx_word' id='word_1_286' title='bbox 687 3157 852 3212; x_wconf 89' lang='lat' dir='ltr'><strong>prope</strong></span> <span class='ocrx_word' id='word_1_287' title='bbox 892 3139 1118 3202; x_wconf 84' lang='lat' dir='ltr'><strong>sedenti,</strong></span> <span class='ocrx_word' id='word_1_288' title='bbox 1149 3141 1346 3192; x_wconf 75' lang='lat' dir='ltr'><strong>Mennaa</strong></span> <span class='ocrx_word' id='word_1_289' title='bbox 1373 3138 1606 3200; x_wconf 89' lang='lat' dir='ltr'><strong>nomine,</strong></span> <span class='ocrx_word' id='word_1_290' title='bbox 1634 3135 1749 3189; x_wconf 90' lang='lat' dir='ltr'><strong>viro</strong></span> 
     </span>
    </p>
   </div>
   <div class='ocr_carea' id='block_1_44' title="bbox 192 3227 1752 3300">
    <p class='ocr_par' dir='ltr' id='par_1_44' title="bbox 192 3227 1752 3300">
     <span class='ocr_line' id='line_1_44' title="bbox 192 3227 1752 3300; baseline -0.011 -7"><span class='ocrx_word' id='word_1_291' title='bbox 192 3237 450 3298; x_wconf 87' lang='lat' dir='ltr'><strong>industrio</strong></span> <span class='ocrx_word' id='word_1_292' title='bbox 489 3247 542 3291; x_wconf 91' lang='lat' dir='ltr'><strong>et</strong></span> <span class='ocrx_word' id='word_1_293' title='bbox 588 3235 792 3289; x_wconf 87' lang='lat' dir='ltr'><strong>timenti</strong></span> <span class='ocrx_word' id='word_1_294' title='bbox 825 3234 990 3287; x_wconf 89' lang='lat' dir='ltr'><strong>Deum</strong></span> <span class='ocrx_word' id='word_1_295' title='bbox 1017 3274 1030 3296; x_wconf 94' lang='lat'><strong>,</strong></span> <span class='ocrx_word' id='word_1_296' title='bbox 1059 3229 1150 3300; x_wconf 91' lang='lat' dir='ltr'><strong>qui</strong></span> <span class='ocrx_word' id='word_1_297' title='bbox 1176 3239 1230 3285; x_wconf 91' lang='lat' dir='ltr'><strong>et</strong></span> <span class='ocrx_word' id='word_1_298' title='bbox 1256 3241 1370 3284; x_wconf 91' lang='lat' dir='ltr'><strong>erat</strong></span> <span class='ocrx_word' id='word_1_299' title='bbox 1395 3229 1643 3281; x_wconf 89' lang='lat' dir='ltr'><strong>ordinans</strong></span> <span class='ocrx_word' id='word_1_300' title='bbox 1673 3227 1752 3279; x_wconf 87' lang='lat' dir='ltr'><strong>di-</strong></span> 
     </span>
    </p>
   </div>
   <div class='ocr_carea' id='block_1_45' title="bbox 193 3320 1750 3399">
    <p class='ocr_par' dir='ltr' id='par_1_45' title="bbox 193 3320 1750 3399">
     <span class='ocr_line' id='line_1_45' title="bbox 193 3320 1750 3399; baseline -0.008 -15"><span class='ocrx_word' id='word_1_301' title='bbox 193 3329 589 3399; x_wconf 88' lang='lat' dir='ltr'><strong>spensationem</strong></span> <span class='ocrx_word' id='word_1_302' title='bbox 646 3325 994 3380; x_wconf 75' lang='lat' dir='ltr'><strong>sanctissima:</strong></span> <span class='ocrx_word' id='word_1_303' title='bbox 1045 3321 1285 3377; x_wconf 75' lang='lat' dir='ltr'><strong>ecclesia:</strong></span> <span class='ocrx_word' id='word_1_304' title='bbox 1342 3320 1441 3374; x_wconf 86' lang='lat' dir='ltr'><strong>sub</strong></span> <span class='ocrx_word' id='word_1_305' title='bbox 1491 3320 1653 3372; x_wconf 88' lang='lat' dir='ltr'><strong>nobili</strong></span> <span class='ocrx_word' id='word_1_306' title='bbox 1702 3328 1750 3371; x_wconf 91' lang='lat' dir='ltr'><strong>et</strong></span> 
     </span>
    </p>
   </div>
   <div class='ocr_carea' id='block_1_46' title="bbox 197 3407 1754 3481">
    <p class='ocr_par' dir='ltr' id='par_1_46' title="bbox 197 3407 1754 3481">
     <span class='ocr_line' id='line_1_46' title="bbox 197 3407 1754 3481; baseline -0.008 -9"><span class='ocrx_word' id='word_1_307' title='bbox 197 3417 500 3472; x_wconf 73' lang='lat' dir='ltr'><strong>beatissimo</strong></span> <span class='ocrx_word' id='word_1_308' title='bbox 526 3414 727 3468; x_wconf 80' lang='lat' dir='ltr'><strong>Joanne</strong></span> <span class='ocrx_word' id='word_1_309' title='bbox 768 3411 1083 3481; x_wconf 76' lang='lat' dir='ltr'><strong>patriarcha.</strong></span> <span class='ocrx_word' id='word_1_310' title='bbox 1117 3410 1216 3477; x_wconf 85' lang='lat' dir='ltr'><strong>Qui</strong></span> <span class='ocrx_word' id='word_1_311' title='bbox 1258 3423 1374 3462; x_wconf 92' lang='lat' dir='ltr'><strong>cum</strong></span> <span class='ocrx_word' id='word_1_312' title='bbox 1422 3425 1507 3462; x_wconf 87' lang='lat' dir='ltr'><strong>me</strong></span> <span class='ocrx_word' id='word_1_313' title='bbox 1539 3407 1754 3461; x_wconf 87' lang='lat' dir='ltr'><strong>intuitus</strong></span> 
     </span>
    </p>
   </div>
   <div class='ocr_carea' id='block_1_47' title="bbox 199 3498 1755 3568">
    <p class='ocr_par' dir='ltr' id='par_1_47' title="bbox 199 3498 1755 3568">
     <span class='ocr_line' id='line_1_47' title="bbox 199 3498 1755 3568; baseline -0.009 -4"><span class='ocrx_word' id='word_1_314' title='bbox 199 3517 339 3564; x_wconf 81' lang='lat' dir='ltr'><strong>esset</strong></span> <span class='ocrx_word' id='word_1_315' title='bbox 385 3505 728 3558; x_wconf 66' lang='lat' dir='ltr'><strong>admirantem</strong></span> <span class='ocrx_word' id='word_1_316' title='bbox 758 3513 810 3557; x_wconf 91' lang='lat' dir='ltr'><strong>et</strong></span> <span class='ocrx_word' id='word_1_317' title='bbox 839 3502 1138 3555; x_wconf 86' lang='lat' dir='ltr'><strong>laudantem.</strong></span> <span class='ocrx_word' id='word_1_318' title='bbox 1178 3515 1296 3552; x_wconf 89' lang='lat' dir='ltr'><strong>eutn</strong></span> <span class='ocrx_word' id='word_1_319' title='bbox 1327 3499 1414 3568; x_wconf 91' lang='lat' dir='ltr'><strong>qui</strong></span> <span class='ocrx_word' id='word_1_320' title='bbox 1458 3498 1755 3566; x_wconf 83' lang='lat' dir='ltr'><strong>eleemosy-</strong></span> 
     </span>
    </p>
   </div>
   <div class='ocr_carea' id='block_1_48' title="bbox 203 3586 1757 3656">
    <p class='ocr_par' dir='ltr' id='par_1_48' title="bbox 203 3586 1757 3656">
     <span class='ocr_line' id='line_1_48' title="bbox 203 3586 1757 3656; baseline -0.009 -4"><span class='ocrx_word' id='word_1_321' title='bbox 203 3612 321 3652; x_wconf 90' lang='lat' dir='ltr'><strong>nam</strong></span> <span class='ocrx_word' id='word_1_322' title='bbox 350 3592 568 3656; x_wconf 83' lang='lat' dir='ltr'><strong>fecerat,</strong></span> <span class='ocrx_word' id='word_1_323' title='bbox 603 3593 733 3646; x_wconf 91' lang='lat' dir='ltr'><strong>dixit</strong></span> <span class='ocrx_word' id='word_1_324' title='bbox 755 3589 881 3644; x_wconf 88' lang='lat' dir='ltr'><strong>mihi</strong></span> <span class='ocrx_word' id='word_1_325' title='bbox 910 3607 922 3642; x_wconf 93' lang='lat'>:</span> <span class='ocrx_word' id='word_1_326' title='bbox 948 3588 1023 3642; x_wconf 82' lang='lat' dir='ltr'><strong>Nc</strong></span> <span class='ocrx_word' id='word_1_327' title='bbox 1045 3589 1274 3652; x_wconf 90' lang='lat' dir='ltr'><strong>mireris,</strong></span> <span class='ocrx_word' id='word_1_328' title='bbox 1303 3603 1367 3639; x_wconf 92' lang='lat' dir='ltr'><strong>eo</strong></span> <span class='ocrx_word' id='word_1_329' title='bbox 1391 3586 1529 3654; x_wconf 92' lang='lat' dir='ltr'><strong>quod</strong></span> <span class='ocrx_word' id='word_1_330' title='bbox 1561 3601 1622 3639; x_wconf 86' lang='lat' dir='ltr'><strong>ex</strong></span> <span class='ocrx_word' id='word_1_331' title='bbox 1653 3597 1757 3638; x_wconf 76' lang='lat' dir='ltr'><strong>trs.-</strong></span> 
     </span>
    </p>
   </div>
   <div class='ocr_carea' id='block_1_49' title="bbox 205 3677 1761 3749">
    <p class='ocr_par' dir='ltr' id='par_1_49' title="bbox 205 3677 1761 3749">
     <span class='ocr_line' id='line_1_49' title="bbox 205 3677 1761 3749; baseline -0.008 -7"><span class='ocrx_word' id='word_1_332' title='bbox 205 3688 402 3743; x_wconf 89' lang='lat' dir='ltr'><strong>ditione</strong></span> <span class='ocrx_word' id='word_1_333' title='bbox 424 3695 472 3739; x_wconf 90' lang='lat' dir='ltr'><strong>et</strong></span> <span class='ocrx_word' id='word_1_334' title='bbox 495 3685 737 3738; x_wconf 85' lang='lat' dir='ltr'><strong>doctrina</strong></span> <span class='ocrx_word' id='word_1_335' title='bbox 763 3679 1062 3749; x_wconf 76' lang='lat' dir='ltr'><strong>linIISIIIOdI</strong></span> <span class='ocrx_word' id='word_1_336' title='bbox 1090 3680 1307 3733; x_wconf 90' lang='lat' dir='ltr'><strong>actionis</strong></span> <span class='ocrx_word' id='word_1_337' title='bbox 1334 3687 1577 3744; x_wconf 65' lang='lat' dir='ltr'><strong>operator</strong></span> <span class='ocrx_word' id='word_1_338' title='bbox 1599 3677 1761 3730; x_wconf 85' lang='lat' dir='ltr'><strong>exsti-</strong></span> 
     </span>
    </p>
   </div>
   <div class='ocr_carea' id='block_1_50' title="bbox 207 3767 1761 3836">
    <p class='ocr_par' dir='ltr' id='par_1_50' title="bbox 207 3767 1761 3836">
     <span class='ocr_line' id='line_1_50' title="bbox 207 3767 1761 3836; baseline -0.008 -6"><span class='ocrx_word' id='word_1_339' title='bbox 207 3779 291 3830; x_wconf 91' lang='lat' dir='ltr'><strong>tit.</strong></span> <span class='ocrx_word' id='word_1_340' title='bbox 322 3777 388 3830; x_wconf 84' lang='lat' dir='ltr'><strong>Et</strong></span> <span class='ocrx_word' id='word_1_341' title='bbox 415 3776 624 3829; x_wconf 89' lang='lat' dir='ltr'><strong>dicente</strong></span> <span class='ocrx_word' id='word_1_342' title='bbox 654 3787 737 3826; x_wconf 89' lang='lat' dir='ltr'><strong>me</strong></span> <span class='ocrx_word' id='word_1_343' title='bbox 780 3772 842 3824; x_wconf 90' lang='lat' dir='ltr'><strong>ad</strong></span> <span class='ocrx_word' id='word_1_344' title='bbox 872 3786 1015 3832; x_wconf 88' lang='lat' dir='ltr'><strong>eum,</strong></span> <span class='ocrx_word' id='word_1_345' title='bbox 1045 3768 1352 3836; x_wconf 83' lang='lat' dir='ltr'><strong>Quomodo?</strong></span> <span class='ocrx_word' id='word_1_346' title='bbox 1382 3778 1596 3836; x_wconf 88' lang='lat' dir='ltr'><strong>propter</strong></span> <span class='ocrx_word' id='word_1_347' title='bbox 1637 3767 1761 3820; x_wconf 90' lang='lat' dir='ltr'><strong>cha-</strong></span> 
     </span>
    </p>
   </div>
   <div class='ocr_carea' id='block_1_51' title="bbox 209 3858 1762 3935">
    <p class='ocr_par' dir='ltr' id='par_1_51' title="bbox 209 3858 1762 3935">
     <span class='ocr_line' id='line_1_51' title="bbox 209 3858 1762 3935; baseline -0.007 -15"><span class='ocrx_word' id='word_1_348' title='bbox 209 3868 412 3920; x_wconf 92' lang='lat' dir='ltr'><strong>ritatem</strong></span> <span class='ocrx_word' id='word_1_349' title='bbox 443 3865 690 3935; x_wconf 86' lang='lat' dir='ltr'><strong>prodesto</strong></span> <span class='ocrx_word' id='word_1_350' title='bbox 721 3861 875 3916; x_wconf 78' lang='lat' dir='ltr'><strong>mihi.</strong></span> <span class='ocrx_word' id='word_1_351' title='bbox 898 3861 1011 3930; x_wconf 86' lang='lat' dir='ltr'><strong>Ipse</strong></span> <span class='ocrx_word' id='word_1_352' title='bbox 1041 3858 1366 3927; x_wconf 81' lang='lat' dir='ltr'><strong>respondens</strong></span> <span class='ocrx_word' id='word_1_353' title='bbox 1392 3860 1501 3912; x_wconf 87' lang='lat' dir='ltr'><strong>ait:</strong></span> <span class='ocrx_word' id='word_1_354' title='bbox 1529 3858 1762 3911; x_wconf 84' lang='lat' dir='ltr'><strong>Sanctis-</strong></span> 
     </span>
    </p>
   </div>
   <div class='ocr_carea' id='block_1_52' title="bbox 208 3948 1763 4022">
    <p class='ocr_par' dir='ltr' id='par_1_52' title="bbox 208 3948 1763 4022">
     <span class='ocr_line' id='line_1_52' title="bbox 208 3948 1763 4022; baseline -0.005 -14"><span class='ocrx_word' id='word_1_355' title='bbox 208 3958 339 4011; x_wconf 87' lang='lat' dir='ltr'><strong>sitno</strong></span> <span class='ocrx_word' id='word_1_356' title='bbox 355 3966 434 4009; x_wconf 90' lang='lat' dir='ltr'><strong>ter</strong></span> <span class='ocrx_word' id='word_1_357' title='bbox 450 3956 601 4009; x_wconf 86' lang='lat' dir='ltr'><strong>beato</strong></span> <span class='ocrx_word' id='word_1_358' title='bbox 623 3955 934 4022; x_wconf 67' lang='lat' dir='ltr'><strong>patriarchae</strong></span> <span class='ocrx_word' id='word_1_359' title='bbox 952 3961 1132 4004; x_wconf 87' lang='lat' dir='ltr'><strong>nostro</strong></span> <span class='ocrx_word' id='word_1_360' title='bbox 1157 3950 1459 4003; x_wconf 89' lang='lat' dir='ltr'><strong>ministratts</strong></span> <span class='ocrx_word' id='word_1_361' title='bbox 1475 3948 1763 4016; x_wconf 74' lang='lat' dir='ltr'><strong>permansit</strong></span> 
     </span>
    </p>
   </div>
   <div class='ocr_carea' id='block_1_53' title="bbox 1843 2776 3401 2844">
    <p class='ocr_par' dir='ltr' id='par_1_53' title="bbox 1843 2776 3401 2844">
     <span class='ocr_line' id='line_1_53' title="bbox 1843 2776 3401 2844; baseline 0.001 -16"><span class='ocrx_word' id='word_1_362' title='bbox 1843 2792 1968 2843; x_wconf 87' lang='lat' dir='ltr'><strong>ergo</strong></span> <span class='ocrx_word' id='word_1_363' title='bbox 2011 2776 2261 2844; x_wconf 70' lang='lat' dir='ltr'><strong>coepisset</strong></span> <span class='ocrx_word' id='word_1_364' title='bbox 2290 2777 2449 2830; x_wconf 82' lang='lat' dir='ltr'><strong>vitam</strong></span> <span class='ocrx_word' id='word_1_365' title='bbox 2479 2777 2646 2830; x_wconf 89' lang='lat' dir='ltr'><strong>sancti</strong></span> <span class='ocrx_word' id='word_1_366' title='bbox 2677 2777 2792 2829; x_wconf 85' lang='lat' dir='ltr'><strong>sine</strong></span> <span class='ocrx_word' id='word_1_367' title='bbox 2838 2778 3112 2832; x_wconf 88' lang='lat' dir='ltr'><strong>mendacio</strong></span> <span class='ocrx_word' id='word_1_368' title='bbox 3141 2780 3401 2841; x_wconf 81' lang='lat' dir='ltr'><strong>recitare,</strong></span> 
     </span>
    </p>
   </div>
   <div class='ocr_carea' id='block_1_54' title="bbox 1847 2865 3405 2937">
    <p class='ocr_par' dir='ltr' id='par_1_54' title="bbox 1847 2865 3405 2937">
     <span class='ocr_line' id='line_1_54' title="bbox 1847 2865 3405 2937; baseline 0.002 -16"><span class='ocrx_word' id='word_1_369' title='bbox 1847 2868 2099 2931; x_wconf 89' lang='lat' dir='ltr'><strong>Primum,</strong></span> <span class='ocrx_word' id='word_1_370' title='bbox 2129 2865 2314 2934; x_wconf 91' lang='lat' dir='ltr'><strong>inquit,</strong></span> <span class='ocrx_word' id='word_1_371' title='bbox 2345 2876 2397 2920; x_wconf 90' lang='lat' dir='ltr'><strong>et</strong></span> <span class='ocrx_word' id='word_1_372' title='bbox 2429 2868 2750 2935; x_wconf 56' lang='lat' dir='ltr'><strong>praecipuum</strong></span> <span class='ocrx_word' id='word_1_373' title='bbox 2781 2870 2972 2921; x_wconf 90' lang='lat' dir='ltr'><strong>bonum</strong></span> <span class='ocrx_word' id='word_1_374' title='bbox 3000 2869 3113 2936; x_wconf 86' lang='lat' dir='ltr'><strong>ejus</strong></span> <span class='ocrx_word' id='word_1_375' title='bbox 3137 2869 3405 2937; x_wconf 83' lang='lat' dir='ltr'><strong>fuit,th-</strong></span> 
     </span>
    </p>
   </div>
   <div class='ocr_carea' id='block_1_55' title="bbox 1847 2955 3407 3025">
    <p class='ocr_par' dir='ltr' id='par_1_55' title="bbox 1847 2955 3407 3025">
     <span class='ocr_line' id='line_1_55' title="bbox 1847 2955 3407 3025; baseline 0.001 -15"><span class='ocrx_word' id='word_1_376' title='bbox 1847 2957 1986 3010; x_wconf 87' lang='lat' dir='ltr'><strong>niam</strong></span> <span class='ocrx_word' id='word_1_377' title='bbox 2011 2957 2328 3010; x_wconf 90' lang='lat' dir='ltr'><strong>omnimodis</strong></span> <span class='ocrx_word' id='word_1_378' title='bbox 2361 2971 2462 3008; x_wconf 93' lang='lat' dir='ltr'><strong>non</strong></span> <span class='ocrx_word' id='word_1_379' title='bbox 2489 2955 2704 3025; x_wconf 87' lang='lat' dir='ltr'><strong>juravit.</strong></span> <span class='ocrx_word' id='word_1_380' title='bbox 2739 2956 2869 3010; x_wconf 88' lang='lat' dir='ltr'><strong>Petii</strong></span> <span class='ocrx_word' id='word_1_381' title='bbox 2900 2958 3054 3024; x_wconf 80' lang='lat' dir='ltr'><strong>igitur</strong></span> <span class='ocrx_word' id='word_1_382' title='bbox 3083 2960 3319 3012; x_wconf 84' lang='lat' dir='ltr'><strong>chartam</strong></span> <span class='ocrx_word' id='word_1_383' title='bbox 3353 2968 3407 3011; x_wconf 87' lang='lat' dir='ltr'><strong>et</strong></span> 
     </span>
    </p>
   </div>
   <div class='ocr_carea' id='block_1_56' title="bbox 1848 3048 3405 3116">
    <p class='ocr_par' dir='ltr' id='par_1_56' title="bbox 1848 3048 3405 3116">
     <span class='ocr_line' id='line_1_56' title="bbox 1848 3048 3405 3116; baseline 0.002 -17"><span class='ocrx_word' id='word_1_384' title='bbox 1848 3048 2301 3115; x_wconf 87' lang='lat' dir='ltr'><strong>atramentarium,</strong></span> <span class='ocrx_word' id='word_1_385' title='bbox 2333 3056 2387 3101; x_wconf 91' lang='lat' dir='ltr'><strong>et</strong></span> <span class='ocrx_word' id='word_1_386' title='bbox 2410 3062 2528 3115; x_wconf 72' lang='lat' dir='ltr'><strong>qua:</strong></span> <span class='ocrx_word' id='word_1_387' title='bbox 2553 3048 2888 3115; x_wconf 83' lang='lat' dir='ltr'><strong>dicebantur,</strong></span> <span class='ocrx_word' id='word_1_388' title='bbox 2921 3064 3014 3116; x_wconf 89' lang='lat' dir='ltr'><strong>per</strong></span> <span class='ocrx_word' id='word_1_389' title='bbox 3040 3049 3281 3103; x_wconf 85' lang='lat' dir='ltr'><strong>ordinem</strong></span> <span class='ocrx_word' id='word_1_390' title='bbox 3308 3066 3405 3102; x_wconf 86' lang='lat' dir='ltr'><strong>au-</strong></span> 
     </span>
    </p>
   </div>
   <div class='ocr_carea' id='block_1_57' title="bbox 1851 3136 2118 3189">
    <p class='ocr_par' dir='ltr' id='par_1_57' title="bbox 1851 3136 2118 3189">
     <span class='ocr_line' id='line_1_57' title="bbox 1851 3136 2118 3189; baseline -0.004 0"><span class='ocrx_word' id='word_1_391' title='bbox 1851 3136 2039 3189; x_wconf 86' lang='lat' dir='ltr'><strong>ttotaba</strong></span> <span class='ocrx_word' id='word_1_392' title='bbox 2049 3153 2118 3188; x_wconf 92' lang='lat' dir='ltr'><strong>m.</strong></span> 
     </span>
    </p>
   </div>
   <div class='ocr_carea' id='block_1_58' title="bbox 1922 3227 3414 3298">
    <p class='ocr_par' dir='ltr' id='par_1_58' title="bbox 1922 3227 3414 3298">
     <span class='ocr_line' id='line_1_58' title="bbox 1922 3227 3414 3298; baseline 0.005 -18"><span class='ocrx_word' id='word_1_393' title='bbox 1922 3227 2050 3282; x_wconf 81' lang='lat' dir='ltr'><strong>CAP.</strong></span> <span class='ocrx_word' id='word_1_394' title='bbox 2085 3229 2144 3282; x_wconf 95' lang='lat' dir='ltr'><strong>Il.</strong></span> <span class='ocrx_word' id='word_1_395' title='bbox 2167 3228 2539 3282; x_wconf 82' lang='lat' dir='ltr'><strong>—Promotus</strong></span> <span class='ocrx_word' id='word_1_396' title='bbox 2567 3244 2715 3298; x_wconf 85' lang='lat' dir='ltr'><strong>ergo,</strong></span> <span class='ocrx_word' id='word_1_397' title='bbox 2746 3240 2797 3282; x_wconf 90' lang='lat' dir='ltr'><strong>et</strong></span> <span class='ocrx_word' id='word_1_398' title='bbox 2848 3232 2899 3284; x_wconf 88' lang='lat' dir='ltr'><strong>in</strong></span> <span class='ocrx_word' id='word_1_399' title='bbox 2947 3231 3142 3286; x_wconf 83' lang='lat' dir='ltr'><strong>throno</strong></span> <span class='ocrx_word' id='word_1_400' title='bbox 3176 3233 3414 3287; x_wconf 81' lang='lat' dir='ltr'><strong>residens</strong></span> 
     </span>
    </p>
   </div>
   <div class='ocr_carea' id='block_1_59' title="bbox 1854 3318 3416 3387">
    <p class='ocr_par' dir='ltr' id='par_1_59' title="bbox 1854 3318 3416 3387">
     <span class='ocr_line' id='line_1_59' title="bbox 1854 3318 3416 3387; baseline 0.003 -15"><span class='ocrx_word' id='word_1_401' title='bbox 1854 3319 1905 3372; x_wconf 88' lang='lat' dir='ltr'><strong>iu</strong></span> <span class='ocrx_word' id='word_1_402' title='bbox 1929 3321 2094 3370; x_wconf 81' lang='lat' dir='ltr'><strong>amica</strong></span> <span class='ocrx_word' id='word_1_403' title='bbox 2125 3318 2319 3372; x_wconf 88' lang='lat' dir='ltr'><strong>Christi</strong></span> <span class='ocrx_word' id='word_1_404' title='bbox 2353 3333 2538 3387; x_wconf 87' lang='lat' dir='ltr'><strong>magna</strong></span> <span class='ocrx_word' id='word_1_405' title='bbox 2570 3320 2782 3374; x_wconf 85' lang='lat' dir='ltr'><strong>civitate</strong></span> <span class='ocrx_word' id='word_1_406' title='bbox 2826 3321 3166 3386; x_wconf 86' lang='lat' dir='ltr'><strong>Alexandria,</strong></span> <span class='ocrx_word' id='word_1_407' title='bbox 3198 3323 3416 3377; x_wconf 84' lang='lat' dir='ltr'><strong>decreto</strong></span> 
     </span>
    </p>
   </div>
   <div class='ocr_carea' id='block_1_60' title="bbox 1856 3410 3416 3481">
    <p class='ocr_par' dir='ltr' id='par_1_60' title="bbox 1856 3410 3416 3481">
     <span class='ocr_line' id='line_1_60' title="bbox 1856 3410 3416 3481; baseline 0.002 -19"><span class='ocrx_word' id='word_1_408' title='bbox 1856 3410 2031 3462; x_wconf 87' lang='lat' dir='ltr'><strong>divino</strong></span> <span class='ocrx_word' id='word_1_409' title='bbox 2074 3410 2355 3468; x_wconf 52' lang='lat' dir='ltr'><strong>veraciter.</strong></span> <span class='ocrx_word' id='word_1_410' title='bbox 2386 3419 2440 3463; x_wconf 88' lang='lat' dir='ltr'><strong>et</strong></span> <span class='ocrx_word' id='word_1_411' title='bbox 2486 3425 2590 3461; x_wconf 86' lang='lat' dir='ltr'><strong>non</strong></span> <span class='ocrx_word' id='word_1_412' title='bbox 2634 3425 2695 3461; x_wconf 87' lang='lat' dir='ltr'><strong>ex</strong></span> <span class='ocrx_word' id='word_1_413' title='bbox 2751 3410 3074 3476; x_wconf 89' lang='lat' dir='ltr'><strong>hominibus,</strong></span> <span class='ocrx_word' id='word_1_414' title='bbox 3107 3427 3277 3481; x_wconf 90' lang='lat' dir='ltr'><strong>neque</strong></span> <span class='ocrx_word' id='word_1_415' title='bbox 3327 3429 3416 3479; x_wconf 88' lang='lat' dir='ltr'><strong>per</strong></span> 
     </span>
    </p>
   </div>
   <div class='ocr_carea' id='block_1_61' title="bbox 1859 3499 3419 3569">
    <p class='ocr_par' dir='ltr' id='par_1_61' title="bbox 1859 3499 3419 3569">
     <span class='ocr_line' id='line_1_61' title="bbox 1859 3499 3419 3569; baseline 0.001 -17"><span class='ocrx_word' id='word_1_416' title='bbox 1859 3500 2119 3563; x_wconf 83' lang='lat' dir='ltr'><strong>betniues,</strong></span> <span class='ocrx_word' id='word_1_417' title='bbox 2149 3500 2246 3552; x_wconf 90' lang='lat' dir='ltr'><strong>hoc</strong></span> <span class='ocrx_word' id='word_1_418' title='bbox 2276 3500 2500 3566; x_wconf 89' lang='lat' dir='ltr'><strong>primum</strong></span> <span class='ocrx_word' id='word_1_419' title='bbox 2535 3499 2671 3552; x_wconf 80' lang='lat' dir='ltr'><strong>forte</strong></span> <span class='ocrx_word' id='word_1_420' title='bbox 2699 3500 2892 3552; x_wconf 80' lang='lat' dir='ltr'><strong>iactum</strong></span> <span class='ocrx_word' id='word_1_421' title='bbox 2923 3510 2968 3554; x_wconf 88' lang='lat' dir='ltr'><strong>et</strong></span> <span class='ocrx_word' id='word_1_422' title='bbox 3001 3503 3277 3569; x_wconf 69' lang='lat' dir='ltr'><strong>praemium</strong></span> <span class='ocrx_word' id='word_1_423' title='bbox 3306 3519 3419 3558; x_wconf 84' lang='lat' dir='ltr'><strong>om-</strong></span> 
     </span>
    </p>
   </div>
   <div class='ocr_carea' id='block_1_62' title="bbox 1859 3591 3420 3662">
    <p class='ocr_par' dir='ltr' id='par_1_62' title="bbox 1859 3591 3420 3662">
     <span class='ocr_line' id='line_1_62' title="bbox 1859 3591 3420 3662; baseline 0.001 -18"><span class='ocrx_word' id='word_1_424' title='bbox 1859 3594 2011 3646; x_wconf 90' lang='lat' dir='ltr'><strong>nibus</strong></span> <span class='ocrx_word' id='word_1_425' title='bbox 2035 3592 2436 3645; x_wconf 77' lang='lat' dir='ltr'><strong>demonstravit.</strong></span> <span class='ocrx_word' id='word_1_426' title='bbox 2461 3591 2672 3644; x_wconf 78' lang='lat' dir='ltr'><strong>Mittens</strong></span> <span class='ocrx_word' id='word_1_427' title='bbox 2694 3592 2834 3645; x_wconf 89' lang='lat' dir='ltr'><strong>enim</strong></span> <span class='ocrx_word' id='word_1_428' title='bbox 2860 3609 2976 3645; x_wconf 86' lang='lat' dir='ltr'><strong>mox</strong></span> <span class='ocrx_word' id='word_1_429' title='bbox 3003 3593 3420 3662; x_wconf 83' lang='lat' dir='ltr'><strong>dispensatores,</strong></span> 
     </span>
    </p>
   </div>
   <div class='ocr_carea' id='block_1_63' title="bbox 1860 3684 3421 3755">
    <p class='ocr_par' dir='ltr' id='par_1_63' title="bbox 1860 3684 3421 3755">
     <span class='ocr_line' id='line_1_63' title="bbox 1860 3684 3421 3755; baseline 0.003 -17"><span class='ocrx_word' id='word_1_430' title='bbox 1860 3697 1912 3738; x_wconf 89' lang='lat' dir='ltr'><strong>et</strong></span> <span class='ocrx_word' id='word_1_431' title='bbox 1940 3701 2059 3739; x_wconf 92' lang='lat' dir='ltr'><strong>enm</strong></span> <span class='ocrx_word' id='word_1_432' title='bbox 2101 3685 2188 3753; x_wconf 84' lang='lat' dir='ltr'><strong>qui</strong></span> <span class='ocrx_word' id='word_1_433' title='bbox 2218 3684 2492 3737; x_wconf 80' lang='lat' dir='ltr'><strong>dicebatur</strong></span> <span class='ocrx_word' id='word_1_434' title='bbox 2533 3701 2691 3752; x_wconf 86' lang='lat' dir='ltr'><strong>super</strong></span> <span class='ocrx_word' id='word_1_435' title='bbox 2718 3701 2898 3753; x_wconf 89' lang='lat' dir='ltr'><strong>pacem</strong></span> <span class='ocrx_word' id='word_1_436' title='bbox 2935 3686 3068 3755; x_wconf 81' lang='lat'><strong>(16),</strong></span> <span class='ocrx_word' id='word_1_437' title='bbox 3097 3687 3421 3742; x_wconf 81' lang='lat' dir='ltr'><strong>dicitcoraut</strong></span> 
     </span>
    </p>
   </div>
   <div class='ocr_carea' id='block_1_64' title="bbox 1862 3776 3424 3847">
    <p class='ocr_par' dir='ltr' id='par_1_64' title="bbox 1862 3776 3424 3847">
     <span class='ocr_line' id='line_1_64' title="bbox 1862 3776 3424 3847; baseline 0.002 -18"><span class='ocrx_word' id='word_1_438' title='bbox 1862 3778 2106 3831; x_wconf 53' lang='lat' dir='ltr'><strong>omnibus</strong></span> <span class='ocrx_word' id='word_1_439' title='bbox 2133 3776 2198 3830; x_wconf 90' lang='lat' dir='ltr'><strong>ad</strong></span> <span class='ocrx_word' id='word_1_440' title='bbox 2230 3791 2322 3830; x_wconf 86' lang='lat' dir='ltr'><strong>eos</strong></span> <span class='ocrx_word' id='word_1_441' title='bbox 2351 3778 2402 3829; x_wconf 92' lang='lat' dir='ltr'><strong>in</strong></span> <span class='ocrx_word' id='word_1_442' title='bbox 2451 3777 2743 3829; x_wconf 85' lang='lat' dir='ltr'><strong>honorabili</strong></span> <span class='ocrx_word' id='word_1_443' title='bbox 2786 3787 2990 3831; x_wconf 90' lang='lat' dir='ltr'><strong>secreto</strong></span> <span class='ocrx_word' id='word_1_444' title='bbox 3017 3777 3130 3847; x_wconf 86' lang='lat' dir='ltr'><strong>(l7)</strong></span> <span class='ocrx_word' id='word_1_445' title='bbox 3158 3795 3170 3831; x_wconf 91' lang='lat'><strong>:</strong></span> <span class='ocrx_word' id='word_1_446' title='bbox 3194 3777 3308 3831; x_wconf 85' lang='lat' dir='ltr'><strong>Non</strong></span> <span class='ocrx_word' id='word_1_447' title='bbox 3335 3778 3424 3846; x_wconf 93' lang='lat' dir='ltr'><strong>ju-</strong></span> 
     </span>
    </p>
   </div>
   <div class='ocr_carea' id='block_1_65' title="bbox 1863 3867 3418 3935">
    <p class='ocr_par' dir='ltr' id='par_1_65' title="bbox 1863 3867 3418 3935">
     <span class='ocr_line' id='line_1_65' title="bbox 1863 3867 3418 3935; baseline -0.001 -14"><span class='ocrx_word' id='word_1_448' title='bbox 1863 3878 1999 3922; x_wconf 90' lang='lat' dir='ltr'><strong>stum</strong></span> <span class='ocrx_word' id='word_1_449' title='bbox 2033 3877 2131 3929; x_wconf 91' lang='lat' dir='ltr'><strong>est,</strong></span> <span class='ocrx_word' id='word_1_450' title='bbox 2157 3867 2365 3928; x_wconf 80' lang='lat' dir='ltr'><strong>fratres,</strong></span> <span class='ocrx_word' id='word_1_451' title='bbox 2397 3881 2492 3918; x_wconf 92' lang='lat' dir='ltr'><strong>nos</strong></span> <span class='ocrx_word' id='word_1_452' title='bbox 2517 3876 2639 3919; x_wconf 89' lang='lat' dir='ltr'><strong>ante</strong></span> <span class='ocrx_word' id='word_1_453' title='bbox 2664 3867 2878 3920; x_wconf 86' lang='lat' dir='ltr'><strong>alterius</strong></span> <span class='ocrx_word' id='word_1_454' title='bbox 2899 3871 3210 3935; x_wconf 86' lang='lat' dir='ltr'><strong>cujusquam</strong></span> <span class='ocrx_word' id='word_1_455' title='bbox 3238 3882 3418 3920; x_wconf 89' lang='lat' dir='ltr'><strong>curam</strong></span> 
     </span>
    </p>
   </div>
   <div class='ocr_carea' id='block_1_66' title="bbox 1868 3958 3425 4026">
    <p class='ocr_par' dir='ltr' id='par_1_66' title="bbox 1868 3958 3425 4026">
     <span class='ocr_line' id='line_1_66' title="bbox 1868 3958 3425 4026; baseline -0.001 -16"><span class='ocrx_word' id='word_1_456' title='bbox 1868 3961 2059 4012; x_wconf 86' lang='lat' dir='ltr'><strong>habere</strong></span> <span class='ocrx_word' id='word_1_457' title='bbox 2103 3975 2258 4025; x_wconf 86' lang='lat' dir='ltr'><strong>quam</strong></span> <span class='ocrx_word' id='word_1_458' title='bbox 2306 3958 2524 4010; x_wconf 84' lang='lat' dir='ltr'><strong>Christi.</strong></span> <span class='ocrx_word' id='word_1_459' title='bbox 2573 3958 2726 4011; x_wconf 87' lang='lat' dir='ltr'><strong>Omni</strong></span> <span class='ocrx_word' id='word_1_460' title='bbox 2773 3973 2894 4011; x_wconf 82' lang='lat' dir='ltr'><strong>vero</strong></span> <span class='ocrx_word' id='word_1_461' title='bbox 2944 3959 3281 4012; x_wconf 82' lang='lat' dir='ltr'><strong>multitudine</strong></span> <span class='ocrx_word' id='word_1_462' title='bbox 3309 3975 3425 4026; x_wconf 67' lang='lat' dir='ltr'><strong>quae</strong></span> 
     </span>
    </p>
   </div>
   <div class='ocr_carea' id='block_1_67' title="bbox 211 4039 1756 4117">
    <p class='ocr_par' dir='ltr' id='par_1_67' title="bbox 211 4039 1756 4112">
     <span class='ocr_line' id='line_1_67' title="bbox 211 4039 1756 4112; baseline -0.009 -10"><span class='ocrx_word' id='word_1_463' title='bbox 211 4044 416 4108; x_wconf 75' lang='lat' dir='ltr'><strong>Joanui,</strong></span> <span class='ocrx_word' id='word_1_464' title='bbox 449 4056 500 4099; x_wconf 91' lang='lat' dir='ltr'><strong>et</strong></span> <span class='ocrx_word' id='word_1_465' title='bbox 527 4054 776 4112; x_wconf 87' lang='lat' dir='ltr'><strong>tanquam</strong></span> <span class='ocrx_word' id='word_1_466' title='bbox 810 4043 945 4094; x_wconf 81' lang='lat' dir='ltr'><strong>[ilius</strong></span> <span class='ocrx_word' id='word_1_467' title='bbox 976 4043 1222 4110; x_wconf 87' lang='lat' dir='ltr'><strong>proprius</strong></span> <span class='ocrx_word' id='word_1_468' title='bbox 1266 4042 1425 4104; x_wconf 80' lang='lat' dir='ltr'><strong>patris</strong></span> <span class='ocrx_word' id='word_1_469' title='bbox 1453 4039 1756 4091; x_wconf 84' lang='lat' dir='ltr'><strong>industriam</strong></span> 
     </span>
    </p>
   </div>
   <div class='ocr_carea' id='block_1_68' title="bbox 1855 4039 3418 4117">
    <p class='ocr_par' dir='ltr' id='par_1_68' title="bbox 1875 4049 3418 4117">
     <span class='ocr_line' id='line_1_68' title="bbox 1875 4049 3418 4117; baseline 0.002 -17"><span class='ocrx_word' id='word_1_470' title='bbox 1875 4061 2210 4112; x_wconf 83' lang='lat' dir='ltr'><strong>convenerat,</strong></span> <span class='ocrx_word' id='word_1_471' title='bbox 2239 4049 2417 4101; x_wconf 83' lang='lat' dir='ltr'><strong>audito</strong></span> <span class='ocrx_word' id='word_1_472' title='bbox 2463 4049 2624 4101; x_wconf 72' lang='lat' dir='ltr'><strong>verbo</strong></span> <span class='ocrx_word' id='word_1_473' title='bbox 2666 4060 2974 4117; x_wconf 85' lang='lat' dir='ltr'><strong>compuncta</strong></span> <span class='ocrx_word' id='word_1_474' title='bbox 3016 4065 3075 4102; x_wconf 91' lang='lat' dir='ltr'><strong>ac</strong></span> <span class='ocrx_word' id='word_1_475' title='bbox 3106 4051 3418 4110; x_wconf 88' lang='lat' dir='ltr'><strong>sustinente.</strong></span> 
     </span>
    </p>
   </div>
   <div class='ocr_carea' id='block_1_69' title="bbox 214 4129 1764 4206">
    <p class='ocr_par' dir='ltr' id='par_1_69' title="bbox 214 4129 1764 4206">
     <span class='ocr_line' id='line_1_69' title="bbox 214 4129 1764 4206; baseline -0.006 -16"><span class='ocrx_word' id='word_1_476' title='bbox 214 4138 461 4206; x_wconf 79' lang='lat' dir='ltr'><strong>suscepit,</strong></span> <span class='ocrx_word' id='word_1_477' title='bbox 493 4135 702 4189; x_wconf 89' lang='lat' dir='ltr'><strong>dicente</strong></span> <span class='ocrx_word' id='word_1_478' title='bbox 734 4141 917 4186; x_wconf 88' lang='lat' dir='ltr'><strong>sancto</strong></span> <span class='ocrx_word' id='word_1_479' title='bbox 947 4132 1010 4184; x_wconf 85' lang='lat' dir='ltr'><strong>ad</strong></span> <span class='ocrx_word' id='word_1_480' title='bbox 1041 4146 1157 4184; x_wconf 89' lang='lat' dir='ltr'><strong>eum</strong></span> <span class='ocrx_word' id='word_1_481' title='bbox 1183 4147 1194 4185; x_wconf 91' lang='lat'>:</span> <span class='ocrx_word' id='word_1_482' title='bbox 1224 4130 1446 4184; x_wconf 82' lang='lat' dir='ltr'><strong>Humilis</strong></span> <span class='ocrx_word' id='word_1_483' title='bbox 1489 4129 1764 4191; x_wconf 85' lang='lat' dir='ltr'><strong>Zacltaria,</strong></span> 
     </span>
    </p>
   </div>
   <div class='ocr_carea' id='block_1_70' title="bbox 213 4221 1772 4290">
    <p class='ocr_par' dir='ltr' id='par_1_70' title="bbox 213 4221 1772 4290">
     <span class='ocr_line' id='line_1_70' title="bbox 213 4221 1772 4290; baseline -0.006 -8"><span class='ocrx_word' id='word_1_484' title='bbox 213 4239 326 4282; x_wconf 87' lang='lat' dir='ltr'><strong>esto</strong></span> <span class='ocrx_word' id='word_1_485' title='bbox 355 4227 652 4281; x_wconf 88' lang='lat' dir='ltr'><strong>misericors</strong></span> <span class='ocrx_word' id='word_1_486' title='bbox 677 4243 689 4289; x_wconf 91' lang='lat'><strong>;</strong></span> <span class='ocrx_word' id='word_1_487' title='bbox 716 4235 768 4279; x_wconf 91' lang='lat' dir='ltr'><strong>et</strong></span> <span class='ocrx_word' id='word_1_488' title='bbox 795 4227 1010 4278; x_wconf 88' lang='lat' dir='ltr'><strong>verbum</strong></span> <span class='ocrx_word' id='word_1_489' title='bbox 1042 4224 1294 4277; x_wconf 77' lang='lat' dir='ltr'><strong>habesex</strong></span> <span class='ocrx_word' id='word_1_490' title='bbox 1338 4222 1446 4276; x_wconf 85' lang='lat' dir='ltr'><strong>Deo</strong></span> <span class='ocrx_word' id='word_1_491' title='bbox 1477 4237 1568 4290; x_wconf 92' lang='lat' dir='ltr'><strong>per</strong></span> <span class='ocrx_word' id='word_1_492' title='bbox 1597 4221 1772 4276; x_wconf 84' lang='lat' dir='ltr'><strong>infeli-</strong></span> 
     </span>
    </p>
   </div>
   <div class='ocr_carea' id='block_1_71' title="bbox 215 4313 1774 4383">
    <p class='ocr_par' dir='ltr' id='par_1_71' title="bbox 215 4313 1774 4383">
     <span class='ocr_line' id='line_1_71' title="bbox 215 4313 1774 4383; baseline -0.004 -11"><span class='ocrx_word' id='word_1_493' title='bbox 215 4322 426 4372; x_wconf 87' lang='lat' dir='ltr'><strong>citatem</strong></span> <span class='ocrx_word' id='word_1_494' title='bbox 459 4331 653 4382; x_wconf 87' lang='lat' dir='ltr'><strong>meam,</strong></span> <span class='ocrx_word' id='word_1_495' title='bbox 687 4316 810 4383; x_wconf 90' lang='lat' dir='ltr'><strong>quia</strong></span> <span class='ocrx_word' id='word_1_496' title='bbox 841 4328 1010 4383; x_wconf 90' lang='lat' dir='ltr'><strong>neque</strong></span> <span class='ocrx_word' id='word_1_497' title='bbox 1051 4313 1101 4366; x_wconf 88' lang='lat' dir='ltr'><strong>in</strong></span> <span class='ocrx_word' id='word_1_498' title='bbox 1142 4314 1246 4366; x_wconf 89' lang='lat' dir='ltr'><strong>vita</strong></span> <span class='ocrx_word' id='word_1_499' title='bbox 1280 4327 1394 4366; x_wconf 90' lang='lat' dir='ltr'><strong>mea</strong></span> <span class='ocrx_word' id='word_1_500' title='bbox 1441 4329 1609 4380; x_wconf 86' lang='lat' dir='ltr'><strong>neque</strong></span> <span class='ocrx_word' id='word_1_501' title='bbox 1657 4323 1774 4378; x_wconf 86' lang='lat' dir='ltr'><strong>post</strong></span> 
     </span>
    </p>
   </div>
   <div class='ocr_carea' id='block_1_72' title="bbox 217 4402 1769 4472">
    <p class='ocr_par' dir='ltr' id='par_1_72' title="bbox 217 4402 1769 4472">
     <span class='ocr_line' id='line_1_72' title="bbox 217 4402 1769 4472; baseline -0.005 -10"><span class='ocrx_word' id='word_1_502' title='bbox 217 4419 439 4462; x_wconf 89' lang='lat' dir='ltr'><strong>mortem</strong></span> <span class='ocrx_word' id='word_1_503' title='bbox 463 4407 636 4462; x_wconf 88' lang='lat' dir='ltr'><strong>deerit</strong></span> <span class='ocrx_word' id='word_1_504' title='bbox 662 4421 690 4458; x_wconf 92' lang='lat' dir='ltr'><strong>a</strong></span> <span class='ocrx_word' id='word_1_505' title='bbox 721 4415 770 4458; x_wconf 92' lang='lat' dir='ltr'><strong>te</strong></span> <span class='ocrx_word' id='word_1_506' title='bbox 811 4406 986 4462; x_wconf 85' lang='lat' dir='ltr'><strong>Deus;</strong></span> <span class='ocrx_word' id='word_1_507' title='bbox 1017 4403 1156 4472; x_wconf 87' lang='lat' dir='ltr'><strong>quod</strong></span> <span class='ocrx_word' id='word_1_508' title='bbox 1183 4413 1358 4457; x_wconf 86' lang='lat' dir='ltr'><strong>servat</strong></span> <span class='ocrx_word' id='word_1_509' title='bbox 1387 4418 1552 4470; x_wconf 85' lang='lat' dir='ltr'><strong>usque</strong></span> <span class='ocrx_word' id='word_1_510' title='bbox 1593 4402 1769 4454; x_wconf 86' lang='lat' dir='ltr'><strong>hodie.</strong></span> 
     </span>
    </p>
   </div>
   <div class='ocr_carea' id='block_1_73' title="bbox 218 4494 1774 4553">
    <p class='ocr_par' dir='ltr' id='par_1_73' title="bbox 218 4494 1774 4553">
     <span class='ocr_line' id='line_1_73' title="bbox 218 4494 1774 4553; baseline -0.006 0"><span class='ocrx_word' id='word_1_511' title='bbox 218 4498 405 4553; x_wconf 72' lang='lat' dir='ltr'><strong>Multas</strong></span> <span class='ocrx_word' id='word_1_512' title='bbox 431 4499 571 4552; x_wconf 89' lang='lat' dir='ltr'><strong>enim</strong></span> <span class='ocrx_word' id='word_1_513' title='bbox 617 4496 1013 4552; x_wconf 82' lang='lat' dir='ltr'><strong>benedictioues</strong></span> <span class='ocrx_word' id='word_1_514' title='bbox 1047 4494 1206 4547; x_wconf 89' lang='lat' dir='ltr'><strong>mittit</strong></span> <span class='ocrx_word' id='word_1_515' title='bbox 1248 4494 1295 4548; x_wconf 92' lang='lat' dir='ltr'><strong>ei</strong></span> <span class='ocrx_word' id='word_1_516' title='bbox 1346 4494 1504 4552; x_wconf 88' lang='lat' dir='ltr'><strong>Deus.</strong></span> <span class='ocrx_word' id='word_1_517' title='bbox 1535 4494 1625 4545; x_wconf 90' lang='lat' dir='ltr'><strong>sed</strong></span> <span class='ocrx_word' id='word_1_518' title='bbox 1672 4510 1774 4545; x_wconf 60' lang='lat' dir='ltr'><strong>ll&#39;tll</strong></span> 
     </span>
    </p>
   </div>
   <div class='ocr_carea' id='block_1_74' title="bbox 218 4585 1770 4657">
    <p class='ocr_par' dir='ltr' id='par_1_74' title="bbox 218 4585 1770 4657">
     <span class='ocr_line' id='line_1_74' title="bbox 218 4585 1770 4657; baseline -0.008 -11"><span class='ocrx_word' id='word_1_519' title='bbox 218 4593 436 4646; x_wconf 90' lang='lat' dir='ltr'><strong>dimittit</strong></span> <span class='ocrx_word' id='word_1_520' title='bbox 463 4590 768 4657; x_wconf 88' lang='lat' dir='ltr'><strong>quidquam,</strong></span> <span class='ocrx_word' id='word_1_521' title='bbox 801 4587 939 4654; x_wconf 91' lang='lat' dir='ltr'><strong>quod</strong></span> <span class='ocrx_word' id='word_1_522' title='bbox 971 4601 1073 4639; x_wconf 87' lang='lat' dir='ltr'><strong>non</strong></span> <span class='ocrx_word' id='word_1_523' title='bbox 1105 4587 1280 4638; x_wconf 89' lang='lat' dir='ltr'><strong>statim</strong></span> <span class='ocrx_word' id='word_1_524' title='bbox 1313 4585 1404 4637; x_wconf 88' lang='lat' dir='ltr'><strong>det</strong></span> <span class='ocrx_word' id='word_1_525' title='bbox 1433 4585 1770 4651; x_wconf 84' lang='lat' dir='ltr'><strong>pauperibus,</strong></span> 
     </span>
    </p>
   </div>
   <div class='ocr_carea' id='block_1_75' title="bbox 221 4672 1777 4748">
    <p class='ocr_par' dir='ltr' id='par_1_75' title="bbox 221 4672 1777 4748">
     <span class='ocr_line' id='line_1_75' title="bbox 221 4672 1777 4748; baseline -0.006 -15"><span class='ocrx_word' id='word_1_526' title='bbox 221 4679 599 4748; x_wconf 87' lang='lat' dir='ltr'><strong>propemodum</strong></span> <span class='ocrx_word' id='word_1_527' title='bbox 648 4677 1020 4741; x_wconf 72' lang='lat' dir='ltr'><strong>constringens</strong></span> <span class='ocrx_word' id='word_1_528' title='bbox 1077 4683 1131 4728; x_wconf 89' lang='lat' dir='ltr'><strong>et</strong></span> <span class='ocrx_word' id='word_1_529' title='bbox 1177 4675 1227 4727; x_wconf 93' lang='lat' dir='ltr'><strong>in</strong></span> <span class='ocrx_word' id='word_1_530' title='bbox 1275 4672 1493 4726; x_wconf 90' lang='lat' dir='ltr'><strong>nihilum</strong></span> <span class='ocrx_word' id='word_1_531' title='bbox 1531 4672 1777 4740; x_wconf 85' lang='lat' dir='ltr'><strong>redigens</strong></span> 
     </span>
    </p>
   </div>
   <div class='ocr_carea' id='block_1_76' title="bbox 220 4762 1776 4830">
    <p class='ocr_par' dir='ltr' id='par_1_76' title="bbox 220 4762 1776 4830">
     <span class='ocr_line' id='line_1_76' title="bbox 220 4762 1776 4830; baseline -0.006 -6"><span class='ocrx_word' id='word_1_532' title='bbox 220 4771 431 4830; x_wconf 86' lang='lat' dir='ltr'><strong>domum</strong></span> <span class='ocrx_word' id='word_1_533' title='bbox 463 4783 632 4821; x_wconf 87' lang='lat' dir='ltr'><strong>suam.</strong></span> <span class='ocrx_word' id='word_1_534' title='bbox 661 4765 1130 4820; x_wconf 84' lang='lat' dir='ltr'><strong>Multotiesautem</strong></span> <span class='ocrx_word' id='word_1_535' title='bbox 1164 4763 1214 4815; x_wconf 93' lang='lat' dir='ltr'><strong>in</strong></span> <span class='ocrx_word' id='word_1_536' title='bbox 1242 4762 1594 4815; x_wconf 87' lang='lat' dir='ltr'><strong>exsultatione</strong></span> <span class='ocrx_word' id='word_1_537' title='bbox 1629 4762 1776 4814; x_wconf 86' lang='lat' dir='ltr'><strong>inve-</strong></span> 
     </span>
    </p>
   </div>
   <div class='ocr_carea' id='block_1_77' title="bbox 221 4852 1781 4926">
    <p class='ocr_par' dir='ltr' id='par_1_77' title="bbox 221 4852 1781 4926">
     <span class='ocr_line' id='line_1_77' title="bbox 221 4852 1781 4926; baseline -0.006 -12"><span class='ocrx_word' id='word_1_538' title='bbox 221 4870 413 4915; x_wconf 89' lang='lat' dir='ltr'><strong>nerunt</strong></span> <span class='ocrx_word' id='word_1_539' title='bbox 442 4874 563 4913; x_wconf 93' lang='lat' dir='ltr'><strong>eum</strong></span> <span class='ocrx_word' id='word_1_540' title='bbox 604 4856 840 4926; x_wconf 90' lang='lat' dir='ltr'><strong>quidam,</strong></span> <span class='ocrx_word' id='word_1_541' title='bbox 869 4853 1133 4908; x_wconf 92' lang='lat' dir='ltr'><strong>dicentem</strong></span> <span class='ocrx_word' id='word_1_542' title='bbox 1185 4853 1291 4905; x_wconf 90' lang='lat' dir='ltr'><strong>Deo</strong></span> <span class='ocrx_word' id='word_1_543' title='bbox 1319 4869 1330 4904; x_wconf 93' lang='lat'>:</span> <span class='ocrx_word' id='word_1_544' title='bbox 1356 4852 1460 4906; x_wconf 87' lang='lat' dir='ltr'><strong>Sic.</strong></span> <span class='ocrx_word' id='word_1_545' title='bbox 1480 4853 1579 4918; x_wconf 85' lang='lat' dir='ltr'><strong>s&#39;c,</strong></span> <span class='ocrx_word' id='word_1_546' title='bbox 1610 4859 1699 4903; x_wconf 86' lang='lat' dir='ltr'><strong>aut</strong></span> <span class='ocrx_word' id='word_1_547' title='bbox 1728 4861 1781 4904; x_wconf 92' lang='lat' dir='ltr'><strong>tu</strong></span> 
     </span>
    </p>
   </div>
   <div class='ocr_carea' id='block_1_78' title="bbox 223 4941 1780 5012">
    <p class='ocr_par' dir='ltr' id='par_1_78' title="bbox 223 4941 1780 5012">
     <span class='ocr_line' id='line_1_78' title="bbox 223 4941 1780 5012; baseline -0.007 -9"><span class='ocrx_word' id='word_1_548' title='bbox 223 4948 500 5010; x_wconf 85' lang='lat' dir='ltr'><strong>mittendo,</strong></span> <span class='ocrx_word' id='word_1_549' title='bbox 530 4954 621 4999; x_wconf 89' lang='lat' dir='ltr'><strong>aut</strong></span> <span class='ocrx_word' id='word_1_550' title='bbox 646 4959 742 5012; x_wconf 85' lang='lat' dir='ltr'><strong>ego</strong></span> <span class='ocrx_word' id='word_1_551' title='bbox 772 4943 1157 5009; x_wconf 83' lang='lat' dir='ltr'><strong>dispergendo;</strong></span> <span class='ocrx_word' id='word_1_552' title='bbox 1191 4941 1488 4993; x_wconf 86' lang='lat' dir='ltr'><strong>videbimus</strong></span> <span class='ocrx_word' id='word_1_553' title='bbox 1514 4954 1640 4991; x_wconf 88' lang='lat' dir='ltr'><strong>vero</strong></span> <span class='ocrx_word' id='word_1_554' title='bbox 1663 4941 1780 5004; x_wconf 84' lang='lat' dir='ltr'><strong>quis</strong></span> 
     </span>
    </p>
   </div>
   <div class='ocr_carea' id='block_1_79' title="bbox 224 5030 1786 5104">
    <p class='ocr_par' dir='ltr' id='par_1_79' title="bbox 224 5030 1786 5104">
     <span class='ocr_line' id='line_1_79' title="bbox 224 5030 1786 5104; baseline -0.006 -11"><span class='ocrx_word' id='word_1_555' title='bbox 224 5047 416 5094; x_wconf 83' lang='lat' dir='ltr'><strong>vincat.</strong></span> <span class='ocrx_word' id='word_1_556' title='bbox 467 5040 655 5104; x_wconf 89' lang='lat' dir='ltr'><strong>Liquet</strong></span> <span class='ocrx_word' id='word_1_557' title='bbox 697 5036 837 5088; x_wconf 85' lang='lat' dir='ltr'><strong>enim</strong></span> <span class='ocrx_word' id='word_1_558' title='bbox 869 5047 1118 5101; x_wconf 83' lang='lat' dir='ltr'><strong>quoniam</strong></span> <span class='ocrx_word' id='word_1_559' title='bbox 1161 5042 1213 5085; x_wconf 92' lang='lat' dir='ltr'><strong>tu</strong></span> <span class='ocrx_word' id='word_1_560' title='bbox 1242 5031 1388 5085; x_wconf 87' lang='lat' dir='ltr'><strong>dives</strong></span> <span class='ocrx_word' id='word_1_561' title='bbox 1413 5072 1426 5095; x_wconf 95' lang='lat'><strong>,</strong></span> <span class='ocrx_word' id='word_1_562' title='bbox 1460 5030 1700 5092; x_wconf 86' lang='lat' dir='ltr'><strong>Domine,</strong></span> <span class='ocrx_word' id='word_1_563' title='bbox 1731 5039 1786 5084; x_wconf 88' lang='lat' dir='ltr'><strong>et</strong></span> 
     </span>
    </p>
   </div>
   <div class='ocr_carea' id='block_1_80' title="bbox 226 5113 1783 5189">
    <p class='ocr_par' dir='ltr' id='par_1_80' title="bbox 226 5113 1783 5189">
     <span class='ocr_line' id='line_1_80' title="bbox 226 5113 1783 5189; baseline -0.003 -11"><span class='ocrx_word' id='word_1_564' title='bbox 226 5133 343 5182; x_wconf 68' lang='lat' dir='ltr'><strong>vita:</strong></span> <span class='ocrx_word' id='word_1_565' title='bbox 372 5137 564 5180; x_wconf 73' lang='lat' dir='ltr'><strong>nostrae</strong></span> <span class='ocrx_word' id='word_1_566' title='bbox 594 5125 920 5180; x_wconf 79' lang='lat' dir='ltr'><strong>ministratur</strong></span> <span class='ocrx_word' id='word_1_567' title='bbox 946 5137 1021 5175; x_wconf 90' lang='lat' dir='ltr'><strong>es.</strong></span> <span class='ocrx_word' id='word_1_568' title='bbox 1068 5113 1232 5175; x_wconf 83' lang='lat' dir='ltr'><strong>Porro</strong></span> <span class='ocrx_word' id='word_1_569' title='bbox 1261 5131 1340 5173; x_wconf 90' lang='lat' dir='ltr'><strong>est</strong></span> <span class='ocrx_word' id='word_1_570' title='bbox 1383 5120 1594 5189; x_wconf 86' lang='lat' dir='ltr'><strong>quando</strong></span> <span class='ocrx_word' id='word_1_571' title='bbox 1636 5121 1783 5186; x_wconf 70' lang='lat' dir='ltr'><strong>juxta</strong></span> 
     </span>
    </p>
   </div>
   <div class='ocr_carea' id='block_1_81' title="bbox 226 5212 1782 5280">
    <p class='ocr_par' dir='ltr' id='par_1_81' title="bbox 226 5212 1782 5280">
     <span class='ocr_line' id='line_1_81' title="bbox 226 5212 1782 5280; baseline -0.006 -5"><span class='ocrx_word' id='word_1_572' title='bbox 226 5229 607 5275; x_wconf 77' lang='lat' dir='ltr'><strong>eventutn&#39;non</strong></span> <span class='ocrx_word' id='word_1_573' title='bbox 647 5217 804 5269; x_wconf 88' lang='lat' dir='ltr'><strong>habet</strong></span> <span class='ocrx_word' id='word_1_574' title='bbox 858 5215 921 5265; x_wconf 90' lang='lat' dir='ltr'><strong>ad</strong></span> <span class='ocrx_word' id='word_1_575' title='bbox 980 5214 1160 5267; x_wconf 89' lang='lat' dir='ltr'><strong>horam</strong></span> <span class='ocrx_word' id='word_1_576' title='bbox 1216 5213 1409 5280; x_wconf 89' lang='lat' dir='ltr'><strong>aliquid</strong></span> <span class='ocrx_word' id='word_1_577' title='bbox 1453 5212 1592 5280; x_wconf 91' lang='lat' dir='ltr'><strong>quod</strong></span> <span class='ocrx_word' id='word_1_578' title='bbox 1623 5212 1711 5265; x_wconf 88' lang='lat' dir='ltr'><strong>det</strong></span> <span class='ocrx_word' id='word_1_579' title='bbox 1755 5227 1782 5265; x_wconf 91' lang='lat' dir='ltr'><strong>a</strong></span> 
     </span>
    </p>
   </div>
   <div class='ocr_carea' id='block_1_82' title="bbox 227 5301 1786 5375">
    <p class='ocr_par' dir='ltr' id='par_1_82' title="bbox 227 5301 1786 5375">
     <span class='ocr_line' id='line_1_82' title="bbox 227 5301 1786 5375; baseline -0.006 -13"><span class='ocrx_word' id='word_1_580' title='bbox 227 5324 285 5362; x_wconf 88' lang='lat' dir='ltr'><strong>se</strong></span> <span class='ocrx_word' id='word_1_581' title='bbox 318 5308 542 5375; x_wconf 85' lang='lat' dir='ltr'><strong>petenti;</strong></span> <span class='ocrx_word' id='word_1_582' title='bbox 573 5315 625 5358; x_wconf 89' lang='lat' dir='ltr'><strong>et</strong></span> <span class='ocrx_word' id='word_1_583' title='bbox 664 5307 898 5357; x_wconf 87' lang='lat' dir='ltr'><strong>tristatus</strong></span> <span class='ocrx_word' id='word_1_584' title='bbox 937 5303 1064 5356; x_wconf 90' lang='lat' dir='ltr'><strong>dicit</strong></span> <span class='ocrx_word' id='word_1_585' title='bbox 1099 5302 1164 5354; x_wconf 88' lang='lat' dir='ltr'><strong>ad</strong></span> <span class='ocrx_word' id='word_1_586' title='bbox 1208 5302 1561 5354; x_wconf 79' lang='lat' dir='ltr'><strong>tabernarium</strong></span> <span class='ocrx_word' id='word_1_587' title='bbox 1604 5311 1693 5354; x_wconf 88' lang='lat' dir='ltr'><strong>aut</strong></span> <span class='ocrx_word' id='word_1_588' title='bbox 1723 5301 1786 5353; x_wconf 85' lang='lat' dir='ltr'><strong>ad</strong></span> 
     </span>
    </p>
   </div>
   <div class='ocr_carea' id='block_1_83' title="bbox 1872 4138 3423 4206">
    <p class='ocr_par' dir='ltr' id='par_1_83' title="bbox 1872 4138 3423 4206">
     <span class='ocr_line' id='line_1_83' title="bbox 1872 4138 3423 4206; baseline -0.001 -13"><span class='ocrx_word' id='word_1_589' title='bbox 1872 4139 2220 4193; x_wconf 64' lang='lat' dir='ltr'><strong>dicit&#39;itertun</strong></span> <span class='ocrx_word' id='word_1_590' title='bbox 2248 4140 2336 4192; x_wconf 93' lang='lat' dir='ltr'><strong>ille</strong></span> <span class='ocrx_word' id='word_1_591' title='bbox 2362 4138 2543 4192; x_wconf 90' lang='lat' dir='ltr'><strong>beatus</strong></span> <span class='ocrx_word' id='word_1_592' title='bbox 2571 4157 2583 4191; x_wconf 88' lang='lat'><strong>:</strong></span> <span class='ocrx_word' id='word_1_593' title='bbox 2609 4142 2802 4193; x_wconf 88' lang='lat' dir='ltr'><strong>Euntes</strong></span> <span class='ocrx_word' id='word_1_594' title='bbox 2830 4155 2956 4206; x_wconf 77' lang='lat' dir='ltr'><strong>ergo</strong></span> <span class='ocrx_word' id='word_1_595' title='bbox 2987 4154 3078 4206; x_wconf 90' lang='lat' dir='ltr'><strong>per</strong></span> <span class='ocrx_word' id='word_1_596' title='bbox 3105 4148 3264 4192; x_wconf 89' lang='lat' dir='ltr'><strong>totam</strong></span> <span class='ocrx_word' id='word_1_597' title='bbox 3296 4139 3423 4192; x_wconf 83' lang='lat' dir='ltr'><strong>civi-</strong></span> 
     </span>
    </p>
   </div>
   <div class='ocr_carea' id='block_1_84' title="bbox 1873 4229 3422 4299">
    <p class='ocr_par' dir='ltr' id='par_1_84' title="bbox 1873 4229 3422 4299">
     <span class='ocr_line' id='line_1_84' title="bbox 1873 4229 3422 4299; baseline 0 -17"><span class='ocrx_word' id='word_1_598' title='bbox 1873 4239 2053 4293; x_wconf 90' lang='lat' dir='ltr'><strong>tatem,</strong></span> <span class='ocrx_word' id='word_1_599' title='bbox 2085 4231 2402 4283; x_wconf 84' lang='lat' dir='ltr'><strong>cottsci-ibite</strong></span> <span class='ocrx_word' id='word_1_600' title='bbox 2469 4229 2601 4283; x_wconf 92' lang='lat' dir='ltr'><strong>mihi</strong></span> <span class='ocrx_word' id='word_1_601' title='bbox 2670 4244 2843 4299; x_wconf 87' lang='lat' dir='ltr'><strong>usque</strong></span> <span class='ocrx_word' id='word_1_602' title='bbox 2901 4230 2966 4283; x_wconf 92' lang='lat' dir='ltr'><strong>ad</strong></span> <span class='ocrx_word' id='word_1_603' title='bbox 3048 4244 3206 4282; x_wconf 90' lang='lat' dir='ltr'><strong>unuut</strong></span> <span class='ocrx_word' id='word_1_604' title='bbox 3236 4245 3422 4284; x_wconf 91' lang='lat' dir='ltr'><strong>omnes</strong></span> 
     </span>
    </p>
   </div>
   <div class='ocr_carea' id='block_1_85' title="bbox 1873 4317 3428 4387">
    <p class='ocr_par' dir='ltr' id='par_1_85' title="bbox 1873 4317 3428 4387">
     <span class='ocr_line' id='line_1_85' title="bbox 1873 4317 3428 4387; baseline 0.001 -16"><span class='ocrx_word' id='word_1_605' title='bbox 1873 4319 2114 4371; x_wconf 84' lang='lat' dir='ltr'><strong>dominos</strong></span> <span class='ocrx_word' id='word_1_606' title='bbox 2161 4333 2326 4372; x_wconf 89' lang='lat' dir='ltr'><strong>meos.</strong></span> <span class='ocrx_word' id='word_1_607' title='bbox 2360 4319 2464 4371; x_wconf 90' lang='lat' dir='ltr'><strong>lllts</strong></span> <span class='ocrx_word' id='word_1_608' title='bbox 2513 4330 2684 4371; x_wconf 91' lang='lat' dir='ltr'><strong>autem</strong></span> <span class='ocrx_word' id='word_1_609' title='bbox 2726 4333 2828 4371; x_wconf 90' lang='lat' dir='ltr'><strong>non</strong></span> <span class='ocrx_word' id='word_1_610' title='bbox 2874 4317 3310 4385; x_wconf 85' lang='lat' dir='ltr'><strong>intelligentibus,</strong></span> <span class='ocrx_word' id='word_1_611' title='bbox 3341 4322 3428 4387; x_wconf 89' lang='lat' dir='ltr'><strong>qui</strong></span> 
     </span>
    </p>
   </div>
   <div class='ocr_carea' id='block_1_86' title="bbox 1878 4407 3430 4477">
    <p class='ocr_par' dir='ltr' id='par_1_86' title="bbox 1878 4407 3430 4477">
     <span class='ocr_line' id='line_1_86' title="bbox 1878 4407 3430 4477; baseline 0.002 -19"><span class='ocrx_word' id='word_1_612' title='bbox 1878 4409 1926 4459; x_wconf 90' lang='lat' dir='ltr'><strong>Iti</strong></span> <span class='ocrx_word' id='word_1_613' title='bbox 1955 4417 2152 4472; x_wconf 89' lang='lat' dir='ltr'><strong>essent,</strong></span> <span class='ocrx_word' id='word_1_614' title='bbox 2182 4409 2274 4460; x_wconf 91' lang='lat' dir='ltr'><strong>sed</strong></span> <span class='ocrx_word' id='word_1_615' title='bbox 2313 4407 2615 4476; x_wconf 90' lang='lat' dir='ltr'><strong>rogantibus</strong></span> <span class='ocrx_word' id='word_1_616' title='bbox 2661 4407 2836 4462; x_wconf 88' lang='lat' dir='ltr'><strong>dicere</strong></span> <span class='ocrx_word' id='word_1_617' title='bbox 2855 4449 2869 4474; x_wconf 95' lang='lat'><strong>,</strong></span> <span class='ocrx_word' id='word_1_618' title='bbox 2897 4417 2950 4461; x_wconf 91' lang='lat' dir='ltr'><strong>et</strong></span> <span class='ocrx_word' id='word_1_619' title='bbox 2975 4408 3286 4462; x_wconf 88' lang='lat' dir='ltr'><strong>mirantibus</strong></span> <span class='ocrx_word' id='word_1_620' title='bbox 3316 4411 3430 4477; x_wconf 87' lang='lat' dir='ltr'><strong>qui-</strong></span> 
     </span>
    </p>
   </div>
   <div class='ocr_carea' id='block_1_87' title="bbox 1876 4496 3430 4566">
    <p class='ocr_par' dir='ltr' id='par_1_87' title="bbox 1876 4496 3430 4566">
     <span class='ocr_line' id='line_1_87' title="bbox 1876 4496 3430 4566; baseline 0.001 -16"><span class='ocrx_word' id='word_1_621' title='bbox 1876 4515 1996 4550; x_wconf 88' lang='lat' dir='ltr'><strong>nam</strong></span> <span class='ocrx_word' id='word_1_622' title='bbox 2043 4499 2350 4563; x_wconf 69' lang='lat' dir='ltr'><strong>patriarchae</strong></span> <span class='ocrx_word' id='word_1_623' title='bbox 2378 4497 2578 4551; x_wconf 91' lang='lat' dir='ltr'><strong>domini</strong></span> <span class='ocrx_word' id='word_1_624' title='bbox 2607 4496 2912 4562; x_wconf 75' lang='lat' dir='ltr'><strong>existerent,</strong></span> <span class='ocrx_word' id='word_1_625' title='bbox 2944 4499 3220 4566; x_wconf 78' lang='lat' dir='ltr'><strong>reSpondit</strong></span> <span class='ocrx_word' id='word_1_626' title='bbox 3249 4515 3430 4553; x_wconf 84' lang='lat' dir='ltr'><strong>rursus</strong></span> 
     </span>
    </p>
   </div>
   <div class='ocr_carea' id='block_1_88' title="bbox 1877 4589 3431 4659">
    <p class='ocr_par' dir='ltr' id='par_1_88' title="bbox 1877 4589 3431 4659">
     <span class='ocr_line' id='line_1_88' title="bbox 1877 4589 3431 4659; baseline 0.002 -18"><span class='ocrx_word' id='word_1_627' title='bbox 1877 4590 2168 4659; x_wconf 87' lang='lat' dir='ltr'><strong>angelicum</strong></span> <span class='ocrx_word' id='word_1_628' title='bbox 2200 4590 2324 4643; x_wconf 92' lang='lat' dir='ltr'><strong>illud</strong></span> <span class='ocrx_word' id='word_1_629' title='bbox 2357 4605 2437 4654; x_wconf 87' lang='lat' dir='ltr'><strong>os,</strong></span> <span class='ocrx_word' id='word_1_630' title='bbox 2468 4599 2519 4642; x_wconf 90' lang='lat' dir='ltr'><strong>et</strong></span> <span class='ocrx_word' id='word_1_631' title='bbox 2548 4591 2658 4642; x_wconf 90' lang='lat' dir='ltr'><strong>ait:</strong></span> <span class='ocrx_word' id='word_1_632' title='bbox 2682 4589 2830 4655; x_wconf 86' lang='lat' dir='ltr'><strong>Quod</strong></span> <span class='ocrx_word' id='word_1_633' title='bbox 2862 4605 2955 4644; x_wconf 83' lang='lat' dir='ltr'><strong>vos</strong></span> <span class='ocrx_word' id='word_1_634' title='bbox 2983 4605 3175 4658; x_wconf 83' lang='lat' dir='ltr'><strong>egenos</strong></span> <span class='ocrx_word' id='word_1_635' title='bbox 3205 4601 3258 4644; x_wconf 92' lang='lat' dir='ltr'><strong>et</strong></span> <span class='ocrx_word' id='word_1_636' title='bbox 3287 4607 3431 4644; x_wconf 40' lang='lat' dir='ltr'><strong>menv</strong></span> 
     </span>
    </p>
   </div>
   <div class='ocr_carea' id='block_1_89' title="bbox 1879 4677 3435 4746">
    <p class='ocr_par' dir='ltr' id='par_1_89' title="bbox 1879 4677 3435 4746">
     <span class='ocr_line' id='line_1_89' title="bbox 1879 4677 3435 4746; baseline -0.001 -13"><span class='ocrx_word' id='word_1_637' title='bbox 1879 4681 2024 4733; x_wconf 84' lang='lat' dir='ltr'><strong>dicos</strong></span> <span class='ocrx_word' id='word_1_638' title='bbox 2050 4681 2268 4741; x_wconf 80' lang='lat' dir='ltr'><strong>vocatis,</strong></span> <span class='ocrx_word' id='word_1_639' title='bbox 2301 4677 2416 4730; x_wconf 86' lang='lat' dir='ltr'><strong>illos</strong></span> <span class='ocrx_word' id='word_1_640' title='bbox 2453 4693 2550 4746; x_wconf 92' lang='lat' dir='ltr'><strong>ego</strong></span> <span class='ocrx_word' id='word_1_641' title='bbox 2575 4678 2819 4732; x_wconf 91' lang='lat' dir='ltr'><strong>dominos</strong></span> <span class='ocrx_word' id='word_1_642' title='bbox 2849 4686 2904 4730; x_wconf 89' lang='lat' dir='ltr'><strong>et</strong></span> <span class='ocrx_word' id='word_1_643' title='bbox 2932 4678 3276 4732; x_wconf 80' lang='lat' dir='ltr'><strong>auxiliatores</strong></span> <span class='ocrx_word' id='word_1_644' title='bbox 3300 4695 3435 4745; x_wconf 77' lang='lat' dir='ltr'><strong>pra:-</strong></span> 
     </span>
    </p>
   </div>
   <div class='ocr_carea' id='block_1_90' title="bbox 1881 4767 3434 4837">
    <p class='ocr_par' dir='ltr' id='par_1_90' title="bbox 1881 4767 3434 4837">
     <span class='ocr_line' id='line_1_90' title="bbox 1881 4767 3434 4837; baseline -0.001 -15"><span class='ocrx_word' id='word_1_645' title='bbox 1881 4771 2018 4823; x_wconf 91' lang='lat' dir='ltr'><strong>dico.</strong></span> <span class='ocrx_word' id='word_1_646' title='bbox 2057 4769 2151 4837; x_wconf 84' lang='lat' dir='ltr'><strong>Ipsi</strong></span> <span class='ocrx_word' id='word_1_647' title='bbox 2194 4769 2330 4821; x_wconf 90' lang='lat' dir='ltr'><strong>enim</strong></span> <span class='ocrx_word' id='word_1_648' title='bbox 2376 4767 2525 4822; x_wconf 86' lang='lat' dir='ltr'><strong>nobis</strong></span> <span class='ocrx_word' id='word_1_649' title='bbox 2567 4783 2692 4822; x_wconf 82' lang='lat' dir='ltr'><strong>vere</strong></span> <span class='ocrx_word' id='word_1_650' title='bbox 2717 4777 2771 4822; x_wconf 91' lang='lat' dir='ltr'><strong>et</strong></span> <span class='ocrx_word' id='word_1_651' title='bbox 2794 4768 3055 4833; x_wconf 86' lang='lat' dir='ltr'><strong>auxiliari,</strong></span> <span class='ocrx_word' id='word_1_652' title='bbox 3093 4776 3146 4822; x_wconf 92' lang='lat' dir='ltr'><strong>et</strong></span> <span class='ocrx_word' id='word_1_653' title='bbox 3180 4770 3434 4822; x_wconf 76' lang='lat' dir='ltr'><strong>ctnlorum</strong></span> 
     </span>
    </p>
   </div>
   <div class='ocr_carea' id='block_1_91' title="bbox 1883 4858 3438 4925">
    <p class='ocr_par' dir='ltr' id='par_1_91' title="bbox 1883 4858 3438 4925">
     <span class='ocr_line' id='line_1_91' title="bbox 1883 4858 3438 4925; baseline -0.001 -14"><span class='ocrx_word' id='word_1_654' title='bbox 1883 4874 2096 4925; x_wconf 81' lang='lat' dir='ltr'><strong>regnum</strong></span> <span class='ocrx_word' id='word_1_655' title='bbox 2130 4858 2327 4909; x_wconf 84' lang='lat' dir='ltr'><strong>donare</strong></span> <span class='ocrx_word' id='word_1_656' title='bbox 2365 4868 2630 4925; x_wconf 90' lang='lat' dir='ltr'><strong>poterunt.</strong></span> <span class='ocrx_word' id='word_1_657' title='bbox 2663 4859 2725 4911; x_wconf 83' lang='lat' dir='ltr'><strong>Et</strong></span> <span class='ocrx_word' id='word_1_658' title='bbox 2754 4873 2872 4911; x_wconf 91' lang='lat' dir='ltr'><strong>cum</strong></span> <span class='ocrx_word' id='word_1_659' title='bbox 2920 4859 3019 4911; x_wconf 88' lang='lat' dir='ltr'><strong>hoc</strong></span> <span class='ocrx_word' id='word_1_660' title='bbox 3049 4858 3211 4910; x_wconf 90' lang='lat' dir='ltr'><strong>multa</strong></span> <span class='ocrx_word' id='word_1_661' title='bbox 3243 4858 3438 4911; x_wconf 85' lang='lat' dir='ltr'><strong>veloci-</strong></span> 
     </span>
    </p>
   </div>
   <div class='ocr_carea' id='block_1_92' title="bbox 1883 4946 3440 5015">
    <p class='ocr_par' dir='ltr' id='par_1_92' title="bbox 1883 4946 3440 5015">
     <span class='ocr_line' id='line_1_92' title="bbox 1883 4946 3440 5015; baseline -0.001 -14"><span class='ocrx_word' id='word_1_662' title='bbox 1883 4957 1992 5001; x_wconf 88' lang='lat' dir='ltr'><strong>tate</strong></span> <span class='ocrx_word' id='word_1_663' title='bbox 2039 4948 2256 5000; x_wconf 86' lang='lat' dir='ltr'><strong>vidisset</strong></span> <span class='ocrx_word' id='word_1_664' title='bbox 2303 4946 2494 5000; x_wconf 78' lang='lat' dir='ltr'><strong>factum</strong></span> <span class='ocrx_word' id='word_1_665' title='bbox 2526 4947 2721 5001; x_wconf 85' lang='lat' dir='ltr'><strong>Christi</strong></span> <span class='ocrx_word' id='word_1_666' title='bbox 2773 4948 3024 5011; x_wconf 85' lang='lat' dir='ltr'><strong>imitator,</strong></span> <span class='ocrx_word' id='word_1_667' title='bbox 3067 4948 3314 5015; x_wconf 68' lang='lat' dir='ltr'><strong>praecepit</strong></span> <span class='ocrx_word' id='word_1_668' title='bbox 3362 4950 3440 4999; x_wconf 86' lang='lat' dir='ltr'><strong>eis</strong></span> 
     </span>
    </p>
   </div>
   <div class='ocr_carea' id='block_1_93' title="bbox 1889 5037 3439 5105">
    <p class='ocr_par' dir='ltr' id='par_1_93' title="bbox 1889 5037 3439 5105">
     <span class='ocr_line' id='line_1_93' title="bbox 1889 5037 3439 5105; baseline -0.002 -15"><span class='ocrx_word' id='word_1_669' title='bbox 1889 5053 1979 5104; x_wconf 88' lang='lat' dir='ltr'><strong>per</strong></span> <span class='ocrx_word' id='word_1_670' title='bbox 2024 5038 2255 5104; x_wconf 85' lang='lat' dir='ltr'><strong>singulos</strong></span> <span class='ocrx_word' id='word_1_671' title='bbox 2282 5037 2396 5090; x_wconf 83' lang='lat' dir='ltr'><strong>dies</strong></span> <span class='ocrx_word' id='word_1_672' title='bbox 2427 5037 2688 5102; x_wconf 84' lang='lat' dir='ltr'><strong>stipendia</strong></span> <span class='ocrx_word' id='word_1_673' title='bbox 2736 5038 2914 5100; x_wconf 89' lang='lat' dir='ltr'><strong>tribui,</strong></span> <span class='ocrx_word' id='word_1_674' title='bbox 2948 5047 2999 5090; x_wconf 92' lang='lat' dir='ltr'><strong>et</strong></span> <span class='ocrx_word' id='word_1_675' title='bbox 3042 5053 3131 5103; x_wconf 89' lang='lat' dir='ltr'><strong>per</strong></span> <span class='ocrx_word' id='word_1_676' title='bbox 3174 5037 3439 5105; x_wconf 89' lang='lat' dir='ltr'><strong>proprium</strong></span> 
     </span>
    </p>
   </div>
   <div class='ocr_carea' id='block_1_94' title="bbox 1887 5125 3438 5193">
    <p class='ocr_par' dir='ltr' id='par_1_94' title="bbox 1887 5125 3438 5193">
     <span class='ocr_line' id='line_1_94' title="bbox 1887 5125 3438 5193; baseline -0.003 -14"><span class='ocrx_word' id='word_1_677' title='bbox 1887 5127 2301 5193; x_wconf 81' lang='lat' dir='ltr'><strong>dispensatorem</strong></span> <span class='ocrx_word' id='word_1_678' title='bbox 2323 5128 2561 5193; x_wconf 64' lang='lat' dir='ltr'><strong>praebens</strong></span> <span class='ocrx_word' id='word_1_679' title='bbox 2581 5126 2657 5178; x_wconf 89' lang='lat' dir='ltr'><strong>eis</strong></span> <span class='ocrx_word' id='word_1_680' title='bbox 2677 5125 3027 5180; x_wconf 81' lang='lat' dir='ltr'><strong>sufﬁcientem</strong></span> <span class='ocrx_word' id='word_1_681' title='bbox 3052 5126 3438 5179; x_wconf 85' lang='lat' dir='ltr'><strong>necessitatem:</strong></span> 
     </span>
    </p>
   </div>
   <div class='ocr_carea' id='block_1_95' title="bbox 1890 5217 3441 5286">
    <p class='ocr_par' dir='ltr' id='par_1_95' title="bbox 1890 5217 3441 5286">
     <span class='ocr_line' id='line_1_95' title="bbox 1890 5217 3441 5286; baseline 0 -18"><span class='ocrx_word' id='word_1_682' title='bbox 1890 5219 2004 5283; x_wconf 88' lang='lat' dir='ltr'><strong>plus</strong></span> <span class='ocrx_word' id='word_1_683' title='bbox 2049 5226 2221 5269; x_wconf 86' lang='lat' dir='ltr'><strong>autent</strong></span> <span class='ocrx_word' id='word_1_684' title='bbox 2278 5226 2428 5268; x_wconf 90' lang='lat' dir='ltr'><strong>erant</strong></span> <span class='ocrx_word' id='word_1_685' title='bbox 2486 5232 2638 5284; x_wconf 81' lang='lat' dir='ltr'><strong>quam</strong></span> <span class='ocrx_word' id='word_1_686' title='bbox 2689 5229 2889 5284; x_wconf 84' lang='lat' dir='ltr'><strong>septem</strong></span> <span class='ocrx_word' id='word_1_687' title='bbox 2940 5218 3097 5270; x_wconf 89' lang='lat' dir='ltr'><strong>millia</strong></span> <span class='ocrx_word' id='word_1_688' title='bbox 3148 5217 3441 5286; x_wconf 84' lang='lat' dir='ltr'><strong>quingenti.</strong></span> 
     </span>
    </p>
   </div>
   <div class='ocr_carea' id='block_1_96' title="bbox 1889 5309 3441 5376">
    <p class='ocr_par' dir='ltr' id='par_1_96' title="bbox 1889 5309 3441 5376">
     <span class='ocr_line' id='line_1_96' title="bbox 1889 5309 3441 5376; baseline -0.001 -14"><span class='ocrx_word' id='word_1_689' title='bbox 1889 5309 2038 5362; x_wconf 82' lang='lat' dir='ltr'><strong>&#39;I&#39;nttc</strong></span> <span class='ocrx_word' id='word_1_690' title='bbox 2081 5309 2227 5375; x_wconf 75' lang='lat' dir='ltr'><strong>quasi</strong></span> <span class='ocrx_word' id='word_1_691' title='bbox 2266 5318 2446 5376; x_wconf 87' lang='lat' dir='ltr'><strong>pastor</strong></span> <span class='ocrx_word' id='word_1_692' title='bbox 2488 5323 2643 5361; x_wconf 88' lang='lat' dir='ltr'><strong>verus</strong></span> <span class='ocrx_word' id='word_1_693' title='bbox 2673 5317 2724 5361; x_wconf 92' lang='lat' dir='ltr'><strong>et</strong></span> <span class='ocrx_word' id='word_1_694' title='bbox 2753 5323 2856 5361; x_wconf 92' lang='lat' dir='ltr'><strong>non</strong></span> <span class='ocrx_word' id='word_1_695' title='bbox 2902 5309 3290 5372; x_wconf 85' lang='lat' dir='ltr'><strong>mercenarius,</strong></span> <span class='ocrx_word' id='word_1_696' title='bbox 3324 5323 3441 5362; x_wconf 83' lang='lat' dir='ltr'><strong>cum</strong></span> 
     </span>
    </p>
   </div>
   <div class='ocr_carea' id='block_1_97' title="bbox 230 5393 3444 5469">
    <p class='ocr_par' dir='ltr' id='par_1_97' title="bbox 230 5393 3444 5469">
     <span class='ocr_line' id='line_1_97' title="bbox 230 5393 3444 5469; baseline -0 -17"><span class='ocrx_word' id='word_1_697' title='bbox 230 5401 608 5468; x_wconf 89' lang='lat' dir='ltr'><strong>negotiatorem</strong></span> <span class='ocrx_word' id='word_1_698' title='bbox 633 5412 648 5450; x_wconf 85' lang='lat'>:</span> <span class='ocrx_word' id='word_1_699' title='bbox 676 5396 748 5449; x_wconf 86' lang='lat' dir='ltr'><strong>Da</strong></span> <span class='ocrx_word' id='word_1_700' title='bbox 780 5396 905 5448; x_wconf 89' lang='lat' dir='ltr'><strong>tttilti</strong></span> <span class='ocrx_word' id='word_1_701' title='bbox 932 5410 1089 5447; x_wconf 92' lang='lat' dir='ltr'><strong>unum</strong></span> <span class='ocrx_word' id='word_1_702' title='bbox 1118 5398 1412 5447; x_wconf 87' lang='lat' dir='ltr'><strong>tremissem</strong></span> <span class='ocrx_word' id='word_1_703' title='bbox 1439 5393 1569 5462; x_wconf 77' lang='lat' dir='ltr'><strong>(i5),</strong></span> <span class='ocrx_word' id='word_1_704' title='bbox 1595 5405 1644 5448; x_wconf 90' lang='lat' dir='ltr'><strong>et</strong></span> <span class='ocrx_word' id='word_1_705' title='bbox 1669 5411 1785 5447; x_wconf 88' lang='lat' dir='ltr'><strong>scr-</strong></span> <span class='ocrx_word' id='word_1_706' title='bbox 1817 5411 1866 5469; x_wconf 72' lang='grc' dir='ltr'><strong>ι)</strong></span> <span class='ocrx_word' id='word_1_707' title='bbox 1891 5414 2042 5450; x_wconf 81' lang='lat' dir='ltr'><strong>sacro</strong></span> <span class='ocrx_word' id='word_1_708' title='bbox 2073 5414 2169 5450; x_wconf 88' lang='lat' dir='ltr'><strong>suo</strong></span> <span class='ocrx_word' id='word_1_709' title='bbox 2213 5399 2337 5450; x_wconf 81' lang='lat' dir='ltr'><strong>ovdi</strong></span> <span class='ocrx_word' id='word_1_710' title='bbox 2379 5407 2430 5451; x_wconf 91' lang='lat' dir='ltr'><strong>et</strong></span> <span class='ocrx_word' id='word_1_711' title='bbox 2478 5413 2595 5452; x_wconf 89' lang='lat' dir='ltr'><strong>cum</strong></span> <span class='ocrx_word' id='word_1_712' title='bbox 2637 5400 3069 5452; x_wconf 73' lang='lat' dir='ltr'><strong>convenientibus</strong></span> <span class='ocrx_word' id='word_1_713' title='bbox 3097 5401 3291 5453; x_wconf 89' lang='lat' dir='ltr'><strong>sanctis</strong></span> <span class='ocrx_word' id='word_1_714' title='bbox 3318 5401 3444 5451; x_wconf 76' lang='lat' dir='ltr'><strong>viris</strong></span> 
     </span>
    </p>
   </div>
   <div class='ocr_carea' id='block_1_98' title="bbox 231 5486 1783 5549">
    <p class='ocr_par' dir='ltr' id='par_1_98' title="bbox 231 5486 1783 5549">
     <span class='ocr_line' id='line_1_98' title="bbox 231 5486 1783 5549; baseline -0.003 -6"><span class='ocrx_word' id='word_1_715' title='bbox 231 5492 366 5544; x_wconf 89' lang='lat' dir='ltr'><strong>viam</strong></span> <span class='ocrx_word' id='word_1_716' title='bbox 398 5489 499 5542; x_wconf 87' lang='lat' dir='ltr'><strong>tibi.</strong></span> <span class='ocrx_word' id='word_1_717' title='bbox 520 5504 623 5541; x_wconf 89' lang='lat' dir='ltr'><strong>uno</strong></span> <span class='ocrx_word' id='word_1_718' title='bbox 653 5502 832 5542; x_wconf 82' lang='lat' dir='ltr'><strong>mense</strong></span> <span class='ocrx_word' id='word_1_719' title='bbox 876 5486 953 5539; x_wconf 87' lang='lat' dir='ltr'><strong>vel</strong></span> <span class='ocrx_word' id='word_1_720' title='bbox 1003 5486 1234 5549; x_wconf 88' lang='lat' dir='ltr'><strong>duobus,</strong></span> <span class='ocrx_word' id='word_1_721' title='bbox 1266 5497 1324 5539; x_wconf 92' lang='lat' dir='ltr'><strong>ut</strong></span> <span class='ocrx_word' id='word_1_722' title='bbox 1369 5488 1443 5538; x_wconf 90' lang='lat' dir='ltr'><strong>vis</strong></span> <span class='ocrx_word' id='word_1_723' title='bbox 1474 5496 1523 5541; x_wconf 89' lang='lat' dir='ltr'><strong>et</strong></span> <span class='ocrx_word' id='word_1_724' title='bbox 1557 5488 1641 5539; x_wconf 91' lang='lat' dir='ltr'><strong>ubi</strong></span> <span class='ocrx_word' id='word_1_725' title='bbox 1687 5488 1783 5548; x_wconf 74' lang='lat' dir='ltr'><strong>vis,</strong></span> 
     </span>
    </p>
   </div>
   <div class='ocr_carea' id='block_1_99' title="bbox 230 5577 1794 5648">
    <p class='ocr_par' dir='ltr' id='par_1_99' title="bbox 230 5577 1794 5648">
     <span class='ocr_line' id='line_1_99' title="bbox 230 5577 1794 5648; baseline 0 -16"><span class='ocrx_word' id='word_1_726' title='bbox 230 5583 477 5648; x_wconf 87' lang='lat' dir='ltr'><strong>quoniam</strong></span> <span class='ocrx_word' id='word_1_727' title='bbox 527 5578 764 5631; x_wconf 90' lang='lat' dir='ltr'><strong>esuriunt</strong></span> <span class='ocrx_word' id='word_1_728' title='bbox 799 5577 949 5630; x_wconf 77' lang='lat' dir='ltr'><strong>valde</strong></span> <span class='ocrx_word' id='word_1_729' title='bbox 992 5579 1077 5646; x_wconf 84' lang='lat' dir='ltr'><strong>qui</strong></span> <span class='ocrx_word' id='word_1_730' title='bbox 1110 5577 1159 5630; x_wconf 93' lang='lat' dir='ltr'><strong>in</strong></span> <span class='ocrx_word' id='word_1_731' title='bbox 1203 5579 1360 5630; x_wconf 90' lang='lat' dir='ltr'><strong>domo</strong></span> <span class='ocrx_word' id='word_1_732' title='bbox 1399 5594 1511 5630; x_wconf 88' lang='lat' dir='ltr'><strong>mea</strong></span> <span class='ocrx_word' id='word_1_733' title='bbox 1553 5589 1690 5632; x_wconf 83' lang='lat' dir='ltr'><strong>sunt.</strong></span> <span class='ocrx_word' id='word_1_734' title='bbox 1723 5580 1794 5633; x_wconf 66' lang='lat' dir='ltr'><strong>iit</strong></span> 
     </span>
    </p>
   </div>
   <div class='ocr_carea' id='block_1_100' title="bbox 233 5669 1786 5739">
    <p class='ocr_par' dir='ltr' id='par_1_100' title="bbox 233 5669 1786 5739">
     <span class='ocr_line' id='line_1_100' title="bbox 233 5669 1786 5739; baseline -0.001 -15"><span class='ocrx_word' id='word_1_735' title='bbox 233 5685 446 5724; x_wconf 88' lang='lat' dir='ltr'><strong>sumens</strong></span> <span class='ocrx_word' id='word_1_736' title='bbox 467 5671 555 5723; x_wconf 88' lang='lat' dir='ltr'><strong>dat</strong></span> <span class='ocrx_word' id='word_1_737' title='bbox 576 5684 757 5738; x_wconf 78' lang='lat' dir='ltr'><strong>egeno.</strong></span> <span class='ocrx_word' id='word_1_738' title='bbox 789 5684 977 5736; x_wconf 83' lang='lat' dir='ltr'><strong>rogans</strong></span> <span class='ocrx_word' id='word_1_739' title='bbox 1003 5677 1055 5720; x_wconf 89' lang='lat' dir='ltr'><strong>ut</strong></span> <span class='ocrx_word' id='word_1_740' title='bbox 1097 5669 1288 5723; x_wconf 88' lang='lat' dir='ltr'><strong>nemini</strong></span> <span class='ocrx_word' id='word_1_741' title='bbox 1313 5670 1470 5726; x_wconf 89' lang='lat' dir='ltr'><strong>dicat.</strong></span> <span class='ocrx_word' id='word_1_742' title='bbox 1502 5670 1630 5722; x_wconf 84' lang='lat' dir='ltr'><strong>Cum</strong></span> <span class='ocrx_word' id='word_1_743' title='bbox 1659 5687 1786 5739; x_wconf 78' lang='lat' dir='ltr'><strong>ergo</strong></span> 
     </span>
    </p>
   </div>
   <div class='ocr_carea' id='block_1_101' title="bbox 234 5759 1784 5828">
    <p class='ocr_par' dir='ltr' id='par_1_101' title="bbox 234 5759 1784 5828">
     <span class='ocr_line' id='line_1_101' title="bbox 234 5759 1784 5828; baseline 0.002 -16"><span class='ocrx_word' id='word_1_744' title='bbox 234 5761 485 5814; x_wconf 85' lang='lat' dir='ltr'><strong>sensisset</strong></span> <span class='ocrx_word' id='word_1_745' title='bbox 514 5775 595 5812; x_wconf 91' lang='lat' dir='ltr'><strong>me</strong></span> <span class='ocrx_word' id='word_1_746' title='bbox 628 5761 760 5812; x_wconf 88' lang='lat' dir='ltr'><strong>idem</strong></span> <span class='ocrx_word' id='word_1_747' title='bbox 796 5759 883 5811; x_wconf 66' lang='lat' dir='ltr'><strong>Dei</strong></span> <span class='ocrx_word' id='word_1_748' title='bbox 912 5762 1078 5812; x_wconf 85' lang='lat' dir='ltr'><strong>cultor</strong></span> <span class='ocrx_word' id='word_1_749' title='bbox 1107 5759 1321 5814; x_wconf 76' lang='lat' dir='ltr'><strong>Meuttas</strong></span> <span class='ocrx_word' id='word_1_750' title='bbox 1352 5762 1463 5827; x_wconf 69' lang='grc'><strong>(16)</strong></span> <span class='ocrx_word' id='word_1_751' title='bbox 1493 5802 1504 5823; x_wconf 87' lang='grc'><em>,</em></span> <span class='ocrx_word' id='word_1_752' title='bbox 1540 5772 1784 5828; x_wconf 81' lang='lat' dir='ltr'><strong>tanquam</strong></span> 
     </span>
    </p>
   </div>
   <div class='ocr_carea' id='block_1_102' title="bbox 1893 5488 3446 5560">
    <p class='ocr_par' dir='ltr' id='par_1_102' title="bbox 1893 5488 3446 5560">
     <span class='ocr_line' id='line_1_102' title="bbox 1893 5488 3446 5560; baseline 0 -18"><span class='ocrx_word' id='word_1_753' title='bbox 1893 5490 2156 5557; x_wconf 86' lang='lat' dir='ltr'><strong>episcopis</strong></span> <span class='ocrx_word' id='word_1_754' title='bbox 2184 5488 2246 5540; x_wconf 90' lang='lat' dir='ltr'><strong>ad</strong></span> <span class='ocrx_word' id='word_1_755' title='bbox 2278 5488 2551 5542; x_wconf 85' lang='lat' dir='ltr'><strong>ecclesiam</strong></span> <span class='ocrx_word' id='word_1_756' title='bbox 2583 5499 2816 5544; x_wconf 86' lang='lat' dir='ltr'><strong>sanctam</strong></span> <span class='ocrx_word' id='word_1_757' title='bbox 2839 5505 3081 5560; x_wconf 83' lang='lat' dir='ltr'><strong>pergens,</strong></span> <span class='ocrx_word' id='word_1_758' title='bbox 3105 5500 3446 5545; x_wconf 82' lang='lat' dir='ltr'><strong>consecratus</strong></span> 
     </span>
    </p>
   </div>
   <div class='ocr_carea' id='block_1_103' title="bbox 1893 5577 2548 5648">
    <p class='ocr_par' dir='ltr' id='par_1_103' title="bbox 1893 5577 2548 5648">
     <span class='ocr_line' id='line_1_103' title="bbox 1893 5577 2548 5648; baseline -0.003 -14"><span class='ocrx_word' id='word_1_759' title='bbox 1893 5589 1975 5634; x_wconf 87' lang='lat' dir='ltr'><strong>est</strong></span> <span class='ocrx_word' id='word_1_760' title='bbox 1993 5581 2169 5633; x_wconf 87' lang='lat' dir='ltr'><strong>divino</strong></span> <span class='ocrx_word' id='word_1_761' title='bbox 2190 5578 2386 5648; x_wconf 90' lang='lat' dir='ltr'><strong>judicio</strong></span> <span class='ocrx_word' id='word_1_762' title='bbox 2418 5577 2548 5648; x_wconf 78' lang='lat' dir='ltr'><strong>(IS).</strong></span> 
     </span>
    </p>
   </div>
   <div class='ocr_carea' id='block_1_104' title="bbox 1963 5669 3446 5740">
    <p class='ocr_par' dir='ltr' id='par_1_104' title="bbox 1963 5669 3446 5740">
     <span class='ocr_line' id='line_1_104' title="bbox 1963 5669 3446 5740; baseline -0.002 -17"><span class='ocrx_word' id='word_1_763' title='bbox 1963 5671 2089 5726; x_wconf 66' lang='lat' dir='ltr'><strong>Car.</strong></span> <span class='ocrx_word' id='word_1_764' title='bbox 2125 5669 2207 5721; x_wconf 82' lang='grc' dir='ltr'><strong>ιιι.</strong></span> <span class='ocrx_word' id='word_1_765' title='bbox 2238 5699 2306 5710; x_wconf 89' lang='lat'><strong>-—</strong></span> <span class='ocrx_word' id='word_1_766' title='bbox 2331 5670 2534 5724; x_wconf 80' lang='lat' dir='ltr'><strong>Iustum</strong></span> <span class='ocrx_word' id='word_1_767' title='bbox 2567 5685 2690 5723; x_wconf 87' lang='lat' dir='ltr'><strong>vero</strong></span> <span class='ocrx_word' id='word_1_768' title='bbox 2715 5681 2794 5725; x_wconf 87' lang='lat' dir='ltr'><strong>est</strong></span> <span class='ocrx_word' id='word_1_769' title='bbox 2821 5681 2873 5725; x_wconf 89' lang='lat' dir='ltr'><strong>et</strong></span> <span class='ocrx_word' id='word_1_770' title='bbox 2909 5673 3007 5724; x_wconf 91' lang='lat' dir='ltr'><strong>hoc</strong></span> <span class='ocrx_word' id='word_1_771' title='bbox 3037 5681 3310 5740; x_wconf 79' lang='lat' dir='ltr'><strong>gestorum</strong></span> <span class='ocrx_word' id='word_1_772' title='bbox 3332 5672 3446 5737; x_wconf 87' lang='lat' dir='ltr'><strong>ejus</strong></span> 
     </span>
    </p>
   </div>
   <div class='ocr_carea' id='block_1_105' title="bbox 1893 5760 3445 5827">
    <p class='ocr_par' dir='ltr' id='par_1_105' title="bbox 1893 5760 3445 5827">
     <span class='ocr_line' id='line_1_105' title="bbox 1893 5760 3445 5827; baseline -0.002 -13"><span class='ocrx_word' id='word_1_773' title='bbox 1893 5775 1995 5814; x_wconf 90' lang='lat' dir='ltr'><strong>non</strong></span> <span class='ocrx_word' id='word_1_774' title='bbox 2047 5765 2359 5827; x_wconf 67' lang='lat' dir='ltr'><strong>postponere</strong></span> <span class='ocrx_word' id='word_1_775' title='bbox 2401 5760 2614 5812; x_wconf 86' lang='lat' dir='ltr'><strong>bonum.</strong></span> <span class='ocrx_word' id='word_1_776' title='bbox 2649 5760 2700 5814; x_wconf 87' lang='lat' dir='ltr'><strong>lu</strong></span> <span class='ocrx_word' id='word_1_777' title='bbox 2745 5764 3028 5816; x_wconf 80' lang='lat' dir='ltr'><strong>crastinum</strong></span> <span class='ocrx_word' id='word_1_778' title='bbox 3072 5764 3208 5816; x_wconf 88' lang='lat' dir='ltr'><strong>enim</strong></span> <span class='ocrx_word' id='word_1_779' title='bbox 3257 5760 3445 5816; x_wconf 88' lang='lat' dir='ltr'><strong>iterum</strong></span> 
     </span>
    </p>
   </div>
  </div>
