4118 6432
727 375 861 432 1619

1771 383 2041 440 LEONTII
2087 387 2217 440 Nln
2229 386 2546 443 POLITANI
2590 387 2897 443 EPISCUPI

3869 393 4012 450 {631‘}-

731 504 942 556 mittens
993 515 1085 570 per
1134 509 1291 552 totam
1336 497 1597 550 civitatem
1646 497 1858 550 eosdem
1915 495 2005 549 Dei
2056 496 2282 558 amicas,
2317 502 2362 556 Α
2393 511 2534 554 cum.
2565 514 2629 551 ne
2657 500 2850 562 tardet,
2880 502 2973 556 sed
3005 503 3128 556 illttd
3162 504 3437 573 Prophetm
3469 506 3681 560 dictum
3736 507 3996 574 protinus

730 609 1038 648 meonomos
1081 604 1130 645 et
1177 591 1519 644 cancellarios
1551 588 1701 656 (19),
1734 602 1787 640 et
1834 589 2065 655 reliquos
2093 588 2282 654 quibus

729 697 843 739 erat
874 686 1147 751 dispositio
1171 683 1400 735 civitatis
1428 680 1646 741 credita,
1676 695 1777 731 non
1810 679 2048 746 permisit
2073 692 2284 730 mensu-

732 793 842 827 ram
873 776 1308 840 qualemcunque,
1341 771 1418 822 vel
1449 771 1650 836 pondus
1683 784 1894 836 parvum
1928 769 2006 822 vel
2037 783 2283 835 magnum

730 867 780 917 in
809 876 915 916 tota
953 865 1189 926 civitate;
1225 862 1317 914 sed
1365 861 1540 912 omnia
1574 861 1624 912 iu
1672 875 1770 912 una
1816 863 2081 926 Campana
2125 869 2286 911 state-

732 971 785 1007 ra
818 955 954 1023 (20),
983 953 1155 1006 modio
1179 963 1229 1005 et
1259 952 1438 1004 artabe
1463 949 1597 1021 (9.1),
1626 952 1852 1002 ven-lere
1881 959 1934 1001 et
1963 963 2139 1002 emere
2165 963 2286 1000 con-

730 1045 1036 1104 testabatur,
1066 1044 1304 1096 scribens
1328 1042 1375 1093 in
1405 1041 1791 1103 subscriptione
1814 1055 1908 1092 sua
1928 1040 2282 1092 conditionem

730 1148 824 1202 per
872 1148 1085 1186 onmem
1137 1134 1444 1200 regionem,
1499 1133 1782 1181 haln-ntetn
1836 1136 2056 1181 l‘nrmatn
2109 1129 2283 1181 hanc:

731 1240 754 1276 ι
788 1224 1018 1279 Joannes
1050 1225 1264 1275 humilis
1301 1234 1352 1274 et
1395 1224 1614 1289 exiguus
1657 1238 1838 1273 servus
1881 1237 2152 1274 servorum
2185 1221 2286 1273 Do-

727 1315 855 1367 mini
902 1314 1062 1366 rostri
1113 1312 1234 1366 Jesu
1283 1311 1495 1372 Christi,
1541 1313 1785 1361 omtnlms
1827 1313 1926 1363 sub
1977 1319 2285 1378 paupertate

730 1413 908 1456 nostra
938 1402 1271 1468 degentibus,
1313 1401 1504 1468 quique
1529 1401 1595 1450 ab
1634 1402 1820 1452 eodem
1854 1399 2074 1452 Domino
2101 1408 2153 1453 et
2178 1400 2286 1452 Deo

728 1503 906 1545 nostra
937 1492 1199 1557 regimini,
1233 1491 1344 1542 haec
1369 1506 1381 1541 :
1411 1491 1634 1557 Egregio
1657 1491 1811 1542 beato
1836 1491 2020 1553 Paulo,
2051 1506 2142 1556 per
2162 1505 2281 1543 eum

727 1583 814 1650 qui
843 1584 893 1634 itt
922 1597 987 1634 eo
1018 1584 1349 1649 loquebatur,
1375 1582 1640 1634 Christum
1668 1583 1888 1649 jubente
1911 1624 1925 1644 ,
1952 1592 2007 1636 et
2039 1585 2285 1637 omnibus

728 1673 894 1740 legem
947 1682 1191 1740 ponente,
1227 1673 1447 1725 Obedite
1479 1673 1772 1739 prmpOsitis
1802 1672 1989 1726 veStris
2019 1683 2070 1725 et
2109 1673 2284 1741 subja-

726 1772 842 1816 cete
863 1764 970 1826 eis;
1000 1764 1098 1829 ipsi
1123 1763 1264 1816 enim
1299 1763 1645 1829 pervigilant,
1690 1764 1841 1830 quasi
1891 1763 2148 1816 rationem
2189 1777 2285 1831 pro

2385 587 2918 643 exclatnamus:Cito
2963 595 3219 660 anticipet
3264 611 3359 648 nos
3413 598 3804 650 misericordia
3861 608 3955 649 tua
3982 639 3995 658 ,

2387 674 2605 728 Domine
2633 677 2800 744 (Ps-.1.
2843 684 3098 748 uxvut);
3134 686 3400 751 quomodo
3423 730 3436 749 ,
3483 695 3638 754 putas
3660 728 3677 748 ,
3718 701 3826 738 nos
3855 701 3996 738 eon-

2384 779 2657 820 servorum
2678 781 2977 825 nustrorutn
3004 777 3281 842 petitiones
3304 792 3422 828 cum
3447 778 3594 828 omni
3623 777 3998 830 festinatione

2386 858 2640 913 debemus
2661 878 2938 930 peragere,
2965 881 3226 919 memores
3243 869 3447 920 Domini
3469 870 3710 921 dicentis
3747 887 3759 921 :
3800 873 3855 921 In
3887 886 3991 932 qn:

2386 967 2632 1005 mensura
2662 957 2827 1008 mensi
2850 957 3074 1017 fueritis,
3104 960 3408 1012 remetietnr
3433 961 3581 1012 vobis
3605 960 3844 1022 (Matth.
3867 975 3990 1012 vui.

2389 1040 2456 1093 Et
2517 1042 2792 1108 l'r0pltettc
2838 1046 3024 1097 iterum
3080 1048 3399 1112 perhibeatis
3435 1064 3449 1100 :
3491 1048 3991 1114 Quemadmodum

2386 1131 2674 1196 perfecisti.
2707 1135 2813 1185 erit
2845 1135 2936 1187 tibi
2957 1137 2978 1184 ?
3003 1137 3111 1188 Una
3136 1154 3262 1205 ergo
3286 1139 3490 1191 dierum
3508 1140 3674 1191 simili
3713 1139 3890 1188 modo
3913 1141 3994 1190 hic

2390 1221 2650 1274 mirabilis
2682 1224 2995 1290 procedens,
3016 1236 3071 1279 et
3093 1229 3139 1278 in
3165 1231 3320 1282 solito
3342 1230 3456 1283 loco
3481 1250 3491 1287 ι
3513 1231 3798 1283 ι·.ιιείἁεη5
3823 1245 3994 1296 usqne

2387 1309 2450 1360 ad
2486 1310 2666 1363 horam
2712 1316 2988 1380 quintam,
3037 1329 3088 1369 et
3135 1324 3347 1372 nemine
3377 1320 3674 1373 accedente
3703 1363 3718 1381 ,
3762 1331 3995 1373 moestus

2387 1408 2441 1450 et
2469 1401 2857 1470 collacrytnaus
2889 1407 3136 1467 recessit;
3171 1407 3315 1460 nullo
3364 1420 3536 1459 autent
3587 1409 3847 1461 audente
3873 1425 3992 1461 eum

2390 1489 2724 1558 interrogare
2747 1508 2957 1545 causam
2989 1500 3250 1562 mmroris,
3284 1507 3498 1550 sanctus
3529 1498 3902 1562 Sophrutnus
3927 1501 3994 1550 ait

2385 1580 2451 1631 ad
2480 1595 2598 1632 eum
2630 1596 2835 1634 secreto
2865 1586 2992 1649 (illic
3016 1587 3153 1638 enim
3183 1592 3499 1654 erattunc):
3528 1590 3662 1653 Qua
3686 1605 3866 1642 causa
3892 1600 3992 1651 est,

2389 1669 2482 1722 Dei
2513 1684 2746 1737 curator,
2775 1675 3049 1727 retinentis
3076 1677 3308 1729 animum
3339 1689 3485 1731 tuum
3515 1691 3791 1732 sanctum
3831 1682 3992 1733 trisu-

2389 1762 2510 1814 tias?
2529 1777 2713 1817 omnes
2734 1765 2926 1833 quippe
2949 1781 3044 1819 nos
3071 1781 3292 1835 repente
3310 1771 3679 1824 conturbavit.
3713 1771 3830 1836 Qui
3861 1772 3990 1824 dixit

727 1852 1001 1907 animabus
1029 1851 1220 1904 vestris
1269 1852 1522 1904 reddituri
1555 1852 1739 1920 (Hebr.
1771 1856 1883 1920 xm)
1917 1871 1928 1902 :
1959 1853 2127 1906 credit
2165 1861 2284 1906 tan-
2320 1862 2364 1919 Β
2390 1854 2439 1906 ei
2471 1864 2744 1910 mansueta
2778 1872 2904 1910 voce
2930 1876 2942 1910 :
2979 1859 3141 1913 Hodie
3173 1861 3288 1929 (23)
3319 1863 3536 1916 humilis
3567 1862 3840 1917 Joannes
3865 1881 3992 1931 qua-

730 1943 913 1997 tillitas
944 1959 1082 2006 mea,
1115 1945 1276 1996 verbo
1312 1944 1491 1996 divino
1529 1944 1838 1998 obedientes
1870 1960 1992 2008 vos,
2020 1947 2289 2013 suscipere

729 2039 1009 2106 petitiones
1037 2048 1246 2091 nostras
1271 2047 1326 2091 ut
1353 2054 1420 2093 ex
1451 2039 1578 2099 Deo,
1598 2051 1650 2092 et
1673 2056 1773 2091 nou
1797 2056 1857 2093 ex
1880 2040 2125 2104 homine;
2149 2041 2288 2094 unde

732 2130 830 2181 hoc
858 2129 1031 2183 sciens
1056 2169 1072 2191 ,
1103 2143 1294 2183 moneo
1321 2131 1634 2183 charitatem
1666 2143 1891 2184 vesuam
1920 2176 1934 2197 ,
1983 2141 2039 2184 ιιι
2087 2147 2287 2198 nequa-

732 2234 886 2284 quam
937 2219 988 2271 in
1037 2220 1281 2286 quopiam
1338 2231 1570 2272 vestrum
1622 2231 1874 2285 appareat
1925 2221 2286 2288 hujuscemodi

733 2311 1114 2373 praevaricatio.
1149 2311 1414 2380 Denique,
1449 2322 1502 2365 ut
1531 2315 1603 2364 ait
1632 2315 1809 2365 divina
1835 2317 2104 2380 Scriptura
2129 2356 2144 2380 ,
2172 2317 2288 2368 Sta-

733 2415 894 2458 teram
921 2421 1158 2474 magnam
1182 2415 1237 2462 et
1256 2423 1464 2473 parvam
1494 2410 1615 2460 odio
1644 2409 1796 2461 habet
1827 2409 1960 2461 Deus
1986 2407 2166 2473 (Prov.
2192 2409 2288 2476 xi).

732 2502 785 2553 Si
823 2516 948 2555 vero
975 2503 1095 2568 quis
1124 2502 1427 2568 apparuerit
1457 2515 1570 2572 post
1603 2513 1917 2571 przesenlem
1945 2503 2293 2566 subscriptio-

737 2596 818 2646 nis
841 2605 1032 2645 nostra:
1056 2589 1440 2655 conditionem,
1474 2595 1768 2646 istiusmodi
1798 2597 2002 2648 crimen
2031 2595 2289 2653 incidens.

735 2687 1005 2740 universas
1035 2684 1310 2739 facultates
1347 2701 1470 2738 suas
1516 2686 1868 2755 iudigeu‘ibus
1890 2729 1904 2751 ,
1937 2703 2038 2740 non
2069 2688 2251 2740 volens
2277 2731 2290 2752 ,

735 2778 848 2828 sine
877 2777 1139 2837 mercede,
1169 2783 1415 2839 apponet.
1451 2796 1470 2826 ι
1502 2777 1659 2844 Ergo,
1687 2790 1741 2829 ut
1771 2779 1982 2842 dignum
2011 2782 2290 2843 memoria,

734 2874 788 2916 et
821 2864 920 2917 hoc
948 2863 1116 2930 ipsum
1149 2864 1415 2932 publicmn
1446 2878 1765 2933 praachtum
1801 2868 1883 2919 hic.
1915 2885 2111 2935 ponere
2148 2870 2291 2921 [esti-

736 2967 992 3006 ιιτινιῐτιιιε.

808 3043 934 3094 (In.
967 3041 1052 3094 IV.
1081 3071 1150 3083 —
1182 3042 1418 3096 Relatum
1449 3053 1532 3097 e-t
1557 3056 1731 3097 autem
1764 3046 2043 3113 aliquando
2069 3047 2186 3097 huic
2214 3048 2292 3098 di-

738 3132 934 3185 vinitus
961 3133 1274 3198 sapietrtiarn
1301 3146 1608 3196 consecuta,
1644 3135 1782 3199 quod
1815 3151 1906 3202 per
1937 3135 2086 3187 xenia
2116 3115 2288 3187 eccle-

2391 1944 2704 2014 letncunque
2734 1949 3031 2001 mercedem
3067 1965 3096 2002 a
3127 1966 3372 2017 qqutam
3408 1966 3512 2004 non
3547 1953 3786 2015 habuit,
3822 1968 3992 2018 neque

2390 2035 2598 2089 Christo
2628 2052 2722 2105 pro
2757 2038 3048 2092 innumeris
3076 2044 3305 2109 peccatis
3335 2043 3447 2110 ejus
3483 2044 3696 2110 aliquid
3735 2044 3981 2105 obtulit,

2397 2128 2532 2179 sicut
2570 2144 2665 2182 nec
2692 2131 2993 2198 aliquando.
3029 2134 3123 2185 Cui
3151 2145 3365 2188 sanctus
3396 2137 3754 2202 Sophronias
3801 2137 3991 2189 divini-

2393 2231 2475 2274 tus
2503 2223 2785 2288 inspiratus
2809 2267 2822 2287 ,
2861 2227 3134 2292 respondit
3165 2229 3308 2299 (mox
3352 2231 3492 2281 enim
3525 2230 3817 2283 intellexit
3874 2245 3990 2282 cau-

2391 2329 2503 2366 sam
2549 2316 2615 2366 ob
2662 2329 2816 2381 quam
2867 2316 3004 2367 idem
3056 2316 3360 2370 tristabatur
3403 2317 3742 2384 patriarcha!
3777 2339 3788 2370 :
3829 2318 3992 2370 Hodie

2392 2405 2601 2473 qudem
2627 2405 2854 2472 gaudere
2905 2411 2957 2457 et
3020 2405 3190 2462 lmfari
3282 2413 3547 2477 Oportet,
3629 2408 3987 2464 beatissime.

2394 2496 2651 2547 veraciter
2683 2496 2821 2548 enim
2850 2495 3187 2551 beatissimus
3213 2511 3270 2550 es
3295 2541 3308 2564 ,
3342 2499 3412 2549 ita
3443 2500 3749 2565 pacificans
3783 2516 3811 2548 a
3842 2501 3991 2550 Chn-

2393 2594 2475 2638 sto
2502 2587 2758 2638 Creditum
2794 2588 2883 2639 tibi
2915 2603 3162 2656 gregem,
3212 2601 3265 2640 ut
3309 2589 3502 2641 nullam
3553 2591 3770 2642 habeat
3805 2601 3989 2641 contra

2395 2678 2693 2743 proximum
2741 2693 2894 2729 suum
2944 2679 3088 2730 litem
3143 2687 3231 2729 aut
3275 2680 3634 2740 dubietatem,
3694 2681 3805 2733 sed
3851 2682 3989 2731 velut

2394 2773 2610 2839 angelos
2639 2773 2753 2826 sine
2784 2773 2949 2841 litigio
2971 2781 3024 2824 et
3052 2771 3166 2826 sine
3192 2773 3393 2841 jttt’lirio
3426 2773 3680 2828 homines
3728 2790 3867 2828 esse
3913 2778 3983 2825 fe-

2395 2862 2534 2912 cisti.
2574 2861 2664 2914 ll'e
2710 2871 2884 2914 autem
2931 2878 3055 2915 vere
3097 2865 3241 2918 mitis
3287 2875 3488 2931 pastor,
3544 2871 3797 2918 credens
3852 2869 3985 2928 quod

2396 2952 2592 3004 dictum
2625 2964 2735 3005 erat
2766 2969 2948 3007 verum
2977 2971 3117 3023 esse,
3141 2959 3322 3010 oculos
3349 2960 3400 3010 in
3429 2961 3627 3011 cmlunt
3656 2959 3986 3020 extendens,

2398 3041 2603 3093 dicebat
2634 3058 2646 3094 :
2677 3040 2884 3095 Gratias
2913 3059 3012 3111 ago
3041 3046 3130 3098 tibi
3153 3086 3168 3110 ,
3200 3046 3335 3100 Deus
3356 3086 3371 3110 ,
3416 3048 3536 3115 quia
3563 3059 3620 3100 et
3656 3049 3984 3100 immeritam

2399 3132 2882 3195 pusillanimitatem
2915 3150 3085 3188 meam
3117 3137 3415 3189 sacerdotio
3449 3137 3590 3205 fungi
3619 3180 3635 3200 ,
3667 3148 3724 3190 et
3750 3154 3847 3190 me
3879 3140 3985 3189 exi-

740 3224 832 3274 si:e
855 3233 1090 3276 rectores
1112 3226 1269 3290 cmpti
1301 3238 1551 3290 personas
1579 3225 2046 3290 acciperent.circa
2071 3227 2296 3290 disposi-
2323 3211 2369 3272 C
2402 3237 2558 3290 guum
2589 3233 2641 3275 et
2673 3236 2998 3289 pecca'orem
3025 3264 3041 3287 ,
3088 3227 3417 3278 sacerdotem
3467 3236 3616 3279 tuum
3675 3243 3870 3280 vocari
3891 3269 3903 3288 ,
3939 3240 3984 3278 et

744 3314 915 3367 tiones
940 3315 1285 3379 captivorum.
1312 3315 1455 3377 Quos
1479 3313 1607 3366 nihil
1634 3315 1917 3381 negligens,
1949 3318 2252 3367 convoCaVit
2281 3333 2294 3380 ;

739 3412 792 3454 et
818 3405 1080 3456 neminem
1113 3404 1320 3470 penitus
1341 3417 1679 3470 exasperans,
1708 3407 2013 3469 superauxit
2031 3407 2300 3459 mercedes

742 3509 858 3558 qum
904 3495 982 3546 eis
1032 3493 1173 3560 prius
1199 3494 1477 3559 dabantur,
1527 3509 1725 3556 ponens
1752 3496 2002 3559 verbum,
2045 3505 2300 3559 quati-nus

744 3602 960 3639 munera
989 3603 1014 3636 a
1043 3589 1278 3654 quobbet
1300 3589 1619 3640 oinnimodis
1650 3604 1752 3639 non
1778 3589 2087 3653 acciperent
2113 3605 2124 3638 :
2159 3588 2300 3651 Quo-

745 3681 910 3742 niam,
946 3680 1143 3745 inquit,
1176 3681 1311 3747 ignis
1341 3689 1619 3733 consumet
1656 3679 1846 3732 domos
1891 3694 2108 3731 munera
2157 3680 2300 3732 acci-

747 3773 1019 3837 pientium.
1048 3773 1119 3823 Ex
1151 3783 1275 3825 tunc
1313 3772 1469 3839 igitur
1500 3781 1592 3838 per
1616 3773 1838 3838 gratiam
1872 3772 1963 3824 Dei
2000 3770 2303 3825 abundave-

748 3872 868 3912 runt
897 3862 1086 3914 domus
1113 3877 1314 3926 eorum,
1350 3864 1417 3914 ita
1451 3871 1506 3914 ut
1533 3862 1746 3929 quidam
1777 3878 1845 3916 ex
1875 3866 1952 3917 eis
1981 3863 2173 3916 additae
2202 3862 2303 3916 sibi

747 3953 1008 4005 mercedis
1034 3955 1376 4018 quantitatem
1409 3953 1750 4005 dimitterent.

815 4044 942 4094 Car.
978 4042 1037 4095 V.
1067 4071 1136 4081 —
1161 4042 1376 4094 Discens
1402 4057 1524 4095 vero
1551 4043 1833 4109 aliquando
1871 4043 2065 4095 iterum
2106 4042 2193 4095 ille
2224 4051 2304 4095 ter

745 4132 913 4194 dives,
944 4133 1080 4195 quod
1111 4133 1319 4199 quidam
1352 4133 1596 4194 injuri-Im
1630 4141 1936 4196 paterentur
1963 4134 2029 4184 ab
2057 4131 2307 4184 adversa-

751 4222 841 4272 riis
867 4223 996 4285 suis,
1021 4233 1072 4274 et
1103 4213 1337 4274 volentes
1379 4224 1528 4275 adire
1555 4237 1673 4273 eum
1691 4264 1705 4286 ,
1739 4223 1930 4276 timore
1956 4225 2300 4276 caucellario-

750 4335 862 4372 rum
895 4328 948 4371 et
967 4319 1204 4372 ecclesia:
1225 4316 1563 4373 defensorum
1601 4317 1714 4385 (‘22)
1756 4329 1915 4385 atque
1940 4319 1991 4371 ei
2021 4320 2303 4372 astantium

751 4409 1174 4476 prohiberentur,
1204 4408 1555 4461 consideravit
1586 4409 1690 4460 tale
1727 4408 1852 4476 quid
1885 4408 1994 4461 Deo
2031 4419 2304 4477 acceptmu

749 4502 1048 4568 negotium;
1079 4511 1129 4551 et
1178 4507 1358 4565 quarta
1400 4508 1453 4551 et
1499 4509 1647 4550 sexta
1681 4498 1808 4549 feria
1857 4496 2065 4564 publice
2104 4513 2307 4564 ponens

2403 3326 2620 3379 pascere
2650 3315 3017 3368 rationabilem
3047 3330 3262 3383 gregem
3294 3329 3440 3369 tuum
3470 3317 3727 3385 dignatus
3764 3334 3853 3370 es.
3877 3319 3984 3370 Mox

2403 3417 2529 3468 ergo
2555 3404 2984 3468 pusillauirnitate
3014 3406 3155 3458 omni
3187 3406 3462 3472 deposita,
3505 3408 3770 3475 gaudium
3807 3406 3861 3459 in
3896 3407 3985 3459 bu-

2404 3492 2625 3545 militate
2665 3496 2885 3546 multum
2934 3493 3007 3546 illi
3049 3493 3237 3547 adfuit.
3276 3496 3420 3549 llnnc
3471 3512 3596 3550 vero
3647 3499 3736 3562 (ut
3767 3498 3983 3564 quidam

2404 3581 2573 3648 aiunt)
2616 3583 2666 3635 in
2700 3582 2800 3636 hoc
2844 3583 3082 3636 imitatus
3125 3594 3208 3637 est
3247 3585 3672 3649 Constantinus,
3725 3587 3821 3654 qui
3875 3598 3984 3653 post

2405 3669 2702 3725 ﬂeraclium
2733 3673 3102 3739 imperatorem
3129 3678 3369 3740 exstitit,
3402 3677 3553 3744 cujus
3585 3686 3642 3729 et
3668 3679 3820 3729 filius
3853 3690 3983 3731 erat.

2473 3759 2601 3814 Car.
2629 3760 2718 3815 Vl.
2743 3790 2814 3802 —
2843 3761 3008 3831 Hujus
3051 3765 3222 3816 sancti
3271 3766 3588 3830 patriarcha:
3646 3764 3981 3832 temporibus-

2405 3852 2750 3906 ascendentes
2788 3852 2963 3907 Persaa
2998 3852 3531 3932 (%4)captivaverunt
3577 3864 3632 3908 et
3683 3857 3979 3924 deprxdan

2406 3952 2528 3996 sunt
2569 3943 2802 4012 Syriam.
2849 3943 3034 4011 Itaque
3085 3959 3222 4012 pene
3276 3960 3462 3999 omnes
3511 3950 3596 4012 qui
3655 3947 3978 4015 effugiebant

2407 4048 2592 4085 manus
2623 4035 2922 4099 Persarum,
2946 4035 3012 4087 ad
3035 4051 3225 4088 nomen
3251 4037 3406 4103 hujus
3429 4048 3506 4089 ter
3529 4037 3594 4089 be
3611 4038 3698 4099 tti,
3731 4047 3978 4105 tanquam

2406 4126 2468 4176 ad
2499 4137 2705 4193 portum
2760 4129 2877 4180 sine
2925 4126 3082 4179 fluctu
3111 4131 3490 4189 accurrebant,
3536 4129 3602 4192 ab
3653 4143 3725 4180 eo
3778 4143 3836 4181 et
3891 4134 3978 4194 ῑιμι

2406 4217 2653 4286 suffragio
2702 4227 2755 4270 et
2801 4219 3134 4285 susceptione
3182 4219 3382 4286 perfrui
3434 4220 3800 4287 postulantes.
3847 4222 3977 4287 Quos

2407 4308 2592 4361 beatus
2623 4311 2723 4362 iste
2763 4311 2994 4377 hospitio
3025 4312 3340 4378 recipiebat,
3375 4322 3429 4364 et
3457 4314 3851 4366 consolabatur
3884 4330 3977 4363 non

2409 4405 2654 4462 tanquam
2683 4399 2936 4464 captivos.
2966 4399 3056 4449 sed
3081 4399 3226 4465 quasi
3256 4411 3440 4452 natura
3463 4402 3729 4452 veraciter
3760 4402 3974 4454 fratres.

2407 4486 2665 4536 Continuo
2693 4501 2817 4553 ergo
2851 4489 3085 4553 plagatos
3113 4490 3326 4554 quidem
3352 4497 3406 4540 et
3436 4489 3681 4541 infirmos
3725 4491 3778 4540 in
3817 4505 3973 4551 xeno-

748 4594 932 4646 senam
965 4603 1016 4644 ει
1055 4593 1160 4643 dm,
1183 4605 1419 4653 scamna.
1450 4590 1670 4643 εριιιιιηι
1711 4600 1833 4642 ωηο
1861 4587 2164 4655 ecclesiam,
2190 4591 2302 4643 col-
2336 4579 2383 4635 D
2407 4578 2611 4630 dochiis
2651 4589 2702 4628 et
2745 4580 3061 4630 nosocotniis
3091 4579 3214 4631 fecit
3244 4581 3556 4633 recumbere
3581 4621 3595 4641 ,
3650 4582 3973 4648 praecipiens

748 4688 971 4750 loquens
998 4684 1306 4750 quibusdam
1333 4682 1561 4734 strenuis
1583 4683 1732 4746 viris,
1759 4691 1846 4732 aut
1867 4690 2045 4734 sancta
2069 4680 2305 4747 Evange-

748 4774 814 4824 lia
846 4788 950 4838 pra:
965 4772 1207 4825 manibus
1231 4781 1442 4832 tenens,
1469 4771 1668 4823 nullum
1695 4770 1823 4822 tanti
1847 4771 2083 4838 obsequii
2111 4785 2303 4837 appro-

747 4865 1001 4930 pinquare
1044 4862 1142 4914 sibi
1198 4860 1545 4926 permittens,
1597 4869 1819 4925 excepto
1867 4875 1973 4912 uno
2023 4860 2301 4914 defensore

741 4953 1003 5013 ecclesiae,
1034 4953 1299 5004 licentiam
1329 4962 1381 5004 et
1410 4953 1784 5005 confidentiam
1811 4953 1937 5005 dare
1969 4954 2224 5006 festinans
2246 4968 2305 5007 se

741 5043 886 5095 adire
908 5044 1235 5106 volentibus;
1268 5035 1459 5110 quibus
1487 5054 1541 5094 et
1579 5043 1858 5096 confestim
1901 5044 2040 5111 quod
2082 5045 2294 5109 dignum

740 5142 876 5193 erat,
910 5148 1001 5197 per
1028 5133 1266 5187 ecclesia:
1295 5134 1602 5186 defensores
1633 5131 1893 5196 faciebat;
1927 5144 1981 5186 et
2025 5136 2297 5202 przecipie-

741 5221 831 5275 bat
857 5230 916 5274 ut
946 5238 1100 5275 nemo
1129 5238 1309 5276 eorum
1338 5233 1592 5289 gustaret,
1624 5224 1969 5290 quoadusque.
1994 5225 2297 5276 ordinarent

739 5315 1047 5381 capitulum.
1074 5313 1140 5367 Et
1175 5314 1512 5366 audientibus
1556 5313 1879 5366 dicebat:Si
1922 5329 2015 5365 nos
2058 5315 2296 5366 homines

736 5404 1062 5465 existentes,
1111 5403 1511 5470 permissionem
1563 5417 1774 5467 semper
1815 5419 1908 5467 pro
1936 5403 2296 5470 'petitinnibus

741 5497 936 5549 nostris
965 5495 1220 5548 habemus
1253 5495 1575 5560 ingrediendi
1605 5494 1821 5546 domum
1854 5495 1966 5559 Dei,
2004 5503 2057 5546 et
2086 5495 2295 5559 petitio-

744 5601 837 5638 nes
864 5593 1074 5637 nostras
1105 5594 1254 5635 notas
1284 5584 1457 5637 facere
1486 5584 1532 5635 ci
1555 5625 1567 5643 ,
1598 5583 1841 5636 videlicet
1877 5584 2193 5636 intractabili
2235 5599 2296 5637 ac

741 5675 883 5726 muni
910 5681 1165 5727 creatura:
1191 5674 1604 5739 superemiueuti
1622 5714 1636 5735 ,
1667 5683 1825 5741 atque
1852 5688 2065 5739 operam
2106 5673 2292 5725 damus

733 5781 843 5835 quo
885 5779 1066 5828 preces
1098 5774 1287 5814 ιιοςιιςι·
1336 5762 1668 5823 implemtur.
1695 5777 1789 5816 nec
1831 5778 1932 5815 non
1959 5773 2008 5815 et
2051 5777 2300 5822 rogamus

2407 4680 2588 4719 curam
2635 4668 2712 4718 eis
2753 4676 2807 4718 et
2852 4668 3161 4719 medicinam
3205 4671 3375 4735 gratis
3427 4668 3697 4733 impendi;
3749 4682 3807 4722 et
3854 4681 3970 4722 tunc

2408 4757 2677 4818 rer-edere,
2711 4759 2918 4823 quando
2949 4758 3308 4825 unusquisque
3338 4771 3522 4810 earum
3548 4759 3762 4823 propria
3793 4759 3968 4811 volun-

2408 4857 2514 4900 tate
2537 4848 2715 4899 vellet.
2751 4847 2945 4899 Eornm
2976 4861 3120 4907 vero,
3154 4846 3240 4910 qui
3269 4860 3391 4897 cum
3423 4846 3534 4896 sani
3564 4853 3750 4896 essent
3771 4856 3827 4896 et
3849 4862 3962 4914 ege-

2407 4939 2484 4999 ni,
2515 4937 2793 4988 vvniebant
2817 4937 2883 4988 ad
2911 4952 3089 5003 rogant
3119 4934 3256 5004 ('25),
3283 4935 3534 4987 masculis
3557 4934 3774 5000 quidem
3789 4937 3962 5003 singu-

2408 5027 2485 5080 las
2528 5028 2744 5094 siliquas
2799 5005 3352 5090 dabat;.‘mulierihus
3402 5036 3576 5078 autem
3629 5036 3686 5078 et
3743 5028 3960 5091 puellis,

2407 5125 2652 5182 tanquam
2682 5116 3059 5167 infirmioribus
3091 5115 3341 5166 membris
3365 5154 3380 5178 ,
3412 5114 3581 5166 binas.
3614 5111 3961 5167 Vettientihus

2406 5221 2580 5264 autem
2611 5214 2920 5280 quibusdam
2951 5213 3144 5263 indutis
3175 5211 3501 5262 ornamentis
3539 5208 3717 5260 aureis
3754 5219 3810 5260 et
3838 5210 3960 5261 dc):-

2407 5303 2643 5364 tralibus,
2677 5314 2728 5355 et
2757 5301 3112 5368 quaerentibus
3143 5299 3879 5365 eleetnosynam,referebant
3899 5302 3956 5351 dc

2407 5395 2486 5446 eis
2513 5392 2823 5458 patriarcha:
2865 5391 2913 5442 hi
2949 5389 3139 5457 quibus
3171 5399 3284 5441 erat
3316 5403 3439 5455 roga
3468 5387 3692 5439 credita.
3721 5388 3801 5439 Ad
3840 5402 3957 5454 quas

2406 5487 2590 5539 beatus
2617 5485 2707 5536 ille
2741 5496 2887 5536 torvo
2912 5483 3066 5534 oculo
3112 5497 3172 5535 ac
3213 5495 3396 5532 sevi-ra
3435 5493 3560 5530 voce
3594 5493 3753 5541 usus,
3795 5495 3954 5546 quan—

2403 5586 2558 5646 q’uam
2592 5577 2732 5629 mitis
2762 5585 2900 5628 esset
2930 5585 2982 5627 et
3012 5575 3153 5626 visus
3186 5574 3399 5630 hilaris.
3447 5573 3619 5623 dixit:
3652 5569 3708 5622 Si
3754 5571 3949 5635 quidem

2406 5668 2618 5720 humilis
2657 5669 2909 5726 Joannis,
2965 5666 3070 5717 imo
3113 5663 3307 5716 Citriin
3353 5663 3750 5728 dispensatores
3811 5661 3951 5712 vultis

2406 5776 2542 5820 esse,
2574 5759 2754 5810 divino
2788 5769 3051 5820 praecepto
3101 5756 3212 5809 sine
3263 5754 3548 5809 calliditate
3600 5751 3852 5814 obedtte,
3881 5755 3947 5804 di-
