4118 6432
141 291 284 347 16ἳὶ

1089 309 1241 362 νιΤΑ
1278 306 1516 361 SANCTI
1557 304 1831 358 JOANNIS
1869 307 2440 364 ELEEMOSVNARH.

3262 315 3397 370 1629.

141 413 307 466 centi
341 416 529 471 :Omni
563 418 758 484 petenti
803 426 855 472 te
881 419 943 471 da
972 419 1146 489 (Luca:
1177 423 1273 486 vi).
1316 421 1372 474 Si
1416 429 1587 472 autem
1634 433 1726 469 ve-
1759 420 1800 475 Α
1834 418 1984 471 dines
2015 419 2241 472 habente
2319 437 2384 475 ex
2453 423 2561 478 Deo
2629 425 2818 481 humili
2882 424 3058 480 anima
3147 437 3262 478 mea
3291 468 3303 491 ,
3337 425 3390 480 hi

147 506 376 559 nientes
425 509 628 561 curiose
681 509 1145 576 investigaveritis,
1207 511 1343 562 Deus
1396 510 1723 562 curiosorum

145 595 527 648 ministrorum
561 613 662 650 non
695 599 910 664 indiget,
944 615 1112 664 neque
1143 600 1357 652 humilis
1389 599 1639 653 Joannes.
1673 600 1728 652 Si

143 687 310 735 enim
358 701 474 752 qua:
522 687 715 738 dantur
760 703 874 739 mea
924 689 1243 750 existerent,
1289 698 1342 741 et
1372 704 1575 740 mecum
1608 699 1728 740 nata

142 783 368 836 essent,
400 775 618 828 fortasse
651 777 783 829 bene
837 777 887 828 in
930 778 1060 829 meis
1110 787 1264 829 tenax
1314 778 1624 829 existet-em.
1674 775 1730 829 Si

142 878 295 915 vero
329 879 444 930 quae
472 866 662 917 dantur
690 866 777 918 Dei
807 875 946 928 sunt,
982 867 1160 933 utique
1188 867 1238 918 in
1269 868 1378 919 suis
1405 877 1723 932 prmceptum

141 967 319 1006 suum
352 943 600 1008 custodiri
629 960 759 1009 vult.
808 958 863 1010 Si
915 968 1088 1010 autem
1133 973 1196 1010 ex
1247 957 1614 1009 incredulitate
1643 967 1732 1008 aut

138 1043 373 1096 modica
405 1046 506 1098 fide
533 1046 653 1098 illud
688 1047 884 1098 timetis
907 1086 922 1110 ,
956 1062 1020 1098 ne
1063 1046 1197 1099 forte
1231 1046 1508 1098 multitudo
1546 1061 1730 1099 eorum

137 1133 356 1196 quibus
384 1133 597 1198 dantur,
647 1145 860 1202 superet
911 1137 1184 1188 introitum
1220 1139 1591 1204 pecuniarum,
1634 1153 1731 1195 exn

134 1235 358 1275 vestra!
390 1225 586 1290 pusillo
619 1225 736 1277 fidei
769 1227 1149 1278 communicari
1175 1243 1276 1278 non
1305 1229 1495 1294 patior.
1521 1227 1729 1280 Etenim

134 1312 189 1362 si
251 1313 588 1376 benepi‘acito
622 1316 710 1366 Dei
743 1328 918 1367 actum
951 1326 1033 1368 est
1061 1326 1117 1369 ut
1147 1331 1318 1369 essem
1354 1331 1452 1383 ego
1481 1317 1730 1384 indignus

134 1400 495 1467 dispensator
522 1405 636 1468 ejus
662 1418 961 1465 munerum,
993 1405 1034 1456 si
1068 1413 1206 1457 totus
1246 1406 1475 1456 mundus
1504 1419 1733 1472 congre-

135 1502 378 1555 garetur
399 1493 731 1552 Alexandriie
761 1494 1114 1562 eleetiiosyne
1143 1494 1402 1560 indigens,
1439 1497 1728 1547 immensos

138 1579 443 1633 thesauros
469 1581 559 1634 Dei
584 1597 682 1634 non
706 1582 1080 1649 angustabunt,
1105 1598 1276 1649 neque
1299 1595 1540 1637 sanctam
1564 1585 1733 1638 eccle—

137 1670 319 1721 siam.

1830 510 2080 562 increduli
2115 509 2332 562 forta~se
2363 510 2517 561 hodie
2549 521 2798 561 venerunt
2825 555 2833 569 ,
2859 522 2910 567 et
2937 529 3017 563 me
3060 513 3108 564 iii
3141 513 3384 568 diffiden-

1830 599 1952 652 tiam
1984 614 2162 653 secum
2191 601 2381 654 cadere
2405 602 2765 653 hei-labantur.

1899 689 2023 743 Car.
2056 691 2275 743 Vlll.--
2302 692 2482 742 Adhuc
2530 691 2644 759 ('28)
2688 692 2943 744 existente
2982 693 3166 744 eadem
3205 692 3384 761 populi

1829 779 2163 833 multitudine
2191 779 2241 832 in
2271 780 2501 844 civitate,
2532 781 2742 848 quidam
2775 782 3167 846 peregrinorum
3198 781 3383 834 videns

1833 878 2031 922 tantam
2077 871 2191 937 ejus
2219 873 2642 937 compassionem
2663 913 2677 934 ,
2707 873 2870 924 voluit
2915 881 3116 925 tentare
3153 888 3306 938 eum;
3338 883 3386 927 et

1833 956 2046 1009 indutus
2067 960 2380 1012 vesdinenta
2410 969 2613 1023 vetera,
2638 961 2764 1014 adiit
2790 975 2939 1025 eum,
2973 971 3183 1014 euntem
3215 964 3280 1014 ad
3312 964 3387 1016 vi-

1833 1048 2070 1101 sitaiidos
2098 1049 2185 1114 qui
2237 1051 2287 1103 in
2323 1051 2625 1103 tiosoromio
2662 1051 2926 1116 jacehaut.
2980 1052 3066 1104 Bis
3111 1053 3249 1105 enim
3301 1067 3388 1118 per

1833 1137 2218 1190 hebdomadam
2245 1140 2326 1192 vel
2360 1149 2438 1192 ter
2468 1140 2576 1191 ibat
2608 1139 2750 1191 illuc.
2784 1140 2846 1192 Et
2875 1141 3001 1192 dicit.
3023 1142 3086 1192 ad
3113 1155 3232 1193 eum
3257 1157 3269 1192 :
3305 1141 3389 1195 Mi-

1832 1241 2008 1280 serere
2039 1228 2170 1289 mei,
2199 1230 2446 1296 quoniam
2477 1231 2718 1295 captivus
2757 1245 2893 1282 sum.
2919 1230 3054 1283 Dicit
3074 1230 3242 1284 datori
3271 1247 3282 1282 :
3317 1231 3388 1281 Da

1833 1315 1881 1366 ei
1909 1330 1996 1367 sei:
2033 1318 2363 1370 nomismata.
2389 1319 2585 1372 Deinde
2606 1332 2724 1372 cum
2759 1321 2870 1371 hmo
2896 1319 3220 1387 accepisset.
3251 1320 3390 1372 vadit

1832 1413 1886 1458 et
1916 1414 2081 1459 mutat
2122 1406 2356 1460 habitum
2378 1447 2392 1471 ,
2425 1414 2479 1461 et
2508 1407 2684 1460 obviat
2726 1409 2772 1461 ei
2817 1387 3063 1472 aliunde,‘
3085 1419 3140 1462 et
3169 1410 3392 1478 procidit

1833 1495 1910 1560 ei,
1939 1496 2118 1548 dicens
2144 1512 2158 1549 :
2191 1495 2438 1549 Miserere
2467 1498 2600 1565 mei,
2628 1497 2749 1563 quia
2774 1509 3032 1550 coarctor.
3063 1499 3192 1552 Dicit
3221 1504 3401 1552 denuo

1835 1586 2128 1651 patriarcha
2160 1589 2367 1640 datori‘:
2403 1588 2474 1639 Da
2506 1588 2555 1642 ei
2593 1603 2687 1642 su
2731 1604 2976 1643 nummos
3020 1604 3229 1643 aureos.
3261 1590 3392 1644 Cum

1831 1693 1960 1744 ergo
1993 1678 2154 1740 isset,
2182 1680 2310 1732 dicit
2349 1680 2438 1734 ille
2472 1680 2788 1734 distributor
2817 1682 2880 1732 ad
2912 1696 3093 1734 aurem
3126 1681 3264 1736 illius
3303 1697 3395 1749 pa-

222 1759 362 1812 CAP.
399 1759 504 1812 VII.
530 1790 599 1800 —
625 1759 861 1828 Cumque
891 1760 1020 1813 istos
1058 1742 1345 1815 dimisisset
1372 1802 1387 1825 ,
1422 1762 1722 1815 universam
1757 1767 1798 1825 Β
1829 1769 2070 1821 triareha:
2103 1787 2114 1820 :
2160 1770 2256 1822 Per
2300 1769 2567 1823 orationes
2617 1780 2756 1834 tuas,
2807 1773 3041 1836 domine,
3092 1772 3230 1826 idem
3277 1771 3395 1841 ipse

137 1863 276 1914 quae
325 1849 748 1903 circumdederat
799 1851 920 1902 illos
959 1850 1309 1905 defectionem
1365 1861 1418 1902 et
1465 1852 1724 1905 modicam

139 1934 320 1987 fidem
350 1937 596 1990 scindens
624 1978 636 1997 ,
673 1938 985 2005 loquebatur
1016 1942 1097 1992 his
1132 1942 1219 2008 qui
1251 1941 1296 1991 ei
1330 1941 1682 1993 consedebani
1710 1982 1724 2005 ,

141 2037 200 2078 et
238 2028 639 2081 admirabantur
668 2029 733 2081 de
756 2044 782 2080 a
812 2029 918 2081 Deo
944 2031 1062 2083 data
1086 2030 1133 2084 ei
1161 2033 1525 2098 compassionc
1551 2047 1565 2084 :
1593 2031 1724 2085 Cum

138 2132 354 2179 essein,
382 2119 643 2185 inquiens,
672 2119 722 2171 iii
745 2116 920 2187 Cypro
951 2120 1123 2173 adhuc
1151 2121 1360 2187 juvenis
1383 2122 1528 2186 quasi
1558 2135 1726 2172 anno.

143 2224 275 2259 rum
307 2207 636 2273 quindecim,
671 2208 824 2261 video
856 2224 953 2261 una
986 2211 1216 2263 noctium
1250 2212 1299 2263 in
1329 2213 1532 2263 somnis
1578 2212 1724 2276 puel-

143 2299 261 2349 lam
294 2301 595 2366 quamdam,
616 2299 765 2367 cujus
796 2301 999 2366 species
1021 2317 1178 2366 supra
1200 2303 1364 2355 solem
1390 2302 1723 2369 Splendebat,

141 2398 397 2440 ornatam
431 2404 589 2455 supra
616 2404 826 2442 onmem
853 2391 1138 2444 human-im
1169 2406 1408 2454 sensum,
1439 2407 1556 2460 qua:
1579 2393 1725 2446 venit

143 2491 205 2532 et
240 2481 386 2534 stetit
414 2491 534 2534 ante
566 2481 755 2534 lectum
786 2497 979 2545 meum,
1003 2493 1057 2536 et
1086 2484 1312 2549 pulsavit
1342 2499 1426 2535 me
1451 2485 1501 2534 in
1537 2486 1720 2538 latere.

147 2573 577 2641 Expergef‘actus
607 2589 755 2638 vero,
787 2575 942 2627 video
968 2589 1082 2626 cam
1119 2575 1168 2626 in
1202 2576 1424 2626 veritate
1452 2583 1722 2641 stantem,

143 2671 207 2716 et
236 2664 490 2717 :estimavi
519 2681 636 2717 eam
666 2680 784 2719 esse
807 2666 1115 2729 mulierem;
1149 2667 1311 2732 ﬁgura
1346 2667 1505 2733 igitur
1549 2667 1725 2721 crucis

146 2757 412 2822 signatus,
441 2755 546 2808 dixi
575 2757 622 2809 ei
653 2756 818 2820 :Qute
848 2772 905 2809 es
956 2757 1044 2808 tu?
1095 2766 1149 2808 et
1188 2757 1454 2821 quomodo
1501 2771 1624 2810 ausa
1665 2773 1724 2812 es

147 2846 357 2896 intrare
381 2860 542 2912 super
571 2860 655 2898 me
685 2845 806 2895 dum
831 2843 1154 2897 dormirem?
1187 2845 1425 2898 Habebat
1467 2857 1522 2898 et
1570 2862 1724 2900 coro-

152 2950 282 2986 nam
310 2934 374 2986 de
399 2934 660 2986 olivarum
693 2933 857 2986 ramis
886 2928 1045 3000 super
1070 2945 1226 2998 caput
1249 2950 1426 2987 suum.
1455 2935 1603 2988 Tunc
1632 2937 1720 2988 illa

152 3028 310 3079 hilari
337 3029 477 3079 vultu
503 3036 554 3078 et
579 3026 901 3078 subridendo
926 3027 1082 3081 labiis
1109 3028 1238 3080 dicit
1266 3030 1392 3080 mihi
1424 3068 1436 3080 .
1470 3031 1578 3095 Ego
1601 3045 1716 3081 sum

1829 1859 2033 1925 accepit
2063 1859 2317 1913 secundo.
2353 1859 2498 1912 Fecit
2535 1873 2660 1913 vero
2691 1862 2922 1928 seipsum
2955 1861 3250 1925 patriarcha
3281 1873 3396 1915 tan-

1828 1966 1980 2018 quam
2013 1951 2253 2022 iiescirct.
2291 1951 2442 2005 Venit
2479 1953 2650 2020 itaque
2682 1954 2835 2005 tertio
2882 1954 3070 2006 iterum
3127 1953 3390 2022 accipere.

1828 2053 1878 2094 ct
1907 2045 2074 2109 tetigit
2097 2020 2255 2096 ὠιιοῖ
2277 2045 2624 2110 patriarcham
2649 2044 2736 2110 qui
2763 2059 2945 2096 aurum
2973 2043 3205 2109 ferebat,
3229 2020 3395 2111 signi-

1828 2135 1991 2187 ﬁf‘alls
2013 2137 2149 2203 quod
2177 2136 2292 2201 ipse
2315 2145 2477 2190 esset.
2507 2134 2652 2188 Tunc
2679 2136 2947 2200 respondit
2971 2134 3020 2186 ei
3048 2135 3139 2188 Dei
3166 2137 3392 2198 amicus,

1775 2246 1780 2258 -
1828 2222 1918 2276 ille
1945 2225 2202 2276 veraciter
2223 2225 2560 2277 misericors:
2590 2223 2663 2276 Da
2686 2223 2733 2276 ei
2755 2224 3030 2276 duodecim
3056 2226 3393 2293 numismata,

1828 2329 1895 2366 ne
1924 2312 2060 2367 forte
2085 2312 2326 2367 Christus
2356 2327 2503 2368 meus
2527 2313 2622 2378 sit,
2647 2323 2701 2367 et
2729 2294 2890 2368 tent'et
2921 2329 3026 2367 me.

1898 2403 2024 2456 Car.
2052 2403 2141 2457 IX.
2167 2432 2236 2443 -—
2266 2403 2552 2457 Nauclerus
2598 2403 2808 2473 quidam
2862 2405 3167 2471 peregrinus
3197 2404 3389 2459 damna

1828 2494 2074 2560 pertulit;
2106 2502 2160 2547 et
2199 2493 2456 2548 accedens
2499 2493 2638 2547 hunc
2683 2494 2891 2548 beatum
2933 2495 3135 2558 virum,
3173 2495 3389 2563 rogabat

1827 2597 1946 2635 eum
1997 2583 2175 2636 multis
2227 2583 2492 2652 lacrymis,
2523 2592 2580 2636 ut
2623 2593 3011 2652 compateretur
3051 2585 3129 2648 ei,
3159 2589 3294 2637 sicut
3339 2596 3393 2638 et
3462 2607 3472 2618 -

1828 2672 2070 2726 omnibus
2115 2673 2250 2726 aliis.
2304 2673 2664 2741 Praecepitque
2707 2688 2827 2727 eum
2875 2674 3118 2739 accipere
3163 2674 3393 2741 quinque

1827 2762 1987 2815 libras
2017 2765 2153 2817 auri.
2185 2764 2420 2830 Cumque
2453 2762 2743 2830 accepisset
2772 2762 2888 2826 has,
2917 2761 3101 2815 abiens
3140 2764 3270 2815 emit
3299 2777 3392 2814 en-

1827 2852 2031 2905 thecam
2065 2851 2120 2921 (2
2140 2855 2201 2919 l),
2229 2863 2282 2906 et
2311 2853 2451 2904 misit
2480 2853 2529 2903 in
2564 2853 2760 2904 navim.
2791 2851 2908 2902 Mox
2937 2850 3126 2904 accidit
3153 2859 3208 2902 ut
3238 2859 3389 2904 extra

1826 2943 2044 3009 pliarum
2092 2938 2223 3010 (50)
2275 2940 2603 3011 naufragium
2651 2940 2989 3008 pertulisset;
3039 2941 3212 2992 navim
3262 2955 3388 2993 vero

1824 3046 1926 3084 noii
1961 3032 2205 3099 perdidit.
2238 3019 2475 3084 Accessit
2508 3032 2695 3084 iterum
2730 3030 2795 3082 ad
2827 3044 2977 3094 eum,
3012 3029 3076 3082 de
3107 3030 3244 3082 bona
3272 3030 3388 3094 ejus

152 3117 326 3181 prima
366 3116 584 3169 filiarum
619 3117 776 3181 regis.
807 3114 1046 3183 Cumque
1078 3118 1189 3170 haec
1220 3120 1516 3178 audissem.
1542 3125 1718 3173 statim
1750 3115 1795 3176 C
1829 3123 2100 3174 vtiluntate
2152 3137 2497 3186 praesumens,
2543 3129 2597 3173 et
2646 3120 2776 3174 dixit
2811 3138 2822 3172 :
2865 3119 3112 3173 Miserere
3159 3120 3292 3181 mei,
3331 3126 3384 3166 lii

149 3208 368 3260 adoravi
423 3223 558 3262 eam.
615 3208 761 3261 Tunc
810 3208 937 3261 dicit
978 3209 1143 3262 mihi:
1178 3211 1232 3264 Si
1283 3227 1368 3264 me
1420 3216 1721 3278 possederis

150 3299 378 3350 amicam
410 3339 422 3361 ,
485 3312 582 3367 ego
637 3309 687 3351 te
743 3299 930 3352 ducam
988 3300 1038 3352 in
1093 3310 1376 3364 conspectu
1439 3312 1717 3360 imperato.

153 3392 249 3441 ris.
301 3389 506 3441 Etenim
557 3405 714 3442 neme
779 3389 936 3442 habet
994 3391 1332 3443 potestatein"
1361 3405 1498 3457 apud
1553 3407 1716 3456 eum,

149 3480 289 3531 sicut
332 3494 451 3546 ego.
493 3479 602 3543 Ego
649 3493 841 3545 quippe
889 3479 988 3531 ieci
1020 3494 1139 3531 eum
1171 3481 1222 3530 iii
1254 3484 1408 3533 terris
1451 3485 1715 3535 nominem

154 3565 271 3619 fieri
303 3576 354 3619 et
385 3567 588 3619 salvare
625 3567 890 3620 homines.
925 3568 991 3620 Et
1031 3582 1143 3620 inec
1183 3569 1365 3621 dicens
1387 3611 1400 3633 ,
1434 3570 1714 3637 disparuit.

151 3657 267 3725 Ego
297 3672 420 3711 vero
449 3657 500 3709 in
530 3659 902 3722 memetipsom
952 3672 1225 3720 reversus,
1280 3658 1510 3711 intellexi
1557 3661 1719 3712 visio-

151 3763 295 3810 nem,
326 3757 379 3801 et
405 3748 513 3801 dixi
542 3765 555 3800 :
585 3747 781 3810 Credo,
801 3745 1114 3813 Compassio
1140 3762 1200 3801 ac
1227 3748 1579 3819 Eleemo~yua
1611 3760 1714 3814 est,

153 3853 209 3896 et
238 3844 357 3897 ideo
382 3843 540 3895 habet
570 3843 619 3895 in
647 3842 818 3906 capite
862 3857 928 3894 ex
968 3842 1121 3893 oliva:
1154 3841 1291 3894 foliis
1319 3857 1593 3894 coronam.
1625 3845 1724 3894 Et-‘

150 3937 293 3990 enim
321 3934 577 3987 veraciter
605 3932 903 3999 compassio
923 3942 978 3985 et
1003 3932 1298 4000 benignitas
1321 3948 1445 4000 erga
1473 3935 1717 3989 homines

151 4027 318 4078 Deum
348 4038 506 4077 carne
537 4022 714 4077 vestiri
747 4021 889 4074 fecit.
919 4021 1112 4075 Statim
1139 4036 1265 4088 ergo
1297 4023 1480 4074 vestivi
1513 4038 1596 4073 me
1617 4064 1632 4086 ,
1666 4034 1717 4075 «ιι

151 4116 354 4168 nullum
385 4114 572 4167 domus
599 4128 730 4166 mete
752 4113 1010 4174 excitatis,
1043 4111 1094 4162 in
1126 4112 1407 4192 ecclesiam
1437 4111 1559 4164 abii.
1592 4114 1716 4163 Erat

147 4206 292 4260 enim
318 4207 424 4273 jam
455 4220 664 4258 aurora.
695 4205 904 4257 Etcum
940 4203 1070 4256 irem
1099 4203 1306 4255 obviam
1340 4203 1488 4255 fratri
1519 4205 1715 4270 frigore

150 4297 365 4350 vexanti
401 4294 535 4363 (26),
567 4295 830 4362 expoliavi
877 4308 962 4345 tne
1009 4292 1320 4345 indumento
1366 4293 1622 4358 caprino,
1664 4302 1716 4344 ιιι

148 4387 271 4441 dedi
297 4386 366 4449 ei,
390 4384 601 4452 dixique
625 4386 762 4436 intra
787 4394 913 4435 me:
947 4382 1083 4435 Ecce
1113 4381 1167 4434 iii
1199 4381 1298 4434 hoc
1329 4381 1494 4432 sciam
1529 4380 1573 4432 si
1608 4380 1712 4432 titi-

1828 3215 1969 3263 Deue
2005 3210 2182 3262 mundi
2215 3212 2459 3287 misertus
2487 3220 2586 3262 est.
2619 3211 2710 3262 Cui
2756 3213 2844 3262 ille
2891 3208 3183 3286 patLiarclia
3211 3207 3344 3259 dixit
3375 3226 3384 3256 :

1824 3298 2014 3362 Crede,
2046 3301 2228 3365 frater,
2263 3303 2360 3353 nisi
2392 3302 2694 3353 niiscuisses
2736 3302 2970 3363 pecunia:
3001 3300 3244 3350 ecclesia:
3273 3295 3388 3350 illas

1826 3392 2073 3444 oeconias
2103 3406 2218 3453 tunc
2266 3392 2355 3441 tibi
2401 3401 2796 3444 remanserant.
2832 3389 3128 3440 nullatenus
3178 3385 3388 3438 naufra—

1821 3487 1963 3548 gum
2008 3482 2330 3548 perttilisscs.
2387 3483 2460 3534 De
2508 3482 2658 3533 malis
2708 3495 2849 3531 enim
2899 3480 3123 3532 habuisti
3172 3495 3295 3540 eas,
3339 3490 3387 3531 et

1826 3573 2039 3626 perdita:
2069 3583 2191 3639 sunt
2218 3587 2336 3624 cum
2385 3575 2460 3624 eis
2493 3580 2548 3625 et
2591 3586 2710 3639 quae
2740 3571 2954 3624 fuerunt
2984 3586 3047 3621 ex
3087 3570 3255 3622 tionis.
3293 3571 3385 3621 Ve-

1824 3677 1938 3714 rum
1973 3632 2221 3729 pra'caiit
2262 3667 2433 3713 denuo
2478 3659 2588 3710 dari
2622 3660 2670 3710 ei
2700 3660 2881 3710 decem
2927 3667 3082 3708 ituras
3115 3672 3260 3709 aIii.
3298 3658 3388 3709 de-

1821 3757 2066 3809 nuntians
2092 3756 2137 3808 ei
2166 3769 2228 3806 ne
2251 3755 2617 3805 comuisceret
2643 3752 2720 3804 eis
2747 3752 2877 3804 alias
2903 3750 3168 3815 pecunias.
3192 3750 3387 3803 Lineos

1819 3855 2073 3913 praeterea
2119 3845 2428 3903 entliecam,
2461 3852 2512 3894 et
2555 3841 2806 3906 navigans
2837 3853 2940 3890 uno
2971 3838 3077 3901 die,
3108 3847 3264 3889 vento
3296 3853 3384 3888 va-

1819 3936 1925 3987 lido
1955 3933 2133 3996 ﬂante,
2169 3931 2433 4001 projectus
2471 3939 2552 3982 est
2600 3931 2650 3981 iii
2695 3938 2924 3990 terram;
2959 3941 3010 3980 ei
3048 3933 3226 3979 omnia
3270 3942 3385 3992 per-

1820 4026 1982 4090 didit,
2017 4033 2064 4078 et
2117 4025 2282 4090 ipsam
2335 4037 2553 4082 navem,
2603 4030 2655 4072 et
2705 4034 2808 4072 non
2854 4026 2978 4070 sunt
3025 4017 3236 4068 salvat-.e
3286 4015 3384 4068 nisi

1819 4120 2008 4169 animae
2050 4124 2276 4166 tantun.
2308 4112 2480 4164 Voluit
2525 4125 2650 4178 ergo
2699 4124 2805 4175 prze
2835 4108 3151 4160 confusione
3193 4117 3244 4158 et
3290 4121 3357 4158 an

1817 4205 1987 4273 gustia
2013 4204 2150 4257 idem
2180 4202 2458 4254 nauclerus
2493 4214 2681 4251 necare
2706 4198 2970 4264 seipsum;
3007 4197 3098 4250 sed
3131 4197 3268 4248 Deus
3295 4200 3383 4262 qui

1818 4310 2030 4362 semper
2051 4292 2202 4345 saluti
2230 4290 2499 4342 hominum
2530 4288 2809 4354 providet,
2837 4287 3086 4340 revelavit
3112 4287 3211 4336 hoc
3234 4287 3384 4336 beate

1820 4382 2151 4451 patriarchae.
2185 4381 2245 4431 Et
2269 4394 2389 4431 eum
2420 4378 2655 4430 audisset
2679 4376 2819 4442 quod
2846 4374 3112 4427 acciderat
3136 4373 3218 4436 ei,
3252 4387 3383 4423 nun-

149 4492 254 4544 que
280 4489 404 4528 vera
433 4482 515 4528 est
546 4473 678 4526 visio
701 4488 858 4538 quam
889 4472 1030 4534 vidi,
1059 4487 1123 4524 an
1149 4471 1499 4525 daamoniaca.
1536 4473 1597 4523 Et
1631 4487 1714 4522 Vt‘-
1744 4466 1790 4523 D
1819 4477 1909 4527 tiat
1955 4475 2000 4524 ei
2047 4473 2229 4523 venire
2267 4471 2330 4521 ad
2378 4485 2436 4522 se
2486 4469 2616 4520 nihil
2666 4469 2884 4519 omnino
2928 4467 3192 4517 dubitatis.
3233 4465 3384 4515 Tunc

149 4567 306 4618 ritate
334 4571 576 4629 testante,
595 4576 692 4615 nec
721 4563 844 4614 dum
869 4561 1148 4615 ecclesiam
1171 4562 1708 4628 comprelieuderam,

143 4665 202 4710 et
228 4654 405 4709 subito
434 4654 660 4706 obvians
693 4651 822 4704 mihi
849 4652 1062 4720 quidam
1082 4692 1098 4715 ,
1130 4652 1264 4703 albis
1299 4653 1513 4704 indutus
1546 4651 1709 4704 vesti-

147 4746 266 4806 bus,
299 4744 388 4796 dat
415 4744 540 4795 mihi
571 4743 850 4810 ligaturain
892 4740 1006 4811 (21)
1051 4751 1263 4795 centum
1298 4745 1706 4806 numismatum,

142 4836 327 4888 dicens
353 4852 364 4885 :
393 4834 585 4900 Accipe
618 4835 751 4896 haec,
801 4834 985 4896 frater,
1012 4842 1067 4885 et
1104 4833 1353 4900 dispeusa
1384 4845 1438 4886 ut
1471 4835 1567 4886 vis.
1597 4835 1706 4903 Ego

143 4937 322 4978 autem
365 4938 474 4991 prae
498 4922 691 4990 gaudio
715 4924 891 4974 statim
924 4921 1036 4974 haec
1081 4923 1372 4989 suscipiens
1397 4963 1410 4986 ,
1461 4937 1706 4975 reversus

143 5031 282 5078 smn,
315 5014 499 5066 volens
538 5012 761 5066 reddere
790 5013 836 5065 ei
869 5013 1138 5079 ligaturatn
1187 5013 1349 5070 illam.
1390 5013 1538 5080 quasi
1573 5013 1705 5064 nihil

141 5105 410 5171 indigens,
460 5111 513 5156 et
561 5101 790 5169 amplius
840 5117 943 5154 non
992 5102 1096 5153 vidi
1139 5102 1390 5168 aliquem.
1423 5102 1569 5153 Tunc
1597 5101 1705 5154 dixi

142 5194 315 5247 mihi:
350 5195 622 5247 Veraciter
670 5209 772 5246 non
822 5203 934 5246 erat
986 5194 1282 5260 phantasia.
1318 5194 1388 5246 Ex
1441 5194 1525 5245 illa
1577 5208 1706 5258 ergo

143 5285 270 5335 liora
315 5297 458 5347 stepe
503 5282 692 5335 dabam
744 5283 940 5350 aliquid
991 5283 1265 5346 fratribus,
1318 5291 1373 5334 et
1419 5283 1704 5335 dicebam:
1759 5297 1762 5303 '

145 5372 347 5426 Videbo
386 5372 429 5424 si
477 5371 651 5425 mittat
697 5373 833 5425 Deus
863 5372 1012 5438 mihi,
1042 5383 1098 5425 ut.
1126 5371 1278 5436 dixit,
1325 5373 1596 5430 eciituala.
1643 5373 1707 5424 Et

142 5478 262 5516 cum
288 5470 575 5516 tentasseni
605 5462 907 5528 Domitium,
936 5464 1295 5526 malefacieus,
1323 5473 1377 5516 et
1407 5461 1705 5515 Satisfactus

140 5568 312 5606 essein
344 5554 566 5606 diversis
597 5557 766 5606 modis
793 5569 884 5623 per
910 5570 1002 5608 eas
1032 5571 1114 5607 res
1135 5597 1148 5618 ,
1183 5555 1289 5606 dixi
1318 5571 1331 5607 :
1361 5557 1524 5608 Cessa
1546 5595 1559 5615 ,
1609 5555 1706 5606 mi-

137 5655 253 5696 scra
281 5645 474 5707 anima,
506 5647 753 5699 tentando
780 5647 1160 5700 ititen'abilem.
1180 5647 1274 5697 'l‘ot
1311 5647 1466 5711 igitur
1493 5656 1704 5698 certttu-

1816 4563 2037 4630 aspersit
2070 4577 2126 4613 se
2158 4560 2395 4626 pulvere,
2431 4568 2477 4610 et
2513 4568 2741 4610 tunicam
2773 4554 3044 4620 sciddeus,
3079 4557 3383 4606 indecenter

1815 4652 2016 4705 accedit
2047 4652 2111 4702 ad
2143 4667 2283 4701 cuni.
2311 4650 2546 4713 Cumque
2576 4648 2791 4698 vidisset
2824 4661 2941 4696 eum
2983 4646 3036 4696 iit
3068 4647 3156 4694 tali
3203 4646 3379 4695 habitu

1815 4745 1900 4797 ille
1931 4751 2163 4804 sanctus,
2198 4740 2461 4806 redarguit
2500 4753 2650 4801 eum,
2681 4744 2734 4790 et
2761 4736 2892 4789 dixit
2921 4752 2934 4788 :
2968 4736 3275 4788 Misereatur
3306 4736 3378 4786 tui

1817 4835 2068 4887 Dominus
2089 4832 2394 4885 benedictus
2419 4831 2578 4882 Deus.
2601 4829 2774 4881 Ciedo
2796 4829 2843 4880 ei
2870 4827 3009 4895 quod
3033 4827 3099 4879 ab
3125 4827 3376 4878 hodierna

1812 4927 1896 4979 die
1937 4939 2264 4992 nequaquam
2309 4921 2636 4986 naufragium
2689 4921 2909 4981 incidas,
2943 4932 3212 4984 usquequo
3259 4930 3381 4967 mti-

1811 5019 1982 5072 riaris.
2015 5017 2124 5068 Hoc
2156 5031 2276 5068 vero
2308 5013 2398 5066 tibi
2428 5013 2717 5079 contingit,
2744 5027 2808 5062 eo
2834 5011 2972 5078 quod
3005 5019 3057 5060 et
3087 5009 3197 5074 ipsa
3231 5007 3379 5058 navis

1811 5117 1898 5161 tua
1925 5124 1988 5162 ex
2020 5107 2272 5175 iniustitia
2297 5114 2436 5158 esset
2467 5118 2728 5171 possessa.
2760 5104 2872 5155 Mox
2898 5118 3024 5170 ergo
3051 5101 3210 5166 jussit
3242 5100 3374 5150 tradL

1811 5201 1858 5252 ei
1892 5214 2050 5252 unam
2098 5213 2338 5264 magnam
2383 5197 2587 5256 navim,
2638 5196 2843 5259 plenam
2893 5194 3154 5244 frumento
3196 5191 3377 5255 viginti

1813 5291 2034 5342 millium
2061 5289 2387 5349 modiorum,
2421 5285 2486 5337 de
2518 5285 2619 5335 illis
2647 5284 2867 5335 navibus
2891 5297 3006 5349 qua:
3031 5280 3378 5331 sanctissimae

1811 5379 2049 5432 ecclesiae
2102 5379 2356 5443 subjectm
2415 5374 2806 5426 ministrali--iit.
2859 5373 3024 5436 Quam
3082 5370 3375 5436 recipietis,

1810 5468 1942 5521 exiit
1970 5467 2319 5528 Alexandria;
2348 5475 2397 5516 et
2428 5463 2719 5516 afﬁrmabat
2752 5464 2862 5527 ipse
2896 5463 3193 5521 nauclerus,
3227 5474 3374 5513 asse-

1813 5570 2000 5608 verans
2029 5573 2040 5606 :
2077 5553 2270 5622 Viginti
2304 5555 2490 5605 diebus
2522 5569 2581 5603 ac
2613 5554 2854 5603 nor-tibus
2887 5549 3184 5603 vehementi
3215 5558 3373 5602 vento

1811 5647 2190 5710 navigavimus,
2217 5661 2316 5697 non
2345 5646 2577 5698 valentes
2598 5643 2814 5695 omnino
2841 5647 2974 5695 scire
2993 5656 3098 5729 (μιο
3120 5642 3363 5701 issemus,
