4118 6432
161 442 308 497 1625

1103 437 1256 492 νιτΑ
1298 435 1540 492 SANLTI
1578 437 1856 491 JOANNIS
1897 441 2464 498 ELEICMOSYNARIL

3278 443 3413 501 1626

167 569 310 625 ergo
354 553 679 608 descendens
731 551 982 619 patricius
1027 551 1224 620 legeret
1271 553 1747 620 superscr-iptiones
1779 555 1824 609 Α
1853 554 2007 606 sitate
2036 569 2341 622 compresso
2385 570 2565 608 eorum
2598 553 2686 622 qui
2726 555 2792 608 ab
2837 570 2900 609 eo
2947 556 3247 624 alebantur,
3275 569 3329 615 et
3361 563 3413 617 in

167 644 518 708 lagenarnnt,
563 645 788 694 insinuat
833 641 1143 709 patriarchae
1183 653 1238 695 ut
1278 644 1374 696 sibi
1421 645 1655 695 mitteret
1684 643 1749 694 de

171 734 274 786 tali
311 735 485 792 mel-le,
514 749 616 800 qtto
644 732 708 782 ad
733 745 866 797 opus
889 746 1038 783 suum
1065 740 1318 784 uteretur.
1351 731 1578 784 Noverat
1607 731 1746 783 enim

165 838 301 876 eum
344 825 462 876 mali
505 838 619 876 esse
665 824 1048 874 immemorem.
1080 822 1416 874 Ascendente
1468 821 1624 890 igitur
1658 821 1746 888 qui

170 916 490 984 laguncn-las
528 915 754 967 habebat
791 914 1042 976 creditas,
1083 923 1135 965 et
1180 927 1432 979 responsa
1467 913 1742 977 reddente,

164 1018 228 1060 et
265 1009 528 1062 indicante
560 1006 808 1074 pecunias
837 1021 956 1058 esse
981 1021 1078 1071 pro
1107 1006 1265 1057 melle
1298 1007 1346 1056 in
1380 1007 1542 1068 vasis,
1571 1005 1745 1058 statim

169 1114 306 1151 vere
359 1099 498 1150 mitis
556 1107 734 1164 pastor
779 1096 919 1148 misit
961 1097 1010 1148 ei
1048 1111 1205 1148 unam
1253 1096 1612 1162 lagunculam,
1654 1108 1746 1146 su-

167 1189 527 1256 perscriptam
570 1204 672 1241 MEL
717 1201 982 1247 uer-tuon.
1024 1186 1224 1240 faciens
1263 1187 1310 1240 ei
1350 1197 1403 1240 et
1440 1188 1743 1254 pittacium,

164 1281 461 1332 continens
487 1281 554 1333 ita
583 1296 597 1334 :
635 1297 653 1329 ‹
687 1278 936 1331 Dominus
961 1280 1050 1346 qui
1079 1279 1208 1331 dixit
1235 1296 1248 1330 :
1275 1278 1389 1332 Non
1423 1289 1473 1332 te
1503 1279 1743 1333 deseram

166 1386 354 1438 neque
390 1370 749 1436 derelinquam
796 1367 983 1438 (Hebr.
1008 1383 1098 1423 xttt
1123 1387 1135 1434 ;
1165 1367 1279 1421 les.
1313 1372 1380 1434 ἡ,
1425 1370 1542 1422 sine
1594 1385 1744 1422 men-

162 1465 332 1518 dacio
357 1475 471 1527 est;
501 1475 550 1516 ct
588 1465 726 1516 Deus
767 1479 953 1526 verus;
987 1462 1182 1516 idcirco
1215 1463 1377 1515 Deum
1399 1501 1414 1525 ,
1456 1463 1542 1528 qui
1575 1455 1745 1513 omni-

163 1555 278 1608 bus
307 1569 482 1607 escam
514 1561 568 1606 et
597 1557 754 1605 vitam
786 1554 1013 1620 praebet,
1044 1553 1202 1604 homo
1231 1553 1587 1616 corruptibilis
1613 1566 1742 1603 con-

162 1647 439 1712 stringere
472 1660 574 1695 non
609 1655 798 1710 p0test.
833 1641 980 1696 Vale.
1006 1661 1023 1693 ›
1055 1643 1310 1709 Praecepit
1333 1651 1508 1696 autem
1540 1643 1742 1696 abeun-

164 1735 319 1786 tibus
362 1743 414 1787 et
456 1733 786 1801 portantibus
822 1733 1185 1799 lagunculam,
1230 1743 1285 1786 ut
1328 1733 1564 1786 dicerent
1593 1736 1640 1787 ei
1688 1742 1745 1786 ut

162 1832 300 1876 ante
328 1838 386 1876 se
415 1821 610 1874 faceret
638 1836 753 1875 eam
784 1823 1010 1888 aperiri,
1040 1833 1093 1875 et
1123 1823 1361 1877 dicerent
1387 1824 1436 1876 ei
1462 1825 1600 1890 quod
1629 1841 1744 1876 unt-

1856 649 2015 698 ntulta
2060 662 2186 700 cura
2231 658 2282 700 et
2321 650 2556 700 oratione
2609 646 2762 699 beato
2795 660 3191 715 perseverante,
3243 653 3414 706 sensit

1852 739 2065 804 quidam
2104 739 2334 791 civitatis
2387 738 2648 790 habitator
2688 752 2802 790 eam
2835 753 2953 805 quae
2983 741 3412 797 circumdederat

1849 829 2242 880 sanctissimum
2276 829 2419 880 illuttt
2460 828 2758 880 ariditaletn
2804 838 2856 880 et
2891 830 3246 884 omnimodam
3280 848 3409 901 ege-

1849 925 2037 968 statem
2066 935 2078 967 :
2108 916 2343 982 bigamns
2384 918 2636 979 existens,
2689 916 2954 970 desiderat
2982 919 3237 974 diaconus
3282 936 3406 975 san-

1848 1019 1944 1061 ctre
1977 1011 2210 1062 ecclesiat.
2237 1011 2370 1061 fieri.
2399 1012 2463 1062 Et
2498 1024 2588 1076 pcr
2628 1009 2994 1063 necessitatem
3019 1026 3135 1078 quae
3168 1023 3404 1067 sanctum

1850 1101 2076 1167 undique
2106 1099 2564 1161 circumdederat,
2599 1101 2807 1152 volebat
2848 1102 3070 1153 suadere
3119 1102 3166 1154 ei
3193 1114 3246 1154 ut
3287 1115 3409 1156 eum

1847 1198 2213 1252 consecraret;
2249 1188 2474 1253 fecitque
2497 1192 2542 1239 ei
2567 1188 3012 1255 deprecationem,
3043 1191 3406 1244 continentem

1846 1280 1913 1333 ita
1943 1280 2018 1348 (in
2043 1279 2180 1332 facie
2224 1279 2418 1345 quippe
2458 1279 2506 1331 ei
2550 1293 2655 1330 non
2696 1278 2923 1331 audebat
2964 1280 3068 1332 tale
3094 1281 3287 1345 aliquid
3326 1282 3405 1334 di-

1846 1369 1990 1437 cere)
2017 1387 2030 1423 :
2061 1387 2079 1419 ‹
2109 1369 2528 1424 Sanetissimoet
2550 1379 2628 1423 ter
2651 1369 2805 1422 beato
2830 1370 2969 1422 Patri
2990 1381 3195 1437 patrum
3219 1370 3409 1424 Joanni

1846 1462 2043 1514 vicario
2067 1460 2287 1524 Christi,
2320 1461 2622 1526 deprec.~-tio
2643 1470 2695 1512 et
2728 1460 3012 1522 postulatio
3033 1476 3060 1512 a
3083 1460 3271 1513 Cosma
3295 1461 3409 1530 (40)

1846 1551 2062 1617 indigno
2092 1566 2246 1603 servo
2268 1565 2543 1602 servorum
2565 1550 2861 1602 sanctitatis
2889 1560 3098 1603 vestrae.
3135 1551 3405 1614 Ediscclts,

1847 1641 2183 1694 sanctissime
2213 1640 2447 1704 domine,
2478 1654 2595 1706 quas
2625 1639 2829 1692 obtinet
2855 1639 3219 1692 honorandum
3255 1649 3411 1707 caput

1847 1741 1992 1785 tuum
2022 1731 2310 1784 secundum
2343 1731 2747 1798 permissionem
2777 1729 2889 1792 Dei,
2924 1732 3028 1782 into
3060 1746 3154 1797 pro
3185 1733 3411 1796 peccatis

1847 1823 2064 1888 ltDSIriS,
2113 1836 2353 1875 escarum
2388 1822 2684 1888 penuriam,
2729 1836 2831 1873 non
2859 1822 3056 1888 justum
3106 1823 3409 1875 existimavi

165 1929 279 1966 nes
305 1926 437 1981 quas
475 1911 677 1965 viderat
704 1910 901 1965 deferri
938 1912 1245 1981 lagunculas
1301 1915 1534 1980 pecuniis
1564 1924 1744 1967 essent
1776 1908 1823 1968 B
1850 1928 2032 1966 servus
2063 1924 2203 1980 tuus,
2251 1913 2305 1965 itt
2339 1912 2629 1966 refectione
2668 1915 2998 1975 conversari,
3029 1912 3243 1965 domino
3293 1928 3412 1967 meo

164 2018 278 2070 pro
306 2005 462 2056 melle
489 2004 720 2071 repletae.
744 2001 974 2072 Contigit
1056 2011 1188 2069 ergo
1260 2001 1484 2058 sedente
1552 2016 1620 2058 eo
1681 2006 1746 2058 ad

168 2111 452 2161 mensam,
485 2107 537 2149 ut
577 2097 907 2149 nuntiaretur
948 2095 1133 2149 adesse
1170 2109 1264 2147 eos
1297 2096 1385 2164 qui
1418 2096 1745 2163 lagunculam

169 2186 489 2250 portabant,
536 2194 588 2238 et
633 2187 901 2252 pittacium
948 2185 1281 2254 patriarchae.
1323 2187 1746 2239 Ascendentibus

170 2273 356 2339 itaque
402 2275 498 2333 eis,
530 2288 647 2325 cum
699 2274 916 2326 vidisset
955 2289 1109 2326 unam
1142 2282 1342 2326 tantum
1378 2275 1706 2341 lagunculam
1729 2315 1742 2338 ,

167 2363 316 2415 dixit
356 2365 430 2416 eis
482 2364 730 2430 patricius
765 2382 774 2415 :
810 2364 973 2417 Dicite
1015 2365 1062 2417 ei
1092 2381 1106 2418 :
1145 2363 1336 2425 Credo,
1367 2365 1603 2427 domine,
1636 2382 1747 2418 tua-

168 2470 334 2521 gnam
379 2455 699 2509 iracundiam
748 2460 1026 2509 adversum
1060 2472 1143 2510 me
1187 2459 1401 2518 retines,
1435 2474 1553 2511 nam
1590 2473 1745 2511 unam

171 2548 350 2599 solam
404 2563 509 2601 non
560 2551 796 2603 mitteres
845 2550 994 2603 mihi.
1045 2551 1256 2604 'l'radito
1301 2561 1473 2603 autem
1534 2551 1747 2617 pittacio

172 2640 398 2702 eodem,
433 2648 484 2691 et
523 2639 716 2693 bullam
750 2639 858 2709 (δῖ’)
891 2642 1315 2706 dissolventibus,
1350 2651 1402 2695 et
1439 2642 1749 2694 evacuanli-

176 2726 281 2779 bus
312 2744 489 2780 coram
534 2731 779 2783 omnibus
830 2734 1132 2796 pecuniam,
1166 2731 1376 2801 agnovit
1420 2741 1474 2785 et
1519 2733 1747 2798 reliquas

173 2820 505 2888 lagunculas,
547 2836 676 2888 quas
722 2823 877 2888 \idit,
925 2822 1166 2876 similiter
1213 2825 1393 2889 plenas
1439 2838 1577 2877 esse.
1612 2824 1745 2878 Cum

176 2923 309 2974 ergo
339 2909 552 2973 legisset
577 2908 714 2975 quod
744 2911 898 2961 homo
921 2912 1276 2977 corruptibilis
1300 2912 1461 2964 Deum
1487 2917 1751 2969 constrin-

177 3013 307 3065 gere
339 3013 438 3050 nou
473 3011 681 3064 posset,
712 3014 1058 3068 eontpnnctus
1085 3001 1152 3056 de
1181 3019 1446 3064 sermone,
1476 3005 1608 3057 dixit
1635 3022 1646 3055 :
1684 3005 1749 3057 Et

182 3089 309 3140 vivit
341 3090 612 3154 Dominus,
647 3107 815 3146 necne
847 3093 1023 3146 t\iceta
1049 3095 1376 3161 Constringet
1398 3111 1516 3148 eum
1539 3133 1553 3158 ,
1589 3097 1748 3147 homo

179 3184 377 3232 etenim
403 3197 451 3234 et
484 3181 594 3247 ipse
629 3193 869 3247 peccator
896 3193 949 3237 et
979 3185 1334 3250 corruptibilis
1364 3195 1464 3238 est.
1501 3187 1564 3238 Et
1592 3186 1748 3238 relin-

1849 2006 1900 2058 in
1929 2003 2214 2056 subtilitate
2244 2002 2361 2072 (41)
2389 2001 2646 2056 manenti.
2679 2002 2811 2055 Sunt
2839 2004 3000 2071 igitur
3024 2003 3236 2070 indigno
3255 2018 3410 2057 servo

1851 2103 1939 2146 tuo
1971 2093 2220 2146 frumenti
2253 2096 2479 2146 ducenta
2506 2093 2668 2145 millia
2701 2093 3019 2158 modiorum,
3049 2102 3101 2147 et
3130 2096 3240 2147 auri
3267 2096 3412 2149 libra:

1846 2197 2058 2238 centum
2114 2185 2401 2253 octoginta,
2450 2199 2579 2252 quas
2629 2199 2756 2250 rogo
2800 2185 2914 2238 dari
2964 2185 3176 2238 Christo
3220 2202 3314 2253 per
3359 2198 3411 2240 te

1847 2277 2119 2329 dominum
2159 2291 2331 2328 meum
2357 2294 2366 2326 :
2397 2285 2598 2327 tantum
2623 2289 2723 2343 ego
2750 2274 2993 2343 indignus
3025 2275 3076 2326 in
3120 2277 3411 2332 ministerio

1848 2367 2010 2419 vestri
2055 2367 2335 2419 diaconatu
2390 2365 2492 2417 frui
2524 2380 2754 2429 merear,
2800 2375 2856 2418 ut
2900 2381 2992 2433 per
3026 2367 3181 2419 talem
3212 2383 3329 2420 cum
3362 2379 3412 2422 te

1848 2457 2062 2509 domino
2113 2458 2278 2509 sancti
2332 2456 2514 2509 altaris
2561 2457 3023 2520 ministrationem,
3074 2459 3326 2511 emuttdet
3381 2475 3409 2511 a

1851 2557 2188 2616 peceatorum
2237 2562 2474 2600 meorum
2531 2545 2753 2598 luxuria.
2801 2546 2936 2599 Dicit
2972 2547 3115 2600 enim
3160 2561 3286 2602 vere
3320 2549 3413 2605 Dei

1851 2637 2166 2706 praedicatur
2207 2646 2423 2689 sanctus
2452 2636 2755 2702 Apostolus,
2787 2637 3036 2704 quoniam
3067 2652 3133 2690 ex
3176 2638 3412 2691 necessi-

1852 2739 1960 2782 tate
2000 2738 2053 2781 et
2093 2729 2222 2795 legis
2266 2728 2541 2780 translatio
2583 2729 2639 2778 fit
2665 2726 2852 2795 (Hebr.
2885 2728 2998 2796 vlt).
3028 2745 3046 2778 ι
3083 2728 3204 2781 Hzec
3243 2730 3411 2782 susci.

1852 2820 2002 2887 piens
2028 2817 2282 2870 divinitus
2331 2819 2564 2884 sapiens,
2598 2825 2650 2870 et
2678 2817 2848 2868 virum
2899 2821 3184 2880 advocatis,
3235 2820 3306 2870 ait
3345 2819 3410 2872 ad

1850 2926 1971 2966 eum
1999 2910 2109 2963 :Tu
2150 2925 2207 2963 es
2247 2910 2334 2977 qui
2376 2923 2558 2976 preces
2588 2909 2742 2962 nobis
2771 2924 2863 2974 per
2892 2913 3148 2962 notarium
3182 2917 3324 2962 tuum
3357 2919 3410 2966 et

1852 2999 2018 3055 [ilium
2055 3002 2285 3054 misisti?
2314 3002 2429 3065 Quo
2468 3000 2714 3053 dicente:
2747 2985 2938 3062 Etiam,
2983 3001 3214 3065 domine,
3271 3002 3410 3053 mi~it

1854 3108 2042 3147 omnes
2083 3093 2224 3145 foras
2275 3093 2460 3144 beatus
2507 3098 2564 3143 et
2617 3090 3170 3158 ntiscricordissitnus,
3226 3090 3410 3142 nolens

1850 3197 2030 3236 coram
2059 3184 2301 3236 omnibus
2333 3185 2472 3235 hunc
2496 3181 2842 3245 confundere,
2868 3190 2923 3234 et
2950 3183 3112 3247 erepit
3139 3181 3314 3233 dicere
3345 3181 3409 3232 ad

179 3288 348 3344 quens
395 3288 513 3328 mox
563 3275 872 3344 prandtutn,
906 3284 958 3332 et
1000 3289 1215 3330 sumens
1261 3289 1439 3355 secum
1487 3287 1746 3347 quotquot
1774 3277 1818 3338 C
1852 3289 1971 3328 eum
2004 3272 2247 3326 :ObIstio
2291 3272 2501 3337 quidem
2563 3281 2646 3323 tua
2701 3271 2853 3323 valde
2895 3270 3035 3338 justa
3088 3279 3143 3323 et
3190 3271 3410 3335 tempori

182 3368 431 3431 pecunias
473 3369 539 3420 ab
571 3370 877 3421 honorando
921 3370 1075 3422 Patre
1118 3371 1437 3435 abstulerat,
1467 3382 1521 3424 et
1558 3373 1744 3439 lagon-

179 3460 352 3509 culam
385 3475 502 3525 qua:
533 3459 600 3512 ab
627 3476 689 3510 o-o
742 3463 1046 3513 transmissa
1089 3459 1287 3526 fuerat,
1316 3456 1376 3514 ﬁt
1403 3462 1468 3514 de
1497 3477 1593 3514 suo
1622 3476 1748 3515 cen—

182 3551 383 3601 tenaria
430 3552 560 3609 tria,
605 3551 955 3618 apprehendit
1003 3552 1328 3605 honorandat'
1346 3551 1461 3621 ejus
1507 3557 1744 3622 vestigia,

183 3639 330 3690 nullo
360 3640 408 3690 in
443 3639 755 3707 obsequium
799 3643 1066 3707 proprium
1096 3635 1332 3708 sumpto;
1366 3643 1456 3696 sed
1490 3643 1539 3694 in
1573 3643 1743 3696 itumi-

185 3731 333 3783 litate
365 3732 522 3783 utulta
552 3732 868 3793 aStendens,
899 3733 1116 3801 rogabat
1141 3747 1258 3785 eum
1278 3772 1292 3797 ,
1323 3734 1470 3799 quasi
1506 3735 1627 3789 aliis
1653 3749 1746 3788 ac-

180 3825 488 3875 cusantibus
528 3832 757 3882 motum.
796 3821 1171 3891 indulgentiam
1201 3839 1230 3878 a
1265 3826 1371 3877 Deo
1399 3836 1746 3893 exposceret,

180 3916 514 3966 satisfaciens
567 3916 612 3965 ei
672 3915 810 3981 quod
869 3916 966 3968 etsi
1035 3916 1396 3980 paenitentiam
1453 3918 1499 3969 ei
1562 3917 1746 3983 daret,

180 4015 425 4071 prompte
452 4006 584 4056 hanc
614 4005 903 4070 susciperet
929 4015 980 4057 et
1008 4005 1314 4060 custodiret.
1344 4007 1626 4061 Admirans
1655 4023 1748 4061 au-

183 4105 286 4146 tem
313 4095 738 4160 archiepiscopus
766 4097 998 4147 velocem
1025 4097 1121 4147 viri
1152 4098 1555 4150 conversionem
1573 4140 1586 4164 ,
1618 4101 1748 4154 utbil

179 4187 248 4239 de
279 4189 564 4239 commisso
593 4199 912 4252 conquestos
939 4197 1046 4246 est,
1076 4190 1165 4238 sed
1208 4197 1261 4239 et
1291 4190 1456 4256 magis
1497 4190 1750 4244 consola-

180 4279 335 4330 batur
362 4293 482 4327 eunt
518 4277 692 4329 verbis
737 4277 1008 4329 consulato
1042 4280 1124 4329 iis.
1158 4278 1303 4329 'l‘alis
1343 4287 1521 4332 autem
1562 4281 1745 4332 ambu-

181 4381 299 4419 ruut
340 4366 651 4418 confirmata
685 4377 764 4419 est
794 4381 856 4419 ex
889 4377 1012 4418 tunc
1041 4381 1069 4418 a
1102 4366 1210 4420 Deo
1235 4366 1488 4434 Charitas,
1517 4379 1572 4422 ut
1599 4385 1746 4424 eom-

183 4467 330 4524 pater
358 4457 642 4523 supradicti
678 4456 824 4509 fieret
853 4455 1080 4522 patricii.

253 4546 380 4600 CAP.
406 4546 519 4600 XII.
543 4575 612 4585 —
633 4546 733 4612 Qui
764 4547 1028 4598 Abraham
1053 4547 1103 4599 in
1143 4547 1242 4600 hoc
1266 4547 1404 4614 quod
1433 4548 1748 4616 expediebat

1854 3365 2172 3426 necessaria,
2201 3362 2294 3418 sed
2328 3365 2591 3417 maculosa
2630 3372 2741 3428 est;
2767 3371 2821 3415 et
2861 3361 2994 3414 ηοειί
3022 3361 3158 3428 quod
3195 3363 3244 3413 in
3273 3362 3412 3430 Lege

1851 3466 1963 3516 ovis
1981 3465 2090 3515 sive
2123 3477 2302 3529 parva,
2335 3462 2448 3515 sive
2489 3476 2694 3527 magna,
2731 3461 2826 3512 nisi
2861 3461 3194 3511 immaculata
3242 3469 3409 3522 esset,

1853 3571 1956 3607 non
1992 3556 2045 3606 in
2092 3553 2408 3607 sacrificium
2454 3551 2775 3604 offerebatur
2801 3550 2984 3618 (ιευὶι.
3017 3549 3145 3617 xxtt)
3172 3565 3187 3612 ;
3217 3555 3271 3601 et
3299 3550 3414 3603 ideo

1854 3647 1918 3699 ad
1972 3647 2288 3698 sacrificium
2327 3645 2456 3697 Cain
2512 3658 2614 3695 non
2675 3650 2903 3709 respexit
2943 3641 3081 3694 Deus
3122 3640 3278 3710 (Cen.
3313 3640 3412 3709 Iv).

1850 3736 2108 3801 Quoniam
2137 3751 2263 3788 vero
2292 3735 2494 3798 dixisti,
2528 3733 2707 3796 frater,
2743 3733 2881 3800 quod
2914 3748 2975 3786 ex
3005 3735 3319 3786 necessitate
3358 3741 3413 3786 et

1851 3830 1984 3897 legis
2014 3829 2288 3881 translatio
2319 3828 2426 3890 fiat,
2451 3827 2518 3879 de
2549 3828 2663 3895 lege
2691 3827 2852 3880 veteri
2897 3827 2992 3878 hoc
3020 3826 3147 3879 dicit
3183 3827 3412 3890 Apostm

1851 3921 1969 3987 lus;
2000 3936 2118 3974 nam
2149 3919 2413 3989 quomodo
2460 3922 2532 3971 ait
2564 3919 2724 3972 frater
2756 3919 2959 3970 Domini
2993 3917 3238 3980 Jacoltus,
3272 3918 3411 3985 quod

1851 4015 2150 4082 quicunque
2179 4010 2542 4064 observaverit
2577 4021 2735 4061 totam
2766 4010 2955 4078 legem,
2988 4007 3218 4061 oflendat
3238 4021 3411 4060 autem

1854 4105 1904 4157 in
1933 4118 2059 4167 uno,
2085 4103 2253 4156 factus
2273 4109 2356 4156 est
2380 4102 2613 4153 omnium
2641 4116 2762 4154 reus
2784 4101 2920 4169 (Jac.
2949 4097 3048 4167 tt)?
3077 4099 3149 4153 De
3167 4099 3414 4152 fratribus

1852 4210 1980 4248 vero
2012 4193 2145 4246 meis
2172 4192 2353 4261 egenis
2379 4199 2433 4245 et
2461 4192 2529 4244 de
2549 4198 2731 4244 sancta
2764 4191 3018 4252 Ecclesia,
3047 4191 3181 4243 Deus
3212 4191 3299 4258 qui
3321 4203 3414 4244 eos

1853 4287 2071 4340 nutrivit
2119 4293 2245 4338 ante
2272 4299 2429 4352 quam
2477 4297 2576 4352 ego
2617 4293 2672 4336 et
2709 4291 2763 4334 tu
2805 4296 3166 4346 nasceremur,
3209 4282 3320 4349 ipse
3365 4291 3414 4334 et

1853 4392 1994 4432 nunc
2032 4376 2230 4430 nutriet
2257 4389 2384 4432 eos;
2420 4383 2642 4437 tantum,
2668 4372 2709 4425 si
2759 4385 3032 4425 sermones
3071 4370 3187 4439 ejus
3215 4371 3414 4425 illaesos

1853 4467 2278 4520 custodierimus.
2331 4462 2424 4516 Ille
2469 4462 2610 4515 enim
2667 4461 2753 4528 qui
2806 4471 2929 4513 tunc
2974 4459 3206 4527 quinque
3252 4472 3415 4526 panes

1854 4557 2224 4624 multiplicavit
2262 4552 2440 4623 (Joan.
2472 4553 2572 4619 vt),
2608 4559 2778 4618 potest
2807 4558 2859 4602 et
2883 4549 3064 4603 decem
3094 4548 3268 4601 horrei
3301 4549 3409 4601 mei

181 4641 427 4706 tentavit,
452 4649 508 4691 ut
537 4637 654 4707 ejus
684 4638 843 4691 iidem
889 4640 990 4691 soli
1025 4639 1133 4691 Deo
1172 4640 1434 4708 cognitam
1470 4641 1748 4695 universus
1781 4645 1826 4702 D
1855 4646 2047 4700 modiis
2077 4644 2414 4698 benedicere.
2443 4643 2775 4708 Quapropter
2796 4640 2918 4692 illud
2948 4639 3068 4693 dico
3107 4639 3172 4691 ad
3213 4648 3282 4703 te,
3317 4638 3410 4702 fili,

182 4731 410 4784 mundus
450 4732 664 4783 discens
713 4729 1008 4783 imitaretur
1032 4729 1182 4789 (Gen.
1227 4733 1380 4796 χιιι),
1430 4734 1653 4784 tentavit
1695 4743 1749 4785 et

182 4821 581 4876 memorabilem
630 4823 786 4873 istum
827 4821 1108 4874 Joannem.
1160 4823 1344 4875 Modus
1394 4833 1570 4876 autem
1610 4823 1750 4875 illius

184 4911 488 4966 tentationis
557 4913 727 4964 forma
790 4914 1026 4964 n.i|itatis
1077 4915 1274 4966 sanctis
1340 4914 1456 4979 ejus
1510 4915 1750 4968 ecclesiis

181 5004 408 5056 exstitit.
447 5002 536 5055 Est
583 5012 757 5053 autent
787 5003 950 5053 forma
995 5004 1146 5054 hazc:
1181 5003 1537 5056 lnmstimabiii
1576 5006 1751 5055 multi-

185 5093 367 5144 tndine
400 5093 711 5159 fugientium
761 5109 787 5142 a
841 5093 1041 5154 Persis,
1083 5098 1217 5145 sicut
1243 5096 1350 5160 jam
1391 5096 1588 5148 dictum
1622 5099 1751 5161 (Su-

184 5202 275 5252 pra
299 5200 346 5235 c.
380 5184 456 5253 6),
499 5195 551 5237 et
592 5184 909 5237 adveniente
947 5186 1340 5249 Alexandriam,
1392 5199 1439 5238 et
1473 5187 1752 5242 sterilitate

183 5279 348 5330 multa
378 5277 621 5329 ciborum
672 5279 827 5338 facta,
875 5292 938 5329 eo
986 5278 1124 5343 quod
1177 5295 1278 5330 non
1320 5279 1523 5332 subiret
1562 5280 1752 5335 fluxius

183 5369 332 5421 Nilus
360 5367 653 5421 secundum
685 5368 1147 5427 consuetudinen't.
1178 5379 1230 5421 et
1251 5386 1382 5421 auro
1412 5380 1603 5423 cuncto
1631 5387 1753 5422 ero-

181 5469 304 5526 gato
349 5459 487 5525 quod
536 5458 845 5524 possederat
892 5458 1216 5522 patriarcha,
1268 5461 1431 5520 misit,
1475 5470 1528 5512 et
1569 5473 1750 5512 mutuo

183 5550 387 5618 accepit
416 5566 445 5602 a
475 5551 656 5604 multis
689 5549 1052 5616 pltilocitristis
1092 5550 1230 5602 circa
1275 5550 1459 5603 decem
1499 5562 1750 5604 centena-

185 5641 284 5695 ria.
320 5642 388 5694 Et
419 5642 500 5693 bis
527 5641 718 5693 iterum
761 5640 1116 5705 consumptis,
1164 5649 1216 5694 et
1253 5641 1424 5694 adltuc
1453 5642 1588 5696 fame
1635 5660 1749 5694 ma-

186 5747 369 5800 nente,
403 5747 457 5788 et
497 5736 563 5790 de
605 5746 800 5789 eastern
833 5748 1069 5788 mutuum
1099 5737 1227 5790 dare
1255 5739 1303 5790 ei
1334 5737 1477 5788 nullo
1521 5738 1749 5796 volente,

188 5832 280 5884 sed
308 5830 551 5882 ontnibns
583 5829 926 5897 pertinaciam
957 5830 1110 5881 famis
1140 5830 1467 5890 timentibus,
1500 5840 1548 5883 et
1578 5844 1755 5883 neces-

1855 4739 1996 4806 quod
2039 4737 2090 4789 in
2133 4735 2359 4789 Actibus
2399 4735 2759 4800 apostolorum
2807 4731 3005 4784 dictum
3033 4740 3115 4784 est
3144 4747 3156 4782 :
3183 4729 3294 4783 Non
3335 4739 3414 4784 est

1852 4829 1947 4883 tibi
1980 4831 2151 4892 portio
2181 4840 2353 4894 neque
2387 4822 2667 4878 haereditas
2698 4824 2747 4874 in
2791 4822 2887 4875 hac
2920 4831 3069 4888 parte
3105 4822 3240 4890 (Ασι.
3271 4821 3408 4885 vm).

1853 4920 2087 4987 Cumque
2115 4921 2254 4971 hunc
2281 4917 2485 4970 tristem
2516 4927 2570 4968 et
2595 4915 2710 4968 sine
2739 4913 2926 4967 eti'ectu
2951 4912 3256 4974 dimisisset,
3281 4927 3414 4963 nun-

1855 5011 2014 5062 tiatur
2033 5009 2081 5062 ei
2106 5008 2237 5061 duas
2269 5007 2518 5059 Ecclesia:
2550 5018 2857 5070 magnarum
2891 5005 3097 5056 navium
3130 5003 3194 5055 ad
3218 5012 3410 5055 terram

1857 5115 1976 5152 esse
2021 5100 2329 5154 submissas.
2377 5111 2506 5161 quas
2563 5096 2776 5146 miserat
2823 5094 2871 5145 in
2925 5094 3155 5147 Siciliam
3203 5106 3415 5160 propter

1859 5193 2202 5243 frumentum.
2236 5188 2344 5239 lloc
2384 5198 2557 5238 autem
2602 5187 2824 5237 audiens
2854 5185 2943 5238 ille
2972 5185 3175 5247 beatus,
3218 5185 3414 5236 cadens

1861 5283 1915 5332 in
1961 5291 2179 5339 terram,
2233 5277 2431 5345 gratias
2480 5276 2585 5343 egit
2626 5274 2971 5340 omnipotenti
3031 5274 3156 5336 Deo,
3193 5273 3411 5326 dicens:

1857 5371 2066 5422 Gratias
2095 5369 2270 5422 refero
2299 5368 2414 5430 tibi,
2451 5367 2691 5429 Domine,
2714 5366 2962 5432 quooiam
2997 5380 3099 5417 non
3127 5365 3409 5433 permisisti

1859 5475 2013 5512 servo
2046 5472 2134 5511 tuo
2163 5458 2397 5526 pecuniis
2428 5459 2653 5509 vendere
2697 5455 2924 5523 gratiam
2957 5465 3119 5507 tuam.
3156 5454 3288 5508 Vere
3334 5455 3406 5506 in-

1853 5553 2122 5618 quirentcs
2169 5562 2238 5609 te.
2272 5549 2511 5608 Domine,
2553 5555 2606 5599 et
2649 5553 2845 5599 sancta:
2887 5545 3141 5599 Ecclesia:
3185 5557 3285 5598 tua:
3329 5561 3412 5600 re-

1853 5643 2003 5710 gulas
2089 5639 2491 5698 custodientes,
2555 5655 2661 5692 non
2736 5634 2988 5688 deficient
3088 5638 3229 5691 omni
3271 5640 3405 5691 bno

1857 5735 2027 5796 (Psal.
2063 5739 2271 5799 sttuit).

1927 5827 2053 5879 Car.
2088 5824 2223 5876 XIII.
2252 5851 2308 5862 ——
2338 5822 2657 5886 Quibusdam
2709 5821 2911 5875 duobus
2957 5821 3158 5875 clericis
3213 5821 3262 5872 in
3305 5818 3412 5872 cul-
