  <div class='ocr_page' id='page_1' title='image "/cluster/home/n/w/nwhite01/storage/ocr_20150623/93/nnc1.0046980059/796.png"; bbox 0 0 4118 6432; ppageno 0'>
   <div class='ocr_carea' id='block_1_1' title="bbox 154 368 2477 472">
    <p class='ocr_par' dir='ltr' id='par_1_1' title="bbox 154 368 2477 472">
     <span class='ocr_line' id='line_1_1' title="bbox 154 368 2477 472; baseline 0.019 -46"><span class='ocrx_word' id='word_1_1' title='bbox 154 368 317 430; x_wconf 59' lang='lat'><strong>16%</strong></span> <span class='ocrx_word' id='word_1_2' title='bbox 1105 393 1256 448; x_wconf 81' lang='lat' dir='ltr'><strong>VITA</strong></span> <span class='ocrx_word' id='word_1_3' title='bbox 1297 394 1538 450; x_wconf 80' lang='lat' dir='ltr'><strong>SANCTI</strong></span> <span class='ocrx_word' id='word_1_4' title='bbox 1577 397 1854 458; x_wconf 78' lang='lat' dir='ltr'><strong>JOANNIS</strong></span> <span class='ocrx_word' id='word_1_5' title='bbox 1897 405 2477 472; x_wconf 69' lang='lat' dir='ltr'><strong>ELEEMOSYNAIIII.</strong></span> 
     </span>
    </p>
   </div>
   <div class='ocr_carea' id='block_1_2' title="bbox 147 484 2242 573">
    <p class='ocr_par' dir='ltr' id='par_1_2' title="bbox 147 484 2242 573">
     <span class='ocr_line' id='line_1_2' title="bbox 147 484 2242 573; baseline 0.021 -42"><span class='ocrx_word' id='word_1_6' title='bbox 147 484 202 532; x_wconf 82' lang='lat' dir='ltr'><strong>si</strong></span> <span class='ocrx_word' id='word_1_7' title='bbox 243 485 452 544; x_wconf 85' lang='lat' dir='ltr'><strong>fuerint</strong></span> <span class='ocrx_word' id='word_1_8' title='bbox 481 493 656 548; x_wconf 78' lang='lat' dir='ltr'><strong>verbis</strong></span> <span class='ocrx_word' id='word_1_9' title='bbox 699 501 954 552; x_wconf 76' lang='lat' dir='ltr'><strong>suasoriis</strong></span> <span class='ocrx_word' id='word_1_10' title='bbox 994 504 1266 568; x_wconf 87' lang='lat' dir='ltr'><strong>commoti,</strong></span> <span class='ocrx_word' id='word_1_11' title='bbox 1300 513 1353 559; x_wconf 89' lang='lat' dir='ltr'><strong>et</strong></span> <span class='ocrx_word' id='word_1_12' title='bbox 1381 507 1424 558; x_wconf 91' lang='lat' dir='ltr'><strong>si</strong></span> <span class='ocrx_word' id='word_1_13' title='bbox 1467 508 1582 562; x_wconf 83' lang='lat' dir='ltr'><strong>sine</strong></span> <span class='ocrx_word' id='word_1_14' title='bbox 1622 523 1740 562; x_wconf 88' lang='lat' dir='ltr'><strong>cru-</strong></span> <span class='ocrx_word' id='word_1_15' title='bbox 1771 513 1818 569; x_wconf 75' lang='grc' dir='ltr'><strong>Δ</strong></span> <span class='ocrx_word' id='word_1_16' title='bbox 1849 518 2120 572; x_wconf 90' lang='lat' dir='ltr'><strong>tummodo</strong></span> <span class='ocrx_word' id='word_1_17' title='bbox 2145 536 2242 573; x_wconf 90' lang='lat' dir='ltr'><strong>con</strong></span> 
     </span>
    </p>
   </div>
   <div class='ocr_carea' id='block_1_3' title="bbox 145 575 1738 666">
    <p class='ocr_par' dir='ltr' id='par_1_3' title="bbox 145 575 1738 666">
     <span class='ocr_line' id='line_1_3' title="bbox 145 575 1738 666; baseline 0.019 -41"><span class='ocrx_word' id='word_1_18' title='bbox 145 575 319 630; x_wconf 87' lang='lat' dir='ltr'><strong>ciatu</strong></span> <span class='ocrx_word' id='word_1_19' title='bbox 381 583 667 637; x_wconf 90' lang='lat' dir='ltr'><strong>reciderint</strong></span> <span class='ocrx_word' id='word_1_20' title='bbox 719 602 837 653; x_wconf 72' lang='lat' dir='ltr'><strong>qua:</strong></span> <span class='ocrx_word' id='word_1_21' title='bbox 883 590 946 643; x_wconf 93' lang='lat' dir='ltr'><strong>ad</strong></span> <span class='ocrx_word' id='word_1_22' title='bbox 975 606 1068 645; x_wconf 91' lang='lat' dir='ltr'><strong>eos</strong></span> <span class='ocrx_word' id='word_1_23' title='bbox 1118 595 1331 648; x_wconf 91' lang='lat' dir='ltr'><strong>veniunt</strong></span> <span class='ocrx_word' id='word_1_24' title='bbox 1375 600 1623 666; x_wconf 89' lang='lat' dir='ltr'><strong>capitula.</strong></span> <span class='ocrx_word' id='word_1_25' title='bbox 1675 602 1738 654; x_wconf 86' lang='lat' dir='ltr'><strong>Et</strong></span> 
     </span>
    </p>
   </div>
   <div class='ocr_carea' id='block_1_4' title="bbox 143 670 1735 762">
    <p class='ocr_par' dir='ltr' id='par_1_4' title="bbox 143 670 1735 762">
     <span class='ocr_line' id='line_1_4' title="bbox 143 670 1735 762; baseline 0.02 -46"><span class='ocrx_word' id='word_1_26' title='bbox 143 670 434 732; x_wconf 78' lang='lat' dir='ltr'><strong>patricius</strong></span> <span class='ocrx_word' id='word_1_27' title='bbox 489 684 734 742; x_wconf 89' lang='lat' dir='ltr'><strong>tanquam</strong></span> <span class='ocrx_word' id='word_1_28' title='bbox 789 695 816 732; x_wconf 90' lang='lat' dir='ltr'><strong>a</strong></span> <span class='ocrx_word' id='word_1_29' title='bbox 867 681 975 735; x_wconf 86' lang='lat' dir='ltr'><strong>Deo</strong></span> <span class='ocrx_word' id='word_1_30' title='bbox 1021 678 1220 750; x_wconf 85' lang='lat' dir='ltr'><strong>jussus,</strong></span> <span class='ocrx_word' id='word_1_31' title='bbox 1268 699 1451 754; x_wconf 90' lang='lat' dir='ltr'><strong>pactus</strong></span> <span class='ocrx_word' id='word_1_32' title='bbox 1493 700 1574 744; x_wconf 92' lang='lat' dir='ltr'><strong>est</strong></span> <span class='ocrx_word' id='word_1_33' title='bbox 1619 693 1735 762; x_wconf 82' lang='lat' dir='ltr'><strong>ejus</strong></span> 
     </span>
    </p>
   </div>
   <div class='ocr_carea' id='block_1_5' title="bbox 140 763 1564 841">
    <p class='ocr_par' dir='ltr' id='par_1_5' title="bbox 140 763 1564 841">
     <span class='ocr_line' id='line_1_5' title="bbox 140 763 1564 841; baseline 0.022 -37"><span class='ocrx_word' id='word_1_34' title='bbox 140 763 484 813; x_wconf 79' lang='lat' dir='ltr'><strong>tnandatum</strong></span> <span class='ocrx_word' id='word_1_35' title='bbox 513 777 572 817; x_wconf 90' lang='lat' dir='ltr'><strong>se</strong></span> <span class='ocrx_word' id='word_1_36' title='bbox 600 768 866 822; x_wconf 87' lang='lat' dir='ltr'><strong>custodire</strong></span> <span class='ocrx_word' id='word_1_37' title='bbox 889 773 1032 825; x_wconf 90' lang='lat' dir='ltr'><strong>omni</strong></span> <span class='ocrx_word' id='word_1_38' title='bbox 1064 777 1564 841; x_wconf 63' lang='lat' dir='ltr'><strong>temporeillmsum.</strong></span> 
     </span>
    </p>
   </div>
   <div class='ocr_carea' id='block_1_6' title="bbox 227 843 1732 934">
    <p class='ocr_par' dir='ltr' id='par_1_6' title="bbox 227 843 1732 934">
     <span class='ocr_line' id='line_1_6' title="bbox 227 843 1732 934; baseline 0.017 -36"><span class='ocrx_word' id='word_1_39' title='bbox 227 843 378 902; x_wconf 65' lang='lat' dir='ltr'><strong>Car.</strong></span> <span class='ocrx_word' id='word_1_40' title='bbox 407 849 521 903; x_wconf 80' lang='lat' dir='ltr'><strong>XV.</strong></span> <span class='ocrx_word' id='word_1_41' title='bbox 561 881 631 892; x_wconf 90' lang='lat'><strong><em>—</em></strong></span> <span class='ocrx_word' id='word_1_42' title='bbox 662 854 762 909; x_wconf 90' lang='lat' dir='ltr'><strong>Iste</strong></span> <span class='ocrx_word' id='word_1_43' title='bbox 789 862 1146 915; x_wconf 84' lang='lat' dir='ltr'><strong>memorabilis</strong></span> <span class='ocrx_word' id='word_1_44' title='bbox 1191 863 1414 920; x_wconf 90' lang='lat' dir='ltr'><strong>habebat</strong></span> <span class='ocrx_word' id='word_1_45' title='bbox 1455 870 1732 934; x_wconf 85' lang='lat' dir='ltr'><strong>quemdam</strong></span> 
     </span>
    </p>
   </div>
   <div class='ocr_carea' id='block_1_7' title="bbox 132 943 1733 1022">
    <p class='ocr_par' dir='ltr' id='par_1_7' title="bbox 132 943 1733 1022">
     <span class='ocr_line' id='line_1_7' title="bbox 132 943 1733 1022; baseline 0.02 -39"><span class='ocrx_word' id='word_1_46' title='bbox 132 947 446 1022; x_wconf 76' lang='lat' dir='ltr'><strong>nepotem,</strong></span> <span class='ocrx_word' id='word_1_47' title='bbox 470 943 682 997; x_wconf 86' lang='lat' dir='ltr'><strong>nomine</strong></span> <span class='ocrx_word' id='word_1_48' title='bbox 711 945 994 1015; x_wconf 77' lang='lat' dir='ltr'><strong>Georgium</strong></span> <span class='ocrx_word' id='word_1_49' title='bbox 1027 952 1159 1020; x_wconf 85' lang='lat'><strong>(50).</strong></span> <span class='ocrx_word' id='word_1_50' title='bbox 1192 955 1304 1009; x_wconf 88' lang='lat' dir='ltr'><strong>Una</strong></span> <span class='ocrx_word' id='word_1_51' title='bbox 1336 957 1508 1022; x_wconf 88' lang='lat' dir='ltr'><strong>itaque</strong></span> <span class='ocrx_word' id='word_1_52' title='bbox 1530 959 1733 1014; x_wconf 91' lang='lat' dir='ltr'><strong>dierum</strong></span> 
     </span>
    </p>
   </div>
   <div class='ocr_carea' id='block_1_8' title="bbox 131 1021 1731 1106">
    <p class='ocr_par' dir='ltr' id='par_1_8' title="bbox 131 1021 1731 1106">
     <span class='ocr_line' id='line_1_8' title="bbox 131 1021 1731 1106; baseline 0.02 -33"><span class='ocrx_word' id='word_1_53' title='bbox 131 1021 370 1080; x_wconf 78' lang='lat' dir='ltr'><strong>faciens</strong></span> <span class='ocrx_word' id='word_1_54' title='bbox 433 1032 534 1084; x_wconf 90' lang='lat' dir='ltr'><strong>iste</strong></span> <span class='ocrx_word' id='word_1_55' title='bbox 585 1048 704 1086; x_wconf 89' lang='lat' dir='ltr'><strong>cum</strong></span> <span class='ocrx_word' id='word_1_56' title='bbox 756 1039 983 1104; x_wconf 87' lang='lat' dir='ltr'><strong>quodam</strong></span> <span class='ocrx_word' id='word_1_57' title='bbox 1031 1043 1281 1098; x_wconf 83' lang='lat' dir='ltr'><strong>civitatis</strong></span> <span class='ocrx_word' id='word_1_58' title='bbox 1316 1047 1731 1106; x_wconf 90' lang='lat' dir='ltr'><strong>tabernariorum</strong></span> 
     </span>
    </p>
   </div>
   <div class='ocr_carea' id='block_1_9' title="bbox 125 1115 1731 1208">
    <p class='ocr_par' dir='ltr' id='par_1_9' title="bbox 125 1115 1731 1208">
     <span class='ocr_line' id='line_1_9' title="bbox 125 1115 1731 1208; baseline 0.019 -42"><span class='ocrx_word' id='word_1_59' title='bbox 125 1115 361 1186; x_wconf 85' lang='lat' dir='ltr'><strong>rixam,</strong></span> <span class='ocrx_word' id='word_1_60' title='bbox 387 1125 636 1177; x_wconf 73' lang='lat' dir='ltr'><strong>conviciis</strong></span> <span class='ocrx_word' id='word_1_61' title='bbox 665 1129 732 1180; x_wconf 89' lang='lat' dir='ltr'><strong>ab</strong></span> <span class='ocrx_word' id='word_1_62' title='bbox 755 1143 817 1182; x_wconf 90' lang='lat' dir='ltr'><strong>eo</strong></span> <span class='ocrx_word' id='word_1_63' title='bbox 843 1145 1027 1186; x_wconf 79' lang='lat' dir='ltr'><strong>severe</strong></span> <span class='ocrx_word' id='word_1_64' title='bbox 1048 1135 1270 1192; x_wconf 74' lang='lat' dir='ltr'><strong>affectus</strong></span> <span class='ocrx_word' id='word_1_65' title='bbox 1290 1148 1372 1192; x_wconf 89' lang='lat' dir='ltr'><strong>est</strong></span> <span class='ocrx_word' id='word_1_66' title='bbox 1398 1158 1411 1193; x_wconf 87' lang='lat'>:</span> <span class='ocrx_word' id='word_1_67' title='bbox 1437 1141 1525 1208; x_wconf 87' lang='lat' dir='ltr'><strong>qui</strong></span> <span class='ocrx_word' id='word_1_68' title='bbox 1551 1157 1731 1198; x_wconf 90' lang='lat' dir='ltr'><strong>amare</strong></span> 
     </span>
    </p>
   </div>
   <div class='ocr_carea' id='block_1_10' title="bbox 122 1205 1727 1300">
    <p class='ocr_par' dir='ltr' id='par_1_10' title="bbox 122 1205 1727 1300">
     <span class='ocr_line' id='line_1_10' title="bbox 122 1205 1727 1300; baseline 0.019 -44"><span class='ocrx_word' id='word_1_69' title='bbox 122 1205 375 1276; x_wconf 83' lang='lat' dir='ltr'><strong>dolens,</strong></span> <span class='ocrx_word' id='word_1_70' title='bbox 408 1227 512 1266; x_wconf 89' lang='lat' dir='ltr'><strong>non</strong></span> <span class='ocrx_word' id='word_1_71' title='bbox 543 1216 712 1268; x_wconf 86' lang='lat' dir='ltr'><strong>solum</strong></span> <span class='ocrx_word' id='word_1_72' title='bbox 744 1219 864 1286; x_wconf 86' lang='lat' dir='ltr'><strong>quia</strong></span> <span class='ocrx_word' id='word_1_73' title='bbox 898 1221 1106 1287; x_wconf 87' lang='lat' dir='ltr'><strong>publice</strong></span> <span class='ocrx_word' id='word_1_74' title='bbox 1130 1268 1144 1291; x_wconf 95' lang='lat'><strong>,</strong></span> <span class='ocrx_word' id='word_1_75' title='bbox 1193 1241 1377 1282; x_wconf 88' lang='lat' dir='ltr'><strong>verum</strong></span> <span class='ocrx_word' id='word_1_76' title='bbox 1408 1230 1566 1294; x_wconf 80' lang='lat' dir='ltr'><strong>etiam</strong></span> <span class='ocrx_word' id='word_1_77' title='bbox 1607 1235 1727 1300; x_wconf 85' lang='lat' dir='ltr'><strong>quia</strong></span> 
     </span>
    </p>
   </div>
   <div class='ocr_carea' id='block_1_11' title="bbox 122 1299 1730 1390">
    <p class='ocr_par' dir='ltr' id='par_1_11' title="bbox 122 1299 1730 1390">
     <span class='ocr_line' id='line_1_11' title="bbox 122 1299 1730 1390; baseline 0.02 -44"><span class='ocrx_word' id='word_1_78' title='bbox 122 1311 154 1347; x_wconf 90' lang='lat' dir='ltr'><strong>a</strong></span> <span class='ocrx_word' id='word_1_79' title='bbox 200 1299 392 1355; x_wconf 83' lang='lat' dir='ltr'><strong>viliori</strong></span> <span class='ocrx_word' id='word_1_80' title='bbox 445 1305 794 1362; x_wconf 90' lang='lat' dir='ltr'><strong>inhonoratus</strong></span> <span class='ocrx_word' id='word_1_81' title='bbox 837 1321 998 1378; x_wconf 86' lang='lat' dir='ltr'><strong>esset,</strong></span> <span class='ocrx_word' id='word_1_82' title='bbox 1038 1319 1266 1372; x_wconf 78' lang='lat' dir='ltr'><strong>maxime</strong></span> <span class='ocrx_word' id='word_1_83' title='bbox 1290 1335 1439 1384; x_wconf 75' lang='lat' dir='ltr'><strong>vero,</strong></span> <span class='ocrx_word' id='word_1_84' title='bbox 1466 1323 1586 1390; x_wconf 86' lang='lat' dir='ltr'><strong>quia</strong></span> <span class='ocrx_word' id='word_1_85' title='bbox 1614 1334 1730 1378; x_wconf 91' lang='lat' dir='ltr'><strong>erat</strong></span> 
     </span>
    </p>
   </div>
   <div class='ocr_carea' id='block_1_12' title="bbox 118 1398 1726 1478">
    <p class='ocr_par' dir='ltr' id='par_1_12' title="bbox 118 1398 1726 1478">
     <span class='ocr_line' id='line_1_12' title="bbox 118 1398 1726 1478; baseline 0.019 -38"><span class='ocrx_word' id='word_1_86' title='bbox 118 1406 328 1453; x_wconf 82' lang='lat' dir='ltr'><strong>nepos</strong></span> <span class='ocrx_word' id='word_1_87' title='bbox 356 1398 698 1464; x_wconf 56' lang='lat' dir='ltr'><strong>patriarcha,</strong></span> <span class='ocrx_word' id='word_1_88' title='bbox 746 1404 905 1457; x_wconf 78' lang='lat' dir='ltr'><strong>subiit</strong></span> <span class='ocrx_word' id='word_1_89' title='bbox 946 1407 1010 1459; x_wconf 90' lang='lat' dir='ltr'><strong>ad</strong></span> <span class='ocrx_word' id='word_1_90' title='bbox 1041 1423 1160 1462; x_wconf 89' lang='lat' dir='ltr'><strong>eum</strong></span> <span class='ocrx_word' id='word_1_91' title='bbox 1194 1412 1244 1462; x_wconf 92' lang='lat' dir='ltr'><strong>in</strong></span> <span class='ocrx_word' id='word_1_92' title='bbox 1274 1414 1542 1478; x_wconf 84' lang='lat' dir='ltr'><strong>conclavi,</strong></span> <span class='ocrx_word' id='word_1_93' title='bbox 1571 1430 1635 1469; x_wconf 89' lang='lat' dir='ltr'><strong>eo</strong></span> <span class='ocrx_word' id='word_1_94' title='bbox 1675 1419 1726 1470; x_wconf 89' lang='lat' dir='ltr'><strong>in</strong></span> 
     </span>
    </p>
   </div>
   <div class='ocr_carea' id='block_1_13' title="bbox 109 1492 1725 1560">
    <p class='ocr_par' dir='ltr' id='par_1_13' title="bbox 109 1492 1725 1560">
     <span class='ocr_line' id='line_1_13' title="bbox 109 1492 1725 1560; baseline 0.019 -30"><span class='ocrx_word' id='word_1_95' title='bbox 109 1492 362 1535; x_wconf 85' lang='lat' dir='ltr'><strong>secreto</strong></span> <span class='ocrx_word' id='word_1_96' title='bbox 388 1498 642 1554; x_wconf 86' lang='lat' dir='ltr'><strong>morante,</strong></span> <span class='ocrx_word' id='word_1_97' title='bbox 676 1493 806 1545; x_wconf 86' lang='lat' dir='ltr'><strong>tiens</strong></span> <span class='ocrx_word' id='word_1_98' title='bbox 833 1500 1203 1553; x_wconf 67' lang='lat' dir='ltr'><strong>vehementer;</strong></span> <span class='ocrx_word' id='word_1_99' title='bbox 1225 1500 1358 1556; x_wconf 90' lang='lat' dir='ltr'><strong>Cum</strong></span> <span class='ocrx_word' id='word_1_100' title='bbox 1381 1513 1555 1558; x_wconf 90' lang='lat' dir='ltr'><strong>autem</strong></span> <span class='ocrx_word' id='word_1_101' title='bbox 1584 1509 1725 1560; x_wconf 92' lang='lat' dir='ltr'><strong>hunc</strong></span> 
     </span>
    </p>
   </div>
   <div class='ocr_carea' id='block_1_14' title="bbox 112 1571 1722 1655">
    <p class='ocr_par' dir='ltr' id='par_1_14' title="bbox 112 1571 1722 1655">
     <span class='ocr_line' id='line_1_14' title="bbox 112 1571 1722 1655; baseline 0.018 -33"><span class='ocrx_word' id='word_1_102' title='bbox 112 1571 204 1625; x_wconf 80' lang='lat' dir='ltr'><strong>ita</strong></span> <span class='ocrx_word' id='word_1_103' title='bbox 267 1588 591 1632; x_wconf 74' lang='lat' dir='ltr'><strong>aestuantem</strong></span> <span class='ocrx_word' id='word_1_104' title='bbox 627 1595 680 1636; x_wconf 89' lang='lat' dir='ltr'><strong>et</strong></span> <span class='ocrx_word' id='word_1_105' title='bbox 726 1585 1099 1655; x_wconf 87' lang='lat' dir='ltr'><strong>lacrymantem</strong></span> <span class='ocrx_word' id='word_1_106' title='bbox 1148 1593 1366 1647; x_wconf 79' lang='lat' dir='ltr'><strong>vidisset</strong></span> <span class='ocrx_word' id='word_1_107' title='bbox 1414 1597 1722 1651; x_wconf 89' lang='lat' dir='ltr'><strong>mitissimus</strong></span> 
     </span>
    </p>
   </div>
   <div class='ocr_carea' id='block_1_15' title="bbox 112 1668 3063 1758">
    <p class='ocr_par' dir='ltr' id='par_1_15' title="bbox 112 1668 3063 1758">
     <span class='ocr_line' id='line_1_15' title="bbox 112 1668 3063 1758; baseline 0.014 -43"><span class='ocrx_word' id='word_1_108' title='bbox 112 1668 474 1732; x_wconf 82' lang='lat' dir='ltr'><strong>patriarcha,</strong></span> <span class='ocrx_word' id='word_1_109' title='bbox 506 1672 794 1744; x_wconf 73' lang='lat' dir='ltr'><strong>interrogat</strong></span> <span class='ocrx_word' id='word_1_110' title='bbox 814 1692 1024 1732; x_wconf 84' lang='lat' dir='ltr'><strong>causam</strong></span> <span class='ocrx_word' id='word_1_111' title='bbox 1048 1681 1331 1736; x_wconf 87' lang='lat' dir='ltr'><strong>detinentis</strong></span> <span class='ocrx_word' id='word_1_112' title='bbox 1348 1700 1464 1739; x_wconf 91' lang='lat' dir='ltr'><strong>eum</strong></span> <span class='ocrx_word' id='word_1_113' title='bbox 1489 1691 1724 1741; x_wconf 84' lang='lat' dir='ltr'><strong>anxieta-</strong></span> <span class='ocrx_word' id='word_1_114' title='bbox 1823 1695 2009 1751; x_wconf 74' lang='lat' dir='ltr'><strong>ratque</strong></span> <span class='ocrx_word' id='word_1_115' title='bbox 2038 1694 2478 1756; x_wconf 84' lang='lat' dir='ltr'><strong>quemadmodum</strong></span> <span class='ocrx_word' id='word_1_116' title='bbox 2509 1709 2563 1752; x_wconf 89' lang='lat' dir='ltr'><strong>et</strong></span> <span class='ocrx_word' id='word_1_117' title='bbox 2588 1700 2732 1754; x_wconf 89' lang='lat' dir='ltr'><strong>illum</strong></span> <span class='ocrx_word' id='word_1_118' title='bbox 2762 1703 3063 1758; x_wconf 89' lang='lat' dir='ltr'><strong>diaconum.</strong></span> 
     </span>
    </p>
   </div>
   <div class='ocr_carea' id='block_1_16' title="bbox 112 1755 3384 1854">
    <p class='ocr_par' dir='ltr' id='par_1_16' title="bbox 112 1755 3384 1854">
     <span class='ocr_line' id='line_1_16' title="bbox 112 1755 3384 1854; baseline 0.014 -49"><span class='ocrx_word' id='word_1_119' title='bbox 112 1755 234 1820; x_wconf 80' lang='lat' dir='ltr'><strong>tis,</strong></span> <span class='ocrx_word' id='word_1_120' title='bbox 299 1759 437 1813; x_wconf 90' lang='lat' dir='ltr'><strong>scire</strong></span> <span class='ocrx_word' id='word_1_121' title='bbox 463 1759 598 1816; x_wconf 88' lang='lat' dir='ltr'><strong>hanc</strong></span> <span class='ocrx_word' id='word_1_122' title='bbox 625 1766 829 1820; x_wconf 86' lang='lat' dir='ltr'><strong>voletis.</strong></span> <span class='ocrx_word' id='word_1_123' title='bbox 871 1768 1108 1837; x_wconf 90' lang='lat' dir='ltr'><strong>Cumque</strong></span> <span class='ocrx_word' id='word_1_124' title='bbox 1152 1773 1242 1826; x_wconf 93' lang='lat' dir='ltr'><strong>ille</strong></span> <span class='ocrx_word' id='word_1_125' title='bbox 1270 1790 1374 1827; x_wconf 91' lang='lat' dir='ltr'><strong>non</strong></span> <span class='ocrx_word' id='word_1_126' title='bbox 1408 1787 1583 1843; x_wconf 83' lang='lat' dir='ltr'><strong>posset</strong></span> <span class='ocrx_word' id='word_1_127' title='bbox 1614 1794 1719 1844; x_wconf 67' lang='lat' dir='ltr'><strong>pra:</strong></span> <span class='ocrx_word' id='word_1_128' title='bbox 1891 1773 2017 1830; x_wconf 64' lang='lat' dir='ltr'><strong>Car.</strong></span> <span class='ocrx_word' id='word_1_129' title='bbox 2053 1755 2210 1833; x_wconf 61' lang='lat' dir='ltr'><strong>XVII.</strong></span> <span class='ocrx_word' id='word_1_130' title='bbox 2238 1812 2308 1824; x_wconf 91' lang='lat'><strong><em>—</em></strong></span> <span class='ocrx_word' id='word_1_131' title='bbox 2351 1785 2587 1841; x_wconf 86' lang='lat' dir='ltr'><strong>Habebat</strong></span> <span class='ocrx_word' id='word_1_132' title='bbox 2629 1791 2838 1854; x_wconf 89' lang='lat' dir='ltr'><strong>quidem</strong></span> <span class='ocrx_word' id='word_1_133' title='bbox 2861 1755 3252 1850; x_wconf 64' lang='lat' dir='ltr'><strong>sanctissimus</strong></span> <span class='ocrx_word' id='word_1_134' title='bbox 3295 1796 3384 1850; x_wconf 83' lang='lat' dir='ltr'><strong>hic</strong></span> 
     </span>
    </p>
   </div>
   <div class='ocr_carea' id='block_1_17' title="bbox 107 1850 1699 1947">
    <p class='ocr_par' dir='ltr' id='par_1_17' title="bbox 107 1850 1699 1935">
     <span class='ocr_line' id='line_1_17' title="bbox 107 1850 1699 1935; baseline 0.017 -39"><span class='ocrx_word' id='word_1_135' title='bbox 107 1850 533 1917; x_wconf 82' lang='lat' dir='ltr'><strong>amaritudine,</strong></span> <span class='ocrx_word' id='word_1_136' title='bbox 582 1871 701 1924; x_wconf 65' lang='lat' dir='ltr'><strong>quae</strong></span> <span class='ocrx_word' id='word_1_137' title='bbox 747 1861 1168 1916; x_wconf 89' lang='lat' dir='ltr'><strong>circumdederat</strong></span> <span class='ocrx_word' id='word_1_138' title='bbox 1211 1881 1368 1930; x_wconf 93' lang='lat' dir='ltr'><strong>eum,</strong></span> <span class='ocrx_word' id='word_1_139' title='bbox 1418 1870 1699 1935; x_wconf 66' lang='lat' dir='ltr'><strong>exprimere</strong></span> 
     </span>
    </p>
   </div>
   <div class='ocr_carea' id='block_1_18' title="bbox 1802 1850 3377 1947">
    <p class='ocr_par' dir='ltr' id='par_1_18' title="bbox 1826 1864 3377 1947">
     <span class='ocr_line' id='line_1_18' title="bbox 1826 1864 3377 1947; baseline 0.015 -31"><span class='ocrx_word' id='word_1_140' title='bbox 1826 1864 1909 1918; x_wconf 86' lang='lat' dir='ltr'><strong>vir</strong></span> <span class='ocrx_word' id='word_1_141' title='bbox 1934 1867 2210 1924; x_wconf 88' lang='lat' dir='ltr'><strong>scientiam</strong></span> <span class='ocrx_word' id='word_1_142' title='bbox 2238 1872 2533 1930; x_wconf 84' lang='lat' dir='ltr'><strong>divinarum</strong></span> <span class='ocrx_word' id='word_1_143' title='bbox 2579 1878 3000 1947; x_wconf 89' lang='lat' dir='ltr'><strong>Scripturarum;</strong></span> <span class='ocrx_word' id='word_1_144' title='bbox 3051 1899 3154 1937; x_wconf 91' lang='lat' dir='ltr'><strong>non</strong></span> <span class='ocrx_word' id='word_1_145' title='bbox 3202 1893 3377 1939; x_wconf 88' lang='lat' dir='ltr'><strong>autem</strong></span> 
     </span>
    </p>
   </div>
   <div class='ocr_carea' id='block_1_19' title="bbox 2251 528 3403 605">
    <p class='ocr_par' dir='ltr' id='par_1_19' title="bbox 2251 528 3403 605">
     <span class='ocr_line' id='line_1_19' title="bbox 2251 528 3403 605; baseline 0.017 -30"><span class='ocrx_word' id='word_1_146' title='bbox 2251 528 2560 582; x_wconf 87' lang='lat' dir='ltr'><strong>troversiam</strong></span> <span class='ocrx_word' id='word_1_147' title='bbox 2583 533 2788 587; x_wconf 80' lang='lat' dir='ltr'><strong>astabat</strong></span> <span class='ocrx_word' id='word_1_148' title='bbox 2812 544 2933 591; x_wconf 89' lang='lat' dir='ltr'><strong>tunc</strong></span> <span class='ocrx_word' id='word_1_149' title='bbox 2961 540 3189 605; x_wconf 80' lang='lat' dir='ltr'><strong>pontifex</strong></span> <span class='ocrx_word' id='word_1_150' title='bbox 3219 551 3403 596; x_wconf 83' lang='lat' dir='ltr'><strong>sancte</strong></span> 
     </span>
    </p>
   </div>
   <div class='ocr_carea' id='block_1_20' title="bbox 1841 607 3393 685">
    <p class='ocr_par' dir='ltr' id='par_1_20' title="bbox 1841 607 3393 685">
     <span class='ocr_line' id='line_1_20' title="bbox 1841 607 3393 685; baseline 0.019 -29"><span class='ocrx_word' id='word_1_151' title='bbox 1841 607 2029 672; x_wconf 84' lang='lat' dir='ltr'><strong>altari;</strong></span> <span class='ocrx_word' id='word_1_152' title='bbox 2069 612 2193 678; x_wconf 90' lang='lat' dir='ltr'><strong>quid</strong></span> <span class='ocrx_word' id='word_1_153' title='bbox 2225 630 2350 668; x_wconf 90' lang='lat' dir='ltr'><strong>vero</strong></span> <span class='ocrx_word' id='word_1_154' title='bbox 2385 619 2539 671; x_wconf 80' lang='lat' dir='ltr'><strong>vellet</strong></span> <span class='ocrx_word' id='word_1_155' title='bbox 2571 621 2774 685; x_wconf 89' lang='lat' dir='ltr'><strong>facere,</strong></span> <span class='ocrx_word' id='word_1_156' title='bbox 2829 627 2954 680; x_wconf 91' lang='lat' dir='ltr'><strong>nulli</strong></span> <span class='ocrx_word' id='word_1_157' title='bbox 2984 630 3230 682; x_wconf 87' lang='lat' dir='ltr'><strong>credidit.</strong></span> <span class='ocrx_word' id='word_1_158' title='bbox 3262 632 3393 684; x_wconf 84' lang='lat' dir='ltr'><strong>Cum</strong></span> 
     </span>
    </p>
   </div>
   <div class='ocr_carea' id='block_1_21' title="bbox 1837 704 3398 785">
    <p class='ocr_par' dir='ltr' id='par_1_21' title="bbox 1837 704 3398 785">
     <span class='ocr_line' id='line_1_21' title="bbox 1837 704 3398 785; baseline 0.019 -38"><span class='ocrx_word' id='word_1_159' title='bbox 1837 709 1965 764; x_wconf 91' lang='lat' dir='ltr'><strong>ergo</strong></span> <span class='ocrx_word' id='word_1_160' title='bbox 1992 704 2227 757; x_wconf 87' lang='lat' dir='ltr'><strong>venisset</strong></span> <span class='ocrx_word' id='word_1_161' title='bbox 2268 706 2529 762; x_wconf 82' lang='lat' dir='ltr'><strong>diaconus</strong></span> <span class='ocrx_word' id='word_1_162' title='bbox 2553 711 2852 776; x_wconf 86' lang='lat' dir='ltr'><strong>Damianus,</strong></span> <span class='ocrx_word' id='word_1_163' title='bbox 2905 727 2962 770; x_wconf 89' lang='lat' dir='ltr'><strong>ut</strong></span> <span class='ocrx_word' id='word_1_164' title='bbox 3011 720 3305 785; x_wconf 75' lang='lat' dir='ltr'><strong>susciperet</strong></span> <span class='ocrx_word' id='word_1_165' title='bbox 3332 723 3398 777; x_wconf 84' lang='lat' dir='ltr'><strong>ah</strong></span> 
     </span>
    </p>
   </div>
   <div class='ocr_carea' id='block_1_22' title="bbox 1835 799 3396 875">
    <p class='ocr_par' dir='ltr' id='par_1_22' title="bbox 1835 799 3396 875">
     <span class='ocr_line' id='line_1_22' title="bbox 1835 799 3396 875; baseline 0.016 -35"><span class='ocrx_word' id='word_1_166' title='bbox 1835 803 1900 841; x_wconf 91' lang='lat' dir='ltr'><strong>eo</strong></span> <span class='ocrx_word' id='word_1_167' title='bbox 1929 799 2162 845; x_wconf 89' lang='lat' dir='ltr'><strong>sanctam</strong></span> <span class='ocrx_word' id='word_1_168' title='bbox 2189 800 2613 854; x_wconf 86' lang='lat' dir='ltr'><strong>communionem</strong></span> <span class='ocrx_word' id='word_1_169' title='bbox 2645 807 2932 859; x_wconf 83' lang='lat' dir='ltr'><strong>secundum</strong></span> <span class='ocrx_word' id='word_1_170' title='bbox 2972 811 3240 874; x_wconf 88' lang='lat' dir='ltr'><strong>preprium</strong></span> <span class='ocrx_word' id='word_1_171' title='bbox 3272 827 3396 875; x_wconf 76' lang='lat' dir='ltr'><strong>gra-</strong></span> 
     </span>
    </p>
   </div>
   <div class='ocr_carea' id='block_1_23' title="bbox 1835 876 3394 959">
    <p class='ocr_par' dir='ltr' id='par_1_23' title="bbox 1835 876 3394 959">
     <span class='ocr_line' id='line_1_23' title="bbox 1835 876 3394 959; baseline 0.016 -30"><span class='ocrx_word' id='word_1_172' title='bbox 1835 876 1979 943; x_wconf 90' lang='lat' dir='ltr'><strong>dum,</strong></span> <span class='ocrx_word' id='word_1_173' title='bbox 2007 883 2170 934; x_wconf 88' lang='lat' dir='ltr'><strong>tenuit</strong></span> <span class='ocrx_word' id='word_1_174' title='bbox 2196 899 2405 940; x_wconf 89' lang='lat' dir='ltr'><strong>manum</strong></span> <span class='ocrx_word' id='word_1_175' title='bbox 2429 890 2565 944; x_wconf 89' lang='lat' dir='ltr'><strong>illius</strong></span> <span class='ocrx_word' id='word_1_176' title='bbox 2593 892 2681 945; x_wconf 89' lang='lat' dir='ltr'><strong>ille</strong></span> <span class='ocrx_word' id='word_1_177' title='bbox 2707 909 2935 959; x_wconf 78' lang='lat' dir='ltr'><strong>sanctus,</strong></span> <span class='ocrx_word' id='word_1_178' title='bbox 2965 907 3018 950; x_wconf 91' lang='lat' dir='ltr'><strong>et</strong></span> <span class='ocrx_word' id='word_1_179' title='bbox 3054 899 3186 951; x_wconf 82' lang='lat' dir='ltr'><strong>dixit</strong></span> <span class='ocrx_word' id='word_1_180' title='bbox 3213 918 3224 950; x_wconf 88' lang='lat'><strong>:</strong></span> <span class='ocrx_word' id='word_1_181' title='bbox 3255 901 3394 956; x_wconf 89' lang='lat' dir='ltr'><strong>Vade</strong></span> 
     </span>
    </p>
   </div>
   <div class='ocr_carea' id='block_1_24' title="bbox 1835 968 3397 1059">
    <p class='ocr_par' dir='ltr' id='par_1_24' title="bbox 1835 968 3397 1059">
     <span class='ocr_line' id='line_1_24' title="bbox 1835 968 3397 1059; baseline 0.017 -41"><span class='ocrx_word' id='word_1_182' title='bbox 1835 968 1980 1034; x_wconf 88' lang='lat' dir='ltr'><strong>prius</strong></span> <span class='ocrx_word' id='word_1_183' title='bbox 2011 975 2334 1029; x_wconf 88' lang='lat' dir='ltr'><strong>reconciliari</strong></span> <span class='ocrx_word' id='word_1_184' title='bbox 2383 977 2528 1033; x_wconf 79' lang='lat' dir='ltr'><strong>fratri</strong></span> <span class='ocrx_word' id='word_1_185' title='bbox 2561 990 2685 1048; x_wconf 92' lang='lat' dir='ltr'><strong>tuo;</strong></span> <span class='ocrx_word' id='word_1_186' title='bbox 2715 995 2770 1037; x_wconf 91' lang='lat' dir='ltr'><strong>et</strong></span> <span class='ocrx_word' id='word_1_187' title='bbox 2818 995 2942 1040; x_wconf 92' lang='lat' dir='ltr'><strong>tunc</strong></span> <span class='ocrx_word' id='word_1_188' title='bbox 2970 991 3210 1052; x_wconf 89' lang='lat' dir='ltr'><strong>veniens,</strong></span> <span class='ocrx_word' id='word_1_189' title='bbox 3237 991 3397 1059; x_wconf 88' lang='lat' dir='ltr'><strong>digne</strong></span> 
     </span>
    </p>
   </div>
   <div class='ocr_carea' id='block_1_25' title="bbox 1833 1060 3395 1152">
    <p class='ocr_par' dir='ltr' id='par_1_25' title="bbox 1833 1060 3395 1152">
     <span class='ocr_line' id='line_1_25' title="bbox 1833 1060 3395 1152; baseline 0.016 -42"><span class='ocrx_word' id='word_1_190' title='bbox 1833 1060 2044 1128; x_wconf 80' lang='lat' dir='ltr'><strong>suscipe</strong></span> <span class='ocrx_word' id='word_1_191' title='bbox 2073 1064 2431 1131; x_wconf 87' lang='lat' dir='ltr'><strong>immaculata.</strong></span> <span class='ocrx_word' id='word_1_192' title='bbox 2481 1072 2757 1127; x_wconf 88' lang='lat' dir='ltr'><strong>immemor</strong></span> <span class='ocrx_word' id='word_1_193' title='bbox 2787 1076 3020 1142; x_wconf 67' lang='lat' dir='ltr'><strong>malitiae,</strong></span> <span class='ocrx_word' id='word_1_194' title='bbox 3055 1079 3251 1133; x_wconf 86' lang='lat' dir='ltr'><strong>Christi</strong></span> <span class='ocrx_word' id='word_1_195' title='bbox 3281 1095 3395 1152; x_wconf 84' lang='lat' dir='ltr'><strong>my—</strong></span> 
     </span>
    </p>
   </div>
   <div class='ocr_carea' id='block_1_26' title="bbox 1832 1150 3393 1230">
    <p class='ocr_par' dir='ltr' id='par_1_26' title="bbox 1832 1150 3393 1230">
     <span class='ocr_line' id='line_1_26' title="bbox 1832 1150 3393 1230; baseline 0.016 -29"><span class='ocrx_word' id='word_1_196' title='bbox 1832 1150 2015 1204; x_wconf 89' lang='lat' dir='ltr'><strong>steria.</strong></span> <span class='ocrx_word' id='word_1_197' title='bbox 2048 1153 2326 1211; x_wconf 79' lang='lat' dir='ltr'><strong>Reveritus</strong></span> <span class='ocrx_word' id='word_1_198' title='bbox 2352 1173 2478 1230; x_wconf 90' lang='lat' dir='ltr'><strong>ergo</strong></span> <span class='ocrx_word' id='word_1_199' title='bbox 2517 1177 2695 1217; x_wconf 90' lang='lat' dir='ltr'><strong>coram</strong></span> <span class='ocrx_word' id='word_1_200' title='bbox 2737 1175 2878 1220; x_wconf 88' lang='lat' dir='ltr'><strong>tanta</strong></span> <span class='ocrx_word' id='word_1_201' title='bbox 2910 1171 3242 1225; x_wconf 81' lang='lat' dir='ltr'><strong>multitudine</strong></span> <span class='ocrx_word' id='word_1_202' title='bbox 3281 1150 3393 1227; x_wconf 80' lang='lat' dir='ltr'><strong>cle-</strong></span> 
     </span>
    </p>
   </div>
   <div class='ocr_carea' id='block_1_27' title="bbox 1832 1240 3391 1318">
    <p class='ocr_par' dir='ltr' id='par_1_27' title="bbox 1832 1240 3391 1318">
     <span class='ocr_line' id='line_1_27' title="bbox 1832 1240 3391 1318; baseline 0.017 -28"><span class='ocrx_word' id='word_1_203' title='bbox 1832 1240 2061 1295; x_wconf 88' lang='lat' dir='ltr'><strong>rieorum</strong></span> <span class='ocrx_word' id='word_1_204' title='bbox 2110 1249 2479 1306; x_wconf 86' lang='lat' dir='ltr'><strong>contradicere</strong></span> <span class='ocrx_word' id='word_1_205' title='bbox 2510 1251 2612 1318; x_wconf 89' lang='lat' dir='ltr'><strong>illi,</strong></span> <span class='ocrx_word' id='word_1_206' title='bbox 2643 1259 2871 1311; x_wconf 79' lang='lat' dir='ltr'><strong>maxime</strong></span> <span class='ocrx_word' id='word_1_207' title='bbox 2901 1259 2952 1311; x_wconf 93' lang='lat' dir='ltr'><strong>in</strong></span> <span class='ocrx_word' id='word_1_208' title='bbox 2997 1259 3085 1312; x_wconf 88' lang='lat' dir='ltr'><strong>tali</strong></span> <span class='ocrx_word' id='word_1_209' title='bbox 3116 1261 3232 1314; x_wconf 91' lang='lat' dir='ltr'><strong>loco</strong></span> <span class='ocrx_word' id='word_1_210' title='bbox 3257 1271 3312 1315; x_wconf 90' lang='lat' dir='ltr'><strong>et</strong></span> <span class='ocrx_word' id='word_1_211' title='bbox 3341 1263 3391 1316; x_wconf 88' lang='lat' dir='ltr'><strong>itt</strong></span> 
     </span>
    </p>
   </div>
   <div class='ocr_carea' id='block_1_28' title="bbox 1832 1332 3390 1414">
    <p class='ocr_par' dir='ltr' id='par_1_28' title="bbox 1832 1332 3390 1414">
     <span class='ocr_line' id='line_1_28' title="bbox 1832 1332 3390 1414; baseline 0.018 -35"><span class='ocrx_word' id='word_1_212' title='bbox 1832 1332 1918 1382; x_wconf 93' lang='lat' dir='ltr'><strong>tali</strong></span> <span class='ocrx_word' id='word_1_213' title='bbox 1952 1334 2210 1388; x_wconf 91' lang='lat' dir='ltr'><strong>horrenda</strong></span> <span class='ocrx_word' id='word_1_214' title='bbox 2245 1340 2393 1404; x_wconf 87' lang='lat' dir='ltr'><strong>hora,</strong></span> <span class='ocrx_word' id='word_1_215' title='bbox 2425 1345 2710 1411; x_wconf 89' lang='lat' dir='ltr'><strong>spopondit</strong></span> <span class='ocrx_word' id='word_1_216' title='bbox 2738 1346 2836 1399; x_wconf 93' lang='lat' dir='ltr'><strong>hoc</strong></span> <span class='ocrx_word' id='word_1_217' title='bbox 2863 1349 3053 1414; x_wconf 90' lang='lat' dir='ltr'><strong>facere,</strong></span> <span class='ocrx_word' id='word_1_218' title='bbox 3090 1359 3145 1403; x_wconf 90' lang='lat' dir='ltr'><strong>et</strong></span> <span class='ocrx_word' id='word_1_219' title='bbox 3169 1360 3292 1405; x_wconf 93' lang='lat' dir='ltr'><strong>tunc</strong></span> <span class='ocrx_word' id='word_1_220' title='bbox 3321 1353 3390 1407; x_wconf 89' lang='lat' dir='ltr'><strong>de</strong></span> 
     </span>
    </p>
   </div>
   <div class='ocr_carea' id='block_1_29' title="bbox 1829 1421 3389 1503">
    <p class='ocr_par' dir='ltr' id='par_1_29' title="bbox 1829 1421 3389 1503">
     <span class='ocr_line' id='line_1_29' title="bbox 1829 1421 3389 1503; baseline 0.018 -35"><span class='ocrx_word' id='word_1_221' title='bbox 1829 1421 2024 1472; x_wconf 78' lang='lat' dir='ltr'><strong>sanctis</strong></span> <span class='ocrx_word' id='word_1_222' title='bbox 2053 1428 2316 1492; x_wconf 87' lang='lat' dir='ltr'><strong>mysteriis</strong></span> <span class='ocrx_word' id='word_1_223' title='bbox 2342 1430 2488 1484; x_wconf 89' lang='lat' dir='ltr'><strong>dedit</strong></span> <span class='ocrx_word' id='word_1_224' title='bbox 2522 1433 2592 1486; x_wconf 92' lang='lat' dir='ltr'><strong>ei.</strong></span> <span class='ocrx_word' id='word_1_225' title='bbox 2625 1434 2783 1503; x_wconf 92' lang='lat' dir='ltr'><strong>Igitur</strong></span> <span class='ocrx_word' id='word_1_226' title='bbox 2810 1451 2874 1490; x_wconf 93' lang='lat' dir='ltr'><strong>ex</strong></span> <span class='ocrx_word' id='word_1_227' title='bbox 2904 1447 3028 1491; x_wconf 90' lang='lat' dir='ltr'><strong>tune</strong></span> <span class='ocrx_word' id='word_1_228' title='bbox 3049 1453 3236 1494; x_wconf 88' lang='lat' dir='ltr'><strong>omnes</strong></span> <span class='ocrx_word' id='word_1_229' title='bbox 3277 1442 3389 1496; x_wconf 88' lang='lat' dir='ltr'><strong>cle-</strong></span> 
     </span>
    </p>
   </div>
   <div class='ocr_carea' id='block_1_30' title="bbox 1826 1508 3387 1586">
    <p class='ocr_par' dir='ltr' id='par_1_30' title="bbox 1826 1508 3387 1586">
     <span class='ocr_line' id='line_1_30' title="bbox 1826 1508 3387 1586; baseline 0.015 -27"><span class='ocrx_word' id='word_1_230' title='bbox 1826 1508 1918 1560; x_wconf 92' lang='lat' dir='ltr'><strong>rici</strong></span> <span class='ocrx_word' id='word_1_231' title='bbox 1949 1519 2002 1564; x_wconf 88' lang='lat' dir='ltr'><strong>et</strong></span> <span class='ocrx_word' id='word_1_232' title='bbox 2034 1513 2148 1568; x_wconf 89' lang='lat' dir='ltr'><strong>laici</strong></span> <span class='ocrx_word' id='word_1_233' title='bbox 2180 1518 2546 1575; x_wconf 83' lang='lat' dir='ltr'><strong>custodiebant</strong></span> <span class='ocrx_word' id='word_1_234' title='bbox 2575 1538 2654 1586; x_wconf 88' lang='lat' dir='ltr'><strong>se,</strong></span> <span class='ocrx_word' id='word_1_235' title='bbox 2684 1539 2751 1578; x_wconf 92' lang='lat' dir='ltr'><strong>ne</strong></span> <span class='ocrx_word' id='word_1_236' title='bbox 2775 1526 2911 1579; x_wconf 90' lang='lat' dir='ltr'><strong>inter</strong></span> <span class='ocrx_word' id='word_1_237' title='bbox 2939 1541 2995 1579; x_wconf 89' lang='lat' dir='ltr'><strong>se</strong></span> <span class='ocrx_word' id='word_1_238' title='bbox 3024 1529 3275 1581; x_wconf 89' lang='lat' dir='ltr'><strong>malitiam</strong></span> <span class='ocrx_word' id='word_1_239' title='bbox 3305 1545 3387 1583; x_wconf 87' lang='lat' dir='ltr'><strong>re-</strong></span> 
     </span>
    </p>
   </div>
   <div class='ocr_carea' id='block_1_31' title="bbox 1825 1596 3383 1686">
    <p class='ocr_par' dir='ltr' id='par_1_31' title="bbox 1825 1596 3383 1686">
     <span class='ocr_line' id='line_1_31' title="bbox 1825 1596 3383 1686; baseline 0.017 -39"><span class='ocrx_word' id='word_1_240' title='bbox 1825 1596 2074 1664; x_wconf 88' lang='lat' dir='ltr'><strong>tinerent,</strong></span> <span class='ocrx_word' id='word_1_241' title='bbox 2102 1601 2346 1658; x_wconf 77' lang='lat' dir='ltr'><strong>timentes</strong></span> <span class='ocrx_word' id='word_1_242' title='bbox 2368 1622 2432 1660; x_wconf 92' lang='lat' dir='ltr'><strong>ne</strong></span> <span class='ocrx_word' id='word_1_243' title='bbox 2452 1617 2506 1662; x_wconf 89' lang='lat' dir='ltr'><strong>et</strong></span> <span class='ocrx_word' id='word_1_244' title='bbox 2528 1609 2667 1676; x_wconf 85' lang='lat' dir='ltr'><strong>ipsos</strong></span> <span class='ocrx_word' id='word_1_245' title='bbox 2688 1612 3054 1682; x_wconf 79' lang='lat' dir='ltr'><strong>confunderet,</strong></span> <span class='ocrx_word' id='word_1_246' title='bbox 3095 1618 3383 1686; x_wconf 82' lang='lat' dir='ltr'><strong>triumpha-</strong></span> 
     </span>
    </p>
   </div>
   <div class='ocr_carea' id='block_1_32' title="bbox 105 1945 1715 2025">
    <p class='ocr_par' dir='ltr' id='par_1_32' title="bbox 105 1945 1715 2025">
     <span class='ocr_line' id='line_1_32' title="bbox 105 1945 1715 2025; baseline 0.018 -37"><span class='ocrx_word' id='word_1_247' title='bbox 105 1952 474 2005; x_wconf 86' lang='lat' dir='ltr'><strong>sermonem,</strong></span> <span class='ocrx_word' id='word_1_248' title='bbox 501 1945 551 1998; x_wconf 91' lang='lat' dir='ltr'><strong>hi</strong></span> <span class='ocrx_word' id='word_1_249' title='bbox 585 1950 672 2013; x_wconf 93' lang='lat' dir='ltr'><strong>qui</strong></span> <span class='ocrx_word' id='word_1_250' title='bbox 703 1960 894 2016; x_wconf 68' lang='lat' dir='ltr'><strong>praesto</strong></span> <span class='ocrx_word' id='word_1_251' title='bbox 928 1953 1136 2008; x_wconf 85' lang='lat' dir='ltr'><strong>fuerunt</strong></span> <span class='ocrx_word' id='word_1_252' title='bbox 1165 1959 1374 2025; x_wconf 88' lang='lat' dir='ltr'><strong>quando</strong></span> <span class='ocrx_word' id='word_1_253' title='bbox 1404 1975 1523 2013; x_wconf 90' lang='lat' dir='ltr'><strong>eum</strong></span> <span class='ocrx_word' id='word_1_254' title='bbox 1552 1964 1715 2016; x_wconf 83' lang='lat' dir='ltr'><strong>exho-</strong></span> 
     </span>
    </p>
   </div>
   <div class='ocr_carea' id='block_1_33' title="bbox 106 2030 1713 2115">
    <p class='ocr_par' dir='ltr' id='par_1_33' title="bbox 106 2030 1713 2115">
     <span class='ocr_line' id='line_1_33' title="bbox 106 2030 1713 2115; baseline 0.021 -39"><span class='ocrx_word' id='word_1_255' title='bbox 106 2030 321 2082; x_wconf 84' lang='lat' dir='ltr'><strong>norari</strong></span> <span class='ocrx_word' id='word_1_256' title='bbox 351 2047 379 2083; x_wconf 90' lang='lat' dir='ltr'><strong>a</strong></span> <span class='ocrx_word' id='word_1_257' title='bbox 429 2038 756 2103; x_wconf 89' lang='lat' dir='ltr'><strong>negotiatore</strong></span> <span class='ocrx_word' id='word_1_258' title='bbox 794 2044 1128 2110; x_wconf 75' lang='lat' dir='ltr'><strong>contigerat,</strong></span> <span class='ocrx_word' id='word_1_259' title='bbox 1171 2061 1445 2115; x_wconf 74' lang='lat' dir='ltr'><strong>cmperunt</strong></span> <span class='ocrx_word' id='word_1_260' title='bbox 1488 2054 1713 2110; x_wconf 84' lang='lat' dir='ltr'><strong>recitare</strong></span> 
     </span>
    </p>
   </div>
   <div class='ocr_carea' id='block_1_34' title="bbox 107 2121 1710 2209">
    <p class='ocr_par' dir='ltr' id='par_1_34' title="bbox 107 2121 1710 2209">
     <span class='ocr_line' id='line_1_34' title="bbox 107 2121 1710 2209; baseline 0.018 -40"><span class='ocrx_word' id='word_1_261' title='bbox 107 2121 542 2194; x_wconf 76' lang='lat' dir='ltr'><strong>archiepiscopo</strong></span> <span class='ocrx_word' id='word_1_262' title='bbox 577 2144 789 2184; x_wconf 89' lang='lat' dir='ltr'><strong>causam</strong></span> <span class='ocrx_word' id='word_1_263' title='bbox 825 2150 837 2184; x_wconf 90' lang='lat'><strong>:</strong></span> <span class='ocrx_word' id='word_1_264' title='bbox 880 2135 939 2186; x_wconf 89' lang='lat' dir='ltr'><strong>Et</strong></span> <span class='ocrx_word' id='word_1_265' title='bbox 980 2140 1100 2203; x_wconf 92' lang='lat' dir='ltr'><strong>quia</strong></span> <span class='ocrx_word' id='word_1_266' title='bbox 1148 2153 1250 2191; x_wconf 90' lang='lat' dir='ltr'><strong>non</strong></span> <span class='ocrx_word' id='word_1_267' title='bbox 1295 2141 1576 2209; x_wconf 88' lang='lat' dir='ltr'><strong>debuerat,</strong></span> <span class='ocrx_word' id='word_1_268' title='bbox 1627 2144 1710 2197; x_wconf 86' lang='lat' dir='ltr'><strong>in-</strong></span> 
     </span>
    </p>
   </div>
   <div class='ocr_carea' id='block_1_35' title="bbox 103 2210 1708 2300">
    <p class='ocr_par' dir='ltr' id='par_1_35' title="bbox 103 2210 1708 2300">
     <span class='ocr_line' id='line_1_35' title="bbox 103 2210 1708 2300; baseline 0.018 -43"><span class='ocrx_word' id='word_1_269' title='bbox 103 2210 361 2276; x_wconf 87' lang='lat' dir='ltr'><strong>quiunt,</strong></span> <span class='ocrx_word' id='word_1_270' title='bbox 411 2215 477 2266; x_wconf 91' lang='lat' dir='ltr'><strong>ita</strong></span> <span class='ocrx_word' id='word_1_271' title='bbox 510 2219 763 2273; x_wconf 85' lang='lat' dir='ltr'><strong>sanctitas</strong></span> <span class='ocrx_word' id='word_1_272' title='bbox 805 2233 979 2276; x_wconf 86' lang='lat' dir='ltr'><strong>vestra</strong></span> <span class='ocrx_word' id='word_1_273' title='bbox 1022 2229 1322 2293; x_wconf 90' lang='lat' dir='ltr'><strong>contemni,</strong></span> <span class='ocrx_word' id='word_1_274' title='bbox 1372 2241 1428 2283; x_wconf 92' lang='lat' dir='ltr'><strong>ut</strong></span> <span class='ocrx_word' id='word_1_275' title='bbox 1471 2235 1708 2300; x_wconf 85' lang='lat' dir='ltr'><strong>proprios</strong></span> 
     </span>
    </p>
   </div>
   <div class='ocr_carea' id='block_1_36' title="bbox 107 2308 1709 2388">
    <p class='ocr_par' dir='ltr' id='par_1_36' title="bbox 107 2308 1709 2388">
     <span class='ocr_line' id='line_1_36' title="bbox 107 2308 1709 2388; baseline 0.019 -40"><span class='ocrx_word' id='word_1_276' title='bbox 107 2314 262 2352; x_wconf 87' lang='lat' dir='ltr'><strong>suos</strong></span> <span class='ocrx_word' id='word_1_277' title='bbox 296 2318 357 2354; x_wconf 89' lang='lat' dir='ltr'><strong>ac</strong></span> <span class='ocrx_word' id='word_1_278' title='bbox 388 2308 709 2374; x_wconf 89' lang='lat' dir='ltr'><strong>propinquos</strong></span> <span class='ocrx_word' id='word_1_279' title='bbox 741 2327 770 2364; x_wconf 90' lang='lat' dir='ltr'><strong>a</strong></span> <span class='ocrx_word' id='word_1_280' title='bbox 790 2312 1054 2380; x_wconf 87' lang='lat' dir='ltr'><strong>despectis</strong></span> <span class='ocrx_word' id='word_1_281' title='bbox 1092 2319 1408 2375; x_wconf 89' lang='lat' dir='ltr'><strong>exhonorari</strong></span> <span class='ocrx_word' id='word_1_282' title='bbox 1440 2332 1709 2388; x_wconf 88' lang='lat' dir='ltr'><strong>pateretur</strong></span> 
     </span>
    </p>
   </div>
   <div class='ocr_carea' id='block_1_37' title="bbox 105 2388 1704 2480">
    <p class='ocr_par' dir='ltr' id='par_1_37' title="bbox 105 2388 1704 2480">
     <span class='ocr_line' id='line_1_37' title="bbox 105 2388 1704 2480; baseline 0.018 -40"><span class='ocrx_word' id='word_1_283' title='bbox 105 2388 458 2448; x_wconf 83' lang='lat' dir='ltr'><strong>hominibus.</strong></span> <span class='ocrx_word' id='word_1_284' title='bbox 494 2399 582 2452; x_wconf 90' lang='lat' dir='ltr'><strong>Ille</strong></span> <span class='ocrx_word' id='word_1_285' title='bbox 631 2412 806 2454; x_wconf 90' lang='lat' dir='ltr'><strong>autem</strong></span> <span class='ocrx_word' id='word_1_286' title='bbox 836 2419 993 2459; x_wconf 88' lang='lat' dir='ltr'><strong>verus</strong></span> <span class='ocrx_word' id='word_1_287' title='bbox 1023 2409 1289 2474; x_wconf 91' lang='lat' dir='ltr'><strong>medicus,</strong></span> <span class='ocrx_word' id='word_1_288' title='bbox 1324 2414 1504 2468; x_wconf 88' lang='lat' dir='ltr'><strong>volens</strong></span> <span class='ocrx_word' id='word_1_289' title='bbox 1538 2415 1704 2480; x_wconf 86' lang='lat' dir='ltr'><strong>primo</strong></span> 
     </span>
    </p>
   </div>
   <div class='ocr_carea' id='block_1_38' title="bbox 105 2483 1698 2571">
    <p class='ocr_par' dir='ltr' id='par_1_38' title="bbox 105 2483 1698 2571">
     <span class='ocr_line' id='line_1_38' title="bbox 105 2483 1698 2571; baseline 0.018 -41"><span class='ocrx_word' id='word_1_290' title='bbox 105 2483 295 2535; x_wconf 68' lang='grc' dir='ltr'>νυΙιιιί</span> <span class='ocrx_word' id='word_1_291' title='bbox 327 2489 616 2555; x_wconf 89' lang='lat' dir='ltr'><strong>emplastro</strong></span> <span class='ocrx_word' id='word_1_292' title='bbox 665 2494 888 2558; x_wconf 88' lang='lat' dir='ltr'><strong>quodam</strong></span> <span class='ocrx_word' id='word_1_293' title='bbox 929 2510 1114 2552; x_wconf 88' lang='lat' dir='ltr'><strong>curare</strong></span> <span class='ocrx_word' id='word_1_294' title='bbox 1145 2500 1346 2568; x_wconf 86' lang='lat' dir='ltr'><strong>nepotis</strong></span> <span class='ocrx_word' id='word_1_295' title='bbox 1376 2504 1455 2555; x_wconf 90' lang='lat' dir='ltr'><strong>sui</strong></span> <span class='ocrx_word' id='word_1_296' title='bbox 1487 2503 1698 2571; x_wconf 88' lang='lat' dir='ltr'><strong>furiam,</strong></span> 
     </span>
    </p>
   </div>
   <div class='ocr_carea' id='block_1_39' title="bbox 103 2585 1698 2651">
    <p class='ocr_par' dir='ltr' id='par_1_39' title="bbox 103 2585 1698 2651">
     <span class='ocr_line' id='line_1_39' title="bbox 103 2585 1698 2651; baseline 0.016 -25"><span class='ocrx_word' id='word_1_297' title='bbox 103 2588 164 2626; x_wconf 88' lang='lat' dir='ltr'><strong>et</strong></span> <span class='ocrx_word' id='word_1_298' title='bbox 204 2588 390 2630; x_wconf 90' lang='lat' dir='ltr'><strong>tamen</strong></span> <span class='ocrx_word' id='word_1_299' title='bbox 433 2591 680 2649; x_wconf 87' lang='lat' dir='ltr'><strong>tanquam</strong></span> <span class='ocrx_word' id='word_1_300' title='bbox 713 2585 853 2638; x_wconf 87' lang='lat' dir='ltr'><strong>ferro</strong></span> <span class='ocrx_word' id='word_1_301' title='bbox 899 2587 1207 2644; x_wconf 89' lang='lat' dir='ltr'><strong>incisiouem</strong></span> <span class='ocrx_word' id='word_1_302' title='bbox 1238 2603 1290 2645; x_wconf 90' lang='lat' dir='ltr'><strong>et</strong></span> <span class='ocrx_word' id='word_1_303' title='bbox 1335 2595 1698 2651; x_wconf 88' lang='lat' dir='ltr'><strong>liberationem</strong></span> 
     </span>
    </p>
   </div>
   <div class='ocr_carea' id='block_1_40' title="bbox 107 2670 1696 2753">
    <p class='ocr_par' dir='ltr' id='par_1_40' title="bbox 107 2670 1696 2753">
     <span class='ocr_line' id='line_1_40' title="bbox 107 2670 1696 2753; baseline 0.015 -38"><span class='ocrx_word' id='word_1_304' title='bbox 107 2670 419 2732; x_wconf 52' lang='lat' dir='ltr'><strong>passionis,</strong></span> <span class='ocrx_word' id='word_1_305' title='bbox 453 2686 546 2736; x_wconf 89' lang='lat' dir='ltr'><strong>per</strong></span> <span class='ocrx_word' id='word_1_306' title='bbox 591 2675 1037 2741; x_wconf 84' lang='lat' dir='ltr'><strong>sapientissimum</strong></span> <span class='ocrx_word' id='word_1_307' title='bbox 1069 2695 1129 2734; x_wconf 91' lang='lat' dir='ltr'><strong>os</strong></span> <span class='ocrx_word' id='word_1_308' title='bbox 1156 2697 1308 2736; x_wconf 91' lang='lat' dir='ltr'><strong>suum</strong></span> <span class='ocrx_word' id='word_1_309' title='bbox 1341 2683 1460 2737; x_wconf 88' lang='lat' dir='ltr'><strong>huic</strong></span> <span class='ocrx_word' id='word_1_310' title='bbox 1484 2686 1696 2753; x_wconf 74' lang='lat' dir='ltr'><strong>afferre,</strong></span> 
     </span>
    </p>
   </div>
   <div class='ocr_carea' id='block_1_41' title="bbox 105 2757 1694 2838">
    <p class='ocr_par' dir='ltr' id='par_1_41' title="bbox 105 2757 1694 2838">
     <span class='ocr_line' id='line_1_41' title="bbox 105 2757 1694 2838; baseline 0.017 -33"><span class='ocrx_word' id='word_1_311' title='bbox 105 2757 323 2810; x_wconf 85' lang='lat' dir='ltr'><strong>talibus</strong></span> <span class='ocrx_word' id='word_1_312' title='bbox 363 2761 542 2814; x_wconf 84' lang='lat' dir='ltr'><strong>verbis</strong></span> <span class='ocrx_word' id='word_1_313' title='bbox 571 2767 736 2828; x_wconf 67' lang='lat' dir='ltr'><strong>etrapit</strong></span> <span class='ocrx_word' id='word_1_314' title='bbox 756 2769 1093 2837; x_wconf 76' lang='lat' dir='ltr'><strong>exstinguere</strong></span> <span class='ocrx_word' id='word_1_315' title='bbox 1116 2773 1376 2838; x_wconf 88' lang='lat' dir='ltr'><strong>morbum,</strong></span> <span class='ocrx_word' id='word_1_316' title='bbox 1399 2786 1454 2829; x_wconf 89' lang='lat' dir='ltr'><strong>et</strong></span> <span class='ocrx_word' id='word_1_317' title='bbox 1477 2777 1652 2832; x_wconf 91' lang='lat' dir='ltr'><strong>dicere</strong></span> <span class='ocrx_word' id='word_1_318' title='bbox 1680 2795 1694 2832; x_wconf 89' lang='lat'><strong>:</strong></span> 
     </span>
    </p>
   </div>
   <div class='ocr_carea' id='block_1_42' title="bbox 109 2844 1695 2928">
    <p class='ocr_par' dir='ltr' id='par_1_42' title="bbox 109 2844 1695 2928">
     <span class='ocr_line' id='line_1_42' title="bbox 109 2844 1695 2928; baseline 0.018 -32"><span class='ocrx_word' id='word_1_319' title='bbox 109 2844 425 2901; x_wconf 84' lang='lat' dir='ltr'><strong>Etcmnino</strong></span> <span class='ocrx_word' id='word_1_320' title='bbox 446 2865 607 2905; x_wconf 88' lang='lat' dir='ltr'><strong>ausus</strong></span> <span class='ocrx_word' id='word_1_321' title='bbox 624 2863 708 2907; x_wconf 84' lang='lat' dir='ltr'><strong>est</strong></span> <span class='ocrx_word' id='word_1_322' title='bbox 727 2857 914 2922; x_wconf 89' lang='lat' dir='ltr'><strong>aliquis</strong></span> <span class='ocrx_word' id='word_1_323' title='bbox 932 2873 992 2912; x_wconf 87' lang='lat' dir='ltr'><strong>os</strong></span> <span class='ocrx_word' id='word_1_324' title='bbox 1013 2863 1238 2928; x_wconf 89' lang='lat' dir='ltr'><strong>aperire,</strong></span> <span class='ocrx_word' id='word_1_325' title='bbox 1260 2875 1313 2918; x_wconf 94' lang='lat' dir='ltr'><strong>et</strong></span> <span class='ocrx_word' id='word_1_326' title='bbox 1335 2870 1695 2925; x_wconf 86' lang='lat' dir='ltr'><strong>contradicere</strong></span> 
     </span>
    </p>
   </div>
   <div class='ocr_carea' id='block_1_43' title="bbox 107 2939 1693 3020">
    <p class='ocr_par' dir='ltr' id='par_1_43' title="bbox 107 2939 1693 3020">
     <span class='ocr_line' id='line_1_43' title="bbox 107 2939 1693 3020; baseline 0.016 -31"><span class='ocrx_word' id='word_1_327' title='bbox 107 2939 255 2991; x_wconf 87' lang='lat' dir='ltr'><strong>tibi?</strong></span> <span class='ocrx_word' id='word_1_328' title='bbox 286 2941 480 3005; x_wconf 84' lang='lat' dir='ltr'><strong>Crede,</strong></span> <span class='ocrx_word' id='word_1_329' title='bbox 515 2942 584 2995; x_wconf 89' lang='lat' dir='ltr'><strong>ftli</strong></span> <span class='ocrx_word' id='word_1_330' title='bbox 615 2947 706 3008; x_wconf 89' lang='lat' dir='ltr'><strong>mi,</strong></span> <span class='ocrx_word' id='word_1_331' title='bbox 737 2949 871 3013; x_wconf 90' lang='lat' dir='ltr'><strong>patri</strong></span> <span class='ocrx_word' id='word_1_332' title='bbox 904 2959 1012 3013; x_wconf 91' lang='lat' dir='ltr'><strong>tuo,</strong></span> <span class='ocrx_word' id='word_1_333' title='bbox 1039 2954 1287 3020; x_wconf 89' lang='lat' dir='ltr'><strong>quoniam</strong></span> <span class='ocrx_word' id='word_1_334' title='bbox 1332 2955 1518 3011; x_wconf 85' lang='lat' dir='ltr'><strong>faciam</strong></span> <span class='ocrx_word' id='word_1_335' title='bbox 1547 2960 1598 3011; x_wconf 92' lang='lat' dir='ltr'><strong>in</strong></span> <span class='ocrx_word' id='word_1_336' title='bbox 1628 2976 1693 3014; x_wconf 91' lang='lat' dir='ltr'><strong>eo</strong></span> 
     </span>
    </p>
   </div>
   <div class='ocr_carea' id='block_1_44' title="bbox 109 3029 1688 3116">
    <p class='ocr_par' dir='ltr' id='par_1_44' title="bbox 109 3029 1688 3116">
     <span class='ocr_line' id='line_1_44' title="bbox 109 3029 1688 3116; baseline 0.015 -36"><span class='ocrx_word' id='word_1_337' title='bbox 109 3029 288 3083; x_wconf 88' lang='lat' dir='ltr'><strong>hodie</strong></span> <span class='ocrx_word' id='word_1_338' title='bbox 317 3046 453 3095; x_wconf 89' lang='lat' dir='ltr'><strong>rem,</strong></span> <span class='ocrx_word' id='word_1_339' title='bbox 480 3042 536 3085; x_wconf 91' lang='lat' dir='ltr'><strong>ut</strong></span> <span class='ocrx_word' id='word_1_340' title='bbox 565 3043 672 3087; x_wconf 90' lang='lat' dir='ltr'><strong>tota</strong></span> <span class='ocrx_word' id='word_1_341' title='bbox 716 3039 1033 3095; x_wconf 81' lang='lat' dir='ltr'><strong>Alexandria</strong></span> <span class='ocrx_word' id='word_1_342' title='bbox 1074 3043 1311 3098; x_wconf 88' lang='lat' dir='ltr'><strong>miretur.</strong></span> <span class='ocrx_word' id='word_1_343' title='bbox 1343 3047 1580 3116; x_wconf 86' lang='lat' dir='ltr'><strong>Cumque</strong></span> <span class='ocrx_word' id='word_1_344' title='bbox 1608 3052 1688 3104; x_wconf 86' lang='lat' dir='ltr'><strong>vi-</strong></span> 
     </span>
    </p>
   </div>
   <div class='ocr_carea' id='block_1_45' title="bbox 108 3123 1686 3199">
    <p class='ocr_par' dir='ltr' id='par_1_45' title="bbox 108 3123 1686 3199">
     <span class='ocr_line' id='line_1_45' title="bbox 108 3123 1686 3199; baseline 0.015 -27"><span class='ocrx_word' id='word_1_345' title='bbox 108 3123 424 3176; x_wconf 89' lang='lat' dir='ltr'><strong>disseteum</strong></span> <span class='ocrx_word' id='word_1_346' title='bbox 448 3127 739 3180; x_wconf 88' lang='lat' dir='ltr'><strong>remedium</strong></span> <span class='ocrx_word' id='word_1_347' title='bbox 768 3131 1052 3199; x_wconf 89' lang='lat' dir='ltr'><strong>recepisse,</strong></span> <span class='ocrx_word' id='word_1_348' title='bbox 1077 3143 1132 3187; x_wconf 90' lang='lat' dir='ltr'><strong>et</strong></span> <span class='ocrx_word' id='word_1_349' title='bbox 1153 3136 1416 3190; x_wconf 90' lang='lat' dir='ltr'><strong>tristitiam</strong></span> <span class='ocrx_word' id='word_1_350' title='bbox 1445 3152 1686 3196; x_wconf 87' lang='lat' dir='ltr'><strong>cunctam</strong></span> 
     </span>
    </p>
   </div>
   <div class='ocr_carea' id='block_1_46' title="bbox 1817 1953 3376 2039">
    <p class='ocr_par' dir='ltr' id='par_1_46' title="bbox 1817 1953 3376 2039">
     <span class='ocr_line' id='line_1_46' title="bbox 1817 1953 3376 2039; baseline 0.016 -34"><span class='ocrx_word' id='word_1_351' title='bbox 1817 1953 1873 2007; x_wconf 91' lang='lat' dir='ltr'><strong>in</strong></span> <span class='ocrx_word' id='word_1_352' title='bbox 1970 1959 2234 2029; x_wconf 80' lang='lat' dir='ltr'><strong>sapientia</strong></span> <span class='ocrx_word' id='word_1_353' title='bbox 2331 1968 2601 2023; x_wconf 88' lang='lat' dir='ltr'><strong>sermonis</strong></span> <span class='ocrx_word' id='word_1_354' title='bbox 2628 2008 2643 2032; x_wconf 88' lang='lat'><strong>,</strong></span> <span class='ocrx_word' id='word_1_355' title='bbox 2724 1969 2819 2024; x_wconf 89' lang='lat' dir='ltr'><strong>has</strong></span> <span class='ocrx_word' id='word_1_356' title='bbox 2863 1980 3108 2039; x_wconf 87' lang='lat' dir='ltr'><strong>tanquam</strong></span> <span class='ocrx_word' id='word_1_357' title='bbox 3139 1989 3203 2027; x_wconf 92' lang='lat' dir='ltr'><strong>ex</strong></span> <span class='ocrx_word' id='word_1_358' title='bbox 3235 1975 3376 2030; x_wconf 88' lang='lat' dir='ltr'><strong>inani</strong></span> 
     </span>
    </p>
   </div>
   <div class='ocr_carea' id='block_1_47' title="bbox 1814 2043 3376 2134">
    <p class='ocr_par' dir='ltr' id='par_1_47' title="bbox 1814 2043 3376 2134">
     <span class='ocr_line' id='line_1_47' title="bbox 1814 2043 3376 2134; baseline 0.017 -39"><span class='ocrx_word' id='word_1_359' title='bbox 1814 2043 1980 2112; x_wconf 87' lang='lat' dir='ltr'><strong>gloria</strong></span> <span class='ocrx_word' id='word_1_360' title='bbox 2012 2052 2316 2105; x_wconf 81' lang='lat' dir='ltr'><strong>memoriter</strong></span> <span class='ocrx_word' id='word_1_361' title='bbox 2335 2055 2537 2122; x_wconf 87' lang='lat' dir='ltr'><strong>dicens,</strong></span> <span class='ocrx_word' id='word_1_362' title='bbox 2565 2059 2656 2114; x_wconf 74' lang='lat' dir='ltr'><strong>sed</strong></span> <span class='ocrx_word' id='word_1_363' title='bbox 2683 2075 2774 2124; x_wconf 88' lang='lat' dir='ltr'><strong>per</strong></span> <span class='ocrx_word' id='word_1_364' title='bbox 2798 2063 3038 2117; x_wconf 82' lang='lat' dir='ltr'><strong>eamdem</strong></span> <span class='ocrx_word' id='word_1_365' title='bbox 3062 2065 3226 2131; x_wconf 85' lang='lat' dir='ltr'><strong>ipsam</strong></span> <span class='ocrx_word' id='word_1_366' title='bbox 3249 2081 3376 2134; x_wconf 84' lang='lat' dir='ltr'><strong>ope-</strong></span> 
     </span>
    </p>
   </div>
   <div class='ocr_carea' id='block_1_48' title="bbox 1811 2141 3371 2221">
    <p class='ocr_par' dir='ltr' id='par_1_48' title="bbox 1811 2141 3371 2221">
     <span class='ocr_line' id='line_1_48' title="bbox 1811 2141 3371 2221; baseline 0.015 -33"><span class='ocrx_word' id='word_1_367' title='bbox 1811 2151 1928 2190; x_wconf 89' lang='lat' dir='ltr'><strong>rum</strong></span> <span class='ocrx_word' id='word_1_368' title='bbox 1957 2141 2239 2211; x_wconf 88' lang='lat' dir='ltr'><strong>actionem,</strong></span> <span class='ocrx_word' id='word_1_369' title='bbox 2271 2154 2324 2197; x_wconf 90' lang='lat' dir='ltr'><strong>et</strong></span> <span class='ocrx_word' id='word_1_370' title='bbox 2353 2147 2720 2203; x_wconf 81' lang='lat' dir='ltr'><strong>mandatorum</strong></span> <span class='ocrx_word' id='word_1_371' title='bbox 2749 2153 3207 2221; x_wconf 87' lang='lat' dir='ltr'><strong>observationem;</strong></span> <span class='ocrx_word' id='word_1_372' title='bbox 3238 2167 3292 2210; x_wconf 90' lang='lat' dir='ltr'><strong>et</strong></span> <span class='ocrx_word' id='word_1_373' title='bbox 3319 2159 3371 2212; x_wconf 94' lang='lat' dir='ltr'><strong>in</strong></span> 
     </span>
    </p>
   </div>
   <div class='ocr_carea' id='block_1_49' title="bbox 1809 2235 3368 2303">
    <p class='ocr_par' dir='ltr' id='par_1_49' title="bbox 1809 2235 3368 2303">
     <span class='ocr_line' id='line_1_49' title="bbox 1809 2235 3368 2303; baseline 0.017 -26"><span class='ocrx_word' id='word_1_374' title='bbox 1809 2239 2018 2281; x_wconf 84' lang='lat' dir='ltr'><strong>secreto</strong></span> <span class='ocrx_word' id='word_1_375' title='bbox 2063 2235 2353 2299; x_wconf 87' lang='lat' dir='ltr'><strong>quotidiani</strong></span> <span class='ocrx_word' id='word_1_376' title='bbox 2383 2240 2589 2294; x_wconf 89' lang='lat' dir='ltr'><strong>consilii</strong></span> <span class='ocrx_word' id='word_1_377' title='bbox 2638 2242 2720 2294; x_wconf 86' lang='lat' dir='ltr'><strong>sui</strong></span> <span class='ocrx_word' id='word_1_378' title='bbox 2751 2243 2925 2297; x_wconf 82' lang='lat' dir='ltr'><strong>nullus</strong></span> <span class='ocrx_word' id='word_1_379' title='bbox 2962 2259 3139 2299; x_wconf 85' lang='lat' dir='ltr'><strong>sermo</strong></span> <span class='ocrx_word' id='word_1_380' title='bbox 3168 2248 3368 2303; x_wconf 81' lang='lat' dir='ltr'><strong>otiosus</strong></span> 
     </span>
    </p>
   </div>
   <div class='ocr_carea' id='block_1_50' title="bbox 1811 2319 3367 2404">
    <p class='ocr_par' dir='ltr' id='par_1_50' title="bbox 1811 2319 3367 2404">
     <span class='ocr_line' id='line_1_50' title="bbox 1811 2319 3367 2404; baseline 0.014 -37"><span class='ocrx_word' id='word_1_381' title='bbox 1811 2319 2156 2385; x_wconf 86' lang='lat' dir='ltr'><strong>audiebatur,</strong></span> <span class='ocrx_word' id='word_1_382' title='bbox 2188 2325 2291 2378; x_wconf 90' lang='lat' dir='ltr'><strong>nisi</strong></span> <span class='ocrx_word' id='word_1_383' title='bbox 2322 2327 2456 2380; x_wconf 91' lang='lat' dir='ltr'><strong>forte</strong></span> <span class='ocrx_word' id='word_1_384' title='bbox 2498 2329 2760 2383; x_wconf 89' lang='lat' dir='ltr'><strong>ordinatio</strong></span> <span class='ocrx_word' id='word_1_385' title='bbox 2809 2334 2883 2386; x_wconf 91' lang='lat' dir='ltr'><strong>rei</strong></span> <span class='ocrx_word' id='word_1_386' title='bbox 2915 2333 3084 2387; x_wconf 89' lang='lat' dir='ltr'><strong>civilis</strong></span> <span class='ocrx_word' id='word_1_387' title='bbox 3110 2337 3367 2404; x_wconf 73' lang='lat' dir='ltr'><strong>exigeret,</strong></span> 
     </span>
    </p>
   </div>
   <div class='ocr_carea' id='block_1_51' title="bbox 1805 2406 3368 2492">
    <p class='ocr_par' dir='ltr' id='par_1_51' title="bbox 1805 2406 3368 2492">
     <span class='ocr_line' id='line_1_51' title="bbox 1805 2406 3368 2492; baseline 0.014 -33"><span class='ocrx_word' id='word_1_388' title='bbox 1805 2406 1898 2459; x_wconf 89' lang='lat' dir='ltr'><strong>sed</strong></span> <span class='ocrx_word' id='word_1_389' title='bbox 1922 2420 2011 2462; x_wconf 92' lang='lat' dir='ltr'><strong>aut</strong></span> <span class='ocrx_word' id='word_1_390' title='bbox 2033 2412 2314 2468; x_wconf 87' lang='lat' dir='ltr'><strong>relationes</strong></span> <span class='ocrx_word' id='word_1_391' title='bbox 2337 2427 2636 2472; x_wconf 86' lang='lat' dir='ltr'><strong>sanctorum</strong></span> <span class='ocrx_word' id='word_1_392' title='bbox 2660 2420 2895 2488; x_wconf 85' lang='lat' dir='ltr'><strong>Patrum,</strong></span> <span class='ocrx_word' id='word_1_393' title='bbox 2920 2432 3010 2477; x_wconf 91' lang='lat' dir='ltr'><strong>aut</strong></span> <span class='ocrx_word' id='word_1_394' title='bbox 3030 2425 3368 2492; x_wconf 76' lang='lat' dir='ltr'><strong>scripturam</strong></span> 
     </span>
    </p>
   </div>
   <div class='ocr_carea' id='block_1_52' title="bbox 1803 2502 3360 2585">
    <p class='ocr_par' dir='ltr' id='par_1_52' title="bbox 1803 2502 3360 2585">
     <span class='ocr_line' id='line_1_52' title="bbox 1803 2502 3360 2585; baseline 0.015 -35"><span class='ocrx_word' id='word_1_395' title='bbox 1803 2502 2140 2569; x_wconf 79' lang='lat' dir='ltr'><strong>qutestiones,</strong></span> <span class='ocrx_word' id='word_1_396' title='bbox 2172 2514 2263 2558; x_wconf 91' lang='lat' dir='ltr'><strong>aut</strong></span> <span class='ocrx_word' id='word_1_397' title='bbox 2287 2508 2581 2575; x_wconf 87' lang='lat' dir='ltr'><strong>dogmatica</strong></span> <span class='ocrx_word' id='word_1_398' title='bbox 2613 2513 2958 2582; x_wconf 87' lang='lat' dir='ltr'><strong>problemata,</strong></span> <span class='ocrx_word' id='word_1_399' title='bbox 2987 2526 3205 2585; x_wconf 86' lang='lat' dir='ltr'><strong>propter</strong></span> <span class='ocrx_word' id='word_1_400' title='bbox 3231 2520 3360 2572; x_wconf 81' lang='lat' dir='ltr'><strong>mul-</strong></span> 
     </span>
    </p>
   </div>
   <div class='ocr_carea' id='block_1_53' title="bbox 1803 2592 3364 2676">
    <p class='ocr_par' dir='ltr' id='par_1_53' title="bbox 1803 2592 3364 2676">
     <span class='ocr_line' id='line_1_53' title="bbox 1803 2592 3364 2676; baseline 0.013 -33"><span class='ocrx_word' id='word_1_401' title='bbox 1803 2592 2080 2648; x_wconf 89' lang='lat' dir='ltr'><strong>litudinem</strong></span> <span class='ocrx_word' id='word_1_402' title='bbox 2129 2611 2226 2651; x_wconf 91' lang='lat' dir='ltr'><strong>nec</strong></span> <span class='ocrx_word' id='word_1_403' title='bbox 2255 2602 2698 2656; x_wconf 89' lang='lat' dir='ltr'><strong>nominandorum</strong></span> <span class='ocrx_word' id='word_1_404' title='bbox 2745 2605 3113 2660; x_wconf 63' lang='lat' dir='ltr'><strong>haereticorum</strong></span> <span class='ocrx_word' id='word_1_405' title='bbox 3160 2610 3249 2676; x_wconf 93' lang='lat' dir='ltr'><strong>qui</strong></span> <span class='ocrx_word' id='word_1_406' title='bbox 3279 2625 3364 2663; x_wconf 85' lang='lat' dir='ltr'><strong>re-</strong></span> 
     </span>
    </p>
   </div>
   <div class='ocr_carea' id='block_1_54' title="bbox 1797 2685 3352 2766">
    <p class='ocr_par' dir='ltr' id='par_1_54' title="bbox 1797 2685 3352 2766">
     <span class='ocr_line' id='line_1_54' title="bbox 1797 2685 3352 2766; baseline 0.013 -33"><span class='ocrx_word' id='word_1_407' title='bbox 1797 2685 2006 2750; x_wconf 92' lang='lat' dir='ltr'><strong>gionem</strong></span> <span class='ocrx_word' id='word_1_408' title='bbox 2056 2685 2530 2745; x_wconf 87' lang='lat' dir='ltr'><strong>circumdederant.</strong></span> <span class='ocrx_word' id='word_1_409' title='bbox 2580 2693 2635 2747; x_wconf 91' lang='lat' dir='ltr'><strong>Si</strong></span> <span class='ocrx_word' id='word_1_410' title='bbox 2681 2708 2808 2747; x_wconf 89' lang='lat' dir='ltr'><strong>vero</strong></span> <span class='ocrx_word' id='word_1_411' title='bbox 2833 2696 2992 2750; x_wconf 90' lang='lat' dir='ltr'><strong>alicui</strong></span> <span class='ocrx_word' id='word_1_412' title='bbox 3037 2699 3228 2766; x_wconf 86' lang='lat' dir='ltr'><strong>aliquis</strong></span> <span class='ocrx_word' id='word_1_413' title='bbox 3265 2700 3352 2752; x_wconf 85' lang='lat' dir='ltr'><strong>de-</strong></span> 
     </span>
    </p>
   </div>
   <div class='ocr_carea' id='block_1_55' title="bbox 1799 2773 3365 2851">
    <p class='ocr_par' dir='ltr' id='par_1_55' title="bbox 1799 2773 3365 2851">
     <span class='ocr_line' id='line_1_55' title="bbox 1799 2773 3365 2851; baseline 0.011 -26"><span class='ocrx_word' id='word_1_414' title='bbox 1799 2773 2008 2828; x_wconf 88' lang='lat' dir='ltr'><strong>trahere</strong></span> <span class='ocrx_word' id='word_1_415' title='bbox 2037 2775 2321 2843; x_wconf 88' lang='lat' dir='ltr'><strong>inciperet,</strong></span> <span class='ocrx_word' id='word_1_416' title='bbox 2371 2779 2510 2834; x_wconf 87' lang='lat' dir='ltr'><strong>hunc</strong></span> <span class='ocrx_word' id='word_1_417' title='bbox 2542 2784 2833 2849; x_wconf 87' lang='lat' dir='ltr'><strong>patriarcha</strong></span> <span class='ocrx_word' id='word_1_418' title='bbox 2873 2800 2966 2851; x_wconf 77' lang='lat' dir='ltr'><strong>per</strong></span> <span class='ocrx_word' id='word_1_419' title='bbox 2994 2786 3214 2839; x_wconf 87' lang='lat' dir='ltr'><strong>alteram</strong></span> <span class='ocrx_word' id='word_1_420' title='bbox 3245 2803 3365 2841; x_wconf 90' lang='lat' dir='ltr'><strong>ser-</strong></span> 
     </span>
    </p>
   </div>
   <div class='ocr_carea' id='block_1_56' title="bbox 1795 2867 3356 2943">
    <p class='ocr_par' dir='ltr' id='par_1_56' title="bbox 1795 2867 3356 2943">
     <span class='ocr_line' id='line_1_56' title="bbox 1795 2867 3356 2943; baseline 0.01 -26"><span class='ocrx_word' id='word_1_421' title='bbox 1795 2867 2236 2934; x_wconf 83' lang='lat' dir='ltr'><strong>mocinationem,</strong></span> <span class='ocrx_word' id='word_1_422' title='bbox 2271 2883 2327 2925; x_wconf 90' lang='lat' dir='ltr'><strong>ut</strong></span> <span class='ocrx_word' id='word_1_423' title='bbox 2353 2873 2584 2940; x_wconf 84' lang='lat' dir='ltr'><strong>sapiens,</strong></span> <span class='ocrx_word' id='word_1_424' title='bbox 2618 2873 2888 2943; x_wconf 87' lang='lat' dir='ltr'><strong>ingeniose</strong></span> <span class='ocrx_word' id='word_1_425' title='bbox 2919 2879 3260 2932; x_wconf 86' lang='lat' dir='ltr'><strong>removebat:</strong></span> <span class='ocrx_word' id='word_1_426' title='bbox 3302 2891 3356 2934; x_wconf 85' lang='lat' dir='ltr'><strong>et</strong></span> 
     </span>
    </p>
   </div>
   <div class='ocr_carea' id='block_1_57' title="bbox 1790 2957 3355 3032">
    <p class='ocr_par' dir='ltr' id='par_1_57' title="bbox 1790 2957 3355 3032">
     <span class='ocr_line' id='line_1_57' title="bbox 1790 2957 3355 3032; baseline 0.009 -23"><span class='ocrx_word' id='word_1_427' title='bbox 1790 2957 1837 3009; x_wconf 89' lang='lat' dir='ltr'><strong>si</strong></span> <span class='ocrx_word' id='word_1_428' title='bbox 1869 2957 2056 3012; x_wconf 90' lang='lat' dir='ltr'><strong>iterum</strong></span> <span class='ocrx_word' id='word_1_429' title='bbox 2087 2973 2448 3029; x_wconf 89' lang='lat' dir='ltr'><strong>permaneret,</strong></span> <span class='ocrx_word' id='word_1_430' title='bbox 2495 2963 2626 3017; x_wconf 92' lang='lat' dir='ltr'><strong>nihil</strong></span> <span class='ocrx_word' id='word_1_431' title='bbox 2656 2966 2867 3032; x_wconf 88' lang='lat' dir='ltr'><strong>quidem</strong></span> <span class='ocrx_word' id='word_1_432' title='bbox 2898 2967 2946 3018; x_wconf 90' lang='lat' dir='ltr'><strong>ei</strong></span> <span class='ocrx_word' id='word_1_433' title='bbox 2975 2967 3212 3029; x_wconf 90' lang='lat' dir='ltr'><strong>dicebat;</strong></span> <span class='ocrx_word' id='word_1_434' title='bbox 3263 2970 3355 3024; x_wconf 88' lang='lat' dir='ltr'><strong>sed</strong></span> 
     </span>
    </p>
   </div>
   <div class='ocr_carea' id='block_1_58' title="bbox 1793 3045 3350 3120">
    <p class='ocr_par' dir='ltr' id='par_1_58' title="bbox 1793 3045 3350 3120">
     <span class='ocr_line' id='line_1_58' title="bbox 1793 3045 3350 3120; baseline 0.01 -21"><span class='ocrx_word' id='word_1_435' title='bbox 1793 3045 1932 3100; x_wconf 90' lang='lat' dir='ltr'><strong>hunc</strong></span> <span class='ocrx_word' id='word_1_436' title='bbox 1952 3058 2231 3116; x_wconf 81' lang='lat' dir='ltr'><strong>annotans,</strong></span> <span class='ocrx_word' id='word_1_437' title='bbox 2265 3054 2600 3120; x_wconf 66' lang='lat' dir='ltr'><strong>praecipiebat</strong></span> <span class='ocrx_word' id='word_1_438' title='bbox 2626 3054 3036 3109; x_wconf 90' lang='lat' dir='ltr'><strong>hebdomadario</strong></span> <span class='ocrx_word' id='word_1_439' title='bbox 3061 3073 3126 3111; x_wconf 90' lang='lat' dir='ltr'><strong>ne</strong></span> <span class='ocrx_word' id='word_1_440' title='bbox 3154 3059 3350 3113; x_wconf 90' lang='lat' dir='ltr'><strong>sineret</strong></span> 
     </span>
    </p>
   </div>
   <div class='ocr_carea' id='block_1_59' title="bbox 1794 3137 3356 3214">
    <p class='ocr_par' dir='ltr' id='par_1_59' title="bbox 1794 3137 3356 3214">
     <span class='ocr_line' id='line_1_59' title="bbox 1794 3137 3356 3214; baseline 0.006 -28"><span class='ocrx_word' id='word_1_441' title='bbox 1794 3137 2014 3190; x_wconf 82' lang='lat' dir='ltr'><strong>ulterius</strong></span> <span class='ocrx_word' id='word_1_442' title='bbox 2037 3152 2156 3192; x_wconf 88' lang='lat' dir='ltr'><strong>eum</strong></span> <span class='ocrx_word' id='word_1_443' title='bbox 2200 3140 2396 3194; x_wconf 90' lang='lat' dir='ltr'><strong>intrare</strong></span> <span class='ocrx_word' id='word_1_444' title='bbox 2425 3156 2543 3195; x_wconf 89' lang='lat' dir='ltr'><strong>cum</strong></span> <span class='ocrx_word' id='word_1_445' title='bbox 2575 3143 2655 3195; x_wconf 91' lang='lat' dir='ltr'><strong>his</strong></span> <span class='ocrx_word' id='word_1_446' title='bbox 2684 3145 2771 3210; x_wconf 87' lang='lat' dir='ltr'><strong>qui</strong></span> <span class='ocrx_word' id='word_1_447' title='bbox 2801 3146 3194 3212; x_wconf 89' lang='lat' dir='ltr'><strong>nuntiabantur,</strong></span> <span class='ocrx_word' id='word_1_448' title='bbox 3224 3163 3356 3214; x_wconf 88' lang='lat' dir='ltr'><strong>qua.</strong></span> 
     </span>
    </p>
   </div>
   <div class='ocr_carea' id='block_1_60' title="bbox 110 3213 1699 3301">
    <p class='ocr_par' dir='ltr' id='par_1_60' title="bbox 110 3213 1685 3295">
     <span class='ocr_line' id='line_1_60' title="bbox 110 3213 1685 3295; baseline 0.015 -32"><span class='ocrx_word' id='word_1_449' title='bbox 110 3213 442 3281; x_wconf 83' lang='lat' dir='ltr'><strong>projecisse,</strong></span> <span class='ocrx_word' id='word_1_450' title='bbox 488 3225 756 3283; x_wconf 89' lang='lat' dir='ltr'><strong>putantem</strong></span> <span class='ocrx_word' id='word_1_451' title='bbox 799 3221 1042 3278; x_wconf 85' lang='lat' dir='ltr'><strong>videlicet</strong></span> <span class='ocrx_word' id='word_1_452' title='bbox 1085 3226 1226 3293; x_wconf 90' lang='lat' dir='ltr'><strong>quod</strong></span> <span class='ocrx_word' id='word_1_453' title='bbox 1281 3240 1460 3295; x_wconf 87' lang='lat' dir='ltr'><strong>ageret</strong></span> <span class='ocrx_word' id='word_1_454' title='bbox 1504 3242 1685 3287; x_wconf 90' lang='lat' dir='ltr'><strong>contra</strong></span> 
     </span>
    </p>
   </div>
   <div class='ocr_carea' id='block_1_61' title="bbox 1802 3213 3261 3301">
    <p class='ocr_par' dir='ltr' id='par_1_61' title="bbox 1802 3213 3261 3301">
     <span class='ocr_line' id='line_1_61' title="bbox 1802 3213 3261 3301; baseline 0.009 -26"><span class='ocrx_word' id='word_1_455' title='bbox 1802 3232 1943 3276; x_wconf 79' lang='lat' dir='ltr'><strong>tenus</strong></span> <span class='ocrx_word' id='word_1_456' title='bbox 1968 3241 2060 3290; x_wconf 88' lang='lat' dir='ltr'><strong>per</strong></span> <span class='ocrx_word' id='word_1_457' title='bbox 2087 3240 2208 3279; x_wconf 88' lang='lat' dir='ltr'><strong>eum</strong></span> <span class='ocrx_word' id='word_1_458' title='bbox 2237 3237 2459 3283; x_wconf 53' lang='lat' dir='ltr'><strong>caeteros</strong></span> <span class='ocrx_word' id='word_1_459' title='bbox 2494 3241 2811 3295; x_wconf 91' lang='lat' dir='ltr'><strong>temperaret</strong></span> <span class='ocrx_word' id='word_1_460' title='bbox 2839 3243 2995 3301; x_wconf 90' lang='lat' dir='ltr'><strong>atque</strong></span> <span class='ocrx_word' id='word_1_461' title='bbox 3023 3213 3261 3288; x_wconf 86' lang='lat' dir='ltr'><strong>erudiret</strong></span> 
     </span>
    </p>
   </div>
   <div class='ocr_carea' id='block_1_62' title="bbox 109 3305 1690 3379">
    <p class='ocr_par' dir='ltr' id='par_1_62' title="bbox 109 3305 1690 3379">
     <span class='ocr_line' id='line_1_62' title="bbox 109 3305 1690 3379; baseline 0.015 -26"><span class='ocrx_word' id='word_1_462' title='bbox 109 3317 239 3354; x_wconf 88' lang='lat' dir='ltr'><strong>eum</strong></span> <span class='ocrx_word' id='word_1_463' title='bbox 271 3305 359 3372; x_wconf 90' lang='lat' dir='ltr'><strong>qui</strong></span> <span class='ocrx_word' id='word_1_464' title='bbox 386 3320 444 3358; x_wconf 89' lang='lat' dir='ltr'><strong>se</strong></span> <span class='ocrx_word' id='word_1_465' title='bbox 472 3309 810 3364; x_wconf 86' lang='lat' dir='ltr'><strong>contumeliis</strong></span> <span class='ocrx_word' id='word_1_466' title='bbox 834 3311 1105 3379; x_wconf 85' lang='lat' dir='ltr'><strong>atl‘ecerat,</strong></span> <span class='ocrx_word' id='word_1_467' title='bbox 1139 3324 1193 3370; x_wconf 92' lang='lat' dir='ltr'><strong>et</strong></span> <span class='ocrx_word' id='word_1_468' title='bbox 1223 3316 1416 3372; x_wconf 87' lang='lat' dir='ltr'><strong>faceret</strong></span> <span class='ocrx_word' id='word_1_469' title='bbox 1446 3335 1564 3374; x_wconf 90' lang='lat' dir='ltr'><strong>eum</strong></span> <span class='ocrx_word' id='word_1_470' title='bbox 1596 3324 1690 3376; x_wconf 87' lang='lat' dir='ltr'><strong>Ila-</strong></span> 
     </span>
    </p>
   </div>
   <div class='ocr_carea' id='block_1_63' title="bbox 106 3392 1690 3476">
    <p class='ocr_par' dir='ltr' id='par_1_63' title="bbox 106 3392 1690 3476">
     <span class='ocr_line' id='line_1_63' title="bbox 106 3392 1690 3476; baseline 0.014 -33"><span class='ocrx_word' id='word_1_471' title='bbox 106 3392 303 3458; x_wconf 88' lang='lat' dir='ltr'><strong>gellari</strong></span> <span class='ocrx_word' id='word_1_472' title='bbox 333 3408 427 3460; x_wconf 91' lang='lat' dir='ltr'><strong>per</strong></span> <span class='ocrx_word' id='word_1_473' title='bbox 454 3410 574 3448; x_wconf 87' lang='lat' dir='ltr'><strong>eum</strong></span> <span class='ocrx_word' id='word_1_474' title='bbox 605 3397 697 3463; x_wconf 89' lang='lat' dir='ltr'><strong>qui</strong></span> <span class='ocrx_word' id='word_1_475' title='bbox 733 3413 892 3466; x_wconf 87' lang='lat' dir='ltr'><strong>super</strong></span> <span class='ocrx_word' id='word_1_476' title='bbox 932 3402 1101 3455; x_wconf 90' lang='lat' dir='ltr'><strong>forum</strong></span> <span class='ocrx_word' id='word_1_477' title='bbox 1130 3415 1244 3458; x_wconf 87' lang='lat' dir='ltr'><strong>erat</strong></span> <span class='ocrx_word' id='word_1_478' title='bbox 1267 3408 1605 3476; x_wconf 87' lang='lat' dir='ltr'><strong>constitutus,</strong></span> <span class='ocrx_word' id='word_1_479' title='bbox 1636 3421 1690 3466; x_wconf 88' lang='lat' dir='ltr'><strong>et</strong></span> 
     </span>
    </p>
   </div>
   <div class='ocr_carea' id='block_1_64' title="bbox 106 3484 1688 3564">
    <p class='ocr_par' dir='ltr' id='par_1_64' title="bbox 106 3484 1688 3564">
     <span class='ocr_line' id='line_1_64' title="bbox 106 3484 1688 3564; baseline 0.013 -31"><span class='ocrx_word' id='word_1_480' title='bbox 106 3484 284 3535; x_wconf 86' lang='lat' dir='ltr'><strong>variis</strong></span> <span class='ocrx_word' id='word_1_481' title='bbox 305 3485 511 3551; x_wconf 88' lang='lat' dir='ltr'><strong>pompis</strong></span> <span class='ocrx_word' id='word_1_482' title='bbox 537 3486 894 3556; x_wconf 90' lang='lat' dir='ltr'><strong>dehonestari,</strong></span> <span class='ocrx_word' id='word_1_483' title='bbox 923 3492 1051 3546; x_wconf 92' lang='lat' dir='ltr'><strong>dicit</strong></span> <span class='ocrx_word' id='word_1_484' title='bbox 1078 3494 1147 3556; x_wconf 89' lang='lat' dir='ltr'><strong>ei,</strong></span> <span class='ocrx_word' id='word_1_485' title='bbox 1166 3494 1483 3550; x_wconf 85' lang='lat' dir='ltr'><strong>deosculans</strong></span> <span class='ocrx_word' id='word_1_486' title='bbox 1506 3513 1688 3564; x_wconf 90' lang='lat' dir='ltr'><strong>pectus</strong></span> 
     </span>
    </p>
   </div>
   <div class='ocr_carea' id='block_1_65' title="bbox 108 3575 1689 3675">
    <p class='ocr_par' dir='ltr' id='par_1_65' title="bbox 108 3575 1689 3675">
     <span class='ocr_line' id='line_1_65' title="bbox 108 3575 1689 3675; baseline 0.011 -47"><span class='ocrx_word' id='word_1_487' title='bbox 108 3577 286 3641; x_wconf 82' lang='lat' dir='ltr'><strong>ipsius</strong></span> <span class='ocrx_word' id='word_1_488' title='bbox 317 3593 332 3628; x_wconf 87' lang='lat'><strong>:</strong></span> <span class='ocrx_word' id='word_1_489' title='bbox 362 3575 458 3628; x_wconf 87' lang='lat' dir='ltr'><strong>Fili</strong></span> <span class='ocrx_word' id='word_1_490' title='bbox 484 3578 576 3641; x_wconf 92' lang='lat' dir='ltr'><strong>mi,</strong></span> <span class='ocrx_word' id='word_1_491' title='bbox 608 3582 650 3632; x_wconf 88' lang='lat' dir='ltr'><strong>si</strong></span> <span class='ocrx_word' id='word_1_492' title='bbox 681 3595 746 3634; x_wconf 88' lang='lat' dir='ltr'><strong>ex</strong></span> <span class='ocrx_word' id='word_1_493' title='bbox 780 3582 996 3638; x_wconf 90' lang='lat' dir='ltr'><strong>veritate</strong></span> <span class='ocrx_word' id='word_1_494' title='bbox 1025 3584 1336 3641; x_wconf 86' lang='lat' dir='ltr'><strong>humilitatis</strong></span> <span class='ocrx_word' id='word_1_495' title='bbox 1365 3603 1497 3642; x_wconf 75' lang='lat' dir='ltr'><strong>mea:</strong></span> <span class='ocrx_word' id='word_1_496' title='bbox 1523 3606 1689 3675; x_wconf 81' lang='lat' dir='ltr'><strong>nepos</strong></span> 
     </span>
    </p>
   </div>
   <div class='ocr_carea' id='block_1_66' title="bbox 108 3667 1688 3748">
    <p class='ocr_par' dir='ltr' id='par_1_66' title="bbox 108 3667 1688 3748">
     <span class='ocr_line' id='line_1_66' title="bbox 108 3667 1688 3748; baseline 0.011 -31"><span class='ocrx_word' id='word_1_497' title='bbox 108 3667 323 3728; x_wconf 78' lang='lat' dir='ltr'><strong>existis,</strong></span> <span class='ocrx_word' id='word_1_498' title='bbox 351 3681 581 3733; x_wconf 73' lang='lat' dir='ltr'><strong>prtepara</strong></span> <span class='ocrx_word' id='word_1_499' title='bbox 607 3670 830 3737; x_wconf 89' lang='lat' dir='ltr'><strong>teipsum</strong></span> <span class='ocrx_word' id='word_1_500' title='bbox 861 3680 914 3725; x_wconf 91' lang='lat' dir='ltr'><strong>et</strong></span> <span class='ocrx_word' id='word_1_501' title='bbox 938 3674 1214 3741; x_wconf 84' lang='lat' dir='ltr'><strong>ﬂagellari,</strong></span> <span class='ocrx_word' id='word_1_502' title='bbox 1242 3689 1296 3731; x_wconf 91' lang='lat' dir='ltr'><strong>et</strong></span> <span class='ocrx_word' id='word_1_503' title='bbox 1323 3682 1556 3732; x_wconf 84' lang='lat' dir='ltr'><strong>convicia</strong></span> <span class='ocrx_word' id='word_1_504' title='bbox 1582 3667 1688 3748; x_wconf 82' lang='lat' dir='ltr'><strong>pati</strong></span> 
     </span>
    </p>
   </div>
   <div class='ocr_carea' id='block_1_67' title="bbox 101 3756 1688 3848">
    <p class='ocr_par' dir='ltr' id='par_1_67' title="bbox 101 3756 1688 3848">
     <span class='ocr_line' id='line_1_67' title="bbox 101 3756 1688 3848; baseline 0.012 -41"><span class='ocrx_word' id='word_1_505' title='bbox 101 3756 179 3808; x_wconf 92' lang='lat' dir='ltr'><strong>ab</strong></span> <span class='ocrx_word' id='word_1_506' title='bbox 210 3759 358 3810; x_wconf 88' lang='lat' dir='ltr'><strong>omni</strong></span> <span class='ocrx_word' id='word_1_507' title='bbox 410 3759 644 3814; x_wconf 91' lang='lat' dir='ltr'><strong>homine.</strong></span> <span class='ocrx_word' id='word_1_508' title='bbox 679 3761 812 3814; x_wconf 84' lang='lat' dir='ltr'><strong>Vera</strong></span> <span class='ocrx_word' id='word_1_509' title='bbox 854 3767 995 3817; x_wconf 89' lang='lat' dir='ltr'><strong>enim</strong></span> <span class='ocrx_word' id='word_1_510' title='bbox 1027 3769 1419 3848; x_wconf 30' lang='lat' dir='ltr'><strong>cognatio&#39;nonl</strong></span> <span class='ocrx_word' id='word_1_511' title='bbox 1453 3785 1520 3824; x_wconf 88' lang='lat' dir='ltr'><strong>ex</strong></span> <span class='ocrx_word' id='word_1_512' title='bbox 1565 3786 1688 3825; x_wconf 86' lang='lat' dir='ltr'><strong>san-</strong></span> 
     </span>
    </p>
   </div>
   <div class='ocr_carea' id='block_1_68' title="bbox 109 3847 1682 3928">
    <p class='ocr_par' dir='ltr' id='par_1_68' title="bbox 109 3847 1682 3928">
     <span class='ocr_line' id='line_1_68' title="bbox 109 3847 1682 3928; baseline 0.012 -31"><span class='ocrx_word' id='word_1_513' title='bbox 109 3847 276 3908; x_wconf 73' lang='lat' dir='ltr'><strong>guine</strong></span> <span class='ocrx_word' id='word_1_514' title='bbox 320 3857 372 3900; x_wconf 92' lang='lat' dir='ltr'><strong>et</strong></span> <span class='ocrx_word' id='word_1_515' title='bbox 416 3862 606 3914; x_wconf 86' lang='lat' dir='ltr'><strong>carne,</strong></span> <span class='ocrx_word' id='word_1_516' title='bbox 656 3851 751 3904; x_wconf 91' lang='lat' dir='ltr'><strong>sed</strong></span> <span class='ocrx_word' id='word_1_517' title='bbox 787 3867 850 3906; x_wconf 89' lang='lat' dir='ltr'><strong>ex</strong></span> <span class='ocrx_word' id='word_1_518' title='bbox 886 3855 1079 3908; x_wconf 87' lang='lat' dir='ltr'><strong>virtute</strong></span> <span class='ocrx_word' id='word_1_519' title='bbox 1119 3847 1313 3911; x_wconf 87' lang='lat' dir='ltr'><strong>mentis</strong></span> <span class='ocrx_word' id='word_1_520' title='bbox 1359 3862 1682 3928; x_wconf 82' lang='lat' dir='ltr'><strong>agnoscitur.</strong></span> 
     </span>
    </p>
   </div>
   <div class='ocr_carea' id='block_1_69' title="bbox 109 3935 1685 4021">
    <p class='ocr_par' dir='ltr' id='par_1_69' title="bbox 109 3935 1685 4021">
     <span class='ocr_line' id='line_1_69' title="bbox 109 3935 1685 4021; baseline 0.013 -35"><span class='ocrx_word' id='word_1_521' title='bbox 109 3935 410 3990; x_wconf 86' lang='lat' dir='ltr'><strong>Confestim</strong></span> <span class='ocrx_word' id='word_1_522' title='bbox 445 3939 604 4007; x_wconf 82' lang='lat' dir='ltr'><strong>Igitur</strong></span> <span class='ocrx_word' id='word_1_523' title='bbox 631 3943 912 3997; x_wconf 83' lang='lat' dir='ltr'><strong>accersivit</strong></span> <span class='ocrx_word' id='word_1_524' title='bbox 937 3960 1058 3999; x_wconf 90' lang='lat' dir='ltr'><strong>eum</strong></span> <span class='ocrx_word' id='word_1_525' title='bbox 1095 3948 1186 4014; x_wconf 91' lang='lat' dir='ltr'><strong>qui</strong></span> <span class='ocrx_word' id='word_1_526' title='bbox 1215 3961 1374 4016; x_wconf 90' lang='lat' dir='ltr'><strong>super</strong></span> <span class='ocrx_word' id='word_1_527' title='bbox 1419 3966 1685 4021; x_wconf 90' lang='lat' dir='ltr'><strong>caupones</strong></span> 
     </span>
    </p>
   </div>
   <div class='ocr_carea' id='block_1_70' title="bbox 106 4028 1685 4109">
    <p class='ocr_par' dir='ltr' id='par_1_70' title="bbox 106 4028 1685 4109">
     <span class='ocr_line' id='line_1_70' title="bbox 106 4028 1685 4109; baseline 0.013 -35"><span class='ocrx_word' id='word_1_528' title='bbox 106 4033 231 4076; x_wconf 85' lang='lat' dir='ltr'><strong>erat</strong></span> <span class='ocrx_word' id='word_1_529' title='bbox 271 4028 625 4092; x_wconf 88' lang='lat' dir='ltr'><strong>constitutus,</strong></span> <span class='ocrx_word' id='word_1_530' title='bbox 658 4038 713 4083; x_wconf 91' lang='lat' dir='ltr'><strong>et</strong></span> <span class='ocrx_word' id='word_1_531' title='bbox 741 4035 993 4101; x_wconf 66' lang='lat' dir='ltr'><strong>praecepit</strong></span> <span class='ocrx_word' id='word_1_532' title='bbox 1035 4035 1085 4088; x_wconf 90' lang='lat' dir='ltr'><strong>ei</strong></span> <span class='ocrx_word' id='word_1_533' title='bbox 1109 4051 1176 4089; x_wconf 90' lang='lat' dir='ltr'><strong>ne</strong></span> <span class='ocrx_word' id='word_1_534' title='bbox 1220 4037 1287 4090; x_wconf 90' lang='lat' dir='ltr'><strong>ab</strong></span> <span class='ocrx_word' id='word_1_535' title='bbox 1325 4038 1416 4091; x_wconf 94' lang='lat' dir='ltr'><strong>illo</strong></span> <span class='ocrx_word' id='word_1_536' title='bbox 1444 4055 1685 4109; x_wconf 88' lang='lat' dir='ltr'><strong>caupone</strong></span> 
     </span>
    </p>
   </div>
   <div class='ocr_carea' id='block_1_71' title="bbox 107 4117 1688 4199">
    <p class='ocr_par' dir='ltr' id='par_1_71' title="bbox 107 4117 1688 4199">
     <span class='ocr_line' id='line_1_71' title="bbox 107 4117 1688 4199; baseline 0.012 -32"><span class='ocrx_word' id='word_1_537' title='bbox 107 4117 379 4184; x_wconf 89' lang='lat' dir='ltr'><strong>acciperet</strong></span> <span class='ocrx_word' id='word_1_538' title='bbox 424 4132 596 4182; x_wconf 91' lang='lat' dir='ltr'><strong>neque</strong></span> <span class='ocrx_word' id='word_1_539' title='bbox 621 4131 871 4176; x_wconf 88' lang='lat' dir='ltr'><strong>consueta</strong></span> <span class='ocrx_word' id='word_1_540' title='bbox 900 4138 1014 4187; x_wconf 88' lang='lat' dir='ltr'><strong>sua,</strong></span> <span class='ocrx_word' id='word_1_541' title='bbox 1053 4140 1224 4194; x_wconf 88' lang='lat' dir='ltr'><strong>neque</strong></span> <span class='ocrx_word' id='word_1_542' title='bbox 1254 4130 1486 4195; x_wconf 90' lang='lat' dir='ltr'><strong>publica,</strong></span> <span class='ocrx_word' id='word_1_543' title='bbox 1517 4146 1688 4199; x_wconf 91' lang='lat' dir='ltr'><strong>neque</strong></span> 
     </span>
    </p>
   </div>
   <div class='ocr_carea' id='block_1_72' title="bbox 114 4211 1687 4285">
    <p class='ocr_par' dir='ltr' id='par_1_72' title="bbox 114 4211 1687 4285">
     <span class='ocr_line' id='line_1_72' title="bbox 114 4211 1687 4285; baseline 0.011 -26"><span class='ocrx_word' id='word_1_544' title='bbox 114 4211 426 4274; x_wconf 70' lang='lat' dir='ltr'><strong>pensionem</strong></span> <span class='ocrx_word' id='word_1_545' title='bbox 472 4213 749 4279; x_wconf 87' lang='lat' dir='ltr'><strong>ergasterii</strong></span> <span class='ocrx_word' id='word_1_546' title='bbox 778 4217 917 4280; x_wconf 86' lang='lat' dir='ltr'><strong>ejus.</strong></span> <span class='ocrx_word' id='word_1_547' title='bbox 952 4216 1018 4269; x_wconf 88' lang='lat' dir='ltr'><strong>Et</strong></span> <span class='ocrx_word' id='word_1_548' title='bbox 1037 4215 1151 4285; x_wconf 87' lang='lat' dir='ltr'><strong>ipse</strong></span> <span class='ocrx_word' id='word_1_549' title='bbox 1174 4219 1316 4274; x_wconf 91' lang='lat' dir='ltr'><strong>enim</strong></span> <span class='ocrx_word' id='word_1_550' title='bbox 1339 4223 1687 4277; x_wconf 66' lang='lat' dir='ltr'><strong>sanctissimae</strong></span> 
     </span>
    </p>
   </div>
   <div class='ocr_carea' id='block_1_73' title="bbox 117 4296 1684 4370">
    <p class='ocr_par' dir='ltr' id='par_1_73' title="bbox 117 4296 1684 4370">
     <span class='ocr_line' id='line_1_73' title="bbox 117 4296 1684 4370; baseline 0.013 -24"><span class='ocrx_word' id='word_1_551' title='bbox 117 4296 373 4350; x_wconf 63' lang='lat' dir='ltr'><strong>Et-clesim</strong></span> <span class='ocrx_word' id='word_1_552' title='bbox 418 4308 552 4353; x_wconf 84' lang='lat' dir='ltr'><strong>erat.</strong></span> <span class='ocrx_word' id='word_1_553' title='bbox 590 4302 656 4353; x_wconf 69' lang='lat' dir='ltr'><strong>Et</strong></span> <span class='ocrx_word' id='word_1_554' title='bbox 684 4315 871 4356; x_wconf 88' lang='lat' dir='ltr'><strong>omnes</strong></span> <span class='ocrx_word' id='word_1_555' title='bbox 899 4319 1322 4370; x_wconf 76' lang='lat' dir='ltr'><strong>expavescentes</strong></span> <span class='ocrx_word' id='word_1_556' title='bbox 1359 4311 1684 4366; x_wconf 88' lang='lat' dir='ltr'><strong>immobilem</strong></span> 
     </span>
    </p>
   </div>
   <div class='ocr_carea' id='block_1_74' title="bbox 128 4391 1684 4469">
    <p class='ocr_par' dir='ltr' id='par_1_74' title="bbox 128 4391 1684 4469">
     <span class='ocr_line' id='line_1_74' title="bbox 128 4391 1684 4469; baseline 0.012 -30"><span class='ocrx_word' id='word_1_557' title='bbox 128 4391 566 4454; x_wconf 80' lang='lat' dir='ltr'><strong>onganimitatem</strong></span> <span class='ocrx_word' id='word_1_558' title='bbox 613 4392 759 4459; x_wconf 84' lang='lat' dir='ltr'><strong>ejus,</strong></span> <span class='ocrx_word' id='word_1_559' title='bbox 811 4395 1191 4451; x_wconf 89' lang='lat' dir='ltr'><strong>intellexerunt</strong></span> <span class='ocrx_word' id='word_1_560' title='bbox 1233 4414 1354 4454; x_wconf 86' lang='lat' dir='ltr'><strong>esse</strong></span> <span class='ocrx_word' id='word_1_561' title='bbox 1403 4408 1503 4455; x_wconf 84' lang='lat' dir='ltr'><strong>hoc</strong></span> <span class='ocrx_word' id='word_1_562' title='bbox 1544 4405 1684 4469; x_wconf 89' lang='lat' dir='ltr'><strong>quod</strong></span> 
     </span>
    </p>
   </div>
   <div class='ocr_carea' id='block_1_75' title="bbox 123 4477 1682 4553">
    <p class='ocr_par' dir='ltr' id='par_1_75' title="bbox 123 4477 1682 4553">
     <span class='ocr_line' id='line_1_75' title="bbox 123 4477 1682 4553; baseline 0.012 -24"><span class='ocrx_word' id='word_1_563' title='bbox 123 4477 287 4530; x_wconf 66' lang='lat' dir='ltr'><strong>luxit:</strong></span> <span class='ocrx_word' id='word_1_564' title='bbox 315 4479 575 4544; x_wconf 82' lang='lat' dir='ltr'><strong>Quoniam</strong></span> <span class='ocrx_word' id='word_1_565' title='bbox 627 4482 815 4537; x_wconf 85' lang='lat' dir='ltr'><strong>faciam</strong></span> <span class='ocrx_word' id='word_1_566' title='bbox 845 4485 896 4538; x_wconf 91' lang='lat' dir='ltr'><strong>in</strong></span> <span class='ocrx_word' id='word_1_567' title='bbox 919 4500 1039 4540; x_wconf 89' lang='lat' dir='ltr'><strong>eum</strong></span> <span class='ocrx_word' id='word_1_568' title='bbox 1069 4503 1203 4553; x_wconf 91' lang='lat' dir='ltr'><strong>rem,</strong></span> <span class='ocrx_word' id='word_1_569' title='bbox 1245 4499 1304 4543; x_wconf 91' lang='lat' dir='ltr'><strong>ut</strong></span> <span class='ocrx_word' id='word_1_570' title='bbox 1328 4492 1553 4547; x_wconf 90' lang='lat' dir='ltr'><strong>miretur</strong></span> <span class='ocrx_word' id='word_1_571' title='bbox 1576 4505 1682 4547; x_wconf 88' lang='lat' dir='ltr'><strong>tota</strong></span> 
     </span>
    </p>
   </div>
   <div class='ocr_carea' id='block_1_76' title="bbox 1860 3314 3350 3391">
    <p class='ocr_par' dir='ltr' id='par_1_76' title="bbox 1860 3314 3350 3391">
     <span class='ocr_line' id='line_1_76' title="bbox 1860 3314 3350 3391; baseline 0.009 -27"><span class='ocrx_word' id='word_1_572' title='bbox 1860 3314 1987 3366; x_wconf 74' lang='lat' dir='ltr'><strong>CAP.</strong></span> <span class='ocrx_word' id='word_1_573' title='bbox 2022 3314 2204 3370; x_wconf 84' lang='lat' dir='ltr'><strong>XVIII.</strong></span> <span class='ocrx_word' id='word_1_574' title='bbox 2227 3345 2297 3357; x_wconf 92' lang='lat'><strong><em>—</em></strong></span> <span class='ocrx_word' id='word_1_575' title='bbox 2320 3319 2682 3374; x_wconf 84' lang='lat' dir='ltr'><strong>Delinitionem</strong></span> <span class='ocrx_word' id='word_1_576' title='bbox 2711 3331 2884 3375; x_wconf 90' lang='lat' dir='ltr'><strong>autem</strong></span> <span class='ocrx_word' id='word_1_577' title='bbox 2911 3332 2962 3376; x_wconf 92' lang='lat' dir='ltr'><strong>et</strong></span> <span class='ocrx_word' id='word_1_578' title='bbox 2992 3325 3164 3389; x_wconf 88' lang='lat' dir='ltr'><strong>aliam,</strong></span> <span class='ocrx_word' id='word_1_579' title='bbox 3196 3340 3350 3391; x_wconf 86' lang='lat' dir='ltr'><strong>quam</strong></span> 
     </span>
    </p>
   </div>
   <div class='ocr_carea' id='block_1_77' title="bbox 1790 3403 3358 3482">
    <p class='ocr_par' dir='ltr' id='par_1_77' title="bbox 1790 3403 3358 3482">
     <span class='ocr_line' id='line_1_77' title="bbox 1790 3403 3358 3482; baseline 0.012 -28"><span class='ocrx_word' id='word_1_580' title='bbox 1790 3403 2054 3457; x_wconf 75' lang='lat' dir='ltr'><strong>affectavit</strong></span> <span class='ocrx_word' id='word_1_581' title='bbox 2101 3406 2188 3460; x_wconf 92' lang='lat' dir='ltr'><strong>hic</strong></span> <span class='ocrx_word' id='word_1_582' title='bbox 2216 3419 2465 3473; x_wconf 86' lang='lat' dir='ltr'><strong>sanctus,</strong></span> <span class='ocrx_word' id='word_1_583' title='bbox 2511 3426 2617 3464; x_wconf 88' lang='lat' dir='ltr'><strong>non</strong></span> <span class='ocrx_word' id='word_1_584' title='bbox 2666 3422 2748 3464; x_wconf 90' lang='lat' dir='ltr'><strong>est</strong></span> <span class='ocrx_word' id='word_1_585' title='bbox 2789 3414 2987 3480; x_wconf 88' lang='lat' dir='ltr'><strong>justum</strong></span> <span class='ocrx_word' id='word_1_586' title='bbox 3021 3426 3358 3482; x_wconf 79' lang='lat' dir='ltr'><strong>postpOnere.</strong></span> 
     </span>
    </p>
   </div>
   <div class='ocr_carea' id='block_1_78' title="bbox 1788 3492 3348 3572">
    <p class='ocr_par' dir='ltr' id='par_1_78' title="bbox 1788 3492 3348 3572">
     <span class='ocr_line' id='line_1_78' title="bbox 1788 3492 3348 3572; baseline 0.006 -26"><span class='ocrx_word' id='word_1_587' title='bbox 1788 3492 2022 3547; x_wconf 80' lang='lat' dir='ltr'><strong>Audiens</strong></span> <span class='ocrx_word' id='word_1_588' title='bbox 2042 3498 2180 3563; x_wconf 92' lang='lat' dir='ltr'><strong>quod</strong></span> <span class='ocrx_word' id='word_1_589' title='bbox 2209 3507 2482 3566; x_wconf 89' lang='lat' dir='ltr'><strong>postquam</strong></span> <span class='ocrx_word' id='word_1_590' title='bbox 2500 3509 2781 3554; x_wconf 75' lang='lat' dir='ltr'><strong>corottatus</strong></span> <span class='ocrx_word' id='word_1_591' title='bbox 2800 3511 2882 3555; x_wconf 88' lang='lat' dir='ltr'><strong>est</strong></span> <span class='ocrx_word' id='word_1_592' title='bbox 2903 3504 3192 3570; x_wconf 90' lang='lat' dir='ltr'><strong>imperator</strong></span> <span class='ocrx_word' id='word_1_593' title='bbox 3215 3504 3294 3572; x_wconf 80' lang='lat'><strong>(5|</strong></span> <span class='ocrx_word' id='word_1_594' title='bbox 3311 3504 3348 3568; x_wconf 90' lang='lat'><strong>),</strong></span> 
     </span>
    </p>
   </div>
   <div class='ocr_carea' id='block_1_79' title="bbox 1788 3585 3355 3646">
    <p class='ocr_par' dir='ltr' id='par_1_79' title="bbox 1788 3585 3355 3646">
     <span class='ocr_line' id='line_1_79' title="bbox 1788 3585 3355 3646; baseline 0.007 -11"><span class='ocrx_word' id='word_1_595' title='bbox 1788 3585 1963 3637; x_wconf 91' lang='lat' dir='ltr'><strong>nullus</strong></span> <span class='ocrx_word' id='word_1_596' title='bbox 1993 3586 2224 3638; x_wconf 81' lang='lat' dir='ltr'><strong>universi</strong></span> <span class='ocrx_word' id='word_1_597' title='bbox 2256 3598 2470 3640; x_wconf 86' lang='lat' dir='ltr'><strong>senatus</strong></span> <span class='ocrx_word' id='word_1_598' title='bbox 2499 3598 2553 3641; x_wconf 89' lang='lat' dir='ltr'><strong>et</strong></span> <span class='ocrx_word' id='word_1_599' title='bbox 2579 3590 2863 3643; x_wconf 85' lang='lat' dir='ltr'><strong>astantium</strong></span> <span class='ocrx_word' id='word_1_600' title='bbox 2893 3592 3222 3645; x_wconf 81' lang='lat' dir='ltr'><strong>exercituum</strong></span> <span class='ocrx_word' id='word_1_601' title='bbox 3261 3608 3355 3646; x_wconf 90' lang='lat' dir='ltr'><strong>an-</strong></span> 
     </span>
    </p>
   </div>
   <div class='ocr_carea' id='block_1_80' title="bbox 1789 3675 3354 3750">
    <p class='ocr_par' dir='ltr' id='par_1_80' title="bbox 1789 3675 3354 3750">
     <span class='ocr_line' id='line_1_80' title="bbox 1789 3675 3354 3750; baseline 0.006 -23"><span class='ocrx_word' id='word_1_602' title='bbox 1789 3675 1990 3742; x_wconf 88' lang='lat' dir='ltr'><strong>tiquum</strong></span> <span class='ocrx_word' id='word_1_603' title='bbox 2021 3677 2328 3732; x_wconf 89' lang='lat' dir='ltr'><strong>memoriale</strong></span> <span class='ocrx_word' id='word_1_604' title='bbox 2368 3679 2580 3747; x_wconf 88' lang='lat' dir='ltr'><strong>aliquod</strong></span> <span class='ocrx_word' id='word_1_605' title='bbox 2632 3682 2858 3748; x_wconf 90' lang='lat' dir='ltr'><strong>nuntiet,</strong></span> <span class='ocrx_word' id='word_1_606' title='bbox 2891 3686 2983 3735; x_wconf 88' lang='lat' dir='ltr'><strong>sed</strong></span> <span class='ocrx_word' id='word_1_607' title='bbox 3013 3699 3134 3736; x_wconf 90' lang='lat' dir='ltr'><strong>mox</strong></span> <span class='ocrx_word' id='word_1_608' title='bbox 3164 3685 3214 3736; x_wconf 89' lang='lat' dir='ltr'><strong>hi</strong></span> <span class='ocrx_word' id='word_1_609' title='bbox 3263 3684 3354 3750; x_wconf 87' lang='lat' dir='ltr'><strong>qui</strong></span> 
     </span>
    </p>
   </div>
   <div class='ocr_carea' id='block_1_81' title="bbox 1787 3765 3353 3840">
    <p class='ocr_par' dir='ltr' id='par_1_81' title="bbox 1787 3765 3353 3840">
     <span class='ocr_line' id='line_1_81' title="bbox 1787 3765 3353 3840; baseline 0.005 -23"><span class='ocrx_word' id='word_1_610' title='bbox 1787 3765 2037 3818; x_wconf 89' lang='lat' dir='ltr'><strong>dicuntur</strong></span> <span class='ocrx_word' id='word_1_611' title='bbox 2079 3779 2538 3821; x_wconf 90' lang='lat' dir='ltr'><strong>monumentorum</strong></span> <span class='ocrx_word' id='word_1_612' title='bbox 2584 3771 2929 3825; x_wconf 68' lang='lat' dir='ltr'><strong>aiditicatores</strong></span> <span class='ocrx_word' id='word_1_613' title='bbox 2975 3783 3183 3826; x_wconf 88' lang='lat' dir='ltr'><strong>sumant</strong></span> <span class='ocrx_word' id='word_1_614' title='bbox 3220 3787 3353 3840; x_wconf 87' lang='lat' dir='ltr'><strong>qna-</strong></span> 
     </span>
    </p>
   </div>
   <div class='ocr_carea' id='block_1_82' title="bbox 1789 3858 3352 3930">
    <p class='ocr_par' dir='ltr' id='par_1_82' title="bbox 1789 3858 3352 3930">
     <span class='ocr_line' id='line_1_82' title="bbox 1789 3858 3352 3930; baseline 0.004 -21"><span class='ocrx_word' id='word_1_615' title='bbox 1789 3864 1909 3909; x_wconf 91' lang='lat' dir='ltr'><strong>tuor</strong></span> <span class='ocrx_word' id='word_1_616' title='bbox 1934 3858 2014 3911; x_wconf 89' lang='lat' dir='ltr'><strong>vel</strong></span> <span class='ocrx_word' id='word_1_617' title='bbox 2042 3859 2276 3927; x_wconf 88' lang='lat' dir='ltr'><strong>quinque</strong></span> <span class='ocrx_word' id='word_1_618' title='bbox 2305 3861 2549 3913; x_wconf 86' lang='lat' dir='ltr'><strong>minutias</strong></span> <span class='ocrx_word' id='word_1_619' title='bbox 2582 3877 2900 3915; x_wconf 85' lang='lat' dir='ltr'><strong>marmorum</strong></span> <span class='ocrx_word' id='word_1_620' title='bbox 2933 3863 3152 3930; x_wconf 78' lang='lat' dir='ltr'><strong>pusillas</strong></span> <span class='ocrx_word' id='word_1_621' title='bbox 3179 3864 3246 3918; x_wconf 91' lang='lat' dir='ltr'><strong>de</strong></span> <span class='ocrx_word' id='word_1_622' title='bbox 3273 3864 3352 3916; x_wconf 87' lang='lat' dir='ltr'><strong>di-</strong></span> 
     </span>
    </p>
   </div>
   <div class='ocr_carea' id='block_1_83' title="bbox 1789 3949 3354 4018">
    <p class='ocr_par' dir='ltr' id='par_1_83' title="bbox 1789 3949 3354 4018">
     <span class='ocr_line' id='line_1_83' title="bbox 1789 3949 3354 4018; baseline 0.005 -19"><span class='ocrx_word' id='word_1_623' title='bbox 1789 3949 1956 4001; x_wconf 85' lang='lat' dir='ltr'><strong>versis</strong></span> <span class='ocrx_word' id='word_1_624' title='bbox 1980 3951 2244 4004; x_wconf 90' lang='lat' dir='ltr'><strong>coloribus</strong></span> <span class='ocrx_word' id='word_1_625' title='bbox 2262 3990 2277 4012; x_wconf 89' lang='lat'><em>.</em></span> <span class='ocrx_word' id='word_1_626' title='bbox 2321 3960 2375 4003; x_wconf 91' lang='lat' dir='ltr'><strong>et</strong></span> <span class='ocrx_word' id='word_1_627' title='bbox 2405 3951 2765 4014; x_wconf 65' lang='lat' dir='ltr'><strong>ingrediantur</strong></span> <span class='ocrx_word' id='word_1_628' title='bbox 2790 3954 2855 4006; x_wconf 87' lang='lat' dir='ltr'><strong>ad</strong></span> <span class='ocrx_word' id='word_1_629' title='bbox 2885 3968 3028 4018; x_wconf 87' lang='lat' dir='ltr'><strong>eum,</strong></span> <span class='ocrx_word' id='word_1_630' title='bbox 3055 3964 3107 4007; x_wconf 88' lang='lat' dir='ltr'><strong>et</strong></span> <span class='ocrx_word' id='word_1_631' title='bbox 3132 3954 3310 4007; x_wconf 77' lang='lat' dir='ltr'><strong>dicrint</strong></span> <span class='ocrx_word' id='word_1_632' title='bbox 3334 3970 3354 4008; x_wconf 87' lang='lat'><strong>:</strong></span> 
     </span>
    </p>
   </div>
   <div class='ocr_carea' id='block_1_84' title="bbox 1788 4039 3351 4112">
    <p class='ocr_par' dir='ltr' id='par_1_84' title="bbox 1788 4039 3351 4112">
     <span class='ocr_line' id='line_1_84' title="bbox 1788 4039 3351 4112; baseline 0.003 -20"><span class='ocrx_word' id='word_1_633' title='bbox 1788 4039 2046 4103; x_wconf 90' lang='lat' dir='ltr'><strong>Domine,</strong></span> <span class='ocrx_word' id='word_1_634' title='bbox 2096 4042 2241 4108; x_wconf 85' lang='lat' dir='ltr'><strong>quali</strong></span> <span class='ocrx_word' id='word_1_635' title='bbox 2285 4042 2500 4095; x_wconf 89' lang='lat' dir='ltr'><strong>metallo</strong></span> <span class='ocrx_word' id='word_1_636' title='bbox 2545 4043 2823 4108; x_wconf 90' lang='lat' dir='ltr'><strong>imperium</strong></span> <span class='ocrx_word' id='word_1_637' title='bbox 2871 4053 3016 4096; x_wconf 90' lang='lat' dir='ltr'><strong>tuum</strong></span> <span class='ocrx_word' id='word_1_638' title='bbox 3044 4042 3194 4112; x_wconf 86' lang='lat' dir='ltr'><strong>jubet</strong></span> <span class='ocrx_word' id='word_1_639' title='bbox 3232 4044 3351 4098; x_wconf 83' lang='lat' dir='ltr'><strong>ﬁeri</strong></span> 
     </span>
    </p>
   </div>
   <div class='ocr_carea' id='block_1_85' title="bbox 1788 4133 3349 4198">
    <p class='ocr_par' dir='ltr' id='par_1_85' title="bbox 1788 4133 3349 4198">
     <span class='ocr_line' id='line_1_85' title="bbox 1788 4133 3349 4198; baseline 0.001 -14"><span class='ocrx_word' id='word_1_640' title='bbox 1788 4140 2189 4184; x_wconf 87' lang='lat' dir='ltr'><strong>monumentum</strong></span> <span class='ocrx_word' id='word_1_641' title='bbox 2229 4142 2414 4192; x_wconf 88' lang='lat' dir='ltr'><strong>tuum;</strong></span> <span class='ocrx_word' id='word_1_642' title='bbox 2469 4134 2796 4186; x_wconf 87' lang='lat' dir='ltr'><strong>insinuantes</strong></span> <span class='ocrx_word' id='word_1_643' title='bbox 2845 4133 3092 4186; x_wconf 87' lang='lat' dir='ltr'><strong>videlicet</strong></span> <span class='ocrx_word' id='word_1_644' title='bbox 3133 4137 3180 4185; x_wconf 90' lang='lat' dir='ltr'><strong>ei</strong></span> <span class='ocrx_word' id='word_1_645' title='bbox 3229 4135 3349 4198; x_wconf 87' lang='lat' dir='ltr'><strong>quia</strong></span> 
     </span>
    </p>
   </div>
   <div class='ocr_carea' id='block_1_86' title="bbox 1789 4219 3349 4285">
    <p class='ocr_par' dir='ltr' id='par_1_86' title="bbox 1789 4219 3349 4285">
     <span class='ocr_line' id='line_1_86' title="bbox 1789 4219 3349 4285; baseline 0.001 -15"><span class='ocrx_word' id='word_1_646' title='bbox 1789 4227 2036 4285; x_wconf 86' lang='lat' dir='ltr'><strong>tanquam</strong></span> <span class='ocrx_word' id='word_1_647' title='bbox 2087 4222 2247 4273; x_wconf 87' lang='lat' dir='ltr'><strong>homo</strong></span> <span class='ocrx_word' id='word_1_648' title='bbox 2291 4219 2652 4282; x_wconf 88' lang='lat' dir='ltr'><strong>corruptibilis</strong></span> <span class='ocrx_word' id='word_1_649' title='bbox 2693 4227 2749 4272; x_wconf 87' lang='lat' dir='ltr'><strong>et</strong></span> <span class='ocrx_word' id='word_1_650' title='bbox 2791 4222 3124 4273; x_wconf 83' lang='lat' dir='ltr'><strong>transitorius</strong></span> <span class='ocrx_word' id='word_1_651' title='bbox 3169 4235 3349 4272; x_wconf 68' lang='lat' dir='ltr'><strong>curam</strong></span> 
     </span>
    </p>
   </div>
   <div class='ocr_carea' id='block_1_87' title="bbox 1786 4305 3395 4375">
    <p class='ocr_par' dir='ltr' id='par_1_87' title="bbox 1786 4305 3395 4375">
     <span class='ocr_line' id='line_1_87' title="bbox 1786 4305 3395 4375; baseline 0.006 -18"><span class='ocrx_word' id='word_1_652' title='bbox 1786 4305 1984 4358; x_wconf 89' lang='lat' dir='ltr'><strong>habeto</strong></span> <span class='ocrx_word' id='word_1_653' title='bbox 2026 4314 2130 4359; x_wconf 74' lang='lat' dir='ltr'><strong>tua:</strong></span> <span class='ocrx_word' id='word_1_654' title='bbox 2169 4305 2333 4372; x_wconf 80' lang='lat' dir='ltr'><strong>ipsius</strong></span> <span class='ocrx_word' id='word_1_655' title='bbox 2373 4308 2596 4370; x_wconf 66' lang='lat' dir='ltr'><strong>animm,</strong></span> <span class='ocrx_word' id='word_1_656' title='bbox 2627 4317 2682 4362; x_wconf 92' lang='lat' dir='ltr'><strong>et</strong></span> <span class='ocrx_word' id='word_1_657' title='bbox 2709 4309 2794 4375; x_wconf 91' lang='lat' dir='ltr'><strong>pie</strong></span> <span class='ocrx_word' id='word_1_658' title='bbox 2835 4323 3054 4373; x_wconf 76' lang='lat' dir='ltr'><strong>regnum</strong></span> <span class='ocrx_word' id='word_1_659' title='bbox 3097 4308 3353 4374; x_wconf 88' lang='lat' dir='ltr'><strong>dispone;</strong></span> <span class='ocrx_word' id='word_1_660' title='bbox 3390 4358 3395 4366; x_wconf 95' lang='lat'><strong>.</strong></span> 
     </span>
    </p>
   </div>
   <div class='ocr_carea' id='block_1_88' title="bbox 1786 4395 3355 4466">
    <p class='ocr_par' dir='ltr' id='par_1_88' title="bbox 1786 4395 3355 4466">
     <span class='ocr_line' id='line_1_88' title="bbox 1786 4395 3355 4466; baseline 0.003 -19"><span class='ocrx_word' id='word_1_661' title='bbox 1786 4395 2089 4449; x_wconf 85' lang='lat' dir='ltr'><strong>imitabatur</strong></span> <span class='ocrx_word' id='word_1_662' title='bbox 2107 4405 2158 4451; x_wconf 90' lang='lat' dir='ltr'><strong>et</strong></span> <span class='ocrx_word' id='word_1_663' title='bbox 2188 4396 2289 4451; x_wconf 90' lang='lat' dir='ltr'><strong>iste</strong></span> <span class='ocrx_word' id='word_1_664' title='bbox 2311 4397 2496 4450; x_wconf 87' lang='lat' dir='ltr'><strong>beatus</strong></span> <span class='ocrx_word' id='word_1_665' title='bbox 2526 4399 2789 4452; x_wconf 88' lang='lat' dir='ltr'><strong>veraciter</strong></span> <span class='ocrx_word' id='word_1_666' title='bbox 2812 4400 2943 4452; x_wconf 88' lang='lat' dir='ltr'><strong>hanc</strong></span> <span class='ocrx_word' id='word_1_667' title='bbox 2963 4400 3172 4466; x_wconf 86' lang='lat' dir='ltr'><strong>dignam</strong></span> <span class='ocrx_word' id='word_1_668' title='bbox 3202 4400 3355 4452; x_wconf 88' lang='lat' dir='ltr'><strong>laude</strong></span> 
     </span>
    </p>
   </div>
   <div class='ocr_carea' id='block_1_89' title="bbox 1788 4485 3346 4555">
    <p class='ocr_par' dir='ltr' id='par_1_89' title="bbox 1788 4485 3346 4555">
     <span class='ocr_line' id='line_1_89' title="bbox 1788 4485 3346 4555; baseline 0.001 -18"><span class='ocrx_word' id='word_1_669' title='bbox 1788 4485 2146 4550; x_wconf 88' lang='lat' dir='ltr'><strong>traditionem,</strong></span> <span class='ocrx_word' id='word_1_670' title='bbox 2177 4497 2229 4541; x_wconf 93' lang='lat' dir='ltr'><strong>et</strong></span> <span class='ocrx_word' id='word_1_671' title='bbox 2252 4490 2499 4555; x_wconf 60' lang='lat' dir='ltr'><strong>praecepit</strong></span> <span class='ocrx_word' id='word_1_672' title='bbox 2520 4489 2622 4541; x_wconf 84' lang='lat' dir='ltr'><strong>sibi</strong></span> <span class='ocrx_word' id='word_1_673' title='bbox 2646 4498 3046 4541; x_wconf 85' lang='lat' dir='ltr'><strong>monumentum</strong></span> <span class='ocrx_word' id='word_1_674' title='bbox 3077 4488 3346 4549; x_wconf 70' lang='lat' dir='ltr'><strong>aedificari,</strong></span> 
     </span>
    </p>
   </div>
   <div class='ocr_carea' id='block_1_90' title="bbox 118 4566 1699 4648">
    <p class='ocr_par' dir='ltr' id='par_1_90' title="bbox 118 4566 1679 4641">
     <span class='ocr_line' id='line_1_90' title="bbox 118 4566 1679 4641; baseline 0.011 -21"><span class='ocrx_word' id='word_1_675' title='bbox 118 4566 456 4634; x_wconf 79' lang='lat' dir='ltr'><strong>Alexandria,</strong></span> <span class='ocrx_word' id='word_1_676' title='bbox 495 4572 742 4626; x_wconf 78' lang='lat' dir='ltr'><strong>videlicet</strong></span> <span class='ocrx_word' id='word_1_677' title='bbox 766 4575 887 4641; x_wconf 90' lang='lat' dir='ltr'><strong>quia</strong></span> <span class='ocrx_word' id='word_1_678' title='bbox 918 4591 1022 4629; x_wconf 91' lang='lat' dir='ltr'><strong>non</strong></span> <span class='ocrx_word' id='word_1_679' title='bbox 1054 4579 1225 4631; x_wconf 87' lang='lat' dir='ltr'><strong>solum</strong></span> <span class='ocrx_word' id='word_1_680' title='bbox 1257 4581 1679 4637; x_wconf 79' lang='lat' dir='ltr'><strong>vicissitudinem</strong></span> 
     </span>
    </p>
   </div>
   <div class='ocr_carea' id='block_1_91' title="bbox 1802 4566 3356 4648">
    <p class='ocr_par' dir='ltr' id='par_1_91' title="bbox 1802 4579 3356 4648">
     <span class='ocr_line' id='line_1_91' title="bbox 1802 4579 3356 4648; baseline 0.001 -17"><span class='ocrx_word' id='word_1_681' title='bbox 1802 4581 1872 4633; x_wconf 80' lang='lat' dir='ltr'><strong>ibi</strong></span> <span class='ocrx_word' id='word_1_682' title='bbox 1903 4589 1957 4633; x_wconf 91' lang='lat' dir='ltr'><strong>et</strong></span> <span class='ocrx_word' id='word_1_683' title='bbox 2001 4581 2192 4648; x_wconf 88' lang='lat' dir='ltr'><strong>reliqui</strong></span> <span class='ocrx_word' id='word_1_684' title='bbox 2234 4582 2655 4648; x_wconf 66' lang='lat' dir='ltr'><strong>praedecessores</strong></span> <span class='ocrx_word' id='word_1_685' title='bbox 2696 4581 2810 4648; x_wconf 77' lang='lat' dir='ltr'><strong>ejus</strong></span> <span class='ocrx_word' id='word_1_686' title='bbox 2858 4579 3166 4648; x_wconf 65' lang='lat' dir='ltr'><strong>patriarchae</strong></span> <span class='ocrx_word' id='word_1_687' title='bbox 3208 4579 3356 4646; x_wconf 85' lang='lat' dir='ltr'><strong>jace-</strong></span> 
     </span>
    </p>
   </div>
   <div class='ocr_carea' id='block_1_92' title="bbox 117 4663 1681 4742">
    <p class='ocr_par' dir='ltr' id='par_1_92' title="bbox 117 4663 1681 4742">
     <span class='ocr_line' id='line_1_92' title="bbox 117 4663 1681 4742; baseline 0.013 -34"><span class='ocrx_word' id='word_1_688' title='bbox 117 4674 220 4711; x_wconf 87' lang='lat' dir='ltr'><strong>nun</strong></span> <span class='ocrx_word' id='word_1_689' title='bbox 252 4663 516 4728; x_wconf 87' lang='lat' dir='ltr'><strong>reddidit,</strong></span> <span class='ocrx_word' id='word_1_690' title='bbox 565 4678 749 4719; x_wconf 88' lang='lat' dir='ltr'><strong>verum</strong></span> <span class='ocrx_word' id='word_1_691' title='bbox 777 4668 937 4722; x_wconf 90' lang='lat' dir='ltr'><strong>etiam</strong></span> <span class='ocrx_word' id='word_1_692' title='bbox 975 4685 1072 4738; x_wconf 90' lang='lat' dir='ltr'><strong>pro</strong></span> <span class='ocrx_word' id='word_1_693' title='bbox 1115 4672 1316 4727; x_wconf 90' lang='lat' dir='ltr'><strong>ultione</strong></span> <span class='ocrx_word' id='word_1_694' title='bbox 1364 4675 1681 4742; x_wconf 76' lang='lat' dir='ltr'><strong>adiutorium</strong></span> 
     </span>
    </p>
   </div>
   <div class='ocr_carea' id='block_1_93' title="bbox 115 4750 1159 4825">
    <p class='ocr_par' dir='ltr' id='par_1_93' title="bbox 115 4750 1159 4825">
     <span class='ocr_line' id='line_1_93' title="bbox 115 4750 1159 4825; baseline 0.022 -27"><span class='ocrx_word' id='word_1_695' title='bbox 115 4750 388 4815; x_wconf 84' lang='lat' dir='ltr'><strong>impendit.</strong></span> <span class='ocrx_word' id='word_1_696' title='bbox 957 4821 961 4825; x_wconf 50' lang='grc'><em>,</em></span> <span class='ocrx_word' id='word_1_697' title='bbox 1155 4813 1159 4821; x_wconf 87' lang='grc'>.</span> 
     </span>
    </p>
   </div>
   <div class='ocr_carea' id='block_1_94' title="bbox 183 4841 1682 4924">
    <p class='ocr_par' dir='ltr' id='par_1_94' title="bbox 183 4841 1682 4924">
     <span class='ocr_line' id='line_1_94' title="bbox 183 4841 1682 4924; baseline 0.011 -30"><span class='ocrx_word' id='word_1_698' title='bbox 183 4841 314 4897; x_wconf 71' lang='lat' dir='ltr'><strong>CAP.</strong></span> <span class='ocrx_word' id='word_1_699' title='bbox 347 4843 482 4897; x_wconf 80' lang='lat' dir='ltr'><strong>XVI.</strong></span> <span class='ocrx_word' id='word_1_700' title='bbox 515 4874 584 4885; x_wconf 92' lang='lat'><strong>—</strong></span> <span class='ocrx_word' id='word_1_701' title='bbox 607 4846 912 4904; x_wconf 78' lang='lat' dir='ltr'><strong>Nuntiatum</strong></span> <span class='ocrx_word' id='word_1_702' title='bbox 941 4860 1024 4904; x_wconf 89' lang='lat' dir='ltr'><strong>est</strong></span> <span class='ocrx_word' id='word_1_703' title='bbox 1051 4853 1334 4922; x_wconf 83' lang='lat' dir='ltr'><strong>aliquando</strong></span> <span class='ocrx_word' id='word_1_704' title='bbox 1362 4857 1481 4910; x_wconf 86' lang='lat' dir='ltr'><strong>huic</strong></span> <span class='ocrx_word' id='word_1_705' title='bbox 1505 4856 1682 4924; x_wconf 90' lang='lat' dir='ltr'><strong>beato,</strong></span> 
     </span>
    </p>
   </div>
   <div class='ocr_carea' id='block_1_95' title="bbox 114 4933 1680 5002">
    <p class='ocr_par' dir='ltr' id='par_1_95' title="bbox 114 4933 1680 5002">
     <span class='ocr_line' id='line_1_95' title="bbox 114 4933 1680 5002; baseline 0.012 -20"><span class='ocrx_word' id='word_1_706' title='bbox 114 4933 256 4998; x_wconf 86' lang='lat' dir='ltr'><strong>quod</strong></span> <span class='ocrx_word' id='word_1_707' title='bbox 283 4933 496 4999; x_wconf 88' lang='lat' dir='ltr'><strong>quidam</strong></span> <span class='ocrx_word' id='word_1_708' title='bbox 524 4936 838 4990; x_wconf 89' lang='lat' dir='ltr'><strong>clericorum</strong></span> <span class='ocrx_word' id='word_1_709' title='bbox 869 4940 1121 4994; x_wconf 84' lang='lat' dir='ltr'><strong>malitiam</strong></span> <span class='ocrx_word' id='word_1_710' title='bbox 1150 4945 1202 4996; x_wconf 91' lang='lat' dir='ltr'><strong>in</strong></span> <span class='ocrx_word' id='word_1_711' title='bbox 1232 4945 1394 4998; x_wconf 90' lang='lat' dir='ltr'><strong>corde</strong></span> <span class='ocrx_word' id='word_1_712' title='bbox 1426 4947 1680 5002; x_wconf 88' lang='lat' dir='ltr'><strong>adversus</strong></span> 
     </span>
    </p>
   </div>
   <div class='ocr_carea' id='block_1_96' title="bbox 132 5022 1682 5101">
    <p class='ocr_par' dir='ltr' id='par_1_96' title="bbox 132 5022 1682 5101">
     <span class='ocr_line' id='line_1_96' title="bbox 132 5022 1682 5101; baseline 0.012 -30"><span class='ocrx_word' id='word_1_713' title='bbox 132 5022 399 5086; x_wconf 74' lang='lat' dir='ltr'><strong>tuemdatn</strong></span> <span class='ocrx_word' id='word_1_714' title='bbox 430 5034 751 5088; x_wconf 84' lang='lat' dir='ltr'><strong>reservaret,</strong></span> <span class='ocrx_word' id='word_1_715' title='bbox 797 5037 853 5080; x_wconf 88' lang='lat' dir='ltr'><strong>et</strong></span> <span class='ocrx_word' id='word_1_716' title='bbox 881 5029 1297 5086; x_wconf 88' lang='lat' dir='ltr'><strong>irreconciliatus</strong></span> <span class='ocrx_word' id='word_1_717' title='bbox 1327 5036 1374 5087; x_wconf 90' lang='lat' dir='ltr'><strong>ei</strong></span> <span class='ocrx_word' id='word_1_718' title='bbox 1402 5051 1682 5101; x_wconf 88' lang='lat' dir='ltr'><strong>permane-</strong></span> 
     </span>
    </p>
   </div>
   <div class='ocr_carea' id='block_1_97' title="bbox 125 5111 1680 5190">
    <p class='ocr_par' dir='ltr' id='par_1_97' title="bbox 125 5111 1680 5190">
     <span class='ocr_line' id='line_1_97' title="bbox 125 5111 1680 5190; baseline 0.012 -30"><span class='ocrx_word' id='word_1_719' title='bbox 125 5119 215 5163; x_wconf 75' lang='lat' dir='ltr'><strong>‘et.</strong></span> <span class='ocrx_word' id='word_1_720' title='bbox 266 5111 358 5163; x_wconf 93' lang='lat' dir='ltr'><strong>llle</strong></span> <span class='ocrx_word' id='word_1_721' title='bbox 411 5127 539 5165; x_wconf 87' lang='lat' dir='ltr'><strong>vero</strong></span> <span class='ocrx_word' id='word_1_722' title='bbox 588 5116 859 5181; x_wconf 69' lang='lat' dir='ltr'><strong>quaerebat</strong></span> <span class='ocrx_word' id='word_1_723' title='bbox 907 5120 1064 5186; x_wconf 87' lang='lat' dir='ltr'><strong>hujus</strong></span> <span class='ocrx_word' id='word_1_724' title='bbox 1116 5136 1308 5174; x_wconf 90' lang='lat' dir='ltr'><strong>nomen</strong></span> <span class='ocrx_word' id='word_1_725' title='bbox 1351 5133 1407 5176; x_wconf 91' lang='lat' dir='ltr'><strong>et</strong></span> <span class='ocrx_word' id='word_1_726' title='bbox 1461 5126 1680 5190; x_wconf 86' lang='lat' dir='ltr'><strong>gradum</strong></span> 
     </span>
    </p>
   </div>
   <div class='ocr_carea' id='block_1_98' title="bbox 115 5197 1679 5281">
    <p class='ocr_par' dir='ltr' id='par_1_98' title="bbox 115 5197 1679 5281">
     <span class='ocr_line' id='line_1_98' title="bbox 115 5197 1679 5281; baseline 0.012 -33"><span class='ocrx_word' id='word_1_727' title='bbox 115 5212 294 5253; x_wconf 80' lang='lat' dir='ltr'><strong>nosse.</strong></span> <span class='ocrx_word' id='word_1_728' title='bbox 323 5197 379 5250; x_wconf 93' lang='lat' dir='ltr'><strong>In</strong></span> <span class='ocrx_word' id='word_1_729' title='bbox 410 5203 696 5281; x_wconf 53' lang='lat' dir='ltr'><strong>crastinum</strong></span> <span class='ocrx_word' id='word_1_730' title='bbox 725 5219 855 5272; x_wconf 88' lang='lat' dir='ltr'><strong>ergo</strong></span> <span class='ocrx_word' id='word_1_731' title='bbox 882 5206 966 5259; x_wconf 91' lang='lat' dir='ltr'><strong>die</strong></span> <span class='ocrx_word' id='word_1_732' title='bbox 998 5209 1269 5263; x_wconf 82' lang='lat' dir='ltr'><strong>Doininico</strong></span> <span class='ocrx_word' id='word_1_733' title='bbox 1309 5212 1490 5267; x_wconf 89' lang='lat' dir='ltr'><strong>didicit</strong></span> <span class='ocrx_word' id='word_1_734' title='bbox 1519 5216 1679 5277; x_wconf 90' lang='lat' dir='ltr'><strong>hunc,</strong></span> 
     </span>
    </p>
   </div>
   <div class='ocr_carea' id='block_1_99' title="bbox 119 5286 1682 5360">
    <p class='ocr_par' dir='ltr' id='par_1_99' title="bbox 119 5286 1682 5360">
     <span class='ocr_line' id='line_1_99' title="bbox 119 5286 1682 5360; baseline 0.013 -24"><span class='ocrx_word' id='word_1_735' title='bbox 119 5286 427 5340; x_wconf 85' lang='lat' dir='ltr'><strong>Daunanum</strong></span> <span class='ocrx_word' id='word_1_736' title='bbox 454 5290 665 5354; x_wconf 85' lang='lat' dir='ltr'><strong>quidem</strong></span> <span class='ocrx_word' id='word_1_737' title='bbox 713 5296 947 5360; x_wconf 88' lang='lat' dir='ltr'><strong>nomine,</strong></span> <span class='ocrx_word' id='word_1_738' title='bbox 978 5297 1255 5351; x_wconf 88' lang='lat' dir='ltr'><strong>diaconem</strong></span> <span class='ocrx_word' id='word_1_739' title='bbox 1288 5316 1415 5354; x_wconf 90' lang='lat' dir='ltr'><strong>vero</strong></span> <span class='ocrx_word' id='word_1_740' title='bbox 1453 5315 1574 5355; x_wconf 89' lang='lat' dir='ltr'><strong>esse</strong></span> <span class='ocrx_word' id='word_1_741' title='bbox 1601 5303 1682 5355; x_wconf 87' lang='lat' dir='ltr'><strong>of-</strong></span> 
     </span>
    </p>
   </div>
   <div class='ocr_carea' id='block_1_100' title="bbox 117 5375 1681 5460">
    <p class='ocr_par' dir='ltr' id='par_1_100' title="bbox 117 5375 1681 5460">
     <span class='ocr_line' id='line_1_100' title="bbox 117 5375 1681 5460; baseline 0.015 -36"><span class='ocrx_word' id='word_1_742' title='bbox 117 5376 259 5427; x_wconf 88' lang='lat' dir='ltr'><strong>Iicio.</strong></span> <span class='ocrx_word' id='word_1_743' title='bbox 292 5375 550 5446; x_wconf 67' lang='lat' dir='ltr'><strong>Praecepit</strong></span> <span class='ocrx_word' id='word_1_744' title='bbox 587 5379 764 5450; x_wconf 88' lang='lat' dir='ltr'><strong>itaque</strong></span> <span class='ocrx_word' id='word_1_745' title='bbox 810 5386 1185 5441; x_wconf 88' lang='lat' dir='ltr'><strong>archidiacono</strong></span> <span class='ocrx_word' id='word_1_746' title='bbox 1215 5400 1270 5442; x_wconf 92' lang='lat' dir='ltr'><strong>ut</strong></span> <span class='ocrx_word' id='word_1_747' title='bbox 1308 5391 1437 5455; x_wconf 77' lang='lat' dir='ltr'><strong>sibi,</strong></span> <span class='ocrx_word' id='word_1_748' title='bbox 1470 5394 1681 5460; x_wconf 83' lang='lat' dir='ltr'><strong>quando</strong></span> 
     </span>
    </p>
   </div>
   <div class='ocr_carea' id='block_1_101' title="bbox 117 5465 1723 5540">
    <p class='ocr_par' dir='ltr' id='par_1_101' title="bbox 117 5465 1723 5540">
     <span class='ocr_line' id='line_1_101' title="bbox 117 5465 1723 5540; baseline 0.013 -25"><span class='ocrx_word' id='word_1_749' title='bbox 117 5465 256 5518; x_wconf 88' lang='lat' dir='ltr'><strong>idem</strong></span> <span class='ocrx_word' id='word_1_750' title='bbox 286 5466 571 5523; x_wconf 85' lang='lat' dir='ltr'><strong>Damianus</strong></span> <span class='ocrx_word' id='word_1_751' title='bbox 598 5471 664 5523; x_wconf 90' lang='lat' dir='ltr'><strong>ad</strong></span> <span class='ocrx_word' id='word_1_752' title='bbox 694 5474 972 5530; x_wconf 84' lang='lat' dir='ltr'><strong>ecclesiam</strong></span> <span class='ocrx_word' id='word_1_753' title='bbox 1016 5480 1237 5540; x_wconf 85' lang='lat' dir='ltr'><strong>veniret.</strong></span> <span class='ocrx_word' id='word_1_754' title='bbox 1269 5481 1679 5536; x_wconf 78' lang='lat' dir='ltr'><strong>demonstraret.</strong></span> <span class='ocrx_word' id='word_1_755' title='bbox 1719 5485 1723 5488; x_wconf 81' lang='grc'><em>’</em></span> 
     </span>
    </p>
   </div>
   <div class='ocr_carea' id='block_1_102' title="bbox 117 5551 1679 5637">
    <p class='ocr_par' dir='ltr' id='par_1_102' title="bbox 117 5551 1679 5637">
     <span class='ocr_line' id='line_1_102' title="bbox 117 5551 1679 5637; baseline 0.012 -33"><span class='ocrx_word' id='word_1_756' title='bbox 117 5551 277 5620; x_wconf 85' lang='lat' dir='ltr'><strong>Igitur</strong></span> <span class='ocrx_word' id='word_1_757' title='bbox 304 5572 424 5611; x_wconf 85' lang='lat' dir='ltr'><strong>cum</strong></span> <span class='ocrx_word' id='word_1_758' title='bbox 469 5560 520 5612; x_wconf 88' lang='lat' dir='ltr'><strong>itt</strong></span> <span class='ocrx_word' id='word_1_759' title='bbox 550 5562 839 5616; x_wconf 84' lang='lat' dir='ltr'><strong>crastinum</strong></span> <span class='ocrx_word' id='word_1_760' title='bbox 869 5569 1028 5619; x_wconf 88' lang='lat' dir='ltr'><strong>statio</strong></span> <span class='ocrx_word' id='word_1_761' title='bbox 1055 5567 1330 5622; x_wconf 86' lang='lat' dir='ltr'><strong>Dominico</strong></span> <span class='ocrx_word' id='word_1_762' title='bbox 1363 5572 1449 5624; x_wconf 91' lang='lat' dir='ltr'><strong>die</strong></span> <span class='ocrx_word' id='word_1_763' title='bbox 1497 5574 1639 5625; x_wconf 84' lang='lat' dir='ltr'><strong>lieret</strong></span> <span class='ocrx_word' id='word_1_764' title='bbox 1663 5613 1679 5637; x_wconf 93' lang='lat'><strong>,</strong></span> 
     </span>
    </p>
   </div>
   <div class='ocr_carea' id='block_1_103' title="bbox 115 5651 1680 5720">
    <p class='ocr_par' dir='ltr' id='par_1_103' title="bbox 115 5651 1680 5720">
     <span class='ocr_line' id='line_1_103' title="bbox 115 5651 1680 5720; baseline 0.012 -24"><span class='ocrx_word' id='word_1_765' title='bbox 115 5651 264 5702; x_wconf 80' lang='lat' dir='ltr'><strong>venit</strong></span> <span class='ocrx_word' id='word_1_766' title='bbox 286 5659 339 5700; x_wconf 88' lang='lat' dir='ltr'><strong>et</strong></span> <span class='ocrx_word' id='word_1_767' title='bbox 378 5651 632 5706; x_wconf 86' lang='lat' dir='ltr'><strong>diaconus</strong></span> <span class='ocrx_word' id='word_1_768' title='bbox 675 5654 740 5706; x_wconf 89' lang='lat' dir='ltr'><strong>ad</strong></span> <span class='ocrx_word' id='word_1_769' title='bbox 769 5659 1085 5720; x_wconf 88' lang='lat' dir='ltr'><strong>stationem;</strong></span> <span class='ocrx_word' id='word_1_770' title='bbox 1115 5668 1167 5711; x_wconf 89' lang='lat' dir='ltr'><strong>et</strong></span> <span class='ocrx_word' id='word_1_771' title='bbox 1209 5660 1393 5712; x_wconf 87' lang='lat' dir='ltr'><strong>videns</strong></span> <span class='ocrx_word' id='word_1_772' title='bbox 1419 5662 1680 5715; x_wconf 82' lang='lat' dir='ltr'><strong>archidia-</strong></span> 
     </span>
    </p>
   </div>
   <div class='ocr_carea' id='block_1_104' title="bbox 120 5741 1656 5812">
    <p class='ocr_par' dir='ltr' id='par_1_104' title="bbox 120 5741 1656 5812">
     <span class='ocr_line' id='line_1_104' title="bbox 120 5741 1656 5812; baseline 0.011 -24"><span class='ocrx_word' id='word_1_773' title='bbox 120 5750 315 5804; x_wconf 86' lang='lat' dir='ltr'><strong>conus,</strong></span> <span class='ocrx_word' id='word_1_774' title='bbox 343 5741 572 5795; x_wconf 86' lang='lat' dir='ltr'><strong>ostendit</strong></span> <span class='ocrx_word' id='word_1_775' title='bbox 599 5759 717 5797; x_wconf 91' lang='lat' dir='ltr'><strong>eutn</strong></span> <span class='ocrx_word' id='word_1_776' title='bbox 748 5747 1076 5812; x_wconf 66' lang='lat' dir='ltr'><strong>patriarchae.</strong></span> <span class='ocrx_word' id='word_1_777' title='bbox 1120 5750 1196 5801; x_wconf 80' lang='lat' dir='ltr'><strong>Ub</strong></span> <span class='ocrx_word' id='word_1_778' title='bbox 1226 5764 1341 5807; x_wconf 87' lang='lat' dir='ltr'><strong>eam</strong></span> <span class='ocrx_word' id='word_1_779' title='bbox 1386 5752 1523 5803; x_wconf 84' lang='lat' dir='ltr'><strong>enim</strong></span> <span class='ocrx_word' id='word_1_780' title='bbox 1572 5762 1656 5806; x_wconf 85' lang='lat' dir='ltr'><strong>tan</strong></span> 
     </span>
    </p>
   </div>
   <div class='ocr_carea' id='block_1_105' title="bbox 1786 4669 3350 4738">
    <p class='ocr_par' dir='ltr' id='par_1_105' title="bbox 1786 4669 3350 4738">
     <span class='ocr_line' id='line_1_105' title="bbox 1786 4669 3350 4738; baseline -0.001 -16"><span class='ocrx_word' id='word_1_781' title='bbox 1786 4671 1942 4734; x_wconf 87' lang='lat' dir='ltr'><strong>bant;</strong></span> <span class='ocrx_word' id='word_1_782' title='bbox 1974 4669 2338 4738; x_wconf 85' lang='lat' dir='ltr'><strong>imperfectum</strong></span> <span class='ocrx_word' id='word_1_783' title='bbox 2388 4686 2515 4724; x_wconf 85' lang='lat' dir='ltr'><strong>vero</strong></span> <span class='ocrx_word' id='word_1_784' title='bbox 2563 4685 2776 4723; x_wconf 89' lang='lat' dir='ltr'><strong>manere</strong></span> <span class='ocrx_word' id='word_1_785' title='bbox 2825 4684 2989 4736; x_wconf 89' lang='lat' dir='ltr'><strong>usque</strong></span> <span class='ocrx_word' id='word_1_786' title='bbox 3033 4670 3100 4721; x_wconf 90' lang='lat' dir='ltr'><strong>ad</strong></span> <span class='ocrx_word' id='word_1_787' title='bbox 3151 4669 3350 4720; x_wconf 81' lang='lat' dir='ltr'><strong>obitum</strong></span> 
     </span>
    </p>
   </div>
   <div class='ocr_carea' id='block_1_106' title="bbox 1784 4758 3357 4828">
    <p class='ocr_par' dir='ltr' id='par_1_106' title="bbox 1784 4758 3357 4828">
     <span class='ocr_line' id='line_1_106' title="bbox 1784 4758 3357 4828; baseline -0.003 -13"><span class='ocrx_word' id='word_1_788' title='bbox 1784 4776 1960 4823; x_wconf 89' lang='lat' dir='ltr'><strong>suum,</strong></span> <span class='ocrx_word' id='word_1_789' title='bbox 1990 4770 2048 4814; x_wconf 92' lang='lat' dir='ltr'><strong>ut</strong></span> <span class='ocrx_word' id='word_1_790' title='bbox 2076 4761 2385 4828; x_wconf 89' lang='lat' dir='ltr'><strong>imperfecto</strong></span> <span class='ocrx_word' id='word_1_791' title='bbox 2428 4761 2708 4827; x_wconf 80' lang='lat' dir='ltr'><strong>existente,</strong></span> <span class='ocrx_word' id='word_1_792' title='bbox 2743 4776 2834 4827; x_wconf 86' lang='lat' dir='ltr'><strong>per</strong></span> <span class='ocrx_word' id='word_1_793' title='bbox 2862 4761 3124 4814; x_wconf 87' lang='lat' dir='ltr'><strong>celebrem</strong></span> <span class='ocrx_word' id='word_1_794' title='bbox 3160 4758 3357 4810; x_wconf 69' lang='lat' dir='ltr'><strong>festivi-</strong></span> 
     </span>
    </p>
   </div>
   <div class='ocr_carea' id='block_1_107' title="bbox 1788 4848 3356 4918">
    <p class='ocr_par' dir='ltr' id='par_1_107' title="bbox 1788 4848 3356 4918">
     <span class='ocr_line' id='line_1_107' title="bbox 1788 4848 3356 4918; baseline -0.003 -14"><span class='ocrx_word' id='word_1_795' title='bbox 1788 4861 1982 4913; x_wconf 87' lang='lat' dir='ltr'><strong>tatem,</strong></span> <span class='ocrx_word' id='word_1_796' title='bbox 2023 4852 2304 4904; x_wconf 82' lang='lat' dir='ltr'><strong>assistente</strong></span> <span class='ocrx_word' id='word_1_797' title='bbox 2332 4854 2495 4911; x_wconf 86' lang='lat' dir='ltr'><strong>clero,</strong></span> <span class='ocrx_word' id='word_1_798' title='bbox 2531 4851 2884 4918; x_wconf 83' lang='lat' dir='ltr'><strong>ingredientes</strong></span> <span class='ocrx_word' id='word_1_799' title='bbox 2922 4851 3009 4915; x_wconf 90' lang='lat' dir='ltr'><strong>qui</strong></span> <span class='ocrx_word' id='word_1_800' title='bbox 3040 4848 3356 4901; x_wconf 85' lang='lat' dir='ltr'><strong>dicebantur</strong></span> 
     </span>
    </p>
   </div>
   <div class='ocr_carea' id='block_1_108' title="bbox 1786 4940 3354 5013">
    <p class='ocr_par' dir='ltr' id='par_1_108' title="bbox 1786 4940 3354 5013">
     <span class='ocr_line' id='line_1_108' title="bbox 1786 4940 3354 5013; baseline -0.005 -17"><span class='ocrx_word' id='word_1_801' title='bbox 1786 4943 2012 4996; x_wconf 88' lang='lat' dir='ltr'><strong>studiosi</strong></span> <span class='ocrx_word' id='word_1_802' title='bbox 2039 4940 2178 5013; x_wconf 72' lang='lat'><strong>(52),</strong></span> <span class='ocrx_word' id='word_1_803' title='bbox 2208 4943 2449 4995; x_wconf 89' lang='lat' dir='ltr'><strong>dicerent</strong></span> <span class='ocrx_word' id='word_1_804' title='bbox 2474 4942 2540 4993; x_wconf 90' lang='lat' dir='ltr'><strong>ad</strong></span> <span class='ocrx_word' id='word_1_805' title='bbox 2570 4956 2690 4994; x_wconf 88' lang='lat' dir='ltr'><strong>eum</strong></span> <span class='ocrx_word' id='word_1_806' title='bbox 2716 4957 2729 4992; x_wconf 92' lang='lat'><strong>:</strong></span> <span class='ocrx_word' id='word_1_807' title='bbox 2767 4941 3005 5001; x_wconf 89' lang='lat' dir='ltr'><strong>Domine,</strong></span> <span class='ocrx_word' id='word_1_808' title='bbox 3043 4952 3354 4991; x_wconf 82' lang='lat' dir='ltr'><strong>monumen-</strong></span> 
     </span>
    </p>
   </div>
   <div class='ocr_carea' id='block_1_109' title="bbox 1789 5030 3354 5098">
    <p class='ocr_par' dir='ltr' id='par_1_109' title="bbox 1789 5030 3354 5098">
     <span class='ocr_line' id='line_1_109' title="bbox 1789 5030 3354 5098; baseline -0.005 -15"><span class='ocrx_word' id='word_1_809' title='bbox 1789 5041 1898 5084; x_wconf 90' lang='lat' dir='ltr'><strong>tum</strong></span> <span class='ocrx_word' id='word_1_810' title='bbox 1918 5042 2061 5084; x_wconf 89' lang='lat' dir='ltr'><strong>tuum</strong></span> <span class='ocrx_word' id='word_1_811' title='bbox 2080 5030 2443 5098; x_wconf 85' lang='lat' dir='ltr'><strong>imperfectum</strong></span> <span class='ocrx_word' id='word_1_812' title='bbox 2455 5038 2557 5092; x_wconf 89' lang='lat' dir='ltr'><strong>est,</strong></span> <span class='ocrx_word' id='word_1_813' title='bbox 2575 5030 2798 5096; x_wconf 65' lang='lat' dir='ltr'><strong>precipe</strong></span> <span class='ocrx_word' id='word_1_814' title='bbox 2810 5042 2937 5093; x_wconf 78' lang='lat' dir='ltr'><strong>ergo</strong></span> <span class='ocrx_word' id='word_1_815' title='bbox 2954 5037 3354 5078; x_wconf 84' lang='lat' dir='ltr'><strong>utconsntnme-</strong></span> 
     </span>
    </p>
   </div>
   <div class='ocr_carea' id='block_1_110' title="bbox 1791 5114 3353 5186">
    <p class='ocr_par' dir='ltr' id='par_1_110' title="bbox 1791 5114 3353 5186">
     <span class='ocr_line' id='line_1_110' title="bbox 1791 5114 3353 5186; baseline -0.003 -15"><span class='ocrx_word' id='word_1_816' title='bbox 1791 5130 1893 5184; x_wconf 92' lang='lat' dir='ltr'><strong>tur,</strong></span> <span class='ocrx_word' id='word_1_817' title='bbox 1913 5135 1977 5172; x_wconf 87' lang='lat' dir='ltr'><strong>eo</strong></span> <span class='ocrx_word' id='word_1_818' title='bbox 1993 5120 2131 5186; x_wconf 91' lang='lat' dir='ltr'><strong>quod</strong></span> <span class='ocrx_word' id='word_1_819' title='bbox 2163 5119 2369 5172; x_wconf 79' lang='lat' dir='ltr'><strong>nescias</strong></span> <span class='ocrx_word' id='word_1_820' title='bbox 2388 5133 2488 5185; x_wconf 85' lang='lat' dir='ltr'><strong>qua</strong></span> <span class='ocrx_word' id='word_1_821' title='bbox 2506 5119 2634 5172; x_wconf 81' lang='lat' dir='ltr'><strong>liora</strong></span> <span class='ocrx_word' id='word_1_822' title='bbox 2654 5118 2734 5170; x_wconf 91' lang='lat' dir='ltr'><strong>fur</strong></span> <span class='ocrx_word' id='word_1_823' title='bbox 2755 5117 2930 5170; x_wconf 86' lang='lat' dir='ltr'><strong>veniat</strong></span> <span class='ocrx_word' id='word_1_824' title='bbox 2951 5114 3140 5184; x_wconf 78' lang='lat' dir='ltr'><strong>(Matth</strong></span> <span class='ocrx_word' id='word_1_825' title='bbox 3184 5129 3304 5166; x_wconf 82' lang='lat' dir='ltr'><strong>xxiv</strong></span> <span class='ocrx_word' id='word_1_826' title='bbox 3318 5123 3353 5177; x_wconf 89' lang='lat'><strong>).</strong></span> 
     </span>
    </p>
   </div>
   <div class='ocr_carea' id='block_1_111' title="bbox 1787 5206 3357 5269">
    <p class='ocr_par' dir='ltr' id='par_1_111' title="bbox 1787 5206 3357 5269">
     <span class='ocr_line' id='line_1_111' title="bbox 1787 5206 3357 5269; baseline -0.006 -5"><span class='ocrx_word' id='word_1_827' title='bbox 1787 5212 1903 5265; x_wconf 88' lang='lat' dir='ltr'><strong>Hoc</strong></span> <span class='ocrx_word' id='word_1_828' title='bbox 1929 5223 2104 5265; x_wconf 90' lang='lat' dir='ltr'><strong>autem</strong></span> <span class='ocrx_word' id='word_1_829' title='bbox 2153 5211 2380 5264; x_wconf 82' lang='lat' dir='ltr'><strong>faciebat</strong></span> <span class='ocrx_word' id='word_1_830' title='bbox 2407 5210 2496 5265; x_wconf 89' lang='lat' dir='ltr'><strong>ille</strong></span> <span class='ocrx_word' id='word_1_831' title='bbox 2522 5219 2735 5264; x_wconf 84' lang='lat' dir='ltr'><strong>sanctus</strong></span> <span class='ocrx_word' id='word_1_832' title='bbox 2781 5220 2838 5262; x_wconf 90' lang='lat' dir='ltr'><strong>ut</strong></span> <span class='ocrx_word' id='word_1_833' title='bbox 2869 5210 2934 5260; x_wconf 88' lang='lat' dir='ltr'><strong>ita</strong></span> <span class='ocrx_word' id='word_1_834' title='bbox 2966 5207 3141 5269; x_wconf 78' lang='lat' dir='ltr'><strong>fieret,</strong></span> <span class='ocrx_word' id='word_1_835' title='bbox 3173 5206 3357 5256; x_wconf 88' lang='lat' dir='ltr'><strong>volens</strong></span> 
     </span>
    </p>
   </div>
   <div class='ocr_carea' id='block_1_112' title="bbox 1760 5296 3354 5369">
    <p class='ocr_par' dir='ltr' id='par_1_112' title="bbox 1760 5296 3354 5369">
     <span class='ocr_line' id='line_1_112' title="bbox 1760 5296 3354 5369; baseline -0.008 -14"><span class='ocrx_word' id='word_1_836' title='bbox 1760 5299 2131 5356; x_wconf 72' lang='lat' dir='ltr'><strong>’imitationem</strong></span> <span class='ocrx_word' id='word_1_837' title='bbox 2163 5302 2354 5355; x_wconf 84' lang='lat' dir='ltr'><strong>bonam</strong></span> <span class='ocrx_word' id='word_1_838' title='bbox 2386 5310 2438 5355; x_wconf 90' lang='lat' dir='ltr'><strong>et</strong></span> <span class='ocrx_word' id='word_1_839' title='bbox 2468 5310 2584 5369; x_wconf 86' lang='lat' dir='ltr'><strong>post</strong></span> <span class='ocrx_word' id='word_1_840' title='bbox 2612 5316 2670 5354; x_wconf 89' lang='lat' dir='ltr'><strong>se</strong></span> <span class='ocrx_word' id='word_1_841' title='bbox 2697 5298 2888 5353; x_wconf 81' lang='lat' dir='ltr'><strong>futuris</strong></span> <span class='ocrx_word' id='word_1_842' title='bbox 2935 5296 3234 5363; x_wconf 86' lang='lat' dir='ltr'><strong>relinquere</strong></span> <span class='ocrx_word' id='word_1_843' title='bbox 3267 5309 3354 5360; x_wconf 84' lang='lat' dir='ltr'><strong>pa-</strong></span> 
     </span>
    </p>
   </div>
   <div class='ocr_carea' id='block_1_113' title="bbox 1789 5389 2049 5446">
    <p class='ocr_par' dir='ltr' id='par_1_113' title="bbox 1789 5389 2049 5446">
     <span class='ocr_line' id='line_1_113' title="bbox 1789 5389 2049 5446; baseline -0.012 -1"><span class='ocrx_word' id='word_1_844' title='bbox 1789 5389 2049 5446; x_wconf 88' lang='lat' dir='ltr'><strong>triarchis.</strong></span> 
     </span>
    </p>
   </div>
   <div class='ocr_carea' id='block_1_114' title="bbox 1855 5479 3353 5540">
    <p class='ocr_par' dir='ltr' id='par_1_114' title="bbox 1855 5479 3353 5540">
     <span class='ocr_line' id='line_1_114' title="bbox 1855 5479 3353 5540; baseline -0.006 -6"><span class='ocrx_word' id='word_1_845' title='bbox 1855 5484 1986 5536; x_wconf 72' lang='lat' dir='ltr'><strong>Cn.</strong></span> <span class='ocrx_word' id='word_1_846' title='bbox 2031 5481 2169 5535; x_wconf 77' lang='lat' dir='ltr'><strong>XIX.</strong></span> <span class='ocrx_word' id='word_1_847' title='bbox 2198 5510 2269 5521; x_wconf 96' lang='lat'><strong>—</strong></span> <span class='ocrx_word' id='word_1_848' title='bbox 2313 5481 2537 5535; x_wconf 90' lang='lat' dir='ltr'><strong>Domino</strong></span> <span class='ocrx_word' id='word_1_849' title='bbox 2585 5481 2653 5534; x_wconf 92' lang='lat' dir='ltr'><strong>ob</strong></span> <span class='ocrx_word' id='word_1_850' title='bbox 2680 5479 3067 5533; x_wconf 88' lang='lat' dir='ltr'><strong>multitudinem</strong></span> <span class='ocrx_word' id='word_1_851' title='bbox 3113 5483 3353 5540; x_wconf 84' lang='lat' dir='ltr'><strong>peccato-</strong></span> 
     </span>
    </p>
   </div>
   <div class='ocr_carea' id='block_1_115' title="bbox 1787 5567 3354 5638">
    <p class='ocr_par' dir='ltr' id='par_1_115' title="bbox 1787 5567 3354 5638">
     <span class='ocr_line' id='line_1_115' title="bbox 1787 5567 3354 5638; baseline -0.006 -13"><span class='ocrx_word' id='word_1_852' title='bbox 1787 5587 1903 5625; x_wconf 88' lang='lat' dir='ltr'><strong>rum</strong></span> <span class='ocrx_word' id='word_1_853' title='bbox 1955 5580 2253 5624; x_wconf 84' lang='lat' dir='ltr'><strong>nostrorum</strong></span> <span class='ocrx_word' id='word_1_854' title='bbox 2305 5573 2671 5638; x_wconf 86' lang='lat' dir='ltr'><strong>permittente,</strong></span> <span class='ocrx_word' id='word_1_855' title='bbox 2720 5572 2928 5636; x_wconf 85' lang='lat' dir='ltr'><strong>propria</strong></span> <span class='ocrx_word' id='word_1_856' title='bbox 2982 5567 3179 5631; x_wconf 86' lang='lat' dir='ltr'><strong>templa</strong></span> <span class='ocrx_word' id='word_1_857' title='bbox 3234 5579 3354 5630; x_wconf 65' lang='lat' dir='ltr'><strong>quae</strong></span> 
     </span>
    </p>
   </div>
   <div class='ocr_carea' id='block_1_116' title="bbox 1788 5657 3353 5728">
    <p class='ocr_par' dir='ltr' id='par_1_116' title="bbox 1788 5657 3353 5728">
     <span class='ocr_line' id='line_1_116' title="bbox 1788 5657 3353 5728; baseline -0.006 -13"><span class='ocrx_word' id='word_1_858' title='bbox 1788 5672 1940 5715; x_wconf 85' lang='lat' dir='ltr'><strong>erant</strong></span> <span class='ocrx_word' id='word_1_859' title='bbox 1967 5660 2339 5728; x_wconf 84' lang='lat' dir='ltr'><strong>Jerosolymis,</strong></span> <span class='ocrx_word' id='word_1_860' title='bbox 2373 5673 2402 5712; x_wconf 92' lang='lat' dir='ltr'><strong>a</strong></span> <span class='ocrx_word' id='word_1_861' title='bbox 2433 5660 2790 5726; x_wconf 87' lang='lat' dir='ltr'><strong>percutiendis</strong></span> <span class='ocrx_word' id='word_1_862' title='bbox 2821 5674 2847 5709; x_wconf 88' lang='lat' dir='ltr'><strong>a</strong></span> <span class='ocrx_word' id='word_1_863' title='bbox 2881 5657 2987 5709; x_wconf 83' lang='lat' dir='ltr'><strong>lleo</strong></span> <span class='ocrx_word' id='word_1_864' title='bbox 3017 5657 3191 5709; x_wconf 84' lang='lat' dir='ltr'><strong>Persis</strong></span> <span class='ocrx_word' id='word_1_865' title='bbox 3236 5667 3353 5706; x_wconf 88' lang='lat' dir='ltr'><strong>cre-</strong></span> 
     </span>
    </p>
   </div>
   <div class='ocr_carea' id='block_1_117' title="bbox 1791 5744 3352 5812">
    <p class='ocr_par' dir='ltr' id='par_1_117' title="bbox 1791 5744 3352 5812">
     <span class='ocr_line' id='line_1_117' title="bbox 1791 5744 3352 5812; baseline -0.006 -8"><span class='ocrx_word' id='word_1_866' title='bbox 1791 5750 1943 5810; x_wconf 83' lang='lat' dir='ltr'><strong>mari.</strong></span> <span class='ocrx_word' id='word_1_867' title='bbox 1991 5751 2202 5804; x_wconf 89' lang='lat' dir='ltr'><strong>discens</strong></span> <span class='ocrx_word' id='word_1_868' title='bbox 2230 5749 2312 5802; x_wconf 91' lang='lat' dir='ltr'><strong>hic</strong></span> <span class='ocrx_word' id='word_1_869' title='bbox 2365 5749 2728 5802; x_wconf 83' lang='lat' dir='ltr'><strong>sanctissimus</strong></span> <span class='ocrx_word' id='word_1_870' title='bbox 2769 5747 3062 5812; x_wconf 83' lang='lat' dir='ltr'><strong>patriarcha</strong></span> <span class='ocrx_word' id='word_1_871' title='bbox 3113 5746 3162 5798; x_wconf 89' lang='lat' dir='ltr'><strong>in</strong></span> <span class='ocrx_word' id='word_1_872' title='bbox 3192 5744 3352 5796; x_wconf 73' lang='lat' dir='ltr'><strong>multa</strong></span> 
     </span>
    </p>
   </div>
  </div>
