4118 6432
119 421 134 470 ι
153 420 267 472 εδδ

1051 390 1207 444 “TA
1252 384 1489 441 SANCTI
1535 378 1810 434 JOANNIS
1853 375 2416 429 iLLEEPilOSYNARll.

3239 377 3374 434 I634

119 525 294 574 ιιιηηε
335 516 718 573 "mutabantur
765 517 818 563 et
846 505 1209 564 tristabantnr,
1243 511 1296 554 et
1348 507 1524 552 mente
1571 510 1696 546 con-
1734 489 1777 546 Λ
1807 487 2122 552 gentarium,
2149 485 2441 550 quidamna
2468 483 2741 535 inciderat.
2777 483 2853 534 Ad
2888 483 3208 536 locutionem
3235 499 3364 538 vero

123 612 519 666 sternebantur
568 604 631 656 ad
674 602 1010 662 alterutrum,
1040 605 1090 646 et
1134 592 1380 645 dicebant
1422 587 1603 653 :Ergo
1641 597 1707 635 ne

125 699 278 752 nihil
325 700 581 752 habemus
625 694 746 746 hic?
783 691 932 744 Tunc
978 688 1108 741 dicit
1135 702 1271 738 unus
1319 698 1499 736 eorum
1531 697 1544 732 :
1576 679 1711 731 Vere

123 791 268 842 nihil
329 789 616 849 habemus,
671 782 771 835 nisi
819 794 974 832 unam
1027 779 1310 845 siliginem,
1353 786 1510 839 quam
1566 769 1714 821 dedit

121 891 268 932 ante
303 880 436 932 duos
463 878 578 930 dies
606 874 836 934 tlhristo,
872 881 923 922 et
950 870 1113 936 ipsam
1142 881 1243 918 non
1274 862 1594 916 voluntarie.
1651 857 1715 909 Et

121 973 474 1024 mittentibus
503 967 579 1020 eis
626 966 913 1030 siliginem,
947 959 1220 1026 :equalitas
1250 956 1384 1009 facta
1413 961 1512 1004 est.
1565 951 1716 1002 Tunc

121 1060 329 1112 dicunt
374 1055 667 1111 teloneario
715 1053 768 1104 bi
812 1051 898 1118 qui
939 1064 1006 1114 ap
1033 1052 1293 1099 paruerant
1323 1045 1369 1095 ei
1403 1039 1665 1093 candidati
1701 1052 1714 1087 :

126 1149 319 1211 Vade,
351 1158 404 1202 et
431 1162 563 1212 auge
589 1144 652 1195 ad
707 1143 969 1207 silig.nem
1017 1137 1178 1198 hanc,
1223 1148 1341 1185 nam
1387 1144 1510 1182 vere
1550 1124 1719 1180 Mauri

129 1242 232 1293 isti
265 1250 319 1293 te
355 1238 768 1306 apprehendent.
802 1231 1016 1296 Ejulans
1039 1242 1185 1293 ergo,
1211 1223 1423 1291 agnovit
1449 1235 1568 1287 quae
1613 1220 1718 1269 visa

126 1342 274 1384 sum
310 1331 376 1381 ab
407 1344 472 1380 eo
508 1340 614 1378 non
661 1338 778 1375 esse
811 1318 1099 1380 mendacia,
1134 1317 1224 1368 sed
1257 1313 1485 1366 veracia.
1517 1308 1722 1363 ‘Omnia

134 1436 288 1483 vero
319 1434 437 1488 quae
485 1435 512 1468 a
555 1416 836 1484 juvenlute
886 1424 976 1462 Sua
1023 1393 1380 1468 commiserat,
1413 1411 1465 1455 et
1502 1412 1724 1467 quorum

133 1528 268 1576 ipse
300 1518 412 1561 erat
439 1507 654 1564 oblitus,
687 1502 898 1554 videbat
929 1497 1209 1564 Etltiopes
1231 1495 1351 1547 illos
1382 1503 1724 1558 congregare,

134 1608 196 1650 et
249 1599 536 1664 deportare
565 1595 629 1646 ad
665 1594 869 1653 libram,
901 1597 955 1641 et
1000 1587 1249 1638 dicebat:
1308 1582 1447 1634 Vave
1498 1579 1635 1646 (65),
1681 1578 1725 1628 si

138 1703 258 1740 una
301 1688 452 1752 siligo
493 1696 649 1750 quant
695 1679 886 1748 jactavi
920 1691 1010 1743 per
1045 1675 1277 1726 furorem
1324 1671 1394 1723 ita
1439 1668 1655 1736 profuit,
1699 1681 1727 1716 a

140 1779 373 1845 quantis
402 1776 553 1828 malis
596 1787 653 1823 se
684 1772 871 1823 liberat
920 1767 1006 1835 qui
1037 1766 1125 1817 dat
1173 1765 1222 1814 in
1269 1760 1608 1827 simplit-itate
1635 1771 1728 1809 sua

146 1871 306 1924 bona
357 1863 755 1936 indigentibus?
806 1862 868 1914 Et
899 1861 963 1912 de
994 1867 1190 1910 cmtero
1241 1855 1309 1906 ita
1361 1852 1629 1905 modestus
1676 1859 1728 1902 et

149 1962 399 2029 prudens
429 1969 585 2025 atque
616 1969 854 2009 summus
876 1953 1297 2019 eleemosynator
1345 1944 1515 1998 factus
1544 1952 1644 2002 est,
1673 1951 1729 1994 nt

149 2051 328 2105 ctiam
358 2046 570 2115 corpori
597 2045 812 2114 proprio
836 2059 939 2096 non
969 2048 1228 2107 parceret.

234 2140 474 2209 Contigit
500 2140 640 2192 enim
675 2135 954 2204 aliquando
984 2132 1273 2186 secundum
1299 2123 1730 2182 consuetudinem

157 2234 465 2302 procedere
509 2246 629 2284 eum
681 2227 910 2281 diluculo
957 2226 1020 2278 ad
1052 2224 1341 2286 teloneum,
1384 2228 1436 2272 et
1469 2218 1641 2270 obviat
1684 2215 1732 2268 ei

162 2339 356 2390 nauta,
388 2327 474 2393 qui
502 2340 530 2376 a
562 2324 834 2390 naufragio
865 2321 1034 2374 nudus
1067 2328 1123 2370 ut
1161 2328 1311 2369 natus
1341 2325 1422 2368 est
1457 2320 1732 2372 evaserat;

162 2426 223 2469 et
256 2413 450 2467 cecidit
492 2424 615 2465 ante
663 2427 804 2471 eum,
845 2423 1037 2473 rogans
1067 2417 1123 2460 ut
1182 2407 1558 2474 protectionem
1598 2399 1735 2468 apud

166 2522 298 2559 eum
329 2506 654 2570 impetraret.
684 2501 773 2553 lllc
800 2514 926 2568 ergo
959 2511 1145 2565 putans
1175 2494 1317 2564 quod
1347 2507 1542 2562 egenus
1566 2498 1729 2552 esset,

170 2594 496 2660 cxspoliavit
541 2605 599 2643 se
649 2589 985 2656 es'Opliorium
1019 2588 1128 2656 (ϋά)
1174 2601 1366 2649 suum,
1416 2583 1554 2650 quod
1601 2581 1739 2634 illius

174 2684 374 2736 melius
403 2693 544 2746 erat,
583 2690 637 2736 et
682 2683 771 2733 dat
800 2680 871 2738 ei,
901 2679 1204 2744 rogavitque
1239 2689 1360 2728 eum
1391 2682 1447 2726 ut
1490 2675 1591 2724 hoc
1631 2673 1741 2736 ipse

177 2776 488 2827 vestiretur.
547 2774 776 2839 Pergens
823 2783 949 2822 vero
994 2769 1081 2821 ille
1108 2778 1161 2820 et
1189 2768 1507 2820 erubescens
1555 2762 1739 2817 vestiri

183 2866 315 2924 hoc,
345 2864 488 2916 dedit
521 2862 642 2914 illud
679 2860 934 2912 venditori
967 2868 1022 2911 ut
1051 2858 1474 2911 venumdaretur.
1507 2855 1571 2907 Et
1622 2868 1742 2906 cum

184 2954 461 3007 recederet
485 2953 823 3013 telonearius,
857 2950 981 3001 vidit
1012 2947 1111 2999 hoc
1131 2961 1466 3012 suSpensum,
1490 2955 1540 2998 et
1570 2946 1745 2996 trista-

187 3056 276 3099 tus
298 3057 376 3098 est
400 3046 769 3104 vehementer;
794 3051 847 3094 et
869 3038 1161 3093 ascendens
1183 3037 1396 3089 domum
1418 3051 1588 3098 suam,
1617 3035 1744 3086 nihil

191 3151 378 3206 passus
425 3147 499 3186 cst
549 3143 793 3200 gustare;
837 3131 928 3183 sed
967 3128 1222 3182 claudens
1247 3127 1440 3180 ostium
1482 3124 1746 3178 conclavis

191 3231 298 3286 sui.
382 3221 610 3280 sedebat
668 3218 890 3289 plorans
937 3233 994 3279 et
1065 3220 1343 3285 cogitans:
1382 3217 1512 3282 Quia
1547 3230 1650 3268 non
1676 3216 1744 3266 fni

193 3321 406 3384 dignus,
458 3319 643 3383 inquit,
679 3326 732 3368 ut
773 3314 877 3366 mei
922 3313 1229 3365 memoriam
1271 3309 1493 3360 haberet.
1527 3319 1748 3372 egenus.

195 3405 326 3457 Cum
375 3420 498 3472 ergo
546 3407 869 3464 anxiaretur,
917 3401 1265 3459 obdormivit;
1322 3406 1377 3449 et
1421 3409 1546 3449 ecce
1618 3393 1755 3445 vidit

197 3494 478 3564 quemdam
533 3496 834 3560 speciosum
912 3500 1156 3557 tanquam
1231 3487 1436 3547 solem,
1499 3485 1752 3536 ferentem

198 3603 410 3642 crucem
445 3602 603 3653 super
629 3593 785 3651 caput
809 3599 960 3635 suum
984 3591 1037 3633 et
1061 3579 1421 3647 esopborium,
1442 3575 1579 3644 quod
1598 3575 1758 3627 dede-

200 3691 285 3732 rat
340 3687 551 3741 nautze,
613 3677 952 3730 assisteutem
995 3675 1092 3726 sibi
1136 3684 1188 3726 et
1258 3673 1518 3724 dicentem
1570 3687 1583 3720 ι
1624 3667 1758 3732 Quid

204 3771 403 3832 ploras,
428 3770 638 3821 domine
666 3767 866 3820 Petrei
899 3766 1007 3819 Hoc
1032 3764 1170 3816 enim
1204 3772 1319 3815 erat
1345 3764 1390 3814 ei
1423 3775 1636 3814 nomen.
1672 3761 1762 3814 Ille

206 3875 332 3912 vero
362 3860 514 3919 dzxit,
569 3868 626 3909 ut
664 3858 728 3909 ad
773 3856 932 3909 Deum
965 3855 1240 3920 diSputans
1279 3867 1292 3903 :
1323 3852 1478 3916 Quia,
1509 3849 1761 3912 Domine,

205 3963 269 4000 ex
302 3948 491 4014 quibus
541 3946 748 4013 largiris
778 3944 952 4006 nobis,
984 3943 1170 3996 damus
1198 3940 1374 4000 alacui,
1422 3945 1476 3990 et
1516 3937 1566 3989 iu
1613 3949 1765 4003 turpe

207 4039 410 4089 lucrmn
446 4045 655 4089 vertunt
680 4035 1017 4102 accipientes.
1044 4032 1191 4084 Tunc
1218 4029 1344 4084 dicit
1368 4030 1414 4083 ei
1441 4045 1452 4078 :
1480 4027 1766 4096 Cagnoscis

210 4128 346 4179 hoc?
380 4127 444 4178 Et
485 4127 714 4178 ostendit
743 4126 792 4178 ei
825 4126 944 4192 quia
977 4123 1187 4176 deintus
1219 4123 1443 4176 vestitus
1471 4131 1610 4175 esset
1653 4121 1768 4188 ejus

207 4216 511 4281 esopliorio.
557 4214 692 4267 Dicit
742 4215 788 4267 ei
820 4231 832 4266 :
871 4215 1006 4267 Ecce
1055 4228 1152 4278 ego
1189 4212 1279 4265 illo
1322 4215 1536 4270 vesthr.
1565 4227 1629 4264 ex
1665 4228 1772 4279 quo

209 4306 399 4359 dedisti
432 4305 560 4358 mihi
591 4307 718 4364 hoc;
747 4313 802 4357 et
829 4302 1026 4372 gratias
1053 4318 1151 4368 ago
1181 4303 1432 4356 voluntati
1465 4313 1563 4355 tua:
1589 4304 1769 4366 bonae,

211 4396 459 4462 quoniam
489 4393 685 4461 frigore
711 4392 1004 4461 attligebar,
1034 4405 1085 4443 et
1116 4403 1166 4443 tu
1190 4392 1507 4457 couperuisti
1549 4407 1651 4443 me.
1696 4391 1773 4443 Ad

1812 577 2140 627 venientibus
2185 573 2460 636 ambobus,
2511 571 2637 623 dicit
2675 573 2722 623 ei
2757 571 2990 624 nmarius
3033 571 3212 625 :Audi
3251 588 3366 627 me.

1813 667 1973 726 Zoile,
2007 675 2058 718 et
2090 679 2205 717 eme
2233 679 2442 716 servum
2469 679 2650 722 unum,
2677 663 2797 729 quia
2823 662 2995 714 habeo
3019 671 3123 714 tam
3153 661 3374 724 bonum,

1815 757 2025 807 utdicat
2064 754 2220 805 homo
2259 751 2397 819 quod
2443 755 2695 815 patricius
2724 752 2812 803 sit.
2847 752 2910 803 Et
2940 751 3157 804 audiens
3187 767 3378 820 argen-

1815 846 1976 896 tarius
2021 842 2158 909 quod
2182 854 2392 893 servum
2441 839 2676 902 haberet,
2710 839 2997 891 admiratus
3024 850 3125 901 est,
3160 850 3216 893 et
3251 841 3381 893 dicit

1818 933 1865 986 ei
1899 951 1909 984 ;
1942 932 2111 984 Crete
2143 930 2295 990 mihi,
2323 928 2442 996 quia
2476 943 2577 980 non
2609 929 2855 993 possideo
2886 927 3028 979 unde
3056 941 3234 980 emere
3257 943 3381 996 pos—

1819 1026 1938 1075 sim.
1976 1022 2104 1074 Dicit
2144 1022 2190 1073 ei
2226 1035 2433 1071 rursum
2486 1021 2762 1071 notarius:
2797 1020 2988 1086 Accipe
3020 1027 3286 1082 mutuum,
3333 1028 3385 1071 et

1821 1127 1938 1163 eine
1971 1126 2114 1172 eum,
2147 1111 2365 1160 multum
2402 1109 2543 1159 enim
2573 1121 2650 1160 est
2683 1108 2872 1172 bonus,
2907 1119 2960 1160 et
2984 1108 3263 1160 benedicet
3293 1108 3386 1160 tibi

1827 1203 1962 1253 Deus
1995 1217 2086 1267 per
2113 1215 2254 1252 eum.
2291 1199 2566 1266 Acquievit
2592 1212 2718 1261 ergo
2746 1200 2816 1260 ei,
2841 1211 2894 1250 et
2914 1200 3040 1251 emit
3065 1213 3186 1251 eum
3213 1197 3388 1250 sordi-

1825 1291 1904 1342 dis
1934 1290 2166 1342 vestibus
2196 1289 2453 1352 indutum,
2496 1287 2903 1350 pumismatibus
2936 1288 3164 1354 triginta.
3210 1287 3388 1339 llelin-

1825 1394 1992 1446 quens
2024 1390 2200 1430 autem
2230 1392 2347 1430 eum
2375 1380 2634 1440 notarius,
2675 1376 2803 1427 abiit
2847 1375 3388 1442 ConstantinOpolim,

1828 1470 2159 1522 satisfaciens
2189 1468 2328 1535 quod
2361 1467 2488 1518 nulli
2521 1466 2621 1518 hoc
2661 1465 3044 1528 manilestaret,
3075 1474 3124 1518 et
3167 1466 3305 1533 quod
3329 1467 3394 1517 de

1829 1559 1999 1625 pretio
2023 1571 2352 1624 nequaquam
2377 1557 2476 1608 sibi
2503 1557 2778 1608 retinendo
2800 1555 2994 1622 aliquid
3031 1555 3392 1616 defraudarct,

1829 1647 1924 1698 sed
1986 1648 2086 1698 hoc
2131 1654 2294 1697 totum
2331 1645 2650 1710 pauperibus
2709 1645 2878 1698 daret.
2932 1645 3070 1710 Ergo
3117 1645 3396 1712 aliquando

1837 1737 1979 1788 idem
2037 1735 2222 1787 Petrus
2267 1735 2545 1799 coquinam
2604 1733 2832 1786 faciebat
2881 1733 3095 1786 domino
3144 1750 3258 1797 suo,
3303 1735 3400 1785 ali-

1761 1825 2040 1897 Bquando
2070 1837 2243 1876 autem
2293 1824 2498 1874 lavabat
2550 1837 2751 1890 pannos
2802 1824 2949 1889 ejus,
2999 1839 3267 1890 nunquam
3297 1823 3397 1875 ali-

1833 1915 2043 1982 quando
2090 1916 2140 1965 in
2190 1914 2425 1979 quolibet
2474 1912 2657 1964 borum
2689 1922 2952 1964 assuetus.
2985 1914 3182 1964 Atllixit
3223 1921 3397 1964 autem

1833 2008 2067 2074 seipsqu
2099 2014 2151 2057 et
2193 2003 2398 2071 jejunio
2422 2003 2603 2056 multo.
2634 2004 2762 2055 Cum
2795 2017 2920 2054 vero
2951 2003 3168 2054 vidisset
3209 2015 3271 2069 se
3311 2003 3402 2054 bc—

1838 2096 2012 2150 nedici
2060 2095 2309 2147 dominus
2339 2095 2453 2161 ejus
2504 2109 2663 2160 super
2706 2108 2914 2146 omnem
2957 2093 3396 2156 bvnedicdonem,

1834 2188 1963 2241 dicit
1996 2187 2067 2250 ei,
2106 2187 2490 2239 verecundatus
2521 2200 2791 2238 enormem
2822 2184 2939 2252 ejus
2966 2186 3215 2238 virtutem
3239 2197 3292 2238 et
3316 2187 3402 2237 hu-

1837 2281 2111 2333 militatem
2139 2297 2151 2331 :
2191 2279 2339 2343 Volo,
2376 2278 2588 2330 humilis
2619 2278 2790 2338 l‘etre,
2825 2277 3050 2329 liberare
3072 2285 3144 2340 te,
3173 2285 3228 2330 et
3248 2284 3304 2329 ut
3324 2277 3398 2330 sis

1837 2371 1903 2423 de
1933 2370 2135 2436 reliquo
2166 2369 2330 2421 lrater
2359 2383 2527 2420 mens.
2560 2366 2651 2419 llle
2684 2382 2807 2419 vero
2832 2367 3019 2419 noluit.
3064 2365 3278 2420 Viderat
3307 2382 3403 2420 au-

1838 2474 1946 2518 tem
1991 2477 2110 2516 eum
2143 2459 2446 2528 frequenter
2474 2461 2707 2512 convicia
2742 2463 3006 2525 perterre,
3040 2469 3092 2511 et
3124 2458 3328 2525 pcrcnti
3373 2477 3401 2510 a

1839 2557 2109 2611 conservis
2139 2555 2269 2609 suis.
2299 2553 2569 2607 llabcbant
2593 2566 2768 2605 amem
2797 2567 2915 2606 eum
2949 2562 3195 2619 tanquam
3218 2567 3403 2605 amen-

1844 2661 1967 2713 tem,
1997 2651 2065 2702 ita
2096 2658 2155 2701 ut
2189 2648 2466 2701 et'nomen
2515 2646 2561 2698 ei
2597 2646 2926 2711 impunerent
2952 2645 3215 2697 Amentis.
3265 2644 3407 2708 Quo-

1846 2742 2152 2807 tiescunque
2200 2752 2329 2804 ergo
2381 2736 2706 2788 tribulabant
2754 2751 2873 2787 eum
2905 2735 3148 2787 conservi
3195 2735 3307 2798 sui,
3354 2745 3408 2789 et

1846 2831 2144 2885 dormiebat
2167 2829 2220 2882 in
2255 2830 2612 2890 tribulatione,
2642 2826 2927 2893 apparebat
2954 2827 3001 2878 ei
3035 2827 3122 2893 qui
3149 2826 3198 2878 in
3236 2826 3410 2879 Africa

1849 2925 1924 2977 illi
1973 2931 2311 2988 apparuerat,
2363 2921 2584 2972 vestitus
2632 2919 2922 2985 e50phorio
2951 2917 3089 2984 ejus,
3124 2927 3311 2971 tenens
3359 2927 3412 2969 et

1849 3013 1935 3065 illa
1965 3014 2174 3080 triginta
2221 3009 2536 3062 numismata
2591 3007 2642 3059 in
2679 3022 2865 3068 manu,
2919 3007 3102 3059 dicens
3149 3009 3248 3060 ei:
3295 3007 3410 3059 Noli

1850 3111 2068 3155 moestus
2113 3115 2250 3166 csse,
2303 3100 2459 3151 frater
2491 3099 2664 3157 Petre,
2697 3113 2795 3165 ego
2835 3098 3040 3164 suscepi
3089 3107 3142 3151 et
3189 3096 3411 3166 pretium

1773 3195 1820 3256 C
1852 3194 1945 3253 tui,
1979 3191 2068 3245 sed
2103 3200 2343 3243 sustenta
2377 3202 2538 3255 usque
2568 3190 2690 3240 dum
2720 3189 3075 3255 cognoscaris.

1929 3303 2052 3356 Post
2080 3299 2290 3368 aliquod
2322 3314 2445 3351 vero
2491 3310 2720 3365 tempus,
2749 3306 3010 3352 venerunt
3037 3313 3062 3349 a
3109 3299 3272 3366 patria
3301 3301 3418 3369 ejus

1857 3394 2068 3463 quidam
2098 3393 2298 3457 argenti
2330 3391 2660 3454 venditores,
2693 3400 2745 3442 ut
2772 3403 2984 3443 orarent
3027 3393 3090 3443 ad
3143 3392 3254 3443 loca
3301 3407 3421 3444 san-

1859 3497 1940 3538 cta
1958 3501 1971 3546 ;
1990 3494 2043 3536 et
2071 3482 2311 3535 invitavit
2333 3497 2422 3534 eos
2449 3481 2510 3534 ad
2536 3481 2811 3546 prandium
2835 3479 3081 3534 dominus
3099 3481 3296 3533 domini
3326 3481 3421 3536 Pe-

1862 3575 1954 3636 tri;
1981 3584 2034 3627 et
2062 3588 2180 3628 cum
2209 3571 2552 3636 ministraret,
2580 3571 2753 3622 statim
2790 3573 2873 3623 ille
2903 3573 3148 3637 cognovit
3177 3587 3290 3628 eos.
3315 3572 3420 3639 Ipsi

1861 3673 2036 3717 autem
2082 3668 2202 3715 Cum
2251 3661 2596 3726 pranderent,
2631 3667 2904 3726 cmperunt
2950 3661 3226 3726 altigurare
3265 3675 3420 3719 eum,

1863 3763 1916 3807 et
1942 3755 2168 3806 invicem
2200 3752 2262 3803 ad
2291 3766 2444 3803 aures
2469 3750 2645 3801 dicere
2673 3765 2685 3800 :
2720 3750 2884 3814 Quam
2926 3749 3121 3802 similat
3152 3763 3281 3817 puer
3325 3750 3425 3802 iste

1864 3847 2078 3900 domino
2109 3845 2265 3898 Petro
2299 3842 2600 3896 teloneario.
2633 3841 2723 3893 llle
2761 3856 2886 3894 vcro
2909 3842 3223 3906 occultabat,
3255 3857 3425 3907 quan-

1868 3947 1976 3989 tum
2009 3944 2233 4003 poterat,
2262 3937 2458 3985 vultum
2502 3947 2678 3986 suum.
2715 3933 2907 3984 lterum
2940 3947 3066 4000 ergo
3095 3932 3424 3986 eumedenti-

1869 4030 1965 4083 bus
1995 4031 2091 4091 eis,
2124 4036 2396 4094 coeperunt
2417 4025 2590 4078 dicere
2612 4025 2675 4076 ad
2702 4039 2818 4076 eum
2841 4022 2930 4091 qui
2959 4039 3050 4075 eos
3081 4023 3428 4076 invitaverat:

1871 4121 2006 4173 Vere
2038 4130 2300 4185 putamus,
2347 4132 2430 4171 res
2461 4117 2551 4170 tibi
2576 4130 2758 4183 magna
2791 4113 2986 4172 evenit.
3016 4112 3227 4166 domine
3254 4113 3428 4175 Zoile;

1875 4215 2089 4275 etenim,
2141 4211 2240 4264 nisi
2289 4223 2548 4270 erramus,
2583 4205 2840 4274 publicam
2871 4221 3148 4272 personam
3193 4205 3244 4258 in
3278 4206 3431 4258 mini-

1875 4303 2038 4356 sterio
2070 4310 2158 4352 tuo
2189 4299 2369 4353 habes.
2418 4298 2598 4360 Neque
2625 4296 2763 4348 enim
2799 4296 3037 4348 sciebant
3064 4296 3278 4360 certius,
3313 4294 3436 4360 quia

1875 4400 1988 4442 erat
2011 4390 2076 4441 de
2102 4389 2324 4455 coquina
2356 4397 2405 4437 et
2452 4385 2653 4453 jejunio
2680 4393 3035 4435 commutatus
3075 4385 3249 4436 vultus
3295 4386 3432 4451 ejus.

213 4501 271 4540 se
300 4501 425 4553 ergo
461 4499 727 4549 reversus,
759 4483 1052 4534 admiratus
1080 4491 1180 4543 est,
1209 4490 1261 4534 et
1289 4480 1452 4548 cmpit
1474 4480 1774 4533 beatilicare
1805 4550 1832 4553 A
1877 4480 1973 4532 Diu
2007 4478 2164 4546 igitur
2197 4475 2650 4529 considerantibus
2695 4487 2836 4534 eum,
2885 4474 3010 4525 dicit
3038 4489 3170 4525 unus
3208 4488 3272 4526 ex
3299 4475 3390 4541 eis
3421 4495 3434 4527 :

216 4591 409 4644 egenos
433 4583 486 4629 et
527 4576 744 4627 dicere:
780 4573 920 4625 Vivit
948 4572 1219 4628 Dominus.
1249 4573 1292 4624 si
1320 4572 1504 4638 iu0pes
1535 4570 1774 4623 Christus
1800 4550 1852 4610 Ῑ)
1883 4567 2014 4620 Vere
2043 4566 2287 4618 dominus
2339 4565 2523 4616 Petrus
2565 4571 2662 4622 est,
2712 4574 2920 4628 surgam
2967 4570 3020 4613 et
3061 4563 3253 4614 tenebo
3293 4577 3435 4615 eum.

216 4680 368 4719 meus
399 4674 540 4728 sunt,
592 4678 693 4717 non
721 4663 943 4725 moriar,
975 4671 1031 4715 et
1070 4663 1190 4713 liam
1232 4669 1479 4728 tauquam
1526 4674 1663 4712 unus
1707 4673 1770 4712 ex

219 4756 318 4811 eis.

288 4845 558 4900 Accersilo
597 4858 724 4897 vero
755 4844 959 4896 notario
987 4857 1104 4906 suo,
1153 4855 1308 4909 quem
1337 4847 1392 4893 ct
1421 4847 1655 4899 emerat,
1699 4838 1778 4889 di-

222 4939 292 4990 cit
323 4939 370 4989 ei
402 4954 412 4987 :
441 4937 715 4990 Secretum
742 4936 863 4986 volu’
892 4935 1111 4986 credere
1143 4931 1273 4992 tibi;
1301 4939 1354 4982 et
1379 4929 1557 4990 crede,
1589 4929 1632 4979 si
1658 4941 1777 4993 pro-

226 5028 481 5095 palaveris
509 5043 613 5090 me,
643 5025 880 5079 barbaris
907 5025 1127 5077 vendam
1155 5033 1226 5084 te,
1246 5032 1333 5075 aut
1353 5023 1396 5074 si
1425 5018 1780 5088 non'audieris

224 5132 331 5169 me.
358 5118 455 5169 Dat
476 5131 599 5169 vero
614 5115 854 5168 eidecem
885 5115 1040 5166 libras
1054 5114 1254 5176 auri,et
1282 5111 1407 5164 dicit
1427 5110 1473 5163 ei
1500 5126 1513 5161 :
1544 5108 1705 5171 Vade,
1733 5114 1785 5158 et

227 5220 341 5258 eme
374 5205 461 5258 tibi
487 5207 786 5273 negotium;
816 5214 868 5254 et
910 5217 1060 5254 sume
1088 5216 1189 5263 me,
1224 5208 1278 5252 et
1317 5199 1422 5252 duc
1460 5201 1511 5251 in
1551 5207 1785 5250 sanctam

228 5295 514 5356 civitatem,
561 5303 609 5345 et
642 5292 810 5345 vende
847 5307 928 5342 me
974 5290 1189 5343 cuilibet
1216 5288 1536 5351 Christiano,
1569 5296 1619 5340 et
1673 5301 1789 5353 pre-

230 5392 357 5444 tium
387 5391 450 5441 da
482 5390 813 5456 pauperibus.
845 5386 1059 5438 Notario
1087 5399 1264 5438 autem
1310 5393 1611 5442 recusante,
1658 5383 1786 5434 dicit

231 5482 279 5533 ei
313 5483 498 5534 iterum
527 5499 539 5533 :
570 5481 826 5545 Quoniam
859 5480 898 5530 si
931 5494 1014 5530 me
1045 5493 1146 5529 non
1181 5477 1503 5540 vendideris,
1542 5490 1640 5543 ego
1663 5490 1789 5527 ven-

233 5569 348 5620 dam
401 5576 454 5622 te
487 5569 748 5630 barbaris,
781 5577 837 5620 ut
867 5568 1083 5634 przedixi
1134 5568 1244 5619 tibi.
1287 5566 1529 5619 Obedivit
1572 5580 1699 5633 ergo
1739 5566 1787 5617 ei

237 5657 500 5720 notarius;
531 5667 581 5708 et
611 5657 1036 5723 pervenientibus
1063 5657 1139 5709 eis
1171 5657 1234 5707 ad
1265 5665 1444 5707 sancta
1478 5654 1610 5716 loca,
1635 5659 1786 5707 inve-

240 5747 315 5797 nit
340 5744 473 5798 idem
502 5748 733 5799 notarius
761 5748 985 5798 amicum
1019 5759 1166 5799 suum
1199 5745 1433 5808 charum,
1467 5745 1670 5797 labrum
1707 5759 1790 5797 ar-

1883 4658 2046 4710 Valde
2075 4657 2213 4709 enim
2246 4655 2528 4721 imperator
2549 4651 2790 4719 audiens,
2838 4653 3074 4703 tristatur
3113 4651 3178 4703 de
3204 4666 3287 4714 eo,
3319 4653 3440 4717 quia

1885 4747 2079 4799 dudum
2135 4759 2240 4796 non
2289 4743 2601 4808 comparuit.
2641 4739 2788 4791 Foris
2838 4740 3015 4806 itaque
3056 4748 3203 4791 stans
3245 4740 3440 4790 audivit

1887 4837 2026 4897 hate;
2059 4844 2108 4887 et
2143 4846 2344 4900 ponens
2373 4832 2600 4882 catinum
2631 4845 2657 4880 a
2690 4844 2767 4888 se.
2795 4844 2896 4880 non
2925 4837 3005 4881 est
3036 4829 3319 4894 ingressus,
3337 4818 3442 4880 sed

1887 4936 2033 4980 recto
2063 4940 2218 4977 cursu
2249 4925 2480 4975 cucurrit
2510 4920 2572 4971 ad
2606 4929 2830 4986 portam.
2881 4920 3007 4971 Erat
3049 4919 3223 4985 itaque
3264 4919 3312 4970 ei
3353 4924 3442 4984 qui

1889 5030 2006 5069 eum
2040 5024 2163 5067 tunc
2193 5014 2420 5066 habebat
2449 5010 2695 5064 ostiarius
2729 5018 2901 5060 mulus
2943 5017 2993 5060 et
3019 5012 3209 5059 surdus
3239 5025 3266 5058 a
3307 5010 3441 5060 nati-

1889 5109 2067 5168 vitate,
2100 5107 2186 5173 qui
2217 5120 2308 5172 per
2337 5113 2516 5156 nutum
2551 5112 2722 5153 tamen
2755 5101 3024 5165 aperit-bat
3059 5109 3112 5151 et
3141 5100 3443 5152 claudebat.

1893 5200 2168 5252 Festinans
2185 5210 2311 5263 ergo
2340 5209 2524 5247 serVus
2548 5192 2638 5243 Dei
2669 5191 2835 5252 exire,
2860 5190 2983 5240 dicit
3005 5189 3164 5239 surdo
3185 5197 3237 5240 et
3262 5200 3405 5238 muto
3433 5226 3444 5236 .

1891 5287 2006 5341 Tibi
2038 5287 2157 5338 dico
2185 5286 2234 5335 iu
2266 5283 2474 5335 nomine
2505 5279 2722 5331 Christi.
2757 5279 2845 5331 Ille
2867 5291 2992 5329 vero
3015 5277 3218 5327 audivit
3246 5276 3444 5338 statim,

1892 5389 1945 5433 et
1969 5377 2104 5431 dixit
2130 5395 2141 5426 :
2171 5378 2360 5436 Etiam,
2391 5373 2622 5426 domine.
2675 5370 2863 5423 lterum
2898 5383 3022 5421 vero
3053 5368 3139 5420 ille
3179 5367 3242 5418 ad
3285 5381 3404 5418 eum
3433 5384 3447 5420 :

1892 5470 2072 5536 Aperi.
2106 5465 2396 5532 Respondit
2446 5471 2621 5516 mutus
2651 5469 2703 5512 et
2752 5459 2943 5511 surdus
2983 5457 3254 5509 secundo:
3301 5456 3447 5522 Ego,

1893 5562 2124 5614 domine.
2139 5557 2326 5612 Statim
2347 5569 2472 5622 ergo
2485 5553 2732 5613 surrexit,
2758 5562 2807 5604 et
2830 5550 3031 5617 aperuit
3052 5548 3118 5599 ei.
3139 5547 3200 5598 Et
3222 5554 3450 5599 exeunte

1895 5668 1977 5710 eo,
2004 5651 2160 5704 subiit
2187 5647 2454 5711 ostiarius,
2488 5653 2540 5696 et
2571 5643 2816 5694 clamavit
2845 5654 3021 5693 coram
3054 5637 3297 5690 omnibus
3317 5649 3448 5702 gau-

1897 5745 2029 5796 dens
2075 5751 2124 5794 ct
2171 5741 2459 5799 exsultans;
2494 5735 2611 5803 quia
2655 5733 2849 5784 audivit
2895 5737 2948 5782 et
2976 5730 3178 5782 locutus
3207 5733 3308 5789 est,
3346 5722 3452 5776 Do-
