4118 6432
103 362 272 421 1057

1095 380 1251 434 \‘lTA
1291 381 1532 437 SANCTI
1577 384 1855 439 JOANNXS
1896 386 2467 452 ELEEMOSYNARII.

3259 415 3281 467 1
3293 417 3393 472 638

104 486 399 554 angelico
424 497 600 546 vestro
644 487 950 544 indumento
998 493 1378 548 circuinamicti
1424 507 1566 560 sunt,
1619 516 1728 553 ma-
1756 506 1802 561 Α
1833 506 1971 570 quod
1997 516 2236 562 mortuus
2261 527 2431 575 esses,
2467 524 2514 565 ct
2542 517 2848 570 memoriam
2877 520 2948 572 tui
2973 519 3292 578 faciebamus
3317 535 3399 580 ter

110 578 290 632 xime
339 589 390 632 et
423 581 666 633 feniinam
703 582 1096 637 circumducere
1145 585 1208 636 ad
1259 588 1564 640 scandalum
1597 589 1726 643 alio-

107 682 257 722 rum
292 672 612 724 videntium.
645 673 791 726 Tunc
842 677 1133 729 monachus
1179 693 1296 730 cum
1327 680 1469 732 omni
1519 681 1728 734 Immili-

105 765 244 812 tate
276 764 545 815 rationein
578 763 828 816 reddebat
859 778 1062 826 sancto,
1097 768 1278 820 dicens
1309 786 1320 818 :
1372 769 1567 830 Crede.
1621 772 1724 824 do-

105 849 321 913 mine,
355 869 460 905 nou
514 856 757 905 mentiar.
791 853 944 908 Gaza:
992 871 1136 909 eram
1191 869 1315 912 ante
1347 875 1542 926 paucos
1572 861 1721 928 dies;

103 950 171 991 et
213 954 468 995 exeunte
497 961 580 996 tne
613 946 677 996 de
703 946 938 1009 civitate,
990 958 1047 1000 ut
1075 950 1309 1003 venirem
1356 960 1408 1003 et
1439 953 1722 1006 salutarem

104 1041 400 1085 sanctum
443 1035 684 1088 abbatem
737 1037 934 1102 Cyrum
988 1037 1129 1107 (63),
1158 1039 1391 1096 obviavit
1441 1044 1566 1094 mihi
1615 1045 1728 1098 haec

107 1120 287 1176 bene
326 1125 434 1176 visa
467 1125 636 1191 puella
665 1125 793 1178 foris
823 1137 1050 1192 portam,
1078 1143 1301 1196 vespere
1343 1132 1684 1187 incumbente
1710 1151 1724 1199 ;

103 1223 169 1261 et
211 1227 522 1267 accurreus
552 1216 617 1267 ad
656 1217 814 1280 pedes
841 1232 1009 1280 meos,
1043 1221 1262 1286 rogabat
1294 1230 1350 1274 ut
1380 1237 1586 1276 mecum
1614 1239 1729 1277 am-

109 1303 385 1356 bularet.
418 1304 632 1358 Dicebat
659 1307 802 1360 enim
845 1323 904 1361 se
961 1308 1235 1363 llebraaam
1292 1326 1431 1381 esse,
1486 1307 1539 1367 et
1588 1316 1728 1368 velle

110 1393 261 1444 ﬁeri
321 1394 710 1458 Christianam;
750 1407 803 1449 et
846 1398 1008 1466 cmpit
1059 1399 1246 1453 eadem
1295 1416 1516 1457 narrare
1554 1405 1728 1458 verbis

111 1486 520 1548 lmrribilibus,
553 1497 737 1540 utnon
790 1491 1152 1556 permitterem
1211 1495 1382 1558 perire
1436 1511 1574 1549 eam.
1640 1496 1727 1550 Ti-

109 1591 309 1629 mens
360 1577 536 1643 itaque
579 1593 676 1646 ego
718 1578 979 1646 judicium
1034 1583 1148 1644 Dei,
1179 1585 1378 1651 sumpsi
1409 1600 1547 1648 eam,
1580 1590 1727 1639 asti-

113 1682 311 1722 mans
378 1669 517 1735 quod
567 1687 669 1722 non
721 1671 1032 1725 immitteret
1091 1676 1433 1729 tentationem
1505 1679 1729 1733 Satanas

111 1759 498 1825 spadonibus.
552 1760 856 1816 Nesciebaui
916 1780 1043 1819 vero
1089 1769 1229 1834 quod
1277 1768 1474 1822 nemini
1525 1781 1724 1836 parcat.

1833 595 1884 646 in
1919 611 2078 649 anno.
2109 599 2237 652 Cum
2280 617 2407 669 ergo
2438 605 2671 656 audisset
2710 611 2845 672 quod
2878 608 2928 661 in
2977 625 3116 664 anno
3148 621 3228 666 ter
3256 614 3397 668 face-

1834 696 1948 738 rent
1981 703 2075 753 pro
2100 704 2164 741 eo
2192 692 2527 759 memoriam,
2555 694 2845 765 interrogat
2867 713 2963 752 eos
2989 701 3038 753 in
3068 717 3174 768 quo
3208 703 3316 768 die,
3347 715 3401 758 et

1831 773 1882 825 in
1912 790 2015 842 quo
2041 793 2224 832 mense
2265 779 2379 834 lucc
2407 784 2757 838 celebrarent.
2809 788 2877 840 Et
2929 789 3034 842 illis
3076 792 3390 858 dicentibus,

1832 868 2030 919 sanctis
2052 867 2432 936 TheOphaniis,
2460 881 2513 924 et
2535 872 2803 928 Dominica
2831 889 3010 929 sancta
3033 889 3186 948 atque
3215 896 3395 936 saneta

1835 955 2296 1027 Pentecoste(67),
2314 961 2450 1014 dixit
2472 962 2558 1017 ille
2579 966 2735 1030 :Quia
2757 967 2921 1022 tribus
2943 970 3058 1024 istis
3075 976 3400 1039 temporibus

1830 1049 1952 1100 anni
1974 1051 2215 1104 veniebat
2244 1053 2456 1120 quidam
2489 1057 2800 1112 candi-latus
2849 1071 2905 1113 ut
2930 1063 3028 1127 sol,
3061 1072 3116 1118 et
3138 1066 3392 1121 dissolvo—

1831 1137 1920 1191 bat
1950 1155 2036 1193 me
2086 1155 2116 1192 a
2146 1141 2370 1196 vinculis
2400 1143 2590 1198 ferreis
2616 1158 2669 1200 et
2693 1164 2720 1199 a
2765 1152 3035 1216 custodia;
3066 1164 3119 1207 et
3150 1158 3398 1211 movebar

1829 1229 2213 1284 deambulando
2245 1243 2351 1287 tota
2389 1236 2496 1298 die,
2541 1248 2596 1291 et
2638 1254 2797 1293 nemo
2827 1247 3243 1313 recognoscebat
3277 1262 3388 1309 me.

1830 1332 1878 1372 et
1912 1322 1962 1372 iu
1993 1322 2282 1377 crastinum
2331 1326 2640 1381 inveniebar
2685 1331 2890 1385 vincula
2939 1333 3108 1388 terrea
3157 1349 3390 1403 portans.

1834 1412 2049 1465 Dicebat
2072 1413 2228 1481 igitur
2245 1427 2456 1471 sanctus
2480 1424 2761 1490 episcopus
2781 1424 2904 1489 quia
2935 1440 2999 1477 ex
3027 1425 3126 1480 hoc
3146 1429 3397 1482 discimus

1831 1502 2027 1556 habere
2055 1504 2384 1561 dormientes
2428 1511 2681 1578 quietem,
2734 1515 2946 1582 quando
2976 1531 3071 1585 pro
3110 1521 3188 1573 eis
3233 1521 3395 1574 culle-

1831 1599 1944 1643 ctas
1967 1595 2204 1649 facimus.

1900 1680 2028 1734 Cap.
2057 1683 2221 1736 XXV.
2253 1714 2324 1725 -—
2351 1687 2500 1752 Quod
2527 1689 2577 1742 in
2609 1691 2828 1746 Actibus
2857 1698 3215 1762 apostolorum
3242 1701 3394 1754 audi-

1829 1771 1998 1824 vimus
2024 1772 2217 1827 factum
2248 1777 2382 1844 (Act.
2419 1780 2512 1846 iv),
2550 1780 2650 1834 hoc
2675 1783 2981 1850 frequenter
3009 1797 3060 1841 et
3091 1789 3212 1853 huic
3241 1806 3390 1846 com-

115 1849 315 1916 Igitur
345 1853 674 1905 venientibus
704 1853 876 1915 nobis,
918 1859 1250 1912 sanctissime
1290 1858 1465 1922 Pater,
1495 1872 1549 1914 et
1593 1877 1719 1914 ora-
1756 1869 1798 1927 Β
1829 1862 2214 1926 patientissimo
2242 1864 2532 1921 accidebat.
2561 1849 2812 1927 Videntes
2836 1877 2975 1929 enim
3015 1850 3163 1932 multi
3198 1882 3393 1936 indesi-

117 1942 355 1996 tionem
388 1945 802 2012 perficientibus,
842 1950 1098 2015 baptizavi
1127 1965 1243 2004 eam
1271 1953 1336 2004 ad
1363 1962 1602 2006 sanctum
1632 1955 1725 2008 ab-

118 2037 268 2086 bam
301 2034 516 2104 Cyrum,
549 2049 602 2090 et
631 2041 878 2109 pyrabain
921 2057 1040 2095 cum
1079 2057 1140 2096 ea
1183 2042 1236 2096 in
1280 2045 1506 2113 simplici
1537 2049 1719 2110 corde,

117 2142 446 2194 exposcens
489 2132 750 2185 modicum
793 2145 1081 2203 sumptum,
1116 2147 1377 2205 quatenus
1418 2141 1722 2195 introduce-

120 2236 260 2274 rem
313 2236 430 2275 eam
472 2222 523 2274 in
564 2224 958 2281 monasterium.
1002 2228 1133 2281 Cum
1180 2232 1294 2283 haec
1343 2232 1578 2286 audisset
1629 2247 1722 2299 pa-

119 2312 399 2373 triarcha,
434 2313 602 2366 dixit:
633 2313 817 2381 Papae!
860 2325 994 2384 quot
1021 2319 1314 2373 abscousos
1356 2335 1540 2373 servos
1565 2323 1722 2375 habet

121 2399 308 2464 Deus,
332 2411 386 2456 et
409 2403 672 2457 nescimus
699 2420 795 2458 nos
822 2406 1088 2462 humiles?
1117 2407 1183 2461 Et
1210 2410 1488 2463 euarrabat
1523 2413 1604 2466 his
1631 2415 1718 2481 qui

121 2502 343 2559 prmsto
370 2506 521 2547 erant
541 2497 798 2550 visionem
827 2512 982 2566 quam
1012 2500 1217 2554 viderat
1251 2511 1405 2557 nocte
1435 2503 1502 2558 de
1533 2519 1618 2558 eo.
1656 2506 1721 2558 Et

121 2581 367 2647 protulit
397 2585 693 2650 patriarcha
736 2596 946 2642 centum
975 2590 1286 2644 nomismata
1315 2593 1381 2646 de
1411 2610 1590 2659 manu,
1622 2598 1718 2648 da-

121 2681 294 2725 turus
322 2673 371 2727 ei
405 2690 419 2726 :
457 2673 547 2728 Dei
579 2685 753 2729 autem
779 2679 982 2732 amicus
1011 2679 1099 2733 ille
1127 2695 1250 2734 vere
1269 2686 1580 2749 monachus,
1613 2700 1716 2738 non

125 2778 338 2828 passus
380 2765 579 2831 aliquid
632 2767 873 2835 accipere
924 2783 990 2824 ex
1040 2771 1138 2836 eis,
1194 2771 1410 2841 dignum
1466 2776 1718 2830 memoria

131 2855 364 2907 verbum
414 2855 479 2908 ad
536 2858 890 2924 patriarcbam
943 2861 1148 2915 locutus
1195 2873 1296 2925 est,
1327 2863 1549 2918 dicens:
1610 2867 1720 2936 Ego

130 2945 244 2998 hoc
273 2961 378 2998 non
430 2949 654 3015 postulo,
689 2950 934 3016 domine;
967 2952 1258 3006 monachus
1296 2954 1439 3008 enim
1469 2956 1515 3010 si
1557 2955 1716 3012 fidem

137 3037 326 3098 habet,
361 3037 547 3091 horum
578 3055 684 3094 non
714 3041 938 3109 indiget.
970 3042 1028 3097 Si
1053 3052 1229 3097 autem
1273 3043 1459 3098 borum
1487 3056 1628 3115 eget,
1662 3048 1719 3101 ﬁ-

134 3127 265 3179 dem
313 3143 417 3182 non
472 3129 648 3184 habet.
703 3131 851 3196 Quod
901 3133 1130 3187 maxime
1177 3135 1406 3200 amplius
1459 3136 1716 3192 satisfecit

1829 1959 2040 2005 nentem
2069 1955 2186 2022 ejus
2215 1965 2268 2009 et
2295 1956 2692 2014 inscrutabiletn
2737 1964 2878 2018 circa
2924 1977 3108 2033 gentes
3153 1985 3394 2037 compas-

1825 2042 2051 2109 sionem,
2085 2047 2434 2102 movebantur
2473 2052 2742 2108 multoties
2785 2056 2852 2110 ad
2900 2059 3174 2115 vendenda
3229 2067 3392 2119 multa

1825 2136 1891 2190 dc
1917 2137 2226 2192 substantiis
2248 2138 2394 2204 suis;
2424 2150 2478 2195 et
2520 2143 2772 2211 ferentes,
2805 2149 3111 2216 praebebant
3154 2154 3248 2208 Dei
3296 2157 3390 2212 de-

1822 2237 1946 2282 voto
1972 2229 2235 2283 ministro.
2273 2231 2424 2286 Unde
2452 2241 2507 2287 et
2535 2236 2749 2303 quidam
2776 2240 2994 2294 veniens
3034 2257 3136 2296 una
3166 2243 3393 2309 dierum,

1821 2317 2078 2373 offerebat
2102 2322 2149 2372 ei
2176 2331 2379 2390 septem
2421 2323 2582 2378 libras
2607 2327 2720 2380 auri
2749 2337 2804 2380 ct
2843 2329 3135 2395 dimidiam,
3181 2337 3390 2390 satisfa-

1821 2407 1968 2461 ciens
1989 2419 2193 2476 sancto,
2239 2411 2378 2480 quod
2428 2428 2534 2466 non
2565 2416 2858 2482 possideret
2893 2421 3036 2474 aliud
3084 2423 3284 2494 aliquid
3341 2429 3393 2481 in

1821 2513 1972 2554 auro.
2003 2499 2222 2555 Petebat
2250 2513 2425 2556 autem
2447 2505 2514 2558 ab
2543 2521 2608 2559 eo
2638 2522 2758 2560 cum
2801 2511 2978 2565 multis
3004 2514 3389 2581 genuﬂexioni-

1821 2592 1921 2644 bus
1967 2600 2026 2645 ut
2053 2603 2232 2646 oraret
2261 2605 2523 2663 quatenus
2577 2597 2830 2653 Dominus
2878 2601 3013 2655 Deus
3065 2602 3230 2657 tilium
3277 2611 3394 2672 eius

1820 2681 2070 2736 salvaret.
2093 2683 2482 2740 Habebatenim
2509 2703 2666 2740 unum
2694 2691 3029 2744 solummodo
3058 2693 3222 2746 filium
3242 2698 3391 2764 quasi

1820 2788 2076 2826 annorum
2108 2775 2432 2841 quindecim,
2468 2791 2522 2830 ut
2551 2778 2832 2834 reduceret
2882 2782 3056 2834 navim
3106 2784 3219 2852 ejus
3267 2801 3386 2839 cum

1821 2867 1960 2920 bono
1984 2870 2051 2920 ab
2079 2869 2275 2935 Afr-aea,
2316 2872 2442 2926 illuc
2472 2874 2614 2928 enim
2645 2876 2869 2930 abierat.
2913 2879 3194 2945 Accipiens
3231 2879 3390 2946 igitur

1818 2973 2055 3012 summus
2085 2961 2338 3016 sacerdos
2386 2966 2733 3032 quantitatem
2773 2968 2885 3020 auri
2933 2968 3002 3021 de
3048 2984 3206 3021 manu
3253 2971 3389 3036 ejus,

1820 3045 2049 3103 miratus
2114 3058 2198 3105 est
2267 3065 2392 3110 eum
2415 3087 2431 3115 ,
2497 3063 2600 3107 tam
2632 3070 2751 3111 esse
2781 3059 3173 3128 magnanimum
3205 3061 3269 3115 ad
3300 3061 3383 3114 of-

1817 3134 2091 3192 ferendam
2126 3149 2288 3196 totam
2326 3145 2671 3211 quantitatem
2714 3151 2829 3203 auri
2879 3167 3034 3220 quam
3066 3154 3388 3221 possidebat.

136 3223 388 3275 omnibus
429 3225 516 3292 qui
545 3225 826 3278 audierant
864 3227 1003 3291 quod
1051 3241 1236 3280 servus
1281 3229 1372 3282 Dei
1402 3230 1500 3284 iste
1530 3244 1690 3282 mona
1741 3227 1787 3288 C
1818 3227 2003 3280 Oravit
2027 3231 2238 3296 quidem
2260 3231 2310 3284 ei
2338 3231 2450 3304 (68)
2482 3242 2534 3287 et
2565 3235 2617 3288 in
2649 3236 2783 3291 facie
2813 3240 3058 3306 multum,
3088 3250 3144 3294 et
3169 3244 3246 3296 sic
3267 3258 3388 3298 eum

137 3317 279 3366 chus
322 3322 489 3367 esset.
528 3313 830 3369 Genuﬂexit
863 3315 1019 3384 igitur
1048 3318 1382 3384 patriarchae,
1413 3326 1469 3372 et
1494 3319 1632 3375 exiit
1659 3320 1713 3373 in

141 3419 296 3471 pace.
331 3406 538 3461 Extunc
566 3410 722 3475 igitur
754 3412 871 3478 plus
917 3411 1210 3466 honorabat
1237 3419 1294 3466 et
1320 3411 1552 3478 hospitio
1581 3412 1716 3465 reci-

141 3496 322 3563 piebat
348 3500 657 3564 monachos,
703 3511 757 3554 et
785 3502 953 3555 bonos
979 3505 1270 3555 aestimatos
1298 3510 1354 3555 et
1397 3503 1566 3555 malos
1597 3519 1610 3554 :
1661 3511 1716 3557 et

142 3584 436 3639 aedificabat
470 3602 591 3640 mox
623 3589 1008 3642 xeuodocliium
1040 3605 1303 3654 seorsum,
1343 3600 1397 3643 et
1423 3590 1715 3658 appellavit

145 3678 250 3732 hoc
279 3676 690 3745 Receptaculum
734 3683 973 3735 omnium
997 3683 1396 3738 monachorum.

219 3767 350 3823 CAP.
399 3769 591 3825 XXIV.
620 3799 690 3811 -
737 3770 1058 3826 Mortalitate
1105 3772 1390 3840 aliquando
1445 3773 1714 3828 civitatem

149 3860 664 3927 comprehendente,
698 3861 805 3914 ibat
856 3871 910 3914 et
957 3863 1071 3930 ipse
1122 3874 1358 3927 sanctus,
1410 3873 1469 3917 ut
1511 3863 1718 3919 videret

148 3949 393 4002 funerum
415 3950 688 4018 obsequia.
722 3949 889 4006 Valde
917 3953 1058 4006 enim
1086 3953 1294 4008 dicebat
1317 3954 1418 4008 hoc
1443 3968 1565 4009 esse
1592 3970 1715 4023 pro-

145 4038 359 4102 ﬁcuum,
393 4051 444 4094 et
487 4042 851 4107 sepulcrorum
899 4045 1399 4099 considerationem.
1449 4047 1713 4103 Multoties

147 4144 274 4182 vero
301 4131 567 4184 assidebat
607 4140 662 4185 et
702 4132 784 4186 bis
810 4133 922 4201 qui,
975 4135 1233 4198 morituri,
1268 4137 1606 4189 vexationem
1659 4139 1712 4192 in

146 4221 288 4272 exitu
318 4220 509 4274 animas
537 4222 899 4290 patiebantur;
936 4233 988 4277 et
1019 4225 1132 4292 ipse
1159 4240 1343 4278 eorum
1372 4247 1392 4279 ι
1411 4227 1556 4280 nidos
1591 4242 1713 4295 pro-

145 4309 274 4376 priis
303 4312 545 4364 manibus
589 4312 886 4375 claudebat,
920 4315 1228 4368 memoriam
1275 4316 1472 4371 habere
1514 4333 1578 4370 ex
1611 4317 1711 4371 hoc

145 4399 518 4468 sempiternam
545 4401 746 4466 volens,
779 4411 833 4454 et
853 4417 1032 4456 curam
1061 4404 1257 4472 proprii
1285 4407 1479 4459 exitus.
1516 4409 1710 4460 Preci-

147 4489 521 4554 piebatantem
549 4501 601 4543 et
646 4491 990 4545 collectiones
1036 4508 1130 4560 pro
1179 4494 1441 4548 defunctis
1488 4499 1707 4565 impigre

1821 3316 2042 3370 dimisit.
2075 3318 2272 3373 Tamen
2311 3332 2526 3390 propter
2565 3323 2679 3392 ejus
2726 3327 2943 3380 inultam
2991 3329 3172 3398 fidem,
3216 3323 3390 3398 posuit

1819 3405 2012 3459 subtus
2053 3419 2290 3462 sanctam
2329 3425 2568 3465 mensam
2610 3413 2883 3481 ligaturam
2920 3421 3228 3487 quantitatis
3271 3425 3388 3478 auri

1819 3496 2120 3562 patriarcha
2155 3497 2209 3551 in
2238 3503 2476 3555 oratorio
2503 3502 2728 3557 cubiculi
2761 3506 2864 3571 sui,
2898 3515 2952 3561 et
2990 3513 3231 3578 synaxiui
3263 3510 3390 3567 fecit

1818 3589 1999 3641 statim
2028 3590 2317 3657 perfectam
2341 3608 2503 3660 super
2523 3610 2639 3649 eam
2668 3611 2764 3665 pro
2790 3599 2879 3653 illo
2903 3602 2993 3668 qui
3024 3603 3158 3656 hanc
3183 3603 3389 3659 obtule-

1817 3686 1920 3741 rat,
1953 3679 2084 3733 satis
2105 3681 2419 3751 abundeque
2449 3684 2616 3739 Deum
2646 3701 2838 3756 rogans
2865 3699 3127 3757 quatenus
3148 3701 3201 3744 et
3222 3693 3387 3748 filium

1818 3769 1935 3838 ejus
1965 3772 2216 3837 salvaret,
2243 3785 2296 3829 et
2324 3790 2510 3829 navem
2535 3791 2652 3830 cum
2682 3779 2851 3833 salute
2873 3780 3171 3847 reduceret,
3199 3798 3387 3838 secun-

1816 3859 1944 3914 dum
1973 3864 2114 3930 quod
2148 3863 2320 3918 fuerat
2352 3866 2649 3934 postulatus
2701 3870 2768 3922 ab
2809 3869 2922 3923 illo.
2975 3871 3209 3926 Necdum
3259 3889 3388 3943 ergo

1819 3953 2029 4020 triginta
2063 3956 2346 4008 transactis
2373 3956 2580 4024 diebus,
2616 3958 2895 4014 defunctus
2933 3971 3015 4017 est
3042 3963 3180 4018 filius
3211 3966 3386 4018 homi-

1815 4042 1899 4095 nis
1941 4043 2082 4097 illius
2119 4045 2209 4113 qui
2245 4045 2507 4099 obtulerat
2545 4057 2752 4114 septem
2803 4049 2964 4103 libras
3013 4060 3066 4104 et
3112 4052 3386 4106 dimidiam

1815 4131 2162 4198 patriarchae;
2193 4142 2246 4186 et
2282 4136 2334 4187 in
2377 4135 2530 4188 tertia
2561 4135 2650 4189 die
2677 4138 2866 4192 mortis
2911 4141 3079 4205 pueri,
3113 4142 3309 4207 recepit
3335 4152 3386 4195 et

1816 4223 1992 4275 navim
2014 4237 2161 4275 suam
2183 4223 2251 4276 ab
2274 4222 2472 4287 Africa,
2495 4225 2546 4277 in
2571 4241 2671 4292 qua
2688 4237 2800 4279 erat
2823 4235 2876 4280 et
2899 4226 3060 4282 frater
3078 4243 3386 4296 germanus,

1813 4312 2054 4376 ejusdem
2087 4313 2183 4365 viri
2213 4313 2465 4368 creditor.
2497 4315 2562 4368 Et
2591 4318 2808 4370 veniens
2835 4318 2985 4385 juxta
3013 4317 3266 4384 Pharum,
3292 4337 3386 4376 re-

1812 4401 1930 4454 tulit
1952 4403 2218 4469 quomodo
2234 4405 2384 4456 navis
2405 4405 2731 4474 naufragium
2763 4408 2998 4475 pertulit,
3021 4419 3074 4463 et
3097 4411 3386 4477 perdiderit

1814 4499 1985 4544 totum
2009 4505 2112 4561 quo
2139 4501 2254 4547 erat
2278 4496 2451 4561 plena,
2477 4506 2530 4550 et
2552 4497 2690 4564 quod
2715 4513 2818 4549 non
2841 4509 3019 4551 essent
3040 4500 3253 4552 salvatze
3284 4503 3383 4554 nisi

148 4574 264 4648 (66)
289 4588 343 4631 et
366 4581 481 4632 sine
526 4580 688 4632 dubio
735 4583 1014 4648 perficere.
1073 4583 1281 4637 Etenim
1332 4587 1541 4640 dicebat
1587 4589 1705 4654 quia
1735 4586 1785 4644 D
1810 4585 2097 4658 animam-et
2117 4600 2219 4639 una
2236 4587 2431 4653 scapha
2450 4601 2630 4639 vacua.
2656 4588 2785 4641 Cum
2807 4603 2936 4656 ergo
2959 4599 3011 4643 et
3038 4589 3176 4642 hunc
3197 4604 3381 4643 casum

146 4677 266 4719 ante
313 4681 532 4733 paucam
566 4680 772 4737 tempus
800 4670 1045 4738 captivus
1073 4672 1263 4727 ductus
1290 4685 1372 4728 est
1409 4675 1472 4728 ad
1517 4676 1703 4730 Persas

147 4758 378 4824 quidam,
407 4767 461 4810 et
507 4758 835 4812 descendens
864 4761 916 4814 in
942 4761 1232 4826 Persidam,
1264 4773 1505 4818 retrosus
1542 4778 1624 4819 est
1651 4767 1704 4820 in

146 4862 408 4901 carcerem
439 4851 528 4917 qui
576 4853 936 4918 appellabatur
976 4853 1164 4917 Lethe,
1199 4857 1297 4909 hoc
1341 4869 1441 4920 est,
1488 4859 1700 4913 oblivio.

147 4938 362 5004 Quidam
409 4954 539 5007 ergo
589 4941 848 5007 fugientes
888 4942 1054 5006 illinc,
1093 4947 1468 5013 venientesque
1518 4948 1570 5000 in
1602 4950 1704 5018 Cy-

148 5045 314 5094 prum,
344 5039 398 5083 et
425 5030 729 5099 interrogati
769 5048 799 5085 a
834 5035 1138 5100 parentibus
1163 5035 1327 5101 illius,
1372 5038 1416 5090 si
1463 5037 1598 5092 forte
1627 5042 1704 5091 vi-

146 5121 338 5173 dissent
381 5135 524 5179 eum.
571 5122 952 5190 respondentes
999 5125 1247 5179 dixerunt
1291 5128 1391 5191 eis,
1443 5128 1564 5196 quia
1609 5143 1705 5182 nos

148 5211 372 5278 propriis
401 5214 643 5266 manibus
670 5214 1009 5282 sepelivimus
1036 5231 1180 5271 eum.
1228 5218 1342 5272 Non
1370 5229 1546 5273 autem
1589 5230 1707 5274 erat

149 5302 242 5352 iste
261 5300 324 5352 de
351 5315 457 5367 quo
482 5299 877 5369 interrogabant
902 5319 1016 5369 eos,
1046 5306 1138 5359 sed
1160 5306 1293 5360 alius
1319 5309 1704 5362 indissimiliter

147 5405 261 5445 eum
289 5391 546 5445 similans.
572 5392 834 5446 Dixerunt
858 5409 982 5449 vero
1009 5398 1086 5450 eis
1113 5407 1166 5451 et
1195 5413 1453 5464 mensem,
1481 5412 1532 5453 ct
1562 5401 1700 5454 diem

151 5481 314 5535 obitus
344 5483 523 5548 ipsius.
557 5483 634 5537 llli
663 5499 790 5539 vero
811 5496 1055 5554 tanquam
1081 5504 1177 5557 pro
1200 5501 1407 5544 mortuo
1438 5491 1702 5546 faciebant

147 5577 193 5628 ei
222 5585 324 5628 tres
366 5576 616 5630 collectas
655 5593 750 5644 per
777 5578 1010 5647 singuios
1061 5597 1252 5635 annos.
1304 5583 1431 5637 Post
1476 5593 1699 5650 quatuor

150 5673 312 5736 itaque
337 5682 508 5722 annos
533 5670 680 5722 venit
710 5671 759 5723 in
782 5672 1034 5741 Cyprum,
1063 5673 1179 5742 fuga
1221 5674 1402 5742 lapsus
1431 5690 1458 5726 a
1499 5676 1696 5730 Persis.

159 5755 388 5811 Dixerunt
417 5773 546 5828 ergo
574 5760 621 5812 ei
674 5762 794 5816 sui:
830 5761 983 5828 Vere,
1023 5763 1206 5830 frater,
1257 5779 1354 5818 nos
1402 5765 1698 5820 audivimus

1812 4676 2097 4730 didicisset
2124 4676 2368 4729 evenisse
2393 4677 2492 4730 sibi
2515 4677 2762 4731 dominus
2787 4678 2935 4731 navis
2960 4687 3012 4732 et
3038 4688 3182 4744 pater
3208 4682 3381 4744 pueri,

1811 4766 2099 4819 secundum
2126 4768 2344 4819 verbum
2369 4766 2667 4835 Prophetas,
2709 4770 2864 4834 paulo
2887 4769 3060 4822 minus
3089 4769 3142 4822 in
3173 4770 3382 4822 inferno

1811 4856 2065 4911 habitavit
2108 4856 2281 4910 anima
2338 4859 2452 4924 ejus
2507 4857 2675 4925 (Psal.
2711 4858 2889 4928 xcut);
2948 4860 3182 4913 nondum
3239 4863 3380 4914 enim

1813 4947 2152 5000 tribulatione
2194 4946 2284 4999 ﬁlii
2325 4947 2406 5000 sui
2438 4950 2719 5014 exstincta,
2747 4951 3151 5014 comprehendit
3177 4966 3296 5004 eum
3328 4964 3381 5005 et

1813 5036 2001 5096 navis;
2035 5035 2200 5088 relata
2231 5044 2354 5087 sunt
2400 5036 2577 5102 itaque
2618 5037 2794 5089 omnia
2837 5052 2958 5104 qua:
2995 5037 3293 5090 acciderant
3331 5043 3378 5088 et

1812 5123 2148 5190 patriarchae,
2179 5132 2233 5176 et
2262 5138 2396 5190 pene
2428 5124 2545 5191 plus
2573 5139 2729 5192 quam
2763 5125 2807 5176 is
2836 5126 2922 5191 qui
2957 5125 3068 5178 ba-c
3098 5140 3379 5192 perpessus

1812 5215 1984 5266 fuerat.
2012 5215 2060 5265 in
2093 5214 2305 5266 tristitia
2337 5216 2660 5276 morabatur,
2707 5215 2936 5267 maxime
2968 5227 3183 5283 propter
3211 5219 3377 5268 lilium

1808 5304 1922 5372 ejus
1950 5306 2180 5357 unicum.
2208 5304 2460 5358 Nesciens
2488 5320 2614 5373 ergo
2642 5309 2766 5373 quid
2798 5306 3015 5368 faceret,
3047 5317 3193 5372 regat
3221 5308 3378 5359 mise-

1809 5393 2228 5463 ricordissunum
2261 5395 2446 5458 Deum,
2471 5407 2524 5448 ut
2544 5397 2913 5450 consolaretur
2926 5399 3092 5450 virum
3118 5399 3377 5451 immensa

1809 5487 2004 5554 pietate
2034 5502 2148 5539 sua.
2176 5487 2484 5542 Convocare
2513 5491 2654 5543 enim
2678 5506 2828 5553 eum,
2859 5503 2910 5543 et
2933 5492 3192 5544 consolari
3226 5495 3274 5544 in
3302 5493 3374 5546 fa-

1807 5578 1887 5632 cie
1929 5589 2141 5632 sanctus
2190 5581 2579 5634 erubescebat:
2613 5591 2973 5636 verumtamen
3025 5584 3291 5636 mandavit
3329 5583 3373 5637 ei

1805 5679 1864 5720 ut
1890 5669 2192 5722 nullatenus
2220 5671 2561 5738 desperaret;
2589 5689 2758 5741 neque
2779 5675 2918 5727 enim
2943 5676 3056 5726 sine
3075 5672 3220 5744 justo
3242 5673 3368 5742 judi-

1806 5764 1891 5819 cio
1917 5763 2084 5818 Deum
2116 5764 2291 5820 facere
2317 5766 2535 5835 aliquid,
2570 5769 2664 5822 sed
2693 5769 2869 5823 omnia
2895 5768 2946 5821 in
2979 5769 3077 5822 hoc
3113 5768 3252 5838 quod
3276 5783 3368 5823 cx-
