4118 6432
793 381 815 436 1
828 379 928 438 669

1854 371 2127 431 LEONTII
2158 371 2622 428 NEAI’OLITANI
2666 370 2968 429 EPISCOPI
3925 370 4004 423 liii

802 486 966 552 pedit,
1015 483 1152 551 quod
1206 496 1300 534 nos
1355 480 1674 548 ignoramus.
1722 480 1856 548 Ergo
1904 492 1961 532 ut
2016 497 2118 534 non
2175 479 2356 548 perdat
2388 483 2432 535 Α
2461 493 2597 538 sam.
2626 481 2742 545 quia
2769 491 2983 548 propter
3001 480 3201 534 exitum
3223 482 3404 549 viginti
3432 482 3743 542 librarum,
3772 478 3998 537 iﬁﬁfmaM

800 575 1118 635 mercedem,
1140 589 1292 642 quam
1319 572 1440 625 fecit
1457 573 1508 625 in
1531 583 1728 638 septem
1752 584 1799 624 et
1823 572 2036 624 dimidia
2063 573 2194 623 libra
2218 573 2354 631 auri,

798 675 850 718 et
877 666 1030 716 fidem
1053 679 1209 728 quam
1237 663 1534 728 possidebat
1560 664 1694 713 circa
1719 670 1953 713 sanctum
1978 661 2355 727 patriarcham;

799 757 906 821 jam
937 769 1061 807 vero
1092 762 1147 806 ut
1170 763 1224 806 et
1252 769 1347 806 nos
1375 754 1424 805 in
1457 753 1848 816 tentatiunibus,
1898 769 2012 818 qua:
2054 752 2204 805 nobis
2234 767 2358 806 eve-

804 847 974 913 niunt,
1019 847 1230 912 quando
1272 845 1466 911 aliquid
1510 845 1629 897 boni
1662 844 1965 907 fecerimus,
1997 846 2360 911 itupertttrhati

808 946 860 989 et
883 939 1081 1001 gratias
1103 936 1394 990 referentes
1420 935 1486 989 ad
1515 936 1676 989 Deum
1703 952 2131 1001 permaneamus;
2164 937 2288 989 vidit
2311 939 2362 990 in

805 1030 1006 1080 somnis
1042 1026 1150 1095 jam
1200 1027 1372 1079 dictus
1401 1027 1481 1078 vir
1525 1027 1903 1091 philochristus
1952 1036 2156 1090 postera
2212 1038 2366 1081 nocte

808 1116 1112 1182 qttemdam,
1158 1117 1304 1181 quasi
1349 1117 1398 1168 in
1446 1117 1622 1170 habitu
1667 1116 1984 1170 sanctissimi
2034 1117 2363 1182 patriarchae,

806 1204 1072 1258 dicentem
1104 1204 1201 1258 sibi
1237 1222 1252 1257 :
1288 1205 1352 1260 Ut
1373 1206 1496 1273 quid
1530 1207 1815 1267 tribularis,
1847 1210 2026 1266 frater.
2059 1216 2110 1259 et
2141 1222 2369 1261 incerare

807 1293 1153 1347 dissolveris?
1184 1294 1365 1349 Nonne
1395 1305 1450 1348 ttt
1479 1311 1562 1349 me
1592 1297 1782 1364 rogaSti
1817 1304 1875 1347 ut
1911 1305 2141 1361 peterem
2174 1311 2202 1347 a
2238 1297 2367 1358 Deo,

810 1391 868 1435 ut
907 1383 1084 1435 salvus
1129 1382 1279 1437 fieret
1320 1385 1456 1438 filius
1504 1386 1664 1438 tuus?
1711 1386 1844 1438 Ecce
1870 1386 2044 1438 salvus
2074 1387 2241 1438 factus
2266 1395 2366 1439 est.

805 1473 976 1526 Crede
1010 1475 1161 1538 mihi,
1194 1477 1236 1527 si
1268 1476 1487 1537 viveret,
1537 1491 1727 1539 pravus
1779 1487 1830 1530 et
1874 1478 2172 1529 immundus
2214 1478 2371 1530 homo

810 1565 978 1618 fieret.
1008 1567 1073 1618 Et
1099 1567 1166 1619 de
1195 1569 1313 1619 navi
1341 1579 1446 1630 tua,
1474 1582 1618 1631 vere,
1648 1568 1746 1620 nisi
1781 1568 1920 1621 Deus
1950 1569 2249 1634 placaretur
2280 1582 2373 1633 pro

812 1654 953 1707 bono
980 1655 1118 1720 quod
1148 1653 1317 1709 fet-isti
1347 1658 1584 1723 parvitati
1616 1672 1768 1716 mem,
1799 1657 2058 1708 sententia
2088 1667 2200 1709 erat
2229 1659 2370 1720 data,

810 1755 1072 1810 quatenus
1103 1756 1228 1806 tota,
1261 1755 1317 1799 ut
1340 1747 1501 1814 jacet,
1527 1762 1646 1800 cum
1677 1748 1955 1799 animabus
1981 1749 2030 1799 in
2057 1748 2372 1812 profundum

2459 577 2540 619 est
2579 569 2667 622 ille
2709 572 2900 622 invitus
2929 571 3373 639 eleemosynator.
3411 573 3550 624 Erat
3583 570 3739 621 enim
3772 570 3844 634 (ut
3871 577 3996 636 pem.

2460 668 2600 710 ctutn
2648 660 2753 725 est)
2786 663 2933 714 valde
2973 663 3372 726 immisericurs,
3430 674 3481 716 et
3551 670 3779 714 amator
3807 677 3996 728 pectunt.

2460 745 2572 797 Noti
2600 748 2861 802 sufferens
2889 766 3016 816 ergo
3047 751 3228 804 beatus
3259 767 3317 804 se
3345 753 3574 817 quidem
3611 765 3787 813 ευμεν
3826 768 3997 804 messim

2467 839 2707 902 reficere,
2743 842 2889 893 illum
2921 855 3093 896 autem
3126 859 3286 911 super
3307 847 3500 899 it‘t'lllln
3536 845 3787 899 eruciari
3817 851 4000 915 gravii-3,

2467 932 2708 994 pervenit
2733 930 2980 984 celeriter
3031 929 3096 982 ad
3159 947 3280 986 eum
3337 934 3421 988 ille
3482 939 3656 988 γεγε·
3740 950 4000 1005 εηεευρ».

2468 1015 2575 1079 bia,
2602 1029 2654 1069 et
2674 1018 2814 1070 dixit
2837 1019 2904 1070 ad
2932 1034 3051 1072 eum
3081 1021 3230 1072 hilari
3256 1025 3396 1074 vultu
3425 1039 3438 1076 :
3467 1023 3588 1075 Fac
3617 1022 3939 1086 charitatern,
3997 1036 4000 1068 ῑ

2465 1105 2661 1161 Troile.
2686 1108 2939 1162 A’Jstimas
2966 1111 3106 1178 quod
3139 1112 3188 1163 in
3231 1115 3450 1166 veritate
3481 1116 3746 1167 dixerim
3780 1116 3866 1166 tibi
3889 1123 4002 1166 tm-

2469 1196 2568 1249 bus
2594 1198 2954 1264 hujuscemodi
2995 1201 3166 1253 dare?
3209 1205 3368 1258 crede
3397 1206 3557 1268 mihi,
3612 1221 3717 1271 per
3744 1207 3906 1269 jocum
3939 1212 4000 1258 cr:

2470 1285 2565 1337 tibi
2595 1287 2744 1340 dare.
2780 1289 2887 1355 Ego
2913 1291 3051 1342 enim
3084 1292 3223 1344 volui
3255 1305 3508 1360 praestare
3567 1297 3661 1346 eis
3715 1296 3908 1362 singula
3947 1316 4005 1344 ι..

2472 1377 2713 1428 mismata
2745 1389 2961 1446 propter
2988 1391 3225 1433 sanctam
3258 1385 3651 1446 festivitatem;
3691 1385 3788 1436 sed
3817 1389 3918 1452 quia
3941 1405 4003 1436 ne;

2472 1464 2696 1520 habebat
2723 1469 3036 1524 distributor
3057 1487 3206 1527 meus
3243 1488 3420 1529 secum
3448 1477 3831 1530 suflicientem
3859 1493 4004 1544 quau:-

2475 1566 2656 1620 tatem,
2689 1559 2842 1628 hujus
2875 1564 2948 1614 rei
2977 1564 3141 1629 gratia
3170 1574 3400 1616 mutuam
3431 1567 3646 1618 dedisti
3680 1581 3802 1617 eam
3835 1569 3954 1620 mihi.
3978 1584 4005 1618 ιι

2472 1663 2599 1701 ecce
2650 1652 2799 1703 attuli
2854 1651 2945 1703 tibi
3005 1654 3123 1705 illas
3175 1655 3383 1723 triginta
3436 1656 3639 1709 libras.
3690 1657 3760 1707 Ut
3786 1672 3900 1708 vero
3923 1661 4005 1708 iis};

2480 1741 2826 1806 quantitatem
2856 1743 3137 1808 episcopus
3169 1746 3219 1796 in
3254 1746 3553 1799 honorabili
3603 1761 3778 1802 manu
3816 1749 4005 1806 sapiam

811 1845 1074 1901 pergeret,
1114 1845 1165 1888 et
1196 1838 1444 1903 perderes
1471 1834 1689 1889 fratrem
1739 1846 1907 1890 ιιιυηι,
1949 1838 2051 1891 δεά
2103 1853 2279 1904 surge,
2321 1847 2376 1891 ei
2409 1836 2451 1893 Β
2475 1831 2753 1882 existi-mis
2783 1834 2970 1884 medici
3010 1843 3063 1886 et
3093 1836 3342 1901 pastoris,
3393 1837 3561 1890 febris
3615 1838 3838 1904 quidem
3884 1839 4004 1893 subis

808 1927 1040 1992 glornlica
1074 1926 1259 1989 Deum,
1293 1928 1380 1994 qui
1409 1928 1553 1980 dedit
1579 1928 1671 1980 tibi
1697 1943 1838 1989 eum,
1865 1937 1916 1980 et
1947 1929 2168 1981 salvavit
2205 1929 2367 1980 lilium

811 2024 956 2068 tuum
990 2017 1240 2069 mundum
1265 2018 1330 2069 de
1360 2017 1461 2071 huc
1490 2019 1684 2070 sasculo
1711 2033 1864 2072 vano.
1903 2020 2170 2088 Evigilans
2199 2021 2373 2087 itaque

810 2108 907 2169 vir,
939 2105 1135 2160 invenit
1163 2122 1255 2161 cor
1283 2123 1435 2160 suum
1465 2111 1816 2174 consolatum,
1861 2119 1916 2162 et
1949 2113 2247 2163 universam
2281 2112 2376 2163 tri-

811 2195 1001 2248 stitiam
1029 2196 1142 2264 ejus
1170 2199 1423 2263 ejectam;
1455 2208 1507 2250 et
1538 2198 1748 2251 indutus
1777 2201 2085 2252 vestimenta
2124 2215 2238 2262 sua,
2284 2216 2377 2255 ve-

812 2285 890 2337 nit
918 2287 1110 2347 cursim
1154 2287 1218 2338 ad
1255 2285 1767 2340 hoaorabilissimum
1801 2290 2174 2355 patriareham,
2208 2300 2256 2342 et
2294 2290 2377 2358 ja-

813 2385 920 2429 ctat
963 2393 1022 2429 se
1061 2377 1124 2429 ad
1173 2378 1334 2443 pedes
1380 2379 1514 2444 ejus,
1559 2381 1752 2445 gratias
1798 2392 1960 2442 agens
1991 2379 2099 2432 Deo
2128 2381 2274 2444 etei,
2324 2391 2380 2433 et

817 2483 1037 2521 narrans
1071 2467 1326 2522 visionem
1357 2485 1513 2535 quam
1546 2471 1770 2522 viderat.
1820 2472 1986 2534 Quam
2037 2471 2257 2525 audiens
2293 2472 2378 2539 ju-

812 2558 1098 2619 stissimus,
1131 2558 1270 2610 dixit
1300 2574 1314 2608 :
1346 2556 1524 2611 Gloria
1556 2558 1668 2621 tibi,
1716 2559 1941 2622 benigne
1985 2569 2038 2613 et
2077 2559 2379 2614 misericors

818 2648 994 2711 Deus,
1053 2647 1139 2714 qui
1192 2657 1244 2700 et
1287 2648 1713 2713 deprecationem
1761 2659 2094 2714 peccatorum
2135 2651 2376 2704 exaudis.

816 2738 1114 2804 lterumqtte
1162 2739 1227 2790 ad
1277 2740 1540 2792 hominem
1592 2738 1766 2792 dixit:
1799 2739 2155 2807 Nequaquam,
2210 2755 2241 2792 ο
2284 2742 2376 2804 lili,

815 2831 1035 2896 gratiam
1071 2831 1205 2883 hanc
1227 2833 1452 2884 orationi
1479 2846 1607 2883 mea»
1635 2830 1887 2893 ascribas,
1913 2832 2005 2883 sed
2039 2832 2146 2884 Deo
2175 2839 2228 2884 et
2258 2831 2376 2884 fidei

817 2928 939 2984 tuze,
972 2923 1082 2970 hau:
1105 2921 1242 2972 enim
1266 2923 1439 2972 omnia
1467 2920 1563 2972 ista
1587 2919 1869 2986 impetrare
1883 2920 2063 2971 valuit.
2091 2919 2216 2971 Erat
2237 2921 2378 2974 enim

819 3011 969 3062 valde
995 3011 1262 3064 humiliter
1281 3012 1512 3065 sentiens-
1539 3019 1774 3074 sanctus,
1799 3010 1974 3064 verbis
2000 3010 2202 3064 scilicet
2221 3019 2379 3079 atque

818 3101 1111 3167 prudentia.

2472 1918 2796 1984 disparebat,
2828 1921 2990 1990 frigus
3031 1927 3187 1977 etiam
3217 1926 3522 1992 recedebat,
3561 1928 3833 1980 fortitudo
3858 1945 4006 1997 quoq:

2472 2020 2526 2063 et
2553 2013 2791 2081 corporis
2820 2013 2938 2079 ejus
2972 2017 3117 2067 calor
3164 2015 3229 2069 ad
3269 2032 3387 2070 eum
3429 2019 4002 2080 revertebanturmtct

2478 2106 2578 2158 hoc
2624 2121 2728 2158 non
2780 2115 2956 2172 posset
3011 2108 3174 2161 latere
3224 2109 3359 2163 hanc
3404 2124 3528 2163 esse
3571 2125 3803 2162 causam
3847 2123 4005 2172 repente

2478 2197 2982 2264 cotnprehetnlentis
3037 2213 3156 2254 eum
3213 2201 3683 2254 commutationis.
3760 2201 4001 2268 Suscipite

2477 2301 2604 2354 ergo
2628 2301 2816 2340 aurum
2848 2289 2915 2342 ab
2955 2289 3275 2343 honorandis
3315 2291 3564 2344 manibus
3621 2293 3937 2354 patriarchae,
3973 2304 4002 2342 et

2482 2379 2611 2430 nihil
2665 2380 2883 2432 omnino
2927 2381 3316 2445 contradicens,
3373 2384 3745 2451 exspectabat
3784 2386 3998 2450 abeopu-

2484 2468 2715 2520 triarcha
2773 2471 3214 2538 eonscriptionem
3259 2473 3760 2526 abrenuntiationis
3808 2480 3999 2525 uret-rm

2482 2570 2665 2609 earum
2691 2573 2808 2625 qua:
2837 2559 2974 2611 data:
3003 2566 3127 2613 suiit
3160 2561 3373 2628 triginta
3415 2564 3532 2616 auri
3581 2563 3859 2616 librarum.
3902 2561 3996 2616 Feci

2480 2657 2656 2700 autem
2684 2647 2783 2701 hoc
2827 2664 2947 2702 cum
2979 2649 3173 2718 gaudio
3211 2650 3423 2704 Troilus
3453 2653 3772 2720 episcopus,
3827 2655 3998 2704 “Tibi?”

2484 2742 2708 2808 propriis
2731 2742 2971 2794 manibus
3003 2743 3070 2795 ita
3103 2760 3116 2794 :
3142 2743 3302 2810 Deus,
3325 2745 3544 2796 domino
3569 2759 3698 2797 meo
3726 2745 3900 2798 Joanni
3917 2745 3995 2795 bea-

2484 2832 2689 2885 tissimo
2739 2833 3051 2899 patriarcha!
3101 2835 3254 2900 hujus
3307 2836 3806 2889 Alexandrinorum
3857 2850 3996 2902 magna

2480 2918 2728 2982 civitatis,
2776 2921 2842 2972 da
2884 2924 3182 2975 mercedem
3216 2923 3424 2990 triginta
3474 2925 3740 2977 librarum
3788 2939 3890 2990 quae
3919 2925 3994 2975 dm

2481 3016 2604 3060 sunt
2641 3008 2754 3072 tibi,
2795 3010 3044 3075 quoniam
3093 3024 3192 3078 ego
3231 3012 3408 3078 recepi
3449 3027 3593 3065 mea.
3643 3013 3758 3066 Huc
3806 3014 3990 3075 scriptas

2483 3096 2662 3166 itaque
2700 3111 2917 3153 sanctus
2944 3101 3230 3169 accipiens,
3263 3107 3489 3172 sumpsit
3516 3119 3713 3158 secum
3743 3115 3796 3157 et
3818 3105 3992 3158 eumdem

886 3192 1014 3243 CAP.
1058 3189 1244 3244 XXVI.
1275 3219 1342 3230 —
1377 3190 1938 3259 f’ergehataliquando
1987 3192 2069 3245 hic
2106 3192 2287 3245 beatus
2313 3191 2377 3245 ad
2408 3183 2453 3246 C
2485 3192 2793 3258 episcopum
2840 3191 2906 3245 ad
2953 3195 3254 3259 prandium,
3301 3206 3358 3247 ut
3385 3197 3524 3248 enim
3561 3197 3678 3263 jam
3724 3198 3902 3250 dictum
3928 3208 3992 3254 est.

823 3281 1111 3332 visitaudos
1142 3296 1293 3347 paup
1315 3295 1422 3347 res,
1456 3282 1506 3332 in
1535 3283 1705 3334 locum
1733 3284 1816 3348 qui
1846 3283 2037 3335 dicitur
2058 3282 2380 3346 Caesarium;

830 3372 937 3424 illic
967 3373 1106 3424 enim
1134 3373 1210 3423 eis
1239 3375 1431 3424 lacerat
1461 3373 1607 3437 quasi
1640 3372 1816 3424 tholos
1836 3370 1952 3439 (69)
1979 3373 2231 3439 quosdam
2260 3387 2385 3440 pro-

824 3459 978 3523 lixos,
1013 3462 1196 3527 ligneis
1228 3462 1419 3512 tabulis
1449 3464 1747 3526 pavimento
1771 3473 1938 3513 strato
1958 3463 2022 3513 ad
2051 3463 2388 3526 requiescen-

821 3553 917 3605 dos
964 3568 1075 3614 eos,
1125 3562 1180 3605 et
1231 3553 1387 3604 simul
1419 3568 1537 3605 cum
1566 3555 1755 3605 stureis
1786 3565 1836 3605 et
1880 3554 2121 3606 rachanis
2149 3555 2263 3623 (70)
2295 3569 2388 3620 per

823 3651 984 3693 totam
1018 3641 1265 3702 hiemem,
1296 3655 1415 3694 cum
1443 3642 1671 3706 quodam
1699 3645 2068 3706 episcoiiorum
2093 3657 2274 3694 eorum
2295 3642 2387 3710 qui

822 3746 941 3783 cum
988 3745 1052 3784 eo
1110 3740 1280 3793 erant,
1339 3741 1574 3784 amatore
1626 3731 1881 3796 pecunia,
1943 3734 2173 3799 passibili
2229 3734 2388 3786 modo

825 3833 1028 3885 presso.
1062 3819 1308 3885 Dixitque
1334 3819 1519 3872 beatus
1553 3821 1846 3884 patriarcha
1879 3821 1942 3873 ad
1970 3837 2088 3874 eum
2126 3840 2138 3874 :
2169 3829 2297 3876 Ama
2325 3838 2389 3877 ac

824 3910 1048 3975 honora,
1089 3907 1252 3964 frater
1287 3911 1484 3971 Troile,
1533 3910 1720 3964 fratres
1750 3911 1943 3965 Christi
1971 3929 1985 3976 ;
2036 3913 2132 3966 hoc
2167 3917 2308 3966 enim
2340 3915 2387 3967 ei

824 4008 938 4052 erat
979 4014 1194 4052 nomen.
1234 3999 1621 4052 Nuntiaverunt
1664 4001 1804 4052 enim
1833 4003 2046 4067 quidam
2076 4003 2389 4068 patriarchas

824 4092 962 4158 quod
992 4093 1198 4159 triginta
1229 4093 1389 4146 libias
1421 4094 1533 4145 auri
1569 4102 1802 4160 portaret
1832 4095 1882 4147 iti
1907 4096 2017 4162 ipsa
2048 4100 2177 4150 hora
2208 4099 2390 4152 dome-

826 4182 986 4235 sticus
1005 4184 1241 4251 ejusdem
1271 4184 1506 4252 episcopi
1529 4185 1714 4249 Troili,
1742 4195 1796 4239 ιιι
1817 4197 2018 4240 emeret
2046 4189 2276 4257 speciem
2301 4207 2391 4242 ar-

827 4277 968 4342 genti
992 4276 1298 4347 anaglyphi,
1330 4278 1494 4344 gratia
1530 4293 1725 4331 mensa:
1747 4295 1875 4331 sum.
1904 4281 2193 4348 Episcopus
2214 4293 2390 4334 autem

828 4374 1076 4433 tanquam
1099 4366 1298 4420 veritus
1321 4381 1618 4420 sermonem
1641 4370 1972 4435 patriarchae,
1995 4372 2100 4421 itno
2122 4371 2184 4423 ad
2209 4372 2390 4424 horam

829 4456 1133 4515 calefacuts.
1168 4455 1370 4523 singula
1401 4455 1515 4508 dari
1564 4456 1808 4508 omnibus
1853 4458 2102 4512 fratribus
2145 4464 2394 4527 przecepit

2489 3281 2665 3333 statim
2698 3296 2857 3334 sanus
2884 3281 3054 3335 factus
3084 3294 3184 3336 est.
3217 3283 3413 3338 Volens
3441 3301 3575 3354 ergo
3608 3287 3864 3340 mercedis
3884 3288 3993 3338 reddi

2491 3378 2572 3421 tor
2599 3369 2740 3423 Deus
2768 3372 3040 3440 corripere
3069 3387 3212 3437 eum,
3243 3374 3402 3428 simul
3429 3372 3622 3430 autem
3652 3389 3708 3431 et
3752 3379 3814 3430 ad
3841 3379 3990 3430 inueti-

2491 3462 2687 3512 tionem
2732 3465 3209 3517 contribulatorum
3253 3476 3307 3519 et
3356 3472 3790 3535 compassionem
3835 3468 3990 3532 erigas.

2489 3550 2718 3604 ostendit
2745 3552 2794 3604 ei
2823 3553 3009 3607 eadem
3040 3553 3128 3607 die
3172 3554 3455 3608 dormienti
3489 3569 3609 3621 post
3662 3557 3914 3622 prandium
3937 3571 3990 3621 pa-

2492 3640 2732 3694 triarchaa
2755 3641 2807 3694 in
2828 3644 3053 3708 somnis,
3082 3659 3184 3711 qua
3216 3645 3460 3698 mercede
3488 3648 3735 3712 privatus
3759 3644 3993 3699 esseLi‘idit

2491 3729 2630 3782 enim
2678 3732 2758 3797 (ut
2802 3733 2896 3794 ait)
2930 3732 3171 3795 domum,
3211 3734 3362 3803 cujus
3411 3735 3856 3800 pulchritudinem
3893 3745 3992 3798 atque

2492 3818 2907 3888 magnitudinem
2955 3835 3059 3873 non
3107 3833 3279 3887 potest
3302 3838 3388 3876 ars
3419 3826 3702 3877 hominum
3753 3825 3934 3884 imitari,
3967 3833 3994 3870 rt

2487 3905 2704 3975 januam
2728 3909 2880 3974 hujus
2908 3917 3070 3962 totam
3099 3925 3334 3973 auream,
3357 3922 3412 3964 et
3432 3927 3600 3978 super
3617 3915 3834 3980 januam
3855 3913 3990 3963 titulun

2493 3999 2856 4064 conscriptum
2893 4015 2908 4052 :
2940 3999 3143 4053 Μλκειο
3194 4017 3438 4065 ιτειιιςλ,
3494 4018 3562 4056 ετ
3614 4018 3834 4066 ιεουιις
3875 4003 3992 4054 TlﬂiU

2493 4101 2744 4144 "Iseon.
2787 4086 2918 4141 Cum
2965 4103 3094 4160 ergo
3137 4089 3258 4154 hoc,
3306 4091 3495 4159 inquit,
3529 4094 3804 4159 legissem,
3850 4092 3991 4159 gavisus

2493 4192 2634 4238 sum,
2681 4179 2912 4235 sciebam
2940 4182 3081 4234 enim
3111 4183 3408 4234 donandant
3455 4183 3584 4234 mihi
3635 4185 3711 4234 ab
3757 4185 3994 4248 imperatore

2496 4271 2615 4323 talis
2637 4271 2828 4326 domus
2858 4272 3235 4338 epulatiouetn.
3277 4271 3520 4325 Nondum
3549 4283 3741 4324 autern
3774 4269 3993 4338 summa

2498 4364 2633 4416 tituli
2664 4366 3164 4431 superseriptionem
3209 4365 3556 4433 perlegeram.
3598 4374 3654 4417 et
3685 4379 3812 4418 eccs
3851 4369 3992 4429 quidam

2504 4457 2681 4520 regius
2723 4452 3098 4516 cubicularius,
3129 4454 3328 4505 habens
3362 4467 3542 4505 secum
3571 4463 3625 4504 et
3654 4456 3795 4504 alios
3824 4451 3992 4512 elisi-ma

831 4545 879 4598 ei
910 4544 998 4612 qui
1027 4545 1238 4612 triginta
1283 4545 1444 4598 libras
1489 4545 1606 4598 illas
1647 4547 1906 4614 portabat.
1963 4549 2218 4602 Celeriter
2263 4564 2391 4617 ergo
2423 4540 2471 4598 D
2495 4541 2691 4605 divini;
2737 4549 2792 4596 et
2831 4557 2952 4595 eum
2987 4545 3312 4608 pervenisset
3331 4539 3402 4593 ad
3430 4542 3587 4593 talem
3636 4540 3851 4593 nitentis
3873 4547 3994 4589 domis

832 4637 1131 4706 hujusinodi
1159 4637 1270 4690 auri
1299 4637 1566 4703 quantitas
1593 4648 1807 4705 erogata
1848 4647 1948 4691 est.
2002 4640 2389 4695 Recedrntibus

833 4726 1012 4793 itaque
1059 4727 1312 4792 utrisque,
1365 4727 1658 4791 patriarcha
1704 4728 1924 4791 scilicet,
1955 4740 2006 4779 et
2036 4729 2122 4796 qui
2171 4729 2389 4782 invitam

833 4816 915 4884 (ut
943 4816 1010 4866 ita
1043 4815 1235 4883 dicam)
1267 4815 1661 4884 eleemosynam
1694 4816 1911 4879 fecerat,
1940 4818 2189 4884 episcmio
2216 4819 2394 4872 Troilo

778 4931 782 4934 ν
835 4906 888 4958 in
918 4906 1143 4973 propriis
1171 4907 1451 4972 episcOpiis
1481 4909 1621 4958 velut
1653 4908 1894 4974 quwdam
1923 4923 2107 4960 amens
2128 4918 2182 4961 et
2205 4911 2396 4963 animae

836 4998 1132 5068 periculosa
1163 4999 1213 5050 in
1241 5013 1361 5049 eum
1393 4998 1646 5066 cogitatio
1677 4998 1854 5061 irruit,
1904 5010 2117 5065 propter
2151 5003 2397 5065 pecunia-

836 5103 953 5142 rum
984 5086 1283 5149 dationem;
1329 5086 1561 5138 horroris
1587 5097 1640 5139 et
1669 5091 1868 5139 amoris
1899 5091 2152 5154 pecuniae,
2188 5100 2242 5142 et
2280 5104 2400 5142 cru-

837 5181 1066 5235 delitatis
1103 5190 1157 5234 et
1206 5178 1533 5245 negligentia.-
1577 5181 1821 5244 genitnen
1867 5195 1987 5232 eum
2034 5181 2352 5247 sequebatur
2382 5225 2396 5248 ,

839 5273 986 5326 febre
1015 5283 1162 5323 extra
1187 5281 1424 5322 naturam
1457 5271 1628 5334 mista,
1664 5281 1879 5337 propter
1908 5273 2045 5337 quod
2073 5286 2301 5339 a'grotus
2325 5275 2404 5325 in-

843 5362 978 5414 vitus
1025 5360 1075 5411 in
1119 5359 1308 5412 lectum
1351 5359 1561 5411 cecidit.
1609 5358 2029 5411 llebdoinadaiio
2063 5376 2192 5428 ergo
2221 5376 2248 5413 a
2278 5377 2400 5414 san-

841 5451 1078 5506 ctissimo
1106 5449 1403 5518 patriarcha
1449 5449 1513 5500 ad
1543 5463 1662 5501 eum
1694 5452 1956 5511 veniente,
1988 5463 2040 5503 et
2069 5455 2131 5503 ad
2164 5467 2397 5504 mettsmn

843 5542 1080 5612 ejusdem
1113 5541 1425 5609 patriarchae
1449 5556 1567 5593 eum
1599 5540 1869 5606 invitante,
1898 5545 2176 5606 recusavit,
2207 5543 2399 5611 frigore

843 5635 987 5689 enim
1017 5645 1070 5686 et
1099 5634 1243 5688 febre
1281 5647 1339 5684 se
1371 5633 1546 5685 vexari
1577 5648 1672 5700 pro
1710 5634 1934 5700 quadam
1975 5648 2133 5686 causa
2175 5635 2401 5687 dicebat.

844 5726 1004 5798 Igitur
1027 5740 1147 5780 cum
1170 5726 1268 5779 hoc
1291 5724 1525 5778 audi=set
1551 5725 1866 5792 patriarcha,
1896 5739 2018 5780 mox
2048 5729 2263 5796 agnovit
2287 5740 2406 5780 cau-

2495 4635 2728 4701 jat‘tuam,
2777 4635 2909 4686 dixit
2936 4634 3000 4685 ad
3030 4633 3270 4699 proprios
3299 4631 3552 4686 officiales
3585 4651 3599 4685 :
3648 4635 3895 4700 Deponite
3915 4630 3994 4681 milii

2499 4726 2727 4779 titulum.
2753 4726 2822 4778 Et
2849 4741 2967 4778 cum
2997 4727 3387 4794 deposuissent.
3438 4727 3626 4782 iterum
3653 4727 3833 4781 dixit;
3869 4729 3996 4778 quit

2499 4831 2642 4876 eum.
2689 4823 2744 4868 et
2791 4818 2970 4882 ponite
2996 4832 3151 4883 quem
3184 4817 3322 4869 misit
3355 4816 3501 4869 orbis
3531 4826 3802 4870 terrarum
3846 4831 3927 4868 rex.
3959 4813 3995 4863 Et

2501 4907 2792 4959 attulerunt
2819 4916 2873 4958 et
2900 4908 3180 4959 allixerunt
3208 4907 3345 4959 aliud
3389 4908 3678 4972 aSpiciente
3735 4925 3834 4970 me,
3871 4921 3991 4971 supcr-

2504 4996 2753 5061 scuiptum
2810 4995 2878 5047 ita
2917 5014 2927 5046 :
2973 4995 3173 5049 λιλαίειο
3205 5011 3428 5049 ετειιιηλ
3473 5011 3535 5049 AC
3580 5012 3810 5056 secures
3852 4997 3996 5047 lamis

2507 5101 2901 5139 ABCHIEI‘ISCOPI
2946 5090 3329 5148 Αιεηηοκιε,
3380 5102 3553 5140 enen
3596 5103 3773 5141 ustus
3809 5099 3992 5140 1mm.-

2506 5177 2721 5230 Etcum
2764 5179 2863 5230 hoc
2898 5178 3138 5240 vidisset,
3183 5177 3414 5229 Surrexit
3455 5193 3482 5226 a
3514 5193 3731 5239 somno,
3789 5191 3836 5231 et
3874 5187 3994 5237 ungue

2504 5282 2818 5334 summoque
2842 5268 3034 5332 pastori
3056 5283 3173 5333 qua:
3191 5271 3300 5317 visa
3327 5279 3450 5318 sunt
3470 5266 3519 5318 ei
3550 5269 3601 5319 in
3627 5269 3834 5320 somnis
3851 5277 3990 5317 etiam}.

2509 5363 2603 5412 vit.
2646 5357 2937 5410 Proficiens
2958 5373 3017 5409 ea
3046 5359 3112 5410 de
3138 5371 3294 5410 causa
3325 5356 3535 5410 Troilus
3563 5357 3864 5426 episcopus,
3888 5355 3992 5408 iactus

2505 5467 2568 5505 ex
2593 5459 2717 5503 tunc
2744 5451 3166 5518 eleemosynator
3195 5449 3520 5515 magnificus.

2575 5541 2701 5594 Cir.
2747 5539 2953 5593 XXVII.
2994 5567 3064 5579 —
3107 5539 3359 5591 Dominus
3384 5541 3470 5606 qui
3499 5540 3716 5593 divitias
3747 5541 3803 5594 in
3839 5546 3990 5602 ιωρθτε

2507 5635 2735 5704 quodam
2763 5634 2918 5688 beato
2939 5631 3041 5686 Job
3065 5634 3299 5696 abstulit,
3333 5631 3458 5686 fecit
3483 5634 3660 5688 simile
3691 5645 3749 5688 et
3792 5637 3888 5687 huic
3906 5627 3987 5680 0mm

2512 5727 2748 5781 bonitate
2792 5725 2973 5796 pleno,
3017 5735 3203 5779 sancto
3241 5724 3556 5793 patriarcha
3599 5724 3818 5782 Joanni.
3844 5718 3989 5779 Naribus
