4118 6432
136 378 253 434 1641

1081 385 1232 439 ἫΤᾹ
1272 381 1512 438 SANCTI
1550 381 1825 438 JOANNIS
1871 381 2444 442 ELEEMOSYNAIHI.

126 503 267 556 enim
304 500 653 554 sanctissima:
691 499 930 554 ecclesia:
978 495 1546 564 comprehendentibus
1577 493 1690 547 vio-
1718 494 1768 553 Α
1795 495 2060 550 mandavit
2105 497 2233 551 mihi
2270 497 2522 553 Dominus
2577 514 2724 553 meus
2754 511 2803 553 et
2850 502 3082 556 omnium
3122 505 3360 560 Christus

129 595 322 645 lcntam
371 592 619 652 hiemem,
666 591 718 643 in
761 591 876 643 loco
905 589 991 657 qui
1031 588 1306 641 dicebatur
1341 585 1497 638 Adria
1553 581 1688 652 ('ll),

125 683 463 750 projecerunt
493 683 668 736 omnia
699 696 816 744 sua,
861 697 977 750 qua:
1009 694 1171 733 naves
1204 677 1510 746 portabant;
1543 683 1694 730 erant

127 790 256 826 vero
286 788 471 827 omnes
502 789 661 828 naves
682 774 856 826 simul.
903 773 1029 826 Erat
1066 783 1243 826 autem
1292 782 1499 824 summa
1529 766 1692 821 multa

125 865 279 918 valde
301 867 647 919 enthecarum
679 881 929 928 suarum;
983 863 1247 916 habebant
1292 861 1436 915 enim
1489 869 1692 913 tantum

121 957 442 1009 vestimenta
489 965 542 1009 et
591 963 889 1025 argentum,
939 963 992 1006 et
1039 954 1173 1007 alias
1219 968 1305 1006 res
1350 952 1590 1013 altiores,
1640 957 1697 1002 ut

119 1056 522 1114 eomputaretur
553 1047 756 1114 pondus
789 1045 929 1114 quod
960 1044 1055 1098 ivit
1084 1045 1134 1096 in
1165 1042 1514 1112 perditionem
1535 1055 1697 1109 quan-

116 1140 293 1192 titatis
309 1139 730 1191 centenariorum
749 1136 959 1206 triginta
985 1145 1229 1204 quatuor.
1254 1133 1374 1186 Plus
1391 1132 1530 1186 enim
1547 1137 1698 1185 erant

117 1245 289 1300 quam
322 1230 575 1283 tredecim
608 1244 787 1294 naves,
816 1229 1084 1298 capientes
1115 1243 1208 1296 per
1247 1226 1480 1296 singulas
1510 1225 1696 1279 decem

114 1323 290 1376 tniIiia
316 1321 634 1376 tnodiorum.
679 1320 1019 1374 Venientibus
1051 1335 1177 1374 vero
1218 1317 1596 1372 Alexandriam
1647 1323 1700 1366 ct

115 1413 492 1482 pergentibus,
527 1413 705 1466 statim
738 1411 923 1480 reliqui
951 1410 1240 1464 creditores
1263 1417 1318 1461 et
1346 1407 1498 1473 primi
1527 1413 1698 1460 nauta:

113 1507 168 1557 in
199 1503 495 1558 ecclesiam
525 1502 895 1571 confugerunt.
932 1499 1156 1554 Sanetus
1187 1512 1310 1552 vero
1335 1497 1435 1550 hoc
1455 1497 1696 1558 audiens,

111 1606 172 1649 et
195 1611 418 1648 causam
459 1607 673 1663 propter
693 1608 849 1662 quam
878 1592 1143 1660 fugerant,
1174 1590 1334 1643 mittit
1364 1589 1443 1647 eis
1475 1586 1698 1641 verbum

110 1684 372 1736 manibus
416 1685 526 1737 suis
573 1682 953 1750 conscriptum,
1000 1679 1200 1733 habens
1231 1679 1351 1732 ita:
1397 1695 1415 1728 ι
1450 1675 1701 1730 Dominus

110 1777 305 1839 dedit,
343 1775 553 1839 fratres;
606 1772 882 1838 Dominus,
929 1781 987 1825 ut
1032 1771 1215 1837 voluit,
1268 1769 1519 1833 abstulit;
1565 1767 1702 1820 sicut

1795 582 1932 636 Deus
1961 581 2140 652 (Joan.
2172 586 2245 655 χ).

1866 675 1991 728 Car.
2017 674 2209 729 XXIX.
2231 677 2582 732 —Districtus
2612 679 2822 744 quidam
2857 681 2923 734 ab
2955 682 3135 752 iusqui
3155 689 3362 752 pensio-

1797 781 1916 821 nem
1947 766 2251 836 exigebant,
2295 785 2416 824 cum
2461 785 2565 824 non
2610 771 2829 827 haberet
2865 775 3005 842 quod
3046 776 3195 830 daret
3229 780 3364 848 (c-at

1795 857 1936 911 enim
1956 858 2102 927 regio
2121 859 2172 913 in
2196 874 2384 928 magna
2406 860 2739 927 difficultate,
2759 876 2824 915 eo
2844 863 2983 930 quod
3007 865 3076 918 llu
3093 866 3196 921 lius
3219 868 3364 923 Nilus

1797 949 2089 1002 secundum
2112 949 2542 1004 consuetudinem
2567 966 2669 1005 non
2694 951 2935 1020 irrigat-et
2956 956 3105 1022 aquis
3127 960 3368 1028 terram}.

1800 1038 1912 1104 ipse
1953 1039 2138 1093 abiens
2176 1039 2485 1108 deprecatus
2513 1051 2596 1096 est
2624 1042 2812 1095 ducei-i
2844 1057 3122 1110 quemdam
3154 1064 3371 1116 magna-

1801 1139 1995 1194 torum,
2023 1141 2080 1184 ut
2106 1144 2312 1187 mutuas
2336 1133 2437 1187 sibi
2469 1135 2619 1188 daret
2666 1138 3043 1206 quinquaginta
3071 1137 3237 1195 libras
3265 1159 3329 1196 au
3347 1172 3365 1187 ο

1802 1219 1875 1283 ri;
1905 1231 1956 1273 et
1983 1221 2192 1276 dicabat
2222 1237 2280 1277 se
2308 1223 2436 1276 dare
2467 1225 2684 1292 pignora
2705 1266 2719 1290 ,
2751 1229 2793 1279 si
2841 1229 3018 1292 vellet.
3051 1231 3231 1302 dupla.
3266 1234 3369 1288 Be-

1802 1313 2042 1380 promisit
2070 1328 2197 1382 ergo
2242 1313 2344 1367 dux
2377 1314 2502 1368 dare
2529 1317 2598 1382 ei,
2644 1316 2708 1370 ad
2738 1332 2967 1383 prmscns
2997 1336 3123 1376 vero
3148 1323 3368 1378 distulit.

1804 1404 2150 1459 Exactoribns
2179 1420 2304 1474 ergo
2346 1410 2831 1479 constringentibns
2859 1427 3001 1474 eum,
3036 1415 3178 1468 va-Iit
3226 1417 3362 1483 ipse,

1802 1505 1858 1549 ut
1880 1498 2054 1550 omnis
2083 1497 2147 1552 ad
2179 1509 2384 1567 portum
2414 1518 2442 1554 a
2468 1518 2570 1570 quo
2615 1505 2788 1557 cuneti
2833 1507 3175 1576 recipiuntur,
3223 1512 3370 1564 vitle-

1803 1587 1926 1642 lieet
1957 1589 2020 1642 ad
2053 1588 2386 1645 mitissimum
2416 1601 2471 1646 et
2497 1592 2710 1661 dignum
2755 1595 3103 1654 admiratione
3147 1604 3372 1666 patriar-

1802 1677 1977 1731 cham.
2025 1680 2089 1732 Et
2135 1680 2366 1735 nondum
2416 1696 2550 1749 pene
2599 1683 2865 1751 propriam
2914 1690 3283 1745 necessitatem
3325 1693 3372 1746 ei

1805 1779 2127 1834 narraverat,
2161 1769 2520 1825 dixitsanctus
2541 1773 2606 1826 ad
2635 1788 2755 1827 eum
2779 1789 2793 1828 :
2820 1774 2912 1839 Do,
2938 1775 3031 1841 lili,
3054 1778 3098 1832 si
3122 1779 3372 1850 volueris,

112 1868 354 1921 Domino
395 1868 609 1935 placuit,
662 1868 730 1918 ita
759 1865 954 1919 factum
996 1875 1078 1917 est.
1113 1865 1220 1918 :sit
1265 1875 1456 1916 nomen
1492 1859 1700 1914 Domini
1733 1865 1778 1923 Β
1805 1870 1855 1912 et
1882 1873 1988 1929 quo
2034 1861 2253 1927 vestior,
2287 1861 2682 1916 vestimentum.
2725 1864 2932 1919 Etenim
2975 1880 3095 1921 cum
3142 1869 3374 1925 admira-

113 1957 464 2011 bencdictum
495 1955 638 2025 (Job.
670 1956 733 2023 ι).
767 1955 940 2018 Exite,
982 1953 1093 2017 lilii,
1128 1952 1258 2005 nihil
1287 1966 1352 2005 ex
1384 1952 1483 2004 hoc
1501 1948 1653 2003 veriti
1684 1965 1696 1999 :

111 2050 386 2102 Dominus
417 2049 556 2102 enim
582 2047 843 2101 sollicitus
865 2046 964 2098 erit.
989 2061 1053 2099 ne
1083 2044 1336 2098 crastino.
1376 2060 1396 2094 ιι
1449 2040 1703 2096 Ascendit

111 2143 306 2211 itaque
347 2156 479 2209 pene
507 2139 783 2192 dimidium
814 2138 1039 2191 ειίνὶιιξύε
1079 2135 1132 2189 in.
1161 2144 1422 2232 secretim)
1453 2149 1466 2188 :
1497 2133 1583 2188 die
1609 2148 1705 2186 au-

112 2243 230 2286 tem
279 2233 446 2284 altero
473 2222 704 2283 volente:
757 2227 868 2278 =‘"‘;"‘2‘
918 2224 1184 2280 consolari
1237 2222 1467 2278 nobilem
1511 2223 1696 2286 istum;

113 2324 239 2389 ipse
274 2336 400 2374 vero
444 2330 846 2387 praeoccupans,
878 2315 1038 2384 carpit
1075 2315 1319 2369 omnibus
1347 2313 1526 2367 dicere
1557 2329 1567 2363 τ
1600 2312 1703 2365 Ne.-

113 2427 414 2481 quaquam,
441 2425 474 2464 ο
503 2409 596 2463 lilii
627 2420 681 2463 et
707 2406 922 2471 fratres,
950 2420 1110 2460 causa
1133 2406 1346 2459 navium
1376 2403 1703 2463 difﬁcultatis

116 2503 454 2565 tristeniini;
501 2515 622 2554 nam
665 2497 876 2552 humilis
906 2496 1158 2560 Joannes,
1207 2495 1428 2560 credite,
1459 2496 1703 2548 inventus

114 2605 210 2652 est
261 2593 572 2664 culpabilis;
622 2593 815 2661 quippe
865 2591 967 2644 nisi
1014 2588 1376 2644 extollentiam
1426 2587 1699 2651 haberem,

119 2691 281 2743 nullo
305 2691 466 2744 modo
496 2690 595 2743 hoc
624 2689 838 2743 ferrem.
883 2687 990 2741 Sed
1029 2685 1149 2752 quia
1188 2683 1483 2739 cxtollebar
1521 2682 1574 2734 in
1622 2679 1703 2734 his

119 2795 250 2848 quae
284 2781 374 2833 Dei
402 2791 577 2844 erant,
605 2789 660 2832 et
683 2778 1008 2832 aastimabam
1037 2777 1177 2844 quod
1207 2789 1394 2844 magna
1423 2787 1586 2841 opera
1629 2770 1708 2825 fa:

121 2885 332 2933 eerem,
368 2871 502 2924 dans
545 2884 662 2938 qua
693 2868 967 2922 hominum
998 2877 1165 2931 erant,
1201 2867 1302 2921 hoc
1331 2865 1458 2919 mihi
1490 2863 1703 2927 evenit;

121 2962 322 3016 volens
349 2960 477 3031 ergo
507 2962 649 3016 Deus
677 2971 729 3014 ut
763 2961 863 3014 hoc
902 2960 1278 3028 intelligerent,
1313 2958 1411 3010 ista
1444 2953 1702 3046 permisit.

123 3059 482 3125 Eleemosyna
513 3058 653 3109 enim
678 3070 782 3108 non
803 3054 1107 3124 vigilantem
1133 3053 1440 3122 plerumque
1463 3051 1514 3104 in
1536 3048 1709 3104 extol-

123 3149 348 3203 tentiam
374 3150 546 3202 elevat
579 3164 593 3202 :
625 3147 817 3201 invitus
844 3161 968 3199 vero
999 3151 1152 3200 casus
1178 3143 1707 3197 humiliatsustinen--

124 3251 264 3295 teni.
317 3240 404 3291 Ait
449 3238 590 3292 enim
642 3237 816 3291 divina
865 3236 1133 3303 Scriptura
1171 3253 1180 3284 :
1219 3234 1507 3302 Paupertas
1537 3231 1704 3285 virum
1738 3236 1783 3299 ς

130 3330 398 3383 humiliat.
438 3329 500 3382 Et
531 3330 721 3383 iterum
753 3328 914 3381 David
941 3329 1042 3380 hoc
1069 3326 1263 3388 sciens,
1316 3325 1525 3378 diecbat
1554 3339 1568 3374 :
1608 3311 1709 3376 Bo-

126 3437 263 3474 num
295 3422 420 3474 milii
448 3419 587 3485 quod
615 3430 669 3473 tu
693 3419 978 3472 humiliasti
1011 3433 1116 3483 me,
1145 3428 1201 3472 ut
1229 3416 1429 3471 discam
1458 3415 1713 3484 justifiea--

126 3517 316 3568 tiones
339 3530 452 3568 tuas
477 3513 646 3584 (Psal.
676 3515 879 3580 cxvni).
908 3515 1038 3567 Dum
1061 3514 1200 3567 enim
1224 3512 1379 3565 malis
1402 3512 1570 3565 laetus
1595 3528 1710 3565 sum

127 3605 423 3670 abnoxius,
468 3605 588 3671 quia
635 3604 901 3658 dationem
940 3618 1034 3671 per
1063 3617 1249 3656 vanam
1275 3603 1494 3671 gloriam
1526 3602 1716 3668 perde

125 3697 285 3759 bam,
343 3706 398 3748 et
445 3695 691 3760 quoniam
734 3707 827 3761 per
871 3693 1054 3746 vitium
1105 3707 1281 3746 meum
1323 3691 1548 3760 perditae
1594 3705 1714 3745 sunt

125 3793 304 3837 tanta:
338 3783 592 3849 pecuniae,
625 3782 795 3836 habeo
824 3798 961 3834 nunc
987 3782 1243 3851 judicium
1272 3782 1572 3836 animarum
1599 3796 1734 3851 quaa‘

124 3876 183 3927 in
219 3883 375 3926 arcto
404 3883 544 3925 sunt.
580 3873 794 3936 Verum,
829 3872 1181 3936 dilectissimi,
1210 3873 1297 3941 qui
1326 3881 1451 3926 tunc
1479 3884 1717 3941 tempore

124 3963 268 4034 justi
297 3962 439 4016 illius
464 3963 564 4018 Joh
592 3962 690 4016 fuit
720 3962 879 4028 Deus,
911 3971 963 4015 et
992 3978 1129 4016 nunc
1162 3963 1299 4016 idem
1333 3964 1444 4030 ipse
1482 3973 1585 4028 est,
1627 3964 1714 4032 qui

127 4071 248 4108 non
287 4064 500 4123 propter
541 4063 831 4122 egestatem
878 4069 1073 4118 meam,
1117 4054 1208 4108 sed
1251 4055 1320 4108 ob
1369 4055 1714 4123 indigentium

123 4146 541 4215 necessitatem,
571 4159 677 4199 non
707 4144 1042 4215 derelinquet
1071 4160 1185 4198 nos.
1223 4145 1336 4214 Ipse
1366 4147 1506 4199 enim
1536 4146 1667 4199 dixit
1702 4164 1712 4198 :

123 4207 614 4300 Nontedesef‘am,
697 4235 870 4304 deque
924 4207 1291 4302 nerelinquani
1347 4231 1524 4300 (Hebr.
1565 4234 1706 4304 xm).

122 4326 202 4378 ,ει
235 4340 424 4378 rursus
451 4341 463 4377 :
487 4323 721 4390 Quaerite
746 4325 972 4390 primum
1003 4340 1222 4393 regnum
1247 4325 1358 4388 Dei,
1385 4336 1436 4380 et
1457 4326 1716 4395 justitiam

128 4421 183 4486 ej
196 4431 287 4479 us,
330 4425 384 4468 et
410 4416 522 4469 haec
546 4417 724 4468 omnia
745 4414 1060 4482 adjicientur
1083 4417 1232 4470 vobis
1255 4417 1468 4487 (Matt/2.
1503 4423 1594 4484 vi).
1624 4419 1713 4474 Vo-

119 4510 314 4563 Ientes
356 4523 482 4576 ergo
520 4507 787 4560 consolari
833 4523 956 4561 eum
1003 4508 1232 4562 civitatis
1281 4509 1629 4577 habitatores,
1659 4523 1717 4567 ut

1806 1949 1996 2003 bilibus
2015 1949 2126 2004 suis
2146 1950 2296 2005 bonis
2318 1961 2372 2006 et
2393 1950 2492 2005 hoc
2512 1951 2846 2020 possidebat,
2877 1956 3018 2025 quod
3048 1973 3152 2011 non
3185 1973 3368 2027 posset

1805 2040 1990 2095 videre
2040 2041 2270 2109 aliquem
2303 2041 2372 2096 de
2417 2044 2822 2100 necessitatibus
2867 2047 3269 2119 lacrymantem,
3321 2065 3376 2109 et

1805 2146 1908 2184 non
1936 2131 2114 2185 statim
2144 2145 2201 2186 se
2233 2133 2459 2202 propriis
2480 2134 2671 2202 rigaret
2698 2136 2940 2206 lacrymis
2965 2156 2976 2191 :
3004 2142 3140 2194 unde
3167 2149 3223 2195 et
3249 2158 3372 2198 mnx

1804 2220 2116 2289 petitionem
2160 2221 2387 2276 volentis
2415 2223 2484 2276 ab
2522 2237 2588 2279 eo
2636 2237 2873 2281 mutuum
2921 2230 3166 2299 accipere
3207 2231 3375 2288 adim-

1809 2312 1993 2376 ulevit.
2023 2312 2090 2364 Et
2116 2312 2357 2381 sequenti
2388 2322 2542 2368 nocte
2569 2315 2710 2369 videt
2742 2317 2844 2370 dux
2865 2320 3002 2386 quod
3026 2330 3192 2376 staret
3217 2336 3378 2391 super

1805 2399 1972 2454 altare
2019 2401 2252 2471 quidam,
2294 2403 2378 2456 cui
2425 2401 2719 2468 offerebant
2769 2407 2916 2461 multi
2965 2405 3292 2479 oblationes;
3324 2425 3380 2470 et

1809 2505 1900 2555 per
1923 2505 2078 2544 unam
2128 2506 2286 2560 quam
2318 2493 2610 2562 ponebant,
2641 2497 2968 2565 accipiebant
3014 2509 3228 2558 centum
3279 2520 3379 2575 pro

1805 2579 1920 2648 ipsa
1946 2581 2014 2635 de
2041 2582 2214 2636 altari.
2248 2583 2375 2638 Erat
2409 2593 2584 2640 autem
2615 2596 2668 2641 et
2699 2589 2993 2654 patriarcha
3025 2603 3144 2661 post
3172 2603 3378 2667 tergum

1808 2668 1944 2736 ejus.
1998 2669 2216 2724 Jaeebat
2242 2687 2370 2740 ergo
2400 2688 2498 2727 una
2539 2675 2745 2731 oblatio
2775 2687 2897 2734 ante
2926 2695 3017 2736 cos
3047 2684 3097 2738 in
3128 2701 3233 2741 uno
3262 2702 3379 2743 sca-

1810 2773 1954 2825 mno,
2002 2769 2056 2814 et
2079 2760 2205 2814 dicit
2237 2763 2450 2830 quidam
2481 2764 2602 2820 duci
2638 2783 2651 2818 :
2688 2767 2850 2834 Vade,
2882 2771 3095 2828 domine
3123 2775 3258 2842 dux,
3284 2793 3378 2833 ac-

1809 2849 1926 2917 cipe
1966 2851 2285 2908 oblationem
2327 2854 2495 2921 illam,
2546 2866 2599 2912 et
2648 2859 2778 2914 offer
2821 2863 2886 2916 ad
2933 2867 3118 2934 altare,
3150 2878 3206 2923 et
3251 2873 3377 2927 tolle

1811 2955 1907 3007 pro
1940 2956 2002 2996 ea
2033 2955 2245 2998 centum
2275 2945 2592 3003 oblationes.
2642 2950 2732 3004 Illo
2763 2967 2888 3007 vero
2933 2956 3231 3024 pigritaute,
3283 2975 3380 3015 cu-

1810 3034 1974 3088 currit
2004 3035 2320 3103 patriarclm,
2353 3035 2470 3094 licet
2501 3052 2619 3108 post
2648 3051 2767 3097 eum
2798 3053 2983 3111 staret,
3012 3057 3066 3102 et
3092 3050 3208 3105 tulit
3238 3051 3376 3108 hanc

1811 3135 1936 3180 ante
1964 3142 2106 3190 eum,
2142 3137 2195 3181 et
2221 3129 2427 3195 obtulit,
2477 3141 2532 3187 et
2559 3136 2784 3205 accepit,
2838 3138 2974 3193 sicut
3003 3156 3208 3210 omnes,
3261 3159 3383 3202 cen-

1818 3228 1925 3270 tum
1953 3219 2017 3271 de
2061 3221 2229 3273 altari.
2270 3221 2539 3291 Evigilans
2567 3227 2761 3295 itaque,
2813 3247 2916 3287 non
2951 3244 3157 3302 poterat
3185 3239 3385 3294 discer~

1817 3323 1947 3363 aere
1976 3312 2257 3366 somnium.
2296 3315 2431 3369 Misit
2457 3327 2630 3371 autem
2658 3329 2711 3373 et
2736 3322 2950 3376 adduxit
2974 3340 3096 3379 eum
3126 3330 3214 3396 qui
3241 3334 3367 3386 vole-

1819 3405 1906 3454 bat
1953 3413 2190 3457 mutnum
2243 3408 2493 3475 accipere,
2546 3419 2601 3463 ut
2631 3423 2910 3472 praestaret
2934 3417 3000 3470 ei.
3040 3418 3248 3473 Etcum
3299 3438 3362 3477 ve

1819 3491 2014 3558 uisset,
2048 3495 2172 3548 dicit
2201 3496 2246 3549 ei
2297 3499 2399 3550 dux
2428 3517 2438 3549 :
2469 3502 2662 3568 Accipe
2713 3505 2849 3568 Quod
2900 3509 3071 3574 petisti
3126 3521 3381 3566 mutuum.

1821 3582 2162 3651 Respondens
2189 3586 2295 3644 ille.
2330 3588 2460 3640 dixit
2490 3590 2534 3642 ei
2562 3607 2574 3638 :
2603 3594 2740 3646 Ante
2767 3595 2885 3647 tulit
2913 3599 3211 3655 mercedem
3241 3610 3380 3655 tuam

1819 3675 2062 3732 Iloininus
2094 3679 2409 3734 patriarcha.
2444 3682 2647 3736 Etenim
2675 3694 2724 3737 te
2747 3687 2960 3742 domino
2982 3689 3260 3748 dill‘erente
3282 3710 3390 3756 me,

1819 3769 2120 3836 compulsus
2150 3784 2264 3823 sum
2309 3773 2372 3824 ad
2406 3774 2552 3826 illum
2587 3785 2833 3845 tanquam
2861 3782 2928 3836 ad
2961 3793 3167 3852 portum
3207 3792 3387 3842 contu»

1791 3861 1973 3926 ‘gere,
2007 3861 2170 3913 multa
2198 3865 2340 3916 enim
2370 3874 2486 3918 erat
2517 3867 2594 3921 vis
2627 3868 3003 3936 inquietudinis
3050 3887 3382 3933 exactorum.

1816 3952 1945 4003 Cum
1971 3964 2095 4019 ergo
2117 3953 2352 4030 audisset
2373 3954 2492 4020 hoc,
2527 3959 2700 4011 Statim
2733 3962 3040 4018 recordatus
3069 3979 3144 4019 est
3170 3970 3386 4033 somnii,

1817 4049 1872 4094 et
1897 4041 2031 4095 dixit
2056 4059 2068 4094 :
2097 4042 2232 4098 Vere
2251 4047 2385 4099 bene
2406 4046 2581 4100 dixisti
2613 4067 2622 4098 :
2652 4052 2780 4114 Quia
2804 4063 2924 4106 ante
2950 4055 3065 4109 tulit
3089 4058 3388 4114 mercedem

1817 4141 1983 4186 tuam.
2012 4134 2148 4187 Ante
2181 4135 2300 4187 tulit
2329 4137 2488 4200 enim,
2542 4147 2596 4193 et
2627 4156 2703 4192 vae
2732 4143 2805 4194 illi
2832 4145 2917 4208 qui
2943 4145 3052 4199 vult
3079 4145 3258 4203 facere
3291 4149 3390 4204 ho-

1817 4238 1964 4287 num,
1997 4232 2051 4278 et
2080 4224 2275 4278 differt.
2310 4226 2377 4280 Et
2405 4228 2673 4283 enarravit
2695 4231 2742 4285 ei
2765 4240 2819 4286 et
2848 4235 3092 4289 oumibus
3124 4240 3390 4294 somuimn

1819 4316 1956 4384 quod
1987 4316 2208 4370 viderat.

1888 4426 2014 4479 Car.
2049 4426 2216 4481 XXX.
2246 4458 2314 4469 —
2337 4430 2594 4499 Pergente
2624 4433 2901 4504 aliquando
2941 4450 3126 4493 sancto
3153 4443 3217 4494 ad
3251 4451 3389 4496 tem-

1822 4518 1963 4584 plum
2009 4532 2312 4575 sanctorum
2375 4523 2776 4580 victoriosorum
2828 4542 3117 4600 martyrum
3169 4535 3293 4603 Cyri
3340 4547 3391 4591 et

120 4600 343 4653 dictum
373 4608 475 4661 est,
506 4598 605 4665 ipsi
638 4598 804 4665 magis
835 4599 1032 4652 inventi
1071 4608 1197 4652 sunt
1224 4611 1434 4653 econtra
1465 4603 1709 4654 consola-

1824 4611 2041 4666 Joannis
2061 4654 2076 4678 ,
2110 4614 2161 4668 in
2182 4617 2410 4683 gloriosa
2435 4631 2616 4671 eorum
2640 4623 2897 4675 memoria
2919 4623 3175 4678 orationis
3195 4629 3388 4696 gratia,

121 4690 343 4741 tionem
367 4687 434 4741 ab
454 4687 570 4755 ejus
590 4686 914 4741 beatitudine
939 4688 1221 4755 recepisse.
1241 4688 1407 4742 Nimis
1420 4703 1547 4757 ergo
1560 4691 1717 4745 breve

116 4793 355 4849 tempus
395 4781 669 4848 prteteriit,
701 4788 754 4834 et
790 4781 842 4834 in
872 4780 1089 4849 duplum
1118 4782 1347 4836 restituit
1392 4783 1536 4838 Deus
1583 4800 1719 4840 novo

119 4885 329 4927 nostro
347 4871 445 4926 Job
464 4872 772 4938 facultates;
799 4881 852 4927 et
871 4873 1060 4927 iterum
1080 4884 1194 4928 erat
1215 4876 1326 4942 ipse
1349 4878 1719 4945 magnanimus

116 4967 288 5020 circa
346 4962 788 5028 misericordiam,
844 4962 1066 5019 fortasse
1107 4974 1281 5018 autem
1313 4974 1365 5019 et
1418 4966 1718 5035 religiosior

116 5069 305 5125 quam
333 5065 484 5106 antea
518 5053 705 5106 fuerat.

206 5144 350 5199 CAP.
373 5145 606 5198 XXVIII.
638 5145 799 5199 -Ad
831 5155 1123 5202 extremam
1147 5161 1505 5218 paupertatem
1533 5169 1720 5222 perve-

122 5235 318 5292 nienti
344 5235 550 5288 cuidam
581 5235 648 5288 de
669 5236 973 5291 dttllleellCiS
1003 5239 1288 5308 ministris,
1322 5246 1533 5312 propria
1562 5262 1722 5302 manu

116 5333 241 5384 iste
276 5337 522 5390 sanctus,
557 5336 613 5380 ut
645 5328 815 5381 nullus
840 5329 1029 5393 sciret,
1060 5333 1191 5387 duas
1220 5333 1380 5387 libras
1401 5337 1514 5390 auri
1544 5338 1722 5404 dedat;

119 5433 187 5476 et
226 5419 454 5474 audiens
495 5419 564 5471 ab
607 5418 941 5485 accipiente:
972 5421 1231 5486 Quoniam
1279 5424 1393 5478 Ilaec
1431 5428 1717 5496 accipiens,

117 5511 386 5576 domine,
417 5510 636 5563 ulterius
663 5523 764 5562 non
798 5510 967 5571 habeo
994 5513 1193 5567 vultum
1217 5515 1517 5570 intendendi
1547 5519 1599 5572 in
1623 5519 1722 5572 ho-

127 5602 448 5660 riurabilem
479 5610 534 5656 et
579 5602 869 5670 angelicam
901 5602 1084 5658 faciem
1133 5615 1300 5671 tuam,
1335 5623 1458 5662 vere
1504 5611 1720 5679 dignum

109 5693 331 5759 ,Iaude,
360 5701 416 5747 ut
447 5693 678 5761 sapiens,
711 5694 916 5748 locutus
943 5705 1026 5749 est
1054 5699 1272 5753 verbum
1298 5717 1310 5753 :
1338 5700 1604 5770 Nondum,
1640 5705 1718 5758 iti-

125 5788 362 5859 quiens,
389 5799 698 5854 sangumem
723 5801 897 5840 meum
921 5803 1016 5856 pro
1040 5801 1120 5850 te,
1153 5790 1334 5860 frater,
1367 5794 1553 5862 elfudi,
1587 5797 1723 5852 sicut

459 5915 732 5980 PATBOL.
781 5918 899 5982 Gn.
948 5923 1170 5986 XCIII.

1826 4716 2052 4760 exeunte
2078 4719 2282 4774 portam
2315 4707 2573 4775 civitatis,
2607 4713 2843 4780 suscepit
2871 4728 2991 4768 eum
3038 4716 3226 4770 mulier
3272 4734 3393 4784 pro-

1826 4793 2030 4857 cidens,
2053 4803 2107 4848 et
2127 4795 2308 4850 dicens
2334 4815 2344 4848 :
2368 4796 2587 4877 Vindica
2613 4815 2718 4864 me,
2743 4803 2988 4870 quoniam
3020 4805 3263 4873 injuriam
3295 4824 3390 4877 pa-

1829 4884 1928 4937 tinr
1957 4900 1984 4936 a
2010 4899 2206 4953 genero
2231 4901 2369 4940 meo.
2395 4871 2718 4953 thliusdam
2738 4907 2860 4962 ergo
2882 4893 2949 4948 de
2970 4871 3226 4964 obsequio
3255 4871 3391 4966 ejus,

1826 4979 1914 5045 qui
1961 4978 2222 5032 habebant
2261 4981 2636 5035 conlidentiam
2684 4983 2821 5050 apud
2865 4999 3008 5052 cum,
3054 4986 3389 5042 dicentibus.

1829 5067 1960 5134 Quia
1973 5082 2091 5121 cum
2110 5063 2356 5123 reversus
2370 5069 2555 5136 fueris,
2574 5085 2786 5127 causam
2809 5073 2923 5142 ejus
2937 5073 3117 5130 facies.
3145 5077 3391 5147 Respon-

1829 5158 1903 5211 dit
1957 5159 2432 5228 sapientissimus:
2467 5162 2530 5215 Et
2575 5164 2841 5228 quomodo
2887 5163 3029 5220 Deus
3094 5170 3392 5225 orationem

1831 5259 2068 5302 nostram
2115 5250 2389 5318 suscipiet,
2436 5251 2480 5304 si
2503 5265 2602 5319 ego
2650 5253 2802 5307 istam
2849 5260 3236 5325 postposuero?
3265 5259 3396 5327 Quis

1831 5340 1958 5393 milii
1989 5345 2276 5409 spopondit
2307 5353 2364 5397 ut
2395 5343 2566 5398 vivam
2596 5361 2694 5414 ego
2718 5347 2768 5399 in
2791 5347 3120 5402 crastinum?
3146 5358 3198 5403 et
3219 5349 3306 5404 ibo
3329 5355 3394 5405 ad

1831 5431 2122 5497 Christum,
2141 5448 2234 5500 pro
2250 5451 2308 5488 ea
2329 5437 2584 5490 rationem
2607 5438 2937 5491 redditurus?
2957 5440 3019 5492 Et
3038 5454 3140 5493 non
3171 5442 3396 5510 recessit

1827 5520 2030 5574 deloco
2052 5521 2162 5580 illo.
2182 5538 2348 5592 usque
2370 5525 2491 5578 dum
2515 5527 2655 5593 quod
2679 5541 2805 5581 satis
2829 5530 2876 5583 ei
2902 5538 3014 5583 erat
3039 5529 3148 5584 fieri
3170 5511 3393 5587 faceret.

1896 5610 2023 5664 Car.
2053 5611 2243 5666 XXXI.
2287 5642 2355 5654 ——
2377 5614 2454 5667 Ad
2486 5616 2809 5671 voluntatem
2845 5620 2998 5688 igitur
3038 5623 3395 5678 memorabilis

1829 5702 2006 5771 hujus,
2041 5718 2160 5772 qua:
2193 5714 2300 5759 tota
2332 5705 2388 5759 in
2416 5705 2524 5762 Deo
2553 5718 2687 5770 erat,
2720 5711 2859 5762 misit
2890 5713 2935 5764 ei
2969 5709 3108 5765 Deus
3137 5714 3278 5767 viros
3304 5728 3392 5766 sa-

1830 5797 2033 5864 pientes
2063 5807 2115 5852 ct
2141 5811 2351 5868 semper
2390 5801 2784 5868 memorandus,
2813 5803 3067 5859 Jtianttetti
3092 5801 3388 5875 etSopltro-

3011 5919 3088 5980 52
