4118 6432
762 373 900 430 1643

1827 365 2109 420 LEONTII
2150 361 2615 419 MCAPOIJTANI
2652 360 2961 418 EPISCOI’I

3911 365 4006 419 IGit

768 492 934 546 nium.
963 491 1261 547 Consiliarii
1293 491 1433 545 enim
1473 499 1624 545 erant
1654 491 1919 544 veraciter
1949 489 2103 554 boni,
2138 489 2330 556 quibus
2358 487 2403 543 Α
2433 485 2633 538 versari
2687 485 2858 550 hunc;
2911 484 3158 539 dicebant
3184 484 3326 538 enim
3377 483 3430 537 hi
3473 484 3573 553 qui
3611 482 3673 537 In
3712 489 3996 535 testamenta

764 592 818 636 et
847 592 1094 650 tanquam
1128 583 1364 650 patrihus
1393 581 1676 634 indiscrete
1703 580 2005 643 obedichat,
2039 588 2093 632 et
2120 579 2319 646 gratias

758 672 968 739 agebat,
1023 681 1270 741 tauquam
1321 672 1687 726 constantibus
1736 671 1966 725 maxime
2007 679 2062 725 et
2107 669 2331 725 viriliter

759 765 1038 830 agentibus
1087 765 1344 818 militibus
1395 779 1490 833 pro
1541 766 1736 833 pietate
1778 764 2070 832 religionis.
2119 762 2328 817 Etenim

759 855 927 908 sancti
955 854 1182 922 Spiritus
1210 855 1402 908 virtute
1433 854 1574 916 freti,
1608 863 1660 906 et
1688 868 1810 907 cum
1840 853 2184 909 Severianitis
2209 853 2325 922 (73)

762 960 823 999 ac
851 948 1059 1000 caeteris
1085 948 1221 1000 circa
1251 950 1517 1016 regionem
1539 947 1887 1002 existentibus
1909 947 2196 1001 immundis
2223 947 2332 999 hae-

760 1039 938 1092 reticis
968 1039 1222 1106 sapientia
1246 1054 1358 1106 sua
1399 1054 1461 1094 ac
1504 1039 1946 1107 disputationibus
1981 1053 2204 1106 pugnam
2236 1038 2332 1090 ha-

762 1129 945 1183 bentes
968 1139 1019 1183 et
1063 1129 1390 1196 conﬂictum,
1433 1130 1592 1184 multa
1638 1129 1847 1199 quidem
1874 1131 2113 1196 castella,
2142 1129 2332 1196 plures-

760 1235 864 1287 que
889 1221 1161 1286 ecclesias,
1193 1221 1440 1275 similiter
1478 1230 1531 1276 et
1559 1222 1878 1275 monasteria
1925 1223 1990 1274 ab
2021 1236 2113 1274 ore
2144 1220 2325 1274 talium

763 1312 1070 1370 bestiarum.
1109 1321 1356 1379 tanquam
1392 1312 1514 1365 boni
1546 1321 1817 1379 pastores,
1853 1311 2082 1366 evellere
2113 1312 2327 1364 studue-

759 1409 901 1465 runt,
937 1411 1150 1465 propter
1171 1400 1308 1466 qttod
1339 1408 1391 1453 et
1417 1401 1645 1452 maxime
1693 1400 1977 1475 plurimum
2026 1400 2322 1454 honorabat

759 1502 974 1544 Sanctus
1003 1490 1100 1541 hos
1131 1489 1217 1542 ille
1246 1503 1372 1543 vere
1400 1489 1784 1542 sanctissimus.

827 1582 958 1632 Car.
991 1578 1202 1633 XXXII.
1233 1578 1358 1633 —Si
1373 1593 1499 1632 vero
1519 1577 1707 1634 alicubi
1725 1580 1952 1647 aliquem
1969 1579 2160 1633 durum
2180 1587 2234 1632 et
2255 1581 2329 1632 in-

763 1670 1049 1723 humanum
1074 1679 1129 1724 et
1169 1684 1536 1738 percussorem
1557 1670 1696 1723 circa
1719 1669 1962 1739 proprios
1983 1685 2169 1725 servos
2204 1686 2327 1725 sen-

762 1761 928 1813 tiebat
946 1760 1033 1814 ille
1054 1761 1259 1822 beatus,
1278 1760 1417 1813 hunc
1432 1761 1602 1826 primo
1619 1762 1965 1826 convocabat,
1989 1770 2174 1816 etcum
2204 1763 2328 1815 mul-

2436 575 2598 642 patris
2627 573 2743 643 ejus
2772 574 2971 629 inventi
3007 584 3130 628 sunt
3169 581 3356 640 testes,
3392 575 3520 641 quia
3570 586 3696 626 non
3730 570 3922 624 dimisit
3943 575 3993 634 ei,

2432 663 2664 729 domine,
2713 674 2865 734 pater
2909 667 3024 734 ejus
3055 667 3291 720 moriens
3320 680 3488 734 usque
3518 665 3596 718 ad
3633 676 3814 716 unum
3859 677 3994 715 numi-

2430 767 2582 820 sma;
2633 754 2728 809 sed
2776 755 2976 809 habens
3021 754 3205 810 decent
3257 755 3420 808 libras
3449 754 3601 813 auri,
3659 751 3882 803 adducit
3908 767 3994 804 ean

2431 844 2543 914 ipsa
2574 845 2698 900 hora
2728 846 2938 914 quando
2960 854 3332 900 testamentum
3358 845 3673 904 scribebat,
3701 851 3759 894 et
3783 841 3898 894 dicit
3928 857 3963 894 Ci
3989 863 3994 892 :

2433 935 2539 988 l-Ias
2567 933 2749 989 decem
2783 935 2942 989 libras
2972 934 3129 998 habe,
3164 934 3236 988 [ili
3277 933 3368 987 mi.
3404 933 3572 998 Quid,
3633 932 3726 984 vis
3774 930 3994 983 dimittam

2430 1025 2523 1082 tibi
2554 1025 2703 1090 istas,
2733 1037 2798 1079 an
2828 1026 2907 1079 vis
2937 1024 3217 1079 Dominam
3247 1038 3417 1076 meam
3447 1023 3549 1077 Dei
3583 1020 3914 1088 genitricem
3932 1036 3999 1073 cn-

2429 1124 2661 1169 ratorem
2683 1123 2738 1168 et
2762 1113 3125 1184 provisorem?
3156 1113 3332 1167 Puero
3356 1127 3480 1167 vero
3506 1112 3776 1180 eligente
3796 1120 3993 1162 Sanctam

2431 1207 2526 1262 Dei
2555 1205 2888 1276 genitricem,
2943 1207 3195 1274 praecepit
3245 1204 3371 1259 dare
3419 1214 3627 1258 cuncta
3693 1202 3998 1270 pauperibus.

2431 1296 2494 1349 Et
2521 1310 2663 1358 ecce,
2699 1296 2966 1363 inquiunt,
2994 1294 3349 1358 sanctissime,
3384 1294 3435 1346 in
3465 1293 3658 1346 multa
3694 1292 3874 1358 inopia
3904 1307 3998 1344 cos-

2430 1386 2592 1450 sistit,
2635 1396 2791 1441 nocte
2816 1400 2879 1440 ac
2904 1385 2990 1440 die
3013 1385 3229 1438 domum
3273 1384 3517 1438 Dominae
3553 1393 3780 1436 nostra:
3813 1397 3908 1434 non
3935 1384 3999 1432 dc-

2429 1494 2634 1534 serens.
2662 1481 2797 1533 Cutn
2840 1493 2968 1547 ergo
2995 1477 3110 1532 haec
3138 1477 3368 1532 audisse:
3403 1491 3430 1528 a
3463 1475 3798 1530 scientibus
3827 1485 4000 1527 sanctis

2431 1569 2537 1637 hic,
2570 1569 2766 1624 nemini
2808 1569 3007 1637 aliquid
3037 1569 3244 1632 dicens,
3275 1567 3494 1621 adducit
3527 1564 3844 1635 quemdam
3875 1564 4000 1614 tabei-

2431 1659 2668 1723 lionem;
2721 1669 2774 1715 et
2821 1661 3071 1713 narrabat
3117 1661 3165 1714 ei
3201 1673 3334 1719 rem,
3382 1661 3521 1712 dans
3554 1659 3611 1710 ei
3660 1657 4000 1709 terminumtr.

2429 1750 2561 1805 nulli
2590 1752 2836 1806 crederet
2866 1765 3022 1820 quam
3067 1752 3318 1819 praecepit
3357 1751 3406 1804 ei
3450 1749 3643 1803 facere
3677 1763 3822 1809 rem,
3857 1748 4001 1798 dicens

759 1860 810 1903 ta
834 1851 1047 1904 lenitate
1065 1850 1301 1919 rogabat,
1319 1849 1501 1903 dicens
1519 1867 1531 1903 :
1548 1850 1667 1915 Fili,
1687 1851 1831 1905 venit
1851 1851 2062 1919 quidem
2080 1853 2145 1906 ad
2171 1867 2326 1906 aures
2359 1853 2403 1912 Β
2433 1845 2482 1898 ei
2509 1861 2520 1894 :
2551 1842 2713 1906 Vade,
2739 1854 2792 1896 et
2811 1845 2861 1895 in
2883 1843 3152 1897 veteribus
3169 1841 3426 1896 chartulis
3440 1841 3625 1895 scribe
3647 1847 3996 1892 testamentum

762 1943 1086 2010 peccatriccs
1101 1958 1247 1996 meas
1273 1943 1410 2009 quod
1435 1958 1496 1996 es
1517 1943 1824 2011 operatione
1840 1944 2036 1997 inimici
2062 1946 2324 1998 modicum

758 2033 942 2088 durius
975 2034 1114 2086 circa
1145 2032 1388 2102 proprios
1415 2047 1607 2101 pueros
1637 2042 1752 2088 tuos
1784 2033 1992 2100 feraris;
2026 2036 2140 2102 sed,
2169 2051 2322 2105 rogo,

758 2123 854 2178 des
896 2124 1066 2177 locum
1100 2123 1212 2177 iras.
1243 2123 1360 2176 Non
1388 2125 1528 2178 enim
1563 2133 1617 2178 ut
1645 2124 2005 2192 percutiatntts
2035 2141 2150 2191 eos,
2182 2127 2327 2179 dedit

759 2216 913 2271 nobis
958 2215 1054 2270 hos
1081 2215 1240 2278 Deus,
1271 2216 1364 2268 sed
1409 2222 1464 2268 ut
1493 2216 1745 2270 serviant.
1782 2215 2030 2270 Fortasse
2059 2231 2184 2271 vero
2226 2233 2326 2272 nec

760 2318 975 2376 propter
997 2309 1124 2370 hoc,
1167 2307 1263 2361 sed
1290 2315 1726 2361 utsustententur
1752 2322 1782 2361 a
1822 2307 1995 2374 nobis,
2027 2325 2091 2363 ex
2131 2310 2324 2379 quibus

749 2397 891 2453 Deus
978 2402 1229 2470 praestitit
1315 2399 1492 2453 nobis.
1568 2396 1709 2462 Quid
1806 2399 1947 2450 enim
1977 2399 2120 2468 (edic
2170 2401 2322 2470 mihi)

758 2495 811 2540 et
839 2487 987 2539 dedit
1016 2487 1207 2548 homo,
1248 2494 1301 2538 et
1333 2485 1458 2538 emit
1490 2501 1610 2539 eum
1640 2486 1729 2554 qui
1758 2487 1822 2540 ad
1848 2489 2132 2557 imaginem
2163 2499 2216 2542 et
2246 2491 2322 2542 si-

757 2575 1110 2629 militudinem
1141 2575 1233 2628 Dei
1275 2587 1484 2628 creatus
1516 2585 1568 2629 et
1616 2577 1904 2629 honoratus
1935 2578 2049 2632 est?
2077 2579 2323 2648 Nunquid

755 2667 897 2721 enim
954 2675 1034 2732 tu,
1089 2665 1333 2720 tl0ntinus
1385 2665 1520 2732 ejus,
1579 2666 1776 2734 aliquid
1832 2668 1946 2733 plus
2001 2670 2238 2734 possides
2270 2671 2321 2723 in

755 2757 966 2826 proprio
1009 2769 1252 2822 corpore,
1295 2769 1508 2809 manum
1551 2766 1640 2808 aut
1684 2759 1891 2824 pedem,
1941 2758 2023 2811 vel
2065 2761 2320 2827 auditum,

753 2855 846 2900 aut
867 2846 1131 2900 animam?
1161 2845 1402 2913 Nunquid
1429 2860 1532 2898 non
1557 2847 1751 2899 similis
1772 2854 1855 2900 est
1880 2848 1972 2900 tibi
1998 2863 2091 2916 per
2113 2850 2322 2904 omnia?

753 2941 889 2993 Audi
921 2940 1100 2992 lumen
1126 2939 1442 3007 gloriosum,
1477 2935 1696 2992 Paulum
1727 2939 1990 2993 dicentem
2019 2943 2323 3009 :Qnotqtmt

745 3028 808 3081 in
825 3027 1045 3080 Christo
1067 3025 1318 3094 baptizati
1339 3026 1488 3090 estis,
1508 3027 1778 3080 Christum
1800 3028 2044 3084 induistis
2065 3028 2316 3098 (Camn).

753 3118 864 3172 Not;
892 3126 973 3172 est
993 3117 1207 3172 Iudaeus
1229 3130 1400 3184 neque
1425 3114 1660 3183 Grmcus,
1693 3133 1796 3171 non
1823 3129 1904 3172 est
1933 3134 2117 3173 servus
2147 3135 2320 3189 neque

751 3209 907 3270 liber,
936 3222 1122 3261 omnes
1141 3209 1282 3261 enim
1308 3222 1403 3260 vos
1427 3223 1587 3260 unum
1618 3209 1751 3263 estis
1775 3210 1827 3263 in
1856 3209 2087 3264 Christo.
2113 3213 2166 3266 Si
2191 3229 2318 3283 ergo
2348 3218 2394 3281 ε

752 3298 889 3368 apud
913 3299 1184 3352 Christum
1212 3299 1441 3365 aequales
1467 3313 1671 3364 sumus,
1704 3311 1755 3353 et
1782 3301 1848 3374 ad
1880 3303 2105 3355 invicem
2133 3318 2316 3369 aaqua-

752 3394 828 3446 Ies
895 3390 1208 3446 efficiamur.
1289 3389 1494 3444 [Etenim
1568 3389 1811 3444 Christus
1883 3391 2106 3444 formam
2177 3393 2316 3446 soni

751 3481 1067 3549 assumpsit,
1124 3482 1322 3534 docens
1379 3495 1476 3533 nos
1520 3495 1623 3533 non
1673 3475 1946 3548 superbire
1995 3493 2176 3536 contra
2205 3498 2318 3537 ser-

749 3588 845 3628 vos
898 3583 1125 3627 nostros.
1189 3572 1334 3625 Unus
1382 3571 1522 3624 enim
1553 3581 1634 3626 cst
1676 3557 1929 3627 Dominus
1976 3577 2234 3640 omnium,
2265 3577 2318 3631 in

751 3668 905 3721 t'miis
941 3668 1216 3729 habitans,
1251 3676 1308 3721 et
1335 3666 1566 3719 humilia
1599 3668 1900 3734 respiciens
1944 3666 2111 3735 (Psal.
2151 3669 2321 3741 cxn);

750 3771 860 3810 non
899 3757 1038 3809 dixit
1075 3755 1358 3820 sublimia,
1409 3756 1506 3810 sed
1555 3756 1804 3809 humilia.
1847 3756 2126 3822 Quantum
2176 3761 2326 3817 enim

746 3859 932 3897 aurum
963 3843 1231 3909 dedimus,
1263 3852 1321 3894 ut
1351 3844 1748 3897 honorificatuin
1790 3855 1844 3897 et
1875 3857 2108 3913 emptum
2134 3849 2316 3901 nobis-

746 3948 866 3984 cum
895 3947 1016 3985 eum
1055 3934 1311 4000 sanguine
1348 3931 1526 3984 divino
1556 3943 1607 3986 et
1635 3935 1906 3989 Dominico
1927 3976 1940 3998 ,
1974 3938 2128 3992 nobis
2149 3940 2318 3993 servi-

743 4023 845 4073 tuti
879 4021 1246 4088 subjiciatuus?
1294 4020 1515 4088 Propter
1537 4037 1657 4077 eum
1697 4025 1910 4091 ccelum,
1935 4041 2151 4096 propter
2193 4045 2314 4083 eum

745 4125 907 4178 terra,
931 4127 1145 4183 prepter
1174 4133 1295 4171 cum
1330 4119 1516 4184 stellae,
1567 4130 1780 4187 propter
1805 4135 1924 4174 eum
1957 4124 2032 4175 sol
2059 4163 2073 4186 ,
2103 4139 2316 4192 propter

728 4221 864 4258 'eutn
914 4222 1059 4259 mare
1083 4216 1138 4259 et
1166 4223 1283 4275 quae
1311 4208 1362 4260 in
1393 4223 1459 4262 eo
1475 4219 1616 4263 sunt.
1641 4210 1925 4268 Estautem
1952 4228 2158 4278 verum,
2189 4217 2312 4283 quia

745 4306 798 4350 et
842 4297 1014 4364 angeli
1042 4295 1093 4350 ei
1129 4297 1453 4363 ministrant,
1485 4307 1700 4368 pr0pter
1720 4316 1838 4355 eum
1886 4302 2129 4358 Christus
2153 4308 2314 4374 pedes

744 4406 1019 4445 servorum
1087 4391 1241 4454 lavit,
1305 4404 1530 4462 propter
1578 4411 1696 4450 eum
1745 4400 2030 4457 crucifixus
2084 4413 2203 4467 est,
2257 4415 2311 4459 et

739 4491 933 4538 caetera
957 4484 1130 4536 omnia
1163 4494 1375 4551 propter
1398 4501 1518 4538 eum
1547 4501 1731 4554 passus
1748 4501 1849 4544 est.
1879 4490 1956 4543 Tu
1979 4502 2154 4546 autem
2188 4510 2308 4572 eum

2427 1933 2701 2002 cujusdam
2725 1932 2938 1986 nomine
2964 1931 3287 2000 Theopenti;
3321 1941 3370 1984 et
3403 1929 3484 1983 fac
3510 1931 3570 1983 in
3601 1932 3814 1984 eadem
3846 1931 3995 1979 charta

2427 2038 2511 2077 me
2551 2032 2606 2076 et
2653 2030 2854 2089 patrem
2887 2023 3032 2089 pueri
3087 2021 3433 2075 consobrinos
3485 2021 3702 2074 fratres
3730 2061 3744 2084 ,
3778 2028 3832 2072 et
3864 2019 3994 2076 vade.

2425 2123 2478 2167 et
2507 2114 2593 2168 dic
2628 2112 2805 2182 juveni
2835 2132 2844 2164 ;
2877 2113 3016 2180 Scis,
3060 2112 3244 2178 frater,
3274 2113 3414 2181 quod
3446 2126 3627 2180 genus
3665 2112 3905 2164 existens
3935 2125 3998 2175 pa-

2426 2205 2696 2270 triarchae,
2724 2219 2829 2258 nou
2855 2204 3121 2258 debueras
3149 2205 3219 2258 ita
3251 2204 3302 2256 in
3334 2212 3670 2272 paupertate
3706 2203 3995 2257 versariiet

2425 2297 2649 2351 ostende
2675 2296 2723 2350 ei
2755 2297 2999 2350 chartam
3026 2337 3041 2361 ,
3091 2307 3148 2350 et
3176 2295 3263 2348 dic
3293 2313 3307 2348 :
3333 2296 3610 2360 Quoniam
3644 2296 3697 2349 si
3729 2297 3993 2352 erubescis.

2425 2403 2524 2457 ego
2551 2387 2744 2441 ordino
2770 2401 2986 2440 causam
3033 2395 3176 2439 tuam
3205 2386 3341 2453 apud
3376 2384 3786 2454 patriarcham,
3816 2395 3868 2439 et
3906 2384 3993 2438 vid:

2424 2480 2548 2546 quid
2574 2478 2667 2532 tbi
2696 2478 2850 2532 dicet.
2884 2477 3013 2530 Cum
3044 2491 3172 2544 ergo
3198 2477 3373 2530 omnia
3405 2492 3525 2544 qua:
3558 2477 3721 2546 jussa
3757 2488 3878 2530 sunt
3907 2480 3944 2530 ei
3971 2493 3991 2527 a

2426 2566 2952 2635 patriarchatabellio
2973 2566 3206 2631 fecisset,
3233 2565 3376 2621 venit
3399 2555 3462 2619 ad
3487 2582 3623 2620 eum
3651 2568 3990 2631 dicenszQuia

2426 2667 2611 2724 pactus
2660 2667 2739 2710 est
2769 2673 2898 2724 puer
2930 2657 3084 2724 mihi,
3118 2666 3174 2710 ut
3214 2672 3312 2725 ego
3345 2658 3535 2726 loquar
3594 2674 3824 2714 causam
3873 2675 3990 2712 suam

2424 2749 2660 2814 domino,
2681 2749 2732 2802 et
2755 2764 2973 2817 magnas
2995 2750 3283 2817 gratiarum
3306 2750 3547 2804 actiones
3568 2750 3852 2806 referebat
3870 2753 3986 2804 milii.

2427 2839 2567 2892 Dixit
2598 2840 2779 2906 itaque
2825 2848 3080 2894 sanctus:
3113 2835 3256 2893 Vade
3277 2851 3330 2893 et
3357 2841 3445 2893 die
3492 2841 3546 2893 ei
3579 2859 3593 2892 :
3620 2842 3767 2906 Quia
3815 2844 3988 2896 locutus

2424 2943 2540 2980 sum
2571 2929 2910 2996 patriarchas.
2945 2930 3008 2982 Et
3047 2929 3156 2983 dixi
3183 2947 3196 2981 :
3220 2929 3481 2995 Quoniam
3525 2942 3586 2985 et
3614 2947 3725 3000 ego
3756 2934 3868 2986 scio
3894 2934 3986 2997 quia

2424 3015 2607 3070 habuit
2649 3018 2999 3072 consobrinus
3025 3032 3174 3072 meus
3223 3019 3420 3082 lilium,
3455 3019 3556 3072 sed
3593 3035 3666 3073 ex
3701 3023 3852 3074 vultu
3883 3021 3986 3077 ὶιιιςειε

2429 3126 2533 3164 tton
2566 3125 2914 3178 recognosco.
2945 3111 3087 3165 Bene
3115 3125 3241 3180 ergo
3274 3112 3424 3176 facis,
3457 3112 3754 3167 adducens
3787 3115 3919 3169 hunc
3943 3117 3988 3166 al

2426 3218 2531 3257 me.
2582 3202 2866 3258 Adducens
2908 3219 3036 3274 ergo
3077 3220 3220 3268 eum,
3271 3215 3421 3273 porta
3448 3214 3503 3259 et
3534 3208 3796 3262 chartam
3829 3220 3987 3264 tecum.

2424 3297 2553 3351 Cum
2585 3312 2709 3350 vero
2738 3300 3125 3364 pervenissent,
3159 3300 3277 3353 tulit
3300 3315 3420 3353 eum
3448 3311 3676 3356 secreto
3712 3305 3805 3356 ille
3823 3305 3983 3370 justas.

2423 3395 2478 3441 et
2502 3389 2664 3453 cepit
2691 3389 2992 3443 deosculari
3019 3404 3162 3453 eum,
3191 3399 3245 3446 et
3273 3391 3489 3446 dicere:
3523 3392 3682 3448 Bene
3711 3404 3858 3448 venit
3879 3398 3984 3447 [ilius

2422 3479 2726 3550 consobrini
2762 3480 2886 3534 mei.
2921 3478 3120 3534 Ditavit
3148 3480 3310 3550 igitur
3329 3498 3480 3549 ,eum,
3509 3491 3571 3537 et
3599 3488 3770 3537 uxori
3806 3487 3987 3539 tradgdit

2423 3569 2477 3624 in
2507 3570 2829 3640 Alexandria
2853 3612 2868 3635 ,
2899 3579 2953 3625 et
2978 3571 3192 3625 domum
3223 3581 3279 3626 et
3306 3573 3482 3626 omnia
3513 3574 3728 3641 quibus
3759 3593 3890 3644 opus
3917 3581 3984 3627 ιιι-

2424 3659 2532 3712 buit
2555 3659 2772 3721 donavit
2804 3661 2851 3723 ei
2872 3700 2887 3723 ,
2919 3660 3289 3715 demonstrare
3317 3661 3579 3718 festinans
3607 3667 3877 3732 quoniam
3907 3681 3982 3717 nat:

2421 3741 2758 3838 tierelitiquet
2789 3745 3389 3842 Dominusspgranles
3432 3757 3482 3808 in
3516 3770 3581 3810 se
3651 3754 3887 3827 (Iudith.
3915 3763 3983 3821 Vl}.

2491 3861 2619 3914 Car.
2653 3861 2891 3916 XXXIV.
2922 3863 3451 3933 —lmpr:etermisse
3498 3876 3688 3922 autem
3729 3879 3808 3937 ~et
3866 3870 3986 3935 hujus

2421 3952 2653 4004 mandati
2686 3967 2868 4005 curant
2897 3953 3078 4005 habuit
3105 3955 3189 4007 hic
3217 3952 3568 4025 admirabilis,
3599 3956 3788 4027 legem
3817 3975 3986 4026 ponen-

2423 4040 2488 4094 tis
2514 4059 2529 4093 :
2557 4043 2762 4096 Volenti
2783 4055 3025 4097 mutuare
3048 4059 3076 4096 a
3106 4056 3156 4098 te
3179 4061 3243 4097 ne
3267 4055 3475 4098 avertas
3498 4047 3806 4115 aliquando
3837 4050 3985 4116 (Best.

2421 4148 2520 4198 sv;
2552 4133 2679 4186 Luc.
2729 4133 2824 4201 vt),
2856 4150 2964 4188 non
3011 4135 3284 4202 prohibuit
3311 4137 3542 4201 aliquem
3593 4142 3915 4204 hujusntodi
3939 4140 3986 4190 ab

2418 4237 2483 4275 co
2510 4222 2815 4289 suffragium
2848 4225 3222 4292 postulantem.
3259 4225 3408 4280 Unde
3439 4225 3539 4279 hoc
3571 4227 3761 4283 sciens
3792 4231 3985 4299 quidam

2419 4312 2677 4379 malignus
2701 4323 2754 4365 et
2781 4314 3057 4388 impostor,
3082 4317 3230 4388 petiit
3257 4315 3324 4367 ab
3353 4329 3417 4369 eo
3446 4325 3501 4369 ut
3528 4316 3631 4369 sibi
3667 4312 3896 4372 rnuiuas
3919 4321 3986 4372 da-

2419 4410 2500 4454 ret
2528 4373 2708 4470 viginti
2755 4373 2919 4455 libras
2945 4373 3097 4456 auri:
3119 4373 3244 4457 brat
3272 4415 3446 4459 autem
3479 4408 3548 4461 de
3577 4409 3664 4461 his
3698 4413 3791 4477 qui
3823 4402 3987 4464 dicd‘n-

2418 4500 2502 4544 tur
2525 4493 2852 4574 Gallodromi
2872 4493 3010 4563 (74).
3030 4497 3389 4549 Contemnens
3404 4512 3530 4564 ergo
3553 4511 3810 4554 sanctum
3836 4518 3986 4571 quem--

739 4574 830 4641 qui
859 4589 888 4627 a
911 4573 1021 4628 Deo
1049 4575 1338 4629 honoratur
1365 4577 1683 4643 inhonorae,
1713 4589 1769 4634 et
1787 4583 1935 4650 quasi
1958 4600 2060 4637 non
2083 4587 2157 4639 sis
2180 4587 2313 4654 ejus-
2341 4585 2394 4646 D
2417 4573 2702 4639 admodum
2732 4596 2785 4639 et
2832 4587 2963 4640 alios
2992 4587 3205 4652 multos,
3249 4589 3458 4642 dicebat
3485 4607 3497 4641 :
3521 4592 3657 4657 Quia
3696 4593 3838 4647 nihzl
3877 4597 3984 4648 mihi

739 4665 862 4718 dem
893 4673 1114 4730 naturae,
1139 4680 1241 4718 non
1266 4680 1484 4732 parcens
1506 4666 1664 4721 feris?
1690 4670 1778 4722 Dic
1801 4711 1814 4735 ,
1844 4673 2065 4727 obsecro
2082 4717 2096 4738 ,
2122 4677 2306 4740 velles,

739 4756 948 4822 quoties
976 4755 1189 4823 culpam
1220 4755 1478 4824 admittis,
1512 4766 1567 4811 ut
1589 4774 1708 4812 mox
1739 4760 1986 4815 redderet
2011 4765 2103 4817 tibi
2138 4767 2307 4820 Deus?

739 4844 1101 4913 Nequaquam.
1137 4845 1251 4911 Dic,
1303 4847 1566 4914 quomodo
1609 4863 1731 4903 oras
1777 4851 2030 4917 quotidie,
2080 4856 2305 4910 dicens:

744 4935 959 4990 Dimitte
990 4936 1139 4990 nobis
1167 4937 1350 4990 debita
1379 4948 1577 5002 nostra,
1606 4940 1743 4993 sicut
1786 4953 1838 4994 et
1871 4960 1967 4996 nos
1995 4945 2309 5001 dimittimus

739 5029 1070 5084 debitoribus
1099 5032 1295 5083 nostris
1322 5031 1535 5101 (Matth.
1559 5033 1669 5099 vi)?
1717 5033 1808 5087 His
1845 5044 1896 5088 et
1924 5037 2003 5089 his
2046 5038 2304 5103 similibus

737 5119 914 5174 verbis
967 5120 1034 5175 de
1085 5120 1353 5174 habitante
1383 5123 1432 5174 in
1479 5136 1538 5176 se
1587 5123 1836 5176 thesauro
1887 5141 2113 5181 mouens
2161 5130 2304 5184 hunc

746 5210 1006 5274 absolvit;
1039 5219 1093 5263 et
1123 5212 1218 5263 nisi
1267 5210 1541 5264 didicisset
1570 5213 1724 5265 istum
1750 5217 2130 5282 emendatum,
2165 5235 2298 5283 pra:-

744 5300 1019 5368 ‘iarabatet
1043 5302 1334 5356 instruebat
1355 5317 1563 5357 servum
1594 5305 1848 5360 afﬂictum
1873 5347 1889 5370 ,
1924 5318 1979 5360 ut
2008 5298 2181 5378 fugam
2214 5328 2298 5364 ar-

737 5393 956 5460 riperet,
989 5405 1039 5446 et
1069 5395 1422 5447 venditionem
1458 5406 1694 5460 peteret;
1724 5406 1778 5451 et
1822 5398 1961 5452 hunc
1989 5416 2301 5468 comparans

730 5481 928 5553 justus,
955 5483 1131 5534 statim
1166 5483 1382 5536 liberum
1415 5487 1696 5538 statuebat.

808 5575 937 5628 Cap.
971 5573 1206 5628 XXXIII.
1232 5605 1301 5614 -—
1325 5576 1558 5631 Audiens
1587 5579 1869 5646 aliquando
1897 5581 2172 5651 cujusdam
2201 5585 2306 5638 ele-

735 5665 1125 5733 etuosynatoris
1153 5679 1372 5731 puerum
1402 5667 1698 5736 orphauum
1731 5670 2041 5726 derelictum
2064 5714 2080 5738 ,
2110 5687 2302 5740 paren-

738 5756 875 5812 tibus
904 5755 1015 5811 suis
1044 5756 1411 5827 morientibus,
1441 5767 1496 5816 et
1527 5761 1578 5816 in
1625 5762 1791 5818 multa
1823 5775 2140 5835 paupertate
2167 5779 2302 5822 cea-

2416 4675 2581 4728 dedit.
2624 4675 2960 4741 Quazsieruut
2988 4676 3165 4746 itaque
3196 4678 3446 4733 Ecclesia:
3476 4695 3732 4748 pastores
3763 4694 3823 4738 et
3854 4688 3985 4738 erdi-

2419 4774 2630 4818 natores
2659 4774 2716 4819 ut
2743 4767 2793 4818 in
2824 4779 3092 4820 carcerem
3126 4768 3267 4822 hunc
3297 4769 3603 4837 mitterent,
3654 4784 3714 4828 et
3745 4777 3980 4844 publica-

2419 4864 2538 4909 rent
2582 4855 2696 4924 ejus
2725 4857 3096 4912 substantiam.
3129 4859 3200 4913 At
3227 4860 3459 4915 imitator
3487 4863 3748 4933 dicentis,
3813 4867 3985 4922 Estote

2417 4945 2808 5010 misericordes,
2865 4946 3001 5002 sicut
3030 4959 3084 5003 et
3127 4949 3286 5006 Pater
3331 4962 3506 5008 vester
3551 4957 3876 5013 misericors
3921 4973 3985 5014 est

2417 5034 2592 5100 (Luae
2615 5035 2710 5104 vi),
2743 5037 2834 5103 qui
2861 5038 3028 5092 solem
3058 5054 3212 5095 suum
3235 5043 3365 5097 oriri
3394 5045 3516 5100 facit
3541 5061 3714 5116 super
3742 5051 3916 5106 bonos
3944 5065 3984 5107 et

2412 5130 2601 5193 malos,
2629 5140 2682 5181 et
2710 5128 2841 5197 pluit
2869 5144 3028 5200 super
3050 5133 3223 5202 justos
3251 5145 3306 5190 et
3348 5135 3595 5205 iniustos,
3647 5156 3980 5214 nequaquam

2411 5221 2513 5274 illis
2541 5222 2832 5284 consensit,
2864 5232 2923 5276 ut
2941 5239 3062 5277 eum
3089 5225 3408 5296 affligerent.
3443 5229 3534 5283 His
3559 5242 3748 5288 autem
3774 5239 3982 5292 turbaa-

2407 5311 2550 5384 ti’bus
2574 5321 2758 5365 contra
2787 5327 2931 5376 eum,
2966 5322 3144 5382 utpote
3169 5321 3256 5384 qui
3290 5319 3604 5385 patriarchae
3633 5323 3905 5395 illuserat,
3937 5340 3993 5383 et

2407 5402 2706 5455 dicentibus
2729 5403 2795 5456 ad
2821 5406 3065 5459 eumdem
3088 5415 3329 5461 sanctum
3356 5427 3368 5460 :
3393 5409 3506 5463 Non
3527 5411 3741 5479 justum
3768 5429 3878 5485 est,
3907 5422 3980 5471 de

2408 5495 2572 5555 tuine,
2605 5503 2662 5547 ut
2693 5494 2833 5560 quod
2863 5509 3128 5563 pauperes
3163 5500 3488 5564 acciperent,
3531 5502 3620 5557 hic
3676 5507 3977 5564 luxuriosus

2409 5585 2656 5654 accipiat,
2707 5588 2986 5655 respondit
3013 5599 3234 5644 econtra
3267 5593 3356 5647 ille
3383 5603 3464 5647 ter
3495 5595 3710 5664 beatus,
3761 5603 3971 5658 dicens:

2407 5675 2641 5742 Credite,
2685 5675 2899 5744 fratres,
2943 5682 3066 5748 quia
3107 5683 3151 5736 si
3181 5694 3332 5738 extra
3360 5687 3688 5744 voluntatem
3715 5695 3971 5762 accipere-

2411 5769 2480 5826 tis
2508 5768 2704 5839 aliquid
2729 5770 2795 5826 ah
2823 5786 2908 5839 eo,
2940 5773 3049 5830 duo
3077 5777 3327 5832 mandata
3367 5783 3901 5852 transgrederemini,
3926 5800 3969 5845 et
