4118 6432
189 425 320 483 16ίῆ

1101 451 1255 504 νιτΑ
1295 451 1542 506 SANCTI
1581 451 1861 507 JOANNIS
1904 453 2472 516 ELEEMOSYNARH.

3244 469 3374 524 1646

170 575 332 612 unum
397 559 749 627 adimplebitts
804 562 1013 630 quando
1085 571 1137 615 t-t
1183 564 1246 617 ad
1298 580 1558 631 pauperes
1606 566 1726 619 data
1754 565 1801 621 Α
1833 581 1968 631 rtnn,
1993 568 2304 637 dicebatque
2337 585 2394 624 se
2421 573 2789 625 demonstrans
2817 575 2964 638 quasi
2997 574 3182 628 iratum
3209 591 3223 628 ι
3254 579 3385 633 Vere

170 643 329 700 luerit
419 650 785 720 hujuscemodi
873 658 1165 725 quantitas.
1273 656 1441 709 Unum
1485 657 1724 723 quidem,

164 737 291 804 quia
337 742 662 808 apparebitis
693 743 1026 808 impatientes
1053 748 1189 797 circa
1221 746 1494 808 damnutn,
1523 759 1577 801 et
1612 749 1725 800 effi-

163 831 380 884 ciemini
410 833 526 886 aliis
569 832 734 886 forma
768 837 901 887 mala
930 853 942 896 ;
974 836 1194 889 alterum
1227 845 1424 901 autem,
1475 841 1724 908 quoniam

160 938 271 977 mm
302 925 605 978 obedientes
633 927 782 979 eritis
833 925 1058 978 Domino
1105 926 1232 991 Deo,
1287 927 1479 982 dicenti
1508 947 1520 981 :
1554 929 1632 982 Ab
1661 943 1726 984 eo

159 1018 251 1084 qui
283 1018 557 1072 abstulerit
589 1028 672 1070 tua
701 1033 767 1072 ne
798 1028 1005 1086 repetas
1032 1018 1179 1086 (Luc.
1213 1020 1308 1087 v1).
1336 1021 1556 1089 Expedit
1576 1037 1722 1090 ergo,

158 1121 193 1154 ο
241 1106 293 1158 fil
321 1107 357 1169 ἰ,
387 1116 441 1159 tit
485 1107 776 1161 efficiamur
804 1109 1049 1161 omnibus
1092 1109 1392 1176 exemplum
1425 1111 1716 1177 patientire.

160 1196 379 1248 Etenim
425 1200 706 1262 Apostolus
738 1197 862 1250 dicit
894 1215 909 1252 :
942 1201 1114 1263 Quare
1148 1216 1249 1253 non
1279 1202 1444 1269 magis
1476 1201 1720 1270 injuriam

155 1287 472 1338 sustinetis?
502 1302 663 1354 quare
688 1305 791 1341 non
817 1291 980 1356 magis
1003 1289 1239 1345 fraudem
1269 1293 1506 1359 patimini
1539 1295 1576 1361 (Ι
1603 1295 1718 1346 (.‘or.

153 1376 278 1442 vr)?
327 1377 390 1430 lit
435 1378 627 1430 bonum
673 1388 755 1432 est
783 1381 994 1447 quidem
1037 1385 1312 1446 veraciter,
1345 1383 1551 1445 fratres.
1580 1386 1723 1438 omni

155 1467 366 1531 petenti
397 1468 540 1532 dare,
567 1470 828 1524 excelsius
856 1482 1032 1525 autem
1063 1482 1116 1525 et
1149 1473 1509 1528 honorabihns
1539 1485 1593 1528 et
1621 1491 1722 1528 non

154 1559 362 1621 petenti
387 1573 400 1619 ;
429 1558 473 1610 ei
506 1571 678 1611 autem
703 1562 790 1628 qui
817 1561 989 1616 aufert
1011 1565 1381 1617 vestimentum
1405 1565 1516 1618 sine
1540 1568 1724 1618 volun-

151 1656 268 1697 tate
310 1661 337 1695 a
371 1648 522 1700 nobis
550 1649 676 1702 dare
703 1659 754 1702 et
786 1662 1036 1715 tunicam,
1069 1653 1319 1719 angelicre
1352 1669 1476 1708 vere
1523 1666 1722 1708 naturte

164 1736 423 1798 imitatio,
457 1737 564 1791 imo
589 1739 780 1793 divina:
805 1750 907 1793 est.
943 1742 1015 1794 Ex
1045 1742 1124 1795 bis
1150 1743 1291 1796 enim
1322 1759 1440 1812 qua:
1471 1747 1723 1800 habemus

149 1824 416 1881 Dominus
450 1829 698 1895 praecepit
727 1830 1041 1886 benefacere
1073 1834 1359 1899 proximo:
1389 1837 1609 1903 Bonum,
1643 1837 1722 1889 itt-

1830 673 1934 712 non
1965 660 2242 714 obaudiam
2275 662 2442 726 vobis,
2474 663 2546 716 ite
2572 677 2601 714 a
2629 677 2732 715 me.
2777 664 2929 716 Modo
2960 665 3086 718 nihil
3115 666 3257 719 aliud
3306 669 3386 720 fa-

1828 746 1984 812 ciam,
2017 757 2072 800 ut
2097 763 2189 802 vos
2216 764 2318 802 non
2351 751 2801 814 scandalizemini,
2834 753 2932 805 nisi
2975 755 3222 821 accipiam
3272 772 3386 810 mn-

1830 836 2038 899 lierem,
2081 848 2340 905 quatenus
2384 854 2562 893 curam
2606 841 2828 895 habeant
2876 841 3083 905 domus,
3114 854 3167 896 et
3197 845 3383 898 faciam

1827 927 1994 980 malos
2019 928 2153 982 dies.
2201 928 2298 994 Qui
2340 931 2449 982 vult
2488 930 2850 994 scandalizari,
2897 932 3298 986 scandalizelur.
3333 946 3386 988 et

1825 1018 1913 1070 det
1940 1017 2164 1074 frontem
2199 1022 2249 1074 in
2299 1021 2570 1086 parietem.
2619 1022 2751 1088 Quid
2803 1022 2962 1077 vultis
2990 1036 3057 1075 ex
3089 1038 3173 1074 me
3196 1023 3218 1074 τ
3244 1023 3385 1076 Nun-

1825 1108 1948 1174 quid
1981 1109 2186 1175 judiccs
2221 1113 2491 1165 conatituti
2520 1113 2646 1165 estis
2673 1129 2827 1180 super
2853 1130 2932 1165 me
2965 1129 2992 1165 a
3027 1113 3165 1166 Deo?
3197 1114 3289 1177 Ite,
3317 1113 3380 1164 df:

1827 1197 1974 1251 vobis
2003 1213 2181 1251 curam
2219 1199 2482 1261 habetote,
2513 1214 2604 1253 vos
2633 1213 2728 1266 pro
2759 1214 2843 1252 me
2881 1201 2988 1253 Deo
3019 1215 3122 1252 non
3153 1199 3385 1252 reddetis

1826 1286 2102 1340 rationem.
2145 1287 2288 1342 Unus
2317 1298 2397 1342 est
2423 1289 2599 1354 index.
2633 1298 2684 1341 et
2717 1296 2896 1341 sancta
2927 1289 3040 1342 dies
3064 1288 3265 1355 jttdicii,
3293 1287 3383 1354 qui

1824 1378 2041 1445 singulis
2069 1379 2253 1432 reddet
2279 1380 2566 1432 secundum
2595 1393 2753 1446 opera
2785 1395 2990 1432 eorum.
3040 1380 3256 1432 Dicebat
3289 1395 3384 1431 au-

1825 1478 1928 1520 tem
1972 1469 2083 1522 haec
2122 1471 2376 1524 clamans.
2425 1470 2646 1537 Quidam
2687 1485 2813 1537 ergo
2853 1472 3095 1525 ecclesiae
3135 1470 3381 1523 defenso-

1826 1572 1963 1621 rum,
1998 1558 2110 1612 htec
2139 1561 2403 1613 multoties
2431 1561 2705 1615 audientes
2738 1561 2804 1614 ab
2838 1575 2920 1625 eo,
2953 1560 3254 1614 referebant
3291 1574 3382 1626 pa-

1826 1650 2065 1704 triarcha:
2107 1652 2246 1719 quod
2291 1652 2467 1706 fiebat.
2501 1651 2640 1705 Deus
2667 1667 2792 1705 vero
2833 1653 3008 1705 sciens
3049 1652 3186 1718 quod
3220 1652 3382 1705 nollet

1825 1741 1910 1794 ille
1952 1753 2164 1795 sanctus
2207 1743 2474 1798 offendere
2521 1744 2762 1798 abbatem
2815 1743 3078 1806 Vitalium,
3120 1743 3382 1795 induravit

1824 1848 1915 1886 cur
1944 1833 2078 1901 ejus,
2125 1851 2191 1888 ne
2229 1835 2470 1890 crederet
2503 1838 2600 1888 eis.
2645 1836 3040 1890 ltecordabatur
3081 1836 3221 1889 enim
3262 1843 3384 1888 ante

145 1921 292 1986 quit,
326 1920 483 1974 facies
505 1922 649 1975 fratri
680 1933 789 1988 tuo,
810 1925 956 1991 juxta
981 1926 1119 1992 quod
1144 1927 1378 1993 possidet
1400 1941 1583 1980 manus
1607 1938 1715 1992 tua,
1752 1932 1796 1989 Β
1825 1925 2096 1978 memorati
2139 1926 2402 1990 eunuchi;
2445 1926 2538 1980 sed
2583 1926 2873 1993 increpavit
2910 1925 3252 1978 vehementer
3290 1939 3383 1979 eos

149 2026 262 2062 non
296 2025 362 2090 ex
395 2011 474 2063 his
503 2027 618 2077 ane
644 2027 711 2066 ex
746 2014 839 2066 lite
859 2024 912 2067 et
940 2016 1287 2069 contentione
1314 2025 1368 2070 et
1393 2016 1457 2069 ab
1481 2017 1721 2084 iujuriatn

145 2114 316 2168 passo
341 2101 668 2156 attferunlur.

221 2193 355 2246 Car.
400 2193 615 2248 XXXV.
655 2224 722 2235 -—
762 2197 933 2252 Senex
985 2200 1192 2267 quidam
1244 2216 1503 2270 magnus,
1571 2204 1719 2271 quasi

145 2300 412 2338 annorum
444 2288 734 2356 sexaginta,
781 2289 999 2342 audiens
1049 2291 1178 2345 tales
1221 2307 1306 2347 res
1352 2293 1507 2361 beati,
1560 2294 1722 2349 voluit

147 2385 361 2430 tentare
388 2393 527 2440 eum,
559 2379 603 2431 si
631 2388 811 2446 posset
838 2381 1014 2434 verbis
1044 2383 1278 2445 suaderi,
1309 2393 1364 2438 ct
1400 2385 1462 2437 ad
1494 2385 1719 2439 scanda-

149 2467 266 2517 lum
309 2465 460 2521 facile
508 2469 780 2533 inclinari,
811 2480 865 2524 et
895 2480 951 2524 ut
991 2471 1241 2542 contigit,
1272 2477 1316 2528 si
1346 2477 1720 2531 condemnaret

147 2559 406 2624 aliquem.
472 2561 536 2613 Et
583 2562 826 2616 habitans
867 2565 1012 2632 prius
1056 2568 1108 2620 in
1153 2571 1473 2624 monasterio
1513 2571 1718 2627 abbatis

150 2649 426 2702 Seridonis
455 2651 591 2719 (75),
624 2653 750 2706 exiit
778 2663 831 2706 et
858 2657 1001 2708 venit
1029 2658 1397 2713 Alexandriam
1421 2678 1433 2722 ;
1481 2671 1534 2713 et
1558 2663 1720 2715 sumit

150 2741 608 2794 conversationem
642 2744 941 2799 hominibus
967 2747 1179 2815 quidem
1221 2750 1588 2817 reprehensihi
1610 2767 1716 2814 em.

150 2829 246 2882 sed
279 2830 387 2882 Deo
420 2842 641 2898 gratam,
674 2835 760 2902 qui
799 2836 888 2887 dat
919 2836 1000 2906 (ut
1035 2837 1111 2892 ait
1142 2840 1327 2906 David)
1373 2842 1592 2908 singulis
1636 2857 1717 2895 sc-

150 2921 383 2973 cundum
430 2908 521 2974 cui
568 2939 750 2977 eorum
797 2925 964 2994 (Psal.
1012 2929 1146 2995 xIx).
1191 2929 1498 2998 Ingrediens
1545 2934 1719 3001 itaque

151 3010 442 3074 civitatein,
479 3014 661 3067 scribit
686 3030 872 3069 omnes
897 3033 1012 3082 qua:
1045 3028 1182 3073 nota:
1212 3032 1364 3074 erant
1393 3024 1714 3085 meretrices,

151 3113 206 3153 et
236 3102 397 3168 coepit
427 3103 662 3157 l-borare
697 3109 971 3173 opuscula,
1001 3118 1054 3161 et
1088 3112 1328 3174 accipere
1361 3127 1455 3178 per
1483 3113 1716 3182 singulos

153 3189 268 3243 dies
296 3192 538 3258 siliquam
566 3208 740 3246 unam.
766 3197 896 3248 Cum
926 3213 1054 3264 ergo
1083 3201 1422 3255 occumberet
1442 3203 1541 3265 sol,
1575 3219 1717 3258 man-

1826 2013 1914 2077 qui
1944 2023 2126 2066 contra
2152 2014 2396 2070 Vitalium
2425 2017 2666 2070 abbatem
2698 2015 3080 2070 accusationem
3110 2016 3158 2070 ei
3192 2016 3381 2068 ali-re-

1824 2105 1968 2170 bant,
2003 2107 2185 2160 dicens
2219 2108 2283 2161 ad
2310 2122 2400 2161 eos
2435 2126 2447 2160 :
2481 2109 2747 2174 Quiescile
2781 2123 3032 2162 accusare
3073 2108 3379 2160 monachos.

1820 2200 1900 2252 Att
1943 2199 2155 2251 nesritis
2181 2199 2318 2266 quod
2359 2201 2497 2254 circa
2537 2210 2733 2253 sanctze
2773 2200 3039 2253 memoria:
3080 2198 3383 2251 Constanti-

1822 2305 1944 2343 num
1975 2291 2085 2359 (77)
2116 2292 2486 2358 imperatorem
2531 2300 2707 2344 actum
2745 2291 2930 2356 fuisse,
2961 2289 3383 2356 conscriptiones

1819 2397 1938 2449 qua:
1961 2383 2025 2435 de
2055 2396 2120 2436 eo
2156 2382 2400 2450 lcgttntur
2442 2381 2783 2463 contineant?
2826 2379 3108 2446 Quoniam,
3137 2379 3231 2443 ait,
3268 2377 3383 2446 qui-

1820 2474 1937 2525 dam
1968 2487 2070 2526 non
2112 2475 2356 2526 timentes
2387 2472 2569 2537 Da-um,
2604 2487 2722 2526 cum
2764 2472 3124 2525 celebraretur
3149 2467 3380 2524 secunda

1817 2563 2061 2632 Synodus
2091 2565 2141 2616 in
2167 2563 2340 2636 Niczea
2370 2561 2505 2633 (78),
2547 2571 2824 2632 coeperunt
2851 2572 3034 2616 contra
3076 2574 3134 2615 se
3162 2559 3290 2614 dare
3329 2559 3382 2613 in

1817 2630 2028 2723 scriptis
2069 2630 2240 2708 famas:
2288 2630 2474 2722 turpest
2507 2630 2660 2708 bean
2691 2655 2760 2707 illi
2806 2654 3135 2720 imperatori,
3165 2652 3379 2721 quidam

1819 2745 1994 2799 clerici
2025 2748 2234 2813 quidem
2265 2746 2579 2810 existentes,
2611 2746 2820 2814 quidam
2853 2744 3119 2807 monachi,
3142 2755 3195 2799 et
3219 2745 3284 2797 ad
3312 2745 3386 2795 fa—

1818 2838 1951 2892 ciem
1976 2837 2242 2892 adducens
2271 2847 2483 2892 sanctus
2504 2837 2596 2891 Dei
2619 2837 2988 2892 Constantinus
3019 2846 3381 2890 accusatorem

1819 2936 1871 2979 et
1897 2936 2221 2991 accusatum,
2251 2935 2528 2994 utrumque
2573 2926 2794 2980 audivit.
2847 2927 3052 2980 Etcum
3095 2926 3385 2979 invenisset

1818 3017 2010 3068 multas
2050 3015 2230 3069 talium
2258 3016 2687 3069 criminationum
2746 3030 2897 3070 veras
2951 3029 3099 3078 esse,
3158 3012 3384 3066 alfercns

1816 3109 2087 3161 ardentem
2127 3121 2338 3161 cereum
2361 3146 2377 3172 ,
2411 3108 2643 3160 incendit
2664 3120 2848 3159 omnes
2875 3121 2990 3174 qua:
3011 3107 3145 3158 data:
3168 3114 3288 3157 sunt
3331 3103 3383 3156 in

1818 3199 2031 3264 scriptis
2072 3198 2255 3252 malast
2280 3198 2587 3264 opiniones,
2639 3197 2860 3250 dicens:
2895 3195 3026 3250 Vere
3067 3197 3111 3248 si
3157 3197 3382 3264 propriis

155 3283 380 3335 dueabat
408 3285 556 3337 unius
585 3287 706 3338 aerei
740 3288 944 3354 lupiuos
969 3289 1104 3356 (76),
1128 3301 1179 3343 et
1209 3292 1438 3346 intrabat
1466 3295 1530 3346 ad
1560 3310 1715 3348 unam
1746 3284 1792 3344 C
1824 3289 1988 3340 oculis
2019 3287 2264 3341 vidissem
2307 3288 2636 3341 sacerdotem
2659 3287 2774 3353 Dei,
2803 3287 2886 3340 vel
2925 3289 3150 3354 aliquem
3192 3283 3381 3339 'eorum

156 3385 512 3438 Illel’8lllt‘um,
542 3360 780 3430 et‘dabat
813 3380 859 3431 ei
897 3396 1062 3434 arens
1093 3372 1356 3446 ffummos,
1398 3396 1443 3437 et
1479 3385 1713 3442 dicebat:

160 3463 300 3515 bona
332 3465 456 3517 mihi
485 3448 691 3519 noctem
724 3468 898 3531 istam,
933 3481 983 3523 et
1015 3471 1119 3524 noli
1152 3473 1420 3530 fornicari.
1453 3477 1515 3529 Et
1542 3493 1711 3530 mane-

158 3555 244 3607 bat
269 3557 414 3620 jnxta
444 3573 560 3610 eam
599 3570 752 3614 nocte
781 3563 886 3624 illa,
924 3565 1211 3620 observans
1239 3583 1356 3620 eam
1389 3585 1454 3622 ne
1487 3572 1716 3622 fornica-

159 3656 324 3699 retur.
379 3647 563 3701 Stabat
592 3665 714 3717 ergo
756 3666 784 3702 a
813 3668 1032 3721 vespere
1072 3657 1125 3710 in
1163 3673 1267 3712 uno
1296 3663 1488 3722 angulo
1517 3663 1718 3716 cellula:

158 3735 246 3788 ubi
270 3735 567 3790 dormiebat
609 3739 819 3804 mulier,
865 3745 1093 3810 psallens
1135 3758 1188 3800 et
1216 3763 1373 3803 orans
1414 3765 1508 3816 pro
1545 3768 1627 3816 ea,
1669 3764 1723 3808 et

159 3825 373 3878 mittens
397 3828 792 3895 genuflexiones
832 3848 993 3899 usque
1023 3837 1086 3889 ad
1128 3852 1406 3904 auroram;
1437 3852 1488 3894 et
1517 3846 1717 3904 exiens.

157 3915 450 3982 accipiebat
474 3919 690 3972 verbum
723 3922 790 3974 ab
813 3923 897 3976 illa
921 3927 1056 3990 quod
1084 3928 1210 3980 nulli
1235 3928 1435 3985 diceret
1459 3935 1718 3988 aetionem

88 4035 96 4042 ς
155 4002 292 4070 ejus.
329 4004 398 4057 Ita
443 4008 627 4074 agebat
654 4025 883 4078 semper,
912 4028 1186 4082 quousque
1219 4030 1323 4071 una
1351 4034 1529 4073 earum
1555 4025 1722 4076 mani-

159 4096 367 4148 festavit
406 4100 563 4152 vitam
608 4100 744 4169 ejus,
776 4106 914 4173 quod
964 4124 1088 4173 non,
1136 4122 1191 4164 ut
1225 4113 1590 4183 fornicaretnr,
1642 4117 1724 4170 in-

161 4193 320 4240 traret
347 4187 413 4239 ad
440 4203 550 4249 eas,
576 4191 667 4244 sed
701 4201 757 4245 ttt
782 4195 1028 4250 salvaret.
1059 4200 1240 4254 Oravit
1268 4217 1451 4267 senex,
1478 4214 1530 4258 et
1559 4207 1758 4282 capit,

159 4277 349 4328 mulier
381 4291 410 4329 a
438 4277 701 4334 daemonio
731 4286 928 4351 vexari,
959 4298 1013 4341 ut
1045 4304 1136 4354 per
1165 4290 1306 4345 illam
1335 4306 1541 4348 caeterte
1570 4296 1722 4352 time-

159 4378 278 4418 rent
299 4407 313 4429 ,
348 4377 399 4421 et
428 4383 529 4421 n0n
563 4372 958 4430 manifestarent
990 4394 1110 4432 eum
1153 4384 1294 4436 οηιιιί
1337 4393 1572 4452 tempore
1603 4391 1723 4442 vita:

158 4456 292 4524 ejus.
320 4457 573 4545 Dicebant
600 4478 725 4530 ergo
746 4467 957 4532 quidam
990 4470 1037 4522 ei
1069 4486 1184 4539 quat
1215 4488 1242 4525 a
1274 4474 1534 4529 daemonio
1559 4495 1722 4532 vexa-

162 4546 316 4598 batur
340 4564 354 4602 :
377 4550 510 4610 Quid
540 4551 657 4604 est?
687 4555 937 4609 Reddidit
978 4559 1068 4610 tibi
1098 4560 1235 4614 Deus
1281 4565 1528 4630 quoniam
1577 4583 1724 4621 men-

1828 3377 1908 3442 aui
1941 3376 2248 3429 monachico
2279 3377 2459 3428 habitu
2490 3376 2868 3430 circumamicti
2891 3388 3030 3439 sunt,
3053 3366 3379 3444 peccantem,

1821 3467 2153 3533 t-ltlamydem
2180 3480 2348 3518 meam
2370 3465 2710 3530 explicarem,
2733 3474 2786 3518 et
2804 3467 3130 3534 cooperirem
3153 3481 3293 3529 eum,
3319 3481 3384 3517 ne

1823 3558 1888 3610 ab
1915 3559 2093 3624 aliquo
2121 3559 2404 3608 videretur.
2442 3556 2566 3608 Nam
2598 3571 2648 3610 et
2672 3558 2722 3608 in
2750 3571 2958 3610 servum
2987 3555 3077 3609 Dei
3111 3556 3278 3621 illum,
3309 3557 3385 3606 vi~

1821 3651 2010 3701 defeet
2053 3664 2377 3711 eunucuum,
2427 3665 2494 3701 ita
2517 3653 2756 3712 putastis,
2794 3659 2846 3701 et
2871 3649 3086 3701 misistis
3110 3663 3194 3700 me
3235 3657 3385 3700 extra

1822 3741 2061 3803 viamget
2090 3741 2186 3791 feci
2229 3743 2415 3791 anima:
2457 3755 2588 3792 meze
2628 3748 2896 3807 peccatum
2939 3754 3205 3806 magnum.
3245 3740 3385 3792 Con-

1823 3833 2045 3886 fundens
2086 3849 2212 3899 ergo
2250 3848 2343 3886 eos
2385 3835 2624 3894 multum,
2671 3832 2918 3886 absolvit.
2968 3833 3161 3884 Servus
3207 3842 3382 3885 autem

1827 3923 1917 3975 Dei
1947 3922 2166 3976 Vitalius
2195 3937 2224 3976 a
2254 3925 2460 3990 propria
2501 3924 2808 3990 operatione
2837 3937 2939 3974 non
2981 3924 3240 3974 cessabat.
3284 3923 3383 3974 De-

1823 4013 2137 4077 precabatur
2197 4028 2323 4080 ergo
2368 4021 2430 4080 ut
2467 4013 2779 4079 quibusdam
2831 4025 2949 4080 post
3000 4025 3221 4065 mortem
3270 4011 3385 4079 ejus

1816 4097 1872 4155 in
1945 4104 2151 4159 somnis
2219 4070 2585 4160 ntanifeystaret
2654 4104 2828 4166 Deus,
2933 4118 2986 4154 ut
3013 4117 3114 4155 non
3161 4103 3384 4168 imputa-

1824 4203 1967 4245 retur
2005 4194 2056 4246 in
2089 4203 2356 4260 peccalunt
2390 4193 2469 4246 his
2500 4196 2584 4262 qni
2618 4195 3106 4250 scandalizabantur
3149 4197 3197 4246 in
3241 4210 3384 4257 eum,

1823 4294 1887 4334 eo
1926 4281 2064 4349 quod
2109 4296 2220 4334 rem
2262 4298 2416 4347 quam
2461 4284 2648 4349 agebat
2691 4282 2926 4336 dicerent
2975 4283 3222 4336 seandalo
3268 4298 3387 4336 esse

1828 4373 2076 4438 plenam,
2136 4380 2190 4425 et
2240 4387 2341 4424 non
2393 4371 2613 4425 haberet
2638 4372 2821 4425 alterno
2867 4373 3065 4441 peccati
3129 4371 3381 4437 judicium

1826 4477 1890 4516 ex
1919 4478 2004 4526 ea,
2026 4463 2276 4531 quidquid
2306 4464 2510 4516 locutus
2539 4462 2739 4516 fuisset.
2777 4463 2965 4516 Multas
2994 4464 3147 4528 igitur
3175 4463 3239 4515 de
3271 4462 3387 4515 tali-

1830 4556 1925 4606 bus
1955 4552 2261 4606 mulieribus
2300 4552 2352 4604 in
2383 4552 2838 4618 compunctiunem
2881 4552 3087 4605 induxit
3117 4560 3228 4604 tuac
3254 4567 3385 4618 ope-

159 4640 252 4687 tita
287 4651 365 4689 es.
399 4638 465 4691 Ut
493 4640 781 4696 fornicetnr
816 4650 955 4699 enim
996 4649 1288 4718 ingreditur
1317 4655 1576 4719 pessimus
1602 4658 1720 4723 iste,
1750 4631 1803 4691 D
1828 4641 1961 4695 τ³¹ίο
1999 4642 2133 4708 eius:
2176 4650 2229 4695 ει
2271 4643 2507 4694 Ill-“ima
2544 4642 2754 4709 quando
2786 4642 3031 4694 Videbam
3069 4657 3188 4694 eum
3234 4650 3388 4695 “0W3

158 4740 212 4783 et
244 4743 346 4780 non
381 4739 462 4782 est
504 4732 646 4785 aliud
688 4735 905 4802 aliquid.
938 4737 1053 4790 Jam
1085 4741 1226 4793 enim
1257 4751 1309 4795 et
1338 4756 1549 4799 sanctus
1577 4747 1724 4800 Vita-

162 4822 264 4875 lius
307 4823 432 4892 (hoc
476 4826 670 4892 quippe
719 4840 909 4878 nomen
957 4835 1073 4879 erat
1112 4829 1183 4897 ei)
1230 4832 1414 4886 volens
1455 4835 1723 4888 hominum

158 4913 379 4979 gloriam
410 4913 608 4980 fugere,
640 4923 692 4968 et
718 4915 922 4970 animas
961 4931 988 4969 a
1021 4921 1250 4973 tenebris
1279 4937 1551 4991 revocare,
1583 4925 1727 4980 dice-

163 5005 253 5054 bat
281 5004 616 5058 andientibus
654 5008 878 5072 cunctis,
910 5023 1028 5062 cum
1060 5011 1319 5066 laboraret
1363 5016 1416 5067 in
1442 5031 1627 5083 opere,
1670 5027 1728 5074 et

159 5094 392 5146 solveret
423 5096 666 5162 vesperi:
694 5097 886 5151 Eamus
917 5101 1094 5164 modo,
1122 5102 1334 5156 domina
1381 5107 1498 5158 talis
1538 5121 1728 5176 exspe-

161 5193 269 5237 Clal
300 5198 412 5239 nos.
449 5183 543 5238 Ubi
579 5200 706 5252 ergo
729 5197 842 5240 erat
867 5189 998 5243 ordo
1033 5190 1238 5258 ipsius?
1267 5193 1442 5249 Multis
1470 5209 1597 5262 ergo
1623 5197 1728 5250 cri-

164 5273 486 5328 minantibus
519 5286 574 5329 et
613 5277 952 5333 illudentibus
979 5280 1046 5346 ei,
1079 5281 1284 5337 dicebat
1318 5284 1600 5354 :Nunquid
1629 5303 1728 5355 ego

165 5379 271 5417 non
314 5367 480 5418 vestio
519 5381 710 5434 corpus
762 5377 818 5420 ut
865 5373 1088 5425 omnes?
1135 5375 1236 5427 Aut
1284 5378 1553 5431 monachis
1599 5381 1727 5434 solis

163 5454 334 5508 iratus
358 5465 439 5509 est
464 5456 636 5509 Deus?
668 5457 801 5512 Vere
824 5467 877 5512 et
905 5460 1002 5526 ipsi
1029 5462 1267 5517 homines
1293 5476 1417 5520 sunt
1443 5479 1497 5521 ut
1522 5484 1725 5524 omnes.

167 5543 386 5600 Dicebat
413 5548 586 5614 itaque
613 5548 660 5601 ei
689 5551 898 5617 quidam
941 5569 954 5603 :
999 5553 1192 5622 Accipe
1222 5558 1314 5610 tibi
1346 5575 1501 5614 unam
1535 5562 1728 5616 mulie-

165 5650 302 5698 rem,
333 5638 483 5702 abba,
513 5649 566 5692 et
595 5650 735 5694 muta
767 5643 1135 5699 vestimentum
1179 5656 1345 5713 tuum,
1377 5662 1427 5703 ut
1461 5668 1562 5707 non
1595 5654 1728 5707 blas-

167 5727 448 5791 phemetur
492 5728 629 5785 Deus
674 5747 766 5800 per
813 5740 903 5794 te.
959 5745 1011 5789 et
1058 5737 1274 5791 habebis
1315 5741 1565 5807 judicium
1612 5762 1726 5814 quae

169 5819 591 5876 scandalizantur
609 5825 924 5879 animarum.
951 5831 1018 5881 At
1045 5829 1132 5884 ille
1153 5833 1501 5899 respondebat
1522 5836 1599 5890 eis
1627 5839 1724 5893 ite-

1826 4731 2196 4785 extendentem
2240 4744 2424 4782 manus
2467 4740 2520 4783 et
2560 4743 2796 4783 orantem
2827 4745 2922 4799 pro
2952 4745 3262 4798 unaquaque
3292 4744 3384 4784 εει

1827 4837 1988 4875 rum:
2021 4832 2230 4890 propter
2275 4824 2412 4892 quod
2458 4824 2696 4891 quaedam
2742 4836 2922 4876 earum
2970 4837 2999 4874 a
3046 4822 3388 4876 fornicatione

1827 4913 2135 4976 cessabant;
2159 4912 2398 4981 quaedam
2427 4926 2552 4965 vero
2579 4912 2906 4978 accipiebant
2936 4912 3099 4975 viros,
3126 4921 3179 4965 et
3203 4911 3390 4977 pudice

1830 5005 2308 5068 conversabantur;
2371 5003 2608 5071 quaedam
2652 5018 2778 5056 vero
2828 5011 2883 5056 et
2926 5003 3098 5055 modis
3144 5002 3386 5054 omnibus

1832 5096 2083 5148 mundum
2125 5095 2502 5162 relinquentes,
2552 5092 2872 5162 singularem
2903 5095 3063 5146 vitam
3102 5093 3384 5147 ducebant.

1831 5190 2013 5242 Nullus
2045 5199 2219 5241 tamen
2251 5186 2403 5241 scivit
2429 5201 2594 5252 usque
2619 5187 2683 5240 ad
2706 5186 2820 5254 ejus
2845 5186 3218 5240 dormitionem
3246 5185 3384 5253 quod

1831 5279 1998 5348 ipsius
2028 5278 2381 5333 admonitione
2409 5289 2460 5332 et
2490 5293 2569 5332 or:
2587 5279 2726 5333 tione
2767 5277 3045 5346 impudica:
3072 5277 3390 5330 muliercula:

1830 5381 1859 5420 a
1891 5367 2239 5422 fornicatione
2265 5377 2555 5421 cessarent.

1907 5476 2057 5530 Unde
2076 5475 2302 5542 quodam
2343 5477 2428 5530 die
2459 5485 2689 5529 exeunte
2714 5489 2778 5528 eo
2809 5491 2836 5528 a
2869 5477 3032 5544 prima
3068 5476 3244 5526 talium
3279 5488 3394 5525 mu-

1836 5563 2021 5618 lierum
2046 5565 2299 5629 diluculo,
2340 5566 2516 5619 obviat
2553 5565 2599 5617 ei
2627 5566 2838 5632 quidam
2869 5568 3025 5618 homo
3065 5565 3392 5626 immundus,

1835 5654 2036 5707 intrans
2082 5651 2146 5707 ad
2193 5654 2554 5708 fornicandum
2602 5668 2723 5708 cum
2771 5669 2868 5718 ea,
2912 5665 2966 5709 et
3011 5670 3129 5707 enm
3176 5654 3396 5709 vidisset

1834 5758 2071 5800 sanctum
2107 5746 2349 5800 Vitalium
2380 5761 2443 5801 ex
2488 5761 2548 5802 ea
2594 5749 2976 5816 egredientem,
3007 5749 3152 5801 dedit
3191 5746 3239 5800 ei
3287 5746 3396 5798 ala-

1835 5854 1952 5900 pam
1984 5838 2037 5892 in
2073 5837 2282 5904 faciem,
2325 5839 2505 5894 dicens
2551 5841 2616 5894 ad
2638 5854 2756 5894 eum
2787 5855 2800 5892 :
2835 5839 3139 5909 Usquequu,
3167 5837 3398 5904 pessime
