4118 6432
203 361 343 425 1649

1129 386 1285 444 νιτΑ
1327 388 1571 447 SANCTI
1611 393 1900 454 JOANNIS
1941 399 2517 469 ELEEMOSYNARII.

3319 435 3340 490 -Ι
3352 437 3456 496 650

189 499 314 547 ctus
341 489 519 556 valde,
542 491 678 549 dixit
724 493 789 550 ad
818 508 944 555 sum
971 514 985 554 τ
1017 499 1194 558 Crede
1221 503 1376 569 mihi,
1402 505 1605 560 multas
1644 521 1773 562 con¢
1803 511 1851 568 Δ
1879 525 1977 566 uos
2019 514 2190 584 ﬁctor,
2221 529 2276 574 et
2327 534 2546 591 peccato
2575 533 2631 581 et
2681 527 3044 586 inobedientia
3066 531 3319 604 deceptos
3348 539 3452 595 ite-

193 584 523 640 versationes
581 583 793 640 Patrum
818 590 941 657 legi,
976 591 1080 645 tale
1104 592 1302 661 aliquid
1333 609 1438 648 non
1459 597 1663 654 audivi.

1876 614 1994 657 rum
2079 607 2403 685 viviﬁcavit,
2459 628 2516 675 et
2576 626 2799 696 proprio
2874 624 3134 692 sanguine
3161 627 3447 684 redemita

2356 670 2403 685 _,
2466 670 2514 675 _-
2615 670 2674 680 -..
2875 670 3133 692 ---τ-...-
3161 670 3391 683 .-..ν.....
3417 670 3446 684 ..

260 670 395 728 CAP.
424 671 1042 734 XXXVlll.——llalitiam
1067 691 1432 739 reservantem
1485 687 1771 753 quemdam
1874 707 2067 765 morte,
2096 707 2154 755 et
2179 716 2393 758 omnem
2452 670 2649 762 terram
2680 670 2734 764 et
2764 712 2935 780 ipsum
2965 716 3160 770 caelum
3190 718 3242 771 iu
3270 718 3446 776 obse—

187 759 502 827 illustrium,
535 771 725 817 contra
750 766 913 822 alium
943 770 1262 840 principem,
1291 774 1512 830 audiens
1541 775 1630 832 hic
1659 793 1769 830 ma-

181 866 327 922 gnus
352 853 606 921 Joannes,
639 858 847 914 monuit
893 875 1014 916 eum
1044 874 1294 933 smpe,et
1320 866 1488 923 suasit
1524 868 1589 923 ad
1633 884 1766 924 con-

186 945 447 1015 oordiam,
475 958 530 1003 et
587 963 694 1005 non
743 953 911 1016 potuit
939 969 1060 1008 eum
1118 966 1434 1013 convertere
1461 960 1526 1013 ad
1556 975 1762 1029 pacem.

178 1035 360 1090 Semel
388 1053 516 1108 ergo
536 1041 700 1096 mittit
729 1052 784 1097 et
809 1044 1027 1098 adducit
1055 1060 1177 1099 eum
1226 1056 1462 1114 sanctus,
1493 1050 1643 1119 quasi
1667 1067 1764 1120 pro

176 1138 247 1180 re
284 1128 492 1195 publica
518 1148 532 1183 :
556 1140 610 1186 et
641 1132 770 1188 facit
821 1135 1012 1188 missas
1057 1136 1110 1188 in
1151 1138 1388 1192 oratorio
1408 1152 1524 1203 suo,
1556 1142 1759 1196 nullum

173 1211 387 1272 habens
413 1219 513 1274 nisi
559 1222 861 1278 ministrum
892 1239 1046 1278 suum
1077 1223 1216 1295 (82).
1250 1226 1381 1282 Cum
1411 1243 1543 1300 ergo
1571 1241 1761 1287 sancta

172 1307 547 1368 benedixth
569 1315 888 1383 patriarcha,
917 1325 970 1371 et
999 1313 1652 1387 orationembominicam
1676 1325 1758 1380 in-

165 1399 445 1466 clinasset,
475 1414 751 1473 eruperunt
775 1407 956 1462 dicere
979 1419 1084 1463 tres
1119 1420 1319 1464 tantmn
1350 1413 1448 1478 illi,
1480 1414 1637 1470 Pater
1661 1433 1755 1471 no-

165 1498 309 1543 ster.
337 1489 406 1545 Et
431 1505 552 1548 cum
583 1496 918 1562 pervenisset
946 1498 1011 1551 ad
1037 1513 1371 1567 sermonem,
1397 1517 1503 1571 quo
1529 1504 1749 1572 dicitur,

164 1577 396 1636 Dimitte
425 1583 579 1638 nobis
605 1585 778 1640 debita
807 1595 1006 1650 nostra,
1035 1599 1172 1642 sicut
1205 1599 1261 1643 et
1289 1605 1385 1646 nos
1433 1592 1753 1650 dimittimus

159 1666 504 1727 debitoribus
527 1674 746 1739 nostris,
778 1677 948 1732 innuit
996 1678 1293 1734 domestico
1342 1685 1668 1751 patriarcha,
1694 1696 1754 1742 ut

160 1769 392 1819 taceret.
419 1765 576 1820 Siluit
617 1781 748 1835 ergo
768 1777 822 1823 et
864 1768 1188 1837 patriarcha,
1215 1779 1270 1826 et
1296 1777 1554 1831 remansit
1605 1779 1750 1846 prin-

1870 789 2052 857 quium
2093 790 2364 850 hominum
2417 797 2671 868 subdidit,
2695 804 2788 857 sed
2811 813 2866 859 et
2892 821 3029 862 nunc
3067 809 3298 876 qualiter
3327 826 3450 880 pec-

1868 888 2052 936 cantes
2067 897 2171 938 non
2190 884 2431 956 dissipat,
2449 889 2542 944 sed
2573 891 2944 962 longanimiter
2971 899 3138 968 magis
3164 913 3436 970 exspectat

1867 968 2153 1028 immobilis
2176 973 2266 1031 illa
2293 987 2501 1046 natura,
2523 989 2579 1036 et
2606 983 2814 1051 patiens
2842 986 2930 1042 ille
2964 989 3173 1053 oculus,
3197 1001 3250 1046 et
3266 968 3432 1050 nobis

1867 1061 2175 1135 plerumque
2205 1067 2695 1139 blasphemantibus
2712 1077 2826 1149 ipse
2847 1082 3156 1138 consolatur
3182 1095 3236 1141 et
3286 1085 3441 1142 blau~

1862 1150 2006 1206 ditur
2032 1169 2125 1222 per
2153 1158 2555 1218 miserationem
2577 1170 3044 1234 saam,desursum
3072 1174 3278 1244 pluvias
3310 1193 3441 1247 pro-

1863 1248 1981 1307 pter
2009 1245 2170 1299 vitam
2226 1259 2462 1306 nostram
2493 1255 2753 1323 tribuens,
2781 1269 3009 1329 quantos
3054 1266 3223 1321 malos
3250 1245 3439 1336 opera-

1860 1333 1989 1399 rios,
2023 1348 2304 1407 pergentes
2326 1353 2383 1397 ut
2410 1345 2655 1401 occidant
2678 1359 2766 1402 aut
2797 1350 3056 1418 furentur,
3087 1357 3218 1426 tegit
3252 1333 3307 1412 et
3334 1376 3438 1413 non

1860 1424 2042 1492 tradit,
2071 1442 2146 1483 ne
2167 1431 2446 1499 capiantur
2469 1444 2522 1489 et
2550 1441 2870 1505 puniantur?
2899 1453 3127 1510 quantos
3147 1424 3435 1504 existentes

1858 1516 1910 1571 in
1932 1520 2156 1576 navibus
2186 1524 2238 1577 in
2263 1527 2470 1598 pelago,
2504 1538 2562 1585 ut
2587 1533 2892 1600 praedentur
2910 1540 3188 1597 obviautes
3212 1544 3312 1598 sibi
3342 1561 3436 1599 ua-

1855 1622 1970 1676 ves,
2011 1621 2068 1666 et
2110 1615 2356 1672 occidant
2393 1622 2481 1689 qui
2533 1622 2586 1677 in
2625 1623 2704 1678 eis
2760 1636 2906 1694 sunt,
2941 1645 3045 1684 non
3094 1635 3350 1701 permittit
3381 1636 3433 1689 in

1854 1701 2169 1766 profundum
2201 1704 2460 1777 demergi,
2490 1712 2582 1765 sed
2628 1712 2854 1784 imperat
2885 1720 3015 1772 mari
3043 1735 3110 1775 ne
3150 1721 3435 1778 absorbent

1852 1801 1986 1856 eos,
2041 1801 2358 1862 exspectans
2420 1804 2825 1860 conversionem
2891 1808 3109 1866 malitia:
3156 1813 3434 1881 ipsorum?

155 1865 296 1922 eeps
338 1855 505 1922 solus,
536 1856 721 1912 dicens
748 1873 957 1913 versum
992 1875 1007 1914 :
1036 1861 1252 1919 Dimitte
1297 1865 1480 1932 nobis,
1504 1870 1646 1924 sicut
1692 1880 1748 1926 et
1777 1879 1826 1940 Β
1856 1855 2040 1946 quanti
2089 1855 2332 1953 pejorant
2395 1855 2605 1958 corpus
2629 1855 3248 1968 liberet-"sanguinem
3315 1905 3433 1973 ejus

155 1959 263 1973 ..-.
298 1947 604 1973 ,.:_.:..=_._-
660 1949 926 1973 ...-.-nﬂ
963 1967 1243 1973 --μ---μμ
1307 1971 1318 1973 μ
1383 1968 1417 1973 κ-
1560 1960 1592 1973 --
1634 1963 1666 1973 ο-
1727 1963 1740 1973 -

155 1959 269 2000 nos
295 1947 629 2003 dimittimus.
659 1949 725 2005 Et
749 1951 929 2006 statim
959 1967 1249 2010 conversus
1270 1968 1508 2026 sanctus,
1542 1960 1671 2016 dicit
1691 1963 1743 2018 ei

155 2045 444 2092 mansueta
469 2053 600 2095 voce
624 2057 639 2094 :
666 2040 795 2096 Vide
815 2041 867 2096 in
889 2044 1031 2116 quali
1057 2047 1280 2101 terribili
1304 2048 1434 2104 hora
1487 2053 1613 2122 quid
1661 2053 1741 2110 di-

150 2139 253 2182 cas
287 2127 433 2183 Deo:
462 2128 720 2198 Quoniam
771 2133 907 2188 sicut
963 2150 1062 2204 ego
1109 2137 1339 2204 dimitto,
1374 2141 1445 2195 ita
1475 2150 1530 2197 et
1577 2152 1632 2198 tu
1660 2146 1743 2200 di-

151 2223 316 2274 mitte
361 2222 510 2276 mihi.
541 2223 812 2294 Tanquam
866 2227 934 2281 ab
984 2228 1109 2298 igne
1132 2232 1314 2287 statim
1344 2237 1637 2292 cruciatum
1660 2237 1739 2292 fe-

150 2323 287 2364 rens
315 2313 596 2378 praedictus
645 2316 909 2386 princeps,
929 2321 1122 2374 cecidit
1143 2324 1197 2376 in
1244 2323 1432 2380 faciem
1461 2330 1531 2382 ad
1576 2328 1739 2396 pedes

148 2402 353 2465 sancti,
397 2401 581 2459 dicens
614 2421 628 2458 :
657 2403 995 2476 Quaecunque
1023 2409 1271 2479 iusseris,
1303 2414 1543 2483 domine,
1577 2419 1737 2479 faciet

148 2504 345 2546 servus
375 2501 515 2547 tuus.
546 2493 611 2548 Et
637 2496 1010 2554 reconciliatus
1029 2510 1112 2556 est
1139 2503 1356 2564 inimico
1385 2521 1484 2564 suo
1507 2525 1573 2566 ex
1603 2520 1728 2570 tunc

148 2593 279 2634 cum
311 2583 459 2636 omni
483 2584 725 2640 veritate.

217 2689 350 2746 CAP.
369 2693 979 2770 XXXIX.—Superbum
1007 2712 1181 2759 autem
1206 2707 1248 2761 si
1263 2708 1473 2765 videbat
1494 2712 1726 2784 aliquem

149 2783 366 2852 beatus,
397 2788 537 2842 hunc
561 2791 770 2859 quidem
802 2809 906 2848 non
935 2803 1187 2867 arguebat
1218 2801 1270 2855 in
1303 2801 1444 2859 facie
1470 2823 1484 2859 :
1514 2783 1727 2877 quando

146 2867 328 2927 autem
353 2891 474 2930 eum
499 2879 549 2931 in
579 2890 787 2936 secreto
817 2899 915 2938 suo
945 2888 1225 2944 sedentem
1263 2892 1496 2961 videbat,
1528 2898 1725 2955 aﬂ‘ere-

147 2961 242 3016 bat
269 2963 336 3020 de
360 2965 661 3025 humilitate
684 2986 982 3040 sermones,
1006 2986 1064 3030 ut
1086 2993 1179 3048 per
1224 2984 1326 3037 tale
1353 2987 1722 3055 magisterium

146 3053 352 3139 sensim
411 3067 718 3125 percuteret
744 3065 1057 3132 superbum.
1084 3079 1135 3122 et
1165 3053 1464 3130 modestum
1500 3077 1720 3150 faceret,

411 3123 425 3125 _
812 3123 826 3132 .
1044 3123 1055 3128 -
1168 3123 1195 3124 ρ
1229 3123 1464 3130 “-----—
1500 3123 1720 3150 .--“-..

145 3123 333 3199 dicens
360 3145 430 3200 ita
457 3166 474 3204 :
504 3149 685 3218 Miror,
717 3155 916 3210 domini
936 3158 1062 3225 mei,
1092 3164 1360 3228 quomodo
1390 3182 1494 3224 non
1544 3185 1722 3228 recor-

145 3235 301 3292 datur
329 3240 522 3296 misera
550 3244 724 3300 anima
748 3261 864 3302 mea
888 3249 1200 3307 humilitatis
1227 3271 1346 3325 qua
1376 3258 1720 3319 demonstra-

144 3327 220 3382 vit
247 3331 401 3416 nobis
430 3347 594 3402 super
615 3343 812 3391 terram
845 3354 1103 3409 apparere
1151 3344 1345 3402 Filium
1373 3349 1488 3417 Dei,
1512 3353 1605 3408 sed
1639 3354 1724 3409 in-

144 3407 388 3476 tumesco
436 3432 490 3478 et
540 3427 771 3483 extollar
816 3445 976 3500 super
1007 3433 1223 3490 fratrem
1268 3454 1466 3505 meum,
1498 3441 1544 3497 si
1572 3442 1722 3499 fuero

143 3510 412 3567 modicum
441 3523 534 3568 aut
556 3517 828 3584 pulchrior
859 3532 1055 3587 eo,aut
1075 3524 1257 3594 ditior,
1293 3537 1383 3584 aut
1404 3531 1714 3602 gloriosior,

141 3610 236 3656 aut
262 3603 614 3676 principatum
637 3609 794 3665 ollicii
823 3614 1188 3685 cujuscunque
1210 3618 1469 3687 habuere,
1504 3641 1608 3681 non
1633 3628 1717 3683 in-

142 3694 388 3763 telligens
435 3699 668 3755 divinam
713 3717 920 3770 vocem,
946 3720 1064 3774 quae
1111 3708 1279 3764 dicit:
1312 3712 1508 3772 Discite
1555 3732 1586 3771 a
1632 3735 1717 3775 me

139 3786 261 3852 quia
279 3787 420 3841 mitis
441 3802 560 3843 sum
588 3799 642 3844 et
666 3791 880 3850 humilis
892 3797 1074 3864 corde,
1093 3807 1149 3853 et
1169 3801 1450 3858 invenietis
1475 3809 1715 3876 requiem

139 3878 418 3934 animabus
445 3883 636 3938 vestris
666 3885 882 3955 (Matth.
904 3885 1011 3958 in);
1035 3905 1207 3961 neque
1219 3907 1532 3961 sanctorum
1557 3915 1715 3958 voces

137 3967 397 4035 cogitans,
421 3971 670 4038 quoniam
724 3975 938 4043 quidam
969 3986 1163 4035 terram
1205 3981 1359 4052 (Gen.
1395 3987 1573 4055 ινιιι),
1597 3992 1715 4061 qui-

137 4059 262 4110 dam
312 4058 589 4128 cinerem,
623 4065 837 4133 quidam
892 4082 1127 4124 vermem
1181 4082 1235 4127 et
1285 4090 1390 4130 non
1442 4078 1714 4136 hominem

137 4144 307 4214 (Ρωι.
354 4152 746 4221 xxi),quidam
805 4165 896 4212 aut
941 4159 1292 4228 impeditioris
1355 4175 1411 4222 et
1467 4171 1714 4229 tardioris

135 4235 322 4305 lingua.-
371 4238 570 4309 (Exod.
622 4245 696 4315 tv)
744 4260 804 4302 se
853 4250 1236 4308 nominabant:
1268 4265 1324 4312 et
1370 4259 1492 4328 quia
1524 4262 1714 4333 Isaias,

132 4331 347 4398 quando
382 4333 545 4388 Deum
567 4336 750 4392 videre
774 4343 988 4410 meruit,
1005 4354 1060 4397 ut
1085 4348 1228 4414 capit
1257 4348 1439 4416 homo,
1467 4361 1592 4408 tunc
1612 4331 1711 4410 im;

131 4422 326 4476 munda
357 4423 489 4478 labia
539 4440 600 4481 se
627 4427 824 4486 habere
868 4436 1230 4500 pronuntiavit
1274 4439 1412 4510 (Ira.
1439 4441 1540 4514 vt).
1569 4445 1708 4514 Quid

129 4510 356 4567 enimet
383 4529 498 4594 sum
529 4516 781 4571 humilis?
799 4519 985 4578 Nonne
1001 4524 1068 4579 de
1094 4526 1206 4581 luto
1225 4528 1379 4585 hctus
1398 4510 1538 4602 sum,
1566 4510 1708 4594 unde

1850 1982 2289 2042 sacrosanctum,
2337 1988 2395 2034 et
2467 1983 2664 2050 patitur
2721 1996 2775 2040 et
2839 1988 3216 2060 longanimiter
3279 1998 3428 2066 agit,

1847 2075 1953 2116 non
2006 2064 2235 2122 reddens
2287 2071 2366 2125 eis
2395 2071 2484 2127 hic
2525 2074 2723 2144 aliquid
2764 2079 3020 2140 difﬁcile?
3080 2064 3337 2155 quantos:
3375 2090 3426 2143 in

1844 2150 2037 2210 itinere
2083 2156 2481 2228 latrocinantes,
2510 2179 2614 2219 non
2647 2168 2808 2223 tradit
2862 2171 2914 2225 in
2969 2175 3145 2229 cibum
3203 2178 3425 2233 obvian-

1843 2243 1987 2299 tibus
2052 2248 2158 2303 sibi
2215 2249 2449 2307 bestiis?
2502 2271 2732 2325 quantus
2807 2273 2997 2319 euntes
3068 2265 3124 2321 in
3188 2282 3419 2327 concava

1842 2348 2127 2407 terrarum,
2152 2353 2206 2397 et
2228 2343 2477 2401 itinerum
2500 2348 2796 2408 seditiones
2818 2365 3134 2426 operantes,
3165 2363 3414 2434 protegit,

1838 2438 1898 2482 ut
1927 2444 2033 2485 non
2072 2445 2460 2494 consumantur
2505 2454 2537 2494 a
2579 2434 2999 2503 custodientihus
3056 2451 3299 2520 canibus,
3331 2456 3414 2510 vel

1836 2523 1996 2575 etiam
2019 2521 2327 2582 hominibus
2341 2523 2453 2584 iEt
2475 2546 2562 2588 me
2577 2533 2844 2591 interdum
2875 2548 2965 2594 aut
2986 2555 3108 2596 eum
3131 2547 3412 2601 meretrice

1836 2614 2196 2685 recumbente,
2219 2629 2309 2674 aut
2335 2635 2456 2676 cum
2511 2623 2596 2680 his
2623 2628 2715 2698 qui
2757 2644 2817 2685 se
2847 2631 3141 2704 inebriant,
3172 2649 3263 2692 aut
3292 2656 3414 2696 cum

1835 2707 2008 2774 turpia
2051 2708 2389 2780 loquentibus
2409 2729 2787 2788 eonversante,
2815 2734 2908 2780 aut
2947 2736 3143 2785 caetero
3172 2734 3411 2802 quolibet

1829 2799 2009 2855 sazculi
2037 2799 2192 2871 hujus
2222 2804 2492 2875 implicata
2519 2823 2756 2881 peccato,
2786 2819 2903 2888 apis
2929 2821 3143 2888 quidem
3167 2799 3398 2884 circnm-

1828 2888 2020 2958 fertur,
2048 2902 2103 2948 et
2133 2897 2297 2951 valles
2323 2908 2376 2953 et
2405 2902 2586 2958 alveos
2613 2906 2823 2973 circuit,
2855 2926 3102 2981 querens
3143 2919 3400 2986 colligere

1827 2981 2082 3050 fructum,
2107 2996 2161 3042 ut
2187 2989 2346 3046 dulce
2397 2990 2559 3050 faciat
2605 2999 2734 3053 mihi
2783 3013 2986 3072 guttur,
3014 3013 3156 3078 quod
3185 2981 3324 3067 feda
3350 3023 3406 3070 et

1825 3071 2007 3144 iniqua
2055 3083 2397 3151 pronuntiat;
2430 3101 2532 3143 uva
2574 3100 2754 3148 autem
2788 3071 3004 3153 festinat
3030 3071 3126 3170 per
3167 3106 3404 3166 calorem

1827 3167 2101 3236 maturari,
2133 3179 2191 3227 ut
2235 3175 2439 3244 repleat
2464 3193 2526 3234 os
2556 3190 2610 3236 et
2651 3183 2887 3242 lattillcet
2913 3167 3203 3264 con—quod
3235 3197 3401 3256 laeto-

3063 3244 3203 3264 ,_.._
3235 3244 3371 3256 ----..

1750 3244 1797 3310 C
1827 3270 1942 3312 rem
2004 3275 2159 3317 suum
2211 3269 2624 3334 praevaricatum
2668 3286 2766 3331 est.
2818 3277 3006 3338 Flores
3060 3285 3288 3344 invicem
3340 3309 3400 3348 se

1825 3361 2226 3424 pmoccupant,
2250 3366 2308 3412 ut
2357 3360 2622 3419 delectent
2670 3369 2876 3436 oculos,
2907 3375 2997 3441 qui
3027 3375 3403 3438 fornicationi-

1825 3436 1925 3494 bus
1952 3449 2007 3495 et
2029 3444 2218 3500 alienis
2258 3450 2567 3509 mulieribus
2600 3457 2665 3512 ad
2686 3436 3219 3530 luxuriaminnuunt.
3241 3475 3397 3531 Ficus

1824 3532 2063 3589 turbatur
2084 3537 2223 3607 (ει),
2251 3551 2516 3613 quatenus
2546 3553 2924 3620 perv.eniat,‘ut
2952 3561 3155 3630 repleat
3183 3580 3395 3622 manum

1821 3636 1917 3690 per
1939 3627 2378 3700 magnitudinem,
2402 3643 2459 3690 et
2487 3652 2548 3692 os
2580 3654 2674 3708 per
2703 3627 3058 3712 dulcedinem,
3085 3654 3226 3719 quod
3253 3665 3399 3712 tenet

1820 3722 1876 3767 et
1932 3713 2101 3771 basiat
2145 3721 2377 3779 alienam
2435 3729 2739 3787 mulierem.
2789 3735 2940 3792 Talia
2986 3713 3153 3811 ergo,
3203 3747 3397 3818 inquit,

1818 3820 1979 3875 opera
1998 3808 2194 3866 fratres
2219 3826 2458 3886 agentes,
2485 3830 2540 3877 et
2573 3824 2705 3879 tales
2736 3808 3115 3890 retributiones
3134 3808 3395 3908 recip-ica:

1820 3905 1901 3952 tes
1925 3911 1954 3950 a
1983 3899 2208 3972 benigno
2237 3905 2346 3962 Deo
2364 3946 2381 3973 ,
2412 3912 2624 3978 qualem
2656 3915 3012 3978 debueramus
3043 3899 3392 4000 habere-pru-

1816 3988 2493 4062 dentiam,.considerantes
2539 4009 2880 4068 novissimam
2912 4028 3145 4074 nosuam
3183 4031 3239 4077 ct
3268 4025 3395 4081 hor-

1815 4084 2034 4139 rendam
2060 4086 2279 4148 horam?
2301 4093 2518 4152 Multum
2548 4104 2690 4156 enim
2719 4103 2786 4159 de
2813 4113 3066 4179 memoria
3100 4117 3288 4173 mortis
3337 4132 3393 4176 et

1815 4177 1963 4231 exitu
2018 4181 2208 4237 anima:
2261 4184 2566 4253 disputabat
2604 4209 2818 4263 semper
2863 4200 2952 4256 ille
2995 4178 3203 4273 beatus,
3231 4211 3303 4265 ita
3336 4225 3392 4267 ut

1816 4264 2125 4338 frequenter
2153 4275 2367 4344 quidam
2389 4279 2457 4335 ad
2487 4297 2606 4337 cum
2636 4289 2872 4356 superbo
2913 4264 3202 4354 schemate
3224 4264 3389 4357 intra;

1813 4369 2003 4417 rentet
2025 4363 2217 4421 ridenti
2250 4370 2424 4436 vultu,
2451 4385 2504 4427 et
2545 4375 2942 4439 inconsiderato
2964 4390 3152 4456 oculo;
3198 4401 3255 4447 et
3282 4398 3391 4450 exi-

1813 4459 1933 4505 rent
1963 4452 2148 4511 humili
2177 4475 2346 4527 more,
2373 4473 2425 4518 et
2452 4480 2769 4536 compuncta
2800 4472 3026 4543 faeie,et
3048 4452 3389 4553 lacrymauti-

1813 4541 1910 4598 bus
1928 4547 2117 4602 oculis.
2144 4549 2367 4620 Propter
2387 4557 2526 4623 quod
2556 4569 2609 4614 et
2637 4561 2846 4619 dicebat
2878 4541 3044 4634 :Quia
3070 4541 3401 4642 (ιιι-ωεῑίωο-

389 4583 398 4594 υ
1304 4583 1332 4584 η
1358 4583 1372 4585 -
1400 4583 1538 4602 ---ν
1569 4583 1707 4594 -··-··
1813 4583 1910 4598 ’ν’-υ
1928 4583 2117 4602 νυνι-σ-
2145 4583 2165 4602 ι
2188 4583 2364 4620 ινινιυιν
2387 4583 2526 4623 uuuu
2556 4583 2609 4614 et
2637 4583 2846 4619 ulceuat
2878 4583 3044 4634 :Quia
3070 4583 3152 4642 (ιιι
3178 4583 3384 4636 manu,

130 4610 260 4656 ³³³³⁸
300 4614 354 4658 ’δι
402 4604 634 4661 meres,
662 4609 849 4667 Νοηηθ
898 4629 1112 4670 omnem
1155 4625 1311 4687 quam
1345 4634 1469 4690 ante
1501 4627 1700 4685 habere
1739 4621 1783 4677 ο
1809 4646 1909 4700 ego
1947 4633 2185 4706 humilis)
2214 4641 2414 4698 sufficit
2441 4645 2507 4700 ad
2557 4649 2784 4706 salutem
2813 4656 3028 4714 assidue
3064 4669 3117 4716 et
3137 4663 3384 4723 dolenter

130 4691 349 4723 allis-hu.
398 4705 451 4723 ua
477 4697 572 4723 ΙΙ..-
599 4696 725 4723 θλ...ε
743 4707 1018 4723 ..-------.
1041 4709 1055 4723 ι
1075 4704 1097 4723 ι
1282 4710 1293 4723 ι
1311 4712 1334 4723 -
1367 4713 1426 4723 ...

127 4691 374 4758 gloriam,
398 4705 454 4748 ut
476 4697 573 4750 flos
599 4696 1175 4774 fienimarcescitUsa.
1207 4710 1334 4780 xu)?
1366 4713 1458 4768 Elis
1490 4731 1618 4791 ergo
1646 4728 1696 4773 et

129 4781 453 4851 huiusmodi,
479 4795 532 4840 et
575 4788 697 4842 aliis
738 4791 974 4859 pluribus
1021 4799 1195 4854 verbis
1243 4803 1694 4873 sapientissimus.

124 4872 275 4939 quasi
300 4871 366 4926 de
391 4886 450 4928 se
470 4874 675 4942 dicens,
699 4893 820 4932 eum
847 4881 934 4949 qui
964 4882 1272 4953 languorem
1301 4889 1589 4950 inflationis
1645 4871 1698 4952 et

123 4962 386 5027 813;?l'bii1:
409 4965 636 5020 habebat
657 4971 897 5026 cauterio
921 4975 1263 5044 comburens,
1296 4984 1546 5049 proderat
1575 4989 1693 5059 ejus

123 5051 335 5105 animm.
364 5053 692 5124 lntelligebat
720 5061 862 5115 enim
909 5061 954 5117 is
984 5066 1071 5134 qui
1094 5067 1245 5124 ulcus
1274 5071 1504 5130 habebat
1552 5051 1693 5147 quod

121 5141 188 5195 de
208 5157 273 5195 eo
301 5145 600 5210 patriarcha
627 5147 738 5203 haec
762 5151 1047 5209 intimaret.

189 5228 319 5284 Lar.
348 5232 460 5286 XL.
487 5265 555 5274 —
583 5236 648 5290 Et
680 5239 781 5293 hoc
807 5238 1116 5311 frequenter
1147 5249 1236 5305 ille
1261 5267 1290 5306 a
1319 5254 1430 5311 Deo
1454 5256 1689 5315 honora.

122 5329 227 5383 tus,
250 5321 503 5378 achrebat
529 5326 582 5379 in
606 5329 859 5394 medium,
880 5334 945 5387 ad
969 5334 1278 5394 humilitatis
1295 5358 1688 5420 argumentum,

119 5411 340 5466 dicens:
371 5414 524 5481 Quod
581 5417 635 5471 si'
679 5422 1171 5483 considerassemus
1203 5443 1257 5486 et
1302 5411 1684 5505 cogitassemus

121 5502 213 5555 Dei
233 5518 353 5572 erga
380 5520 476 5560 nos
499 5507 920 5566 misericordiam
944 5525 997 5569 et
1020 5519 1329 5590 bonitatem,
1356 5502 1454 5582 nec
1484 5531 1537 5584 in
1574 5548 1687 5591 coe-

116 5589 198 5643 los
225 5594 625 5650 sublevaremus
676 5602 859 5656 oculos
881 5616 1117 5676 nostros,
1149 5613 1239 5666 sed
1264 5628 1478 5685 semper
1505 5620 1555 5676 in
1585 5625 1685 5682 hu-

117 5682 223 5736 mili
252 5682 431 5740 habitu
461 5702 522 5743 ac
541 5691 816 5758 prudentia
846 5696 1179 5766 degeremus.
1205 5705 1270 5760 Ut
1292 5682 1434 5764 enim
1460 5724 1682 5780 prmter-

114 5787 253 5842 ca'n,
297 5777 526 5845 qualiter
577 5795 683 5840 neu
731 5786 1024 5847 existentes
1063 5805 1116 5850 ut
1161 5812 1401 5858 essemus
1432 5777 1680 5870 produxit

1807 4724 2062 4792 cogitare,
2082 4737 2136 4782 et
2158 4730 2572 4792 sollicitudinem
2595 4736 2796 4798 habere
2821 4745 2889 4800 de
2913 4726 3102 4814 morte,
3128 4758 3378 4821 quoniam

1806 4829 1965 4870 nemo
2002 4819 2158 4874 nobis
2188 4823 2240 4875 in
2287 4824 2375 4878 illa
2405 4827 2532 4881 hora
2564 4836 2936 4906 compatietnr,
2958 4851 3049 4894 aut
3100 4819 3383 4902 comitabi~

1807 4913 1892 4959 tur
1916 4922 1980 4962 ex
2003 4911 2106 4963 vita
2135 4911 2259 4978 ista,
2287 4915 2390 4970 nisi
2414 4932 2576 4986 opera
2605 4922 2759 4979 bona
2773 4939 2971 4984 nostra.
3007 4929 3074 4985 Et
3111 4939 3377 5002 quomodo

1805 4998 2007 5066 angelis
2039 5002 2370 5060 venientibus
2398 5018 2452 5061 et
2503 5016 2936 5089 properantibus
2962 4998 3204 5080 turbatur
3250 5035 3377 5083 tune

1803 5087 2001 5154 anima,
2028 5090 2074 5143 si
2106 5090 2317 5148 inventa
2370 5112 2476 5150 non
2524 5098 2688 5158 fuerit
2725 5087 3070 5176 praeparata!
3105 5121 3376 5184 quomodo

1799 5190 1950 5246 rugat
1966 5189 2020 5233 ut
2034 5181 2258 5239 addatur
2277 5187 2379 5242 sibi
2403 5190 2670 5247 modicum
2701 5202 3062 5266 tempusvitae,
3082 5181 3137 5260 et
3152 5210 3327 5264 audiet
3353 5227 3369 5267 :

1796 5267 1930 5332 Quid
1985 5275 2174 5330 enim?
2221 5279 2450 5350 Tempus
2496 5285 2640 5352 quod
2692 5289 2865 5345 vixisu
2892 5333 2908 5357 ,
2940 5294 3076 5352 bene
3122 5314 3372 5357 consum-

1791 5448 2087 5520 Quomodo,
2121 5457 2334 5513 humilis
2361 5461 2624 5534 Joannes,
2651 5472 2878 5528 transire
2928 5483 3127 5544 puteris
3170 5482 3367 5542 bestias

1787 5543 2084 5599 arundineti
2121 5547 2292 5616 (Psal.
2326 5556 2510 5624 vau),
2537 5562 2748 5626 quando
2779 5543 3068 5624 obviabunt
3111 5573 3204 5627 tibi
3231 5589 3360 5629 exa-

1785 5635 2001 5687 ctores?
2031 5635 2122 5689 ’γε
2145 5640 2320 5704 qualis
2351 5644 2510 5698 timor
2536 5657 2591 5701 et
2618 5658 2818 5707 tremor
2873 5655 3080 5713 obtinet
3124 5664 3358 5721 animam

1787 5731 1910 5777 tunc
1963 5726 2222 5784 rationem
2253 5745 2561 5802 ponentem,
2592 5742 2752 5796 tantis
2798 5750 3212 5816 exquisitoribus
3251 5765 3360 5811 tam

1784 5817 1980 5871 amaris
2010 5828 2060 5876 el
2088 5819 2634 5886 immisericordibus?
2676 5834 2880 5894 Etenim
2933 5849 3146 5900 sanctus
3174 5844 3273 5901 iste
3295 5847 3349 5902 in
