4118 6432
3891 385 3994 416 ιιιᾳέ

714 419 840 470 1651
1770 402 2045 461 LEONTII
2089 400 2547 456 NEAI’OLI'IAM
2607 397 2913 454 EPISCOPI

737 520 986 573 meritoria
1011 533 1216 586 semper
1257 517 1518 570 retinebat
1545 514 1682 582 quod
1711 523 1894 565 sancto
1948 512 2171 576 Simoni,
2205 511 2294 577 qui
2323 514 2368 569 Α
2399 508 2602 574 senpio.
2644 505 2819 560 Semel
2850 517 2980 569 ergo
3005 512 3056 556 el
3101 504 3181 556 bis
3223 504 3346 556 fecit
3393 504 3492 555 hoc
3543 501 3752 565 ipsum
3797 497 3984 547 actae:

742 628 792 660 in
824 611 1080 662 columnis
1108 611 1252 663 stetit
1292 610 1432 674 (85},
1459 623 1550 673 per
1582 607 1958 658 revelationcm
1990 603 2184 655 factum
2212 614 2294 655 est
2398 598 2483 650 ille
2513 597 2720 649 beatus.
2755 594 2992 647 Erudivit
3018 603 3073 646 ct
3111 597 3163 646 in
3204 595 3302 646 hoc
3339 595 3552 659 plebem
3589 589 3924 653 mist.
3949 597 3988 634 ει

744 709 922 753 notum
959 715 971 749 :
1002 698 1130 763 Quia
1164 699 1240 766 (ut
1267 699 1359 764 ait)
1411 707 1636 750 exeunte
1663 696 1836 747 anima
1867 708 1898 747 e
1927 707 2172 759 curpore,
2193 693 2293 743 oh-
2395 690 2734 751 emendavit;
2764 688 3017 740 timebant
3040 689 3213 751 enim,
3243 702 3308 740 ne
3336 688 3532 740 iterum
3566 683 3832 749 idipsnn
3859 679 3991 731 sdth

742 790 883 842 viant
910 789 956 840 ei
986 802 1103 840 cum
1131 787 1429 840 ascenderit
1455 801 1482 838 a
1515 797 1651 838 terra
1681 787 1730 836 in
1761 787 1975 846 coelum,
2003 785 2151 836 chori
2183 784 2215 833 d
2237 800 2293 832 e—
2402 796 2484 834 ma
2511 781 2710 835 faceret
2740 782 2818 834 eis
2849 781 2937 832 ille
2965 795 3178 846 semper
3203 780 3624 834 memorandus.

743 874 2300 947 tuonum,singuliinproprioordine.Ohviateichorusdm-
2465 871 2594 924 Cn.
2639 870 2794 924 XLII.
2826 899 2896 913 —-
2925 871 3091 939 Loqui
3133 882 3307 925 autem
3355 873 3406 923 in
3457 880 3740 924 sacram
3795 865 3992 917 omine

746 973 1040 1022 toculorum
1068 969 1350 1035 superbia,
1385 970 1662 1034 investigat
1689 983 1831 1031 eam,
1852 969 1896 1019 si
1929 969 2296 1031 habeatopera

743 1076 832 1112 cor
843 1076 948 1112 um.
963 1061 1352 1113 Ubviatchorus
1364 1060 1634 1126 spirituum
1649 1059 2015 1110 detractionis:
2038 1057 2299 1123 aspiciunt

743 1153 787 1204 si
818 1153 1024 1219 quando
1071 1153 1309 1205 oblocuta
1341 1153 1428 1213 sit,
1458 1161 1512 1204 et
1557 1152 1923 1218 pmnitentiam
1975 1166 2075 1200 non
2111 1148 2294 1215 egerit.

748 1245 972 1296 Obviant
1034 1245 1222 1296 iterum
1272 1245 1516 1310 superius
1569 1244 1836 1294 dmmoues
1883 1240 2290 1293 fornicationis:

748 1344 1045 1386 scrutan'ur
1069 1334 1110 1385 si
1134 1340 1506 1400 recognoscant
1564 1333 1613 1384 in
1637 1347 1696 1384 ea
1731 1333 2028 1396 voluptates
2056 1343 2197 1381 suas.
2235 1327 2298 1380 Et

744 1422 952 1488 quando
973 1439 1000 1473 a
1031 1433 1166 1476 terra
1194 1437 1358 1489 usque
1398 1423 1461 1473 ad
1489 1423 1679 1475 caelum
1712 1422 1903 1473 misera
1953 1420 2124 1471 anima
2155 1419 2299 1483 posi-

2400 975 2504 1012 non
2559 963 2934 1027 permittebat,
2977 962 3069 1013 sed
3121 962 3172 1013 in
3215 973 3498 1028 conspectu
3547 959 3834 1012 omnium
3877 955 3996 1007 Fons

2399 1051 2640 1104 mittebat
2665 1067 2786 1105 eum
2809 1092 2824 1116 ,
2854 1053 3075 1105 dicens:
3111 1053 3170 1106 Si
3201 1052 3410 1119 quidem
3451 1065 3505 1105 ut
3555 1063 3782 1103 orares
3825 1049 3990 1100 venis

2401 1145 2500 1195 huc
2518 1183 2533 1205 ,
2559 1143 2611 1195 in
2640 1143 2741 1195 hoc
2766 1155 2996 1196 mentem
3021 1153 3162 1194 tuam
3189 1153 3240 1195 et
3262 1157 3322 1194 os
3351 1154 3492 1195 tuum
3519 1156 3758 1194 vacare
3785 1151 3968 1192 exacta

2401 1234 2446 1286 si
2487 1247 2617 1285 vero
2657 1243 2872 1300 propter
2915 1233 3229 1285 locutionem
3253 1271 3270 1294 ,
3311 1235 3572 1299 scriptum
3623 1241 3720 1284 est
3757 1248 3772 1279 :
3823 1229 4000 1280 Damus

2402 1323 2494 1376 Dei
2539 1324 2731 1375 domus
2769 1323 3027 1374 orationis
3067 1324 3340 1375 vocabitur
3383 1321 3644 1391 (lculi.
3683 1336 3784 1373 xxi
3817 1328 3832 1384 )
3865 1338 3880 1380 ;
3912 1335 3986 1370 rio.

2400 1429 2530 1484 ergo
2562 1413 2738 1466 facere
2767 1427 2884 1465 eam
2914 1414 3218 1476 speluncam
3251 1413 3535 1464 latronum.

2470 1507 2599 1555 cite.
2635 1501 2813 1555 XLIII.
2844 1531 2911 1540 -—
2943 1502 3051 1554 Hoc
3090 1512 3263 1555 autem
3303 1512 3412 1556 erat
3457 1500 3874 1554 admiral-ibus
3899 1515 4004 1551 sau-

2401 1593 2622 1646 ctissimi
2655 1593 2812 1659 hujus
2837 1593 3150 1660 patriarcha:
3169 1635 3183 1655 ,
3211 1595 3458 1660 quoniam
3487 1608 3592 1645 nec
3621 1592 4004 1644 monachicam

746 1526 858 1564 Iura
891 1513 1142 1564 rationem
1178 1512 1494 1575 pervenerit,
1537 1525 1774 1562 seorsum
1805 1510 1870 1560 ab
1896 1523 1956 1560 ea
2005 1507 2173 1560 sancti
2204 1520 2299 1557 an-

744 1603 843 1664 geli
869 1601 1099 1664 stabunt,
1132 1610 1185 1652 et
1232 1615 1333 1653 nan
1385 1599 1708 1666 adjuvabunt
1754 1613 1871 1651 eam
1899 1598 1999 1650 nisi
2041 1599 2302 1649 bonitate:

746 1704 871 1742 sum.
907 1689 1029 1742 Ilmc
1077 1691 1414 1743 conuderans
1464 1691 1548 1742 hic
1595 1690 1802 1752 nobilis,
1862 1690 2170 1754 perterritus
2209 1703 2303 1754 pro

749 1779 836 1830 tali
871 1780 996 1830 hora
1028 1787 1080 1830 et
1109 1780 1362 1830 sollicitus
1384 1778 1546 1830 factus
1576 1787 1677 1840 est,
1707 1777 1885 1830 ferens
1913 1777 1964 1831 in
1991 1779 2300 1830 memoriant

2403 1686 2562 1736 vitam
2603 1683 2807 1736 ducens
2828 1725 2842 1746 ,
2874 1698 3047 1748 neque
3078 1687 3127 1736 in
3155 1687 3298 1736 clero
3334 1693 3576 1735 moratus
3625 1685 3688 1733 in
3733 1684 3998 1736 etdesia.

2403 1775 2497 1829 sed
2526 1785 2581 1828 et
2611 1773 2823 1828 femina
2863 1775 3096 1842 legitime
3137 1776 3334 1828 dudum
3378 1779 3726 1842 conjuncta:
3765 1774 3916 1828 εὲ-ῧί.
3949 1777 4002 1823 Eu

746 1880 794 1918 et
816 1870 982 1921 sancti
1010 1868 1287 1920 Hilarionis
1309 1870 1572 1936 eloquium
1600 1868 1746 1934 (l'iia
1777 1868 2150 1930 Hilarionix,c.
2169 1866 2262 1934 38'}
2287 1886 2303 1932 ;
2335 1859 2379 1918 Β
2410 1866 2575 1919 tenuit
2603 1866 2836 1934 vigorem
2863 1867 3103 1919 ecclesizc
3128 1868 3194 1918 ab
3219 1868 3331 1934 ipso
3359 1869 3512 1919 initio
3538 1881 3660 1931 quo
3699 1867 4000 1932 patriarcha

751 1957 870 2025 quia
897 1971 1015 2010 cum
1043 1972 1073 2011 e
1099 1959 1202 2009 vita
1232 1973 1538 2024 egressurus
1560 1967 1719 2019 eset,
1745 1956 2044 2010 formidavit
2092 1966 2146 2010 et
2169 1957 2302 2010 dixit

751 2045 939 2098 anima:
962 2060 1068 2098 suae
1098 2061 1113 2100 :
1147 2047 1254 2099 Oct'
1279 2049 1417 2114 ginta
1449 2063 1637 2110 annos,
1664 2065 1693 2098 o
1718 2048 1937 2100 humilis
1983 2049 2182 2111 anima,
2214 2049 2306 2100 ha-

751 2135 843 2188 bes
874 2138 1113 2188 serviens
1146 2136 1375 2200 Chri~to,
1408 2147 1460 2190 et
1492 2137 1640 2190 times
1660 2138 1837 2190 exire?
1864 2137 1980 2195 Exi,
2004 2136 2123 2204 quia
2145 2139 2304 2190 mise-

752 2225 917 2276 ricors
951 2234 1047 2278 est.
1075 2225 1135 2278 Et
1160 2227 1366 2278 dicebat
1411 2228 1506 2278 sibi
1541 2228 1832 2294 patriarcha
1860 2245 1871 2279 :
1900 2227 1952 2281 Si
1981 2228 2024 2279 is
2051 2229 2136 2294 qui
2161 2238 2296 2280 octo-

748 2317 891 2376 ginta
922 2332 1086 2369 annos
1116 2320 1334 2370 servivit
1381 2320 1612 2382 Christo,
1639 2330 1690 2372 et
1737 2330 1972 2374 mortuos
2009 2319 2307 2383 suscitavit,

750 2416 800 2457 et
825 2407 972 2475 signa
1005 2407 1141 2465 fecit.
1173 2408 1344 2460 t'muit
1370 2424 1597 2460 amaram
1619 2410 1760 2461 illam
1792 2410 1994 2472 horam,
2029 2409 2153 2478 quid
2212 2408 2305 2459 ha-

754 2499 843 2548 bes
871 2508 944 2558 lu,
972 2499 1181 2550 humilis
1210 2497 1462 2561 Ioannes,
1495 2499 1672 2553 dicere
1723 2510 1814 2552 aut
1858 2501 2031 2554 lacero
2052 2543 2066 2566 ,
2097 2501 2310 2568 quando

754 2585 1081 2637 obviaverint
1112 2587 1161 2638 in
1195 2586 1378 2639 faciem
1403 2596 1541 2640 tuam
1583 2589 1829 2641 crudeles
1859 2589 1933 2641 illi
1965 2599 2017 2641 et
2073 2591 2308 2642 immise-

760 2681 991 2733 ricordes
1010 2690 1282 2734 exactores
1306 2691 1358 2734 et
1384 2682 1750 2748 inquisitores?
1774 2683 1851 2736 Ad
1874 2692 2098 2750 quantos
2116 2684 2313 2747 poteris

761 2771 1017 2823 rationem
1049 2771 1289 2837 reddere,
1309 2771 1371 2822 ad
1395 2788 1484 2825 eos
1507 2774 1590 2839 qui
1621 2772 1906 2840 exquirunt
1930 2773 2214 2825 demenda
2241 2773 2311 2833 io,

759 2861 822 2914 ad
849 2875 940 2912 eos
959 2861 1043 2927 qui
1063 2862 1127 2914 de
1152 2862 1494 2925 detractione,
1516 2866 1576 2914 ad
1601 2879 1689 2916 cos
1706 2863 1790 2929 qui
1815 2862 1880 2917 de
1901 2863 2228 2926 crudelitate,
2248 2865 2310 2914 ad

759 2963 850 3001 eos
880 2951 964 3016 qui
997 2951 1060 3002 de
1089 2951 1329 3016 avaritia,
1361 2952 1423 3004 ad
1461 2967 1552 3006 eos
1576 2954 1659 3020 qui
1691 2954 1754 3006 de
1784 2956 2034 3007 memoria
2075 2953 2220 3018 mali,
2246 2954 2310 3004 ad

757 3055 849 3092 eos
883 3041 967 3107 qui
1023 3041 1090 3094 de
1118 3042 1259 3104 odio,
1291 3044 1354 3096 ad
1388 3059 1480 3096 eos
1517 3045 1600 3112 qui
1633 3045 1911 3109 exquirunt
1943 3046 2007 3099 de
2051 3045 2314 3113 pc'jnrio?

761 3131 824 3186 Et
885 3132 1215 3186 dementatus
1255 3134 1460 3186 dicebat
1512 3153 1522 3184 :
1570 3135 1705 3187 Deus
1739 3175 1752 3198 ,
1806 3145 1856 3187 tu
1920 3151 2010 3189 eos
2075 3136 2308 3199 iucre_a,

2411 1965 2758 2008 consecratus
2791 1965 2909 2018 cst,
2938 1957 3069 2009 etin
3101 1957 3257 2010 talem
3299 1957 3698 2010 sublimitatem
3748 1957 4002 2010 etaltaltfs

2408 2056 2488 2099 est
2507 2086 2522 2108 ,
2553 2055 2611 2097 ut
2639 2047 2831 2099 multos
2858 2048 3194 2100 eremitarum
3221 2060 3276 2100 et
3302 2048 3352 2100 in
3375 2058 3520 2102 arcta
3545 2051 3660 2100 vita
3693 2049 4001 2116 degentium

2407 2149 2702 2205 superaret.

2480 2228 2608 2281 Cn.
2644 2227 2824 2280 XLIV.
2855 2256 2924 2268 —
2959 2229 3147 2282 \‘olens
3176 2239 3348 2282 autem
3381 2244 3480 2282 nec
3509 2230 3678 2297 hujus
3717 2230 3853 2281 boni
3893 2243 3999 2280 esse

2413 2320 2662 2384 inexpers
2684 2358 2697 2378 ,
2751 2318 3004 2370 videlicet
3047 2318 3366 2371 monachica
3395 2322 3518 2371 vita:
3548 2331 3998 2372 conuenientia-

2413 2411 2528 2473 nis,
2576 2410 2754 2462 studet
2797 2423 2910 2462 rem
2959 2410 3159 2462 talem:
3213 2425 3538 2478 congregans
3593 2411 3748 2463 duos
3795 2411 3996 2462 ordines

2411 2511 2713 2554 sanctorum
2742 2500 3153 2562 monachorum,
3183 2501 3362 2554 statuit
3394 2503 3442 2553 in
3470 2502 3550 2554 eis
3595 2515 3831 2553 omnem
3873 2502 3994 2551 ti..-

2413 2602 2571 2645 tatem
2602 2591 2753 2644 tribui
2783 2591 2850 2644 de
2883 2591 3020 2644 villis
3047 2592 3156 2644 suis
3187 2591 3239 2642 in
3283 2591 3497 2644 civitate
3524 2606 3626 2643 sua
3659 2609 3672 2641 :
3703 2603 3764 2644 et
3812 2591 3994 2641 faciet:

2414 2685 2492 2737 eis
2520 2684 2739 2736 cellulas
2782 2684 2832 2735 in
2865 2682 3069 2735 duobus
3097 2683 3341 2735 oratoriis
3373 2681 3620 2735 Domina
3651 2693 3860 2734 nostra
3888 2695 3992 2731 επη-

2414 2785 2513 2826 ειῖε
2566 2774 2657 2826 Dei
2705 2773 3008 2840 genitricis,
3053 2781 3107 2824 ct
3143 2773 3308 2825 saneti
3349 2771 3610 2834 Joannis,
3653 2787 3780 2838 qua
3826 2772 3937 2838 ipse
3971 2785 3990 2820 ε

2412 2857 2766 2918 fundamentis
2813 2865 3196 2925 aadzlicaverat,
3228 2863 3410 2915 dicens
3451 2864 3858 2914 amantissimis
3899 2861 3988 2912 Der:

2416 2956 2690 3009 monachis
2722 2956 2792 3006 ita
2820 2971 2831 3004 :
2863 2953 2971 3022 Ego
3000 2963 3118 3020 post
3149 2951 3312 3006 Deum
3343 2952 3633 3005 utditazem
3665 2953 3987 3018 ccrporaicn

2415 3053 2646 3098 vestram
2687 3044 3015 3111 procumbo,
3059 3057 3154 3095 vos
3190 3052 3361 3094 autem
3405 3042 3713 3108 spiritualis
3756 3042 3986 3093 habet“:

2418 3148 2548 3186 meze
2589 3147 2770 3186 curam
2809 3131 3018 3185 salutis.
3067 3131 3376 3198 Vespertina
3417 3140 3472 3183 et
3513 3142 3786 3184 nocturna
3831 3133 3986 3197 Vigila

760 3234 879 3272 nam
941 3222 1111 3273 omnis
1152 3219 1400 3276 fortitudo
1460 3224 1730 3277 hominum
1788 3225 1866 3278 eis
1907 3227 2154 3278 resistere
2212 3242 2313 3277 non
2341 3210 2384 3268 (Σ
2420 3220 2698 3288 mihiapud
2720 3219 2881 3273 Deum
2906 3223 3222 3286 imputetur:
3252 3219 3505 3287 quidquid
3539 3235 3676 3271 vero
3711 3219 3764 3271 in
3797 3217 3983 3272 cellulis

761 3313 913 3364 valet.
973 3311 1083 3376 Tu,
1149 3314 1405 3380 Domine,
1452 3317 1515 3368 da
1580 3317 1731 3368 nobis
1791 3317 2037 3370 ducturcs
2108 3329 2319 3370 sanctus

759 3402 994 3469 angelos,
1039 3404 1122 3468 qui
1177 3405 1472 3459 custodiant
1536 3417 1586 3460 et
1610 3407 1903 3474 gubernent
1962 3422 2093 3472 nos;
2155 3411 2315 3460 multa

761 3494 899 3546 enim
966 3504 1045 3546 est
1101 3506 1278 3547 contra
1345 3513 1440 3552 nos
1490 3514 1670 3552 eorum
1713 3501 1936 3562 insania,
1977 3501 2171 3553 multus
2211 3510 2317 3553 tre—

766 3598 900 3646 mor,
931 3584 1124 3637 multus
1175 3587 1265 3638 tim
1291 3603 1347 3648 ιτ,
1386 3589 1601 3640 multum
1637 3589 1922 3655 periculum
1977 3588 2144 3657 pelagi
2179 3591 2317 3641 aeris

768 3673 947 3742 hujus.
975 3673 1029 3726 Si
1053 3677 1191 3728 eiiiin
1217 3677 1280 3728 de
1304 3678 1513 3729 civitate
1541 3693 1591 3730 in
1625 3681 1890 3732 civitatem
1932 3696 2093 3748 super
2123 3690 2315 3734 terram

765 3764 1114 3828 ambulantes,
1135 3767 1477 3831 deprecamur
1494 3781 1584 3819 eos
1607 3768 1692 3835 qui
1720 3769 1870 3822 nobis
1894 3771 2142 3823 ductores
2170 3782 2317 3838 sunt,

766 3869 832 3908 ne
860 3855 912 3908 in
937 3854 1221 3921 prmcipitia
1248 3855 1502 3907 cadamus
1529 3897 1542 3918 ,
1574 3867 1662 3909 aut
1691 3858 1740 3910 in
1787 3861 2073 3928 agrestium
2125 3861 2318 3914 bestia-

765 3961 878 3998 rum
905 3946 1042 4011 loca,
1072 3957 1162 3998 aut
1196 3947 1244 3999 in
1279 3947 1490 4000 flumina
1525 3947 1745 4011 infinita,
1779 3959 1869 4002 aut
1900 3951 1949 4003 in
1979 3951 2320 4004 inaccch-ibi-

748 4038 829 4091 les
881 4047 936 4089 et
987 4037 1166 4090 invios
1199 4046 1436 4100 montes,
1481 4045 1576 4089 aut
1605 4053 1659 4089 in
1698 4044 1975 4088 latronum
2007 4050 2202 4088 manus
2232 4045 2329 4087 aut

751 4131 803 4182 in
857 4145 1104 4183 eremum
1163 4127 1778 4196 incomprehensibilem
1842 4135 1936 4180 aut
1986 4126 2329 4195 inaquosam,

765 4222 818 4266 et
847 4227 1138 4277 pereamus.
1165 4217 1296 4276 Quot
1324 4216 1634 4267 ductoribus
1663 4216 1886 4270 fortibus
1915 4226 1967 4270 et
1995 4217 2188 4270 divinis
2228 4233 2318 4270 cu-

763 4303 998 4354 stodibus
1051 4319 1182 4368 Opus
1209 4307 1478 4369 habemus,
1513 4316 1789 4374 pergentes
1847 4309 1998 4375 longa
2029 4309 2110 4361 via
2142 4309 2238 4363 hac
2268 4321 2321 4365 et

763 4403 983 4455 aeterna,
1013 4395 1279 4456 videlicet,
1309 4410 1425 4462 qua:
1449 4410 1513 4450 ex
1545 4411 1766 4464 corpore
1793 4409 1874 4451 est
1891 4401 2148 4466 egressio,
2174 4409 2227 4453 et
2254 4401 2318 4451 ad

766 4482 958 4535 malum
1014 4483 1291 4536 ascensio?
1324 4487 1411 4537 lla.-
1438 4494 1560 4538 sunt
1598 4488 1853 4554 sapientia
1889 4491 2056 4555 plena:
2086 4491 2224 4543 beati
2253 4491 2315 4542 ad

765 4586 821 4624 se
846 4580 898 4624 et
925 4571 989 4624 ad
1027 4586 1212 4624 omnes
1260 4573 1544 4639 doctrinm;
1590 4577 1668 4628 ha:
1701 4587 1819 4628 sunt
1846 4579 1958 4644 ejus
2003 4579 2317 4646 quotidianae
2352 4557 2396 4615 θ

767 4679 908 4717 cura:
930 4672 1087 4724 atque
1119 4665 1504 4721 meditationes.

834 4752 959 4805 CAP.
1006 4752 1132 4805 XLI.
1168 4781 1236 4795 --
1263 4754 1472 4808 Multam
1504 4765 1674 4807 autem
1705 4766 1756 4808 et
1785 4757 1848 4810 de
1878 4771 2056 4809 saneta
2098 4760 2324 4812 statione

765 4857 948 4896 curam
976 4842 1232 4907 habebat,
1257 4854 1311 4898 et
1335 4846 1740 4900 sollicitudinem
1769 4850 2182 4901 demonstrabat.
2211 4849 2324 4903 Una

771 4934 912 4986 enim
943 4932 1149 4986 dictum
1179 4936 1362 4988 volens
1393 4938 1585 4989 multos
1609 4952 1849 4990 resecare
1870 4979 1884 5001 ,
1910 4948 1963 4990 ut
1989 4955 2088 4990 non
2113 4941 2325 5004 egrede-

769 5032 954 5077 rentur
982 5033 1102 5091 post
1127 5025 1438 5082 solutionem
1479 5027 1645 5079 sancti
1689 5028 1952 5094 Evangelii
1983 5028 2048 5080 de
2075 5028 2320 5089 ecclesia,

768 5121 823 5166 et
859 5113 1047 5167 otiosis
1087 5115 1420 5169 sermonibus
1463 5132 1556 5183 pro
1601 5118 1839 5170 oratione
1877 5127 2153 5180 vacarent,
2198 5117 2321 5184 quid

767 5203 926 5259 fecit?
954 5201 1184 5272 Reliquit
1209 5219 1326 5258 mox
1351 5248 1364 5271 ,
1414 5216 1688 5273 postquam
1721 5208 1910 5258 lectum
1960 5216 2041 5259 est
2087 5215 2322 5258 sanctum

769 5295 1106 5364 livangelium
1127 5334 1142 5359 ,
1174 5296 1454 5352 ecclesiam
1481 5315 1494 5361 ;
1526 5305 1580 5351 et
1607 5298 1718 5364 ipse
1748 5297 1907 5358 exiit,
1943 5306 1994 5349 et
2032 5297 2169 5348 sedit
2207 5310 2325 5348 cum

770 5386 942 5439 turba.
969 5387 1221 5440 Omnibus
1254 5403 1377 5442 vero
1401 5387 1832 5454 obstupentibus,
1857 5385 1988 5438 dixit
2010 5385 2075 5436 ad
2101 5398 2193 5438 eos
2213 5387 2322 5452 jus-

772 5485 894 5526 tus:
937 5474 1140 5540 Filioli,
1173 5476 1258 5529 ubi
1289 5491 1448 5540 oves,
1495 5477 1603 5528 illic
1644 5483 1697 5528 et
1738 5485 1933 5542 pastor.
1982 5477 2087 5526 Aut
2134 5475 2324 5527 intrate

776 5567 949 5630 intro,
980 5576 1034 5618 et
1064 5567 1419 5634 ingrcdiemur
1445 5582 1457 5629 ;
1489 5576 1576 5619 aut
1605 5575 1812 5620 manete
1843 5566 1924 5618 hic
1944 5607 1956 5627 ,
1989 5575 2042 5618 et
2084 5565 2169 5618 hic
2210 5579 2346 5616 ωτι--

775 5656 932 5710 nebo.
967 5656 1077 5726 Ego
1104 5667 1314 5724 pr0pter
1353 5671 1447 5711 vos
1486 5657 1752 5711 descendo
1790 5657 1840 5710 in
1879 5663 2113 5707 sanctam
2157 5653 2321 5704 cccle-

777 5747 937 5810 tiam.
973 5762 1093 5801 nam
1137 5757 1370 5816 poteram
1408 5748 1578 5803 facere
1617 5746 1854 5800 mihimet
1895 5747 2082 5800 missas
2125 5745 2174 5797 in
2215 5744 2323 5811 epi-

2424 3316 2613 3367 vestris
2638 3311 2797 3365 officii
2828 3311 3077 3374 feceritis,
3110 3327 3204 3379 pro
3235 3311 3423 3365 vestris
3449 3311 3520 3364 sit
3547 3311 3861 3364 animabus.
3893 3310 3984 3362 Hoc

2424 3415 2600 3458 autem
2630 3403 2785 3468 fecit,
2817 3405 3001 3458 volens
3027 3403 3359 3456 sollicitiores
3401 3402 3626 3456 efﬁcere
3673 3401 3770 3456 Dei
3806 3403 3983 3455 amicos

2424 3497 2736 3549 monachos.
2763 3495 2913 3550 Unde
2937 3506 2988 3548 et
3018 3495 3305 3561 permansit
3335 3494 3443 3546 Deo
3476 3495 3604 3546 talis
3633 3505 3784 3560 grata
3813 3495 3983 3547 consti-

2423 3590 2550 3639 tutio
2578 3586 2820 3639 ordinum
2847 3603 2862 3650 ;
2889 3595 2940 3639 et
2964 3586 3028 3638 ad
3056 3585 3446 3638 similitudinem
3474 3587 3800 3639 monasterii
3827 3601 3888 3638 ex
3917 3587 3980 3637 his

2422 3679 2614 3730 civitas
2653 3692 2786 3743 pene
2814 3677 2976 3740 vivit,
3027 3678 3079 3728 in
3105 3677 3330 3730 diversis
3360 3676 3490 3730 locis
3518 3677 3817 3746 pervigiles
3845 3678 3980 3746 Itym.

2422 3768 2606 3821 nodias
2634 3767 2744 3820 Deo
2772 3767 3026 3820 referens.

2492 3857 2620 3911 CAP.
2661 3855 2821 3910 XLV.
2854 3885 2919 3896 —-
2949 3855 3014 3908 Et
3044 3856 3142 3908 hoc
3169 3855 3355 3910 beatus
3382 3856 3480 3909 iste
3508 3856 3583 3909 ita
3614 3871 3816 3910 omnes
3845 3856 3980 3908 doce

2424 3947 2545 4012 bat,
2572 3955 2625 4000 et
2654 3947 3049 3999 contestabatur
3092 3944 3272 3998 dicens
3302 3962 3316 3998 :
3345 3943 3664 3998 Nullatenus
3705 3946 3979 4014 aliquando

2423 4041 2793 4095 haereticorum
2818 4039 3200 4092 communionis
3218 4077 3234 4098 ,
3265 4038 3368 4090 imo
3393 4038 3862 4105 coinquinationis
3883 4051 3981 4104 par-

2421 4129 2742 4198 ticipemini,
2768 4130 2928 4182 etiam
2959 4129 3004 4182 si
3055 4127 3199 4181 omni
3227 4129 3330 4179 vita
3360 4139 3532 4179 vesua
3562 4141 3634 4181 ex
3672 4128 3862 4194 aliqua
3899 4128 3978 4180 im-

2421 4222 2663 4289 pulsione
2713 4220 2795 4274 vel
2855 4219 3173 4272 necessitate
3223 4217 3654 4271 communionem
3709 4218 3978 4271 catholica

2426 4312 2683 4367 Ecclesia:
2728 4325 2832 4364 non
2878 4310 3235 4373 invenientes,
3284 4309 3399 4362 sine
3439 4310 3832 4363 communione
3880 4323 3981 4377 per-

2424 4405 2746 4460 manseritis.
2781 4401 2838 4457 Si
2869 4401 3009 4456 enim
3031 4442 3047 4466 ,
3076 4401 3188 4463 ait,
3225 4414 3442 4452 uxorem
3483 4401 3834 4463 corporalem
3877 4400 3983 4465 legi-

2427 4496 2550 4547 time
2577 4493 2929 4562 possidentes,
2957 4491 3008 4543 in
3037 4490 3249 4558 regione
3272 4488 3445 4554 aliqua
3472 4488 3762 4555 longinqua
3799 4489 3982 4551 absque

2422 4584 2520 4638 ista
2549 4593 2785 4648 tempore
2812 4579 2978 4633 multo
3000 4587 3300 4638 murantes,
3327 4575 3626 4643 relinquere
3653 4577 3802 4628 hanc
3832 4585 3888 4628 et
3915 4574 3981 4625 al'i

2421 4675 2690 4742 copulari,
2728 4686 2756 4724 a
2797 4671 2905 4724 Dco
2935 4678 2990 4722 et
3018 4669 3220 4735 legibus
3251 4666 3608 4735 prohibemur,
3641 4665 3687 4717 si
3721 4680 3860 4718 vero
3901 4666 3984 4714 hoc

2420 4763 2685 4832 egerimus
2707 4800 2722 4823 ,
2773 4759 3020 4826 punimur
3051 4774 3064 4819 ;
3103 4755 3366 4825 quomodo
3405 4764 3589 4819 putas,
3635 4752 3751 4806 Deo
3786 4768 3886 4818 per
3919 4767 3985 4803 re-

2425 4863 2560 4906 ctam
2605 4852 2759 4903 fidem
2798 4859 2853 4903 et
2886 4848 3197 4902 catholicam
3243 4845 3528 4898 Eccicsiam
3577 4845 3906 4910 conjuncti,
3943 4855 3984 4894 ut

2427 4943 2498 4996 ait
2529 4941 2846 5009 Apostolus:
2881 4938 3068 5006 Aptari
3098 4951 3190 4988 vos
3216 4936 3305 4988 uni
3331 4935 3445 4986 viro
3485 4934 3752 5002 virginem
3795 4945 3986 4986 castam

2427 5031 2679 5086 exhibere
2705 5027 2918 5082 Christo
2949 5027 3014 5096 (ll
3036 5025 3153 5077 Cor.
3178 5024 3258 5092 si)
3280 5067 3295 5092 ,
3326 5025 3370 5075 si
3397 5023 3756 5074 orthodoxam
3785 5034 3842 5075 et
3876 5037 3986 5076 san-

2431 5131 2533 5172 lum
2565 5118 2718 5170 fidem
2756 5115 3178 5168 adulteraveritis
3220 5128 3314 5180 per
3356 5113 3791 5164 communionem
3826 5112 3989 5165 haere-

2429 5211 2672 5273 ticorum,
2701 5221 2804 5260 non
2833 5205 2885 5258 in
2917 5207 3089 5257 futuro
3117 5201 3312 5255 seculo
3341 5202 3609 5264 tormenti,
3637 5203 3786 5267 quod
3806 5215 3987 5269 exspe.

2429 5305 2536 5350 ctat
2583 5296 2894 5358 hereticos,
2930 5295 3130 5346 erimus
3169 5291 3288 5344 facti
3315 5290 3637 5358 participes?
3668 5290 3986 5344 Communia

2432 5389 2571 5443 enim
2593 5431 2608 5453 ,
2636 5387 2739 5450 ait,
2772 5385 2890 5439 ideo
2919 5384 3132 5449 dicitur,
3167 5396 3230 5436 eo
3259 5382 3396 5450 quod
3422 5397 3766 5436 communem
3800 5381 3982 5444 faciat,

2430 5488 2481 5531 et
2526 5477 2700 5530 firmet
2742 5473 3218 5528 communicantem
3267 5471 3454 5536 quibus
3493 5473 3876 5526 communicat.
3918 5473 3987 5525 Ne

2431 5568 2606 5635 igitur,
2638 5579 2848 5632 quaaso,
2891 5563 2994 5626 ait,
3031 5579 3064 5616 o
3103 5561 3230 5624 filii,
3271 5561 3572 5628 hujusmodi
3609 5565 3868 5618 oratoriis
3905 5580 3986 5632 ap-

2432 5656 2652 5723 plicetis.

2503 5745 2628 5798 CAP.
2675 5741 2850 5795 XLVI.
2897 5771 2961 5781 —
3003 5737 3132 5795 Cum
3172 5742 3414 5796 omnibus
3454 5741 3606 5796 bonis
3647 5743 3758 5798 suis
3798 5754 3850 5800 et
3895 5745 3982 5799 hoc
