4118 6432
164 392 299 447 IGES

1100 389 1256 445 \‘ITA
1299 387 1539 443 SANCTI
1578 385 1849 443 JOANNIS
1888 385 2435 443 ELF'EP’DSYNAIHI

3230 397 3362 453 ιδετ

155 510 345 563 beatus
382 506 467 560 hic
505 503 837 574 possidebat,
877 502 1015 571 quod
1056 504 1074 572 (
1104 512 1159 555 ut
1197 503 1393 557 dictum
1435 512 1517 557 est
1546 501 1565 571 )
1605 516 1709 555 non
1740 501 1788 561 Α
1814 512 1933 553 sunt
1960 516 2068 555 ean"
2092 501 2564 580 ,gabrenuntiantes
2592 502 2787 557 mundo
2808 547 2820 568 ,
2855 518 2972 559 cum
3002 518 3061 558 ea
3091 517 3368 576 pergentes

157 602 546 653 condemnaret
574 597 868 665 proximum
888 635 902 659 ,
935 609 1031 648 nec
1059 596 1472 648 condemnantes
1514 594 1716 659 recipe-

160 698 264 742 ret.
301 687 484 742 Dicam
517 700 644 741 vero
670 696 721 740 et
751 685 866 753 ejus
900 684 1191 738 doctrinam
1233 684 1299 737 de
1338 697 1437 736 nos
1472 683 1718 737 omnibus

157 784 499 850 proficuam:
559 779 774 833 invenis
829 778 1040 845 quidam
1093 791 1303 829 ramea:
1356 776 1668 829 monacham
1701 815 1715 838 ,

156 873 292 938 fugit
343 869 881 937 Constantinopolim.
925 865 1035 919 lloc
1052 864 1261 922 discens
1302 871 1506 933 gustus,
1553 864 1719 917 tristis

157 961 333 1016 factus
369 970 449 1016 est
487 975 656 1027 usque
690 958 756 1011 ad
802 965 1041 1010 mortem.
1079 955 1341 1022 Tempore
1381 967 1507 1007 vero
1544 953 1719 1019 aliquo

159 1059 460 1114 transacto,
490 1049 812 1103 eonsedente
840 1064 906 1103 eo
935 1062 1034 1101 una
1078 1048 1278 1101 dierum
1320 1046 1373 1098 in
1421 1042 1717 1098 honorabili

160 1142 515 1198 cimiliarchio
554 1157 672 1197 cum
710 1140 1021 1209 quibusdam
1060 1139 1301 1197 clericis,
1331 1145 1386 1189 et
1422 1148 1718 1189 sermonem

156 1242 358 1296 animm
387 1242 565 1294 utilem
597 1248 841 1293 movente
860 1280 874 1298 ,
905 1239 1047 1292 venit
1077 1237 1129 1290 in
1159 1236 1387 1288 medium
1427 1242 1481 1286 et
1521 1245 1721 1286 memo-

159 1335 246 1387 ria
276 1336 482 1401 juvenis
511 1332 596 1398 qui
626 1331 866 1383 ancillam
898 1329 987 1381 Dei
1034 1336 1310 1395 rapuerat,
1353 1335 1405 1378 et
1446 1332 1720 1391 cmperunt

160 1424 256 1487 qui
298 1430 481 1474 sancto
518 1419 861 1473 considebant
894 1417 1343 1470 anathematizare
1382 1416 1536 1467 talem
1574 1415 1721 1482 juve—

160 1527 327 1577 nem,
374 1520 621 1578 tanquam
666 1509 752 1575 qui
793 1509 923 1561 duas
973 1509 1175 1560 animas
1208 1506 1538 1575 perdiderat,
1569 1520 1719 1558 suam

160 1603 412 1654 videlicet
447 1607 499 1651 ct
528 1597 964 1652 sanctimonialis.
991 1596 1325 1664 Compescnit
1347 1609 1471 1660 ergo
1498 1602 1549 1646 et
1579 1607 1726 1646 rese-.

165 1694 308 1745 cavit
337 1706 431 1743 eos
458 1692 670 1753 beatus,
704 1689 884 1743 dicens
911 1706 925 1743 :
953 1687 1030 1741 Ne
1058 1687 1135 1741 sic
1154 1729 1169 1753 ,
1204 1685 1293 1739 lilii
1314 1725 1327 1747 .
1361 1699 1426 1738 ne
1453 1684 1568 1748 sic;
1600 1696 1719 1735 nam

163 1781 447 1834 ostendam
494 1780 645 1833 vobis
691 1784 810 1845 quia
858 1787 911 1831 et
960 1793 1053 1830 vos
1099 1776 1205 1830 duo
1256 1782 1465 1843 peccata
1511 1774 1717 1827 facitis:

1824 591 1874 642 in
1906 593 2280 645 monasterium
2320 593 2452 659 ejus.
2494 592 2691 646 Servus
2728 595 2867 648 enim
2910 594 3003 648 Dei
3048 596 3371 665 monachus,

1817 682 1904 749 qui
1936 684 2232 736 tetenderat
2279 699 2433 749 eam,
2476 695 2750 753 postquam
2790 687 3047 741 satisfecit
3087 688 3366 752 omnibus,

1819 774 2031 827 tradidit
2058 776 2162 828 Deo
2190 774 2428 843 spiritum
2460 778 2512 829 in
2545 791 2689 843 pace.
2723 777 2843 831 Ideo
2863 821 2876 841 ,
2906 777 3095 846 inquit,
3131 779 3252 833 dico
3278 795 3371 832 vo-

1817 865 1933 929 bis,
1978 864 2067 919 filii
2091 904 2106 930 ,
2152 880 2218 920 ne
2258 866 2553 934 praecipites
2594 867 2661 920 ad
2700 868 3099 921 condemnanda
3140 878 3192 922 et
3232 866 3373 935 judi-

1818 954 1981 1031 cauda
2011 955 2127 1007 sitis
2154 956 2345 1008 aliena.
2381 955 2642 1010 Multotics
2667 959 2809 1010 enim
2842 968 3112 1024 peceatum
3142 956 3369 1011 fornica-

1822 1043 1983 1096 tionis
2011 1044 2270 1109 vidimus,
2311 1044 2673 1110 posnitentiam
2704 1061 2828 1101 vero
2866 1046 2980 1114 ejus
3003 1086 3016 1109 ,
3058 1060 3214 1112 quam
3255 1048 3375 1100 fecit

1819 1136 2025 1189 occulte
2046 1176 2059 1197 ,
2094 1149 2197 1189 non
2229 1137 2550 1204 aspeximus.
2584 1136 2650 1190 Et
2676 1146 2758 1192 est
2785 1140 2906 1207 quia
2947 1141 3142 1192 furtum
3185 1139 3373 1193 facien-

1822 1233 1923 1278 tem
1966 1226 2242 1293 quemdam
2282 1226 2541 1291 vidimus,
2576 1228 2799 1294 suspiria
2849 1244 2973 1281 vero
3021 1242 3075 1283 et
3114 1232 3375 1298 lacrymas

1819 1330 1949 1382 quas
1978 1316 2226 1384 produxit
2257 1317 2366 1372 Deo
2393 1320 2678 1372 nescimus.
2722 1318 2784 1372 Et
2828 1335 2926 1373 nos
2964 1322 3175 1387 quidem
3216 1322 3377 1375 habe-

1820 1419 1937 1457 mus
1964 1420 2086 1457 eum
2118 1406 2329 1474 qualem
2360 1406 2589 1461 vidimus
2617 1408 2765 1461 illum
2791 1452 2807 1476 ,
2849 1409 3016 1462 forent
3039 1450 3054 1471 ,
3095 1421 3179 1462 aut
3219 1411 3378 1464 forni-

1818 1503 2052 1548 catorem
2072 1534 2086 1558 ,
2121 1503 2213 1549 aut
2240 1495 2507 1565 pcrjurum
2532 1498 2700 1567 ;apud
2728 1498 2891 1553 Deum
2918 1514 3043 1554 vero
3067 1512 3271 1567 recepta
3294 1510 3377 1554 est

1818 1586 2020 1639 occulta
2047 1587 2161 1657 ejus
2186 1587 2452 1643 confessio
2477 1600 2533 1644 et
2558 1591 2868 1659 poenitentia
2892 1632 2907 1655 ,
2948 1601 3003 1646 et
3042 1601 3124 1646 est
3162 1593 3228 1645 ab
3266 1592 3382 1659 ipso

1823 1678 2108 1746 pretiosus.
2134 1678 2331 1734 Omnes
2355 1680 2514 1750 igitur
2541 1680 2938 1735 admirabantur
2966 1698 3124 1751 super
3144 1684 3380 1738 doctrina

1821 1768 2067 1823 industrii
2094 1769 2324 1837 pastoris
2352 1771 2506 1836 hujus
2530 1781 2688 1839 atque
2716 1774 2970 1841 magistri.

154 1885 325 1923 unum
350 1912 365 1935 ,
424 1871 548 1937 quia
602 1867 1034 1934 transgredimini
1086 1864 1388 1919 mandatum
1441 1863 1709 1917 dicentis:
1752 1859 1795 1919 Β
1889 1857 2016 1913 Car.
2057 1859 2263 1915 XLVII.
2308 1888 2379 1901 ——
2421 1859 2634 1913 Duobus
2669 1862 2877 1915 clericis
2918 1863 3270 1915 calceamenta
3303 1861 3378 1913 fa-

153 1962 334 2015 Nolite
356 1961 612 2027 judicare,
637 1968 693 2012 nt
718 1974 822 2012 non
848 1956 1155 2026 judicemini
1176 1954 1387 2026 (Matth.
1412 1956 1502 2021 vn)
1529 1971 1543 2019 ;
1568 1953 1718 2007 dein-

150 2052 226 2105 de
249 2092 263 2115 ,
295 2051 417 2118 quia
447 2049 662 2102 nescitis
691 2047 887 2102 certius
916 2047 962 2101 si
992 2062 1157 2114 usque
1188 2045 1343 2099 booie
1385 2050 1637 2113 peccent,
1667 2049 1722 2096 et

152 2157 265 2194 non
295 2140 602 2203 pteniteant.
1417 2176 1429 2192 ι

229 2228 355 2298 Legi
404 2229 541 2282 enim
586 2231 744 2282 vitam
791 2226 964 2281 Patris
1009 2226 1207 2294 aliquid
1252 2225 1354 2279 tale
1397 2224 1718 2278 habentem:

153 2320 281 2389 quia
335 2320 387 2375 in
434 2320 648 2374 civitate
686 2320 914 2387 quadam
959 2319 1064 2372 duo
1101 2316 1345 2371 manachi
1385 2314 1628 2368 abierunt
1666 2313 1721 2369 in

156 2411 535 2463 ministerium.
570 2410 633 2462 Et
661 2423 778 2461 cum
812 2408 1061 2460 transiret
1090 2422 1226 2461 unus
1259 2421 1350 2472 rer
1379 2411 1579 2465 locum.
1612 2404 1723 2458 cla-

158 2499 338 2553 mabat
364 2501 408 2551 ei
440 2513 541 2551 una
571 2498 875 2563 fornicaria,
908 2497 1123 2550 dicens:
1154 2497 1305 2549 Salva
1331 2510 1434 2557 me,
1462 2493 1636 2555 Pater,
1663 2500 1721 2546 ut

156 2592 408 2643 Christus
448 2589 803 2642 meretricem.
844 2588 938 2641 llle
970 2601 1098 2641 vero
1140 2587 1408 2638 hominum
1451 2583 1719 2636 confusio-

164 2694 288 2732 nem
356 2680 579 2733 omnino
632 2696 739 2735 non
812 2692 1051 2745 curans,
1171 2675 1303 2728 dixit
1344 2676 1438 2727 ei:
1488 2674 1721 2740 Sequere

161 2783 271 2821 me.
303 2768 362 2820 Et
390 2775 574 2820 tenens
617 2782 734 2820 eam
777 2781 871 2831 per
909 2781 1120 2818 manum
1161 2765 1275 2832 ejus
1298 2804 1313 2827 ,
1350 2766 1477 2818 exiit
1516 2764 1722 2831 publice

161 2856 232 2909 de
258 2856 508 2918 civitate,
549 2855 795 2908 omnibus
834 2854 1231 2921 aspicientibus.
1276 2853 1433 2906 Facta
1474 2861 1555 2905 est
1594 2865 1722 2920 ergo

162 2945 298 2998 fama
344 2947 462 3012 quia
504 2946 666 2998 abbas
712 2946 916 3012 accepit
957 2945 1234 2997 mulierem
1280 2942 1526 2995 domnam
1585 2940 1719 2995 I’or-

164 3038 406 3105 phyriam
438 3037 552 3106 (ita
581 3037 722 3090 enim
763 3036 1048 3089 vocabatur
1086 3034 1333 3099 mulier).
1380 3032 1722 3099 Pergentibus

164 3140 297 3195 ergo
326 3120 434 3197 eis,
463 3133 521 3177 ut
546 3125 781 3177 mitteret
809 3138 925 3177 eam
967 3124 1019 3176 in
1064 3125 1443 3175 monasterium
1465 3161 1480 3180 ,
1524 3120 1721 3173 invenit

167 3216 360 3268 mulier
389 3215 440 3266 in
468 3228 569 3267 una
594 3214 817 3267 ecclesia
846 3227 1066 3280 puerum
1097 3210 1149 3264 iu
1182 3224 1376 3264 terram
1408 3212 1723 3275 projectum,

166 3313 215 3360 et
249 3304 464 3357 sustulit
489 3318 608 3356 eum
641 3311 696 3353 ut
724 3303 945 3354 nutriret
979 3300 1147 3351 illum.
1178 3308 1356 3363 Itaque
1388 3308 1506 3364 post
1530 3311 1724 3349 annum

168 3391 379 3458 quidam
410 3400 668 3443 venerunt
698 3390 751 3441 in
781 3389 1000 3460 patriam
1019 3429 1034 3451 ,
1068 3390 1154 3440 uni
1182 3396 1296 3441 erat
1323 3388 1489 3439 abitas
1516 3401 1568 3438 ei
1598 3399 1727 3439 rur-

170 3482 351 3547 phyria
378 3520 390 3539 .
443 3494 559 3546 quae
608 3480 779 3531 fuerat
824 3481 891 3532 de
935 3478 1336 3530 meretricibus:
1384 3492 1435 3528 et
1484 3476 1725 3529 trudentes

165 3583 285 3622 eam
316 3570 511 3622 habere
536 3570 811 3635 puerulum
830 3606 844 3629 ,
874 3568 1054 3620 dicunt
1080 3568 1127 3619 ei
1156 3584 1170 3618 :
1220 3568 1492 3620 Veractter
1529 3567 1722 3619 bonum

169 3660 346 3710 albati
378 3659 574 3725 pullum
603 3657 851 3725 genuisti.
881 3656 1119 3709 Nondum
1144 3656 1285 3710 enim
1310 3666 1550 3709 sanctum
1576 3657 1727 3709 sche-

170 3764 255 3821 ma
283 3758 580 3815 accepetat.
614 3749 812 3801 Euntes
838 3763 965 3815 ergo
994 3748 1191 3819 Tyrum
1226 3747 1312 3815 qui
1344 3746 1583 3799 viderant
1610 3762 1725 3800 eam

165 3840 333 3907 (inde
379 3838 518 3892 enim
564 3839 725 3891 abbas
774 3838 961 3890 tulerat
1001 3826 1220 3904 illam),
1277 3835 1719 3905 diﬂamaverunt,

165 3930 286 3994 quia
332 3930 514 3993 genuit
557 3927 623 3980 de
666 3927 856 3979 abbate
902 3927 1218 3995 I’urpbyria,
1267 3934 1320 3980 et
1358 3938 1457 3978 nos
1497 3926 1722 3978 vidimus

168 4016 444 4082 puerulum
472 4017 643 4067 oculis
672 4018 866 4068 nostris
894 4015 1211 4069 similantem
1238 4015 1308 4068 ei.
1339 4013 1562 4077 Quando
1591 4030 1719 4082 ergo

166 4107 411 4173 cogitavit
434 4122 497 4158 ex
532 4106 641 4157 Deo
682 4106 846 4157 abbas
886 4105 1087 4157 obitum
1128 4118 1319 4168 suum;
1362 4103 1494 4157 dicit
1539 4118 1726 4159 nonnae

168 4195 425 4264 Pelagiae,
456 4194 532 4247 sic
558 4195 700 4246 enim
731 4196 951 4246 mutavit
980 4208 1171 4247 nomen
1199 4196 1343 4260 ejus,
1377 4193 1586 4262 quando
1616 4204 1725 4246 tra—

166 4286 305 4337 didit
331 4284 379 4337 ei
416 4289 655 4337 sanctum
688 4285 901 4337 schema
933 4300 948 4335 :
979 4285 1173 4337 Eamus
1212 4284 1408 4353 Tyrum
1429 4324 1443 4346 ,
1487 4285 1603 4352 quia
1628 4285 1723 4336 ha-

172 4374 411 4427 heo'illle
440 4387 748 4440 responsum
776 4414 791 4436 ,
820 4383 872 4425 et
900 4373 1021 4425 volo
1048 4380 1106 4424 ut
1134 4372 1318 4425 venias
1359 4388 1587 4426 mecum.
1630 4371 1724 4425 Illa

168 4480 298 4517 vero
327 4479 427 4516 non
459 4465 637 4516 vah-ns
663 4462 1025 4517 contradicere
1052 4464 1099 4517 ei
1123 4502 1139 4527 ,
1169 4472 1347 4516 secuta
1376 4472 1457 4516 est
1481 4477 1601 4517 eum
1629 4478 1643 4514 :
1674 4470 1727 4515 et

1820 1949 2116 2012 cientibus,
2165 1957 2220 2003 et
2257 1950 2408 2019 juxta
2455 1963 2514 2003 se
2553 1950 2949 2017 laborantibus,
2994 1967 3130 2005 unus
3167 1952 3379 2019 quidem

1823 2038 2052 2093 habebat
2079 2038 2218 2093 filios
2249 2041 2467 2105 multos,
2491 2048 2544 2094 et
2572 2054 2787 2093 uxorem
2806 2080 2821 2105 ,
2849 2049 2903 2094 et
2932 2049 3163 2108 patrem.
3194 2051 3249 2094 et
3274 2055 3381 2093 ma-

1821 2139 1955 2185 trem
1985 2149 1999 2186 :
2029 2133 2253 2185 vacabat
2286 2146 2412 2187 vero
2438 2132 2679 2187 ecclesia:
2712 2132 2833 2187 sine
2870 2132 3290 2197 intermissione,
3330 2143 3379 2186 et

1820 2238 2005 2278 omnes
2053 2233 2174 2293 post
2214 2222 2378 2277 Deum
2422 2223 2595 2278 alebat
2637 2223 2704 2278 de
2745 2232 2858 2279 arte
2906 2238 3019 2278 sua.
3065 2224 3212 2277 Alter
3254 2238 3383 2277 vero

1821 2314 2060 2382 quamvis
2085 2313 2289 2367 doctior
2312 2320 2453 2368 esset
2482 2313 2605 2377 illo,
2634 2327 2699 2368 eo
2728 2313 2865 2381 quod
2903 2327 3007 2365 non
3048 2322 3382 2379 permaneret

1824 2406 1874 2459 in
1908 2406 2164 2469 ecclesia,
2207 2406 2301 2460 sed
2338 2406 2495 2459 etiam
2536 2405 2825 2459 Dominicis
2862 2404 3048 2458 diebus
3080 2404 3377 2466 laboraret,

1822 2510 1920 2550 nec
1948 2496 2179 2565 seipsum
2208 2504 2411 2550 tantum
2441 2496 2645 2550 nutrire
2672 2494 2907 2548 valebat.
2950 2494 3222 2547 Invidebat
3255 2507 3382 2561 ergo

1824 2587 1923 2640 iste
1950 2587 2124 2639 vicino
2149 2599 2265 2639 suo.
2300 2587 2363 2639 Et
2392 2602 2495 2639 una
2528 2586 2641 2639 vice
2669 2600 2773 2639 non
2804 2584 3064 2639 suﬂ‘erens
3090 2583 3339 2637 invidiam
3364 2625 3379 2646 ,

1822 2678 1951 2731 dicit
1978 2677 2026 2731 ei
2059 2692 2179 2731 cum
2214 2676 2287 2730 ira
2315 2692 2330 2731 :
2365 2676 2514 2731 Unde
2545 2686 2599 2729 tu
2628 2677 2704 2730 sic
2733 2676 2883 2729 dives
2925 2674 3094 2729 factus
3132 2674 3234 2726 es?
3273 2672 3383 2740 Ego

1821 2781 1949 2820 vero
1978 2780 2171 2820 vacans
2202 2766 2319 2835 plus
2350 2766 2449 2820 arti
2480 2780 2613 2820 mea:
2642 2780 2798 2835 quam
2826 2775 2880 2817 tu
2902 2805 2915 2827 ,
2942 2763 2993 2816 in
3021 2772 3381 2833 paupertatem

1821 2856 2027 2910 deveni.
2065 2855 2198 2909 Dicit
2225 2870 2350 2910 vero
2378 2856 2425 2909 ei
2448 2896 2461 2917 ,
2493 2856 2679 2909 volens
2722 2854 2895 2907 facere
2934 2866 3054 2907 eum
3082 2865 3269 2905 vacare
3297 2865 3384 2904 eo.

1822 2946 2001 2997 clesite
2026 2963 2037 2994 :
2063 2945 2292 3009 Invenio
2326 2945 2548 3012 pretium
2582 2944 2632 2996 in
2662 2953 2838 3007 terra,
2882 2951 2938 2997 et
2974 2943 3094 3005 inde
3133 2942 3381 3009 paulatim

1822 3035 1973 3088 dives
2004 3034 2173 3088 factus
2201 3048 2316 3088 sum
2342 3052 2356 3097 ;
2387 3034 2479 3087 sed
2503 3035 2548 3087 si
2572 3036 2679 3097 vis,
2700 3047 2907 3101 semper
2932 3047 3061 3085 voco
3087 3040 3164 3097 te,
3190 3043 3243 3084 et
3264 3033 3382 3085 veni

1822 3138 2029 3179 mecum
2052 3134 2140 3203 ;‘et
2166 3125 2416 3192 quidquid
2442 3125 2823 3186 invenerimus,
2846 3123 3073 3189 accipies
3089 3123 3382 3175 dimidium.

1751 3208 1798 3270 C
1824 3214 1959 3266 Cum
1985 3202 2111 3279 ergo
2135 3214 2497 3281 acquiesceret
2529 3214 2645 3268 ille.
2676 3222 2731 3264 et
2764 3221 3072 3280 sequeretur
3108 3226 3227 3266 eum
3257 3227 3383 3264 eun-

1828 3316 1933 3357 tem
1972 3306 2038 3357 ad
2080 3305 2360 3359 ecclesiam
2385 3346 2398 3364 ,
2443 3305 2557 3358 sine
2594 3306 2990 3359 intermissione
3033 3305 3299 3358 benedixit
3336 3305 3384 3356 ei

1828 3397 1991 3451 Deus.
2025 3405 2079 3450 et
2104 3396 2320 3449 divitem
2356 3396 2485 3451 fecit
2511 3412 2655 3450 eum.
2688 3396 2834 3449 Tunc
2866 3397 2997 3449 dixit
3026 3397 3073 3449 ei
3104 3396 3190 3450 ille
3222 3398 3384 3449 bonus

1825 3486 2189 3539 consiliarius:
2228 3488 2408 3539 Vidisti
2432 3529 2447 3547 ,
2482 3487 2663 3547 frater,
2698 3502 2858 3539 unum
2890 3485 3223 3539 mendacium
3268 3501 3385 3547 ιιι-οη

1827 3587 1943 3639 pter
1975 3577 2138 3629 Deum
2174 3575 2287 3637 (88i
2312 3618 2321 3627 .
2354 3586 2603 3644 quantum
2632 3576 2825 3643 profuit
2852 3591 3041 3629 ammte
3070 3587 3168 3627 tum
3190 3586 3242 3629 et
3264 3576 3385 3627 sub-

1823 3666 2033 3718 stantias
2067 3677 2205 3718 tum:
2233 3665 2434 3727 Crede,
2466 3665 2594 3719 nihil
2638 3665 2968 3719 inveniebam
3012 3664 3295 3730 aliquando
3333 3665 3384 3716 in

1826 3766 1997 3819 terra,
2026 3767 2083 3810 ut
2107 3758 2376 3809 mstitnasu
2409 3758 2571 3823 gratia
2602 3757 2751 3821 pretii
2779 3774 2791 3815 τ
2833 3757 2924 3809 sed
2964 3756 3214 3819 quoniam
3255 3754 3383 3808 dixit.

1826 3844 2079 3899 Dominus
2108 3863 2118 3897 :
2155 3846 2385 3912 Qua-rite
2413 3847 2639 3913 primum
2668 3861 2886 3914 regnum
2923 3845 3012 3900 Dei
3047 3856 3100 3900 et
3126 3846 3379 3912 justitian-

1825 3933 1940 4001 ejus
1959 3976 1973 4000 ,
2019 3944 2075 3990 et
2118 3935 2231 3987 haec
2258 3935 2432 3987 omnia
2460 3933 2775 4001 adjicientur
2806 3934 2954 3988 vobis
2984 3938 2999 3999 (
3033 3933 3213 3986 Matth.
3247 3949 3298 3986 \‘l
3324 3936 3339 4001 )
3367 3952 3381 3998 ζ

1826 4026 2028 4079 idcirco
2076 4025 2409 4077 occasionem
2457 4024 2592 4091 feci,
2624 4032 2826 4077 tantum
2858 4035 2917 4079 ut
2958 4024 3263 4078 seducercm
3296 4033 3385 4088 te;

1827 4126 1882 4171 et
1930 4131 2057 4171 ecce
2098 4132 2200 4168 non
2240 4118 2355 4170 sine
2393 4130 2550 4170 causa
2590 4116 2855 4180 laboravi,
2888 4116 2982 4169 sed
3029 4115 3270 4170 invenisti
3294 4158 3307 4176 .
3337 4127 3387 4167 et

1830 4210 2262 4273 superinvenisti.
2310 4209 2420 4261 Hoc
2469 4208 2629 4277 igitur
2672 4208 2885 4261 discens
2920 4218 3131 4260 sanctus
3169 4207 3389 4275 patriar-

1826 4301 1960 4369 cha,
1996 4300 2119 4353 fecit
2162 4300 2305 4352 illum
2351 4301 2546 4352 bonum
2588 4296 2949 4352 consiliarium
2992 4297 3384 4367 presbyterum,

1829 4397 2093 4453 tamquam
2126 4388 2339 4453 dignum
2368 4404 2382 4451 ;
2410 4395 2525 4441 erat
2550 4386 2693 4439 enim
2725 4387 2905 4439 lector.

1896 4474 2027 4529 CAP.
2057 4476 2283 4529 XLVIII.
2313 4505 2380 4516 —-
2415 4475 2478 4527 Et
2504 4475 2713 4544 quidem
2746 4473 3000 4528 hactenus
3035 4484 3157 4524 ante
3186 4485 3386 4521 inemo-

168 4563 428 4607 venerunt
456 4555 611 4605 ambo
635 4595 649 4616 ,
694 4553 947 4607 habentes
987 4562 1040 4606 ct
1078 4553 1353 4622 puerulum
1390 4564 1591 4621 septem
1629 4567 1721 4606 an-

1833 4574 1976 4621 ratus
2028 4568 2119 4618 Dei
2162 4568 2335 4619 cultor
2386 4566 2634 4629 Mennas,
2681 4565 2769 4633 qui
2818 4562 2989 4616 fuerat
3032 4561 3388 4613 vieedouiinus

170 4660 359 4697 norum
401 4644 735 4697 existentem.
776 4643 907 4697 Cum
951 4659 1078 4711 ergo
1120 4653 1425 4712 mgrotaaset
1460 4644 1621 4696 abbas
1670 4644 1722 4696 in

168 4733 323 4787 infirn
347 4734 472 4787 itate
496 4733 560 4785 ad
589 4743 810 4785 mortem
830 4771 848 4798 ,
872 4735 1220 4787 ascenderunt
1263 4733 1330 4786 ad
1370 4734 1722 4786 visitationem

165 4823 284 4888 ejus
308 4822 375 4874 de
398 4822 609 4875 civitate
640 4837 804 4889 usque
829 4825 893 4876 ad
932 4835 1142 4877 centum
1187 4823 1411 4875 animas.
1458 4824 1518 4875 Et
1556 4823 1722 4877 dicit:

167 4910 366 4965 Aderte
406 4927 619 4979 prunas.
651 4913 829 4980 Itaque
856 4930 973 4967 cum
1004 4914 1230 4967 venisset
1262 4913 1580 4967 tburibulum
1610 4912 1723 4981 (87)

169 5003 383 5070 plenum
424 5005 643 5070 prunis,
678 5006 795 5056 tulit
829 5014 882 5056 et
916 5005 1185 5057 evacuavit
1223 5019 1312 5057 cas
1353 5005 1404 5055 in
1444 5004 1725 5056 veSIimen-

170 5101 279 5146 tum
305 5107 476 5157 suum,
508 5104 561 5146 et
586 5094 720 5146 dixit
744 5112 756 5145 :
784 5092 1012 5157 Credite,
1041 5095 1248 5159 fratres,
1277 5095 1395 5158 quia
1424 5093 1559 5147 sicut
1590 5092 1726 5146 Deus

172 5184 363 5236 ruhlnt
414 5186 694 5237 custodivit
733 5186 1118 5237 ineombustum
1158 5184 1225 5236 ab
1264 5185 1412 5252 igne,
1455 5186 1589 5235 sicut
1631 5198 1727 5236 nec

172 5273 403 5325 tunicam
447 5274 583 5327 hanc
625 5289 795 5328 meam
843 5274 1187 5327 incenderunt
1234 5289 1415 5342 pruna:
1462 5274 1607 5336 istte,
1655 5274 1722 5325 ita

169 5374 277 5418 nec
324 5376 421 5430 ego
467 5364 657 5431 agnovi
708 5373 977 5431 peccatum
1018 5364 1285 5427 mulieris,
1325 5377 1389 5416 ex
1429 5377 1533 5430 quo
1571 5371 1714 5417 natus

164 5466 309 5505 sum.
342 5454 404 5507 Et
432 5468 617 5508 omnes
645 5455 819 5509 mirati
854 5465 1009 5519 sunt,
1056 5456 1321 5524 quomodo
1360 5470 1463 5508 non
1503 5456 1723 5508 ardebat

168 5544 541 5598 vestimentum
570 5544 636 5598 ab
664 5546 820 5612 igne;
863 5554 915 5599 et
951 5546 1379 5611 glorificaverunt
1421 5545 1583 5597 Deum
1629 5544 1722 5597 ha-

170 5630 384 5686 bentem
410 5635 643 5688 occultos
673 5649 877 5690 set-vos.
911 5636 984 5689 Ex
1018 5638 1296 5691 occasione
1323 5650 1496 5690 autem
1531 5652 1718 5689 nonnae

172 5721 394 5792 Pelagia:
425 5724 687 5794 quondam
714 5724 1038 5790 meretricis,
1067 5726 1180 5780 aliae
1208 5724 1499 5781 [orllicarial'
1525 5735 1719 5779 secutae

1828 4658 2175 4712 sanctissimae
2218 4658 2457 4711 ecclesia:
2500 4655 2980 4709 Alexandrinorum
3026 4666 3229 4717 magna:
3258 4650 3385 4702 ιίνί-

1827 4748 1979 4807 tatis,
2026 4748 2292 4800 enarravit
2332 4746 2503 4799 nobis.
2537 4743 2817 4812 Sequentia
2849 4752 3023 4795 autem
3056 4741 3227 4793 vilitas
3271 4754 3385 4794 mea

1828 4838 2069 4905 depinxit
2096 4854 2110 4901 ;
2140 4837 2383 4905 qumdam
2414 4850 2541 4890 vero
2568 4850 2596 4887 a
2627 4834 2936 4903 quibusdam
2967 4872 2980 4897 ,
3012 4832 3202 4898 quibus
3233 4832 3388 4893 digne

1826 4928 2151 4982 credendum
2175 4935 2275 4994 est,
2302 4925 2495 4979 audivi.
2522 4925 2827 4978 Dicentibus
2848 4938 2976 4988 ergo
3001 4921 3152 4975 nobis
3178 4922 3229 4973 in
3257 4936 3391 4986 prat-

1827 5020 1987 5074 dictis
2014 5019 2066 5072 in
2096 5019 2325 5087 quodam
2355 5019 2585 5086 capitulo
2616 5018 2635 5087 (
2670 5036 2807 5087 sup.,
2831 5034 2877 5071 ε.
2908 5017 2962 5071 ll
2986 5016 3028 5084 ),
3060 5015 3199 5084 quod
3227 5014 3389 5068 multa

1827 5107 2093 5172 spirituali
2141 5106 2427 5161 dilectione
2470 5106 2769 5172 patriarcha
2814 5116 2868 5160 et
2914 5106 3096 5159 Niceta
3142 5105 3389 5171 patricius

1827 5196 1891 5248 ad
1936 5197 2160 5249 invicem
2200 5196 2428 5264 colligati
2468 5204 2678 5261 essent,
2721 5195 2935 5263 dignum
2979 5195 3229 5249 indicium
3272 5193 3389 5246 talis

1825 5284 2166 5339 exblbitionis
2196 5299 2430 5352 praesens
2452 5285 2632 5338 esiStit
2658 5286 2966 5353 capitulum.

1894 5373 2138 5441 Quando,
2155 5376 2488 5442 permittente
2513 5374 2623 5430 Deo
2646 5372 2782 5444 (89),
2805 5388 2900 5444 pro
2924 5374 3153 5441 peccatis
3172 5370 3389 5432 nostris.

1825 5462 2058 5516 futurum
2086 5475 2202 5518 erat
2231 5472 2289 5519 ut
2318 5465 2615 5518 traderetur
2637 5467 2963 5519 Alexandria
2990 5468 3104 5519 sine
3129 5465 3239 5517 Deo
3263 5462 3388 5516 Per,

1825 5553 1930 5614 sis,
1963 5551 2310 5607 reminiscens
2342 5565 2517 5622 pastor
2541 5556 2805 5609 dicentis:
2836 5556 2966 5609 Cum
3000 5553 3261 5623 persecuti
3290 5565 3385 5605 vos

1827 5644 2017 5695 fuerint
2047 5643 2097 5694 in
2131 5645 2343 5697 civitate
2375 5646 2471 5697 ista
2495 5687 2509 5708 ,
2544 5646 2708 5713 fugite
2736 5646 2788 5700 in
2816 5647 2970 5698 aliam
3016 5646 3033 5696 l
3062 5644 3246 5698 Matth.
3280 5660 3308 5696 χ
3336 5641 3389 5709 ),

1827 5731 2004 5798 ῑυςλιιι
2053 5734 2281 5801 arripuit
2328 5733 2380 5788 in
2429 5736 2697 5805 propriam
2749 5734 2971 5806 patriam
2998 5775 3015 5803 ,
3059 5733 3299 5789 videlicet
3338 5733 3389 5785 in
