4118 6432
753 423 890 476 1855

1809 413 2083 470 LEONTII
2127 410 2466 467 SEAPOIJT
2481 411 2590 464 -\.\'i
2635 409 2939 463 EI’HCOPI
3909 404 3980 452 *Ξ-

755 538 1022 605 Cyprum,
1072 537 1124 586 in
1171 534 1435 587 civitatem
1481 545 1654 584 suam.
1704 526 1855 581 L'nde
1901 529 2181 578 occasione
2225 537 2316 574 ac-
2347 525 2394 581 Α
2423 523 2729 585 gloriﬁcabo
2757 520 2811 586 (l
2841 523 2963 589 Heg.
2997 525 3076 572 tt".
3127 521 3262 575 Vere
3307 523 3452 575 eri.
3840 519 3996 584 (nr-3'

759 640 912 679 (cura
936 670 950 688 ,
988 625 1235 692 pra-fatus
1267 624 1442 675 Nieeta
1475 621 1726 686 patricius
1754 619 1888 669 dixit
1929 617 1992 666 ad
2036 624 2274 666 saeuum
2305 630 2316 661 :

757 718 1023 772 ()bserro.
1055 716 1099 766 si
1144 713 1316 764 inveni
1359 710 1581 778 gratia
1628 717 1751 760 ante
1790 719 1868 763 te.
1917 719 1982 757 ne
2022 702 2321 769 dedigmris

762 807 970 873 fatigari
1020 819 1186 871 nque
1235 802 1298 854 ad
1367 801 1562 869 regiam
1629 798 1925 855 civitatem,
1965 804 2018 846 et
2056 793 2190 845 bene
2235 805 2322 842 ac-

761 906 944 962 θείως
972 908 1157 960 preces
1201 902 1317 944 tuas
1355 891 1556 943 donare
1599 888 1852 954 piissimis
1893 884 2318 951 iperatoribus.

763 986 851 1038 lite
935 997 1067 1037 vero
1138 986 1320 1039 multa
1393 981 1518 1037 fidei
1590 979 1690 1032 viri
1778 978 2151 1037 consentiens,
2195 973 2322 1026 ohe—

767 1076 921 1128 ditus
951 1076 1015 1127 ad
1047 1077 1146 1126 hoc
1177 1073 1345 1126 laetus
1373 1084 1452 1125 est
1495 1072 1602 1123 Deo
1639 1079 1689 1122 et
1731 1070 1984 1121 voluntati
2023 1069 2169 1130 ejus,
2205 1074 2259 1116 et
2292 1078 2322 1115 a

761 1180 820 1218 se
852 1167 1030 1217 datum
1058 1167 1312 1217 honorem
1336 1173 1585 1228 quantu
1610 1169 1724 1213 erat
1747 1160 1885 1212 circa
1913 1159 2120 1210 beatum
2147 1165 2326 1207 osten-

761 1256 888 1310 dere
921 1259 1148 1310 volente.
1185 1257 1420 1322 Fatigata
1451 1255 1612 1321 igitur
1641 1253 1756 1304 navi
1801 1248 2162 1314 multipliciter
2202 1262 2230 1298 a
2273 1248 2321 1296 vi

767 1357 1044 1398 ventorum
1068 1388 1083 1410 ,
1118 1347 1171 1399 in
1201 1361 1302 1413 qua
1333 1356 1544 1396 sanctus
1571 1357 1690 1395 cum
1734 1343 1954 1408 patricio
1991 1349 2139 1400 erat,
2177 1348 2231 1390 et
2271 1337 2322 1388 in

772 1436 1090 1500 profundum
1121 1435 1375 1488 mittenda
1404 1473 1418 1491 .
1449 1433 1594 1483 videt
1633 1445 1774 1499 sape
1801 1438 2126 1483 memoratus
2153 1429 2325 1494 patri-

769 1527 914 1584 cius,
945 1535 998 1576 et
1024 1525 1307 1589 optimates
1335 1522 1425 1588 qui
1467 1536 1587 1573 cum
1617 1535 1682 1573 eo
1709 1530 1860 1573 erant
1881 1561 1896 1583 ,
1927 1533 2028 1570 una
2060 1527 2241 1576 nocte,
2270 1516 2323 1567 in

765 1630 869 1685 qua
900 1624 1186 1682 tempestas
1221 1614 1355 1665 facta
1383 1622 1498 1674 est,
1532 1612 1878 1677 patriarcham
1918 1609 2078 1663 modo
2113 1609 2324 1675 quidem

762 1723 880 1758 eum
929 1706 1244 1772 pauperibus
1298 1718 1393 1771 per
1437 1705 1612 1754 navim
1657 1701 1848 1767 ubique
1895 1701 2324 1752 circumcurren-

763 1805 898 1857 tem,
933 1795 1092 1846 modo
1119 1803 1293 1845 autem
1322 1797 1508 1845 iterum
1543 1806 1662 1843 cum
1705 1792 1784 1844 eis
1813 1805 2000 1842 manus
2042 1789 2095 1841 in
2133 1788 2324 1841 caelum

2426 617 2564 666 cavit
2590 626 2830 666 sanctum
2863 614 3022 678 hunc,
3053 617 3142 680 qui
3185 617 3236 668 is
3269 617 3378 668 sis
3405 629 3644 678 semp-er
3687 613 3842 660 ias-is
3871 625 3994 674 ptr-

2425 702 2609 756 ﬁca'us
2643 715 2726 756 est
2767 704 3039 756 Dominus.
3077 703 3190 756 Sos
3241 707 3382 756 enim
3429 705 3632 756 ςσω
3677 700 3874 751 res
3917 713 3986 748 ιιι

2425 795 2699 861 temporali
2723 795 2826 845 vita
2853 809 2946 845 sua
2973 796 3352 859 conquiescere
3373 805 3568 846 saucia
3595 801 3662 842 et
3689 795 3848 855 clpa
3881 805 3994 838 eane:

2423 885 2582 947 bona,
2607 884 2731 950 quid
2761 884 2909 951 egit?
2953 883 3226 936 Xenodoe:
3247 887 3316 944 ia,
3361 895 3822 948 {unum
3875 893 3996 932 atrae

2425 974 2742 1025 monasteria
2771 987 2800 1024 a
2830 972 3186 1025 {amamus
3213 973 3510 1026 adificatas.
3545 983 3614 1024 ea
3647 971 3862 1022 durus
3901 984 3996 1018 sa:—

2423 1073 2625 1116 ctorum
2680 1065 3059 1114 monachorum
3119 1072 3390 1120 statuens,
3449 1064 3854 1114 iaceas-Sabaea:
3893 1073 3996 1108 In

2419 1153 2636 1219 justiti:
2665 1153 2973 1204 memoriam
3005 1151 3260 1215 possidet,
3291 1166 3382 1218 per
3404 1167 3465 1203 ea
3505 1165 3652 1218 qu:
3687 1148 3930 1200 caesa;
3979 1164 3998 1194 .-

2427 1241 3958 1310 ineisbonaopera.Quodenimdehisqm-aaapa

2423 1342 2476 1384 et
2497 1345 2834 1384 successores
2861 1331 3193 1396 propriorum
3229 1331 3486 1382 maiorum
3537 1339 3683 1395 post
3717 1339 3926 1379 nunc?
3965 1345 3992 1375 .-

2433 1423 2536 1472 vita
2571 1419 2669 1474 hac
2695 1422 3022 1486 relinquunt,
3055 1422 3128 1470 ait
3173 1418 3397 1471 [Iumina
3443 1421 3652 1485 pie-aus
3693 1423 3870 1481 Apost
3905 1435 3962 1465 ,Α

2424 1509 2687 1574 Quoniam
2709 1510 3055 1575 quorumdam
3111 1520 3328 1575 peccata
3385 1509 3692 1560 manifesta
3725 1519 3868 1558 sui.
3899 1522 3998 1570 γι

2425 1604 2662 1656 cedentia
2691 1602 3060 1668 adjudicium;
3094 1601 3347 1666 qosdam
3377 1614 3560 1652 autem
3589 1611 3654 1652 es
3689 1609 4000 1661 sesese-ctr-

2428 1704 2532 1746 tur.
2552 1691 3030 1759 Hoeeeontrat95)
3051 1694 3116 1744 de
3139 1694 3403 1745 hocheato
3423 1694 3628 1744 dicenti
3655 1691 3936 1752 εεειξςιξ
3983 1719 3996 1726 -

2428 1786 2568 1836 niam
2591 1784 3166 1852 quorumdamjustitia:
3183 1785 3476 1837 manifest:
3499 1795 3636 1834 sunt
3659 1799 3768 1848 prs
3785 1783 3996 1832 eas-aesaes

764 1885 1176 1945 extendentem,
1207 1889 1260 1934 et
1299 1882 1366 1935 ab
1407 1882 1513 1933 aito
1555 1880 1868 1947 adjutorium
1909 1880 2316 1930 abstrahentem.
2356 1878 2397 1935 Β
2428 1874 2476 1924 in
2523 1860 2746 1939 regnum
2790 1874 3042 1926 malorum
3071 1872 3124 1928 (1
3149 1874 3306 1935 Τέω..
3338 1877 3411 1939 v),
3437 1874 3724 1941 quosdam
3775 1884 3936 1922 ante:
3965 1901 3996 1921 -_.

763 1973 998 2038 Cumque
1029 1975 1080 2024 in
1113 1971 1354 2024 Rhodum
1388 1971 1500 2034 Q90)
1544 1970 1910 2035 pervenissent
1943 1966 2324 2030 ascendentes,

767 2061 909 2113 videt
933 2061 1335 2128 experge'actns
1365 2071 1393 2108 a
1430 2058 1539 2111 Deo
1570 2067 1786 2110 vocatus
1818 2056 1903 2109 hic
1929 2055 2210 2124 quemdam
2238 2070 2328 2107 eu-

771 2153 1000 2203 nuchum
1029 2160 1392 2203 coruscantem
1422 2148 1589 2201 forma
1609 2189 1622 2211 ,
1652 2157 1705 2201 et
1744 2162 1960 2200 aureum
1987 2155 2252 2213 sceptrum
2277 2147 2327 2196 in

772 2240 953 2294 dextra
980 2248 1266 2301 tenentem,
1289 2240 1625 2291 assistentetn
1643 2238 1740 2290 sibi
1765 2246 1817 2289 et
1841 2237 2101 2289 dicentem
2131 2254 2140 2285 :
2172 2233 2324 2300 Veni,

769 2331 896 2396 jube
925 2331 1068 2397 (9i),
1097 2330 1209 2383 Rex
1243 2329 1571 2397 regnantium
1599 2329 1790 2396 qnzrit
1819 2337 1891 2381 te.
1919 2327 2052 2379 Nihil
2075 2341 2201 2392 ergo
2225 2336 2332 2379 sta-

768 2423 861 2472 tim
895 2422 1194 2488 negligens,
1223 2419 1446 2472 advocat
1487 2417 1760 2485 patricium
1802 2417 2033 2471 Nitetam
2057 2458 2070 2480 ,
2114 2427 2168 2470 et
2203 2419 2328 2470 dicit

767 2511 817 2563 ei
845 2524 968 2564 cum
999 2512 1181 2561 multis
1212 2508 1496 2576 Iacrymis:
1529 2507 1606 2560 Tu
1633 2509 1843 2574 quidem
1865 2551 1880 2570 ,
1922 2522 1954 2560 ο
1983 2509 2195 2560 domine
2217 2547 2233 2570 ,
2263 2509 2326 2560 ad

767 2609 1036 2652 terrenum
1086 2599 1455 2664 imperatorem
1490 2611 1572 2649 me
1601 2597 1836 2657 vocasti;
1868 2595 1960 2648 sed
1989 2598 2321 2664 praeveniens

767 2687 1034 2751 cmlestis,
1065 2697 1186 2738 ante
1220 2688 1432 2739 vocavit
1463 2686 1807 2753 exiguitatem
1837 2701 2027 2739 meam.
2062 2686 2126 2738 Et
2153 2687 2331 2739 retulit

767 2780 815 2832 ei
855 2779 1114 2842 eunuchi,
1160 2779 1264 2830 imo
1302 2779 1472 2846 angeli
1517 2778 1813 2839 visionem,
1857 2793 1976 2845 qua:
2015 2787 2331 2845 apparuerat

769 2871 894 2924 sibi.
939 2871 1160 2924 Catisus
1197 2886 1324 2940 ergo
1366 2881 1420 2924 et
1447 2871 1611 2924 tristis
1642 2870 1810 2924 factus
1839 2871 1976 2925 idem
2009 2873 2330 2940 gloriosissi-

775 2977 895 3016 mus
926 2964 1022 3026 vir,
1053 2962 1311 3030 impedire
1342 2971 1580 3015 sanctum
1613 2977 1715 3014 non
1751 2964 1937 3030 potuit.
1981 2963 2206 3017 Abunde
2237 2965 2332 3031 igi-

771 3064 856 3107 tur
894 3041 1093 3106 sanctis
1133 3054 1247 3120 ejus
1289 3053 1519 3120 repletus
1557 3053 1920 3118 orationibus,
1960 3063 2015 3107 et
2049 3056 2330 3121 imperato-

773 3143 919 3195 ribus
949 3144 1042 3197 has
1071 3142 1317 3196 deferens
1342 3187 1356 3209 ,
1391 3157 1510 3194 cum
1540 3144 1706 3196 multo
1734 3143 1937 3198 honore
1968 3145 2144 3198 redire
2185 3146 2233 3199 ei
2274 3148 2327 3198 in

770 3231 996 3300 Cyprum
1023 3231 1196 3297 jussit.

837 3321 965 3373 Car.
1005 3319 1185 3372 XLIX.
1231 3351 1297 3359 —
1338 3321 1657 3374 Adveniente
1697 3335 1823 3388 ergo
1851 3335 1916 3374 eo
1961 3315 2014 3374 in
2059 3319 2328 3389 propriam

772 3414 1056 3474 civitatem,
1086 3429 1204 3482 qua:
1232 3413 1549 3466 Amathunta
1573 3414 1687 3482 (92)
1715 3415 2021 3477 vocabatur,
2047 3391 2328 3469 testamen-

772 3518 882 3559 tum
910 3506 1177 3574 proprium
1217 3505 1451 3558 scribere
1490 3505 1595 3557 cito
1624 3504 1879 3557 ministris
1908 3505 2016 3556 suis
2057 3505 2328 3572 precepit.

774 3595 1034 3650 Velociter
1060 3610 1183 3648 vero
1211 3603 1264 3647 et
1293 3595 1410 3647 sine
1443 3593 1693 3646 dilatione
1723 3593 1960 3647 chartam
1989 3601 2043 3646 et
2072 3593 2330 3644 calamum

774 3687 1234 3754 prmntantibus.
1281 3685 1532 3752 prtecepit
1575 3697 1783 3735 sacrum
1827 3681 1951 3734 illud
1997 3695 2057 3734 os
2096 3679 2333 3733 scribere

772 3777 888 3830 sic':
927 3794 946 3826 ι
981 3775 1442 3836 Joannes-servus,
1484 3783 1696 3841 propter
1723 3785 1839 3825 eam
1872 3785 1998 3824 vero
2038 3783 2158 3836 qua:
2213 3782 2337 3836 sup-

774 3865 940 3932 posita
963 3874 1044 3917 est
1062 3864 1190 3917 mihi
1219 3863 1500 3917 sacerdotii
1516 3849 1850 3931 dignitatem,
1878 3859 1969 3912 Dei
1991 3861 2154 3926 gratia
2177 3858 2328 3911 liber.

775 3953 986 4007 Gratias
1011 3967 1129 4019 ago,
1165 3952 1321 4018 Deus,
1348 3951 1463 4014 tibi,
1491 3949 1737 4018 quoniam
1767 3947 2032 4002 exaudisti
2064 3948 2332 4000 miseriam

775 4059 969 4107 meam,
1024 4053 1292 4110 rogantem
1349 4041 1638 4094 bonitatem
1695 4050 1862 4104 tuam,
1911 4053 1978 4091 ne
2009 4040 2336 4091 inveniretur

775 4134 1020 4186 morienti
1051 4134 1179 4186 mihi
1235 4134 1334 4185 nisi
1366 4148 1499 4186 unus
1553 4132 1829 4184 tremissis.
1861 4129 2166 4183 lnveniente
2193 4130 2334 4181 enim

776 4237 862 4277 me
912 4224 964 4276 in
1016 4221 1312 4276 honorabili
1366 4221 1634 4288 episcopio
1684 4220 2034 4276 sanctissimae
2084 4218 2335 4272 Ecclesia:

776 4312 1260 4366 Alexandrinorum
1293 4325 1493 4378 magna
1524 4310 1770 4372 civitatis,
1801 4323 1958 4377 quam
2008 4322 2100 4376 per
2153 4307 2337 4360 indul-

777 4402 1006 4466 gentiam
1042 4401 1131 4453 Dei
1162 4402 1392 4467 suscepi,
1423 4399 1633 4467 quando
1663 4399 1716 4450 in
1744 4412 1805 4451 ea
1836 4407 2176 4450 consecratus
2219 4409 2334 4449 sum

775 4493 1077 4559 episcopus,
1108 4490 1317 4544 circiter
1344 4491 1607 4557 octoginta
1635 4490 1938 4543 centenaria
1967 4489 2106 4553 auri,
2133 4496 2189 4541 et
2217 4501 2334 4554 qua:

2428 1964 2838 2031 subsequuntur,
2862 1967 2927 2019 de
2947 1967 3135 2032 quibus
3159 1981 3294 2018 unus
3319 1977 3372 2017 et
3401 1967 3502 2018 iac
3523 1967 3782 2018 exstitit.
3815 1964 3876 2012 E:

2430 2057 2568 2108 niam
2600 2071 2703 2108 non
2731 2057 2928 2118 tabula,
2955 2072 3124 2125 neque
3153 2058 3217 2109 ad
3244 2058 3469 2124 gratiam
3501 2066 3610 2112 est.
3649 2059 3802 2118 Quod
3835 2067 3992 2105 mss:

2427 2157 2653 2208 canstat,
2713 2149 3074 2200 testimonium
3129 2149 3282 2200 nobis
3330 2148 3617 2214 perbibeat
3675 2148 3840 2212 piane
3885 2159 3995 2210 ςι-ὐε

2427 2252 2547 2290 mox
2581 2238 2634 2290 in
2673 2237 2900 2304 pretiosa
2955 2238 3071 2304 ejus
3099 2237 3417 2290 dormitione
3447 2245 3674 2303 gestum
3711 2246 3796 2286 ut
3847 2247 3994 2299 pr..~::-

2426 2327 2592 2395 gium.
2627 2326 2889 2380 Tradente
2918 2328 3058 2380 enim
3097 2342 3162 2380 eo
3195 2338 3249 2380 et
3285 2328 3716 2379 commendante
3761 2340 3992 2390 ιε-τςιεωε

2428 2419 2660 2469 animam
2684 2418 2735 2469 in
2757 2432 2916 2469 manu
2939 2416 3171 2480 Domini,
3197 2427 3254 2470 ut
3277 2418 3350 2468 ait
3373 2416 3574 2470 alicubi
3605 2430 3768 2467 sacra
3799 2417 3990 2465 bne-1:

2427 2506 2554 2560 Just.
2579 2523 2694 2560 rum
2738 2507 2928 2559 anima:
2970 2508 3034 2560 in
3067 2523 3225 2559 manu
3271 2507 3361 2560 Dei
3420 2517 3552 2558 sunt
3599 2505 3771 2572 (Sep.
3823 2522 3918 2558 lii.
3957 2517 3993 2555 ei

2430 2597 2565 2648 hanc
2592 2597 2642 2650 ei
2673 2605 2728 2647 ut
2752 2597 3071 2649 sacriﬁcium
3102 2597 3426 2649 immolatum
3459 2596 3758 2650 oﬂ’erente.
3793 2611 3902 2646 cum
3927 2610 3990 2645 ην

2433 2687 2772 2740 condendum
2802 2698 2945 2740 esset
2969 2688 3282 2740 honorabile
3307 2688 3422 2753 ejus
3443 2701 3655 2750 corpus
3709 2687 3989 2746 honoriﬁce,

2429 2788 2480 2829 et
2507 2791 2626 2828 eum
2650 2792 2884 2844 congruo
2915 2779 3280 2832 sacerdotibus
3313 2780 3412 2830 ritu
3465 2779 3520 2831 in
3570 2781 3814 2845 quodam
3845 2791 3988 2829 orato-

2429 2866 2514 2920 rio
2549 2868 2718 2919 sancti
2771 2868 3149 2921 miraculorum
3205 2869 3418 2921 [actoris
3463 2868 3904 2936 Tychouisjsaj,
3946 2866 3988 2918 ει

2427 2955 2691 3023 quoddam
2721 2957 2824 3009 tale
2856 2958 3062 3022 signum
3090 2958 3404 3024 gloriosum.

2499 3045 2625 3098 CAP.
2665 3044 2727 3097 L.
2770 3074 2838 3084 —
2873 3045 3126 3100 Iacebant
3154 3049 3203 3099 in
3222 3047 3453 3114 quodam
3482 3048 3722 3109 tumulo,
3749 3048 3837 3101 ubi
3861 3047 3984 3112 etjs-

2430 3145 2543 3189 stus
2571 3136 2656 3189 hic
2683 3139 3018 3204 reponendus
3047 3149 3180 3199 erat,
3211 3138 3432 3190 duorum
3485 3141 3770 3206 quon-iam
3801 3139 3985 3201 episto-

2354 3228 2400 3287 C
2433 3239 2643 3294 porum,
2670 3227 2758 3295 qui
2799 3237 2922 3281 ante
2963 3227 3308 3289 dormierant,
3353 3237 3538 3280 sancta
3593 3229 3864 3280 veraciter
3887 3241 3980 3277 eer-

2432 3332 2561 3385 pora
2590 3329 2893 3372 sanctorum
2921 3335 2936 3371 :
2963 3334 3082 3386 qua
3109 3329 3162 3371 et
3207 3321 3260 3372 in
3291 3329 3478 3371 natura
3509 3319 3758 3372 exanimi
3801 3320 3981 3370 inter:

2430 3409 2694 3476 degentia,
2729 3417 2976 3475 tanquam
3030 3410 3074 3462 si
3122 3411 3236 3462 viva
3287 3424 3472 3462 revera
3515 3418 3732 3466 essent,
3765 3410 3982 3475 aqualem

2430 3507 2613 3552 sancto
2637 3497 2894 3551 honorem
2928 3499 3244 3551 tribuean
3278 3495 3410 3550 Cum
3456 3498 3602 3550 enim
3637 3499 3784 3551 beati
3825 3510 3984 3563 eoi-ps

2433 3589 2570 3644 inter
2594 3589 2728 3642 duos
2747 3589 2861 3642 illos
2882 3589 3306 3656 componendum
3329 3597 3494 3649 esset,
3519 3589 3857 3641 honorantes
3879 3603 3984 3639 sum

2435 3697 2577 3734 mum
2612 3691 2878 3746 pastorem
2923 3692 3185 3747 pastores,
3231 3689 3284 3733 et
3312 3682 3528 3732 multam
3579 3679 3714 3746 ejus
3774 3679 3983 3730 ﬁduciam

2433 3773 2570 3839 apud
2604 3773 2767 3826 Deum
2792 3782 3124 3836 reverentes,
3155 3773 3310 3824 simul
3334 3782 3386 3825 et
3425 3773 3717 3830 mirantes.
3768 3772 3860 3824 Dei
3898 3771 3984 3838 jus-

2434 3865 2583 3916 sione
2602 3873 2846 3929 tanquam
2869 3862 2972 3914 vivi
2987 3875 3209 3928 corpora
3227 3875 3320 3914 sua
3335 3870 3650 3928 separantes
3665 3862 3814 3929 (95),
3840 3861 3886 3913 in
3904 3875 3986 3910 me—

2436 3952 2523 4003 dio
2552 3964 2760 4004 sacrum
2809 3948 2949 4002 hunc
2989 3958 3360 4017 susceperunt,
3411 3949 3671 4002 honorem
3727 3960 3789 4002 et
3836 3950 3919 4013 ipsi
3951 3949 3985 3998 ei

2438 4043 2792 4109 praeceptione
2818 4039 2912 4092 Dei
2935 4041 3072 4093 sicut
3103 4054 3131 4091 a
3174 4040 3284 4093 Deo
3313 4040 3574 4092 honorato
3604 4039 3917 4098 oﬂerentes,
3951 4047 3987 4088 et

2437 4132 2681 4184 omnibus
2716 4132 2893 4183 statim
2921 4128 3264 4183 ostendentes
3313 4143 3429 4192 qua:
3470 4144 3501 4180 a
3555 4129 3668 4181 Deo
3723 4131 3780 4183 ei
3831 4129 3986 4180 donat:

2438 4233 2519 4276 est
2543 4223 2766 4289 gloriam
2793 4231 2950 4289 atque
2988 4221 3390 4274 sublimitatem.
3418 4218 3571 4284 Quod
3618 4221 3918 4271 maximum
3950 4227 3985 4268 et

2439 4312 2879 4383 gloriosissimum
2909 4310 3242 4376 miraculum,
3273 4324 3377 4362 non
3407 4324 3561 4371 unus,
3596 4323 3783 4375 neque
3812 4309 3987 4366 decent,

2441 4417 2614 4470 neque
2652 4412 2862 4456 centum
2903 4401 3172 4464 viderunt,
3199 4400 3291 4452 sed
3317 4400 3490 4452 omnis
3530 4398 3684 4451 turba
3739 4413 3866 4466 qua
3891 4411 3987 4450 cos-

2440 4493 2585 4547 venit
2612 4491 2680 4544 ad
2711 4491 2992 4557 pretiosam
3016 4491 3132 4555 ejus
3163 4490 3506 4557 sepulturam.

775 4583 1103 4636 intraverunt
1150 4581 1277 4632 mihi
1330 4579 1398 4632 ab
1425 4578 1608 4630 amicis
1634 4577 1853 4640 Christi,
1894 4591 2024 4644 pene
2055 4591 2329 4628 numerum
2361 4560 2410 4618 Ῐ)
2505 4577 2634 4632 Cu.
2687 4569 2774 4626 LI.
2806 4576 3053 4630 —Aliud
3111 4583 3296 4629 autem
3351 4575 3469 4644 ejus
3542 4573 3985 4645 gloriosius.un

777 4673 1006 4726 hominis
1036 4671 1447 4734 transcendunt;
1479 4672 1528 4723 in
1555 4673 1780 4737 seipsam
1805 4679 2033 4723 mentem
2055 4667 2329 4736 cotligens,

775 4771 834 4816 et
857 4775 1184 4828 cognoscens
1224 4761 1335 4813 haec
1361 4761 1538 4812 omnia
1560 4759 1906 4812 dominatoris
1932 4759 2164 4810 omnium
2193 4772 2331 4818 esse,

777 4853 1020 4906 festinavi
1049 4867 1110 4906 ea
1140 4867 1258 4919 qua:
1289 4851 1378 4903 Dei
1421 4858 1572 4903 erant
1602 4849 1708 4900 Den
1738 4848 1885 4900 dare.
1937 4846 2085 4900 Unde
2112 4854 2166 4899 et
2196 4844 2334 4912 quod

781 4947 1036 4998 remansit
1059 4943 1186 4994 mihi
1215 4942 1315 4996 hoc
1343 4942 1602 5007 tremis-se,
1639 4939 1728 4992 Dei
1758 4947 1814 4992 et
1844 4939 1942 4990 hoc
1971 4937 2229 5003 existens,
2249 4937 2335 5002 ju-

779 5035 879 5088 beo
907 5033 1024 5086 dari
1052 5033 1134 5085 his
1161 5034 1248 5099 qui
1281 5040 1402 5084 sunt
1433 5030 1545 5082 Dei.
1583 5047 1600 5078 ι
1630 5031 1674 5082 0
1699 5030 1927 5096 gloriosa
1967 5042 2051 5080 res
2076 5029 2089 5077 ε
2119 5039 2153 5078 o
2180 5026 2339 5078 devo-

779 5125 977 5178 tionern
1004 5123 1168 5176 sancti
1203 5125 1216 5175 !
1249 5123 1362 5175 Non
1393 5118 1635 5184 attendit,
1691 5119 1828 5172 sicut
1848 5115 2147 5180 debuisset,
2193 5115 2336 5178 suis;

786 5215 926 5284 quod
959 5214 1156 5267 faciunt
1183 5214 1330 5267 multi
1361 5212 1448 5281 qui
1485 5211 1539 5264 in
1567 5209 1762 5263 divitiis
1787 5217 1928 5271 sunt,
1960 5207 2048 5274 qui
2081 5205 2173 5258 Dei
2199 5204 2338 5256 dona

781 5315 871 5358 aut
901 5319 965 5356 ex
996 5302 1250 5370 injustitia
1287 5301 1506 5354 collecta
1527 5341 1541 5362 ,
1575 5307 1820 5364 tanquam
1860 5296 2091 5364 prepria,
2131 5302 2184 5346 et
2228 5301 2340 5344 tan-

780 5409 938 5463 quam
969 5393 1012 5446 si
1040 5409 1098 5446 ea
1128 5407 1304 5444 secum
1336 5392 1470 5444 ferre
1500 5397 1736 5457 possunt,
1755 5385 2129 5449 thesaurizant,
2152 5391 2204 5434 et
2235 5395 2339 5433 non

787 5489 930 5553 Ιπεέ
950 5484 1130 5553 egenis
1156 5483 1420 5548 prmhent;
1451 5479 1543 5533 sed
1573 5478 1657 5532 illa
1687 5476 1956 5552 querebat
1988 5487 2105 5542 qua:
2131 5484 2341 5537 semper

788 5586 1024 5639 manent,
1045 5588 1092 5630 et
1115 5575 1394 5640 aliquando
1417 5588 1519 5626 non
1542 5573 1866 5626 minuuntur.
1889 5569 2037 5624 Unde
2059 5572 2175 5621 sine
2194 5581 2364 5648 men:

785 5668 937 5721 daein
966 5667 1466 5736 rcpromissionihus
1493 5679 1594 5718 non
1627 5672 1704 5718 est
1732 5663 2020 5726 fraudatus,
2050 5675 2165 5728 qua:
2196 5673 2340 5712 asse-

792 5765 990 5825 verant,
1023 5773 1084 5812 ex
1109 5770 1331 5830 persona
1356 5757 1466 5823 Dei,
1497 5755 1744 5826 quoniam
1775 5754 1860 5822 qui
1891 5751 2185 5822 gloriﬁcsnt
2232 5764 2339 5814 me,

2439 4666 2650 4735 quidem
2679 4665 2853 4718 adhuc
2873 4667 3054 4719 vivens
3085 4665 3137 4717 in
3160 4680 3319 4718 carne
3347 4665 3503 4730 cmi-it
3537 4667 3868 4717 miraculum
3888 4708 3900 4727 ,
3921 4664 3990 4716 sevi

2441 4764 2718 4823 postquam
2750 4755 2994 4822 migravit
3022 4756 3087 4807 ad
3113 4755 3300 4818 Deum,
3325 4754 3632 4819 complevit,
3657 4769 3854 4808 sermo
3877 4770 3984 4808 cotu-

2441 4860 2733 4899 memorare
2760 4845 3000 4898 tentahit.
3025 4846 3210 4898 Mulier
3251 4843 3487 4912 qumda
3516 4844 3584 4896 de
3627 4858 3688 4896 ea
3743 4860 3870 4912 qua
3895 4859 3991 4896 sau-

2440 4945 2581 4988 ctum
2612 4935 2828 5002 protulit
2869 4935 3084 4987 civitate
3131 4933 3386 4994 existens,
3437 4947 3554 4986 cum
3598 4933 3856 4986 audisset
3900 4948 3990 4986 eum

2443 5029 2652 5080 venisse
2681 5040 2711 5078 a
2742 5025 2927 5079 Rhodo
2959 5023 3097 5092 (96),
3146 5034 3200 5077 et
3236 5025 3476 5092 angelum
3517 5024 3565 5077 ei
3619 5025 3821 5078 ibidem
3864 5040 3991 5091 appa-

2443 5116 2632 5177 ruisse,
2685 5123 2740 5168 et
2790 5114 3116 5168 vocationem
3148 5117 3213 5166 ad
3264 5128 3596 5167 communem
3631 5114 3920 5168 Dominum
3957 5116 3990 5166 ei

2445 5205 2804 5267 denuntiasse,
2842 5218 3127 5271 peccamen
3178 5205 3548 5272 gravissimum
3580 5206 3631 5256 in
3662 5218 3726 5256 se
3756 5219 3994 5273 ηοθμθο

2447 5308 2620 5356 scens,
2647 5295 2788 5363 quod
2833 5308 2931 5348 nec
2953 5294 3162 5347 auditus
3207 5295 3477 5347 hominum
3508 5308 3662 5361 posse
3703 5295 3913 5347 intrare
3932 5288 3991 5343 af-

2448 5386 2712 5452 ﬁrmabat,
2754 5385 2910 5439 [idem
2952 5386 3306 5452 inambiguam
3353 5398 3599 5448 sumens,
3650 5384 3716 5436 ad
3766 5393 3986 5437 sanctum

2419 5477 2642 5536 _cursim
2666 5475 2940 5542 pervenit;
2965 5482 3019 5528 et
3041 5475 3201 5541 pedes
3221 5473 3336 5541 ejus
3362 5473 3852 5540 comprehenderis,
3895 5482 3988 5524 cum

2449 5565 2696 5633 Iacrymis
2723 5563 2902 5616 multis
2931 5563 3212 5625 clamabat,
3242 5573 3294 5615 et
3323 5564 3505 5615 dicens
3538 5572 3752 5614 secreto
3779 5571 3986 5614 sancto:

2452 5658 2748 5720 Peccatum,
2780 5669 2813 5708 0
2840 5663 2917 5708 ter
2948 5655 3123 5720 beate,
3147 5653 3315 5707 habeo
3340 5655 3556 5716 misera,
3584 5653 3728 5720 quod
3758 5653 3823 5704 ad
3855 5663 3987 5705 auras

2452 5745 2719 5802 hominum
2774 5744 2950 5799 venire
3004 5758 3107 5798 non
3165 5751 3355 5811 putest,
3406 5752 3460 5796 et
3485 5743 3596 5798 seio
3638 5740 3805 5809 quod,
3836 5741 3883 5794 si
3916 5742 3987 5800 vis.
