4118 6432
173 417 307 479 16ὃῖ

1125 427 1278 481 νιτλ
1324 423 1562 481 SANCTI
1603 419 1877 478 J0.\.\'MS
1916 419 2486 476 ELEEMOSYNARH.

3250 416 3383 478 l658

160 557 318 618 potes
347 546 396 601 id
422 544 551 599 mihi
582 542 885 609 indulgere;
927 539 1058 593 dixit
1087 540 1226 592 enim
1255 538 1402 590 vobis
1435 537 1683 589 Dominus
1713 552 1724 588 :
1758 536 1806 594 Α
1834 537 1922 580 aut
1953 539 2132 596 potum
2162 530 2377 584 omnino
2426 543 2529 583 non
2570 539 2804 597 gustaus,
2839 529 2990 586 tertia
3044 540 3218 596 nocte,
3263 533 3386 586 dum

161 638 426 705 Quoniam
457 648 782 704 quaecunque
825 632 1090 685 solveritis
1127 644 1284 697 super
1316 639 1528 688 terram,
1572 636 1732 681 erunt

159 728 362 789 soluta,
393 727 524 780 etin
555 723 740 785 caelis;
795 731 847 775 tt
892 733 1219 786 quaecunque
1259 717 1545 785 ligaveritis
1573 731 1730 783 super

163 825 389 876 terram,
421 824 580 869 erunt
631 815 785 882 ligata
834 821 887 864 et
930 812 979 863 in
1023 810 1169 862 ctelis
1214 808 1426 876 (Matth.
1470 805 1731 870 xvrn);ct

151 921 389 973 quorum
421 904 732 958 remiseritis
754 911 991 970 peccata,
1022 901 1359 953 remittuntur
1381 898 1493 962 eis;
1525 907 1577 951 et
1600 911 1731 962 quo-

155 1011 286 1050 rum
318 994 666 1057 retinueritis,
698 1000 903 1046 retenta
933 998 1056 1049 sunt
1082 989 1260 1052 (Joan.
1292 987 1406 1054 xx).
1428 988 1549 1040 llmc
1571 984 1734 1040 verba

152 1085 388 1138 audiens
418 1100 445 1136 a
478 1084 700 1136 muliere
731 1089 964 1145 sanctus,
997 1089 1048 1133 et
1102 1080 1311 1142 timens,
1345 1077 1389 1130 si
1423 1076 1725 1145 petitionem

151 1171 282 1242 ejus
300 1173 576 1237 refutaret,
598 1171 790 1225 nOxius
813 1172 928 1236 ejus
943 1170 1187 1223 tormenti
1212 1169 1380 1234 ﬁeret,
1401 1168 1524 1220 dum
1551 1176 1730 1236 posset

152 1263 382 1318 liberari
407 1279 435 1315 a
465 1262 674 1330 proprio
696 1269 910 1330 peccato
963 1274 1058 1326 per
1089 1259 1245 1312 fidem
1296 1273 1452 1326 quam
1499 1258 1729 1312 habebat

153 1356 210 1408 in
237 1371 384 1418 eum,
420 1355 546 1408 dicit
575 1355 638 1408 ad
665 1369 780 1407 eam
820 1352 1091 1406 humiliter
1121 1371 1132 1406 :
1161 1353 1215 1406 Si
1245 1357 1427 1419 utique
1468 1351 1662 1416 credis,
1695 1365 1728 1404 o

157 1445 380 1508 mulier,
408 1444 538 1508 Deo,
561 1443 699 1512 quod
726 1459 817 1512 per
843 1443 1205 1496 infelicitatem
1229 1457 1399 1494 meam
1429 1444 1728 1509 ignoscatur

150 1534 255 1586 tibi
279 1535 480 1587 crimen
500 1534 637 1598 quod
665 1533 819 1596 dicis,
842 1532 1097 1586 confitere
1120 1532 1248 1584 mihi
1271 1531 1390 1585 hoc.
1412 1532 1539 1596 Qum
1561 1531 1722 1584 dixit:

149 1623 275 1676 Non
299 1637 541 1691 possum,
571 1622 804 1687 domine,
836 1623 1015 1677 dicere
1058 1622 1132 1684 id,
1184 1637 1354 1690 neque
1382 1620 1524 1675 euim
1557 1629 1728 1688 potest

147 1715 373 1767 auditus
405 1713 679 1767 hominum
706 1722 914 1780 portare
943 1711 1092 1765 illud.
1123 1711 1256 1764 Dicit
1279 1711 1344 1763 ad
1388 1725 1503 1764 eam
1534 1712 1724 1766 iterum

145 1815 373 1857 sanctus
406 1823 416 1855 :
453 1804 516 1856 Et
569 1804 614 1856 si
648 1803 938 1867 erubescis,
995 1801 1127 1855 vade
1175 1809 1229 1855 et
1275 1801 1447 1855 scribe
1498 1801 1645 1865 illud,
1678 1803 1721 1855 si

1831 634 2015 673 rursus
2044 635 2162 672 cum
2212 621 2459 690 lacrytnis
2485 621 2700 674 eosdem
2745 622 2906 675 duros
2935 637 2996 675 ac
3044 622 3225 677 fideles
3275 637 3389 677 ser—

1829 723 2013 763 mones
2043 710 2347 763 beatissimo
2367 711 2586 772 diceret,
2609 723 2733 763 ecce
2752 710 2911 780 egred
2937 719 3020 764 tur
3047 713 3137 765 Dei
3164 712 3390 766 famulos
3413 707 3418 710 ’

1829 801 1896 855 de
1927 800 2132 853 tumulo
2161 814 2280 864 suo,
2300 802 2553 873 Ioculatim
2587 815 2849 869 apparens
2887 817 3006 855 cum
3037 801 3238 856 duobus
3279 808 3384 872 epi-

1828 896 2022 959 scopis,
2050 891 2138 959 qui
2164 905 2284 944 cum
2307 907 2369 945 eo
2390 893 2656 960 jacebant,
2683 909 2788 948 uno
2813 891 2959 959 hinc,
2989 905 3039 948 et
3067 897 3239 949 altero
3267 897 3386 953 hinc

1828 981 2172 1049 aspitantibus
2201 981 2341 1053 (99),
2369 991 2424 1036 et
2451 984 2579 1038 dicit
2607 985 2671 1038 ad
2712 1001 2830 1039 eam
2857 1003 2868 1038 :
2903 1001 3174 1055 nsqueqno
3204 989 3390 1040 mulier

1829 1071 1924 1126 hos
1951 1072 2040 1140 qui
2059 1073 2142 1126 hic
2156 1083 2277 1126 sunt
2291 1088 2610 1136 commoves,
2627 1085 2679 1129 et
2697 1093 2798 1129 non
2823 1078 3041 1130 dimittis
3058 1093 3148 1131 eos
3165 1078 3392 1146 ᾳιιίεεειι.

1828 1162 1934 1216 re?
1966 1162 2271 1216 lnfnderunt
2298 1164 2436 1216 enim
2468 1164 2631 1216 stolas
2653 1177 2857 1219 nostras
2884 1168 3129 1237 laciymaz
3160 1180 3282 1221 tute.
3327 1169 3392 1221 Et

1833 1251 1945 1305 hinc
1974 1253 2183 1316 dicens,
2212 1252 2303 1306 dat
2330 1255 2381 1307 ei
2410 1254 2676 1322 proprium
2701 1255 2968 1322 pittacium
3001 1258 3273 1320 pullatum,
3302 1258 3386 1310 di-

1827 1357 1952 1397 cens
1977 1360 1989 1395 :
2022 1343 2265 1411 Suscipe,
2292 1346 2625 1413 recognoscis
2655 1347 2800 1400 hoc?
2829 1349 2993 1414 solve,
3017 1351 3212 1415 aspice.
3247 1351 3310 1403 Et
3335 1352 3386 1402 in

1827 1435 2052 1501 seipsam
2076 1450 2141 1488 ex
2166 1435 2366 1488 visione
2399 1437 2636 1498 veniens,
2678 1439 2808 1491 vidit
2842 1441 3026 1492 iterum
3053 1449 3261 1492 sanctos
3307 1441 3387 1493 in-

1825 1525 2129 1593 gredientes
2157 1527 2206 1577 in
2257 1526 2524 1593 proprium
2576 1528 2785 1593 locum;
2829 1538 2882 1582 et
2910 1531 3142 1593 solvens,
3186 1530 3385 1586 invenit

1827 1613 2029 1670 litteras
2056 1631 2178 1670 suas
2201 1616 2421 1680 deletas,
2454 1626 2506 1670 et
2535 1620 2972 1684 subscriptionem
3003 1620 3103 1673 sub
3141 1621 3242 1681 eis,
3293 1622 3382 1674 lia-

1825 1704 2033 1758 bentcm
2059 1704 2133 1757 sic
2160 1722 2176 1756 :
2218 1706 2435 1774 Propter
2452 1704 2700 1759 Joannem
2725 1723 2921 1760 servum
2953 1724 3135 1772 meum,
3167 1709 3384 1762 deletum

1824 1804 1896 1847 est
1928 1805 2184 1862 pet-catum
2213 1805 2371 1847 tuum.
2401 1796 2530 1862 Quis
2572 1798 2814 1864 loquetur
2863 1801 3124 1867 potentias
3155 1800 3380 1866 Domini,

150 1897 300 1948 nosti
347 1897 568 1958 litteras,
618 1903 672 1949 et
716 1893 794 1947 fer
843 1893 992 1947 mihi.
1026 1892 1114 1946 Illa
1170 1895 1359 1947 iterum
1407 1895 1674 1960 respondit
1707 1909 1720 1945 :
1757 1881 1799 1938 Β
1826 1901 1858 1939 ο
1881 1887 2032 1940 amici
2063 1897 2116 1940 et
2147 1887 2374 1941 fratres?
2415 1889 2519 1952 ,Qui
2551 1891 2620 1942 ita
2651 1890 2950 1943 misericors
2979 1900 3257 1944 etamator
3288 1892 3380 1944 ho-

153 1983 322 2048 Vere,
354 1985 586 2049 domine,
622 2000 724 2036 non
757 1999 994 2050 possum.
1025 1983 1348 2047 Exspectans
1385 1998 1514 2050 ergo
1550 1984 1718 2036 modiv

153 2087 282 2126 cum
307 2074 430 2141 quid
461 2085 659 2136 tacens,
691 2073 818 2126 dixit
849 2074 894 2126 ei
923 2091 935 2126 :
966 2073 1076 2124 Non
1109 2081 1252 2139 potes
1275 2073 1505 2126 scribere
1532 2084 1584 2126 et
1611 2074 1724 2126 bul-

151 2166 291 2228 lare,
315 2176 368 2218 et
389 2166 580 2218 afferre
611 2166 738 2217 mihi
769 2165 791 2216 ?
824 2165 971 2218 Tunc
999 2163 1126 2215 dixit
1153 2165 1198 2218 ei
1225 2181 1238 2217 :
1274 2164 1513 2226 Possum,
1548 2165 1720 2216 domi-

152 2272 248 2321 ne,
285 2257 385 2308 hoc
416 2256 572 2320 facio,
617 2271 806 2325 rOgans
851 2256 1209 2311 bonorabilem
1263 2267 1315 2311 et
1365 2257 1720 2323 coaugelicam

149 2347 386 2398 animam
422 2357 564 2399 tuam
604 2362 670 2400 nc
721 2347 978 2409 solvatur,
1033 2361 1201 2413 neque
1245 2347 1352 2398 ullo
1383 2348 1538 2398 modo
1580 2346 1722 2399 inre-

155 2434 384 2487 niatura
429 2436 655 2503 quolibet
687 2437 955 2502 pittacium
992 2437 1102 2504 (97)
1136 2435 1233 2489 hoc
1261 2435 1560 2502 aliquando.
1589 2435 1711 2488 V'cr-

152 2524 282 2578 bum
315 2525 470 2594 igitur
502 2527 766 2594 accipiens
797 2542 825 2579 a
863 2527 970 2580 Deo
1016 2526 1337 2580 honorabilis
1362 2527 1499 2595 quod
1550 2527 1723 2579 nullus

154 2613 320 2666 homo
368 2615 599 2669 solveret
647 2625 738 2668 aut
797 2617 994 2684 legeret
1042 2616 1159 2685 ejus
1191 2617 1486 2684 pittacium,
1540 2616 1724 2670 abiens

153 2704 372 2772 sczipsit
398 2705 608 2772 propria
631 2721 786 2758 manu
826 2719 1119 2775 peccatum,
1152 2715 1206 2760 et
1249 2707 1452 2759 bullans
1502 2702 1725 2774 portavit

159 2796 340 2851 beato.
365 2797 670 2866 Suscipiens
700 2796 827 2867 ergo
853 2808 1066 2852 sanctus
1097 2799 1390 2867 pittat-ium,
1426 2807 1543 2863 post
1571 2798 1723 2866 quin-

156 2902 264 2955 que
290 2887 404 2942 dies
431 2889 495 2941 ad
532 2889 806 2941 Dominum
855 2889 1121 2956 profectus
1153 2897 1253 2953 est,
1270 2881 1484 2942 "nemini
1528 2887 1721 2954 aliquid

155 2977 226 3031 de
256 2979 558 3045 hujusmodi
617 2979 830 3044 pittacia
873 2989 961 3031 aut
987 2979 1297 3056 disponens,
1330 2987 1420 3031 aut
1461 2978 1720 3056 indicans.

160 3067 347 3122 Mulier
377 3070 555 3138 itaque
588 3070 825 3132 fortuitu,
871 3069 978 3124 imo
1018 3051 1412 3136 dispensatione
1459 3051 1570 3129 Dei,
1618 3081 1722 3120 nun

158 3159 395 3210 existens
448 3159 499 3210 in
531 3160 742 3212 civitate
769 3159 856 3211 die
882 3159 935 3212 in
959 3173 1060 3227 qua
1089 3158 1379 3212 translatus
1399 3166 1479 3211 est
1500 3158 1549 3210 in
1594 3170 1722 3223 pace

1824 1979 2044 2040 mitium,
2075 1980 2270 2033 faciens
2299 1981 2621 2034 voluntatem
2655 1982 2946 2034 timentium
2988 1995 3068 2044 se,
3099 1992 3149 2035 et
3185 1983 3384 2049 gloriﬁ-

1823 2085 1948 2125 cans
1971 2071 2323 2139 gloriﬁcantes
2348 2086 2428 2130 se.
2453 2080 2506 2126 et
2537 2088 2628 2138 per
2650 2074 3027 2126 miraculorum
3045 2075 3379 2141 operationes

1821 2163 2163 2229 magnificans
2185 2164 2311 2217 eos?
2338 2163 2448 2216 Non
2476 2173 2648 2216 autem
2680 2164 2730 2216 in
2748 2163 2847 2217 hoc
2875 2163 3378 2232 locosolum,inquo

1823 2255 2048 2320 pretiosa
2078 2254 2328 2307 dormitio
2366 2253 2482 2323 ejus
2515 2253 2648 2306 facta
2672 2261 2752 2307 est
2771 2294 2786 2312 .
2816 2254 2977 2322 gratia
3006 2268 3161 2327 φλεψὶ
3202 2252 3380 2307 habuit

1822 2346 1957 2412 apud
1980 2345 2159 2405 Deum,
2177 2344 2506 2396 manifestata
2521 2355 2620 2408 est,
2639 2344 2727 2396 sed
2745 2345 2934 2412 ubique
2949 2344 3153 2413 longius
3168 2346 3377 2399 claruit.

1893 2433 2018 2488 CAP.
2061 2433 2166 2488 Lll.
2200 2463 2268 2473 —
2292 2434 2482 2488 Eadem
2514 2437 2652 2488 enim
2684 2436 2767 2488 die
2797 2436 2847 2488 in
2883 2449 2984 2502 qua
3015 2436 3077 2487 ad
3128 2435 3288 2488 Deum
3315 2453 3378 2489 cx

1823 2519 1922 2580 hac
1948 2529 2052 2579 vita
2084 2525 2271 2579 beatus
2301 2526 2398 2580 iste
2425 2527 2693 2595 profectus
2721 2537 2820 2590 est,
2851 2527 3061 2593 quidam
3079 2541 3261 2580 eorum
3291 2528 3379 2595 qui

1822 2613 2109 2680 angelicam
2141 2613 2300 2666 vitam
2372 2620 2427 2666 et
2469 2657 2473 2663 .
2517 2610 2734 2668 schema
2828 2609 3203 2667 monachicum
3285 2615 3381 2666 ha-

1822 2703 1979 2765 bent,
2002 2703 2082 2755 vir
2112 2701 2435 2756 admirabilis
2481 2712 2535 2756 et
2565 2703 2873 2764 industrius,
2897 2701 3123 2757 Sabinus
3147 2703 3378 2770 nomine,

1825 2793 2160 2847 Alexandria:
2190 2791 2453 2856 habitans,
2494 2792 2626 2845 vidit
2654 2792 2805 2860 quasi
2844 2792 2895 2844 in
2925 2806 3146 2845 excessu
3189 2793 3379 2846 mentis

1823 2880 2009 2944 factus,
2039 2881 2290 2934 divinitus
2321 2877 2631 2933 honeratum
2661 2867 2915 2934 Joannem
2938 2880 3004 2934 de
3035 2873 3245 2948 preprio
3265 2883 3382 2951 epi-

1822 2972 2003 3039 scopio
2029 2973 2382 3041 egredientem
2401 2987 2518 3024 cum
2541 2973 2683 3026 clero
2709 2972 2849 3025 omni
2873 2987 3024 3026 cerea
3067 2981 3383 3040 portantem,

1822 3071 1874 3114 et
1896 3061 1960 3114 ad
2001 3061 2372 3128 imperatorem
2401 3069 2636 3123 euntem,
2671 3071 2916 3130 tanquam
2967 3065 3212 3115 eunucho
3250 3079 3381 3130 quu-

1823 3150 1942 3205 dam
1977 3151 2054 3223 (ut
2086 3151 2198 3219 ipse
2227 3151 2433 3204 dicebat
2478 3150 2725 3218 Sabinus)
2756 3151 3080 3206 cubiculario
3123 3153 3261 3205 hunc
3292 3168 3383 3204 νος

160 3251 226 3305 de
253 3251 448 3303 sicculo
477 3249 578 3304 isto
617 3251 680 3302 ad
707 3249 846 3303 aliud
876 3223 1194 3315 patriarcha,
1224 3249 1436 3302 volente
1464 3257 1514 3302 et
1543 3247 1594 3301 in
1627 3249 1726 3300 hoc
1752 3223 1798 3284 C
1826 3251 1998 3306 caute,
2030 3252 2309 3310 postquam
2332 3245 2545 3309 januam
2579 3243 2830 3309 episc0pii
2869 3245 3018 3308 exiit,
3050 3246 3188 3311 quod
3218 3244 3383 3311 signi-

159 3339 524 3393 demonstrare
573 3340 682 3392 Deo
726 3348 974 3408 quantam
1023 3337 1159 3405 apud
1189 3353 1331 3401 eum,
1365 3348 1546 3405 utpote
1598 3352 1723 3406 pro-

162 3433 310 3500 prius
338 3431 582 3494 famulus,
627 3431 868 3484 fiduciam
905 3431 1227 3497 possidebat.
1266 3428 1369 3482 Sed
1412 3437 1532 3496 post
1568 3442 1722 3481 unam

162 3522 302 3574 diem
338 3519 720 3574 reconditionis
759 3519 971 3587 pretiosi
1014 3520 1131 3586 ejus
1183 3519 1368 3586 lipsani
1409 3518 1524 3589 (98)
1567 3518 1725 3571 adve-

161 3609 330 3670 niens,
361 3623 482 3661 cum
514 3609 746 3663 audisset
765 3607 1134 3661 domuitionem
1174 3607 1307 3674 ejus,
1333 3620 1516 3659 amens
1543 3613 1596 3658 et
1624 3606 1726 3658 de-

160 3696 355 3764 sipiens
387 3695 767 3764 propemodum
807 3695 940 3748 facta
980 3704 1081 3760 est,
1113 3694 1422 3749 existimans
1453 3693 1722 3762 pittacium

160 3788 298 3854 quod
318 3786 560 3850 dederat,
583 3787 634 3839 in
661 3787 932 3853 episcojiio
960 3787 1222 3850 relictum,
1254 3784 1500 3839 omnibus
1528 3787 1725 3862 faceret

159 3877 364 3945 culpant
397 3876 510 3942 ejus
541 3875 890 3929 manifestam.
922 3875 1040 3930 Cito
1062 3890 1188 3944 ergo
1216 3875 1474 3934 resiliens.
1502 3883 1555 3929 et
1585 3873 1720 3940 prio-

163 3979 274 4017 rem
306 3964 462 4016 fidem
491 3977 639 4016 suam
683 3963 1077 4016 indubitabilem
1121 3976 1279 4030 super
1312 3963 1543 4015 animam
1577 3976 1724 4015 resu-

161 4067 330 4118 mens,
355 4067 530 4106 arcam
560 4068 588 4104 a
621 4052 730 4106 Deo
772 4051 1011 4104 honorati
1053 4052 1432 4120 apprehendit;
1472 4063 1546 4117 et,
1587 4052 1723 4105 sicut

162 4143 352 4196 viventi
377 4143 424 4196 ei
471 4144 752 4203 veraciter,
792 4144 861 4195 ita
917 4143 1122 4195 turbata
1155 4142 1462 4209 perhibebat
1496 4159 1510 4194 :
1555 4141 1722 4194 llomo

161 4231 276 4296 Dei,
307 4232 400 4286 tibi
426 4231 527 4284 hoc
565 4240 837 4299 peccatum
875 4246 980 4285 non
1013 4233 1154 4299 potui
1181 4246 1448 4292 enarrare
1488 4245 1552 4285 eo
1579 4229 1719 4298 quod

160 4336 318 4388 supra
348 4320 560 4373 modum
593 4321 849 4374 existeret
874 4335 1057 4388 grave.
1088 4330 1140 4375 et
1162 4335 1287 4375 ecce
1317 4336 1455 4375 nunc
1477 4321 1721 4375 omnibus

100 4471 102 4473 ν
159 4409 350 4464 factum
378 4419 459 4463 est
486 4410 700 4463 forsitan
731 4408 1062 4463 manifestum
1105 4419 1158 4464 et
1181 4411 1444 4477 cognitum
1474 4428 1489 4476 ;
1520 4410 1718 4464 utinam

160 4515 263 4553 non
294 4499 387 4553 tibi
416 4515 525 4554 rem
557 4514 728 4553 meam
755 4499 1195 4554 manifestassem.
1229 4499 1341 4553 Heu
1367 4502 1380 4554 ε
1415 4503 1516 4554 heu
1547 4501 1673 4554 mihi
1701 4503 1713 4554 ι

1828 3332 1947 3385 ficat
1976 3333 2170 3400 proprii
2197 3333 2433 3399 corporis
2459 3334 2866 3400 separationem,
2897 3344 2952 3387 et
2973 3350 3127 3387 unam
3153 3335 3382 3402 puellam

1828 3431 1884 3476 ut
1910 3423 2102 3488 solem,
2131 3423 2509 3490 suscipientem
2539 3438 2682 3487 eum,
2714 3432 2768 3476 et
2817 3439 2972 3476 manu
3018 3432 3303 3486 tenentem,
3332 3435 3383 3476 et

1825 3527 1983 3580 super
2012 3522 2170 3581 caput
2193 3527 2446 3566 coronam
2476 3528 2541 3567 ex
2567 3513 2698 3566 oleae
2728 3514 2889 3566 ramis
2913 3514 3384 3567 circumamictam.

1827 3603 1943 3656 Mox
1970 3617 2095 3670 ergo
2125 3604 2335 3671 agnovit
2373 3612 2588 3657 sanctus
2629 3603 2856 3656 Sabinus
2885 3604 3250 3672 migrationem
3295 3617 3385 3672 pa-
3451 3611 3454 3616 ‘

1827 3693 2071 3748 triarcha:
2103 3695 2168 3747 ad
2208 3695 2484 3748 Dominum
2513 3694 2622 3762 ipsa
2655 3695 2780 3748 hora
2814 3694 2974 3747 fuisse
3006 3694 3214 3747 factam.
3246 3695 3384 3760 Qua-

1825 3793 2037 3852 propter
2063 3783 2378 3839 adnotantes
2426 3785 2638 3854 quidem
2693 3801 2929 3840 mensem
2964 3795 3018 3840 et
3063 3787 3226 3852 diem,
3272 3795 3385 3841 erat

1823 3876 1964 3928 enim
1992 3875 2237 3939 celebris,
2262 3876 2506 3929 videlicet
2526 3877 2692 3929 sancti
2717 3876 2962 3947 martyris
2985 3878 3188 3930 Henna:
3211 3877 3384 3946 (100),

1823 3963 2136 4030 quihusdam
2162 3964 2490 4018 venientibus
2519 3965 2586 4018 de
2622 3963 2795 4034 Cypro
2849 3974 3248 4033 percunctantes
3277 3966 3384 4034 qui-

1824 4051 1945 4106 dam
1975 4052 2065 4120 qui
2097 4051 2402 4107 habitabant
2427 4053 2762 4107 Alexandriae
2787 4055 2852 4106 de
2878 4054 3190 4122 migratione
3217 4055 3384 4108 sancti

1823 4141 2155 4208 patriarchae,
2199 4153 2524 4210 agnoverunt
2569 4157 2746 4196 veram
2792 4142 2951 4196 fuisse
2994 4142 3267 4202 visionem,
3316 4155 3384 4195 eo

1822 4231 1960 4299 quod
1990 4231 2174 4286 eadem
2205 4231 2332 4288 hora
2363 4233 2513 4288 fleret
2544 4233 2596 4286 in
2623 4248 2722 4301 qua
2751 4233 2882 4286 obiit
2906 4234 3110 4296 beatus,
3139 4242 3194 4287 et
3217 4233 3384 4286 maxi-

1824 4335 1910 4374 me
1937 4321 2004 4374 de
2027 4321 2271 4388 exemplo
2300 4321 2490 4389 puella:
2519 4336 2635 4390 quae
2665 4337 2821 4375 manu
2845 4323 3056 4375 tenebat
3093 4336 3236 4375 eum.
3268 4323 3384 4377 Ac-

1821 4419 2036 4479 ceperat
2063 4413 2204 4466 enim
2239 4413 2680 4479 repromissiones
2709 4415 2774 4464 ab
2801 4426 2862 4466 ea
2894 4421 3128 4476 sanctus,
3161 4411 3298 4465 sicut
3328 4411 3381 4465 in

1822 4501 2244 4568 praeedentibus
2291 4502 2466 4556 verbis
2519 4501 2648 4555 Vita:
2691 4500 2921 4555 diximus
2969 4501 3148 4568 (Sup.,
3190 4515 3236 4553 ε.
3279 4501 3380 4568 7):

160 4597 348 4656 putans
377 4588 700 4642 confusionis
746 4587 1134 4643 absolutionem
1185 4587 1443 4655 invenire,
1476 4589 1716 4643 confusio
1747 4571 1797 4629 Ῑ)
1821 4587 1950 4655 Quia
1980 4590 2024 4642 si
2055 4603 2139 4643 me
2169 4590 2405 4658 possides
2433 4590 2680 4654 amicam,
2721 4605 2819 4658 ego
2843 4598 2892 4643 te
2919 4600 3040 4644 ante
3088 4587 3381 4656 impetato-

160 4677 403 4730 omnibus
427 4677 559 4731 facta
586 4692 736 4740 sum;
761 4690 856 4745 pro
883 4677 1086 4733 medela
1111 4672 1486 4752 blasphemiam
1516 4680 1713 4747 recepi.

158 4766 292 4830 Quid
316 4766 442 4818 mihi
469 4766 543 4838 ad,
567 4775 618 4818 te
661 4780 793 4831 opus
816 4774 930 4818 erat
956 4775 1218 4820 secretum
1247 4767 1437 4819 animae
1473 4782 1605 4822 mea!
1626 4783 1717 4836 pa-

159 4852 384 4906 tefacere
404 4853 428 4904 ?
452 4853 647 4908 Tamen
677 4870 780 4907 non
809 4854 1046 4907 deficiam
1076 4867 1245 4923 neque
1266 4854 1522 4917 diffl-Jam,
1545 4871 1714 4923 neque

155 4947 441 4999 rem0vebo
465 4960 491 4995 a
523 4946 722 4998 tumulo
749 4945 1026 5014 lacrymas.
1057 4958 1222 5012 usque
1249 4947 1372 4998 dum
1400 4944 1716 5000 satisfactio-

156 5046 274 5086 nem
300 5032 367 5086 de
408 5035 660 5100 petitione
700 5047 813 5086 mea
843 5047 1117 5100 accepero.
1169 5033 1347 5100 Neque
1387 5034 1529 5087 enim
1576 5049 1716 5088 mor-

156 5130 274 5175 tuus
301 5136 381 5186 es,
431 5133 612 5176 sancte
659 5122 774 5189 Dei,
819 5123 912 5176 sed
944 5123 1094 5176 vivis.
1138 5122 1400 5190 Scriptum
1447 5133 1529 5177 est
1574 5123 1712 5177 enim

153 5212 270 5278 quia
293 5210 423 5280 justi
454 5213 504 5264 in
536 5219 845 5280 perpetuum
875 5212 1050 5265 vivent
1098 5213 1254 5282 (Sap.
1285 5213 1360 5281 v).
1413 5214 1713 5284 lterumque

151 5302 335 5353 eadem
367 5300 522 5355 verba
554 5315 852 5366 assumens,
879 5301 1123 5354 diccbat:
1174 5302 1333 5367 Nihil,
1391 5304 1549 5357 homo
1595 5304 1708 5370 Dei,

152 5398 274 5454 peto
295 5399 425 5453 ate,
459 5389 555 5440 nisi
587 5398 642 5441 ut
693 5397 896 5444 certum
930 5389 1095 5442 facias
1123 5404 1216 5443 cor
1252 5405 1424 5444 meum
1458 5393 1707 5460 quidnam

149 5479 214 5532 de
236 5479 358 5532 dato
392 5480 480 5532 tibi
514 5480 731 5547 pittacio
758 5480 949 5533 factum
992 5482 1103 5535 sit?
1141 5482 1276 5536 Deus
1306 5497 1431 5551 ergo
1457 5484 1546 5551 qui
1581 5483 1712 5536 dixit

150 5569 431 5638 aliquando
460 5571 524 5623 ad
559 5569 909 5624 Chananeam
937 5587 951 5623 ε
986 5571 1141 5626 Fides
1167 5582 1248 5626 tua
1281 5584 1330 5627 te
1361 5575 1556 5626 salvam
1585 5575 1712 5628 fecit

148 5657 364 5718 (Matth.
397 5663 514 5728 xv),
543 5659 654 5728 ipse
680 5668 733 5713 et
777 5661 913 5714 hanc
939 5671 1136 5715 certam
1178 5662 1321 5717 fecit.
1351 5663 1539 5718 Tribus
1567 5664 1709 5718 enim

152 5749 333 5806 diebus
360 5764 704 5820 perseverans
730 5750 796 5804 ad
844 5750 1139 5820 sepulcrum
1195 5753 1384 5818 sancti,
1434 5764 1486 5810 et
1533 5756 1708 5810 cibum

1818 4691 1928 4732 rem
1955 4677 2308 4744 introducam,
2339 4679 2480 4748 quod
2510 4689 2562 4733 et
2591 4694 2772 4734 revera
2813 4679 2956 4733 fecit.

1886 4769 2012 4823 Cn.
2056 4770 2186 4823 Llll.
2208 4799 2277 4810 —-
2297 4771 2411 4825 Non
2438 4780 2611 4825 autem
2631 4785 2692 4823 ex
2719 4772 2816 4824 hoc
2849 4778 3047 4823 tantum
3077 4784 3263 4823 omnes
3287 4783 3380 4822 sa-

1819 4859 2168 4913 tisfactionem
2195 4868 2532 4929 acceperunt,
2559 4860 2697 4929 quod
2726 4861 3064 4930 eleemosyna
3094 4870 3147 4916 et
3173 4863 3380 4916 miscri-

1816 4948 1994 5002 c0tdia
2024 4962 2178 5014 quam
2226 4949 2407 5003 habuit
2435 4948 2576 5003 circa
2601 4965 2836 5018 egentes,
2876 4966 2997 5005 eum
3025 4952 3074 5004 in
3120 4954 3376 5007 cmlorum

1817 5053 2034 5107 regnum
2056 5040 2411 5105 deduxerunt;
2438 5039 2532 5094 sed
2554 5041 2674 5108 quia
2695 5041 2829 5095 alius
2848 5056 3032 5096 eorum
3062 5043 3146 5110 qui
3175 5044 3380 5099 habita-

1818 5129 1906 5182 bat
1930 5129 2193 5184 civitatem
2225 5131 2620 5194 Alexandriam,
2655 5131 2846 5185 timens
2878 5133 3062 5198 Deum,
3093 5134 3221 5187 vidit
3265 5137 3376 5202 ipsa

1815 5228 1968 5270 nocte
2009 5219 2059 5271 in
2086 5234 2187 5286 qua
2211 5227 2265 5272 et
2291 5229 2503 5274 sanctus
2533 5220 2782 5288 Sabinus,
2810 5237 2994 5276 omnes
3024 5238 3278 5291 pauperes
3319 5234 3375 5279 et

1815 5308 2080 5374 orphanos
2099 5315 2255 5376 atque
2276 5309 2482 5375 viduas,
2524 5311 2654 5364 olea:
2693 5325 2869 5364 ramos
2895 5310 3207 5378 bajulantes,
3237 5323 3290 5366 et
3320 5314 3373 5367 in

1816 5399 2127 5465 patriarchae
2152 5400 2406 5468 obsequio
2433 5410 2641 5465 euntes,
2677 5412 2732 5454 et
2759 5401 2822 5453 ad
2844 5403 3123 5455 ecclesiam
3155 5418 3378 5470 pergen-

1809 5497 1908 5540 tes.
1941 5489 2053 5541 Non
2083 5489 2252 5542 solum
2280 5491 2406 5554 duo,
2437 5501 2525 5543 aut
2550 5491 2756 5553 decem,
2801 5501 2893 5543 aut
2922 5503 3129 5544 centum
3160 5493 3371 5546 satisfa-

1807 5580 2009 5632 ctiones
2034 5590 2174 5645 sunt,
2208 5595 2301 5647 per
2342 5597 2473 5649 quas
2497 5582 2694 5635 scimus
2722 5581 2865 5635 clare
2892 5582 3135 5650 quoniam
3158 5593 3376 5637 sancto-

1807 5683 1923 5722 rum
1953 5683 2227 5723 numerum
2267 5672 2460 5724 meruit
2499 5675 2854 5729 memorabilis
2881 5673 3001 5736 hic;
3031 5673 3123 5727 sed
3149 5687 3274 5728 ecce
3319 5680 3378 5729 et

1808 5757 1942 5824 alim,
1974 5771 2103 5826 quas
2131 5759 2460 5829 subsequens
2489 5760 2655 5815 forma
2685 5762 2932 5817 ostendit.
