4118 6432
143 449 274 517 i669

147 639 1197 674 Mm

1307 453 1474 512 \‘ITA
1533 455 1594 510 S.
1642 449 2018 512 SYMEONIS
2063 451 2253 510 SALl.

3249 450 3381 512 16Ἰο

1780 639 1905 663 σου·

1910 636 3360 668 m

1091 810 1240 926 Ε]
1258 810 1728 926 USDEM
1848 809 2427 924 LEONTII

1205 1049 1567 1095 NIAPOLEOS
1611 1050 1900 1094 CYPRORU
1910 1050 1956 1094 LI
2013 1048 2299 1095 EPISCOPI

612 1208 897 1303 VITA
966 1207 1061 1296 S.
1139 1203 1750 1343 SYMEQNIS
1817 1206 2068 1295 SALI
2148 1204 2994 1302 CONFESSORIS.

126 1404 246 1473 (Et
280 1405 457 1460 codice
493 1403 774 1469 Vaticano,
811 1401 1019 1471 signato
1050 1415 1195 1454 num.
1233 1397 1358 1463 8l9,
1402 1398 1604 1452 collata
1630 1413 1749 1450 cum
1778 1413 1863 1464 ea,
1915 1415 2034 1468 qua:
2073 1409 2152 1454 est
2210 1401 2349 1470 apud
2407 1401 2650 1470 Satrium,
2707 1414 2745 1458 t.
2804 1404 2893 1471 lll,
2954 1422 3007 1476 p.
3054 1407 3106 1461 l.
3162 1408 3387 1465 Εάὶάενε

1116 1494 1410 1563 Bormann,
1444 1496 1562 1550 Act.
1590 1492 1798 1561 Sanct.,
1823 1492 1962 1548 Julii
1986 1504 2028 1550 t.
2055 1493 2097 1561 l,
2131 1511 2186 1568 p.
2223 1497 2378 1565 136.)

1365 1803 1736 1860 PROLOGUS
1767 1805 2141 1864 AUCTORlS.

1735 1947 1798 1961 ω

193 2049 270 2097 α’.
303 2041 368 2094 Ol.
401 2040 460 2094 τὸ
481 2035 857 2093 διδασκαλικὸν
906 2034 1042 2106 πρὸς
1075 2034 1336 2106 ἀλλήλους
1377 2034 1697 2095 σπεύδοντες

1869 2035 1920 2090 1.
1963 2035 2062 2102 Qui
2132 2036 2368 2091 docendi
2429 2038 2754 2093 auctoritate
2795 2040 2937 2109 apud
2998 2041 3134 2096 alios
3196 2045 3380 2102 valere

117 2131 489 2206 μεταδιώκειν
518 2131 758 2201 ἀξίωμα,
779 2127 1089 2199 ὀφείλουσιν
1115 2128 1179 2181 ἐκ
1215 2127 1308 2180 τοῦ
1343 2127 1551 2180 ἑαυτῶν
1586 2125 1700 2195 βίου

111 2226 222 2295 τὴν
250 2224 457 2294 ἐτέρων
479 2221 826 2300 διδασκαλίαν
853 2220 1245 2285 ὑποδεικνύειν,
1269 2220 1410 2274 κατά
1435 2221 1532 2291 τὴν
1553 2220 1704 2273 θείαν

115 2317 317 2386 φωνὴν
356 2315 453 2387 τὴν
507 2315 810 2383 λέγουσανο
851 2331 871 2364 ι
929 2311 1116 2389 Οὕτως
1154 2313 1424 2382 λαμψάτω
1478 2312 1551 2384 τὸ.
1587 2312 1704 2380 φῶς

115 2411 286 2480 ὑμῶν
337 2409 645 2479 ἔμπροσθεν
683 2408 792 2460 τῶν
825 2407 1150 2477 ἀνθρώπων,
1187 2406 1337 2468 ὅπως
1372 2405 1522 2458 ἴδωσι
1553 2404 1706 2475 ὑμῶν

112 2503 189 2557 τά
226 2502 370 2557 καλὰ
395 2503 550 2571 ἔργα,
581 2501 676 2554 καὶ
709 2500 1005 2566 δοξάσωσιν
1030 2499 1119 2551 τὸν
1157 2498 1374 2569 Πατέρα
1404 2497 1580 2567 ὑμῶν,
1615 2498 1708 2550 τὸν

113 2597 181 2649 ἐν
211 2598 330 2659 τοῖς
380 2595 646 2661 οὐρανοῖς.
705 2611 724 2644 ι
758 2594 973 2662 Μήπως
1035 2591 1254 2661 ἐτέρους
1309 2589 1579 2643 νουθετεῖν
1615 2590 1708 2643 καὶ

118 2685 500 2755 καταρτίζειν,
547 2683 643 2737 καὶ
687 2683 900 2751 ὁδηγεῖν
928 2680 1271 2744 σπεύδοντες,
1309 2681 1439 2751 πρὶν
1483 2680 1710 2742 ἑαυτοὺς

116 2775 439 2841 διδάξωσιν,
474 2776 569 2828 καὶ
604 2773 988 2843 ἐκκαθάρωσιν
1013 2772 1099 2824 διὰ
1118 2771 1221 2840 τῆς
1253 2770 1360 2823 τῶν
1381 2770 1540 2823 θείων
1562 2772 1712 2822 ἐντοσ

124 2871 244 2923 λῶν
269 2868 555 2938 ἐργασίας,
607 2865 843 2919 λάθωσιν
895 2864 1000 2934 πρὸ
1043 2863 1249 2917 τούτων
1279 2864 1476 2916 οἰκεῖον
1516 2862 1708 2931 νεκρὸν

123 2961 394 3023 κλαῦσαι,
441 2958 572 3029 περὶ
620 2958 710 3010 τὸν
740 2956 833 3009 τοῦ
899 2957 1086 3024 ἐτέρου
1143 2954 1554 3024 ἀσχοληθέντες,
1613 2953 1710 3006 καὶ

125 3051 404 3122 πληρωθῇ
436 3041 523 3101 ἐπ’
565 3047 745 3133 αὐτοῖς
772 3046 834 3098 τδ
854 3045 1106 3113 ἀψευδὲς,
1143 3045 1235 3097 καὶ
1277 3043 1513 3114 ἁρμόζον
1533 3042 1716 3104 αὐτοῖς

125 3143 342 3211 λόγιον,
368 3143 430 3193 τὸ
450 3132 690 3207 φάσκον³
724 3155 743 3188 ι
783 3132 967 3197 Ὅστις
999 3136 1074 3204 μὴ
1117 3135 1318 3205 ποιήσῃ
1360 3135 1456 3186 καὶ
1507 3132 1716 3204 διδάξῃ,

128 3229 296 3296 οὗτος
328 3233 608 3301 ἐλάχιστος
633 3228 978 3309 κληθήσεταιΙ
1012 3227 1071 3290 ἐν
1096 3227 1162 3296 τῇ
1212 3224 1597 3303 βασιλείᾳπῶν
1622 3225 1710 3276 οὐ·

133 3324 347 3397 ρανῶν,
388 3341 406 3375 ι
441 3322 551 3374 Καὶ
579 3321 739 3373 πάλιν
761 3334 776 3350 ο
817 3337 836 3371 t
891 3315 1213 3387 ’Υποκριτά,
1248 3315 1474 3368 ἔκϐαλλε
1503 3315 1718 3382 πρῶτον

129 3417 241 3489 τὴν
269 3415 425 3470 δοκὸν
444 3416 507 3468 ἐκ
535 3413 629 3466 τοῦ
660 3409 937 3483 ὀφθαλμοῦ
967 3427 1081 3489 σου,
1104 3410 1197 3462 καὶ
1226 3407 1716 3482 ώτεσέμὸλέψειςρ

131 3484 239 3564 καὶ
271 3509 339 3562 τὰ
361 3508 508 3578 ἑξῆς.
541 3506 632 3558 Διὸ
665 3505 759 3557 καὶ
796 3505 823 3555 ὁ
848 3503 956 3554 τῶν
973 3484 1239 3572 ᾹΠράξεων
1269 3502 1378 3552 τῶν
1415 3499 1725 3553 ἀποστόλων

135 3599 314 3669 σοφὸς
344 3597 692 3668 συγγραφεὺς
721 3594 850 3663 περὶ
894 3591 988 3645 τοῦ
1040 3590 1276 3660 μεγάλου
1330 3590 1425 3642 καὶ
1469 3588 1724 3657 ἀληθινοῦ

133 3689 308 3760 ἡμῶν
331 3685 466 3742 Θεοῦ
498 3685 594 3768 καὶ
619 3683 941 3738 διδασκάλου
974 3682 1148 3760 οὕτως
1173 3681 1336 3752 φησίν
1356 3698 1370 3712 ο
1395 3674 1496 3733 Ὧν
1524 3679 1728 3752 ἧρξατο
1786 3683 1794 3690 ”

133 3781 169 3834 ὁ
209 3781 424 3848 Ἰησοῦς
451 3780 625 3832 ποιεῖν
657 3792 716 3828 τε
754 3776 850 3828 καὶ
900 3774 1193 3828 διδάσκειν.
1224 3791 1243 3825 ι
1278 3771 1449 3825 Τοῦτο
1491 3772 1600 3843 γὰρ
1632 3771 1731 3824 καὶ

137 3869 458 3932 ιιαῦλοςιτδ
487 3867 630 3937 μέγα
662 3865 854 3931 σκεῦος
883 3866 981 3935 τῆς
1012 3855 1364 3935 Ἑκκλήσίας,
1395 3863 1728 3934 ἐπιπλῆττον

135 3964 272 4048 τοῖς
299 3953 616 4037 Ῥωμαίοις,
639 3959 878 4029 ἔγραφεν
898 3957 1071 4020 οὕτως
1097 3957 1270 4048 λέγων
1297 3975 1308 3986 ·
1348 3973 1366 4008 ι
1411 3953 1544 4010 Εἶτα
1591 3958 1620 4009 ὁ
1647 3956 1731 4010 δι-

137 4030 371 4110 δάσζιων
401 4030 612 4124 ἕτερον,
637 4050 860 4106 σεαυτὸν
894 4050 956 4103 οὐ
985 4030 1290 4116 διδάσκείξς
1323 4067 1342 4101 ι
1370 4048 1464 4102 καὶ
1492 4049 1560 4103 τὰ
1583 4047 1730 4118 ἑξῆς.

155 4147 322 4200 Ἐπεὶ
350 4141 443 4200 οὖν
468 4145 529 4209 ἐξ
556 4144 757 4198 οἰκείου
794 4143 909 4212 βίου
941 4141 1315 4205 διδασκαλίας,
1352 4140 1446 4194 καὶ
1488 4141 1587 4211 τῆς
1610 4139 1729 4194 κατ’

142 4238 360 4337 ἀρετην
394 4236 655 4337 ἐργασίας
667 4237 860 4326 ⁸εἰκόνα
885 4234 980 4288 καὶ
1017 4234 1189 4287 τύπον
1221 4226 1507 4303 προθεῖναι
1533 4232 1733 4285 ἀδυνα-

141 4300 484 4398 τοῦμένβίά
497 4324 644 4394 πάθη
667 4300 773 4393 ῗτῆς
802 4321 1075 4394 ἁμαρτίας
1106 4323 1164 4375 ἐν
1205 4300 1415 4383 ἑαυτοῖς
1456 4317 1732 4390 πανταχοῦ

139 4419 572 4490 περιφέροντες,
602 4415 740 4485 ,φέρε
776 4415 878 4467 κᾶν
925 4414 990 4466 ἐκ
1048 4413 1146 4483 τῆς
1197 4412 1399 4480 ἐτέρων
1450 4412 1734 4482 ἐργασίας,

142 4508 253 4563 καὶ
274 4507 386 4561 τῶν
406 4506 585 4568 ἄλλοις
609 4501 951 4574 πονηθέντων
987 4501 1228 4573 ἱδρώτων
1251 4502 1458 4572 τροφὴν
1485 4501 1613 4571 ὑμῖν
1637 4503 1736 4572 σή-

129 4605 332 4672 ’μερον
366 4597 444 4668 μὴ
480 4595 882 4666 ἀπολλυμένην,
934 4594 1050 4649 ἀλλ’
1098 4594 1398 4672 ὁδηγοῦσαν
1425 4596 1562 4665 πρὸς
1589 4594 1736 4665 ζωὴν

140 4668 378 4749 αίιίινιον
402 4688 503 4752 τὰς
540 4671 814 4758 ἡμετέρας
837 4685 1037 4756 ψυχὰς,
1075 4668 1519 4766 ἀνακαλύψομεν.
1584 4685 1602 4704 ‘

228 4780 301 4853 β’.
333 4781 531 4853 Ἀρτος
578 4778 677 4848 μὲν
712 4777 824 4849 γὰρ
849 4777 912 4830 τὸ
958 4776 1118 4847 σῶμα
1169 4777 1417 4847 στηρίξει
1447 4793 1459 4806 ·
1491 4775 1646 4844 λόγος
1678 4776 1734 4831 δὲ

142 4846 300 4928 Θεοῦ
337 4846 437 4943 τὴν
459 4846 659 4941 ρψυχὴν
685 4846 826 4940 προς
864 4846 1064 4939 ἀρετὴν
1115 4846 1420 4931 σπουδαίως
1451 4868 1738 4939 διεγείρει,

144 4968 260 5022 καὶ
292 4963 531 5036 μάλιστα
575 4962 684 5019 τῶν
732 4960 1117 5032 ρᾳθυμοτέρων
1173 4959 1304 5030 περὶ
1351 4957 1451 5029 τὴν
1477 4958 1741 5028 ἐργασίαν

146 5057 277 5113 τῶν
331 5054 492 5109 θείων
545 5051 1020 5123 παραγγελμάτων
1074 5049 1292 5120 ἀμελῶς
1345 5049 1738 5118 διακειμένων·

148 5151 282 5211 τοῖς
322 5146 420 5216 μέν
449 5145 560 5214 γάρ
588 5142 896 5205 σπουδαίοις
936 5142 1032 5195 καὶ
1064 5144 1131 5212 τῇ
1171 5140 1381 5212 διανοίᾳ
1417 5140 1560 5210 πρὸς
1610 5140 1742 5194 Θεὸν

149 5238 571 5309 ἀνακειμένοις,
600 5234 760 5305 ἱκανὴ
786 5237 879 5287 καὶ
907 5236 940 5304 ὴ
989 5234 1294 5304 συνείδησις
1330 5233 1467 5303 πρὸς
1488 5232 1746 5285 διδασκα-

150 5334 294 5393 λίας
319 5328 596 5391 ὑπόθεσιν,
617 5326 797 5380 πάντα
816 5327 885 5378 τὰ
921 5325 1103 5394 ἀγαθά
1138 5322 1601 5395 συμϐουλεύουσα,
1652 5324 1746 5377 καὶ

152 5425 395 5479 πάντων
419 5419 528 5474 τῶν
555 5416 806 5490 πονηρῶν
828 5417 1265 5488 ἀποστρέφουσα.
1291 5417 1416 5480 Τοῖς
1435 5416 1492 5469 δέ
1519 5415 1600 5469 In
1621 5415 1746 5469 τού-

99 5535 104 5540 ·
150 5511 288 5571 τὼν
318 5511 722 5582 ταπεινοτέροις
759 5508 917 5580 χρεία
946 5510 1093 5562 ἐστὶν
1119 5507 1217 5579 τῆς
1251 5506 1345 5561 τοῦ
1380 5507 1627 5577 γραπτοῦ
1658 5507 1746 5560 νό-

156 5623 287 5681 μου
320 5601 692 5676 παραγγελίας
722 5601 816 5655 καὶ
839 5600 1166 5663 ὑποθέσεως.
1193 5599 1254 5652 Εἰ
1285 5598 1344 5652 δέ
1363 5616 1447 5662 τις
1480 5598 1569 5652 τὸν
1595 5598 1747 5670 πρῶ-

154 5714 274 5755 τον
309 5697 402 5752 καὶ
426 5696 518 5751 τὸν
545 5692 797 5765 δεύτερον
816 5693 1016 5763 τρόπον
1042 5691 1141 5763 τῆς
1176 5690 1309 5761 πρὸς
1329 5690 1539 5763 ἀρετὴν
1553 5690 1748 5761 φερού-

1808 2127 2065 2195 student,
2118 2143 2150 2183 e
2213 2130 2434 2198 propria
2493 2145 2590 2185 sua
2657 2131 2768 2186 vita
2823 2133 3028 2187 debent
3094 2137 3388 2192 ostendere

1807 2219 2132 2287 doctrinam,
2163 2236 2324 2291 quam
2355 2223 2490 2279 alios
2543 2224 2794 2290 doceant,
2822 2226 2974 2295 juxta
3004 2225 3201 2282 divina:
3239 2232 3390 2288 vocis

1809 2313 2088 2367 oraculum
2119 2331 2138 2368 :
2175 2335 2193 2368 ι
2233 2316 2325 2373 Sic
2365 2315 2544 2372 luceat
2583 2317 2672 2372 lux
2717 2329 2895 2374 vestra
2931 2336 3114 2378 coram
3149 2325 3390 2380 homini-

1811 2404 1933 2469 bus,
1978 2414 2038 2459 ut
2086 2406 2309 2461 videant
2347 2423 2509 2477 opera
2539 2418 2720 2463 vestra
2773 2410 2939 2476 bona,
2980 2423 3036 2467 et
3086 2414 3391 2485 gloriﬁcent

1811 2495 2026 2550 Patrem
2058 2508 2322 2563 vestrum,
2350 2498 2442 2568 qui
2478 2499 2530 2552 in
2557 2500 2709 2553 ccelis
2749 2509 2831 2554 est
2859 2500 2898 2554 ³.
2944 2519 2960 2551 ι
3002 2501 3081 2557 Ne
3102 2503 3227 2558 dum
3256 2506 3392 2562 alios

1813 2588 1963 2655 prius
1994 2603 2238 2654 monere,
2291 2589 2580 2651 instruere,
2626 2597 2682 2643 et
2734 2589 2789 2642 in
2839 2592 2979 2644 viam
3020 2593 3224 2648 ducere
3270 2603 3392 2650 stu-

1813 2677 1964 2740 dent,
1996 2693 2157 2746 quam
2188 2678 2288 2747 ipsi
2321 2693 2380 2732 se
2406 2678 2713 2744 docuerint,
2739 2690 2793 2734 ct
2826 2686 3253 2752 expurgaverint
3295 2700 3395 2756 per

1813 2767 2123 2821 divinorum
2151 2768 2524 2823 mandatorum
2568 2771 3030 2836 observationem,
3077 2785 3203 2830 ante
3242 2778 3385 2832 obli-

1814 2860 2094 2914 viscantur
2128 2861 2407 2930 proprium
2433 2871 2708 2916 mortuum
2736 2862 2887 2928 ﬁere,
2921 2881 3082 2935 quam
3115 2868 3183 2922 de
3215 2869 3395 2924 alieno

1817 2951 2085 3018 laborent,
2121 2953 2258 3030 etin
2292 2952 2396 3007 illis
2429 2949 2744 3023 impleatur,
2785 2971 2973 3011 verum
3012 2958 3137 3024 hoc,
3174 2969 3229 3014 et
3262 2960 3396 3031 ipsis

1781 3036 1796 3057 ⁹
1818 3057 2118 3112 congruum
2146 3037 2444 3112 eloqui‘um,
2471 3045 2615 3113 quod
2650 3045 2782 3099 dicit
2815 3065 2828 3100 :
2859 3066 2876 3098 ι
2905 3047 3009 3112 Qui
3047 3065 3154 3104 non
3205 3051 3396 3107 fecerit

1818 3138 1873 3186 et
1902 3131 2166 3196 docuerit,
2204 3133 2292 3186 hic
2322 3132 2578 3186 minimus
2605 3135 2888 3190 vocabitur
2928 3137 2982 3190 in
3029 3138 3197 3209 regno
3234 3141 3401 3196 caelo-

1820 3239 1942 3278 rum
1969 3225 2011 3277 ’.
2050 3243 2070 3276 ι
2093 3224 2160 3280 Et
2191 3225 2422 3291 iterum;
2458 3243 2477 3278 ι
2506 3226 2814 3297 Hypocrita,
2846 3229 2983 3297 ejice
3015 3231 3250 3300 primum
3287 3240 3399 3287 tra-

1822 3313 1944 3367 bem
1987 3327 2054 3368 ex
2081 3313 2239 3368 oculo
2278 3323 2392 3380 tuo,
2431 3325 2487 3370 et
2514 3324 2659 3371 tunc
2703 3317 2958 3388 inspicies
2989 3321 3032 3384 ³,
3071 3338 3089 3370 ι
3121 3331 3228 3376 etc.
3275 3321 3403 3377 Ideo

1828 3405 2044 3474 sapiens
2088 3420 2305 3475 quoque
2359 3407 2590 3461 Actnum
2644 3410 3010 3478 apostolorum
3065 3413 3301 3481 scriptor
3336 3414 3403 3467 de

1828 3511 2026 3566 magno
2054 3512 2118 3552 ac
2139 3513 2333 3553 verace
2378 3500 2488 3553 Deo
2517 3510 2705 3556 nostro
2735 3511 2790 3556 et
2831 3504 3090 3573 magistro
3119 3504 3198 3559 sic
3226 3505 3406 3575 loqui-

1828 3598 1956 3643 tur:
1996 3608 2016 3642 ι
2053 3589 2184 3655 Quae
2223 3591 2389 3661 cwpit
2419 3590 2576 3648 Jcsus
2621 3593 2804 3648 facere
2840 3605 2895 3649 et
2923 3596 3120 3651 docere
3149 3597 3190 3649 ⁸.
3231 3617 3248 3648 ι
3285 3596 3399 3652 Hoc

1829 3680 1976 3734 enim
2024 3689 2080 3736 et
2116 3679 2335 3746 Paulus,
2377 3697 2632 3754 magnum
2683 3683 2940 3740 Ecclesia:
2967 3701 3083 3752 vas,
3128 3687 3403 3742 Romanos

1831 3772 2140 3843 increpans.
2185 3775 2423 3844 scripsit,
2485 3776 2564 3831 sic
2607 3760 2796 3832 dicens
2827 3795 2840 3830 :
2876 3796 2896 3829 ι
2933 3777 3049 3840 'l-‘u,
3097 3779 3189 3848 qui
3237 3780 3402 3833 alium

1830 3862 2014 3928 doces,
2045 3864 2099 3917 te
2135 3863 2312 3934 ipsum
2349 3880 2457 3919 non
2498 3865 2702 3919 doces?
2736 3884 2754 3916 ι
2791 3875 2897 3921 etc.
2918 3866 3186 3932 Quoniam
3218 3883 3347 3938 ergo
3375 3885 3407 3923 e

1829 3953 1942 4007 vita
1969 3963 2174 4020 nostra,
2199 3953 2462 4010 doctrinm
2489 3964 2545 4010 et
2574 3941 2928 4025 Operationis,
2948 3973 3071 4027 qua:
3098 3960 3403 4012 secundum

1831 4043 2089 4099 virtutem
2135 4053 2239 4112 est,
2281 4045 2568 4116 imaginem
2609 4055 2665 4100 et
2697 4045 2923 4116 ﬁguram
2965 4062 3270 4119 proponere
3297 4062 3405 4101 non

1832 4134 2722 4211 possumus,'peccati,aﬁ‘ectiones
2752 4137 2956 4206 ubique
3006 4138 3061 4190 in
3106 4137 3262 4191 nobis
3300 4137 3410 4190 cir-

1832 4227 2231 4293 cumferentes;
2266 4243 2385 4297 age,
2421 4227 2505 4282 vel
2531 4243 2594 4280 ex
2621 4226 2852 4281 aliorum
2883 4227 3224 4296 operatione,
3264 4234 3320 4280 et
3344 4241 3408 4280 ex

1833 4317 2147 4381 sudoribus,
2171 4318 2263 4387 qui
2298 4319 2368 4373 ab
2405 4319 2526 4373 aliis
2573 4318 2832 4373 exantlati
2877 4327 3024 4383 sunt,
3059 4318 3403 4383 alimentum,

1835 4411 1981 4480 quod
2015 4410 2169 4466 vobis
2216 4410 2374 4465 hodie
2418 4426 2527 4464 non
2577 4418 2786 4480 pereat,
2828 4410 2922 4464 scd
2954 4410 3165 4465 animas
3195 4420 3415 4466 nostras

1837 4502 2070 4558 adducat
2098 4501 2153 4556 in
2177 4501 2340 4556 vitam
2369 4509 2654 4565 aeternam,
2675 4485 3060 4555 revelabimus.

1762 4736 1808 4798 ο
1908 4771 1964 4826 2.
2003 4769 2135 4825 Nam
2165 4769 2320 4839 panis
2347 4768 2566 4838 quidem
2615 4765 2904 4830 conﬁrmat
2948 4779 3166 4832 corpus,
3197 4763 3423 4818 divinus

1841 4872 2022 4918 autem
2059 4877 2240 4917 sermo
2267 4862 2503 4926 animam
2541 4857 2828 4912 excitatad
2863 4856 3137 4920 virtutem,
3182 4854 3422 4909 maxime

1841 4971 2052 5019 eorum,
2109 4954 2202 5023 qui
2259 4951 2679 5022 negligentiores
2718 4956 2865 5010 sunt,
2912 4955 2967 4999 ct
3014 4946 3067 4998 in
3109 4944 3421 4999 divinorum

1843 5041 2221 5104 mandatorum
2283 5045 2685 5098 exsecutionem
2753 5039 2994 5107 segniter
3070 5036 3413 5090 incumbunt.

1843 5141 1975 5195 Nam
2005 5137 2351 5209 diligentibus
2380 5145 2434 5188 et
2462 5132 2788 5203 cogitatione
2846 5131 2955 5184 Deo
2994 5127 3418 5191 inhaerentibus,

1842 5232 2042 5288 sullicit
2071 5203 2422 5293 conscientia,
2458 5224 2524 5278 ad
2566 5222 2828 5277 doctrinae
2867 5220 3279 5275 fundamentum
3327 5217 3417 5286 ja-

1842 5322 2116 5384 ciendnm,
2161 5334 2281 5387 quae
2313 5315 2493 5371 omnia
2524 5315 2666 5367 bona
2707 5310 2983 5372 conciliat,
3033 5318 3088 5362 et
3117 5306 3315 5362 avertit
3344 5305 3414 5359 ab

1842 5415 2096 5470 omnibus
2125 5410 2300 5464 malis.
2357 5407 2464 5462 Sed
2510 5406 2608 5470 illi,
2658 5403 2749 5472 qui
2815 5401 2962 5455 hisce
3003 5399 3224 5452 viliores
3263 5403 3413 5456 sunt,

1845 5506 2090 5574 indigent
2119 5503 2252 5573 legis
2295 5499 2509 5568 scriptae
2552 5493 2939 5557 declaratione,
2974 5500 3025 5546 et
3069 5496 3413 5558 argumento.

1851 5599 1906 5653 Si
1931 5611 2059 5653 vero
2087 5593 2282 5664 aliquis
2310 5591 2546 5663 primum
2573 5596 2630 5644 et
2673 5584 2974 5641 secundum
3020 5578 3244 5635 modum
3290 5576 3412 5635 vim.

1852 5704 1974 5759 qua:
1993 5687 2142 5743 ducit
2169 5686 2235 5740 ad
2260 5683 2536 5750 virtutem,
2578 5675 2842 5750 repulerit
2859 5717 2874 5742 ,
2907 5685 3133 5729 necesse
3154 5678 3238 5729 est
3269 5670 3416 5723 hunc

259 5873 280 5906 ⁸
307 5872 501 5932 Matth.
542 5886 597 5942 v,
648 5871 736 5928 16.
813 5871 835 5904 ¹
872 5867 1004 5927 ibid.
1028 5867 1114 5927 l9.
1187 5868 1208 5904 ³
1247 5868 1436 5926 Matth.
1467 5884 1564 5934 vn,
1596 5868 1648 5922 3.
1693 5867 1714 5901 ⁸
1753 5867 1870 5921 Act.
1902 5863 2012 5932 ι,1.
