4118 6432
156 392 291 456 16⁷13

1426 392 1595 451 VITA
1633 392 1692 451 S.
1736 392 2133 453 SYMEONIS.

3279 401 3417 471 1674

153 509 221 561 ἂν
256 506 356 575 τὴν
385 502 614 573 δύναμιν
650 504 770 556 κατ’
806 503 1009 568 αὑτοῦ,
1062 504 1153 556 καὶ
1186 504 1278 558 τοῦ
1318 509 1506 557 πατεῖν
1545 506 1727 559 ἐπάνω

1834 509 2052 577 quando
2082 506 2264 562 carnis
2296 505 2781 562 inﬂammationem
2816 524 2938 565 rore
2963 508 3201 581 Spiritus
3239 520 3415 573 sancti

139 601 333 663 ὄφεων.
366 594 459 646 καὶ
481 593 782 663 σκορπίων,
809 595 1049 663 εἴληφεν,
1074 595 1152 647 ὅτ’
1175 595 1242 648 ἂν
1263 596 1361 664 τὴν
1384 597 1483 666 τῆς
1508 600 1712 666 σαρκὸς

138 687 411 756 πύρωσιν,
451 689 516 755 τῇ
554 686 647 738 τοῦ
681 686 837 753 ἁγίου
888 686 1206 755 Πνεύματος
1256 687 1432 757 δρόσῳ
1473 689 1729 741 κατέσϐε-

138 795 253 842 σεν,
281 778 359 830 ὅτ’
397 777 463 831 ἂν
494 779 713 847 ἁπάσης
747 778 851 847 τῆς
878 778 974 831 τοῦ
1006 778 1124 848 βίου
1159 778 1324 831 αὐτοῦ
1364 780 1574 848 τρυφῆς
1634 781 1726 833 καί

129 872 315 941 δόξης,
347 870 423 932 ὡς
444 870 713 938 ἀράχνης,
744 870 1113 923 κατέπτυσεν.

201 962 265 1016 δ’.
304 964 411 1014 Καὶ
440 962 494 1015 τί
518 962 597 1014 δεῖ
646 962 811 1014 πλέον
844 962 1060 1029 liram;
1103 962 1181 1014 ὅτ’
1227 962 1294 1014 ἂν
1324 962 1422 1033 τὴν
1452 964 1727 1015 ἀπάθειαν

132 1055 211 1116 ὡς
245 1055 463 1125 ἱμάτιον
492 1053 695 1107 ἔσωθεν
736 1055 827 1107 καὶ
878 1053 1074 1118 ἔξωθεν
1114 1055 1206 1108 διὰ
1222 1057 1727 1127 ταπεινοφροσύνης

131 1148 276 1216 πρὲς
333 1146 528 1198 ἑαυτὸν
576 1148 953 1208 ἐπεσπάσατο,
994 1146 1088 1199 καὶ
1133 1147 1235 1217 τῆς
1284 1149 1556 1212 υἱοθεσίας
1598 1167 1728 1203 κατ-

127 1237 369 1307 ηξιώθη,
396 1239 539 1290 κατὰ
571 1239 669 1308 τὴν
717 1238 922 1309 φωνὴν,
971 1237 1070 1308 τὴν
1120 1240 1178 1291 έν
1209 1239 1286 1307 τῷ
1319 1241 1564 1310 ’ᾼσματι
1617 1240 1727 1293 τῶν

136 1327 431 1397 ᾀσμάτων,
457 1329 585 1397 περὶ
611 1330 712 1396 τῆς
737 1327 986 1397 καθαρᾶς
1009 1328 1104 1380 καὶ
1138 1328 1381 1392 ἀπαθοῦς
1429 1328 1604 1400 ψυχῆς
1647 1330 1721 1382 εί-

129 1420 385 1488 ρημένην
410 1436 422 1448 ·
463 1438 480 1468 ι
520 1420 643 1471 ’Ὁτι
681 1418 776 1487 ὅλη
835 1418 999 1487 καλὴ,
1044 1420 1213 1489 φησὶν
1249 1421 1277 1472 δ
1327 1420 1561 1489 Χριστὸς
1590 1420 1728 1488 πρὸς

130 1511 231 1579 τὴν
258 1511 462 1580 ψυχὴ-ι,
501 1511 596 1580 ὅλη
631 1509 771 1581 καλὴ
802 1513 834 1580 ἡ
879 1511 1111 1579 πλησίον
1155 1529 1280 1580 μου,
1319 1514 1414 1563 καὶ
1446 1511 1636 1581 μῶμος
1668 1512 1727 1563 ἐν

125 1604 271 1673 αὐτῇ
301 1604 402 1656 ούκ
446 1604 614 1656 ἐστιν.
652 1622 671 1654 ι
728 1604 860 1655 Τότε
899 1604 992 1656 καὶ
1038 1603 1205 1666 αὐτὸς
1239 1604 1331 1655 ἐπὶ
1362 1605 1452 1654 τῖιν
1480 1603 1687 1671 κόσμον
1711 1643 1724 1664 ,

124 1696 325 1767 ὥσπερ
350 1699 429 1758 εἰς
462 1696 821 1766 μονομαχίαν,
847 1698 912 1748 ἐκ
941 1696 1040 1764 τῆς
1075 1698 1285 1766 ἐρήμου
1323 1697 1466 1748 κατὰ
1490 1698 1584 1748 τοῦ
1608 1696 1725 1748 δια-

125 1789 294 1841 ϐόλου
348 1788 632 1852 θεόλεκτος
695 1787 1057 1858 ἐξεπήδησεν·
1108 1789 1169 1840 οὐ
1211 1788 1421 1841 δίκαιον
1450 1787 1557 1856 γὰρ
1593 1786 1727 1857 ᾤετο

1830 598 2124 660 exstinxit;
2184 597 2403 666 quando
2432 598 2720 653 universas
2753 600 2879 654 vita:
2923 602 3085 671 hujus
3120 603 3344 659 delicias
3366 619 3416 661 et

1830 688 2080 757 gloriam,
2106 687 2252 742 sicut
2273 703 2553 753 araneam,
2585 691 2934 759 contempsit.

1899 957 1949 1010 4.
1996 959 2061 1012 Et
2091 961 2219 1028 quid
2260 961 2441 1014 verbis
2467 977 2606 1033 opus
2643 965 2761 1017 est?
2795 965 3017 1033 quando
3045 964 3417 1035 impatibilita—

1834 1060 1959 1113 tem,
1997 1059 2252 1119 tanquam
2302 1054 2689 1108 vestimentum
2725 1057 2867 1111 intra
2896 1067 2953 1111 et
2988 1066 3141 1111 extra
3176 1074 3276 1127 per
3317 1061 3418 1114 hu-

1797 1142 2117 1229 ‘militatem
2142 1145 2207 1199 ad
2241 1161 2299 1199 se
2332 1147 2663 1210 attraxit,.et
2689 1149 2781 1203 ﬁlii
2822 1151 3063 1220 adoptivi
3097 1152 3419 1223 dignitatem

1834 1239 1919 1283 est
1946 1241 2293 1297 consecutus,
2320 1234 2472 1301 juxta
2500 1250 2713 1298 vocem,
2747 1252 2867 1304 quae
2908 1238 2961 1292 in
2993 1238 3219 1295 Cantica
3240 1242 3420 1296 canti-

1830 1336 2040 1386 corum,
2088 1324 2155 1376 de
2205 1339 2338 1392 pura
2399 1336 2454 1380 et
2500 1327 2767 1396 passionis
2811 1338 3036 1397 experte
3080 1332 3283 1399 anima,
3336 1346 3422 1387 est

1830 1408 2011 1463 dicta:
2053 1428 2071 1460 ι
2103 1410 2240 1475 Quia
2289 1421 2400 1466 tota
2450 1414 2700 1482 pulchra,
2748 1416 2881 1470 dicit
2924 1416 3174 1471 Christus
3204 1421 3270 1473 ad
3301 1422 3420 1474 ani-

1831 1516 1996 1567 mam,
2031 1512 2142 1557 tota
2176 1504 2425 1573 pulchra,
2451 1521 2572 1574 quae
2601 1507 2731 1560 mihi
2758 1509 3063 1579 propinqua
3092 1521 3194 1577 est,
3232 1521 3288 1567 et
3310 1530 3424 1567 ma-

1830 1592 1950 1645 cula
1984 1608 2093 1646 non
2121 1603 2204 1649 est
2241 1595 2295 1648 in
2339 1610 2401 1649 ea
2432 1596 2473 1649 ⁸.
2510 1615 2527 1646 ι
2568 1596 2726 1650 Tunc
2767 1598 2854 1651 ille
2896 1585 3251 1656 in'ntundum
3300 1614 3421 1657 tan-

1830 1699 1992 1753 quam
2025 1685 2081 1738 in
2122 1686 2395 1755 singulare
2441 1698 2721 1743 certamen
2772 1705 2839 1744 ex
2885 1692 3183 1748 solitudine
3228 1707 3419 1753 contra

1831 1776 2109 1830 diabolum
2140 1792 2169 1830 a
2203 1776 2315 1830 Deo
2358 1779 2564 1833 electus
2594 1782 2818 1837 exsiliit.
2849 1781 2968 1838 Non
3013 1788 3158 1841 enim
3195 1792 3425 1860 putabat

122 1882 225 1931 τὸν
252 1880 395 1933 οὕτω
433 1881 582 1951 παρὰ
609 1880 747 1932 Θεοῦ
782 1880 1085 1951 τιμηθέντα
1133 1882 1228 1932 καὶ
1274 1878 1555 1949 ὑψωθέντα
1580 1922 1592 1945 ,
1632 1880 1727 1949 τῆς

1834 1882 2050 1935 aequum
2079 1882 2218 1931 esse,
2259 1876 2337 1935 ut,
2362 1871 2452 1939 qui
2488 1871 2558 1925 ita
2587 1886 2616 1925 a
2656 1872 2763 1927 Deo
2786 1874 3086 1933 honoratus
3114 1890 3168 1934 et
3210 1883 3423 1938 exalta-

132 1974 251 2026 τῶν
282 1974 574 2043 ὁμοφύλων
615 1973 1031 2043 καταφρονῆσαι
1063 1972 1374 2041 σωτηρίας,
1413 1971 1547 2024 ἀλλὰ
1596 1990 1729 2042 μνη-

131 2066 416 2135 μονεύσας
440 2065 533 2118 τοῦ
565 2067 831 2128 εἰπόντος’
857 2085 876 2117 t
899 2066 1237 2135 Ἀγαπήσεις
1262 2064 1353 2117 τὸν
1379 2063 1609 2133 πλησίον
1633 2080 1726 2116 σου

126 2156 208 2218 ὡς
242 2157 459 2215 ἑαυτὸν.
490 2176 507 2207 ι
538 2156 595 2220 ὃς
630 2158 725 2209 καὶ
760 2155 978 2227 μορφὴν
1010 2155 1202 2209 δούλου
1224 2154 1545 2209 ἐνδύσασθαι
1566 2156 1727 2223 ἀτρέ-

129 2267 311 2311 πτως,
340 2248 429 2301 διὰ⁵
458 2248 557 2319 τὴν
581 2248 676 2302 τοῦ
709 2249 897 2301 δούλου
934 2248 1231 2317 σωτηρίαν,
1264 2249 1363 2300 ούκ
1393 2247 1725 2316 ἀπηξίωσεν,

131 2344 390 2409 μιμεῖται
422 2342 516 2393 καὶ
552 2342 716 2403 αὐτὸς
765 2341 856 2392 τὸν
908 2342 1185 2408 Δεσπότην
1240 2340 1332 2392 τὸν
1378 2339 1728 2410 οίκεῖονηὴν

129 2432 349 2485 οἰκείαν
379 2432 597 2502 ἀληθῶς
619 2433 798 2503 ψυχὴν
829 2435 926 2486 καὶ
956 2432 1117 2502 σῶμα
1157 2432 1292 2498 θεὶς,
1329 2431 1414 2485 ἵνα
1450 2437 1604 2497 τινάς
1630 2433 1728 2484 σώ-

132 2540 243 2579 σει.
284 2523 605 2591 Ἀναγκαῖον
626 2524 718 2576 καὶ
754 2523 861 2594 πρὸ
888 2524 1108 2576 πάντων
1133 2522 1224 2574 τὸν
1249 2523 1452 2592 τρόπον
1491 2522 1593 2591 τῆς
1649 2523 1727 2584 εἰς

128 2616 227 2667 τὸν
255 2616 459 2684 κόσμον
490 2617 553 2668 ὲκ
578 2616 677 2685 τῆς
711 2616 919 2687 ἐρήμου
973 2613 1138 2667 αὑτοῦ
1171 2614 1434 2676 ἐλεύσεως
1485 2614 1614 2683 ὑμῖν
1652 2614 1728 2667 δι-

134 2706 450 2775 ηγήσασθαι
469 2725 481 2737 °
531 2703 632 2759 εἷθ’
654 2706 827 2768 οῦτως
856 2708 923 2758 τὰ
951 2703 1229 2775 παράδοξα
1252 2704 1418 2757 αὑτοῦ
1450 2705 1546 2757 καὶ
1575 2704 1729 2767 ,ἀξιο-

134 2796 432 2866 θαύμαστα
459 2796 781 2866 πράγματα.

1833 1967 1918 2011 tus
1944 1968 2110 2021 esset,
2142 1962 2367 2028 proximi
2405 1964 2704 2034 negligeret
2752 1966 3021 2033 salutem;
3062 1972 3159 2026 sed
3209 1990 3421 2030 memor

1832 2049 1977 2104 illius
2005 2052 2095 2119 qui
2129 2052 2263 2105 dixit.
2310 2072 2323 2105 :
2375 2073 2392 2105 ‹
2434 2053 2632 2127 Diliges
2672 2059 2980 2127 proximum
3017 2071 3170 2118 tuum
3198 2067 3341 2122 sicut
3370 2077 3424 2123 te

1832 2141 2009 2212 ipsum
2044 2144 2115 2208 ³ος
2152 2165 2169 2193 ι
2222 2146 2313 2214 qui
2351 2154 2405 2201 et
2438 2147 2667 2202 formam
2711 2152 2852 2205 servi
2904 2152 3134 2210 induere
3170 2157 3424 2214 immuta-

1833 2235 2032 2298 biliter,
2063 2245 2287 2306 propter
2321 2239 2463 2293 servi
2502 2240 2757 2307 salutem,
2792 2258 2900 2298 non
2935 2257 3019 2301 est
3051 2248 3420 2320 dedignatus;

1839 2324 1956 2392 ipse
1981 2324 2145 2378 etiam
2178 2325 2423 2382 imitatur
2443 2329 2734 2386 Dominum
2768 2350 2952 2400 suum,
2984 2339 3261 2410 propriam
3292 2358 3423 2400 vere

1836 2416 2074 2471 animam
2122 2428 2177 2471 et
2221 2434 2421 2490 corpus
2462 2437 2705 2492 ponens,
2750 2438 2809 2481 ut
2860 2428 3089 2486 haberet
3132 2449 3270 2503 quos
3316 2438 3425 2491 sal-

1837 2521 2009 2566 varet.
2031 2509 2411 2567 Necessarium
2443 2531 2573 2570 vero
2603 2528 2705 2583 est,
2742 2529 2869 2575 ante
2895 2523 3076 2577 omnia
3112 2527 3269 2580 vobis
3296 2543 3425 2582 nare

1838 2619 1959 2657 rare
1989 2620 2098 2673 quo
2130 2613 2288 2675 pacto
2322 2621 2353 2659 e
2400 2608 2697 2664 solitudine
2720 2612 2776 2665 in
2799 2615 3079 2683 publicum
3112 2620 3375 2687 prodierit
3403 2639 3416 2674 :

1838 2704 2026 2763 postea
2052 2696 2120 2749 de
2150 2698 2313 2753 rebus
2348 2699 2417 2753 ab
2442 2700 2560 2769 ipso
2598 2706 2788 2773 gestis,
2839 2723 2961 2776 qua:
2991 2710 3304 2779 opinionem
3332 2729 3427 2768 su-

1840 2796 2051 2855 perant,
2084 2798 2138 2841 et
2176 2790 2541 2846 admiratione
2569 2793 2746 2865 dignae
2780 2808 2929 2863 sunt,
2971 2800 3260 2856 habiturus
3297 2817 3360 2858 su
3392 2816 3419 2858 λ

1835 2894 2163 2934 εθνιιιοηθηι.

1496 3015 1724 3072 CAPUT
1765 3015 2056 3075 PRIMUM.

690 3153 961 3224 Symeonis
998 3164 1045 3207 et
1069 3153 1292 3208 Joannis
1321 3154 1676 3224 peregrinatio
1706 3157 1777 3209 ad
1812 3156 1926 3210 loca
1959 3173 2171 3222 sancta,
2203 3165 2406 3216 occasio
2441 3165 2671 3218 melioris
2702 3167 2839 3222 vitae.

209 3275 272 3323 ε’.
320 3268 407 3321 Ἐν
455 3269 567 3331 τοῖς
615 3267 829 3338 χρόνοις
878 3268 976 3336 τῆς
1006 3266 1282 3337 βασιλείας
1306 3266 1400 3318 τοῦ
1431 3269 1488 3318 ὲν
1542 3268 1721 3331 ἁγίοις

1859 3274 1949 3325 ίῦο
1990 3272 2110 3338 Quo
2137 3282 2381 3345 tempore
2422 3275 2680 3346 regnabat
2710 3288 2933 3334 sanctus
2968 3281 3044 3352 (5)
3074 3282 3421 3342 Jusuuiauus

146 3360 530 3417 Ίουστινιανοῦ
591 3361 686 3413 τοῦ
744 3359 1048 3430 βασιλέως,
1104 3358 1558 3429 παραγινομένων
1614 3359 1722 3411 τῶν

135 3452 524 3523 φιλοχρίστων,
564 3452 657 3502 καὶ
696 3452 825 3512 τοὺς
861 3451 1051 3519 ἁγίους
1095 3449 1191 3502 τοῦ
1239 3450 1476 3520 Χριστοῦ
1527 3449 1725 3513 τόπους

133 3545 609 3619 προθυμουμένων
645 3545 991 3614 προσκυνεῖν,
1044 3544 1171 3605 τοὺς
1204 3544 1262 3594 ὲν
1294 3545 1359 3610 τῇ
1394 3541 1526 3612 ἁγίᾳ
1571 3542 1724 3594 πόλει

134 3638 282 3690 κατὰ
318 3635 629 3705 συνήθειαν,
663 3636 721 3686 ἐν
744 3638 809 3705 τῇ
834 3633 1041 3702 ὑψώσει.
1095 3633 1190 3686 τοῦ
1240 3633 1427 3701 τιμίου
1463 3635 1555 3685 καὶ
1586 3632 1723 3695 {wo-

133 3728 296 3782 ποιοῦ
337 3726 573 3798 σταυροῦ
608 3723 1002 3795 (γινώσκουσιν
1025 3724 1079 3776 δὲ
1105 3724 1307 3780 πάντες
1335 3725 1383 3775 οί
1414 3725 1592 3775 ἐκεῖσε
1624 3740 1729 3774 πα-

136 3819 470 3891 ραγενέσθαι
500 3818 754 3881 εἰωθότες
782 3818 840 3871 ὲν
863 3818 1039 3891 ταύτῃ
1064 3820 1129 3887 τῇ
1166 3817 1300 3886 ἁγίᾳ
1330 3818 1425 3868 καὶ
1454 3817 1729 3885 πανυμνή-

132 3935 217 3986 τῳ
245 3917 427 3985 ἑορτῇ,
460 3915 543 3966 ὃτι
582 3912 767 3982 σχεδὸν
792 3914 855 3965 ὲκ
884 3912 1066 3982 πάσης
1095 3912 1194 3981 τῆς
1232 3911 1560 3980 οἰκουμένης
1601 3926 1727 3961 συν-

131 4008 391 4077 τρέχουσι
415 4005 525 4057 τῶν
562 4004 709 4057 λαῶν
739 4005 807 4057 τὰ
860 4004 1195 4073 φιλόσταυρα
1243 4004 1336 4055 καὶ
1379 4001 1726 4072 Χριστοφόρα

133 4098 345 4168 πλήθη)
369 4113 383 4127 ο
421 4099 479 4150 ἐν
502 4098 568 4166 τῇ
603 4096 740 4164 αὐτῇ
780 4094 1013 4165 ἁοιδίμῳ
1050 4095 1211 4165 ἑορτῇ
1271 4093 1470 4163 συνέϐη
1504 4135 1518 4158 ,
1576 4092 1728 4155 τινὰς

133 4192 235 4243 δύο
258 4190 578 4261 νεωτέρους,
620 4190 728 4242 ἀπὸ
768 4188 965 4257 Συρίας
1020 4188 1199 4250 δντας,
1231 4189 1511 4255 συντυχεῖν
1562 4186 1728 4257 ἀλλήο

132 4283 253 4343 λοις
277 4280 399 4334 κατ’
430 4280 754 4349 οἰκονομίαν
792 4277 953 4331 Θεοῦ.
982 4278 1195 4345 Ὀνομα
1228 4276 1307 4345 τῷ
1341 4277 1420 4329 ἐνὶ
1449 4276 1725 4344 Ἰωάννης,

134 4376 237 4427 καὶ
293 4374 463 4441 ὄνομα
497 4370 576 4441 τῷ
632 4372 803 4441 ἑτέρῳ
853 4368 1097 4439 Συμεών.
1172 4369 1257 4431 Ὠς
1313 4363 1406 4422 οῦν
1446 4368 1727 4438 διέτριψαν

135 4466 321 4517 ἐκεῖσε
352 4464 564 4534 ἡμέρας
595 4460 806 4528 ὀλίγας,
836 4459 934 4514 καὶ
970 4461 1071 4528 τῆς
1109 4460 1273 4527 ἁγίας
1311 4460 1405 4511 τοῦ
1436 4457 1573 4511 Θεοῦ
1605 4458 1727 4528 ἐορ-

132 4557 240 4625 τῆς
267 4554 670 4624 τελειωθείσης,
711 4552 974 4621 ἀνεχώρει
1019 4551 1204 4603 λοιπὸν
1248 4550 1480 4613 ἕκαστος
1514 4550 1596 4613 είς
1626 4550 1726 4620 τὴν

1834 3362 2149 3431 imperator,
2193 3364 2538 3420 Christicolis
2597 3369 3092 3439 convenientibus,
3126 3384 3180 3429 et
3234 3387 3417 3433 sancta

1833 3449 2033 3505 Christi
2106 3452 2223 3507 ioca.
2276 3453 2504 3507 adorare
2579 3452 3059 3523 desiderantibus.
3123 3475 3243 3530 quae
3293 3475 3422 3518 sunt

1834 3540 1888 3593 in
1933 3550 2119 3595 saneta
2163 3543 2401 3605 civitate,
2462 3544 2767 3598 secundum
2828 3550 3317 3616 consuetudinem,
3366 3556 3417 3607 iu

1834 3629 2161 3684 exaltatione
2220 3631 2473 3701 pretiosae
2524 3648 2587 3686 ac
2635 3633 2865 3690 vivificse
2924 3638 2999 3706 (ί)
3034 3640 3211 3695 crucis
3259 3644 3421 3712 (uns—

1834 3731 1965 3775 cunt
1994 3731 2174 3776 autem
2202 3739 2394 3779 omnes
2426 3725 2519 3795 qui
2548 3727 2844 3781 convenire
2878 3729 2948 3783 ibi
2990 3731 3166 3787 solent
3218 3733 3271 3788 in
3316 3735 3420 3791 hoc

1835 3821 2027 3866 sancto
2058 3822 2113 3867 et
2151 3814 2511 3869 celeberrimo
2542 3815 2707 3880 l‘esto,
2738 3819 2883 3887 quod
2916 3820 3030 3876 fere
3070 3837 3133 3876 ex
3164 3825 3421 3881 universa

1838 3915 2104 3958 terrarum
2131 3905 2264 3960 orbe
2295 3916 2632 3961 concurrant
2674 3911 3003 3979 populorum
3053 3917 3247 3981 turbae,
3292 3921 3419 3989 qui»

1836 3996 1938 4049 bus
1962 4011 2095 4049 crux
2143 4005 2198 4051 et
2236 3996 2491 4053 Christus
2529 3998 2585 4053 in
2626 4001 2905 4055 amoribus
2952 4004 3087 4073 est);
3123 4007 3176 4061 in
3225 4013 3417 4064 eodem

1838 4086 1940 4141 hoc
1969 4087 2166 4142 celebri
2201 4087 2340 4143 festo
2378 4091 2608 4162 contigit
2648 4092 2789 4147 duos
2824 4095 3092 4163 quosdam
3142 4098 3394 4168 iuniores

1836 4194 1866 4232 e
1898 4178 2051 4250 Syria
2096 4180 2170 4248 (5)
2230 4180 2515 4247 oriundos,
2564 4183 2670 4237 sibi
2719 4194 2914 4240 mutuo
2962 4202 3273 4254 occurrere,
3312 4193 3413 4246 Der.

1836 4272 1917 4326 sic
1944 4273 2291 4343 disponente.
2324 4272 2533 4329 Nomen
2568 4275 2662 4329 uni
2688 4285 2807 4331 erat
2836 4278 3095 4343 Joannes.
3125 4292 3180 4337 et
3213 4298 3413 4339 nomen

1835 4364 1992 4419 alteri
2034 4364 2289 4434 Symeon.
2332 4364 2691 4435 Consumptis
2746 4366 2948 4422 ibidem
2990 4374 3178 4440 paucis
3200 4373 3415 4435 diebus,

1837 4468 1890 4511 et
1919 4465 2111 4513 sancto
2139 4456 2233 4510 Dei
2266 4455 2405 4509 festo
2440 4454 2616 4520 ﬁnito,
2665 4459 2895 4515 recessit
2934 4460 3199 4534 deinceps
3246 4482 3419 4519 unus-

1835 4550 2068 4619 quisque
2108 4548 2174 4601 ad
2231 4548 2509 4618 propriam
2562 4549 2860 4605 civitatem.
2893 4554 2932 4605 A
2986 4569 3094 4622 quo
3152 4564 3416 4626 tempore,

106 4702 111 4721 ι
140 4648 282 4700 ίδίαν
314 4646 471 4698 πόλιν
498 4661 512 4675 ο
585 4646 707 4697 ἐπεὶ
732 4687 747 4709 ,
779 4644 899 4695 κατ’
931 4641 1182 4694 εὐδοκίαν
1228 4639 1322 4693 τοῦ
1350 4639 1727 4710 φιλανθρώπου

1838 4633 1989 4712 juxta
2038 4640 2256 4710 benigni
2305 4637 2400 4693 Dei
2450 4641 2877 4711 beneplacitum,
2911 4644 3022 4699 duo
3069 4647 3123 4699 Ιιί
3172 4647 3422 4717 jnniores

134 4739 302 4804 Θεοῦ,
333 4738 490 4807 ἔσχον
519 4737 571 4789 οἱ
599 4735 693 4788 δύο
720 4730 865 4788 οὗτοι
895 4733 1153 4804 νεώτεροι
1180 4732 1278 4804 τὴν
1304 4734 1592 4802 συντυχίαν
1639 4733 1735 4785 καὶ

132 4834 240 4902 τὴν
263 4833 483 4900 ἀγάπην
516 4831 633 4899 μετ’
665 4827 934 4896 ἀλλήλων,
967 4826 1068 4878 οὐκ
1101 4824 1181 4878 ἔτι
1222 4824 1606 4895 ἐχωρίσθησαν
1636 4824 1731 4877 ἀπ’

1346 4966 1387 4987 ἐκ

216 5009 237 5040 9
276 5008 432 5061 Cant.
475 5021 546 5067 tv,
579 5005 631 5059 ἲ.
706 5004 748 5034 ¹⁰
786 5002 975 5055 Matth.
1020 5017 1129 5063 XIX,
1162 5002 1243 5054 l9.

1830 4742 2118 4804 emperunt
2143 4731 2659 4801 agerefamiliariter
2680 4744 2735 4788 et
2756 4735 2986 4804 diligere
3024 4738 3169 4792 inter
3207 4756 3287 4805 se,
3310 4757 3418 4794 non

1832 4822 2065 4891 amplius
2090 4836 2118 4874 a
2152 4836 2210 4874 se
2242 4831 2434 4875 mutuo
2463 4824 2699 4891 separati
2734 4835 2880 4879 sunt.
2927 4826 3075 4892 Ideo,
3111 4830 3242 4883 dum
3274 4832 3423 4885 redi-

1673 5114 1904 5173 NOT/E.

204 5219 298 5290 (3)
337 5218 505 5272 Multo
540 5215 701 5290 l_a_ti_us
732 5214 860 5290 olim
894 5212 1088 5290 sancti
1134 5226 1335 5290 nomen
1376 5226 1537 5280 quam
1576 5212 1739 5265 hodie

136 5280 323 5359 patuit
342 5331 356 5354 ,
385 5296 523 5362 teste
551 5285 772 5362 V_else_ro
805 5286 858 5336 in
886 5281 1097 5362 Comm.
1144 5282 1211 5361 ad
1249 5280 1515 5362 Convers.
1535 5290 1738 5362 saneta;

136 5351 291 5414 Afrae
313 5351 603 5427 {episcopi
628 5357 790 5427 yulgo
814 5354 1009 5427 sancti,
1038 5351 1389 5427 sanctissimi,
1434 5353 1734 5405 beatissimi

136 5421 472 5485 dicebant-ur
506 5465 522 5480 .
546 5421 567 5480 ξ
587 5465 601 5479 .
628 5421 841 5493 Reliqui
871 5423 1037 5477 etiam
1079 5421 1399 5493 Christiani,
1431 5433 1579 5493 certe
1609 5439 1735 5489 pro-

138 5503 288 5556 batae
318 5501 461 5563 vitae,
496 5495 691 5558 sancti,
718 5492 1032 5564 quanquam
1064 5492 1734 5573 adhuc.mortalcsLCon-

135 5570 424 5625 stantinus
450 5561 786 5627 orationem,
834 5577 995 5631 quam
1025 5563 1093 5615 ad
1133 5561 1500 5615 Christianam
1542 5561 1734 5616 Eccle-

140 5642 286 5695 siam
318 5637 561 5707 scripsit,
583 5636 666 5707 Aad
702 5643 1013 5707 sanctorum
1039 5640 1242 5707 eretum
1288 5631 1605 5707 inscripsit;
1649 5632 1733 5707 ita

138 5701 447 5780 Stengelius
477 5709 530 5780 in
566 5704 959 5759 Commentario
997 5704 1065 5755 ad
1104 5702 1272 5754 Vitam
1306 5701 1445 5755 beati
1474 5702 1736 5756 i-i'ilhelmi

137 5778 567 5853 Hirsattgiensis.
760 5844 773 5853 _
866 5843 901 5853 η
1107 5850 1116 5853 Α
1281 5840 1301 5853 ,.
1392 5842 1403 5853 .

221 5850 298 5920 (4)
337 5840 563 5903 Ostendi
611 5844 813 5914 populo
861 5843 1033 5903 Crux,
1068 5850 1124 5895 et
1171 5840 1404 5910 proferri
1455 5841 1732 5897 adoranda

431 5941 700 6000 Pana-ot.
744 5939 861 5997 (is.
908 5934 1108 5994 XCIII.

1843 5209 2073 5283 solebat,
2105 5208 2449 5283 non__so_lu_m
2495 5208 2546 5283 in
2600 5210 2853 5283 contigua
2906 5214 3127 5271 Pascha:
3175 5216 3284 5283 die,
3329 5222 3425 5276 sed

1840 5282 2005 5355 etiam
2038 5281 2106 5355 in_
2129 5278 2308 5355 media
2333 5279 2668 5355 jejunio_rum
2701 5278 3064 5355 hebdomade,
3110 5302 3233 5355 quae
3265 5278 3426 5346 nobis

1840 5362 1924 5404 est
1955 5348 2397 5419 Quadragcsimae
2432 5348 2613 5409 tertia,
2649 5361 2813 5418 prout
2852 5348 3057 5409 dicitur
3086 5348 3153 5411 ad
3185 5358 3330 5413 diem
3364 5377 3425 5415 ιιι

1842 5417 2196 5494 Maii.__|den_i
2238 5417 2402 5494 ﬁebat
2445 5426 2500 5494 et
2528 5417 2667 5494 cum;
2692 5422 2863 5476 multo
2910 5428 3117 5494 majore
3149 5444 3424 5485 concursu

1839 5490 2136 5561 populi,riu
2173 5488 2311 5561 festo
2329 5486 2701 5561 Exaltationis
2740 5503 2943 5548 sancta:
2975 5486 3165 5551 Crucis
3213 5499 3279 5552 M
3324 5501 3426 5553 Se-

1842 5558 2129 5637 ptembris,
2161 5559 2234 5612 uti
2261 5558 2535 5628 colligitur
2564 5558 2747 5637 e_Vita
2769 5560 2826 5617 S.
2860 5564 3045 5637 Mariae
3066 5566 3422 5637 Egyptiaca',

1843 5629 1905 5685 ea
1931 5630 2218 5705 occasione
2236 5644 2551 5705 conversae,
2585 5629 2654 5682 de
2680 5647 2787 5705 qua
2825 5634 2913 5688 die
2935 5650 2972 5688 ιι
3002 5629 3224 5705 Αρῐίῖὶἒξ

1916 5701 1993 5767 (5)
2032 5699 2148 5753 Orti
2172 5699 2376 5754 Edessa
2407 5699 2812 5774 Mesopotamiae
2840 5705 2993 5769 urbe,
3013 5699 3135 5774 quae
3158 5725 3187 5760 a
3207 5707 3426 5763 Justino

1842 5771 2174 5845 imperatore
2221 5779 2569 5845 restaurata,
2608 5770 2971 5845 Justinopolis
3010 5770 3227 5845 quoque
3278 5780 3424 5832 dicta

1846 5842 1966 5906 fuit,
1998 5850 2220 5894 auctore
2250 5840 2479 5908 Evagrio
2518 5840 2679 5895 lib.“
2711 5840 2855 5895 Eccl.
2883 5840 3103 5903 Ηιειόν..
3138 5840 3261 5918 cap.
3299 5849 3332 5904 8

2989 5935 3063 5995 53
