4118 6432
161 381 289 446 1677

1418 371 1588 431 VITA
1618 370 1677 427 S.
1712 369 1792 427 SY
1804 367 2004 428 MEON
2018 368 2106 426 IS.

3255 355 3388 420 1678

152 494 230 564 τῷ
253 492 369 558 ἰδίῳ
391 489 537 557 τόπῳ
573 486 1036 557 μνημονεύσομεν.
1070 476 1238 543 Οὗτος
1262 475 1353 534 οῦν
1382 480 1409 530 6
1432 477 1718 550 εἰρημένος

1844 491 1921 527 .no
1961 474 2079 529 loco
2121 470 2254 542 (id).
2291 471 2434 526 Idem
2468 469 2647 539 itaque
2685 468 2997 539 praedictus,
3035 466 3130 521 Dei
3179 482 3388 527 amans.

153 583 403 652 θεοφιλὴς
428 582 701 649 Ἰωάννης,
738 580 766 631 ὀ
793 578 1045 645 ἐνάρετος
1080 576 1346 633 διάκονος.
1395 570 1553 632 αὐτὸς
1585 570 1716 637 ἡμῖν

147 673 242 726 τὸν
272 673 487 725 ἅπαντα
517 670 629 738 βίον
652 668 836 738 σχεδὸν
862 666 957 719 τοῦ
980 666 1256 733 πανσόφου
1279 663 1595 732 διηγήσατο,
1626 660 1717 712 τὸν

152 764 356 833 Κύριον
381 761 819 833 προϐαλλόμενος
846 757 955 811 τῶν
978 755 1285 824 λεγομένων
1335 753 1607 822 μάρτυρα,
1641 750 1717 810 ὡς

144 857 231 909 ὅτι
255 855 406 909 οὐδὲν
431 854 574 906 κατά
598 851 918 923 προσθήκην
959 845 1237 917 ἐπέγραψε
1273 844 1353 912 τῷ
1397 843 1716 911 διηγήματι,

145 943 288 995 ἀλλὰ
314 941 515 1011 μᾶλλον
563 942 655 993 καὶ
684 940 752 991 τά
794 938 1025 991 πλεῖστα
1053 937 1117 987 ὲκ
1161 932 1256 986 τοῦ
1288 932 1482 1001 χρόνου
1524 930 1719 983 ἐπελά-

145 1034 295 1085 θετο.

221 1124 289 1186 ζ’.
324 1125 752 1192 Κατερχομένων
788 1120 882 1175 οῦν
906 1119 1106 1180 αὐτῶν,
1136 1119 1303 1187 φημὶ,
1351 1115 1448 1185 τὴν
1477 1115 1596 1168 ὁδὸν
1623 1115 1723 1184 τὴν

140 1212 366 1282 ἀληθῶς
391 1213 470 1275 εἰς
499 1212 597 1282 τὴν
638 1211 783 1281 ζωὴν
838 1212 1037 1274 αὐτοὺς
1080 1209 1448 1279 όδηγήσασαν,
1496 1203 1563 1278 ἦν
1597 1206 1723 1258 ἰδεῖν

138 1305 350 1367 αὐτοὺς
378 1304 820 1371 ἀγαλλιωμένους
847 1304 941 1356 καὶ
967 1302 1280 1374 τρέχοντας,
1304 1302 1380 1363 ὼς
1403 1299 1608 1370 Πέτρον
1630 1298 1725 1351 καὶ

154 1396 417 1465 Ἰωάννην
442 1396 534 1449 ἐπὶ
571 1398 662 1447 τὸν
701 1394 964 1459 ζωοποιὸν
1012 1392 1107 1447 τοῦ
1151 1393 1357 1462 Κυρίου
1409 1391 1601 1459 τάφον,
1631 1389 1726 1442 καὶ

140 1488 418 1557 ἀλλήλους
437 1491 501 1558 τῇ
535 1486 814 1556 προθυμίᾳ
865 1484 1226 1552 διεγείροντας
1254 1523 1268 1544 ,
1302 1482 1395 1533 καὶ
1448 1479 1726 1549 προθυμο-

142 1578 464 1639 ποιοῦντας.
509 1576 567 1629 ὐ
610 1577 708 1645 μὲν
740 1574 847 1643 γὰρ
874 1573 1129 1640 Ἰωάννης
1162 1569 1430 1637 ἐφοϐεῖτο,
1467 1567 1663 1636 μήπως
1691 1568 1725 1634 ὴ

142 1667 468 1737 συμπάθεια
496 1669 593 1734 τῆς
639 1665 843 1735 μητρὸς
896 1661 1142 1730 ἀνακόψῃ
1169 1662 1259 1713 τὸν
1294 1658 1539 1727 Συμεών.
1589 1659 1645 1710 '0
1672 1657 1730 1709 δὲ

141 1759 320 1811 πάλιν
348 1758 611 1821 ὲδίσταςε,
635 1756 709 1825 μὴ
730 1758 763 1825 ἡ
786 1753 1131 1825 προοπάθεια
1143 1753 1239 1821 τῆς
1257 1750 1524 1819 νεογάμου
1542 1766 1731 1817 γυναι-

1822 565 2097 619 etvirtntc
2144 564 2341 632 insigni
2385 562 2622 616 Joannes
2666 562 2963 623 diaconus,
2997 573 3217 612 omnem
3253 574 3394 626 pene

1827 657 1991 709 vitam
2051 654 2443 724 sapientissimi
2522 653 2811 723 Symeonis
2874 651 3031 705 nobis
3104 648 3393 718 exposuit;

1828 751 1994 803 Deum
2049 756 2278 804 testatus
2332 748 2400 802 de
2465 746 2532 801 iis
2585 760 2706 814 qua:
2775 743 3019 808 dicebat,
3077 750 3399 809 tantumque

1825 844 2034 905 abesse,
2094 848 2154 894 ut
2201 840 2404 909 aliquid
2447 837 2694 892 addendo
2740 834 3062 898 narrationi,
3111 834 3398 888 veritatem

1825 934 2068 1002 eiusdem
2112 934 2557 991 contaminasset,
2610 927 2744 998 quin
2797 926 2980 995 potius
3023 926 3192 980 multa
3242 924 3401 994 lapsu

1830 1022 2091 1091 temporis
2122 1028 2265 1074 esset
2292 1020 2514 1074 oblitus.

1900 1118 1951 1168 7.
1997 1116 2131 1167 Dum
2166 1113 2347 1181 itaque
2381 1112 2464 1181 (ut
2495 1107 2764 1177 dicebam)
2796 1106 2938 1162 viam
2966 1102 3399 1175 ingrederentur,

1828 1222 1950 1278 quae
1979 1220 2107 1260 vere
2132 1204 2367 1258 ducebat
2412 1217 2507 1257 eos
2557 1202 2625 1255 ad
2672 1201 2858 1263 vitam,
2895 1198 3079 1253 videre
3111 1196 3258 1265 ipsos
3285 1202 3406 1248 erat

1829 1300 2166 1355 exsultantes
2211 1306 2268 1352 et
2318 1302 2603 1350 currentes
2633 1292 2767 1361 (non
2812 1304 2971 1345 secus
3006 1303 3071 1342 ac
3096 1287 3311 1342 Petrum
3348 1294 3407 1339 et

1830 1393 2096 1448 Joannem
2125 1391 2192 1446 ad
2220 1390 2493 1445 viviﬁcum
2520 1386 2732 1440 Domini
2763 1381 3188 1452 sepulcrum),et
3212 1388 3405 1434 mutuo

1833 1485 1967 1539 alter
1985 1484 2215 1537 alterum
2243 1478 2515 1534 desiderio
2536 1485 2591 1531 et
2612 1474 2890 1530 alacritate
2915 1472 3242 1527 excitabant.
3271 1469 3406 1524 Nam

1832 1577 2070 1631 Joannes
2115 1573 2396 1628 metuebat
2443 1586 2515 1625 ne
2560 1569 2786 1624 affectus
2836 1566 3026 1620 matris
3076 1566 3407 1635 Symeonem

1836 1665 2156 1721 retardaret.
2228 1663 2327 1718 llic
2400 1676 2619 1716 rursum
2669 1658 2909 1712 haerebat
2955 1655 3173 1717 dubius,
3224 1669 3409 1709 annon

1837 1758 2129 1828 propensio
2156 1770 2313 1810 novae
2356 1763 2561 1823 nuptae.
2604 1752 2746 1806 sicut
2786 1763 3010 1819 magnes
3043 1747 3199 1817 lapis,
3229 1746 3298 1801 ad
3347 1760 3410 1801 se

142 1848 274 1910 κὸς,
297 1846 485 1917 ὥσπερ
511 1844 784 1916 μαγνῆτις
834 1840 1000 1906 λίθος,
1027 1841 1165 1909 πρὸς
1199 1838 1394 1907 ἑαυτὴν
1428 1834 1731 1905 ἐπιστρέψῃ

1844 1848 2194 1904 convertisset
2218 1846 2507 1901 Joannem.
2536 1841 2604 1896 Et
2643 1842 2695 1894 in
2735 1848 3013 1911 posterum
3062 1852 3125 1892 ex
3155 1837 3246 1891 illo
3272 1845 3411 1891 tem-

141 1940 249 1990 τὸν
278 1937 555 2007 Ἰωάννην.
577 1936 688 1988 Καὶ
729 1933 914 1986 λοιπὸν
945 1935 1009 1985 ἐκ
1037 1929 1227 1984 τούτου
1257 1928 1445 1997 ἔτερος
1479 1926 1613 1998 πρὸς
1639 1924 1731 1977 τὸν

141 2031 349 2099 ἕτερον
373 2026 771 2096 νουθετητικοῖς
815 2025 911 2078 καὶ
957 2022 1384 2092 παρακλητικοίς
1438 2019 1733 2088 ἐκέχρηντο

143 2120 341 2189 λόγοις
361 2138 375 2152 ο
407 2120 500 2174 καὶ
536 2120 565 2172 6
594 2118 692 2190 μὲν
727 2118 931 2187 ἔλεγενς
968 2116 1147 2184 Μηδὲν
1170 2113 1512 2185 ρᾳθυμήσῃς,
1539 2109 1751 2176 ἀδελςρὲέ

146 2211 407 2280 Συμεών.
448 2210 767 2279 Ἐλπίζομεν
802 2208 913 2280 γὰρ
937 2206 1017 2268 είς
1041 2205 1131 2258 τὸν
1156 2204 1314 2270 Θεὸν,
1341 2204 1424 2255 ὅτι
1455 2205 1521 2275 τῇ
1563 2218 1734 2274 unpe-

148 2303 285 2369 ρινῇ
314 2298 497 2370 ήμέρᾳ
522 2297 958 2369 ἀνεγεννὴθημεν
980 2313 991 2325 ’
1025 2294 1079 2350 τί
1108 2296 1217 2366 γάρ
1248 2297 1398 2366 ἡμᾶς
1432 2296 1501 2348 τὰ
1529 2296 1732 2364 μάταια

146 2392 348 2443 ἐκεῖνα
380 2389 473 2443 τοῦ
512 2390 628 2459 βίου
667 2391 989 2461 πράγματα,
1016 2389 1113 2442 καὶ
1138 2392 1166 2442 6
1185 2388 1415 2450 πλοῦτος
1452 2387 1733 2467 ὠφελῇσαι

150 2485 217 2534 ἐν
252 2484 437 2554 ἡμέρᾳ
465 2483 698 2552 κρίσεως
749 2482 1000 2535 ἐδύναντο
1026 2522 1041 2545 ,
1081 2481 1219 2536 ἀλλά
1259 2481 1457 2551 μᾶλλον
1483 2479 1579 2533 καὶ.
1611 2480 1735 2548 βλά-

151 2573 266 2643 ψαι
293 2591 310 2638 ;
346 2574 465 2627 οὐδὲ
493 2575 526 2644 ἡ
557 2575 741 2644 νεότης
765 2574 948 2640 πάλιν,
980 2574 1077 2628 καὶ
1101 2574 1162 2627 τὸ
1188 2573 1406 2638 κάλλος,
1429 2572 1492 2626 τὸ
1516 2570 1737 2643 προκεί-

155 2682 333 2735 μενον
369 2665 447 2736 τῷ
481 2665 690 2735 σώματι
715 2665 893 2737 ἡμῶν,
927 2668 1004 2730 είς
1028 2668 1182 2728 τέλος
1215 2666 1530 2735 ἀμάραντον
1547 2664 1738 2733 διαμέ-

154 2774 273 2811 νει.
315 2756 455 2810 Ἀλλ’
482 2757 514 2827 ἢ
554 2756 658 2810 ὑπὸ
686 2758 779 2811 τοῦ
812 2759 1014 2828 γήρους
1039 2757 1118 2828 τῷ
1146 2757 1347 2828 καιρῷ,
1376 2756 1411 2826 ἢ
1440 2755 1547 2809 ὑπὸ
1576 2754 1742 2807 θανά·

156 2865 265 2903 του
312 2845 409 2901 τοῦ
456 2848 789 2920 προσκαίρου
838 2849 1166 2902 ἀπόλλυται·
1195 2847 1289 2901 καὶ
1319 2847 1396 2910 ὡς
1443 2844 1616 2899 ταῦτα
1648 2845 1742 2897 καὶ

156 2940 355 3013 πολλῷ
405 2941 629 2995 πλείονα
675 2940 861 3008 ἔλεγεν
892 2940 1028 3010 πρὸς
1084 2938 1348 3009 Συμεῶνα
1389 2940 1418 2992 ό
1469 2936 1740 3006 Ἰωάννης,

158 3032 335 3087 πάλιν
363 3031 764 3099 ἀντεφθέγγετο
791 3032 1019 3095 ἐκεῖνος,
1055 3032 1153 3083 καὶ
1179 3031 1247 3084 τά
1278 3030 1441 3100 ὅμοια
1474 3028 1744 3082 ἐδυσώπει

1835 1956 1986 2011 pore,
2019 1938 2325 1995 monitoriis
2353 1946 2408 1991 et
2434 1933 2818 1991 consolatoriis
2852 1932 2994 1985 inter
3025 1945 3082 1985 se
3114 1929 3411 1983 utebantur

1834 2032 2195 2088 sermonibus.
2232 2030 2297 2084 Et
2326 2029 2415 2083 hic
2462 2026 2683 2097 quidem
2722 2024 2897 2080 dixit:
2933 2022 3259 2090 Neutiquam
3293 2028 3410 2075 tor-

1834 2141 1984 2196 pcas,
2011 2123 2178 2177 frater
2205 2122 2475 2192 Symeon;
2507 2132 2793 2189 speramus
2818 2116 2964 2170 enim
3001 2117 3054 2169 in
3078 2114 3269 2180 Deum,
3306 2112 3411 2168 ho-

1835 2216 2022 2281 dierna
2054 2214 2142 2269 die
2178 2227 2281 2267 nos
2308 2227 2432 2266 esse
2478 2216 2850 2283 regeneratus.
2885 2208 3024 2275 Quid
3064 2206 3212 2261 enim
3251 2205 3412 2260 nobis

1837 2310 2015 2364 stultae
2071 2307 2173 2361 illa:
2234 2304 2359 2360 vitae
2414 2319 2502 2358 res
2540 2313 2596 2357 et
2651 2302 2855 2357 divitias
2922 2301 3180 2369 prodesse
3230 2300 3283 2353 in
3325 2299 3414 2353 die

1835 2399 2028 2471 iudicii
2050 2397 2294 2469 possint;
2318 2397 2428 2450 imo
2454 2395 2641 2465 potius
2664 2394 2794 2464 quid
2820 2393 3028 2463 possint
3056 2391 3159 2446 nisi
3192 2391 3417 2445 nocere?

1839 2490 1950 2546 Nec
2008 2505 2225 2544 rursum
2271 2488 2553 2558 juventus.
2582 2502 2686 2541 nec
2714 2484 3086 2556 pulchritudo.
3136 2484 3413 2537 inhaerens

1839 2590 2025 2636 nostro
2053 2578 2290 2649 corpori.
2326 2576 2794 2632 immarcescibilis
2832 2583 3117 2644 permanet
3155 2590 3327 2643 usque
3356 2573 3415 2628 in

1843 2672 2034 2739 finem;
2066 2671 2164 2726 sed
2182 2670 2270 2727 vel
2298 2677 2543 2739 tempore
2565 2682 2661 2739 per
2690 2674 3027 2722 senectutem
3059 2666 3144 2719 vel
3182 2676 3415 2719 mortem

1845 2763 2282 2833 intempestivam
2304 2759 2465 2830 perit.
2502 2758 2566 2813 Et
2612 2746 2742 2813 du'm
2783 2755 2899 2811 haec
2942 2764 2997 2809 et
3045 2756 3216 2809 multo
3263 2754 3418 2823 plura

1843 2853 2070 2909 dixisset
2093 2852 2161 2907 ad
2192 2850 2518 2922 Symeonem
2546 2849 2817 2913 Joannes;
2844 2847 3043 2901 iterum
3074 2846 3163 2900 hic
3190 2861 3420 2915 respon-

1846 2944 1946 3008 dit,
1973 2953 2030 2998 et
2065 2942 2263 2998 similia
2292 2942 2604 3003 verebatur,
2635 2950 2692 2994 et
2718 2941 2934 3020 dicebat
2976 2956 2990 2994 :
3030 2942 3139 3011 Ego
3170 2941 3415 3009 quidem.

1846 3034 2084 3089 Joannes
2111 3033 2297 3097 frater,
2319 3046 2499 3101 neque
2532 3040 2764 3101 patrem,
2794 3046 2973 3100 neque
2996 3030 3211 3093 fratres,
3241 3046 3419 3100 neque

159 3124 271 3176 καὶ
297 3122 507 3189 ἔλεγεν·
546 3120 688 3188 Ἐγὼ
719 3122 838 3190 μὲν,
862 3121 1058 3189 ἀδελφὲ
1089 3120 1330 3191 Ἰωάννη,
1362 3118 1487 3173 οὕτε
1533 3121 1739 3189 πατέρα

1845 3135 2060 3176 sorores
2090 3121 2284 3185 habeo,
2330 3128 2528 3190 praeter
2578 3119 2839 3174 humilem
2880 3135 3045 3174 anum
3084 3120 3252 3188 illam,
3299 3140 3421 3192 qua:

159 3212 300 3266 οὔτε
349 3211 635 3280 ἀδελφοὺς,
685 3209 811 3263 οὔτε
844 3210 1076 3277 ἀδελφὰς
1129 3211 1427 3280 κέκτημαι,
1458 3209 1507 3261 εί
1548 3207 1623 3279 μὴ
1647 3209 1745 3277 τὴν

161 3302 439 3374 ταπεινὴν
479 3301 676 3372 γραίαν
718 3301 955 3371 ἐκείνην,
999 3300 1099 3371 τὴν
1148 3300 1248 3371 ἐμὲ
1297 3301 1655 3370 γεννήσασανο
1684 3298 1744 3350 οὐ

162 3391 431 3446 τοσοῦτον
458 3392 515 3445 δὲ
560 3392 722 3444 πόνον
771 3389 1062 3462 ὀργίζομαι
1092 3392 1221 3462 περὶ
1246 3388 1462 3452 ἑαυτοῦ,
1495 3390 1618 3443 ὅσον
1653 3406 1745 3442 σου

164 3483 278 3554 τὴν
315 3483 545 3551 καρδίαν
579 3481 872 3552 φοϐοῦμαι,
898 3483 1097 3550 μήπως
1129 3481 1191 3534 τὸ
1216 3483 1441 3553 κράσμα
1478 3479 1746 3555 [βράσμα]

164 3573 279 3642 τῆς
326 3574 594 3642 νεογάμου
633 3575 888 3641 γυναικὸς
943 3575 1237 3646 ἀποσπάσῃ
1297 3592 1355 3627 σε
1389 3576 1453 3628 ὲκ
1495 3575 1594 3644 τῆς
1626 3574 1747 3627 ὁδοῦ

164 3660 384 3732 ταύτης
413 3662 512 3730 τῆς
535 3661 763 3731 ἀγαθῆς.
816 3662 902 3725 Ὠς
929 3661 1025 3717 οῦν
1057 3662 1228 3717 ταῦτα
1253 3665 1348 3716 καὶ
1379 3663 1602 3716 πλείονα
1622 3661 1746 3715 τού-

164 3770 290 3806 των
333 3751 468 3822 πρὸς
501 3750 762 3821 ἀλλήλους
812 3753 1355 3823 ἀντεφιλολογοῦντο,
1410 3752 1751 3807 καταντῶσιν

165 3845 261 3903 εἰς
295 3844 653 3913 μοναστήριον
672 3842 730 3895 τὸ
760 3842 1097 3913 καλούμενον
1118 3844 1211 3897 τοῦ
1247 3843 1388 3897 ἁϐὂᾶ
1419 3845 1748 3915 Γερασίμου.

165 3931 362 3989 τΙνίσαν
386 3935 494 4004 γὰρ
528 3937 622 3988 καὶ
656 3932 814 3988 τοῦτο
839 3934 1159 4006 εὐξάμενον
1200 3937 1279 3988 ὃτι
1326 3936 1494 4005 Κύριε
1525 3936 1554 3990 ό
1597 3937 1748 3999 Θεὸς,

164 4029 235 4080 ὲν
270 4028 365 4097 οἴῳ
391 4027 631 4090 κελεύεις
655 4030 800 4099 ἡμᾶς
824 4027 1201 4094 ἀποτάξασθαι
1247 4028 1590 4097 μοναστηρίῳ
1615 4067 1629 4088 ,
1663 4026 1752 4078 εῦ-

165 4136 374 4189 ροιμεν
421 4120 520 4190 τὴν
570 4120 739 4191 θύραν
771 4121 1026 4188 ἁνοικτήν
1046 4136 1065 4168 ·η
1083 4121 1219 4189 ὅπερ
1247 4118 1339 4170 καὶ
1372 4120 1612 4186 γέγονεν.
1645 4116 1753 4171 Ἷιν

163 4207 275 4264 οὖν
299 4213 357 4263 ὲν
387 4212 563 4279 τούτῳ
587 4210 664 4280 τῷ
685 4210 1030 4281 μοναστηρὶῳ
1052 4211 1190 4280 ἀνὴρ
1216 4209 1515 4279 θαυμάσιος
1532 4210 1753 4280 ὀνόματι

164 4299 389 4362 Νίκων,
436 4298 722 4369 ἄνθρωπος
781 4299 998 4369 ἀληθῶς
1033 4298 1175 4352 κατὰ
1212 4298 1309 4369 τὴν
1359 4301 1751 4371 προσηγορίαν,

1847 3224 1935 3307 me
1961 3208 2167 3303 genuit.
2194 3204 2305 3262 Nec
2331 3207 2400 3307 dp
2438 3208 2539 3266 hac
2577 3222 2635 3264 re
2672 3206 2870 3307 laboro
2888 3219 3126 3307 tantum,
3152 3220 3421 3307 quantum

1848 3299 2013 3353 timeo
2042 3312 2112 3352 ne
2132 3300 2226 3354 eor
2259 3298 2411 3353 tuum
2439 3314 2594 3353 novas
2629 3307 2809 3368 nupta:
2838 3298 3171 3353 desiderium
3206 3300 3422 3353 abstra-

1852 3391 1944 3446 hat
1964 3407 1993 3445 a
2015 3392 2153 3447 bona
2181 3393 2283 3446 bac
2312 3392 2417 3446 via.
2446 3390 2570 3446 llaec
2591 3391 2758 3459 igitur
2786 3400 2948 3460 atque
2984 3391 3067 3444 his
3096 3390 3247 3459 plura
3281 3391 3424 3445 inter

1850 3498 1910 3537 sc
1937 3484 2110 3538 amice
2136 3483 2502 3546 conferentes,
2544 3483 2871 3551 perveniunt
2906 3485 2972 3536 ad
3004 3484 3422 3547 monasterium,

1850 3574 1993 3641 quod
2040 3582 2264 3627 vocatur
2326 3573 2538 3627 abbatis
2584 3572 2874 3628 Gerasimi.
2931 3571 3065 3627 Nam
3117 3575 3219 3628 hoc
3259 3576 3425 3629 etiam

1851 3673 2142 3717 oraverant
2175 3681 2188 3716 :
2229 3662 2454 3717 Domine
2494 3663 2654 3725 Deus,
2698 3664 2751 3716 in
2780 3678 2889 3732 quo
2917 3663 3077 3732 iubes
3112 3679 3212 3719 nos
3237 3681 3427 3720 muna~

1852 3756 2020 3808 sterio
2040 3755 2314 3815 collocari.
2350 3755 2692 3808 inveniamus
2719 3755 2942 3823 januam
2972 3765 3249 3824 apertam;
3281 3760 3427 3825 quod

1853 3855 1907 3898 et
1937 3844 2135 3900 factum
2171 3845 2286 3900 fuit.
2324 3845 2453 3899 Erat
2498 3847 2683 3915 itaque
2734 3850 2785 3899 in
2837 3860 2938 3901 hoc
2979 3851 3309 3903 monasterio
3346 3852 3429 3903 vir

1854 3936 2133 4001 mirabilis,
2172 3939 2394 3992 nomine
2439 3938 2632 4003 Nicon,
2669 3940 2836 3993 homo
2889 3940 2977 3993 cui
3028 3956 3159 3995 vere
3187 3957 3427 4012 congrua

1854 4028 2257 4096 cognominatio
2304 4028 2413 4098 (Η)
2464 4031 2863 4084 conversationi
2909 4041 3027 4086 erat
3059 4032 3247 4088 indita.
3294 4034 3429 4088 Nam

1855 4119 2110 4173 vincebat
2140 4135 2358 4173 omnem
2390 4120 2714 4175 diabolicam
2754 4122 3042 4191 legionem,
3072 4124 3347 4179 miraculis
3373 4135 3432 4181 et

1855 4212 2024 4283 signis
2047 4212 2363 4282 eﬂ‘ulgebat,
2395 4222 2451 4267 et
2480 4214 2779 4282 prophetiae
2803 4214 3065 4283 dignitate
3106 4224 3221 4268 erat
3263 4232 3291 4269 a
3321 4216 3431 4271 Deo

1857 4302 2175 4365 honoratus,
2201 4302 2291 4368 qui
2320 4303 2482 4356 etiam
2530 4304 2717 4357 beatos
2745 4304 2910 4358 hosce
2948 4304 3113 4358 affore
3145 4307 3430 4373 pramovit.

164 4389 281 4443 xui.
313 4392 411 4461 τὴν
440 4389 716 4443 πολιτείαν
766 4390 1129 4459 κτησάμενος.
1166 4390 1350 4443 Νικῶν
1394 4390 1503 4461 γὰρ
1538 4391 1739 4462 ὑπῆρχε

1859 4392 2003 4447 Dixit
2020 4394 2164 4447 enim
2189 4394 2389 4448 vidisse
2419 4410 2477 4449 se
2509 4394 2563 4448 in
2596 4397 2806 4449 somnis
2830 4396 2916 4449 illa
2934 4396 3167 4466 die.qua
3194 4399 3430 4453 advene-

165 4484 368 4535 πᾶσαν
395 4481 714 4552 δαιμονικὴν
749 4482 1074 4552 παράταξιν,
1110 4480 1351 4551 θαύμασι
1383 4482 1477 4535 καὶ
1507 4483 1753 4551 σημείοις

166 4573 585 4642 καταλάμπων,
611 4574 704 4624 καὶ
728 4573 1063 4643 προφητείας
1090 4571 1356 4641 ἀξιώματι
1381 4573 1485 4625 ὑπὸ
1505 4574 1640 4626 Θεοῦ
1662 4593 1751 4626 τε-

166 4680 321 4731 τιμη
329 4663 505 4729 μένος·
527 4662 585 4724 ὃς
608 4665 701 4715 καὶ
724 4667 973 4733 προέγνω
991 4664 1088 4733 τὴν
1110 4664 1314 4717 τούτων
1341 4664 1448 4716 τῶν
1470 4666 1754 4734 μακαρίων

1860 4496 2012 4550 runt,
2042 4486 2299 4554 aliquem,
2328 4488 2417 4556 qui
2445 4488 2662 4541 dicebat
2696 4488 2797 4556 ipsi
2831 4506 2843 4541 :
2882 4488 3055 4559 Surge
3084 4500 3139 4543 et
3176 4491 3323 4559 aperi
3350 4492 3432 4561 ia-

1858 4592 2021 4630 nuam
2049 4577 2309 4641 mandrae,
2341 4590 2400 4631 ut
2428 4579 2798 4650 ingrediantur
2820 4593 2950 4635 oves
2985 4596 3153 4646 mea;
3179 4582 3323 4651 quod
3378 4592 3434 4636 ct

1860 4667 2012 4722 fecit.

164 4753 508 4822 παρουσίαν
541 4756 674 4823 φησὶ
702 4754 810 4821 γὰρ
838 4757 1141 4825 ἑωρακέναι
1172 4757 1331 4809 αὑτὸν
1361 4757 1501 4809 κατά
1525 4758 1650 4820 τοὺς
1690 4758 1887 4824 ὕπνους
1921 4764 1988 4831 τῇ
2021 4762 2227 4833 ἡμέρᾳ,
2259 4766 2315 4814 ἐν
2420 4766 2808 4835 παρεγένοντο,
2842 4767 2960 4819 τινὰ
2992 4767 3219 4835 λέγοντα
3249 4769 3426 4839 αὐτῷ·

177 4844 433 4896 Ἀνάστα
461 4846 553 4896 καὶ
579 4845 787 4910 ἄνοιξον
816 4845 913 4916 τὴν
948 4846 1118 4916 θύραν
1147 4848 1244 4916 τῆς
1284 4847 1517 4916 ποίμνης
1558 4848 1646 4901 ’ίνα
1677 4852 1962 4905 εἰσέλθωσι
1987 4854 2054 4904 τὰ
2082 4853 2331 4922 πρόϐατά
2359 4873 2458 4921 μου
2484 4871 2496 4884 ·
2544 4858 2681 4926 ὅπερ
2722 4861 2816 4909 καὶ
2845 4859 3122 4928 εποίησεν.

252 4991 335 5053 η’.
380 4985 465 5048 Ὦς
486 4980 580 5039 οῦν
612 4987 1047 5053 παραγενόμενοι
1084 4979 1242 5056 εὗρον
1262 4986 1359 5057 τὴν
1398 4986 1570 5055 θύραν
1595 4990 1757 5060 ἀνεῳ-

161 5072 419 5143 γμένην,
454 5073 650 5125 καὶτὸν
673 5073 846 5126 ἀσὸἄν
874 5072 1256 5143 καθεζόμενον,
1284 5076 1377 5130 καὶ
1394 5080 1757 5146 περιμένοντα

161 5164 386 5227 αὐτούς
405 5181 419 5194 ·
439 5160 590 5217 εἶπεν
605 5168 633 5217 ό
650 5164 903 5235 Ἰωάννης
924 5165 1001 5235 τῷ
1026 5166 1248 5235 Συμεών
1262 5183 1277 5197 ο
1307 5169 1484 5221 Καλὸν
1506 5173 1754 5239 σημεῖον,

160 5255 405 5319 ἀδελφὲ,
443 5256 554 5307 ἰδοὺ
593 5258 627 5324 ἡ
663 5255 803 5324 θύρα
841 5256 1088 5326 ἀνοικτὴ,
1133 5258 1227 5310 καὶ
1255 5258 1284 5308 6
1313 5258 1590 5329 ὀστιάριος
1622 5260 1757 5312 καθ-

159 5351 390 5417 ήμενος
413 5362 427 5377 ο
468 5349 543 5407 ὼς
568 5343 661 5399 οὖν
688 5347 1047 5418 ἐπλησίασαν,
1078 5349 1227 5416 λέγει
1256 5352 1441 5414 αὐτοῖς
1463 5355 1491 5405 ό
1528 5351 1759 5421 ἡγούμε-

158 5449 308 5498 νος⁸
340 5434 531 5498 Καλῶς
560 5431 724 5505 ἦλθον
760 5436 829 5489 τά
874 5436 1124 5507 πρόϐατα
1167 5438 1259 5490 τοῦ
1305 5439 1560 5509 Χριστοῦ.
1595 5441 1753 5502 Λέγει

1934 4992 1987 5046 8.
2008 4993 2296 5063 Postquam
2320 5012 2449 5066 ergo
2475 4998 2846 5065 advenissent,
2864 5001 3431 5074 inveneruntjanuam

1862 5094 2125 5151 apertam,
2156 5095 2210 5140 et
2237 5086 2487 5141 abbatem
2521 5090 2824 5153 sedentem.
2867 5102 2922 5146 et
2961 5094 3107 5163 ipsos
3141 5106 3436 5165 expectan-

1866 5184 1993 5228 tem.
2062 5175 2203 5231 Dixit
2261 5176 2500 5232 Joannes
2560 5177 2817 5248 Symeoni
2864 5200 2878 5236 :
2934 5184 3144 5239 Bonum
3195 5186 3432 5256 signum,

1864 5264 2051 5330 frater,
2074 5281 2202 5321 ecce
2226 5268 2391 5337 ianua
2419 5277 2632 5339 aperta.
2656 5283 2709 5323 et
2747 5273 3003 5328 ostiarius
3043 5276 3259 5332 sedens.
3296 5278 3434 5334 Dum

1867 5355 2027 5423 igitur
2051 5358 2601 5429 appropinquassent,
2621 5362 2754 5418 dicit
2778 5364 2910 5433 ipsis
2933 5365 3433 5439 hegumenustli):

1869 5449 2015 5500 Bene
2038 5460 2311 5504 venerunt
2337 5466 2466 5504 oves
2489 5450 2715 5507 Christi.
2754 5453 2893 5510 facit
2923 5457 3103 5511 statim
3135 5456 3386 5528 Symeoni
3418 5478 3433 5514 :

1684 5570 1912 5631 ΝΟΤᾸί.

263 5656 374 5729 (10)
414 5657 605 5727 Capite
636 5661 867 5729 septimo
887 5662 1149 5719 invenies.

415 5730 653 5815 ιλινετριο
693 5728 902 5815 νικάωι,
954 5735 1102 5785 vinco
1128 5775 1142 5794 ,
1199 5733 1358 5815 cuius
1409 5736 1755 5815 participium
1796 5750 1875 5796 est
1903 5746 2325 5815 VixGivminrms,
2350 5759 2441 5804 aut
2477 5752 2661 5808 victor.

259 5796 375 5864 (l2)
428 5796 779 5866 'llyodpsvog,
798 5802 984 5863 abbas,
1016 5796 1347 5858 monasterio
1373 5796 1693 5864 praefectus;
