4118 6432
163 357 287 421 1685

1410 360 1583 421 VlTA
1627 359 1686 420 S.
1724 359 2119 425 SYMEONIS’.

3270 363 3406 432 1686

155 469 352 531 αὐτῶν,
389 469 633 523 ἐνέδυσεν
675 469 892 535 αὐτοὺς,
945 466 1143 537 οἰκτρὰ
1185 468 1305 537 μέν,
1358 468 1504 538 ὅμως
1563 469 1717 534 άγια,

1844 479 1982 523 lator
2030 469 2164 538 ipsis
2195 469 2276 523 vir
2327 470 2547 542 sapiens
2590 482 2646 528 ct
2685 469 3166 528 commiseratione
3212 475 3408 544 plenus

156 557 317 611 ἐλεῶν
343 557 542 621 αὐτοὺς
570 557 599 610 6
637 557 798 626 σοφὸς
843 557 935 610 καὶ
975 555 1450 627 συμπαθέστατος,
1491 558 1578 610 διὰ
1630 558 1730 628 τὴν

155 649 247 702 τοῦ
288 649 539 718 σώματος
568 649 748 702 αὐτῶν
801 650 1153 718 ἁπαλότητα,
1213 651 1308 701 καὶ
1358 650 1730 702 άσιρνεὶθιστον

154 741 556 793 κακοπάθειαν.
584 741 1014 809 Κουρευομένων
1036 741 1095 792 δέ
1124 740 1325 804 αὐτῶν,
1360 742 1389 793 6
1423 741 1521 810 μὲν
1551 743 1732 794 Ἰωάν·

152 849 249 902 γης
279 831 494 885 ἔκλαιεν
536 831 679 884 πάνυ
699 848 711 861 ο
745 834 772 884 6
796 833 848 884 δέ
876 832 1101 901 Συμεὼν
1125 831 1344 884 ἔνευσεν
1373 832 1564 885 τοῦτον
1592 833 1731 884 παύ-

151 921 374 985 σασθαι,
414 922 486 992 μὴ
517 921 651 975 νοῶν
682 922 820 984 ὅλως
856 923 916 975 τὸ
942 923 1032 976 διά
1061 924 1113 975 τί
1162 922 1341 976 κλαίει
1363 939 1379 955 ⁸
1417 923 1590 976 ἐδόκει
1623 926 1732 994 γὰρ

148 1012 234 1063 ὅτι
266 1013 373 1065 άπὸ
394 1015 574 1086 λύπης
603 1017 711 1068 τῶν
743 1016 947 1084 γονέων
989 1018 1178 1080 αὐτοῦ,
1232 1019 1325 1071 καὶ
1373 1018 1474 1086 τῆς
1512 1019 1732 1087 ἀγάπης

145 1102 254 1170 τῆς
283 1107 542 1169 γυναικὸς
579 1108 745 1160 αὑτοῦ
777 1108 977 1162 κλαίει.
1013 1111 1166 1164 Μετὰ
1204 1106 1297 1162 οὖν
1342 1110 1405 1162 τὸ
1432 1111 1732 1182 κουρευθῆ-

147 1211 242 1245 ναι
269 1196 488 1262 αὐτοὺς,
529 1199 624 1251 καὶ
649 1199 746 1269 τὴν
772 1201 935 1267 ἁγίαν
975 1201 1196 1265 σύναξιν
1231 1201 1564 1257 ἐπιτελέσαι.
1601 1203 1732 1255 ἐκα-

147 1283 344 1346 θέζετο
401 1286 561 1341 πάλιν
610 1291 640 1342 6
672 1290 996 1360 ἡγούμενος,
1030 1292 1118 1346 διὰ
1171 1291 1353 1360 πάσης
1406 1292 1592 1360 σχεδὸν
1635 1294 1734 1360 τῆς

147 1376 372 1446 ἡμέρας
394 1380 664 1434 νουθετῶν
693 1382 913 1440 αὐτούς.
950 1384 1106 1455 ’ῌδει
1132 1385 1241 1452 γὰρ
1268 1386 1350 1437 ὅτι
1378 1385 1441 1436 οὺ
1473 1385 1739 1455 πολυχροι

147 1467 341 1520 νοῦσιν
376 1470 508 1538 πρὸς
537 1471 719 1538 αὑτὸν,
741 1472 840 1526 τοῦ
870 1473 1005 1527 Θεοῦ
1040 1475 1134 1528 κα)⁵
1165 1475 1322 1528 τοῦτο
1345 1477 1736 1548 οἰκονομήσανο

144 1577 265 1621 τος.
305 1562 383 1632 Τῇ
411 1558 504 1615 οὖν
528 1564 792 1634 ἐπαύριον
828 1566 1102 1628 ἐϐούλετο,
1129 1567 1298 1638 οὔσης
1332 1570 1495 1635 ἁγίας
1523 1572 1733 1640 Κυρια-

146 1655 282 1720 κῆς,
308 1653 490 1707 δοῦναι
521 1656 706 1719 αὐτοῖς
729 1658 824 1711 καὶ
855 1658 916 1710 τὸ
945 1659 1100 1726 ἅγιον
1128 1660 1334 1729 σχῆμα.
1370 1661 1455 1722 Ὠς
1480 1657 1572 1713 οὖν
1588 1679 1736 1722 τινες

143 1743 265 1795 τῶν
291 1744 537 1813 ἀδελφῶν
571 1747 760 1817 ἔλεγον
795 1751 980 1813 αὐτοῖς
1002 1767 1014 1780 ο
1043 1752 1322 1822 Μακάριοὶ
1352 1753 1497 1809 ἐστε,
1531 1754 1611 1805 ὃτι
1641 1752 1736 1804 αὓ-

149 1849 276 1902 ριον
317 1811 706 1901 ἀναγεννᾶσθε,
747 1842 840 1892 καὶ
875 1811 1092 1908 γίνεσθε
1115 1811 1346 1911 καθάροὶ
1373 1841 1445 1904 ὡς
1475 1842 1733 1912 ἐγεννήθ-
1769 1811 1810 1867 Β

144 1942 252 1989 ητε
297 1926 407 1979 ἀπὸ
440 1927 625 1998 πάσης
657 1931 970 1997 ἁμαρτίας,
1011 1933 1088 1995 ὡς
1113 1932 1201 1986 ἵνα
1255 1934 1391 2002 αὑτῆ
1443 1937 1509 2003 τῇ
1553 1935 1736 2006 ἡμέρᾳ

147 2017 547 2089 ἐϐαπτίσθητε,
580 2020 998 2092 ἐθαμὸήθησαν,
1031 2024 1124 2075 καὶ
1165 2024 1400 2093 ἔδραμον
1433 2025 1737 2094 ἀμφότεροι

148 2112 293 2179 προς
324 2111 415 2164 τὸν
445 2112 588 2166 θεῖον
622 2115 880 2180 Νίκωνα,
920 2115 1018 2185 ὀψὲ
1047 2116 1124 2187 τῷ
1159 2116 1445 2187 Σαϐϐάτῳ,
1488 2118 1584 2170 καὶ
1622 2117 1736 2178 τοῖς

147 2204 317 2256 ποσὶν
359 2205 524 2258 αὑτοῦ
566 2207 942 2276 προσέπιπτον
997 2208 1250 2275 λέγοντες
1277 2224 1291 2238 ⁸
1328 2207 1580 2276 Δεόμεθά
1617 2224 1732 2269 σου,

148 2295 362 2364 Πάτερ,
394 2296 469 2367 μὴ
525 2298 796 2368 βαπτίσῃς
846 2300 1012 2368 ἡμᾶς’
1053 2300 1373 2368 Χριστιανοὶ
1409 2298 1519 2369 γάρ
1569 2300 1738 2368 ἐσμεν

148 2387 251 2438 καὶ
310 2386 654 2453 Χριστιανῶν
713 2390 941 2457 γονέων.
989 2389 1049 2442 '0
1087 2391 1145 2443 δὲ
1200 2392 1272 2460 μὴ
1323 2391 1487 2458 γνοὺς
1516 2390 1568 2442 τί
1597 2386 1738 2458 ἦσαν

145 2479 455 2545 ἀκηκοότες
486 2481 592 2533 ὑπὸ
629 2481 740 2534 τῶν
781 2481 876 2534 τοῦ
911 2484 1181 2535 κοινοὸίου
1225 2483 1503 2553 Πατέρων,
1551 2483 1736 2551 ἔλεγεν

147 2569 294 2635 πρὸς
327 2570 551 2632 αὐτούς’
577 2573 671 2634 Ti;
699 2572 1034 2640 γὰρ,τέκνα.
1067 2574 1209 2626 θέλει
1251 2574 1513 2642 βαπτίσαι
1549 2575 1734 2643 ὐμᾶςς

148 2663 214 2712 0i
253 2660 310 2711 δέ
339 2657 385 2711 εἶ
399 2678 509 2714 πονο
541 2664 602 2715 Οἱ
633 2663 812 2733 κύριοι
844 2666 893 2716 οἱ
923 2665 1184 2718 δεσπόται
1216 2663 1398 2734 ἡμῶν,
1426 2666 1475 2718 οἱ
1505 2665 1600 2717 τοῦ
1640 2682 1738 2734 μο-

149 2753 452 2823 ναστηρίου
484 2755 747 2825 Πατέρες,
766 2755 1017 2823 λέγουσιν
1043 2759 1194 2826 ἡμῖν,
1220 2759 1304 2810 ὃτι
1325 2755 1524 2827 Αὕριον
1548 2757 1742 2822 ἐξανα-

149 2841 511 2906 6απτίζεσθε.
546 2844 680 2896 Τότε
713 2846 946 2914 συνῆκεν
977 2848 1005 2899 ὁ
1028 2847 1350 2917 ἡγούμενος,
1379 2849 1461 2902 ὅτι
1490 2849 1620 2918 περὶ
1646 2848 1740 2902 τοῦ

153 2933 317 2998 ἁγίου
357 2937 638 3004 σχήματος
691 2932 844 2989 εἷπον
875 2939 1082 3000 αὐτοῖς,
1121 2941 1217 2990 καὶ
1269 2939 1419 3006 λέγει
1459 2940 1595 3008 πρὸς
1641 2941 1740 2991 αὑ-

152 3026 285 3081 τούς
312 3041 327 3055 ’
381 3026 576 3089 Καλῶς
605 3023 778 3090 εἷπον,
810 3023 854 3081 ὦ
895 3030 1084 3082 τέκνα·
1117 3031 1212 3082 καὶ
1256 3031 1365 3100 γὰρ
1405 3030 1501 3083 τοῦ
1534 3029 1738 3100 Κυρίου

1832 571 2054 628 propter
2088 568 2334 615 teneram
2361 563 2609 632 corporis
2646 562 3117 626 constitutionem.
3153 573 3209 619 ct
3237 567 3410 620 mole-

1831 653 2016 713 stiam,
2046 653 2132 705 cui
2165 667 2273 706 non
2305 660 2680 706 assueverant.
2711 653 3002 720 Postquam
3033 654 3175 708 tonsi
3200 663 3408 716 essent,

1829 742 2070 797 Joannes
2100 744 2334 798 ubertim
2360 743 2528 798 ﬂevit.
2547 743 2653 798 Sed
2681 742 2915 813 Symeon
2945 745 3204 798 innuebat
3233 755 3292 799 ιιι
3315 747 3409 800 de-

1833 834 2070 898 sisteret,
2117 834 2343 888 omnino
2404 832 2630 902 ignarus
2675 849 2773 888 cur
2825 832 2998 887 ﬂeret.
3059 832 3406 889 Existimabat

1832 923 1976 976 enim
2004 923 2179 992 ipsum
2209 923 2338 977 ilere
2379 939 2489 993 pra:
2518 922 2704 976 dolore
2735 937 2859 993 erga
2887 933 3142 993 parentes
3177 939 3327 988 suos,
3355 935 3411 978 et

1832 1016 2120 1069 dilectione
2147 1015 2395 1086 conjugis
2423 1030 2554 1070 sua).
2595 1013 2841 1069 Tonsura
2881 1025 2937 1071 et
2958 1017 3143 1088 synaxi
3193 1017 3412 1072 absolu~

1837 1109 1923 1170 tis,
1964 1108 2146 1160 denuo
2178 1107 2424 1162 consedit
2484 1108 2846 1177 liegumenus,
2901 1124 2998 1177 per
3051 1117 3218 1163 totam
3271 1125 3429 1177 pene.

1835 1198 1979 1250 diem
2008 1199 2153 1267 ipsos
2181 1197 2502 1252 admonens.
2533 1196 2756 1252 Sciebat
2794 1198 2941 1252 enim
2973 1213 3068 1252 eos
3106 1215 3215 1252 non
3251 1199 3413 1269 longo

1837 1298 2078 1359 tempore
2124 1289 2269 1358 apud
2323 1304 2385 1342 sc
2419 1299 2874 1352 commoraturos,
2923 1289 3027 1343 hoc
3071 1306 3288 1360 quoque
3340 1291 3429 1344 ita.-

1835 1379 2187 1448 dispcnsante
2218 1379 2348 1432 Deo.
2380 1377 2602 1433 Postera
2633 1395 2762 1448 ergo
2790 1380 2898 1442 die,
2932 1394 3054 1447 quae
3076 1388 3194 1432 erat
3223 1389 3422 1432 sancta-
3454 1421 3456 1423 .

1838 1472 2134 1537 Dominica,
2189 1473 2320 1526 dare
2377 1470 2506 1542 ipsis
2566 1471 2781 1525 volebat
2843 1485 3092 1526 sanctum
3144 1472 3410 1525 habitum.

1838 1563 1974 1617 Dum
1993 1564 2240 1618 nonnulli
2287 1563 2516 1617 fratrum
2563 1563 2698 1632 ipsis
2735 1563 3028 1617 dicebant:
3072 1562 3220 1617 Beati
3257 1563 3412 1626 estis,

1836 1658 1964 1726 quia
1989 1673 2110 1710 cras
2142 1656 2599 1726 regenerahimini
2627 1665 2683 1710 et
2716 1656 3112 1710 mundabimini
3155 1657 3223 1708 ab
3266 1655 3412 1708 omni

1838 1757 2082 1816 peccato,
2117 1757 2176 1800 ut
2205 1745 2450 1799 mundati
2491 1745 2670 1800 fuistis
2706 1745 2898 1799 eadem
2941 1745 3054 1810 die,
3096 1761 3200 1815 ψη
3236 1745 3417 1799 fuistis

1839 1837 2093 1906 baptizati
2141 1855 2153 1889 :
2210 1836 2412 1891 turbati
2475 1844 2704 1904 uterque
2756 1836 2825 1890 ad
2855 1835 3104 1889 divinum
3154 1834 3415 1889 Niconem

1837 1939 2223 1996 cucurrerunt,
2258 1945 2485 2000 vespere
2515 1928 2758 1992 Sabbati,
2790 1937 2846 1983 et
2866 1929 3094 1998 pedibus
3125 1928 3241 1997 ejus
3269 1927 3414 1981 acci-

1835 2022 2055 2086 derunt,
2085 2023 2334 2075 dicentes
2364 2039 2376 2073 :
2415 2020 2688 2092 Rogamus
2712 2032 2783 2085 te,
2813 2021 2993 2081 Pater,
3029 2036 3097 2074 ne
3119 2037 3218 2073 nos
3241 2019 3418 2088 bapti-

1837 2128 1959 2178 les;
2013 2129 2136 2167 nam
2197 2111 2494 2166 Christiani
2545 2126 2754 2175 sumus,
2823 2119 2879 2164 et
2933 2109 3261 2164 Christianis
3310 2109 3414 2161 orti

1836 2207 2174 2275 parentibus.
2203 2205 2295 2258 Ille
2327 2205 2547 2273 ignarus
2573 2204 2832 2272 quidnam
2873 2202 3214 2255 audivissent
3253 2215 3282 2253 e
3314 2199 3419 2252 Pa-

1839 2299 2013 2353 tribns
2038 2298 2295 2359 ccenobii,
2330 2297 2465 2351 dixit
2494 2297 2561 2350 ad
2592 2296 2742 2365 ipsos
2774 2313 2789 2350 :
2826 2294 3089 2360 Quisnam
3137 2291 3416 2360 baptizare

1840 2405 1934 2443 vos
1984 2390 2119 2452 vult,
2179 2389 2312 2442 lilii?
2359 2387 2662 2442 Dixerunt:
2709 2386 2926 2440 Domini
2962 2400 3024 2438 ac
3056 2384 3174 2438 heri
3217 2383 3417 2445 nostri,

1837 2482 2155 2536 monasterii
2179 2479 2388 2546 Patres,
2418 2480 2606 2535 dicunt
2642 2480 2802 2534 nobis
2831 2496 2845 2532 :
2878 2479 3012 2533 Cras
3054 2477 3419 2546 rebaptizabi-

1839 2573 1990 2627 ιιιίιιί.
2025 2573 2181 2628 Tunc
2208 2572 2478 2626 intellexit
2525 2572 2869 2640 begumenus
2903 2568 3048 2638 quod
3080 2567 3214 2637 ipsis
3243 2566 3418 2620 dixis-

1838 2678 1962 2721 sent
2008 2667 2076 2720 de
2122 2674 2315 2720 sancto
2371 2665 2584 2718 habitu.
2629 2665 2697 2718 Et
2735 2663 2873 2718 dixit
2923 2661 2992 2716 ad
3048 2661 3210 2716 illos:
3254 2659 3423 2714 Recte

1837 2759 2116 2821 dixerunt,
2163 2758 2293 2824 filii;
2339 2773 2460 2812 cras
2487 2757 2635 2812 enim
2689 2766 2880 2811 sancto
2936 2762 2993 2810 et
3036 2753 3424 2826 angelieoU‘l)

1839 2849 2049 2914 habitu,
2076 2849 2119 2904 si
2162 2849 2272 2904 Deo
2303 2849 2478 2904 visum
2512 2849 2696 2911 fuerit,
2731 2849 2960 2903 induere
3003 2862 3102 2901 vos
3146 2846 3420 2900 volumus.

1842 2941 1941 2997 Ubi
1989 2942 2210 2997 innocui
2245 2941 2398 3012 pueri
2448 2941 2650 2997 Clu-isti
2680 2941 3088 3002 intellexerunt,
3117 2938 3253 2993 nihil
3281 2938 3334 2991 in
3368 2952 3427 2991 se

1840 3032 2163 3093 desiderari,
2201 3043 2260 3088 ut
2296 3035 2660 3088 monasticam
2691 3032 3081 3087 vestimentum
3113 3030 3424 3088 induerent,

154 3114 529 3179 εὐδοκοῦντος,
565 3117 756 3188 αὔριον
795 3119 1025 3189 θέλομεν
1063 3119 1280 3174 ἐνδῦσαι
1316 3122 1462 3192 ὑμᾶς
1493 3121 1556 3174 τὸ
1584 3120 1738 3189 ἅγιον

1844 3124 2032 3179 dicunt
2057 3123 2238 3178 abbati
2281 3141 2294 3176 :
2329 3122 2437 3178 Sed
2457 3124 2603 3177 enim
2629 3138 2864 3193 quanam
2887 3122 2991 3177 alia
3013 3138 3073 3177 re
3091 3121 3425 3193 indigemus.

158 3209 254 3258 καὶ
283 3209 574 3274 άγγελικὸν
605 3213 810 3280 σχῆμα.
861 3211 947 3274 Ὠς
971 3214 1204 3281 ἐνόησαν
1245 3214 1296 3265 οἱ
1343 3213 1613 3282 ἀπόνηροι
1645 3212 1737 3264 τοῦ

157 3298 404 3367 Χριστοῦ
435 3301 644 3367 παῖδες,
693 3303 868 3372 μηδὲν
891 3303 1092 3366 αὐτοὺς
1134 3303 1404 3357 ἐλλείπειν
1441 3303 1535 3356 τοῦ
1585 3304 1737 3356 ἐνδύ-

1848 3214 2026 3277 Pater,
2063 3223 2122 3267 nt
2166 3214 2458 3269 induamur
2490 3214 2737 3284 angelico
2779 3214 2895 3281 illo,
2936 3228 3101 3285 quem
3130 3212 3291 3278 dicis,
3331 3209 3429 3264 ha-

1853 3307 1994 3359 hitn.

162 3407 339 3459 ματος
378 3393 472 3445 τοῦ
502 3394 820 3464 μοναχικοῦ,
867 3395 1122 3462 λέγουσιν
1168 3395 1248 3466 τῷ
1285 3394 1470 3466 ἀϐσᾷο
1512 3395 1578 3447 Τί
1612 3395 1751 3463 γάρ,
1793 3396 1994 3468 Πάτερ,
2037 3398 2165 3453 ἄλλο
2213 3399 2266 3451 τί
2318 3413 2447 3451 ποτε
2474 3397 2770 3469 χρῄζομεν,
2810 3397 2898 3450 ἵνα
2953 3397 3303 3468 ἐνδυσώμεθα
3372 3393 3432 3447 τὸ

160 3485 462 3551 άγγελικὺν
497 3488 694 3546 ἐκεῖνο,
720 3485 748 3538 ὃ
778 3486 979 3553 λέγεις,
1011 3486 1230 3555 axium;

238 3602 328 3664 ιγ’.
359 3591 468 3647 Ἦν
489 3595 546 3648 δέ
580 3595 750 3664 μέγας
788 3590 943 3660 οὗτος
979 3601 1047 3666 τῇ
1097 3598 1442 3668 προλαὸούσῃ
1463 3598 1739 3668 ἐῆδομάδι,

163 3691 225 3740 ἐν
326 3689 420 3740 καὶ
448 3688 693 3758 ὑπῆρχεν
726 3688 819 3742 τοῦ
845 3690 1026 3759 τιμίου
1053 3691 1290 3760 σταυροῦ
1320 3693 1353 3760 ἡ
1386 3689 1617 3760 ῦψωσις,
1655 3691 1742 3742 δε-

161 3781 357 3843 δωκώς
385 3798 489 3833 τινι
525 3780 634 3832 τῶν
674 3781 919 3849 ἀδελφῶν
957 3781 1206 3851 νεωτέρῳ
1245 3783 1430 3852 σχῆμα
1462 3782 1524 3835 τὸ
1564 3781 1740 3848 ἅγιον,

162 3875 263 3925 καὶ
284 3874 384 3926 οὐκ
410 3869 478 3944 ἦν
505 3873 688 3943 ἀκμὴν
715 3873 1011 3943 πληρώσας
1043 3874 1142 3936 τὰς
1189 3874 1328 3927 ἑπτὰ
1358 3875 1595 3943 ἡμέρας,
1629 3875 1745 3927 ἀλλ’

162 3966 252 4019 ἔτι
284 3967 472 4037 ἐφόρει
503 3967 702 4029 πάντα,
732 3966 806 4028 ὡς
828 3966 1029 4036 ἐστινὴ
1059 3967 1418 4028 κατάστασις,
1447 3965 1506 4017 ὂν
1531 3966 1748 4034 ἐπέτρε-

161 4065 270 4128 ψεν
322 4061 349 4111 ό
386 4059 558 4129 μέγας
615 4059 816 4121 εὐθέως
874 4061 952 4121 εἰς
1005 4059 1167 4128 μέσον
1217 4057 1466 4127 ἀχθῆναι.
1524 4057 1614 4120 Ὠς
1643 4056 1736 4110 οῦν

161 4148 325 4221 ἦλθε,
349 4149 647 4220 θεωροῦσιν
675 4151 836 4202 αὐτὸν
854 4150 1175 4220 ἀμφότεροι,
1197 4151 1290 4201 καὶ
1320 4149 1521 4201 ἔπεχ’-ιν
1542 4148 1746 4210 εὐθέως

164 4243 253 4303 εις
281 4242 404 4303 τοὺς
432 4240 596 4302 πόδας
633 4238 727 4290 τοῦ
757 4238 922 4302 ἀὸῢᾶ,
960 4239 1056 4291 καὶ
1100 4235 1251 4290 εἷπον
1295 4237 1476 4309 αὐτῷ’
1504 4236 1747 4305 Δεόμεθά

166 4346 294 4391 σου,
319 4328 415 4379 ἐὰν
447 4326 620 4389 οὕτως
650 4328 798 4396 ἡμᾶς
831 4327 1047 4396 μέλλεις
1093 4326 1319 4390 ἐνδύειν,
1351 4329 1446 4380 καὶ
1491 4326 1748 4398 τοιαύτης

163 4422 340 4490 τιμῆς
374 4420 468 4472 καὶ
497 4419 654 4488 δόξης
685 4418 891 4483 ἀξιοῦν,
934 4418 1030 4488 ἀφ’
1076 4419 1318 4488 ἑσπέρας
1370 4419 1618 4487 ποίησον,
1672 4419 1746 4487 μή

168 4529 292 4573 πως
321 4509 599 4578 ἄνθρωποι
623 4508 794 4571 ὅντες,
821 4509 913 4561 διὰ
939 4508 1040 4576 τῆς
1077 4507 1273 4572 νυκτὸς
1315 4508 1497 4578 φθάσῃ
1524 4510 1660 4576 ἡμῖν
1688 4507 1750 4559 τὸ

165 4603 533 4672 ἀνθρώπινον,
569 4602 666 4654 καὶ
692 4600 1024 4670 ἀπέλθωμεν
1048 4601 1150 4670 τῆς
1183 4599 1441 4669 τοιαύτης
1472 4600 1631 4669 δόξης
1653 4599 1751 4652 καὶ

165 4696 370 4765 χαράς,
406 4695 500 4746 καὶ
533 4691 628 4745 τοῦ
666 4691 911 4744 τοιούτου
943 4691 1161 4760 ὀψικίου
1190 4693 1286 4746 καὶ
1321 4692 1587 4760 στεφάνου
1613 4692 1750 4742 ἀπο-

1923 3601 2010 3653 15.
2048 3598 2326 3653 Practerita
2362 3609 2543 3651 autem
2593 3595 2954 3660 hebdomade,
3001 3611 3108 3665 qua
3151 3596 3432 3650 colebatur

1851 3691 2107 3746 exultatio
2133 3689 2380 3758 pretiosa:
2422 3688 2625 3754 crucis,
2674 3687 2756 3742 vir
2803 3687 2906 3743 iste
2965 3703 3195 3758 magnus
3226 3688 3429 3758 juniort

1851 3782 2063 3835 cuidam
2092 3781 2317 3834 fratrum
2370 3788 2617 3833 sanctum
2650 3779 2875 3834 dederat
2909 3779 3178 3841 habitum,
3210 3787 3266 3832 et
3319 3789 3430 3832 tum

1854 3873 2112 3941 temporis
2138 3872 2369 3926 necdum
2403 3872 2718 3941 expleverat
2751 3882 2960 3940 septem
2993 3873 3132 3936 dies,
3155 3873 3250 3930 sed
3286 3873 3433 3925 fert-.-

1853 3964 1946 4017 bat
1974 3963 2149 4018 adhuc
2198 3964 2402 4024 omnia,
2429 3978 2549 4031 quae
2591 3963 2907 4016 constitutio
2949 3963 3218 4032 exigebat.
3257 3961 3431 4027 Quem

1852 4055 1931 4107 vir
1962 4069 2187 4124 magnus
2216 4053 2268 4105 in
2297 4054 2534 4106 medium
2568 4053 2789 4120 produci
2815 4053 3082 4122 permisit.
3163 4052 3263 4107 Ubi
3303 4069 3433 4120 ergo

1853 4147 2020 4210 venit,
2077 4145 2515 4214 contemplanlur
2557 4145 2708 4197 illum
2753 4146 2934 4208 ambo,
2998 4155 3053 4198 et
3115 4145 3460 4203 acciderunt

1852 4240 1997 4293 illico
2017 4239 2084 4292 ad
2118 4237 2283 4306 pedes
2326 4237 2555 4300 abbatis,
2596 4246 2651 4289 et
2697 4238 2955 4289 dixerunt
3004 4237 3152 4305 ipsi:
3197 4236 3433 4291 Oramus

1853 4339 1929 4392 te,
1962 4329 2008 4382 si
2037 4329 2221 4381 animo
2255 4326 2421 4380 fixum
2449 4327 2602 4380 sedet
2637 4325 2715 4380 sic
2739 4341 2839 4381 nos
2867 4327 3089 4388 vestire,
3127 4336 3182 4380 et
3216 4328 3306 4380 tali
3340 4328 3436 4380 lm-

1855 4435 1989 4473 nore
2019 4429 2069 4473 et
2102 4418 2270 4490 gloria
2299 4419 2529 4487 dignari,
2561 4419 2630 4473 ab
2663 4419 2768 4472 hoc
2796 4423 3021 4489 vespere
3066 4419 3118 4473 id
3164 4420 3330 4489 agito,
3369 4436 3437 4471 ne

1855 4511 2015 4573 forte,
2064 4509 2322 4578 quoniam
2383 4508 2634 4563 homines
2683 4525 2904 4574 sumus,
2945 4510 3172 4564 humani
3233 4510 3435 4579 aliquid

1857 4616 1956 4670 per
1997 4609 2212 4654 noctem
2275 4599 2432 4654 nobis
2480 4600 2783 4669 contingat,
2839 4608 2896 4654 et
2949 4601 3298 4656 discedamus
3344 4603 3434 4655 tali

1857 4693 2027 4762 gloria
2056 4703 2112 4746 et
2149 4693 2365 4762 gaudio,
2409 4708 2626 4745 necnon
2678 4693 2771 4746 tali
2827 4693 3093 4762 obsequio
3138 4703 3194 4748 et
3237 4708 3437 4747 corona

164 4789 450 4854 τυχόντες.
471 4784 559 4847 Ὠς
593 4780 687 4836 οὖν
726 4783 958 4850 ἤκουσεν
986 4782 1166 4834 αὐτῶν
1205 4786 1233 4834 ό
1263 4779 1568 4851 ἡγούμενος
1604 4781 1742 4850 εἰρη-

1858 4785 2122 4838 l'rnstrati.
2165 4784 2467 4852 Postquam.
2489 4799 2619 4851 ergo
2666 4800 2762 4838 eos
2804 4783 3046 4840 audisset
3095 4786 3439 4855 hcgumcnns

170 4879 351 4931 κότων
376 4876 482 4929 τῶν
506 4873 753 4928 τοιούτου
782 4874 999 4943 ὀψικίου
1025 4875 1120 4927 καὶ
1143 4874 1411 4942 στεφάνου
1436 4873 1755 4942 ἀποτυγχά-

168 4986 313 5031 νειν,
340 4967 558 5035 ἐνόησεν
578 4965 846 5017 ὀπτασίαν
869 4965 1070 5026 αὐτοὺς
1096 4966 1176 5026 εἰς
1200 4965 1292 5016 τὸν
1307 4963 1369 5016 τὸ
1391 4963 1546 5029 ἆγιον
1568 4964 1756 5032 σχῆμα

171 5061 449 5131 φοροῦντα
482 5057 807 5127 ἑωρακέναι,
829 5057 922 5109 καὶ
947 5041 1280 5125 ἐπέστρεψεν
1312 5055 1568 5107 ὑπελθεῖν
1591 5055 1754 5107 αὐτὸν

173 5157 240 5206 ἐν
269 5152 344 5222 τῷ
380 5151 493 5219 ἱδὶῳ
526 5151 694 5219 τόπῳ,
725 5150 859 5201 ὅπου
894 5144 963 5218 ἦν
1001 5148 1058 5215 ἐξ
1087 5139 1149 5199 οὗ
1181 5148 1470 5201 ἐνεδύσατο
1498 5147 1559 5199 τὸ
1599 5147 1755 5214 ἆγιον

174 5245 389 5312 σ)ἧμα.
421 5243 624 5295 Τούτου
658 5237 749 5294 οὖν
780 5240 1129 5303 ἀπελθόντος,
1164 5238 1519 5309 ἐλυπήθησαν
1553 5238 1757 5308 σφόδρα

171 5339 229 5389 οἱ
263 5335 450 5396 παῖδες
480 5332 574 5386 τοῦ
613 5332 875 5402 Χριστοῦ,
904 5332 998 5384 καὶ
1025 5331 1278 5398 λέγουσιν
1318 5330 1397 5400 τῷ
1435 5329 1755 5399 ἡγουμένῳ·

173 5426 284 5482 Διὰ
329 5428 418 5480 τὸν
463 5425 698 5496 Κύριον,
737 5425 938 5494 Πάτερ,
975 5423 1202 5486 ἀνάστα,
1248 5421 1471 5490 ποίησον
1512 5421 1658 5490 ἡμᾶς
1684 5420 1760 5483 ὡς

1859 4877 2059 4931 dixisse
2080 4877 2147 4930 de
2183 4877 2274 4930 tali
2306 4876 2553 4944 obsequii
2583 4886 2637 4930 et
2664 4893 2879 4933 corona:
2907 4879 3234 4949 privatione,
3267 4879 3432 4931 intel-

1861 4967 1991 5021 lexit
2023 4967 2225 5020 vidisse
2285 4982 2380 5021 eos
2414 4967 2811 5037 apparitionem
2847 4969 2899 5020 in
2951 4983 3038 5032 eo,
3084 4968 3177 5038 qui
3231 4967 3438 5022 ferebat

1862 5063 2107 5109 sanctum
2146 5054 2413 5118 habitum,
2465 5065 2518 5108 et
2568 5056 2814 5124 permisit
2863 5072 2988 5110 eum
3033 5057 3113 5111 ire
3146 5059 3215 5111 ad
3261 5058 3438 5110 lovum

1861 5159 2042 5206 suum,
2081 5144 2169 5196 ubi
2214 5153 2351 5209 erat,
2381 5163 2408 5197 a
2455 5160 2563 5212 quo
2611 5153 2856 5215 tempore
2896 5145 3146 5199 induerat
3190 5156 3437 5200 sanctum

1864 5234 2127 5288 habitum.
2179 5234 2465 5304 Postquam
2516 5235 2605 5288 ille
2657 5236 2888 5301 abierat,
2937 5237 3092 5291 valde
3146 5238 3442 5292 doluerunt

1863 5324 2066 5380 Christi
2094 5326 2266 5393 pueri,
2299 5336 2354 5380 et
2384 5326 2572 5379 dicunt
2605 5327 2916 5396 hegumeno
2948 5345 2961 5381 :
2993 5323 3223 5398 Propter
3253 5327 3437 5380 Domi-

1867 5434 2016 5482 num,
2069 5418 2246 5483 Pater,
2304 5433 2551 5487 assurge.
2599 5427 2656 5472 et
2688 5420 2772 5473 lac
2808 5435 2907 5473 nos
2940 5419 3091 5482 tales,
3135 5419 3312 5487 qualis
3358 5430 3442 5472 est

1692 5598 1916 5655 NOTAE.

259 5705 369 5771 (Π)
408 5704 610 5771 Duplex
650 5701 792 5769 apud
843 5699 1060 5752 Gr.ecos
1095 5707 1177 5750 est
1220 5697 1550 5771 tnoaastieus
1592 5698 1745 5771 habi-

183 5768 297 5832 tus.
331 5768 529 5843 parvus
558 5768 845 5829 nimirum.
899 5779 947 5823 et
1000 5784 1245 5830 magnus,
1303 5768 1414 5822 sive
1459 5768 1747 5828 angelicus.

1856 5697 2026 5766 Cujus
2058 5707 2396 5763 apparatum,
2447 5707 2499 5749 et
2543 5714 2663 5764 quae
2705 5700 2808 5751 huc
2842 5709 3106 5762 spectant.
3151 5700 3237 5753 dat
3273 5701 3432 5763 (ζου,

1867 5765 1980 5838 pag.
2022 5767 2141 5823 490.
2173 5777 2218 5821 ΕΙ
2254 5765 2520 5820 Ilabertus
2552 5769 2930 5825 observatione
2965 5769 3140 5824 ιρτνάδ,
