4118 6432
147 366 290 432 1689

1420 389 1597 450 VlTA
1638 392 1698 450 S.
1726 392 2125 457 SYMEONIS.

3260 403 3395 467 1690

136 477 397 550 Συμεὼν,
427 483 521 535 καὶ
553 478 707 538 εἶπεν
727 503 739 516 ·
787 486 844 541 ’0
891 488 1071 554 σώσας
1118 494 1244 556 τοὺς
1275 497 1384 558 πρὸ
1430 496 1525 550 τοῦ
1553 498 1713 552 Δαυῖδ

1822 504 1927 565 nis.
1950 504 2042 573 qui
2073 504 2211 559 dixit
2238 522 2251 560 :
2286 503 2389 570 Qui
2420 506 2660 563 servavit
2689 523 2805 573 eos,
2852 512 2944 580 qui
2980 521 3107 565 ante
3139 511 3393 568 Davidem

136 570 626 644 ιῦαριστήσαντας
669 578 836 649 αὐτῷ.
900 580 1062 646 σώζει
1114 586 1210 637 καὶ
1252 588 1420 655 ἡμᾶς.
1452 588 1516 641 Ei
1545 588 1600 642 δέ
1626 589 1719 641 καὶ

134 659 288 727 ἄξιοι
318 664 626 735 γενώμεθα,
662 669 903 751 διδάσκει
938 674 1034 726 καὶ
1061 676 1231 744 ἡμᾶς,
1256 677 1332 739 ώς
1360 678 1601 744 ἐδίδαξεν
1630 679 1720 733 τὸν

131 752 333 821 Δαυῒδ,
365 755 442 818 ώς
472 752 541 827 ἦν
566 760 646 823 είς
672 761 742 814 τὰ
768 765 1016 832 πρόϐατα
1064 770 1143 830 εἰς
1201 771 1300 838 την
1359 770 1585 838 ἔρημον,
1643 772 1719 843 μὴ

133 844 380 918 θελήσῃς
410 850 683 921 ἀνακόψαι
710 853 807 923 τὴν
836 856 1153 927 προθυμίαν
1181 876 1305 929 μου.
1330 861 1721 929 ἁδελφέ.⁹Αλλὰ

128 936 355 1005 λοιπόν,
382 943 464 995 ὅτι
497 945 577 1006 είς
614 945 772 999 τοῦτο
804 949 864 1000 τὸ
886 951 1118 1019 πρᾶγμα
1160 950 1442 1020 ἐδώκαμεν
1474 954 1719 1020 ἑαυτοὺς,

132 1028 221 1098 μὴ
255 1031 611 1103 ἀφανίσωμεν
637 1036 790 1090 αὑτό.
822 1038 954 1090 Τότε
989 1042 1017 1092 ὀ
1038 1040 1196 1109 κῦρις
1249 1041 1503 1110 Ἰωάννης
1542 1041 1719 1097 εἶπεν

141 1119 247 1184 Ὠς
278 1122 473 1189 Θέλεις,
501 1130 819 1196 ποιήσομεν.
847 1130 969 1193 Πῶς
984 1131 1040 1184 δὲ
1071 1134 1163 1183 καὶ
1193 1132 1558 1203 ἐξερχόμεθας
1583 1136 1664 1189 ὃτι
1688 1137 1721 1204 ή

125 1210 289 1281 θύρα
322 1213 563 1269 κλείεται
592 1220 657 1286 τῇ
686 1218 870 1272 νυκτί·
929 1220 1095 1289 Λέγει
1154 1222 1305 1292 αὐτῷ
1360 1223 1618 1292 Συμεών·
1665 1225 1723 1278 '0

123 1303 362 1368 ἀνοίξας
394 1308 527 1375 ἡμῖν
548 1310 613 1378 τῇ
649 1309 857 1380 ἡμέρᾳ,
880 1312 1043 1376 αὐτὸς
1072 1313 1291 1382 ἀνοίγει,
1308 1316 1402 1368 καὶ
1438 1298 1506 1386 τῇ
1541 1319 1718 1371 νυκτί.

134 1391 241 1454 Ὠς
266 1391 361 1448 οὖν
390 1397 625 1466 ἔστησαν
654 1401 752 1470 τὴν
770 1401 982 1471 βουλὴν,
1014 1405 1175 1467 εὐθὺς
1194 1406 1297 1475 τῆς
1323 1410 1519 1471 νυκτδς
1552 1427 1720 1463 κατα-

122 1483 453 1555 λαϐούσης,
491 1487 688 1558 θεωρεῖ
742 1492 770 1542 ὁ
819 1492 1122 1561 ἡγούμενός
1170 1513 1294 1548 τινα
1343 1497 1465 1549 καθ’
1520 1496 1723 1561 ὕπνους

123 1572 430 1639 ἀνοίγοντα
460 1576 559 1644 τὴν
582 1576 754 1647 θύραν
777 1579 870 1633 τοῦ
896 1585 1288 1653 μοναστηρὶου,
1329 1588 1423 1638 καὶ
1450 1585 1677 1655 λέγοντα
1707 1605 1719 1618 ·

136 1659 430 1727 Ἐξέλθετε
451 1707 467 1731 ,
499 1666 749 1737 πρόϐατα
781 1671 1196 1743 ἐσφραγισμένα
1218 1676 1312 1729 τοῦ
1340 1678 1602 1746 Χριστοῦ,
1643 1681 1722 1743 εἰς

122 1752 240 1821 τὴν
271 1754 471 1825 βοσκὴν
504 1757 677 1826 ὑμῶν.
726 1761 832 1813 Καὶ
868 1762 1235 1830 διυπνισθεὶς,
1275 1766 1479 1831 εὐθέως
1524 1772 1722 1838 κατέρ-

1824 591 2151 659 placuerunt
2195 592 2329 655 Deo,
2372 609 2472 648 nos
2509 611 2728 666 quoque
2759 601 3036 663 servabit;
3078 610 3155 664 et,
3190 602 3234 656 si
3272 602 3395 671 qui-

1822 680 1945 734 dem
1981 681 2173 736 ﬁamus
2215 682 2390 751 digni,
2428 699 2530 739 nos
2563 685 2692 740 item
2733 686 2970 748 docebit.
3007 702 3167 758 prout
3214 690 3400 745 docuit

1824 773 2103 838 Davidem,
2142 774 2358 842 quando
2385 774 2439 828 in
2470 776 2767 832 solitudine
2794 781 3052 847 pascebat
3076 796 3229 835 oves.
3252 780 3393 843 Noli,

1822 866 2011 928 frater,
2036 864 2371 920 desiderium
2400 881 2582 921 meum
2606 870 2907 924 retardare.
2941 868 3096 934 Quod
3124 880 3396 940 superest,

1822 971 1892 1010 ne
1923 971 2061 1019 rem,
2106 970 2216 1024 quo
2271 956 2515 1011 animum
2564 959 2895 1029 appulimus,
2938 960 3226 1015 reddamus
3275 963 3398 1016 irri—

1825 1057 1954 1103 tam.
1995 1048 2135 1101 Tum
2168 1048 2422 1103 dominus
2468 1047 2708 1105 Joannes
2750 1052 2928 1107 dixit:
2977 1051 3282 1120 Faciemus,
3319 1055 3399 1109 uti

1824 1139 1924 1193 vis.
1956 1141 2028 1194 At
2064 1140 2339 1209 quomodo
2371 1141 2684 1196 exibimus?
2734 1142 2867 1198 Nam
2914 1155 3078 1199 noctu
3129 1147 3401 1199 clauditur

1824 1231 2045 1286 ostium.
2085 1231 2219 1286 Dicit
2245 1232 2296 1286 ei
2328 1230 2565 1304 Symeon
2604 1250 2617 1285 :
2654 1231 2758 1300 Qui
2797 1234 2925 1291 illud
2974 1237 3134 1291 nobis
3186 1239 3402 1306 aperuit

1826 1323 2085 1387 interdiu,
2136 1323 2278 1378 idem
2316 1324 2404 1380 ille
2434 1337 2601 1380 noctu
2651 1327 2880 1395 aperiet.
2931 1328 3182 1383 Stabilito
3240 1329 3404 1400 igitur

1824 1414 2071 1476 consilio.
2106 1415 2312 1477 statim.
2340 1415 2430 1471 ubi
2458 1416 2679 1471 advenit
2708 1431 2837 1480 nox,
2883 1416 3223 1487 hegumenus
3258 1419 3405 1473 videt

1826 1507 2060 1576 aliquem
2091 1508 2147 1562 in
2179 1508 2404 1574 somnis,
2446 1512 2783 1578 aperientem
2818 1512 3020 1563 ostiqu
3063 1512 3400 1577 monasterii,

1827 1606 1881 1652 et
1909 1599 2181 1653 dicentem
2212 1616 2224 1652 :
2252 1597 2423 1663 Exite,
2450 1615 2581 1656 oves
2612 1599 3076 1671 Cbristisignataa,
3100 1602 3168 1655 ad
3204 1616 3403 1670 pascua

1826 1698 2025 1742 vestra.
2056 1688 2101 1741 A
2132 1702 2325 1743 somno
2374 1691 2660 1755 excitatus,
2691 1691 2874 1746 statim
2904 1690 2971 1744 ad
3014 1689 3238 1759 januant
3280 1706 3405 1759 per-

1827 1778 1995 1839 venit.
2028 1793 2191 1847 quam
2225 1778 2315 1832 ubi
2348 1779 2666 1835 invenisset.
2708 1790 2974 1850 apertam,
3026 1792 3177 1836 ratus
3210 1782 3406 1837 exinde

124 1861 300 1912 χεται
322 1847 402 1910 είς
432 1849 524 1900 τὸν
551 1850 794 1916 πυλῶνα,
824 1854 919 1905 καὶ
943 1850 1104 1924 εὗρον
1130 1857 1296 1911 αὑτὸν
1328 1860 1599 1924 ἀνοικτδν,
1625 1862 1713 1913 καὶ

1827 1885 2095 1939 egressos,
2135 1871 2385 1925 consedit
2410 1882 2658 1935 mestus,
2700 1888 3033 1943 gemensque
3075 1883 3132 1928 et
3173 1875 3402 1929 dicens:

124 1939 341 2004 νομίτα
353 1958 370 2001 ;
400 1942 482 1993 ὅτι
511 1941 731 2011 ἐξῆλθεν
765 1945 996 2008 ἐκεῖθεν,
1015 1946 1306 2014 ἐκαθέζετο
1330 1953 1578 2020 στυγνὸς,
1598 1971 1717 2007 στε-

123 2025 321 2087 νάζων
349 2028 442 2079 καὶ
472 2028 646 2097 λέγων
669 2072 684 2095 ,
734 2032 815 2085 ὅτι
850 2034 965 2088 Οὐκ
991 2036 1235 2108 ἠξιώθην
1266 2039 1376 2107 ἐγὼ
1402 2043 1432 2095 ό
1461 2043 1717 2114 ἁμαρτω·

124 2117 227 2180 λὲς
262 2118 445 2172 λαόεῖν
494 2120 593 2191 τὴν
642 2124 810 2194 εὐχὴν
857 2127 967 2180 τῶν
1012 2131 1271 2202 Πατέρων
1319 2151 1443 2203 μου.
1476 2134 1717 2206 ’Ᾱληοῶς

156 2207 285 2266 ὗτοί
342 2230 441 2283 μου
485 2216 751 2285 Πατέρες,
802 2221 896 2273 καὶ
935 2222 1215 2285 δεσπόται,
1267 2230 1362 2281 καὶ
1409 2227 1716 2283 διδάσκαλοι

122 2305 457 2373 ἐτύγχανον,
481 2312 577 2363 καὶ
600 2309 691 2362 διὰ
714 2310 874 2365 τοῦτο
896 2313 993 2382 τῆς
1015 2316 1146 2385 παρ’
1166 2318 1344 2371 αὐτῶν
1364 2320 1717 2390 παραθέσεως

120 2394 436 2467 ἠστόχησα.
474 2397 685 2456 Βαδαίῐ
744 2404 862 2467 πῶς
908 2404 1046 2461 λίθοι
1106 2408 1300 2479 τίμιοι,
1357 2410 1432 2474 ὣς
1489 2414 1716 2483 φησινή

122 2487 350 2560 Γραφὴ,
380 2491 667 2563 λεληθότες
697 2498 789 2550 ἐπὶ
821 2498 923 2568 τῆς
969 2500 1075 2571 γῆς
1110 2502 1410 2569 κυλίονται,
1458 2505 1563 2559 ὑπὸ
1593 2506 1719 2559 πολ-

124 2576 243 2629 λῶν
271 2581 370 2648 μὲν
400 2584 739 2654 φαινόμενοι,
773 2589 879 2641 ὑπὸ
908 2589 1110 2658 ὀλίγων
1139 2593 1197 2646 δὲ
1225 2594 1719 2663 καταλαμϐανόμε-

128 2683 217 2719 νοι
244 2668 259 2722 ι
291 2668 379 2731 Ὠς
406 2670 581 2727 ταῦτα
607 2671 701 2728 οὖν
729 2678 809 2739 είς
840 2679 1033 2733 ἐαυτὸν
1061 2681 1348 2751 ἀδημονῶν
1369 2684 1715 2753 διελογίζετο,

131 2758 252 2811 ἰδοὺ
283 2761 330 2812 ei
353 2764 576 2832 νυμφίοι
598 2768 646 2819 οἱ
670 2768 904 2839 καθαροὶ¹
932 2770 1026 2824 τοῦ
1054 2773 1291 2842 Χριστοῦ
1312 2775 1597 2846 ἐρχόμενοι
1622 2778 1717 2830 ἐπὶ

126 2848 193 2900 τὸ
234 2849 489 2918 ἐξελθεῖν,
525 2849 600 2909 ὧν
633 2857 946 2928 ἔμπροσθεν
989 2862 1217 2933 ἐθεώρει
1258 2866 1289 2917 ὁ
1326 2864 1714 2936 καθαρώτατος

128 2941 440 3012 ἡγούμενος
478 2948 663 3001 Νίκων
712 2952 866 3014 τινὰς
899 2953 1189 3025 εὐνούχους
1222 2955 1709 3030 λαμπαδηφόρους.

128 3038 261 3102 τοὺς
287 3039 344 3093 δὲ
373 3041 632 3116 σκῆπτρα
665 3047 725 3099 ἐν
753 3050 818 3118 τῇ
853 3050 951 3119 μιᾷ
974 3051 1120 3122 χειρὶ
1141 3053 1496 3121 κατέχοντας.

1826 1963 1943 2017 Non
1982 1978 2133 2017 erant
2172 1964 2370 2033 dignus
2421 1979 2523 2034 ego
2569 1974 2843 2034 peccator,
2889 1965 3105 2020 Patrum
3160 1981 3406 2022 meorum

1826 2070 2015 2125 preces
2042 2054 2310 2124 accipere.
2359 2055 2439 2110 llli
2470 2071 2600 2111 sane
2625 2064 2784 2110 erant
2814 2057 3003 2112 Patres
3042 2058 3169 2121 mei,
3208 2068 3262 2112 et
3307 2059 3406 2112 do-

1825 2150 1989 2213 mini,
2021 2164 2086 2204 ac
2118 2148 2361 2220 magistri
2395 2168 2408 2203 :
2436 2147 2561 2203 ideo
2603 2164 2852 2219 scopum.
2886 2165 3048 2218 quem
3103 2150 3205 2204 sibi
3264 2166 3405 2220 pne-

1824 2243 2082 2304 lixerunt,
2118 2256 2227 2296 non
2256 2256 2377 2295 sum
2417 2249 2727 2294 assecutus.
2767 2239 2962 2309 Papae!
2989 2256 3153 2308 quam
3185 2242 3407 2311 pretiosi

1819 2333 2046 2402 lapides.
2100 2342 2159 2387 ut
2204 2332 2448 2402 loquitur
2487 2332 2771 2401 Scriptura
2831 2333 2898 2396 ",
2953 2332 3185 2387 latentes
3245 2350 3407 2402 supra

1818 2436 2019 2479 terram
2051 2424 2378 2490 volvuntur;
2414 2423 2507 2493 qui
2540 2437 2571 2477 a
2620 2423 2809 2478 multis
2856 2423 3076 2492 quidem
3132 2424 3405 2481 videntur.

1816 2517 1913 2572 sed
1956 2533 1986 2571 a
2037 2517 2228 2586 paucis
2269 2515 2787 2585 apprehenduntur.
2840 2516 2977 2569 Dum
3024 2517 3142 2570 hac
3183 2510 3410 2571 moestus

1816 2623 2003 2663 secum
2027 2609 2287 2678 agitabat,
2311 2622 2440 2663 ecce
2479 2609 2600 2678 puri
2631 2607 2817 2678 sponsi
2849 2607 3053 2662 Christi
3093 2608 3322 2661 veniunt
3352 2619 3410 2661 ut

1823 2696 2195 2768 egrediantur,
2238 2706 2368 2753 ante
2403 2712 2542 2768 quos
2567 2697 3051 2766 contemplabatur
3081 2698 3411 2767 purissimus

1825 2788 2163 2860 hegumenus
2214 2788 2385 2844 Nicon
2435 2790 2722 2845 eunuchos
2764 2788 2997 2857 aliquot,
3034 2804 3268 2858 quorum
3319 2789 3409 2842 alii

1820 2878 2070 2935 ferebant
2098 2880 2398 2950 lampades,
2423 2880 2513 2935 alii
2546 2887 2761 2950 sceptra
2783 2894 2949 2935 manu
2978 2880 3265 2935 tenebant.

1598 3193 1830 3252 CAPUT
1873 3197 1929 3256 V.

1080 3311 1320 3364 Sccessus
1358 3312 1413 3363 in
1444 3312 1818 3381 solitudinem,
1850 3315 2070 3370 Satana:
2100 3318 2445 3373 machinatio.

208 3426 304 3485 ις’.
342 3422 432 3485 Ὠς
454 3418 548 3475 οὖν
583 3425 804 3487 τούτους
837 3425 1123 3491 ἐθεάσατο,
1167 3428 1472 3497 περιχαρὴς
1509 3428 1713 3500 σφόδρα

1892 3429 1979 3484 16.
2025 3430 2132 3485 Eos
2168 3432 2331 3502 igitur
2374 3432 2745 3501 conspicatus,
2783 3430 2954 3484 solide
3002 3430 3222 3499 gavisus
3275 3429 3404 3494 fuit;

133 3513 371 3581 ἐγένετο,
404 3515 541 3567 διότι
566 3518 666 3569 ούκ
693 3517 965 3588 ἀπέτυχεν
983 3521 1083 3590 τῆς
1110 3520 1274 3573 αὑτοῦ
1299 3520 1593 3591 ἐπιθυμίας
1616 3538 1631 3553 ο
1655 3522 1713 3575 ὃν

136 3604 469 3674 θεασάμενοι
507 3608 559 3658 οἱ
603 3608 888 3680 μακάριοι,
926 3608 1305 3678 ἠϐουλήθησαν
1348 3609 1712 3679 ὑποστρέψαι,

138 3699 217 3771 μὴ
245 3702 542 3770 νοήσαντες
588 3702 672 3754 ὅτι
726 3704 755 3754 ὀ
796 3704 1098 3773 ἡγούμενός
1133 3702 1590 3773 ἐστιν.Ἐδραμεν
1622 3701 1715 3758 οὖν

132 3792 160 3843 ὀ
186 3793 334 3852 ὅσιος
370 3792 560 3845 Νίκων
588 3794 683 3846 καὶ
722 3794 1164 3863 προσεκαλέσατο
1194 3794 1393 3859 αὐτοὺς
1424 3796 1562 3865 πρὸς
1588 3796 1715 3847 ἐαυ-

130 3885 249 3937 τόν.
289 3884 377 3945 Ὠς
419 3882 513 3939 οὖν
556 3885 802 3965 ἔγνωσαν
832 3887 913 3939 ὅτι
944 3888 972 3940 ὀ
998 3887 1300 3956 ἡγούμενός
1345 3890 1515 3952 ἐστιν,
1559 3905 1715 3958 περι-

131 3979 321 4045 χαρεῖς
347 3978 441 4029 καὶ
470 3978 625 4030 αὐτοὶ
649 3979 919 4045 ἐγένοντο,
958 3978 1191 4048 μάλιστα
1217 3979 1595 4049 θεωρήσαντες
1618 3981 1712 4031 καὶ

129 4068 223 4120 τὸν
256 4069 478 4122 πυλῶνι
512 4072 758 4123 ἀνοικτόν
787 4087 801 4101 ο
834 4071 1063 4140 ἐνόησαν
1099 4070 1206 4141 γὰρ
1232 4072 1315 4123 ὅτι
1344 4072 1373 4123 ὁ
1401 4070 1533 4135 Θεὸς
1561 4071 1712 4140 αὑτῴ

129 4161 294 4212 πάλιν
319 4162 412 4215 καὶ⁸
442 4161 600 4215 τοῦτο
627 4161 997 4230 ἀπεκάλυψεν.
1055 4162 1358 4231 Ἠθέλησαν
1383 4158 1478 4215 οἷν
1529 4161 1711 4231 βαλεῖν

131 4250 443 4319 μετάνοιαν.
471 4253 568 4304 καὶ
589 4251 916 4304 διεκώλυσεν
946 4252 1144 4314 αὐτοὺς
1172 4251 1367 4320 λέγων,
1402 4252 1567 4322 ⁸μηδὲν
1600 4270 1710 4306 τοι-

125 4339 285 4392 οὖτον
313 4343 497 4405 αὐτοῖς
526 4341 725 4406 ἐξεῖναι
746 4343 1091 4412 ποιῆσαι,διὰ
1117 4344 1216 4413 τὴν
1241 4343 1406 4414 τιμὴν
1433 4342 1527 4397 τοῦ
1550 4360 1706 4414 περι-

122 4434 375 4495 τεθέντος
405 4434 587 4495 αὐτοῖς
628 4433 923 4500 ἀγγελικοῦ
963 4432 1263 4502 σχήματος.
1308 4434 1576 4502 Λέγουσιν
1611 4431 1707 4488 οὖν

123 4525 276 4596 αὑτῷ
296 4525 517 4587 εὐθέως·
537 4526 983 4595 Εὑχαριστοῦμέν
1005 4542 1108 4591 σοι,
1135 4528 1336 4596 Πάτερ,
1354 4529 1451 4580 καὶ
1467 4527 1518 4579 τί
1537 4543 1705 4598 προσο

123 4616 252 4681 eam
279 4615 359 4686 τῷ
386 4615 505 4685 Θεῴ
543 4616 641 4669 καὶ
668 4618 735 4686 τῇ
773 4619 840 4687 σῇ
864 4617 1023 4688 τιμία
1055 4617 1292 4687 κεφαλῇ,
1331 4619 1432 4671 οὐκ
1458 4618 1701 4689 οἴδαμεν.

123 4707 222 4769 Τίς
274 4710 424 4774 ἡμᾶς
482 4707 743 4760 τοιούτων
806 4709 1027 4775 δωρεῶν
1082 4709 1379 4779 ἀξιωθῆναι
1433 4710 1700 4781 ἧλπιζενς

1818 3524 1944 3591 quia
1991 3538 2101 3576 non
2153 3533 2276 3577 erat
2311 3522 2607 3577 frustratus
2636 3536 2737 3575 suo
2767 3520 3063 3575 desiderio.
3111 3504 3407 3593 Postquam

1820 3612 1967 3665 hunc
2003 3610 2271 3663 vidissent
2304 3609 2468 3671 beati.
2514 3609 2810 3664 voluerunt
2846 3608 3047 3669 redire,
3092 3622 3204 3660 non
3252 3607 3405 3676 cogi-

1818 3708 1997 3754 tantes
2054 3700 2200 3768 quod
2268 3698 2610 3771 begumenus
2664 3705 2831 3751 esset.
2901 3695 3158 3749 Cucurrit
3217 3695 3404 3763 itaque

1816 3799 2041 3845 sanctus
2071 3790 2266 3854 Nicon,
2291 3798 2346 3844 et
2386 3787 2670 3843 advocavit
2698 3801 2793 3842 eos
2816 3786 2882 3840 ad
2916 3801 2994 3841 se.
3028 3785 3131 3840 Ubi
3166 3784 3402 3854 primum

1815 3882 1898 3935 eis
1941 3881 2285 3949 begumenus
2338 3878 2604 3945 innotuit,
2659 3878 2759 3947 ipsi
2810 3877 2975 3931 etiam
3036 3875 3192 3931 valde
3235 3874 3401 3945 gavisi

1815 3981 1966 4036 sunt,
2015 3972 2253 4026 maxime
2303 3972 2527 4041 quando
2572 3969 2831 4025 videbant
2871 3968 3072 4023 ostium
3124 3977 3399 4037 apertum.

1816 4056 2030 4112 Etenim
2086 4058 2260 4113 Deum
2307 4059 2415 4113 boe
2456 4058 2535 4112 illi
2582 4073 2802 4113 rursum
2853 4058 3149 4120 revelasse,
3193 4057 3401 4127 cogita-

1814 4148 1965 4203 bant.
1996 4148 2227 4219 Jamque
2256 4151 2516 4205 volebant
2548 4150 2927 4220 pmnitentiam
2958 4148 3169 4220 (21-Ξέ)
3196 4146 3399 4211 facere,

1813 4248 1869 4292 at
1909 4239 2080 4293 vetuit
2126 4240 2230 4294 illis
2261 4238 2454 4293 dicens
2509 4239 2647 4293 nihil
2681 4239 2789 4293 tale
2841 4240 2924 4293 eis
2975 4238 3141 4293 licere
3176 4237 3397 4305 facere;

1815 4336 2038 4397 propter
2068 4329 2374 4399 angelicum
2404 4329 2673 4394 habitum,
2692 4344 2816 4398 .quo
2857 4337 3016 4383 erant
3046 4326 3242 4382 induti.
3279 4327 3400 4382 Mox

1814 4418 1887 4471 illi
1922 4417 2115 4472 dicunt
2141 4435 2156 4471 :
2181 4418 2374 4475 Grates
2402 4419 2500 4474 tibi
2525 4421 2758 4489 agimus,
2783 4434 2817 4472 o
2839 4418 3017 4483 Pater,
3050 4427 3106 4472 et
3133 4418 3398 4488 quidnam

1813 4508 1925 4562 Deo
1983 4522 2047 4563 ac
2115 4509 2433 4563 venerando
2488 4508 2654 4578 capiti
2697 4517 2795 4563 tuo
2850 4508 3024 4563 simus
3073 4509 3401 4577 repensuri,

1814 4600 2151 4670 ignoramus.
2184 4600 2321 4665 Quis
2354 4614 2459 4655 nos
2511 4598 2825 4669 huiusmodi
2854 4599 3015 4654 donis
3047 4598 3405 4653 eumulandos

1812 4692 2133 4762 sperasset?
2162 4691 2351 4757 Qualis
2397 4707 2491 4746 rex
2538 4707 2640 4746 nos
2684 4692 2774 4745 tali
2809 4691 3080 4761 dignitate
3123 4690 3402 4745 honorare

122 4801 277 4857 ποῖος
307 4796 565 4865 βασιλεὺς
593 4794 821 4866 τοιούτῳ
846 4796 1119 4867 ἀξιώματι
1145 4798 1297 4867 ἡμᾶς
1315 4798 1546 4867 τιμῆσαι
1576 4797 1706 4865 ἡδύ-

1818 4784 2034 4855 posset?
2068 4783 2270 4848 Quales
2311 4784 2514 4838 terreni
2564 4784 2811 4838 thesauri
2858 4784 2996 4838 adeo
3025 4790 3257 4852 repente
3300 4796 3403 4836 nos

122 4904 292 4953 νατο;
331 4891 471 4941 ποῖοι
500 4888 735 4954 ἐπίγειοι
761 4887 1030 4958 θησαυροὶ
1063 4889 1237 4952 οὕτως
1258 4889 1520 4959 ἐξαίφνης
1546 4887 1708 4942 πλου-

120 4978 287 5046 τῆσαι
351 4980 497 5050 ἡμᾶς
550 4980 805 5045 ἐποίουν;
846 4981 1016 5033 ποίων
1076 4981 1322 5051 λουτρῶν
1384 4979 1706 5044 ἀπολούσεις

117 5071 291 5133 οὓτως
322 5072 480 5142 ἡμῶν
512 5074 612 5142 τὴν
640 5071 818 5142 ψυχὴν
839 5071 1198 5142 ἐκιθάριζονς
1235 5075 1379 5126 ποῖοι
1414 5075 1591 5139 γονεῖς
1617 5070 1707 5123 οὖ-

116 5178 227 5225 τως
266 5162 554 5231 ἀγαπῆσαι
595 5163 689 5215 καὶ
719 5162 891 5217 σῶσαι
915 5164 1195 5227 ἐδύναντο;
1229 5166 1357 5216 ποῖα
1386 5163 1535 5229 ξένια
1556 5161 1704 5232 δῶρα

119 5254 220 5325 τὴν
250 5254 360 5305 τῶν
395 5253 679 5322 ἁμαρτιῶν
730 5255 890 5325 ήμῶν
941 5256 1134 5324 ἄφεσιν
1186 5257 1468 5324 συντόμως
1527 5254 1703 5318 οὕτως

117 5344 341 5414 ἐνέγκαι
371 5347 503 5415 ἡμῖν
528 5346 730 5414 ἴσχυον,
753 5345 828 5409 ώς
865 5347 953 5410 σὺ,
983 5346 1135 5415 τίμιε
1168 5346 1327 5417 ἡμῶν
1367 5346 1569 5415 Πάτερ,
1604 5344 1699 5397 καὶ

190 5473 237 5507 ⁸⁸
267 5474 495 5534 Zachar.
550 5495 625 5546 Ix,
660 5478 747 5533 16.

1814 4875 2013 4930 divites
2043 4874 2374 4929 redderent?
2411 4872 2667 4939 Qualium
2705 4874 3049 4928 lavacrorum
3095 4888 3227 4928 usus
3264 4875 3403 4927 adeo

1813 4968 2051 5023 animam
2092 4977 2335 5023 nostram
2384 4967 2710 5021 mandaret?
2757 4966 2960 5031 Quales
3011 4973 3273 5034 parentes
3323 4964 3399 5019 ita

1813 5062 2036 5132 diligere
2068 5067 2292 5131 possent
2340 5075 2404 5115 ac
2444 5059 2698 5114 servare?
2729 5058 2918 5124 Qualia
2953 5056 3111 5110 xenia
3149 5057 3401 5124 donaque

1814 5152 2190 5207 remissionem
2235 5162 2585 5221 peccatorum
2635 5160 2952 5205 nostrorum
3006 5158 3114 5203 tam
3158 5148 3402 5202 breviter

1811 5245 1970 5299 nobis
2002 5243 2233 5309 aﬂ'erre,
2266 5245 2410 5298 sicut
2452 5252 2511 5297 tu
2557 5241 2712 5307 facis,
2749 5243 3061 5298 venerande
3111 5243 3269 5297 Pater
3299 5257 3401 5295 no-

1809 5338 1955 5398 ster?
1985 5336 2066 5391 Tu
2109 5335 2515 5407 progenitorum
2550 5336 2796 5389 omnium
2835 5349 2900 5390 ac
2933 5344 3226 5404 parentum
3275 5332 3398 5388 loco

1650 5570 1891 5626 NOTAE.

190 5665 405 5735 (ει-επὶ)
433 5665 705 5734 Interpres
734 5667 876 5734 apud
904 5664 1123 5718 Surium
1158 5665 1282 5735 legit
1311 5664 1494 5735 καλεῖν
1526 5666 1694 5733 μετὰ-

120 5752 289 5798 νοιαν,
338 5734 394 5790 et
433 5737 612 5790 reddit
670 5752 855 5789 vocare
911 5736 1286 5804 pwnitentiam.
1355 5734 1488 5788 Nota
1569 5752 1694 5788 cum

119 5806 322 5879 Cangio
360 5823 548 5861 vocent
592 5807 869 5876 μετάνοια,
922 5816 1114 5877 ιιι-ωιοι
1163 5806 1520 5873 paenitentiam
1553 5805 1696 5859 desi-

1803 5677 1970 5729 gnare
2003 5660 2235 5721 corporis
2268 5670 2316 5712 et
2349 5660 2541 5728 capitis
2581 5659 2971 5729 inclinationes,
3008 5653 3292 5710 monachis
3328 5671 3395 5729 ac

1805 5726 2197 5800 pmnitentibus
2236 5726 2479 5784 usitatas.
2519 5730 2581 5784 Et
2629 5730 2859 5783 fortasse
2890 5728 2991 5783 hoc
3023 5742 3189 5782 sensu
3227 5726 3397 5797 μετά-

1806 5820 1922 5857 vom
1955 5802 2041 5857 bic
2071 5800 2358 5871 accipitur.
