4118 6432
752 389 873 457 1691

749 612 872 660 nus,
911 603 967 648 tu
1012 595 1327 656 instructor,
1363 604 1420 648 tu
1462 598 1842 660 manuductor,
1873 609 1928 651 tu
1966 599 2063 651 via:
2103 599 2230 660 dux,
2261 605 2316 651 et

747 687 848 739 alia
875 701 1230 756 quacunque,
1254 687 1456 754 quibus
1480 688 1782 744 referendis
1811 691 1992 760 lingua
2026 706 2133 742 non
2172 691 2318 744 suilli-

748 778 844 830 cit.
873 777 976 832 Per
1024 788 1075 832 te
1114 779 1563 846 pretiosissimam
1613 782 1959 850 margaritam
2005 782 2183 850 adepti
2229 799 2320 836 sn-

751 884 892 931 mus,
945 879 1000 924 et
1049 885 1175 924 vere
1233 871 1574 939 baptismatis
1619 873 1898 936 virtutem,
1943 874 2102 942 cujus
2145 875 2318 928 sancti

751 963 910 1016 nobis
935 963 1226 1031 praenuntii
1258 962 1445 1018 Patres
1471 964 1642 1025 fuere,
1671 965 1878 1033 experti
1913 980 2120 1020 sumus.
2155 965 2321 1042 Novi-

751 1069 875 1106 nius
902 1069 1028 1108 vere
1071 1064 1418 1124 peccatorum
1446 1064 1756 1108 nostrorum
1798 1056 2230 1110 combustionem
2256 1073 2320 1110 ex

751 1141 898 1211 igne,
927 1144 1020 1211 qui
1046 1143 1208 1198 corda
1235 1153 1424 1198 nostra
1461 1145 1768 1207 comburit;
1796 1145 1882 1198 cui
1919 1145 2198 1199 tolerando
2220 1146 2324 1198 im-

753 1246 912 1299 pares
942 1246 1152 1295 sumus,
1173 1234 1311 1288 adeo
1341 1232 1640 1302 praecordia
1665 1241 1855 1287 nostra
1880 1233 2203 1288 inflammat.

825 1403 914 1456 17.
948 1404 1344 1461 Beatitudincm
1375 1417 1550 1473 tuam,
1593 1423 1628 1464 o
1652 1408 1835 1474 Pater,
1867 1410 2238 1475 obsecramus,
2271 1421 2329 1466 ut

755 1493 1001 1563 impense
1030 1511 1131 1564 pro
1157 1497 1316 1552 nobis
1344 1513 1490 1564 ores,
1519 1511 1574 1554 et
1601 1515 1790 1554 servos
1819 1510 1942 1555 tuos
1971 1503 2121 1556 abire
2155 1504 2324 1566 sinas,

757 1591 813 1635 ut
847 1583 1062 1637 sincere
1090 1593 1144 1638 et
1171 1586 1332 1640 enixe
1359 1585 1470 1641 Deo
1515 1588 1840 1652 serviamus,
1881 1591 1970 1642 cui
1994 1606 2094 1642 nos
2137 1606 2329 1644 conse-

756 1673 1049 1730 cravimus.
1080 1676 1210 1730 Sine
1241 1686 1292 1732 te
1317 1679 1553 1743 exorari,
1587 1688 1646 1732 ut
1688 1696 1962 1749 nunquam
1990 1683 2329 1736 obliviscaris

759 1768 1033 1822 inutilium
1082 1771 1318 1825 filiorum
1366 1781 1606 1838 tuorum,
1642 1789 1710 1828 eo
1756 1785 2020 1844 tempore,
2067 1793 2176 1846 quo
2211 1793 2328 1831 ma-

758 1874 862 1912 nus
897 1869 1015 1914 tuas
1044 1863 1384 1917 venerabiles
1404 1864 1676 1918 extendis.
1695 1864 1827 1928 lmo,
1854 1867 1982 1930 imo,
2011 1868 2093 1920 vir
2117 1879 2326 1934 sancte,
2365 1846 2402 1900 Β

757 1950 878 2004 sine
918 1960 969 2005 te
1003 1954 1212 2006 exorari
1239 1954 1307 2007 ab
1335 1953 1656 2025 alienigenis
1687 1973 1702 2009 :
1735 1957 1982 2011 orbitatis
2021 1974 2211 2012 eorum
2241 1977 2331 2013 re-

761 2042 1071 2098 miniscere.
1115 2045 1322 2100 Deinde
1363 2062 1540 2115 genua
1588 2049 1761 2102 sancti
1791 2050 2030 2104 hominis
2074 2054 2327 2122 amplexi,

761 2147 976 2187 rursum
1024 2135 1327 2193 dicebant:
1370 2136 1550 2203 Pater,
1602 2148 1723 2193 esto
1778 2155 1988 2196 memor
2044 2144 2329 2199 humilium

764 2233 976 2278 tuarum
1007 2227 1210 2288 ovium,
1238 2243 1372 2297 quas
1405 2228 1624 2284 Christo
1660 2231 1973 2288 holocausta
2019 2236 2328 2292 immolasti.

762 2316 1068 2372 Recordare
1121 2331 1468 2375 externarum
1524 2323 1872 2391 plantarum,
1925 2343 2060 2396 quas
2105 2329 2335 2397 pulchro

763 2410 999 2477 paradisi
1045 2411 1203 2466 horto
1253 2413 1496 2468 inserere
1551 2415 1827 2469 studuisti.
1885 2417 1964 2472 Ne
2012 2420 2335 2476 obliviscere

763 2503 1136 2568 operariorum
1165 2504 1443 2569 inertium,
1473 2521 1612 2574 quos
1632 2509 1922 2563 undecima
1952 2511 2173 2565 circiter
2203 2513 2334 2566 hora

764 2592 821 2645 in
871 2593 1028 2647 vinea
1086 2595 1287 2650 Christi
1344 2600 1599 2654 mercede
1653 2601 1989 2656 conduxisti.
2040 2603 2338 2658 Mirabatur

763 2693 944 2738 autem
1005 2695 1060 2739 et
1115 2688 1534 2757 obstupescebat
1588 2708 1812 2761 praeses,
1853 2695 2072 2761 quando
2121 2696 2339 2751 videbat

760 2786 882 2836 eos,
912 2774 1003 2842 qui
1023 2785 1152 2830 ante
1184 2777 1411 2832 biduum
1454 2779 1675 2837 fuerant
1704 2784 1886 2839 idiota:
1916 2801 1980 2840 ac
2014 2788 2196 2848 rudes,
2231 2799 2336 2842 tam

764 2864 945 2918 subito
969 2868 1208 2922 evasisse
1239 2869 1533 2937 sapientes,
1583 2887 1650 2926 ex
1700 2889 1767 2928 eo
1826 2876 1972 2944 quod
2013 2881 2340 2947 assumpsis-

765 2961 889 3006 sent
922 2955 1165 3010 divinum
1199 2957 1464 3014 habitum.
1499 2960 1634 3015 Dum
1671 2979 1800 3032 ergo
1826 2976 2054 3036 uterque
2093 2969 2224 3023 satis
2248 2971 2340 3023 diu

765 3041 1022 3107 flevisset.
1049 3061 1190 3116 genu
1215 3048 1492 3104 inclinavit
1518 3061 1740 3108 sanctus
1771 3053 1964 3121 Nicon,
1995 3067 2051 3111 et
2079 3061 2343 3115 collocato

1758 394 2067 456 LEONTII
2103 388 2612 455 NEAPOLETANI
2653 385 2985 446 EPISCOPI

748 505 928 571 nobis,
965 513 1084 573 post
1113 504 1388 558 Christum
1409 544 1424 568 ,
1469 516 1622 574 pater
1646 516 1701 560 ct
1731 515 1905 561 mater
1928 524 2006 562 es.
2045 507 2126 561 Tu
2152 505 2326 559 domi-

2439 499 2548 551 ἀντὶ
2583 499 2802 552 πάντων
2832 498 2941 549 τῶν
2979 495 3257 566 προγόνων
3301 492 3460 562 ἡμῶν
3517 491 3613 541 καὶ
3686 491 3900 551 γονέων

2416 591 2593 660 ἡμῶν,
2614 591 2754 659 μετά
2777 588 3032 658 Χριστὸν,
3048 585 3228 656 πατὴρ
3255 586 3347 638 καὶ
3382 585 3598 652 μήτηρς
3621 581 3710 632 Σὺ
3731 579 4012 640 Δεσπότης,

3903 370 4011 435 169i

3686 483 3900 551 γονέων
3923 523 3934 538 ,
3967 487 4008 532 τ’.

2420 684 2484 735 σὺ
2519 681 2916 753 συγκροτητὴς,
2958 681 3023 732 σὺ
3046 676 3407 748 χειραγωγος.
3443 677 3508 726 σὺ
3533 674 3779 740 arma;
3817 668 4014 718 1116::

2419 771 2644 843 γλῶσσα
2683 773 2862 824 εἰπεῖν
2883 771 2984 822 οὐκ
3017 768 3211 837 ἰσχύει.
3243 766 3341 818 Διά
3374 765 3465 816 σου
3505 763 3602 814 τὸν
3649 758 4016 823 πολυτίμητον

2423 863 2776 933 μαργαρίτην
2815 861 3189 931 ἐκτησάμεθα,
3223 857 3502 926 ἐμάθομεν
3533 851 3782 922 άληθῶς
3823 849 3918 914 τὴν
3945 847 4015 898 δηι-

2421 972 2583 1024 ναμιν
2605 953 2698 1007 τοῦ
2730 954 3123 1023 βαπτίσματος,
3161 944 3333 1019 οὗπερ
3359 951 3492 1018 ἡμῖν
3519 948 3571 999 oi
3599 947 3766 998 ὅσιοι
3802 944 4014 1008 [Ιατὲρες

2423 1047 2740 1114 προέλεγον.
2771 1047 3060 1113 Ἕγνωμεν
3082 1044 3251 1104 ὅντως
3273 1041 3370 1109 τὴν
3391 1040 3500 1092 τῶν
3524 1035 3847 1106 ἡμετέρων
3866 1035 3968 1097 ἀει]
3979 1050 4017 1096 ρ-

2423 1137 2552 1189 τιῶν
2573 1137 2914 1189 κατάκαυσιν
2945 1137 3008 1186 ἐκ
3037 1133 3132 1185 τοῦ
3153 1131 3535 1202 περικαίοντος
3559 1127 3744 1196 ἡμῶν
3772 1125 3875 1185 τάς
3904 1140 4017 1188 καρ-

2423 1227 2540 1289 δίας
2573 1228 2770 1298 πυρὸς.
2800 1228 2940 1298 ὅπερ
2981 1227 3076 1278 καὶ
3099 1225 3174 1294 μὴ
3213 1225 3506 1292 φέροντες,
3543 1219 3744 1280 οὕτως
3779 1219 3850 1267 τὰ
3887 1215 4018 1281 ἡμῶν

2427 1317 2576 1378 ἐντὸς
2608 1334 2676 1368 πε
2683 1318 2976 1387 ριφλέγων.

2498 1407 2584 1471 ιζ’.
2622 1409 2892 1478 Λίτοῦμεν
2939 1408 3104 1477 εὐχὴν
3152 1407 3374 1474 ποιῆσαι
3410 1404 3660 1465 ἐκτενῶς
3719 1401 4018 1466 15711117.:-

2429 1501 2657 1569 ριότητά
2679 1519 2794 1563 σου,
2830 1502 3032 1570 Πάτερ,
3063 1502 3154 1553 καὶ
3178 1501 3446 1553 ἀπολῦσαι
3471 1502 3603 1560 τοὺς
3642 1499 3790 1557 σοὺς
3823 1496 4021 1555 £939.;

2429 1593 2510 1650 είς
2541 1589 2602 1641 τὸ
2627 1591 2866 1658 γνησίως
2891 1592 2988 1642 καὶ
3023 1591 3304 1658 όλοψὺχως
3348 1589 3646 1641 δουλεῦσαι
3705 1581 3756 1652 ᾧ
3806 1588 4018 1651 de:

2433 1696 2606 1748 σαμεν
2636 1682 2862 1743 ἑαυτοὺς
2894 1681 3034 1750 Θεῷ,
3065 1680 3487 1748 δυσωπούμενος
3531 1678 3831 1748 μηδέποτε
3872 1676 4022 1740 λήίιῄν

2431 1771 2656 1839 ποιῆσαι
2703 1773 2938 1841 ἀχρείων
2997 1789 3092 1823 σου
3149 1773 3374 1832 παίδων,
3420 1773 3476 1822 ὲν
3511 1771 3710 1840 καιρῷ
3762 1770 4023 1826 ὲκτάτεως

2431 1860 2629 1930 χειρῶν
2663 1877 2756 1912 σου
2782 1861 2999 1930 τιμίων.
3027 1859 3154 1921 Ναὶ,
3185 1862 3294 1919 ναὶ,
3321 1861 3771 1928 δυσωπούμενος
3801 1858 3908 1909 ὑπὸ
3935 1859 4022 1908 τίη

2433 1952 2620 2016 ξένων,
2656 1953 2795 2013 ὃσιε,
2818 1952 3009 2022 μνείαν
3032 1952 3187 2004 ποιοῦ
3213 1954 3310 2021 τῆς
3339 1952 3522 2004 αὐτῶν
3555 1952 3904 2021 ὀρφανείας.
3931 1951 4023 2000 Καὶ

2434 2042 2814 2111 ἐπιλαϐόμενοι
2848 2044 2955 2096 τῶν
2985 2045 3225 2112 γονάτων
3268 2044 3362 2096 τοῦ
3393 2044 3571 2106 ὁσίου,
3601 2044 3781 2096 πάλιν
3821 2042 4019 2107 £1379:-

2433 2133 2743 2202 Μνήσθητι,
2779 2136 2983 2204 Πάτερ,
3012 2136 3119 2188 τῶν
3151 2136 3259 2188 σῶν
3290 2135 3567 2188 ταπεινῶν
3599 2136 3936 2201 προϐάτων,
3965 2128 4027 2184 ὧν

2433 2229 2814 2292 ὁλοκαύτωσας
2832 2231 2910 2301 τῷ
2937 2230 3177 2300 Χριστῷ.
3203 2230 3602 2298 Μνημόνευσον
3623 2229 3812 2292 ξένων
3837 2226 4022 2292 φυτᾱμ,

2434 2318 2470 2372 ὃ.
2494 2321 2551 2371 ἐν
2571 2320 2649 2389 τῷ
2670 2321 2819 2391 καλῷ
2845 2324 3006 2392 κήπῳ
3030 2322 3123 2374 τοῦ
3154 2322 3486 2393 παραδείσου
3521 2321 3813 2389 φυτεῦσαι
3847 2322 4023 2371 ἕστε.-

2439 2430 2556 2475 σας.
2593 2415 2684 2485 Μὴ
2737 2415 2973 2487 ὲπιλάθῃ
3023 2415 3272 2484 ὀκνηρῶν
3316 2415 3593 2484 ἐργατῶν,
3637 2415 3744 2476 οὓς
3780 2415 3916 2482 περὶ
3945 2416 4023 2481 τὴ.

2439 2505 2726 2575 ἑνδεκάτην
2757 2508 2838 2569 είς
2865 2507 2958 2559 τὸν
2981 2506 3282 2576 ἀμπελῶνα
3310 2506 3385 2576 τῷ
3415 2506 3650 2575 Χριστῷ
3687 2505 4021 2575 ὲμίσθωτας.

2450 2593 2790 2663 Ἐθαύμαζεν
2821 2595 2878 2647 δὲ
2907 2597 3002 2650 καὶ
3051 2597 3414 2666 ἐξεπλήττετο
3457 2597 3484 2648 ὀ
3536 2597 3782 2665 ποιμὴν,
3820 2596 4024 2663 θεωρία

2437 2683 2564 2743 τοὺς
2592 2684 2698 2754 πρὸ
2724 2684 2817 2737 δύο
2847 2686 3068 2755 ἡμερῶν
3094 2686 3330 2748 ἰδιώτας,
3364 2686 3538 2749 οὕτως
3565 2686 3851 2754 ἐξαίφνης
3889 2703 4021 2751 36;:-

2441 2774 2666 2838 σθέντας
2691 2777 2780 2829 διὰ
2819 2779 2919 2847 τῆς
2951 2779 3238 2849 περιϐολῆς
3265 2779 3358 2833 τοῦ
3391 2779 3542 2832 θείου
3583 2782 3906 2848 σχήματος.
3955 2780 4022 2838 Ὠς

2439 2864 2711 2920 ἔκλαυσαν
2745 2865 2841 2922 οὖν
2875 2871 3177 2941 ἀμφότεροι
3227 2874 3319 2925 ἐπὶ
3368 2873 3565 2942 ἱκανὴν
3599 2872 3787 2941 ὤραν,
3856 2873 4024 2929 κλίτεις

2440 2957 2570 3022 γόνυ
2599 2958 2629 3008 6
2651 2957 2796 3021 ὅσιος
2827 2960 3034 3023 Νίκων,
3081 2962 3176 3015 καὶ
3208 2965 3414 3031 στήσας
3440 2961 3680 3032 Συμεὼν
3734 2965 3800 3014 ἐκ
3826 2961 4023 3024 δεξιᾶ-τ.

2442 3049 2535 3100 καὶ
2558 3047 2816 3119 Ἰωάννην
2844 3051 2903 3116 ἐξ
2932 3052 3232 3121 εὐωνύμων
3259 3053 3460 3122 ἀνέστη
3483 3093 3495 3112 ,
3532 3056 3633 3106 καὶ
3661 3054 3924 3113 ἐκτείνας
3944 3057 4024 3110 τὰς

763 3131 1034 3202 Symeone
1097 3153 1127 3192 a
1155 3139 1359 3195 dextris
1399 3151 1454 3196 et
1485 3142 1699 3200 Joanne
1725 3162 1757 3201 ιι
1783 3147 2043 3214 sinistris,
2076 3154 2334 3214 surrexit.

2443 3144 2630 3212 χεῖρας
2658 3144 2737 3204 είς
2760 3141 2849 3195 τὸν
2871 3143 3121 3212 οὐρανὸν,
3153 3139 3328 3197 εἶπενο
3374 3145 3432 3196 '0
3459 3144 3599 3207 Θεὸς
3639 3148 3672 3196 6
3700 3144 3920 3204 δίκαιος
3949 3149 4026 3193 2:".

764 3233 820 3277 et
849 3226 1120 3291 protensis
1150 3227 1203 3281 in
1241 3231 1439 3285 calum
1488 3235 1760 3299 manibus,
1805 3237 1942 3292 dixit
1978 3258 1988 3292 :
2025 3239 2165 3296 Deus
2196 3243 2342 3311 juste

763 3319 818 3363 et
866 3311 1171 3380 laudabilis,
1217 3315 1360 3371 Deus
1405 3335 1598 3389 magne
1636 3333 1691 3376 et
1721 3323 1894 3388 fortis,
1949 3325 2108 3393 Deus,
2149 3329 2239 3397 qui
2282 3345 2344 3384 es

762 3413 890 3456 ante
921 3406 1140 3469 saacula,
1166 3409 1359 3462 exaudi
1390 3409 1566 3464 virum
1595 3424 1935 3482 peccatorem
1962 3417 2012 3470 in
2045 3419 2144 3473 hac
2172 3421 2338 3474 hora:

764 3500 961 3553 exaudi
985 3516 1094 3567 me,
1123 3503 1286 3567 Deus,
1316 3506 1508 3560 exaudi
1534 3522 1622 3561 me
1655 3508 1708 3562 in
1733 3508 2071 3565 fortitudine.
2104 3511 2344 3566 Estoim-

765 3610 995 3659 memor,
1027 3605 1270 3663 tempore
1303 3597 1425 3662 hoc,
1451 3613 1559 3666 quo
1589 3614 1781 3668 preces
1808 3600 1997 3664 fundo,
2020 3605 2341 3670 pracvarica-

766 3685 974 3738 tionum
1005 3700 1036 3738 a
1061 3702 1179 3740 mea
1209 3687 1418 3742 vilitate
1473 3705 1645 3758 usque
1669 3699 1735 3749 et
1753 3708 1921 3761 usque
1957 3695 2340 3761 profecturum.

769 3775 977 3829 Exaudi
1020 3792 1130 3842 me,
1160 3777 1406 3840 Domine.
1451 3780 1647 3834 exaudi
1687 3796 1775 3835 mc
1816 3782 1870 3835 in
1913 3783 2037 3854 igne
2058 3786 2340 3848 orationis,

764 3865 905 3920 sicut
955 3867 1084 3920 olim
1139 3877 1290 3921 tuum
1354 3871 1717 3939 prophetam;
1766 3883 1822 3927 ct
1861 3875 1981 3943 ejus
2029 3876 2342 3931 interventu

763 3956 1023 4009 combure
1063 3971 1213 4010 meas
1241 3957 1581 4026 iniquitates,
1623 3972 1678 4016 et
1707 3973 1930 4032 peccata
1969 3981 2230 4037 expurga.
2267 3969 2344 4020 Ita

765 4045 880 4107 fiat,
912 4061 946 4099 o
977 4045 1118 4100 Deus
1142 4056 1453 4102 sanctarum
1490 4051 1789 4108 virtutum!
1825 4054 1898 4108 ita
1937 4056 2048 4118 ﬁat,
2085 4072 2119 4109 ο
2165 4074 2343 4112 rerum

766 4137 1209 4206 incorporearum
1239 4144 1492 4196 creatori
1533 4143 1608 4197 ita
1631 4145 1761 4200 fiat!
1795 4146 1887 4215 qui
1918 4148 2135 4202 dixisti:
2171 4151 2346 4206 Potite

766 4236 824 4281 et
841 4229 1141 4297 accipietis.
1168 4227 1245 4285 Ne
1283 4233 1600 4289 abominare
1629 4251 1736 4301 me,
1780 4237 1873 4305 qui
1905 4252 2025 4292 sum
2059 4238 2216 4294 labiis
2245 4242 2347 4294 im-

765 4319 941 4387 puris,
972 4321 1106 4374 etin
1162 4325 1401 4392 peccatis
1451 4325 1648 4381 haereo.
1696 4326 1905 4382 Exaudi
1954 4345 2062 4395 me,
2093 4333 2184 4400 qui
2217 4349 2346 4401 pro-

767 4408 966 4462 misisti
1023 4421 1075 4464 te
1103 4414 1483 4470 exauditurnm
1519 4432 1635 4480 eos,
1661 4419 1753 4487 qui
1787 4419 2047 4474 invocant
2071 4431 2123 4475 te
2152 4422 2207 4476 in
2258 4439 2347 4477 ve-

2443 3233 2676 3296 αἱνετδς,
2705 3235 2736 3285 6
2763 3233 2894 3296 Θεὸς
2929 3236 2958 3286 6
2985 3235 3156 3303 μέγας
3189 3235 3283 3287 καὶ⁸
3322 3233 3567 3303 ἰσχυρὸς,
3599 3237 3628 3286 6
3670 3235 3816 3298 856;
3851 3238 3881 3287 6
3909 3253 4024 3300 1:95-

2444 3325 2700 3387 αιώνιος.
2760 3325 3078 3378 εἰσάκουσον
3131 3327 3461 3396 ἀμαρτωλοῦ
3525 3326 3737 3395 ἀνδρὸς
3798 3331 3867 3395 τῇ
3930 3326 4028 3392 ὥρᾳ

2443 3416 2640 3486 ταύτῃ.
2673 3415 3006 3470 Ἐπάκουσόν
3068 3435 3193 3486 μου,
3218 3419 3248 3469 6
3279 3417 3430 3482 Θεὸς,
3463 3417 3793 3470 ἐπάκουσον
3842 3437 3942 3487 μου
3987 3423 4026 3468 ἐν.

2447 3508 2616 3577 ίσχύῖ.
2646 3508 2737 3578 Μὴ
2773 3509 3164 3578 μνημόνευσον,
3202 3511 3261 3562 ὲν
3291 3509 3465 3578 ταύτῃ
3499 3527 3605 3578 μου
3638 3513 3716 3578 τῇ
3743 3513 4028 3576 προσευχῆ

2443 3600 2554 3652 τῶν
2584 3599 2672 3651 ἀεὶ
2706 3600 2800 3652 καὶ
2826 3602 2904 3660 εἰς
2935 3601 3022 3652 ἀεὶ
3058 3601 3354 3670 παρακοῶν
3397 3601 3495 3666 τῆς
3543 3601 3698 3668 ἐμῆς
3750 3600 4028 3663 ἐξουθενο-

2447 3706 2604 3751 σεως.
2644 3689 2985 3742 Ἐπάκουσόν
3035 3706 3160 3759 μου,
3214 3691 3410 3759 Κύριε,
3473 3692 3808 3743 ἐπάκουσον
3860 3695 4031 3758 nouit

2447 3780 2582 3850 πυρὶ
2610 3781 2943 3849 προσευχῆς,
2970 3779 3045 3841 ὦς
3074 3797 3204 3833 ποτε
3228 3782 3322 3833 τοῦ
3355 3780 3452 3833 σοῦ
3480 3783 3813 3850 προφήτου,
3853 3782 3942 3832 καὶ
3964 3782 4032 3830 5:1

2445 3871 2553 3923 τῶν
2582 3870 2746 3923 αὑτοῦ
2783 3869 3112 3940 πρεσϐειῶν,
3142 3874 3238 3934 τὰς
3271 3875 3502 3938 ἀνομίας
3537 3891 3643 3941 μου
3677 3875 4031 3940 κατάςὶεξον,

2446 3963 2667 4025 καὶτὰς
2721 3961 2994 4030 ἁμαρτίας
3047 3979 3146 4031 μου
3184 3964 3500 4034 καθάρισον.
3535 3965 3674 4026 Ναὶ,
3709 3968 3740 4017 6
3769 3967 3910 4026 Θεὸς
3945 3967 4032 4015 τετε-δ

2446 4054 2617 4120 ἁγίων
2637 4053 2918 4122 δυνάμεων
2936 4069 2949 4082 ο
2982 4054 3071 4106 ναὶ
3095 4057 3123 4106 6
3147 4054 3258 4106 τῶν
3289 4056 3603 4123 ἀσωμάτων
3630 4060 3883 4125 ποιητής
3901 4075 3914 4086 ·
3946 4063 4032 4112 ναὶ,

2445 4147 2474 4196 6
2507 4143 2678 4196 εἰπών
2703 4161 2718 4174 ⁸
2751 4145 2984 4203 Αἰτεῖτε,
3015 4144 3108 4196 καὶ
3137 4142 3403 4212 λήψεσθε·
3445 4147 3516 4213 μή
3569 4162 3638 4213 με
3692 4146 3931 4214 βδελόξῃ
3963 4147 4035 4195 τὸν

2447 4234 2734 4304 ἀκάθαρτα
2768 4235 2918 4304 χείλη
2954 4233 3440 4303 περιϐεϐλημένον,
3477 4236 3574 4288 καὶ
3622 4238 3689 4286 ὲν
3746 4239 4034 4304 ἁμαρτίαις

2451 4325 2828 4393 συνεχόμενον.
2896 4324 3240 4377 Ἐπάκουσόν
3299 4341 3433 4393 μου,
3485 4327 3513 4377 ό
3564 4327 4038 4395 ὲπαγγεύάμενςς

2448 4417 2740 4470 ἐπακούειν
2800 4417 2907 4469 τῶν
2963 4418 3022 4468 ὲν
3051 4416 3282 4487 ἀληθείᾳ
3318 4417 3786 4486 ἐπικαλουμένων
3842 4437 3927 4481 σε,
3963 4421 4040 4468 καὶ

769 4498 967 4562 ritate;
1010 4501 1182 4572 dirige
1227 4519 1446 4572 gressus
1491 4521 1775 4561 servorum
1807 4517 2046 4573 tuorum,
2087 4519 2142 4564 et
2181 4512 2337 4580 pedes

2450 4505 2779 4559 κατεύθυνον
2798 4507 2865 4558 τὰ
2893 4505 3212 4575 διαδήματα
3243 4504 3352 4557 τῶν
3385 4505 3594 4557 δούλων
3625 4522 3764 4571 σου,
3797 4513 3900 4560 καὶ
3934 4513 4038 4566 τους

767 4602 956 4641 eorum
998 4590 1054 4643 in
1095 4593 1236 4645 viam
1273 4595 1442 4662 pacis.
1485 4594 1810 4665 Compatare
1839 4598 2094 4653 innocuis
2137 4602 2342 4669 pueris,

769 4677 824 4730 in
860 4687 1092 4734 externa
1115 4691 1258 4737 terra
1284 4685 1698 4749 exsistentibus,
1722 4686 1814 4755 qui
1855 4688 2037 4743 dixisti
2066 4705 2080 4740 :
2113 4709 2130 4741 ι
2159 4691 2346 4745 Estotc

771 4768 1052 4842 simplices
1082 4771 1222 4826 sicut
1240 4775 1506 4829 columbae
1539 4777 1602 4828 ⁸⁸.
1643 4795 1663 4828 ι
1697 4777 1938 4832 Clamavi
1965 4780 2031 4833 ad
2066 4790 2118 4834 te
2150 4782 2203 4834 in
2231 4791 2345 4836 toto

770 4860 935 4914 corde
980 4877 1138 4927 meo;
1173 4862 1336 4928 Deus,
1368 4865 1532 4929 Deus,
1577 4869 1775 4923 exaudi
1811 4885 1918 4936 me,
1951 4886 2076 4939 spes
2101 4873 2343 4927 omnium

773 4951 962 5005 finium
1002 4962 1180 5020 terr-.c,
1225 4964 1282 5010 et
1316 4972 1531 5024 eorum,
1561 4960 1654 5028 qui
1690 4970 1817 5014 sunt
1857 4965 2044 5031 procul
2097 4965 2152 5016 in
2201 4974 2343 5018 terra

771 5040 947 5097 aliena
970 5045 1055 5098 ¹⁶”.

844 5135 930 5188 18.
973 5135 1194 5207 lncrcpa
1240 5141 1463 5210 spiritus
1513 5159 1706 5200 omnes
1766 5147 2076 5202 immundos
2119 5166 2150 5202 a
2206 5151 2346 5205 facie

775 5243 1066 5296 puerorum
1093 5239 1310 5286 tuorum
1351 5251 1364 5285 :
1401 5237 1752 5304 apprehende
1775 5254 1925 5293 arma
1953 5249 2008 5294 et
2029 5245 2266 5307 s'cutum,
2295 5254 2350 5298 et

773 5335 1002 5390 exsurge
1036 5322 1089 5375 in
1121 5325 1453 5392 adjutorium
1479 5344 1667 5382 eorum
1695 5346 1708 5381 :
1743 5333 1964 5387 effunde
1998 5333 2260 5388 frameam
2292 5345 2346 5390 ct

773 5407 1038 5461 eonclude
1063 5411 1324 5466 adversus
1350 5428 1466 5477 eos,
1497 5415 1588 5483 qui
1621 5428 2023 5486 persequuntur
2049 5420 2202 5475 illos:
2236 5424 2344 5485 ιΙὶο,

754 5498 809 5548 ὀ
852 5495 1098 5563 Domine,
1139 5501 1336 5555 anima:
1370 5519 1559 5558 eorum
1587 5520 1599 5557 :
1635 5507 1791 5562 Salus
1814 5520 1903 5562 tua
1932 5526 2032 5580 ego
2065 5527 2205 5566 sum.
2242 5513 2346 5568 Rc-

777 5585 933 5641 ecdat
963 5603 992 5640 a
1034 5600 1217 5644 mente
1255 5607 1443 5646 eorum
1475 5596 1698 5663 spiritus
1742 5599 1967 5660 timoris,
2008 5603 2224 5666 acediae,
2256 5622 2347 5659 su-

855 5765 896 5796 "
924 5765 1113 5820 Matth.
1154 5785 1203 5832 x,
1248 5770 1325 5823 I6.
1409 5773 1468 5800 “"'
1510 5773 1644 5827 l‘sal.
1687 5791 1826 5838 nn,
1861 5780 1911 5828 (ἰ.

2453 4596 2616 4659 πόδας
2643 4596 2826 4648 αὐτῶν
2855 4597 2934 4658 εἰς
2957 4595 3074 4648 ὁδὸν
3099 4597 3343 4666 εἰρήνης.
3396 4597 3780 4667 Συμπάθησον
3825 4601 4041 4658 ἀκάκοις

2451 4690 2641 4740 παισὶν
2661 4687 2756 4739 ἐπὶ
2786 4685 2942 4757 ξένης
2963 4681 3138 4746 οὖσιν,
3181 4689 3209 4738 6
3242 4686 3412 4739 εἰπών
3433 4703 3446 4716 ’
3482 4706 3500 4737 ι
3529 4688 3772 4740 Γίνεσθε
3807 4691 4042 4760 ἀκέραιοι

2448 4776 2523 4838 ὡς
2545 4777 2602 4827 αί
2641 4776 2991 4845 περιστεραί.
3031 4793 3049 4824 ι
3103 4774 3414 4845 Ἐκέκραξά
3466 4791 3550 4827 σοι
3585 4777 3646 4826 ἐν
3700 4778 3805 4847 ὅλῃ
3865 4780 4041 4846 καρδίᾳ

2455 4884 2578 4936 μου.
2626 4867 2684 4919 '0
2710 4866 2864 4928 Θεὸς,
2888 4868 2916 4919 6
2955 4865 3111 4929 Θεὸς,
3146 4866 3451 4918 ἐπάκουσόν
3489 4883 3618 4933 μου,
3652 4869 3688 4936 ἡ
3719 4869 3895 4931 ἐλπὶς
3928 4870 4041 4919 πάν·

2442 4948 2686 5016 τωντῶν
2718 4959 2967 5030 περάτων
3005 4957 3105 5026 τῆς
3159 4957 3282 5026 γῆς,
3321 4957 3415 5010 καὶ
3450 4958 3557 5010 τῶν
3605 4959 3708 5010 ἐπὶ
3752 4960 3924 5028 ξένης
3959 4976 4042 5026 μα·

2444 5070 2477 5104 κ
2485 5053 2603 5122 ράν.

2517 5141 2608 5212 ιη’.
2645 5143 3004 5212 Ἐπιτίμησον
3029 5145 3198 5196 πᾶσιν
3227 5146 3339 5205 τοῖς
3360 5141 3705 5210 ἀκαθάρτοις
3741 5158 3850 5193 πνε
3863 5142 4042 5208 ipsa-.1

2448 5234 2556 5287 ἀπὸ
2585 5233 2883 5304 προσώπου
2934 5235 3045 5287 τῶν
3097 5236 3309 5288 παίδων
3345 5251 3464 5286 σου.
3519 5232 3839 5284 Ἐπιλαϐοὗ
3895 5234 4042 5286 ὅπλο.

2455 5333 2546 5384 καὶ
2573 5331 2791 5400 θυρεοῦ.
2843 5331 2938 5383 καὶ
2965 5330 3229 5399 ἀνάστηθι
3267 5331 3348 5391 είς
3379 5328 3480 5398 τὴν
3526 5326 3796 5397 βοήθειαν
3857 5327 4042 5379 αὐτῶν.

2459 5428 2688 5495 Ἐκχεον
2726 5424 3002 5495 ῥομφαίαν
3051 5424 3145 5477 καὶ
3191 5421 3513 5489 σύγκλεισον
3571 5418 3909 5482 ἐξεναντίας
3961 5417 4042 5470 τίη

2456 5516 2902 5568 καταδιωκὸντωιι
2929 5515 3145 5576 αὐτούς.
3190 5513 3343 5576 Εἰπὲ,
3378 5507 3421 5563 ὦ
3456 5510 3653 5578 Κύριε,
3691 5511 4046 5579 sae-41173:;-

2458 5609 2596 5660 τὼν·
2634 5607 2884 5676 Σωτηρὶα
2920 5607 3014 5660 σού
3047 5609 3160 5675 εἰμι
3201 5605 3328 5672 ἐγὼ.
3375 5601 3928 5672 Ὕπανσχωρησάτω
3963 5604 4046 5655 ἀπὸ
