4118 6432
158 349 289 413 1693

148 456 245 523 τῆς
273 454 451 509 αὐτῶν
474 457 732 527 διανοίας,
757 464 971 534 πνεῦμα
999 469 1219 536 δειλίας,
1264 477 1507 548 ἀκηδίας,

149 547 401 613 ηφανίας,
431 549 526 601 καὶ
547 553 722 621 πάσης
760 557 979 620 κακίας,
1015 563 1107 613 καὶ
1148 570 1578 643 κατασϐεσθήτω
1609 581 1709 630 αὑ·-

141 635 250 687 τῶν
283 639 427 690 πᾶσα
458 642 698 710 πύρωσις
737 649 826 698 καὶ
853 648 1064 718 κίνησις
1103 656 1166 706 ἐκ
1211 657 1522 732 διαϐολικῆς
1554 669 1708 736 ἐνερ-

136 729 296 793 γείας
321 736 708 806 συνισταμένη.
733 741 1061 814 Φωτισθήτω
1093 749 1270 802 αὐτῶν
1304 757 1363 804 τὸ
1392 757 1569 826 σῶμα,
1617 765 1710 814 καὶ

135 817 307 888 ψυχὴ,
340 822 433 873 καὶ
463 823 524 875 τὸ
553 826 770 896 πνεῦμα
799 830 877 898 τῷ
901 834 1038 898 φωτὶ
1064 835 1163 903 τῆς
1191 838 1443 905 γνώσεώς
1472 817 1587 908 σου,
1623 849 1708 901 ἵνα

133 913 576 982 καταντήσαντες
604 917 682 979 είς
699 919 800 988 τὴν
821 922 1047 992 ἑνότητα
1084 926 1184 994 τῆς
1214 929 1465 994 πίστεως,
1498 939 1708 1007 καὶτῆς

131 1002 488 1069 ἐπιγνώσεως
546 1009 644 1077 τῆς
673 1009 834 1077 ἁγίας
864 1014 957 1065 καὶ
1017 1023 1400 1090 προσκυνητῆς
1458 1002 1704 1094 Τριάὸος,

129 1095 214 1156 είς
247 1096 416 1163 ἄνδρα
443 1099 664 1162 τέλειον,
705 1102 785 1164 είς
820 1104 1018 1173 μέτρον
1046 1106 1286 1176 ήλικίας,
1322 1113 1617 1178 δοξάσωσίν
1645 1137 1704 1172 σε

129 1184 216 1246 εἰς
251 1186 423 1240 αἰῶνα
449 1189 661 1252 αἰῶνος,
685 1194 778 1244 καὶ
807 1195 1244 1266 εὐαρεστήσωσίν
1275 1219 1356 1256 σοι
1382 1205 1461 1275 τῷ
1493 1209 1701 1278 Κυρίῳ,

124 1276 214 1327 ὅτι
245 1278 525 1347 πάνδημον
556 1281 615 1334 τὸ
638 1283 1003 1355 φυλακτήριον
1023 1288 1195 1358 ὄνομά
1221 1309 1336 1350 σου.
1369 1297 1461 1348 τοῦ
1496 1299 1704 1370 Πατρὸς

125 1368 229 1418 καὶ
262 1368 355 1421 τοῦ
387 1370 538 1433 Υίοῦ,
577 1376 668 1426 καὶ
703 1374 796 1427 τοῦ
831 1377 987 1444 ἁγίου
1019 1379 1353 1449 Πνεύματος.
1386 1387 1578 1458 Ἀμήν.
1604 1368 1704 1454 Δὸς

121 1458 184 1509 δὲ
216 1460 403 1524 αὐτοῖς
437 1463 533 1517 σὺν
561 1467 695 1518 πὶσι
719 1465 832 1528 τοῖς
855 1469 1098 1536 ἀγαθοῖς,
1133 1465 1178 1524 ὦ
1213 1474 1408 1546 Κύριε.
1451 1482 1543 1534 καὶ
1577 1485 1703 1546 τοὺς

121 1547 326 1613 λόγους
374 1553 578 1623 ταύτης
627 1574 728 1624 μου
781 1559 880 1627 τῆς
919 1563 1143 1632 οἰκτρᾶς
1197 1568 1294 1619 καὶ
1343 1569 1569 1635 ἀναξίας
1606 1591 1700 1627 σου

126 1641 350 1705 ἱκεσίας
382 1646 440 1696 ἐν
469 1647 665 1717 καρδίᾳ
686 1648 772 1701 διὰ
795 1652 993 1715 παντὸς
1025 1655 1170 1722 ἔχειν
1209 1659 1345 1726 πρὸς
1393 1661 1702 1731 δοξολογίαν

122 1731 227 1782 καὶ
263 1732 431 1801 ὓμνον
463 1735 561 1804 τῆς
585 1736 682 1804 σῆς
710 1741 1095 1809 χρηστότητος.
1129 1745 1296 1798 Πάλιν
1329 1748 1383 1800 δὲ
1429 1751 1564 1820 πρὸς
1604 1754 1700 1806 αὑ-

118 1823 259 1884 τοὺς
301 1825 439 1892 μετὰ
463 1827 672 1879 πολλῶν
692 1829 941 1900 δακρύων
979 1833 1186 1902 ἔλεγεν·
1227 1837 1284 1890 '0
1317 1840 1470 1905 Θεὸς,
1497 1843 1555 1894 ὃν

119 1914 410 1977 ελέξασθε,
463 1917 624 1970 τέκνα
656 1918 814 1984 καλὰ,
857 1923 952 1975 καὶ
1012 1917 1056 1991 ᾧ
1088 1928 1482 1999 κατεδράμετε,
1540 1937 1702 2001 αὐτὸς

119 2006 481 2071 ἐξαποστελεί
507 2009 597 2061 τὸν
618 2010 846 2078 ἄγγελον
867 2015 1027 2067 αὐτοῦ
1061 2018 1167 2086 πρὸ
1201 2021 1494 2088 προσώπου
1520 2027 1695 2096 ὑμῶν,

119 2101 222 2149 καὶ
257 2101 656 2154 κατασκευάσει
695 2103 791 2171 τὴν
845 2105 962 2156 ὁδὸν
997 2108 1161 2161 αὑτοῦ
1223 2111 1533 2183 ἔμπροσθεν
1589 2119 1699 2174 τῶν

117 2189 306 2240 ποδῶν
334 2190 504 2259 ὑμῶν.
550 2192 607 2252 Ὀ
631 2192 880 2259 ἄγγελος,
915 2196 990 2259 ὣς
1014 2215 1179 2267 φησιν
1208 2204 1236 2254 6
1268 2204 1441 2270 μέγας
1476 2208 1695 2275 Ἰακὼϐ,

118 2281 146 2331 6
179 2280 444 2347 ρυόμενός
477 2299 543 2350 με
568 2283 675 2335 ἀπὸ
712 2286 929 2338 πάντων
963 2289 1073 2340 τῶν
1108 2292 1365 2345 ἐναντίων
1389 2295 1693 2366 δυνάμεων,

117 2371 289 2434 αὐτὸς
329 2373 731 2442 προπορεύεται
774 2375 883 2428 τῶν
907 2379 1112 2448 τρίϐων
1146 2383 1321 2450 ὑμῶν.
1365 2386 1422 2438 Ὀ
1452 2391 1696 2460 ῥυσάμε-

120 2479 212 2522 νος
244 2464 334 2513 τὸν
364 2463 556 2516 ἑαυτοῦ
583 2467 867 2536 προφήτην
892 2469 956 2520 ἐκ
1005 2471 1268 2540 στόματος
1314 2474 1562 2543 λεόντων,
1597 2483 1695 2535 αύ-

118 2552 211 2613 τὸς
240 2551 460 2622 ῥύσεται
513 2556 604 2608 καὶ
635 2557 777 2625 ὑμᾶς
807 2559 914 2611 ἀπὸ
942 2561 1050 2612 τῶν
1101 2565 1303 2632 χειρῶν
1336 2568 1430 2621 τοῦ
1461 2571 1692 2637 λέοντος.

129 2641 192 2694 ’0
225 2643 583 2712 ἐκλεξάμενος
611 2647 754 2713 ὑμᾶς
781 2647 934 2712 Θεὸς,
963 2651 1120 2714 αὐτὸς
1148 2654 1577 2727 ἁκαταίσχυντον
1595 2664 1694 2734 τὴν

118 2732 315 2784 θυσίαν
340 2749 439 2802 μου
463 2735 704 2801 φυλάξει.
753 2735 840 2798 Ὦς
869 2737 926 2789 δὲ
946 2738 1120 2792 ταῦτα
1150 2743 1242 2794 καὶ
1271 2744 1454 2798 πλεῖον
1488 2749 1692 2804 τούτων

119 2825 311 2885 αὐτοῖς
367 2825 661 2894 ἐπηύξατο,
711 2828 805 2881 καὶ
857 2829 1168 2902 συνεπλάκη
1208 2835 1237 2884 6
1270 2833 1528 2905 θεοφόρος
1579 2843 1691 2904 τοῖς

118 2915 418 2985 τραχήλοις
456 2918 634 2969 αὐτῶν
665 2918 760 2971 καὶ
790 2917 1007 2985 ἔλεγεν·
1034 2921 1236 2986 Σῶσον,
1272 2927 1301 2977 6
1340 2927 1493 2990 Θεὸς,
1524 2931 1697 2985 σῶσον

1440 380 1606 441 VITA
1632 386 1691 445 S.
1721 388 2110 456 SYMEONIS.

3251 430 3384 486 1694

1543 489 1706 558 ὑπερ·
1737 502 1773 549 Α
1807 499 2026 564 perbiae,
2070 514 2124 558 et
2170 511 2347 563 omnis
2393 514 2629 580 malitiae,
2666 527 2721 571 et
2763 523 3142 593 exstinguatur
3184 527 3236 583 in
3272 531 3376 588 illis

1811 588 1989 641 omnis
2012 591 2225 648 ﬂamma
2255 609 2417 666 atque
2457 606 2642 669 motio,
2676 624 2795 675 qua:
2835 611 3034 667 diaboli
3062 621 3383 685 opera-tione

1809 682 2070 750 exsurgit.
2103 684 2311 756 Corpus
2343 707 2530 747 eorum
2554 705 2608 748 et
2633 698 2812 752 anima
2843 712 2897 755 et
2926 704 3165 771 spiritus,
3199 713 3382 780 cogni-

1811 767 1974 822 tionis
2030 781 2135 828 tuae
2181 778 2347 832 radiis
2400 781 2760 849 illustrentur,
2812 799 2871 844 ut
2921 808 3278 854 occurrentes
3326 803 3378 856 in

1809 857 2073 913 unitatem
2101 862 2250 928 ﬁdei,
2300 877 2353 921 et
2397 873 2728 940 agnitionem
2760 891 2962 936 sanctae
2995 896 3051 939 et
3093 891 3380 947 adoranda:

1807 943 2107 1016 Trinitatis,
2140 953 2193 1006 in
2218 957 2390 1014 virum
2427 963 2747 1031 perfectum,
2769 970 2822 1022 in
2849 987 3159 1031 mensuram
3208 984 3382 1037 aetatis

1806 1039 2108 1104 gloriﬁcent
2141 1055 2192 1098 te
2220 1048 2273 1100 in
2299 1055 2556 1106 saaculuin
2583 1060 2785 1123 saeculi,
2820 1063 3132 1136 placitoque
3173 1087 3231 1126 se
3265 1083 3378 1137 tuo,

1804 1129 1894 1194 qui
1925 1131 2183 1188 Dominus
2224 1152 2302 1203 es,
2337 1145 2699 1202 conl‘of-ment.
2743 1151 2876 1206 Nam
2922 1161 3233 1224 praesidiun:
3259 1182 3378 1219 om-

1804 1219 1954 1272 nium
1987 1225 2310 1291 populorum
2332 1240 2415 1285 est
2445 1249 2644 1290 nomen
2677 1248 2848 1302 tuum.
2879 1219 3050 1301 Patris
3081 1260 3136 1306 et
3167 1252 3286 1308 Filii
3324 1267 3380 1311 et

1805 1304 2039 1374 Spiritus
2068 1317 2263 1371 sancti.
2301 1322 2497 1374 Amen.
2543 1324 2617 1378 Da
2656 1327 2780 1389 illis.
2821 1330 3069 1402 Domine,
3103 1357 3226 1394 cum
3255 1360 3377 1398 om-

1801 1397 1952 1451 nium
1999 1401 2265 1459 bonorum
2311 1413 2550 1477 cun'iulo,
2597 1425 2654 1468 ut
2694 1417 2854 1487 hujus
2879 1438 3012 1476 mem
3052 1430 3379 1488 miserabilis

1801 1488 2116 1560 ctindignze
2162 1497 2431 1555 orationis
2493 1519 2777 1563 sermones
2823 1515 3037 1569 assidue
3078 1522 3224 1574 cordi
3278 1540 3378 1579 suo

1800 1574 2126 1646 insculpant,
2171 1585 2239 1638 ad
2297 1589 2520 1656 gloriam
2577 1603 2631 1647 et
2680 1596 2894 1654 laudem
2947 1603 3203 1661 bonitatis
3249 1621 3373 1667 tum.

1799 1664 2000 1722 lterum
2027 1672 2212 1726 multis
2249 1692 2372 1731 cum
2419 1680 2672 1752 lacrymis
2715 1689 2780 1742 ad
2813 1691 2959 1758 ipsos
2989 1695 3126 1751 dixit
3154 1714 3167 1750 :
3213 1699 3372 1766 Deus,

1799 1771 1960 1822 quem
1991 1762 2252 1831 elegistis,
2287 1766 2416 1822 boni
2451 1771 2569 1834 ﬁlii,
2622 1786 2678 1830 et
2722 1780 2787 1832 ad
2832 1797 2992 1850 quem
3039 1762 3372 1859 accurristis,

1608 1845 1697 1910 ἐξ.
1734 1851 1772 1902 Β
1800 1845 1944 1902 Deus
1977 1849 2093 1917 ipse
2137 1856 2351 1912 emittet
2397 1864 2651 1932 angelum
2681 1845 3008 1928 suumtante
3057 1875 3248 1933 faciem
3278 1845 3374 1937 ve:

1803 1946 2062 2004 stram,et
2090 1950 2416 2015 praeparabit
2442 1954 2581 2008 viam
2613 1972 2765 2014 suam
2792 1975 2919 2018 ante
2949 1971 3115 2035 pelles
3142 1983 3370 2029 vestros.

1800 2030 2060 2101 Angelus,
2097 2039 2211 2105 qui,
2238 2041 2381 2096 sicut
2413 2044 2549 2101 dicit
2577 2065 2805 2119 magnus
2831 2030 3016 2122 Jacob,
3057 2061 3249 2118 liberat
3287 2082 3374 2121 me

1801 2121 1873 2174 ab
1904 2125 2160 2182 omnibus
2206 2135 2494 2190 contrariis
2534 2143 2913 2208 potestatibus,
2969 2121 3076 2204 ille'
3104 2157 3375 2221 pra-cedet

1799 2224 1925 2266 ante
1967 2214 2084 2270 vias
2123 2229 2349 2275 vestras.
2395 2223 2495 2288 Qui
2548 2231 2869 2297 prophetam
2918 2252 3075 2291 suum
3104 2214 3374 2296 liberavit

1799 2303 1866 2356 ab
1890 2320 1984 2358 ore
2006 2306 2243 2373 leonum,
2279 2313 2368 2366 ille
2401 2332 2495 2370 vos
2517 2334 2731 2390 quoque
2772 2326 3025 2382 liberabit
3060 2346 3089 2384 a
3121 2334 3374 2390 manibus

1797 2390 1987 2448 leonis.
2020 2395 2122 2460 Qui
2155 2399 2316 2471 elegit
2346 2420 2442 2458 vos
2474 2407 2636 2472 Deus,
2692 2413 2779 2468 ille
2830 2418 3151 2474 sacriﬁcium
3186 2438 3367 2478 memn

1796 2484 1865 2536 ab
1893 2487 2183 2554 ignominia
2215 2494 2532 2552 vindicabit.
2576 2501 2700 2556 Ilaec
2735 2513 2790 2558 et
2826 2507 2980 2575 plura
3012 2523 3287 2578 precatus,
3318 2520 3376 2567 et

1795 2576 1930 2631 colla
1972 2594 2160 2634 eorum
2218 2586 2438 2642 strinxit
2491 2592 2574 2644 vir
2604 2594 2798 2658 deifer,
2847 2607 2902 2653 et
2952 2576 3138 2656 dixit:
3179 2604 3369 2668 Serva,

1800 2665 1964 2730 Deus,
2006 2685 2162 2727 serva
2207 2690 2321 2737 eos,
2361 2682 2452 2748 qui
2513 2693 2626 2737 toto
2677 2689 2843 2742 corde
2891 2691 3124 2762 diligunt
3170 2711 3371 2750 nomen

1798 2766 1971 2819 tuum,
1990 2775 2166 2830 neque
2201 2766 2346 2820 enim
2380 2769 2602 2840 iniquus
2631 2789 2712 2838 es,
2741 2777 2987 2844 Domine,
3016 2790 3074 2835 ut
3100 2783 3238 2848 illos,
3269 2788 3362 2854 qui

1796 2851 1987 2905 stultas
2031 2855 2192 2925 hujus
2239 2861 2364 2916 vitae
2411 2880 2498 2918 res
2551 2869 2910 2938 reliquerunt,
2963 2885 3282 2935 contemnas
3316 2891 3369 2934 et

1802 2939 2042 2996 deseras.

119 3006 250 3068 τοὺς
275 3008 333 3058 ὲν
364 3007 459 3078 ὅλῃ
492 3008 688 3080 καρδίᾳ
723 3011 1109 3081 ἀγαπήσαντας
1155 3015 1216 3066 τὸ
1247 3016 1418 3086 ὄνομά
1467 3036 1585 3072 σου·
1626 3024 1689 3075 οὐ
1726 3026 1836 3097 γὰρ
1877 3029 2062 3097 ἄδικος
2104 3030 2175 3104 cl,
2206 3038 2400 3111 Κύριε,
2427 3043 2555 3108 τοὺς
2596 3051 3030 3124 καταλείψαντας
3056 3057 3125 3111 τά
3165 3061 3367 3129 μάταια

119 3101 218 3129 ηπ
253 3101 368 3129 ατη,
397 3103 692 3129 ,,ι-,,,---
739 3105 1108 3129 -----ιι-’-.---ι
1357 3113 1374 3129 ε
1417 3113 1464 3129 -ι

119 3101 220 3156 τοῦ
251 3101 369 3172 βίου
397 3103 717 3173 πράγματα,
737 3105 999 3176 περιιδεῖν
1019 3109 1115 3162 καὶ
1147 3111 1555 3183 ὲγκαταλείψαι.

195 3249 282 3301 ιϐ’.
306 3244 436 3302 Εἶτα
464 3250 624 3302 πάλιν
653 3251 789 3320 πρὸς
839 3254 1034 3317 αὐτούς
1054 3272 1066 3285 ·
1105 3256 1364 3325 Βλέπετε,
1387 3260 1576 3325 τέκνα,
1612 3266 1690 3329 εἰς
1719 3273 1761 3328 C
1780 3303 1797 3316 λ

124 3336 363 3406 πόλεμον
412 3340 638 3404 ἑαυτοὺς
693 3342 990 3407 ἐξεδώκατε
1037 3347 1266 3418 φοσερὸν
1320 3352 1413 3404 καὶ
1444 3352 1691 3410 ἀθέατον.

136 3428 301 3480 Ἀλλὰ
333 3429 406 3500 μή
441 3431 710 3502 φοϐηθῆτε
734 3451 747 3465 ο

123 3521 226 3573 οὐκ
254 3523 401 3574 ἐάσει
436 3523 577 3590 ὑμᾶς
608 3528 990 3596 πειρασθῆναι,
1035 3532 1173 3600 ὑπὲρ
1207 3533 1235 3584 ὃ
1295 3535 1522 3589 δύνασθε
1585 3539 1697 3590 ὑπο

124 3618 386 3679 ενεγκείν.
414 3634 432 3666 ι
484 3615 868 3683 Ἀγωνίσασθε,
891 3623 1074 3685 τέκνα,
1103 3625 1174 3696 μὴ
1201 3627 1495 3698 ήττηθῆναι
1526 3632 1693 3702 αὐτῷ,

125 3705 261 3761 ἀλλὰ
288 3709 447 3774 στῆτε
482 3712 709 3774 γεναίοι,
734 3711 949 3780 ἔχοντες
977 3715 1039 3766 τὸ
1066 3715 1230 3769 ὅπλον
1256 3719 1348 3770 τοῦ
1383 3721 1539 3788 ἁγίου
1568 3725 1696 3794 σχή-

129 3813 298 3862 ματος
349 3784 471 3849 κατς
524 3799 728 3861 αὑτοῦ,
787 3803 1198 3871 μνημονεύσατε
1259 3808 1352 3860 τοῦ
1410 3813 1691 3875 εἰπόντος’

134 3906 152 3936 ι
187 3887 377 3949 Οὐδεὶς
409 3889 685 3941 ἐπισαλὼν
714 3890 813 3961 τὴν
831 3895 989 3961 χεῖρα
1014 3896 1181 3948 αὑτοῦ
1210 3898 1297 3950 ἐπ’
1332 3899 1581 3971 ἄροτρον,
1604 3905 1695 3956 καὶ
1744 3899 1748 3903 ’

128 3980 393 4048 στραφεὶς
424 3981 504 4042 είς
533 3981 597 4032 τὰ
623 3981 824 4044 ὀπίσω,
850 3982 1068 4047 εὕθετός
1101 3988 1249 4039 ἐστιν
1293 3991 1371 4051 είς
1417 3985 1514 4058 τὴν
1545 3992 1696 4062 βασι-

125 4066 278 4118 λείαν
307 4066 417 4119 τῶν
453 4069 718 4135 οὐρανῶν.
754 4088 774 4121 ι
814 4071 924 4124 Καὶ
953 4073 1113 4127 πάλιν
1135 4077 1263 4145 περὶ
1287 4079 1385 4147 τῆς
1426 4079 1521 4131 τοῦ
1551 4081 1692 4152 πύρ-

124 4171 224 4229 γου
269 4155 590 4225 οίκοδομῆς’
644 4158 734 4229 Μὴ
778 4160 1101 4233 ἀρξαμένων
1161 4165 1314 4234 ὑμῶν
1353 4185 1448 4219 at:
1484 4169 1692 4234 τελείας

122 4247 266 4308 ὀδοῦ,
293 4248 390 4315 τῆς
437 4247 579 4300 κατὰ
611 4248 744 4301 Θεὸν
790 4251 1068 4317 πολιτείας
1109 4257 1556 4328 άποχαυνωθῆτε,
1599 4263 1694 4314 καὶ

125 4336 389 4406 πληρωθῇ
416 4337 500 4405 ἐφ’
524 4337 768 4407 ὐμῖν,δτι
804 4341 1077 4409 Ἤρξαντο
1098 4347 1579 4416 οἰκοδομῆσαι,καὶ
1594 4353 1692 4403 οὐκ

125 4421 270 4498 εἶχον
316 4426 542 4496 δύναμιν
572 4429 664 4480 καὶ
692 4430 1001 4500 προθυμίαν
1042 4435 1178 4503 πρὸς
1228 4438 1319 4488 τὸν
1349 4440 1692 4510 ἀπαρτισμὸν

123 4516 220 4574 τοῦ
245 4517 514 4590 θεμελίου.
550 4519 967 4586 ’Δσφαλίσασθε,
1000 4525 1165 4578 τέκνα
1189 4543 1202 4557 ο
1242 4529 1436 4598 μικρὸς
1472 4532 1502 4583 6
1531 4531 1690 4584 πόλε-

786 3455 803 3486 ι
839 3439 1071 3502 Δυνατὸς
1089 3441 1197 3511 γάρ
1224 3443 1370 3495 ἐστιν
1400 3447 1426 3498 6
1455 3446 1607 3509 Θεὸς,
1639 3448 1728 3510 6;"

1870 3272 1951 3326 l9.
1994 3272 2184 3330 Postea
2219 3294 2434 3335 rursum
2462 3283 2529 3337 ad
2557 3283 2677 3339 illos
2708 3301 3016 3343 sermonem
3049 3293 3320 3348 convertit
3353 3311 3365 3348 :

1798 3359 2097 3428 Attendite,
2121 3365 2238 3430 ﬁlii,
2264 3369 2490 3424 terribili
2521 3387 2619 3425 vos
2642 3382 2696 3426 et
2716 3376 2930 3429 occulto
2953 3377 3094 3431 bello
3121 3378 3364 3446 dedistis,

1798 3451 1893 3503 sed
1946 3463 2150 3508 metum
2200 3457 2383 3526 pellite
2418 3476 2431 3512 :
2466 3478 2485 3512 ι
2523 3459 2722 3515 Potens
2773 3463 2920 3516 enim
2947 3472 3033 3518 est
3082 3463 3247 3530 Deus,
3275 3469 3366 3535 qui

1797 3560 1911 3597 non
1945 3548 2186 3614 patietur
2217 3564 2314 3602 vos
2343 3551 2540 3604 tentari
2571 3566 2733 3621 supra
2764 3553 2815 3607 id
2836 3556 2979 3622 quod
3003 3555 3232 3623 potestis
3247 3571 3359 3611 sus~

1799 3633 1973 3687 tinere
2007 3637 2070 3690 ”.
2128 3653 2145 3687 ι
2178 3636 2417 3702 Certate,
2454 3638 2580 3704 lilii,
2619 3650 2679 3694 ut
2720 3657 2828 3695 non
2874 3643 3230 3711 superemini.
3262 3644 3382 3720 Sed,

1799 3730 1938 3776 state
1972 3725 2156 3780 animo
2201 3737 2404 3792 erecto,
2456 3740 2797 3797 opponentes
2830 3731 3053 3786 inimico
3085 3734 3224 3787 sacri
3268 3734 3365 3787 ha—

1797 3812 1941 3868 bitus
1960 3827 2310 3872 armaturam.
2325 3818 2388 3871 In
2411 3821 2728 3875 memoriam
2748 3833 2997 3877 revocate
3020 3824 3184 3878 verba
3202 3824 3369 3887 illius,

1796 3903 1886 3970 qui
1908 3903 2042 3959 dicit
2065 3924 2079 3959 :
2109 3925 2126 3956 ‹
2147 3906 2319 3962 Nemo
2343 3910 2563 3964 mittens
2582 3926 2803 3965 manum
2831 3928 2983 3967 suam
3012 3915 3078 3968 ad
3106 3925 3364 3979 aratrum,

1795 3999 1850 4045 et
1871 4009 2165 4051 conversus
2193 4009 2360 4063 retro,
2406 4009 2565 4068 aptus
2609 4012 2693 4056 est
2732 4018 2900 4074 regno
2947 4005 3210 4060 caelorum
3246 4008 3306 4060 ³⁸.
3343 4025 3363 4058 ι

1795 4082 1862 4137 Ει
1892 4100 2103 4138 rursum
2149 4087 2216 4140 de
2253 4088 2612 4144 aediﬁcatione
2657 4094 2823 4147 turris
2855 4110 2870 4147 :
2903 4109 2973 4148 ne
3015 4095 3158 4148 viam
3186 4095 3357 4164 perte.

1794 4184 1936 4229 ctam
1970 4176 2317 4246 incipientes.
2341 4180 2396 4232 in
2446 4181 2538 4235 Dei
2571 4183 2835 4252 obsequio
2878 4185 3094 4239 desides
3140 4187 3277 4252 sitis,
3313 4197 3363 4242 et

1797 4266 1848 4318 in
1897 4267 2051 4322 vobis
2106 4268 2416 4338 impleatur,
2463 4273 2589 4342 quia
2635 4284 2918 4342 coeperunt
2966 4277 3257 4345 aediﬁcare,
3313 4289 3363 4333 et

1795 4372 1906 4410 non
1941 4365 2024 4411 sat
2060 4359 2366 4412 habuerunt
2406 4361 2599 4414 virium
2642 4372 2698 4415 et
2735 4365 2900 4417 animi
2951 4366 3018 4420 ad
3065 4383 3202 4435 opus
3231 4384 3363 4422 con-

1797 4448 2284 4504 summandum‘”.
2320 4449 2470 4506 State
2521 4454 2720 4518 securi,
2753 4470 2786 4507 ο
2825 4455 2920 4509 ﬁlii
2959 4474 2971 4508 :
3009 4473 3236 4526 parvum
3282 4470 3360 4512 est

1797 4535 2017 4601 bellum,
2059 4537 2154 4590 sed
2186 4553 2377 4606 magna
2426 4554 2660 4605 corona;
2693 4541 3004 4609 temporalis
3050 4543 3221 4608 labor,
3269 4544 3363 4597 sed

129 4626 248 4679 μος,
281 4609 415 4662 ἀλλὰ
455 4611 628 4678 μέγας
659 4614 687 4664 6
720 4613 982 4679 στέφανος
1006 4631 1021 4644 ·
1057 4618 1391 4688 πρόσκαιρος
1429 4623 1457 4672 6
1511 4623 1690 4688 πόνος,

1798 4636 1998 4679 αξιοι-[ιιι
2035 4609 2268 4695 requies.
2307 4627 2494 4698 Itaque
2530 4644 2653 4682 cum
2695 4640 2908 4699 tempus
2937 4634 3277 4702 procederet,
3310 4645 3359 4687 et

126 4702 242 4754 ἀλλ’
274 4701 468 4754 αἰωνία
495 4705 528 4770 ή
578 4705 904 4767 ἀνάπαυσις.
964 4706 1076 4774 Τῆς
1105 4707 1256 4776 ὥρας
1288 4707 1382 4762 οὖν
1413 4715 1692 4782 προκοψά.

126 4812 248 4862 σης,
265 4796 357 4846 καὶ
385 4794 486 4864 ἤδη
515 4794 700 4847 λοιπὸν
728 4795 825 4848 τοῦ
857 4795 1014 4860 ξύλου
1036 4803 1346 4866 κρούοντος,
1368 4804 1443 4867 ὡς
1466 4804 1689 4870 ἔμελλον

123 4884 218 4939 τοῦ
248 4884 490 4945 πυλῶνος
513 4885 848 4956 ὲξέρχεσθαι,
875 4888 1067 4942 ἔλαϐεν
1094 4893 1122 4944 6
1159 4892 1379 4962 Συμεὼν
1410 4895 1499 4947 τὸν
1527 4897 1690 4966 ήγού-

127 4993 289 5044 μενον
317 4978 435 5029 κατ⁹
461 4977 617 5039 ἰδίαν,
648 4980 741 5030 καὶ
773 4975 925 5032 εἶπεν
946 4981 1096 5051 αὺτῷ
1113 4998 1126 5012 ’
1160 4985 1261 5038 Διὰ
1289 4984 1380 5037 τὸν
1406 4987 1556 5049 Θεὸν,
1584 4989 1692 5043 Πά-

123 5085 244 5138 τερ,
275 5064 448 5132 εὖξαι,
480 5068 566 5119 ἵνα
597 5069 625 5120 6
648 5068 781 5131 Θεὸς
813 5070 1140 5144 διασκεδάσῃ
1192 5076 1290 5139 τὴν
1331 5080 1551 5147 μνήμην
1595 5080 1692 5147 τῆς

125 5160 383 5226 γυναικὸς
415 5158 510 5211 τοῦ
538 5158 768 5228 ἀδελφοῦ
798 5179 898 5230 μου
928 5162 1197 5230 Ἰωάννου,
1228 5170 1299 5236 μή
1338 5186 1451 5230 πως
1497 5173 1560 5222 ἐκ
1598 5171 1690 5224 τοῦ

125 5248 363 5319 πονηροῦ
416 5250 574 5301 ἐάσαι
626 5267 714 5319 με,
769 5251 864 5302 καὶ
916 5253 1200 5323 ἀπόλωμαι
1249 5258 1479 5328 ὑπὸτῆς
1510 5260 1688 5332 λύπης

205 5425 250 5459 ιτ
279 5425 300 5480 l
331 5424 456 5482 Cor.
491 5442 547 5491 ι,
576 5426 658 5480 l5.
738 5424 783 5459 ⁸⁸
812 5427 942 5485 Luc.
973 5446 1046 5493 Ix,
1077 5430 1164 5484 6‘2.
1243 5433 1309 5465 ¹¹¹⁶
1348 5433 1480 5488 Luc.
1524 5453 1632 5498 xiv,
1656 5440 1742 5493 50.

1792 4715 1902 4784 jam
1929 4716 2188 4785 deinceps
2233 4719 2434 4788 lignum
2476 4722 2712 4788 pulsaret
2752 4723 2900 4792 (25);
2927 4735 2982 4778 et
3021 4725 3095 4778 illi
3135 4741 3165 4779 e
3195 4726 3361 4794 janua

1792 4809 2282 4873 essentegressuri,
2317 4809 2621 4878 hcgumcno
2659 4814 2888 4866 seorsim
2923 4815 3196 4883 prehenso
3226 4816 3359 4871 dixit

1794 4900 2023 4970 Symeon
2048 4921 2061 4953 :
2093 4901 2320 4970 Propter
2350 4902 2541 4967 Deum,
2586 4905 2657 4958 mi
2688 4904 2864 4967 Pater.
2892 4923 3006 4974 ora,
3033 4918 3092 4962 ut
3124 4909 3266 4964 Deus
3296 4926 3358 4963 ex

1793 4991 1975 5044 animo
2003 4991 2187 5045 fratris
2230 4992 2335 5044 mei
2361 4991 2588 5046 Joannis
2619 4995 2796 5048 deleat
2823 4999 3138 5050 memoriam
3173 5000 3362 5066 conju-

1791 5081 1872 5150 gis
1901 5096 2032 5145 suze,
2059 5097 2127 5134 ne
2153 5082 2387 5152 maligno
2418 5083 2765 5138 inachinante
2791 5086 2982 5154 spiritu
3015 5103 3101 5141 me
3120 5089 3357 5152 deserat,

1790 5180 1845 5223 et
1873 5186 1971 5240 ego
2000 5172 2264 5226 inteream
2303 5191 2414 5243 pra:
2442 5177 2647 5241 dolore,
2683 5178 2753 5232 ob
2781 5179 2901 5244 ejus
2924 5179 3149 5233 exitium
3179 5191 3234 5234 et
3268 5198 3354 5235 re-

1793 5277 2029 5316 cessum.
2071 5262 2196 5328 Ora,
2231 5267 2474 5328 obsecro,
2514 5278 2733 5337 propter
2779 5269 3088 5334 hominum,
3121 5282 3177 5324 ιιι
3219 5271 3355 5326 Deus

1615 5555 1838 5613 ΝΟΤΑΕ.

203 5654 311 5725 (25)
345 5657 627 5748 Quomodo
659 5661 815 5732 lignis
853 5681 951 5734 pro
989 5682 1093 5722 tere
1133 5669 1404 5739 Campano
1461 5683 1681 5729 utantur
1736 5682 1982 5733 monachi
2010 5680 2334 5744 Orientales,
2361 5681 2592 5748 explicat
2619 5680 2828 5734 libellus
2861 5675 3166 5745 Hieronymi
3196 5672 3349 5742 Magii

133 5724 211 5779 De
239 5727 618 5784 tintinnabulis.
