4118 6432
166 404 308 468 1697

1440 408 1612 468 ῊΤΛ
1647 408 1705 464 S.
1749 406 2141 465 SYMEUNIS.

3288 409 3419 474 1698

163 516 428 584 στήθους,
469 517 560 568 καὶ
598 515 768 584 αὐτὴν
785 514 1014 584 ηὔχοντο
1029 515 1256 568 πάντοτε
1281 519 1356 579 εἰς
1379 517 1607 569 ἕκαστον
1633 535 1740 569 πει-

1855 517 1916 569 ΙΞι
1971 528 2201 572 eventus
2247 519 2392 572 illico
2427 519 2609 574 docuit
2665 522 2851 575 ambos
2896 523 3034 575 hanc
3079 523 3330 578 calluisse
3356 541 3422 582 ex

163 607 406 674 ροισμὸν.
431 608 521 658 καὶ
548 609 625 668 εἰς
642 608 874 660 ἕκαστον
897 607 1106 676 αἴτημα
1129 608 1309 660 αὐτῶν
1332 608 1464 678 πρὸς
1482 609 1740 661 τὲνθεόν.

164 698 363 750 Ἔστιν
390 700 499 768 γὰρ
536 701 624 752 ὅτε
666 699 871 769 ὲπύρου
911 700 1110 762 αὐτοὺς
1143 702 1170 751 ὁ
1216 700 1460 762 διάϐολος
1483 739 1497 761 ,
1525 701 1601 764 ὡς
1657 702 1742 765 ἐξ·

157 794 359 856 ηγεῖτο
380 791 682 861 ὁθεοφὸρος
696 790 881 853 Σαλδς,
898 790 971 853 ὡς
989 791 1084 844 ὲάν
1108 791 1244 860 κρέα
1259 792 1351 844 καὶ
1371 785 1513 844 οἶνον
1534 793 1740 860 ἤσθιον,

158 881 267 930 καὶ
306 880 466 932 πάλιν
510 881 808 932 ὑπέϐαλλεν
846 881 1031 942 αὐτοῖς
1087 879 1237 948 παρὰ
1288 880 1385 942 τὰς
1426 881 1599 950 ἀρχὰς
1635 881 1744 932 δει-

157 967 314 1030 λίαν,
372 971 462 1021 καὶ
520 971 747 1040 ἀκηδίαν
779 971 918 1041 πρὸς
954 971 1054 1035 τὴν
1087 971 1342 1041 ἄσκησιν,
1383 971 1526 1024 ὥστε
1556 972 1744 1039 διαφό·

160 1077 284 1128 ριοις
309 1063 591 1131 ἐπιζητεῖν
623 1064 822 1124 αὐτοὺς
853 1063 1215 1133 ὑποστρέφειν
1259 1065 1338 1125 εἰς
1385 1065 1442 1116 τὸ
1472 1066 1744 1132 μοναστή-

157 1170 289 1220 ριον
326 1156 432 1206 ἀπὸ
455 1155 556 1222 τῆς
583 1156 815 1224 ἐρήμου,
849 1154 1010 1206 πάλιν
1060 1155 1117 1208 δὲ
1173 1155 1312 1208 κατὰ
1364 1156 1490 1216 τοὺς
1545 1153 1744 1216 ὕπνους

152 1243 418 1312 θεωρεῖν.
447 1245 635 1295 Ἔστιν
678 1244 734 1297 δὲ
783 1245 870 1296 ὅτε
930 1245 1022 1297 καὶ
1069 1245 1127 1296 ὲν
1159 1244 1430 1314 φαντασίᾳ
1466 1247 1594 1309 τοὺς
1622 1246 1745 1296 tau-

149 1335 276 1384 τῶν
312 1335 492 1396 rasae,
526 1336 650 1397 τοὺς
679 1335 776 1404 μὲν
803 1335 1116 1398 κλαίοντας,
1140 1337 1266 1397 τοὺς
1289 1337 1344 1388 δὲ
1368 1335 1746 1405 εὐωχηθέντας

153 1428 585 1497 παρεσκεύαζεν
614 1431 640 1480 ὁ
668 1427 1016 1500 πολύμορφος
1063 1429 1205 1496 ὄφις,
1242 1430 1332 1481 καὶ
1363 1429 1532 1482 πολλὰ
1557 1427 1742 1498 ἕτερα,

149 1517 190 1568 δι
220 1521 344 1570 013‘s
379 1519 752 1590 ἐξηγήσασθαι
781 1521 1023 1587 δυνατὸν,
1053 1523 1099 1572 εἰ
1131 1522 1204 1591 μὴ
1239 1521 1444 1574 τούτων
1487 1519 1595 1573 τῶν
1633 1537 1746 1572 πει-

155 1611 400 1678 ρασμῶν
423 1613 479 1662 ὲν
518 1612 682 1682 πείρα
714 1613 923 1680 γίνεταί
956 1630 1059 1674 τις.
1115 1611 1254 1664 Ἀλλ’
1282 1612 1446 1682 ἡνίκα
1475 1611 1520 1664 δ’
1543 1612 1607 1664 ἂν
1644 1613 1744 1679 ἑμ-

153 1701 466 1768 νημόνευον
495 1702 603 1754 τῶν
629 1704 932 1772 στεφάνων,
960 1703 1053 1766 οὓς
1092 1706 1171 1766 εἰς
1202 1704 1460 1774 ἀλλήλους
1496 1703 1746 1756 ἐθεάσανο

148 1806 242 1850 τ’),
281 1791 374 1842 καὶ
408 1792 507 1861 τῆς
535 1793 904 1854 διδασκαλίας,
935 1795 1031 1846 καὶ
1063 1794 1170 1846 τῶν
1211 1795 1465 1864 δακρύων
1514 1793 1610 1846 τοῦ
1655 1794 1746 1861 γέ-

1847 620 2090 678 prompta
2126 611 2401 664 "tentoria.
2439 612 2504 665 lit
2536 627 2656 664 eam
2692 612 3041 678 adhibebant,
3066 615 3284 683 quoties
3306 625 3426 669 ten-

1847 699 1975 752 tatio
2019 699 2326 769 ingruebat,
2361 708 2454 753 aut
2492 700 2690 768 aliquid
2742 715 2770 752 a
2812 699 2922 753 Deo
2960 705 3237 770 petebant.
3276 700 3423 768 Qua-

1844 790 1968 842 dam
1992 791 2109 843 vicc
2140 790 2432 859 instigabat
2451 806 2545 844 eos
2567 791 2835 855 diabolus,
2867 793 2941 846 uti
2969 793 3226 846 narrabat
3250 793 3425 848 deifer

1847 883 2025 946 Salus,
2059 884 2125 937 ad
2155 899 2313 936 usum
2353 885 2534 938 carnis
2565 884 2783 950 etvini;
2813 895 2866 938 et
2911 884 2962 936 in
2989 884 3262 952 principio
3295 901 3424 954 sug-

1843 975 2063 1043 gerebat
2110 974 2381 1038 timorem,
2437 985 2493 1029 et
2549 983 2821 1044 torporem
2873 975 2927 1029 in
2971 977 3082 1029 vita
3135 977 3419 1032 ascetica:

1843 1067 1978 1119 adeo
2009 1075 2067 1118 ut
2101 1065 2264 1118 variis
2318 1067 2495 1120 modis
2542 1077 2838 1121 conaretur
2887 1083 2984 1121 eos
3036 1082 3104 1121 ex
3138 1081 3325 1122 eremo
3366 1068 3421 1122 in

1845 1156 2236 1209 monasterium
2285 1171 2568 1211 revocare.
2614 1156 2768 1210 Nunc
2809 1158 3010 1211 iterum
3043 1157 3290 1226 quaedam
3337 1173 3424 1210 re-

1845 1248 2211 1316 praesentabat
2250 1248 2302 1300 in
2347 1263 2576 1313 somno,
2625 1264 2774 1302 nunc
2821 1249 3118 1303 amicorum
3166 1247 3422 1318 aliquos:

1849 1340 1945 1392 hos
1991 1340 2208 1407 quidem
2256 1323 2474 1402 “flentes,
2537 1342 2701 1396 hosce
2756 1341 2917 1410 genio
2968 1341 3315 1410 indulgentes
3369 1341 3424 1394 in

1847 1430 2080 1500 imagine
2124 1446 2386 1501 corporea
2430 1431 2754 1486 ell'ormabat
2799 1431 3104 1500 versipellis
3129 1445 3192 1484 ac
3221 1439 3429 1484 tortuo-

1845 1535 1939 1572 sus
1964 1521 2204 1583 coluber,
2246 1531 2302 1576 et
2332 1523 2564 1590 plurima
2607 1524 2730 1586 alia,
2763 1539 2885 1592 quze
2930 1537 3221 1578 recensere
3265 1538 3429 1576 nemo

1846 1610 2005 1674 valet,
2040 1620 2238 1679 praeter
2279 1627 2426 1676 eum,
2478 1614 2568 1682 qui
2608 1614 2743 1668 tales
2787 1614 3121 1668 tentationes
3165 1623 3428 1683 expertus

1848 1701 2028 1755 fuerit.
2058 1704 2165 1757 Sed
2192 1705 2412 1772 quando
2433 1705 2860 1760 recordabantur
2889 1722 3239 1769 coronarum,
3281 1722 3418 1775 quas

1845 1794 1982 1846 alter
2005 1793 2062 1846 in
2087 1793 2260 1847 altero
2308 1797 2655 1866 contemplati
2702 1796 2943 1862 fuerant,
2987 1798 3426 1854 institutionum-

151 1897 371 1948 (ιοντνις,
418 1882 607 1953 ὥσπερ
669 1883 832 1952 ἐλαίῳ
879 1885 1018 1954 ἁγίῳ
1049 1886 1460 1954 κατεπραΰνετο
1496 1884 1676 1937 αὐτῶν
1713 1887 1740 1955 ἡ

1844 1899 1951 1952 que
1984 1893 2040 1938 et
2063 1885 2421 1954 lacrymarum
2453 1887 2634 1951 senis;
2675 1903 2768 1941 cor
2795 1888 3013 1942 illorum
3047 1889 3202 1959 quasi
3236 1897 3427 1944 sancto

149 1973 385 2043 καρδία,
411 1975 503 2027 καὶ
531 1977 918 2046 παρεκαλείτο.

1847 1975 2082 2044 quodam
2110 1976 2232 2031 oleo
2263 1978 2566 2033 delibutum
2587 1980 2954 2035 recreabatur.

1612 2107 1840 2166 CAPUT
1894 2107 1982 2162 Vl.

235 2228 606 2298 Apparitiones
626 2271 640 2295 ,
683 2233 982 2292 orationes,
1017 2248 1252 2302 egressus
1290 2233 1563 2302 Symeoms
1595 2249 1658 2286 ea.
1691 2247 1862 2312 eremo
1896 2232 1950 2284 in
1979 2231 2246 2301 publicum
2274 2249 2382 2301 pm:
2414 2235 2523 2286 zelo
2556 2251 2857 2288 animarum
2878 2277 2893 2300 ,
2923 2237 3199 2291 occultata:
3242 2239 3356 2308 ejus

1658 2312 1908 2355 actmues.

232 2413 338 2482 23'.
368 2415 652 2483 Ἐφαίνετο
691 2416 748 2469 δὲ
786 2417 973 2480 αὐτοῖς
1011 2419 1131 2470 κατ’
1173 2417 1305 2488 δναρ
1361 2417 1457 2471 καὶ
1489 2417 1516 2469 6
1551 2416 1742 2488 κύριος

155 2507 369 2570 Νίκων,
405 2509 493 2559 ὁτὲ
528 2507 627 2576 μὲν
663 2508 931 2562 νουθετῶν
964 2510 1182 2573 αὐτοῖς,
1221 2509 1310 2562 ὁτὲ
1345 2510 1400 2562 δὲ
1440 2509 1740 2580 προσευχό-

157 2619 326 2670 μενος
361 2605 500 2674 ὑπὲρ
533 2603 733 2669 αὐτῶν,
762 2602 878 2657 εστι
908 2604 964 2656 δὲ
994 2605 1081 2656 ὅτε
1130 2607 1227 2656 καὶ
1253 2603 1502 2674 ψαλμοὺς
1544 2603 1739 2663 αὐτοὺς

153 2694 453 2748 διδάσκωνο
488 2695 582 2748 καὶ
605 2694 954 2759 ὲξυπνίζοντο
984 2693 1436 2764 ἀποστηθίζοντες
1464 2693 1564 2746 ὅσα
1597 2694 1739 2746 κατά

155 2786 292 2849 τοὺς
325 2784 526 2848 ὕπνους
561 2786 757 2847 αὐτοὺς
791 2785 1090 2850 ἐδίδασκεν,
1127 2786 1219 2838 καὶ
1253 2781 1398 2855 εἶχον
1449 2785 1624 2855 χαρὰν
1645 2784 1738 2835 ἐπὶ

155 2876 324 2928 τοῦτο
353 2877 620 2947 μεγάλην.
677 2877 1008 2943 Ἐγινωσκον
1058 2876 1166 2947 γάρ
1197 2879 1278 2930 ὅτι
1310 2879 1463 2930 πονεί
1510 2878 1537 2928 6
1565 2875 1746 2945 γέρων

155 2967 228 3021 δι’
260 2968 480 3032 αὐτοὺς,
508 2969 606 3020 καὶ
635 2967 1110 3038 ὲπληροφοροῦντο
1145 2969 1200 3042 εξ
1239 2967 1420 3020 αὐτῶν
1455 2967 1562 3019 τῶν
1600 2963 1744 3036 πρα-

159 3059 411 3129 ·,’μάτων.
444 3059 554 3112 Καὶ
579 3060 685 3131 γὰρ
713 3059 819 3130 πρὸ
851 3059 1029 3129 πάσης
1049 3061 1324 3128 αἰτήσεως
1343 3060 1406 3112 ὲκ
1429 3058 1562 3111 Θεοῦ
1588 3059 1743 3110 τοῦτο

160 3152 271 3222 πρὸ
311 3150 530 3203 πάντων
559 3150 945 3220 αἰτησαμένων
979 3151 1330 3220 ἀμφοτέρων,
1364 3149 1458 3203 τοῦ
1504 3149 1603 3220 μὲν
1639 3151 1742 3202 Συ-

162 3242 334 3310 μεὼν,
368 3243 456 3295 ἵνα
486 3242 808 3313 παρακληθῇ
856 3245 889 3313 ἡ
934 3242 1133 3311 καρδία
1159 3241 1261 3312 τῆς
1311 3231 1517 3313 μητρὸς
1550 3243 1735 3304 αὑτοῦ,

159 3337 256 3387 καὶ
277 3335 669 3406 πληροφορηθῇ
697 3352 710 3366 ·
735 3335 829 3388 τοῦ
855 3335 910 3387 δὲ
940 3335 1212 3413 Ἰωάννου,
1248 3336 1335 3387 ἵνα
1364 3335 1738 3405 προσλάόηται

1918 2414 2010 2469 22.
2065 2413 2120 2469 In
2173 2430 2368 2470 somno
2408 2417 2570 2471 etiam
2610 2418 2860 2487 apparuit
2899 2418 3004 2473 illis
3031 2419 3289 2476 dominus
3326 2418 3424 2474 Ni-

1846 2518 1986 2562 con;
2042 2521 2188 2558 nunc
2234 2521 2328 2560 eos
2378 2507 2674 2568 instruens,
2723 2523 2869 2561 nunc
2909 2524 3008 2576 pro
3059 2509 3191 2578 ipsis
3237 2525 3420 2567 orans.

1845 2591 2150 2660 Aliquando
2198 2595 2362 2648 etiam
2407 2611 2502 2649 eos
2544 2597 2771 2650 docebat
2825 2598 3095 2665 psalmos:
3147 2607 3203 2652 et
3228 2614 3428 2669 exper-

1846 2683 1976 2735 recti
2029 2684 2291 2738 memoria
2332 2686 2610 2748 tenebant,
2649 2686 2911 2755 quidquid
2965 2688 3020 2742 in
3068 2705 3261 2744 somno
3305 2692 3424 2746 illos

1843 2773 2123 2829 docuerat.
2157 2776 2214 2829 ld
2245 2778 2388 2845 quod
2420 2793 2614 2847 magno
2647 2779 2728 2833 eis
2767 2780 2967 2848 gaudio
3011 2780 3134 2836 fuit.
3167 2781 3427 2838 Sciebant

1849 2867 1998 2920 enim
2049 2882 2237 2922 senem
2293 2869 2535 2937 ipsorum
2587 2884 2752 2924 causa
2799 2871 3069 2934 laborare,
3113 2873 3182 2927 de
3218 2889 3327 2943 quo
3357 2889 3426 2928 ex

1847 2959 2012 3012 rebus
2032 2959 2182 3034 ipsis
2207 2961 2408 3014 fiebant
2433 2961 2718 3014 certiores.
2745 2961 2812 3015 Et
2853 2978 2984 3017 vero
3024 2979 3148 3018 cum
3172 2980 3283 3034 prae
3304 2980 3426 3018 om-

1845 3052 2007 3106 nibus
2047 3062 2258 3122 peteret
2289 3064 2518 3124 uterque
2560 3069 2589 3107 a
2636 3054 2765 3117 Deo,
2797 3054 3030 3127 Symcon
3080 3057 3319 3126 quidem,
3368 3065 3425 3111 ut

1843 3159 1939 3198 cor
1993 3145 2185 3199 matris
2231 3146 2424 3200 solatio
2491 3135 2832 3201 recrearetur
2870 3157 2925 3201 et
2972 3149 3423 3212 confirmaretur;

1843 3234 2082 3292 Joannes
2109 3246 2314 3303 autem,
2345 3247 2406 3293 ut
2433 3236 2574 3293 Deus
2599 3239 2884 3309 coniugem
2915 3254 3065 3293 suam
3097 3240 3423 3310 susciperet,

1843 3338 1896 3382 et
1931 3330 2170 3383 dolorem
2212 3345 2244 3383 e
2289 3333 2632 3398 separatione
2669 3331 2788 3400 ejus
2831 3341 3012 3386 ortum
3042 3333 3311 3387 exanimo
3341 3333 3427 3387 fu-

158 3427 188 3477 6
217 3427 347 3488 Θεος
375 3426 474 3497 τὴν
502 3425 666 3479 αὑτοῦ
700 3425 948 3495 σύμϐιον,
983 3427 1119 3494 πρὸς
1153 3426 1212 3478 τὸ
1257 3428 1602 3496 ἀποκοπῆναι
1641 3428 1739 3496 τὴν

1844 3425 2028 3484 garet;
2062 3428 2352 3487 utrumque
2373 3420 2646 3474 exaudivit
2682 3422 2845 3485 Deus,
2875 3422 2967 3490 qui
2993 3422 3148 3485 dixit,
3169 3437 3226 3476 se
3249 3423 3423 3477 factu-

162 3519 350 3585 σχέσιν
380 3519 550 3588 αὐτῆς
585 3519 690 3570 ἀπὸ
735 3519 833 3587 τῆς
883 3519 1088 3581 ἑννοίας
1124 3518 1308 3583 αὐτοῦ,
1362 3521 1680 3586 εἰσήκουσεν
1714 3521 1742 3570 6

159 3610 297 3672 Θεὸς
328 3611 676 3680 ἀμφοτέρων,
724 3609 752 3661 6
780 3608 951 3662 εἰπὼν
1000 3609 1213 3678 θέλημα
1249 3609 1357 3662 τῶν
1391 3609 1739 3677 φοόουμένων

159 3703 324 3754 αὐτον
358 3702 599 3771 ποιῆται.
635 3703 743 3755 Ka‘t
768 3702 861 3754 δύο
890 3701 1025 3753 ὲτῶν
1059 3700 1468 3771 παρελθόντων,
1505 3700 1742 3769 ἐπληροο

161 3794 374 3864 φορήθη
403 3794 431 3846 6
488 3793 648 3864 κῦρις
691 3793 918 3864 Συμεὼν
956 3794 1021 3847 ἐκ
1053 3792 1210 3858 Θεοῦ,
1247 3793 1329 3846 ὅτι
1355 3792 1560 3855 ἄλυπός
1596 3794 1741 3844 ἐστιν

160 3887 192 3954 ἡ
226 3887 409 3956 μήτηρ
437 3884 601 3937 αὒτοῦ
654 3887 782 3956 περὶ
816 3884 1004 3945 αὑτοῦ,
1055 3884 1149 3937 καὶ
1192 3886 1273 3937 ὅτι
1321 3883 1570 3951 φαίνεται
1605 3883 1739 3952 αὐτῇ

159 3977 302 4027 κατὰ
319 3976 512 4038 νύκτα,
539 3976 633 4026 καὶ
664 3973 1066 4044 παραμυθεῖται
1087 3973 1276 4038 αὐτὴν,
1302 3974 1396 4025 καὶ
1428 3971 1575 4040 λέγει
1604 3971 1738 4042 αὐτῇ
1756 3985 1765 3991 "

159 4068 227 4135 τῇ
260 4064 446 4134 Σύρων
499 4065 798 4133 ῑιαλέκτῳ·
841 4063 1106 4134 Λαδέχρε,
1161 4063 1342 4133 λιχὲμ,
1375 4064 1402 4116 ὃ
1444 4065 1610 4127 ἐστιν,
1649 4061 1740 4126 Μὴ

159 4158 353 4220 λυποῦ,
393 4157 591 4227 μῆτερο
644 4158 737 4209 καὶ
788 4155 898 4225 γὰρ
925 4154 1108 4216 καλῶς
1155 4156 1321 4224 ἐσμεν
1361 4153 1536 4219 κάγὼ,
1589 4155 1682 4206 καὶ
1710 4155 1737 4204 6

159 4247 318 4318 κῦρις
352 4247 632 4314 Ἰωάννης,
667 4246 762 4298 καὶ
793 4245 1131 4313 ὑγιαίνομεν,
1174 4244 1269 4297 καὶ
1298 4242 1739 4312 ὲστρατεύθημεν

158 4341 240 4402 εἰς
289 4340 350 4390 τὺ
376 4339 635 4391 παλάτιον
663 4336 758 4389 τοῦ
811 4336 1112 4406 βασιλέως,
1157 4335 1250 4387 καὶ
1289 4335 1398 4391 ἰδοὺ
1433 4335 1738 4403 ,στεφάνους

159 4430 457 4500 φοροῦμεν,
497 4427 591 4492 οὒς
616 4428 876 4496 ἀνέδησεν
895 4429 1042 4497 ἡμᾶς
1069 4429 1098 4480 6
1130 4426 1403 4497 βασιλεὺς,
1427 4417 1520 4479 καὶ
1547 4426 1740 4489 στολὰς

157 4522 477 4593 εὐπρεπεῖς.
517 4520 681 4573 Ἀλλὰ
707 4518 1108 4590 παραμύθησαι
1152 4520 1244 4571 καὶ
1277 4518 1403 4580 τοὺς
1444 4521 1618 4586 γονεῖς
1644 4516 1738 4570 τοῦ

157 4609 388 4680 ἀδελφοῦ
412 4610 685 4672 Ἰωάννου,
706 4609 788 4660 ὅτι
813 4607 930 4676 μετ’
956 4606 1091 4675 ἐμοῦ
1118 4606 1266 4658 ἐστιν
1288 4604 1731 4675 ἐστρατευμένος.

169 4704 330 4755 Ἀλλά
363 4703 529 4773 μηδὲν
569 4699 870 4770 λυπηθῆτε.
924 4699 1032 4752 Καὶ
1077 4700 1104 4751 6
1160 4697 1332 4760 ἀὸεᾶς
1391 4697 1447 4757 δὲ
1481 4696 1734 4765 Ἰωάννης

1848 3524 1967 3560 rum
2021 3509 2359 3565 voluntatem
2415 3512 2727 3566 timentium
2789 3529 2870 3568 se.
2926 3513 2992 3568 Et
3048 3515 3161 3584 jam
3209 3515 3425 3570 duobus

1847 3598 2050 3667 exactis
2097 3599 2274 3664 annis,
2316 3601 2572 3656 dominus
2617 3601 2852 3672 Symeon
2886 3605 3086 3658 certior
3121 3621 3154 3659 a
3205 3606 3313 3660 Deo
3342 3617 3425 3662 est

1847 3687 2042 3754 factus,
2083 3692 2228 3759 quod
2267 3701 2442 3746 mater
2492 3709 2590 3747 sua
2641 3708 2805 3748 causa
2843 3709 2952 3748 non
2982 3696 3230 3761 doleret;
3275 3700 3422 3766 quod

1845 3789 2011 3834 noctu
2034 3781 2083 3834 ei
2109 3789 2418 3852 appareret,
2455 3792 2510 3837 et
2538 3783 2714 3852 ipsam
2745 3787 3142 3852 consolaretur,
3177 3801 3231 3842 et
3262 3789 3426 3844 dice-

1845 3878 1926 3924 ret
1959 3871 2178 3942 Syriaco
2205 3887 2458 3928 sermone
2485 3893 2497 3928 :
2545 3875 2845 3936 Ladechre,
2875 3875 3119 3933 Lichem.
3155 3878 3265 3934 Iloc
3288 3889 3372 3935 est
3405 3901 3418 3935 :

1841 3959 1920 4016 Ne
1945 3962 2089 4032 luge,
2124 3973 2329 4030 mater;
2378 3967 2585 4021 etenim
2632 3968 2774 4023 belle
2829 3970 3096 4024 habemus
3131 3981 3186 4025 et
3223 3987 3323 4042 ego
3367 3982 3423 4026 et

1842 4052 2010 4108 frater
2030 4055 2287 4120 Joannes,
2320 4067 2378 4111 et
2406 4059 2666 4122 valemus,
2699 4071 2755 4113 et
2787 4061 2996 4115 militia:
3037 4075 3236 4116 nomen
3265 4062 3420 4116 dedi-

1844 4161 1965 4200 mus
1998 4148 2053 4200 in
2097 4148 2298 4216 palatio
2341 4151 2505 4220 regis,
2555 4159 2612 4204 et
2659 4166 2808 4213 ecce,
2839 4167 3072 4206 coronas
3103 4163 3374 4222 gestamus
3400 4196 3413 4215 ,

1841 4235 2040 4303 quibus
2067 4251 2164 4289 rex
2194 4251 2296 4290 nos
2330 4237 2530 4301 induit,
2571 4247 2628 4292 et
2673 4248 2850 4294 vestes
2875 4241 3168 4310 elegantes.
3203 4242 3273 4295 At
3320 4258 3415 4311 pa-

1841 4336 2023 4382 rentes
2067 4326 2178 4398 (i6)
2211 4344 2427 4398 quoque
2462 4332 2748 4386 consolare
2790 4332 2974 4387 fratris
3006 4332 3252 4397 Joannis,
3288 4336 3414 4402 quia

1842 4433 2054 4473 mecum
2111 4435 2217 4473 una
2264 4421 2477 4474 militat.
2529 4420 2859 4492 Neutiquam
2917 4439 3047 4494 ergo
3099 4424 3294 4494 lugete.
3352 4425 3416 4480 Et

1837 4502 2080 4559 Joannes
2115 4521 2333 4576 quoque
2368 4509 2653 4577 conspexit
2684 4509 2942 4585 aliquem,
2966 4510 3210 4565 candidis
3247 4511 3413 4564 vesti-

1844 4596 1946 4649 bus
1986 4589 2256 4660 indu'tum,
2286 4597 2379 4666 qui
2420 4597 2676 4653 dicebat:
2715 4600 2857 4656 Ecce
2905 4611 3112 4671 patrem
3140 4609 3289 4654 tuum
3314 4601 3412 4655 do—

1843 4687 1955 4741 lore
1985 4688 2252 4754 liberavi;
2295 4689 2585 4761 conjugem
2608 4706 2740 4772 yero
2770 4702 2916 4747 tuam
2971 4707 3002 4747 e
3046 4692 3183 4747 vivis
3225 4693 3408 4747 tollam

157 4790 297 4847 εἶδεν
328 4795 410 4846 ὅτι
446 4793 596 4860 λέγει
627 4790 776 4858 αὐτῷ
806 4807 890 4852 τις
920 4787 1288 4856 λευχειμονῶν
1312 4803 1325 4816 ·
1349 4785 1482 4838 Ἰδοὺ
1513 4785 1603 4837 τὸν
1640 4787 1734 4854 μὲν
1771 4787 1812 4840 1)
1845 4780 2180 4849 propediem.

157 4887 498 4954 πατέραοου
531 4882 736 4937 ἄλυπον
768 4881 1023 4964 ἐποίησμ,
1067 4879 1165 4952 τὴν
1194 4879 1256 4930 δὲ
1286 4875 1517 4945 γύναῖκά
1546 4893 1638 4929 σου
1681 4881 1738 4930 ὲν

155 4979 379 5041 ταύταις
409 4974 925 5046 προσλαμϐάνομαι.

225 5077 331 5138 κγ’.
378 5067 750 5138 Ἐξηγήσαντο
769 5063 862 5118 οὖν
888 5062 1137 5131 ἀλλήλοις
1165 5062 1200 5114 ἃ
1227 5061 1536 5131 ἐθεώρησαν
1561 5061 1737 5130 ἀμφό-

153 5178 328 5233 τεροι,
359 5159 456 5239 καὶ
474 5157 772 5228 ἐχάρησαν,
802 5155 897 5207 καὶ
936 5153 1214 5224 εὐφράνθη
1243 5152 1423 5204 αὐτῶν
1456 5154 1488 5221 ἡ
1519 5151 1735 5222 καρδία.

156 5255 268 5306 Καὶ
301 5252 437 5315 τέως
469 5250 533 5301 ὲκ
559 5247 654 5300 τοῦ
678 5244 940 5314 λογισμοῦ
970 5243 1079 5297 τῶν
1102 5245 1306 5310 γονέων
1328 5244 1510 5296 αὐτῶν
1536 5243 1737 5306 εὐθέως

155 5343 441 5410 ὲκοῦφισεν
474 5340 672 5400 αὐτοὺς
702 5338 730 5388 6
760 5337 914 5399 Θεὸς.
950 5336 1059 5389 Καὶ
1099 5335 1290 5387 λοιπὸν
1325 5338 1384 5386 ἐν
1412 5335 1596 5387 ἀνέσει
1627 5335 1730 5386 ὑπο

156 5437 323 5504 ἦρχον
353 5433 485 5503 μηδὲ
515 5432 651 5492 ὅλως
675 5429 1002 5496 λυπούμενοι
1039 5428 1168 5497 περὶ
1207 5426 1408 5479 αὐτῶν.
1434 5426 1573 5478 Ἀλλ’
1595 5427 1729 5478 ἀπό-

156 5547 258 5590 νως
296 5527 391 5580 καὶ
428 5526 636 5585 ἀόκνως
663 5521 754 5574 τὸν
801 5521 900 5589 τῆς
948 5520 1231 5588 ἀσκήσεως
1270 5517 1366 5570 καὶ
1399 5517 1626 5585 ἡσυχεας
1655 5517 1733 5570 δι-

1910 5071 1999 5124 23.
2043 5071 2242 5139 Igitur,
2285 5087 2406 5141 qua:
2459 5073 2692 5142 quisque
2746 5067 3143 5138 contemplatus
3210 5067 3403 5129 fuerat,

1839 5161 1976 5214 alter
2017 5162 2168 5216 alteri
2218 5163 2513 5227 narrabat;
2545 5172 2602 5218 et
2634 5161 2960 5233 gaudebant,
3005 5169 3062 5214 et
3087 5172 3184 5212 cor
3212 5173 3401 5211 eorum

1840 5251 2203 5304 exhilaratum
2233 5261 2336 5305 est.
2369 5251 2435 5306 Et
2465 5262 2593 5307 tunc
2615 5261 2900 5322 parentum
2931 5265 3056 5303 cura
3098 5247 3279 5303 statim
3325 5248 3404 5301 le-

1842 5340 1988 5393 vavit
2031 5340 2148 5393 illos
2185 5338 2369 5406 Deus;
2414 5352 2469 5396 et
2518 5341 2867 5410 imposterum
2911 5354 3031 5393 eam
3081 5337 3403 5399 omiserunt,

1842 5432 1978 5483 nihil
2005 5446 2227 5499 prorsus
2251 5431 2319 5485 de
2348 5432 2479 5500 ipsis
2499 5432 2748 5487 dolentes
2774 5450 2788 5496 ;
2821 5431 2914 5484 sed
2942 5429 3059 5484 sine
3085 5428 3328 5481 molestia
3352 5437 3405 5481 et

1842 5523 2091 5592 segnitia,
2130 5524 2541 5578 exercitationis
2592 5532 2644 5578 et
2687 5523 2887 5578 silentii
2930 5534 3150 5575 cursum
3184 5531 3409 5588 perage-

1673 5633 1898 5691 ΝΟΤᾸΞ.

225 5741 335 5804 (26)
370 5738 647 5806 lnlerpres
687 5731 828 5801 apud
868 5728 1093 5806 ﬁndunt
1116 5727 1242 5806 legit
1269 5726 1321 5778 in
1350 5739 1576 5778 numero
1612 5727 1729 5777 sin-

159 5797 327 5880 gulari
385 5797 685 5878 paret-stem,
724 5797 1113 5855 'coul'ormiter
1153 5797 1218 5848 ad
1259 5811 1341 5851 ea.
1400 5810 1520 5863 qua:
1560 5809 1723 5863 Sup'a

1841 5742 1964 5793 cap.
1988 5729 2048 5801 gl,
2091 5728 2182 5782 ubi
2226 5726 2751 5801 narratur_Joaunes
2781 5727 2964 5801 fuisse
2988 5726 3257 5801 ἀμήτωρ..
3296 5719 3403 5801 Νςί

1838 5813 1932 5864 per
1954 5799 2012 5848 τὸ
2053 5806 2330 5866 parentes,
2361 5798 2449 5852 hic
2483 5798 2717 5851 fortasse
2749 5798 3126 5865 significentur
3152 5798 3336 5847 amici.
