4118 6432
149 410 266 476 ΠΟῙ

1428 406 1600 466 VITA
1632 404 1691 464 S.
1729 403 1872 463 SYM
1885 403 2134 468 EONIS.

3251 406 3385 471 1702

204 529 297 574 κε’,
334 517 646 581 Γινώσκεις,
703 518 872 589 Κύριε
897 558 909 582 ,
956 521 1128 585 πόσην
1174 516 1410 570 ἀῦπνίαν
1438 516 1705 583 ἐκτήσατο

1878 513 1967 567 25.
2011 513 2180 577 Nosti,
2239 514 2486 581 Domine,
2538 524 2803 586 quantum
2850 515 3090 587 vigilarit
3132 521 3385 574 noctibus

136 613 270 667 κατὰ
301 610 481 663 πᾶσαν
518 608 686 662 νύκτα
722 609 1140 678 μνημονεύουσα
1165 609 1262 678 τῆς
1281 607 1420 676 ἐμῆς
1436 605 1706 675 νεότητος,

130 705 278 768 ἐξότε
346 701 517 772 αὐτὴν
567 698 949 766 ἐγκατέλιπον.
997 701 1068 753 Σὺ
1103 696 1273 762 οἶδας,
1316 698 1585 761 Δέσποτα,
1613 695 1710 747 πό-

132 812 227 858 σας
267 795 468 856 νύκτας
515 792 774 861 ἐποίησεν
821 792 1046 854 ἄϋπνος,
1113 788 1354 860 ζητοῦσα
1386 790 1447 841 τὸ
1488 803 1710 854 συγκοι-

129 889 383 959 μώμενον
408 888 545 956 αὐτῇ
577 885 870 956 πρόϐατον.
914 884 1006 955 Μὴ
1047 883 1303 953 ὲπιλάθῃ,
1332 881 1704 952 φιλάνθρωπε,

129 976 240 1042 οἷος
264 981 424 1041 πόνος
458 979 622 1047 αὐτῆς
671 978 914 1049 περιεῖχε
958 977 1056 1045 τὴν
1100 975 1347 1045 καρδίαν,
1387 974 1476 1027 ὅτε
1505 972 1575 1025 τά
1601 972 1710 1042 ἐμὲ

128 1075 326 1144 ἱμάτια
360 1070 638 1140 θεωροῦσα
667 1070 954 1140 ἐστήσατο,
988 1067 1077 1121 διὰ
1127 1067 1191 1120 τὸ
1227 1066 1426 1137 μηκέτι
1454 1062 1589 1118 εἷναι
1619 1063 1710 1115 τὸν

128 1164 480 1235 μαργαρίτην
534 1163 703 1232 αὐτῆς
733 1162 824 1214 τὸν
867 1159 1042 1214 ταῦτα
1073 1158 1445 1229 ὲνδυνόμενον.
1478 1159 1709 1228 Μνημό-

122 1273 344 1320 νευσον,
376 1256 642 1318 Δέσποτα,
675 1253 757 1307 ὅτι
799 1253 899 1322 τὴν
922 1251 984 1316 ἐξ
1029 1251 1166 1320 ἐμοῦ
1214 1249 1586 1322 παραμυθίαν,
1615 1251 1710 1303 καὶ

123 1349 324 1419 χαράν,
343 1347 437 1400 καὶ
469 1345 788 1413 ἀγαλλίασιν
814 1343 1086 1414 ὶστέρησα
1108 1342 1448 1414 αύτὴν-(28),
1505 1342 1594 1396 ἴνα
1626 1358 1710 1395 σοι

121 1439 205 1506 τῷ
229 1436 352 1507 ἐμῷ
372 1435 468 1490 καὶ
485 1435 655 1505 αὐτῆς
681 1433 802 1504 Θεῷ
815 1436 908 1487 καὶ
924 1435 1167 1505 Δεσπότῃ
1196 1434 1303 1487 τῶν
1319 1434 1570 1487 ἁπάντων
1590 1434 1710 1487 δου-

121 1529 329 1582 λεύσω.
362 1529 461 1591 Δὸς
514 1527 650 1597 αὐτῇ
699 1526 963 1594 ἀγγέλους
1003 1525 1372 1590 διασώζοντας
1409 1524 1581 1594 αὐτῆς
1609 1525 1710 1594 τὴν

120 1619 306 1690 Ψυχὴν
342 1623 404 1672 ἐκ
450 1618 558 1672 τῶν
616 1619 945 1688 πνευμάτων
999 1619 1096 1672 καὶ
1144 1617 1350 1688 θηρίων
1401 1617 1496 1670 τοῦ
1549 1617 1710 1688 ἀέρος

122 1713 323 1765 τούτου
356 1711 466 1764 τῶν
499 1711 752 1782 πονηρῶν
778 1711 876 1764 καὶ
917 1711 1321 1780 άνελεημόνων,
1365 1711 1474 1763 τῶν
1495 1711 1709 1779 ἐπιχει-

1811 603 2058 673 singulis,
2095 608 2149 658 in
2176 606 2498 659 memoriam
2531 621 2796 661 revocans
2814 607 3159 676 iuventutem
3187 624 3384 670 meam,

1809 711 1874 749 ex
1907 711 2015 765 quo
2049 698 2218 766 ipsam
2249 697 2535 768 dereliqui.
2555 696 2726 760 Nosti,
2757 699 3004 764 Domine,
3031 709 3165 770 quot
3197 711 3387 756 noctes

1810 787 2024 842 duxerit
2053 789 2351 854 insomnes,
2381 799 2634 859 quaerens
2669 806 2851 854 ovem,
2884 808 3005 860 qua:
3037 808 3220 848 secum
3254 794 3386 847 dor-

1809 878 2036 932 miebat.
2090 879 2171 934 Ne
2223 880 2566 946 obliviscere,
2622 882 2856 954 benigne
2923 882 3085 948 Deus,
3148 895 3386 954 quantus

1808 969 1963 1023 dolor
1989 985 2085 1024 cor
2127 971 2246 1041 ejus
2300 974 2611 1044 pupugerit,
2637 976 2853 1043 quando
2881 974 2934 1029 in
2964 975 3199 1029 vestium
3241 991 3388 1030 mea-

1811 1077 1930 1115 rum
1990 1063 2449 1132 contemplatione
2496 1064 2672 1119 deﬁxa
2721 1066 2900 1132 hzesit,
2953 1067 3081 1135 quia
3135 1066 3386 1135 nuspiam

1808 1167 1928 1212 erat
1946 1159 2236 1229 margarita
2261 1159 2401 1228 ejus,
2432 1160 2584 1214 hisce
2611 1159 2762 1214 indui
2785 1168 3066 1215 consueta.
3090 1159 3385 1223 Memento,

1814 1248 2059 1312 Domine,
2107 1249 2254 1318 quod
2295 1251 2466 1320 ipsam
2510 1251 2730 1318 solatio,
2783 1253 3002 1322 gaudio,
3041 1262 3096 1307 et
3143 1255 3388 1308 exsulta-

1807 1340 1975 1404 tione,
2007 1356 2127 1410 qua!
2182 1357 2248 1396 ex
2304 1357 2393 1396 me
2439 1343 2712 1411 sperabat,
2757 1342 3105 1412 privaverim,
3151 1354 3214 1399 ut
3264 1345 3385 1408 tibi,

1809 1440 1863 1484 et
1899 1446 2042 1496 meo,
2079 1441 2136 1487 et
2162 1432 2335 1503 ipsius
2365 1433 2476 1488 Deo
2502 1449 2566 1489 ac
2593 1434 2824 1490 Domino
2853 1436 3231 1491 universorum
3259 1453 3380 1491 ser-

1809 1522 2001 1577 virem.
2026 1522 2102 1578 Da
2134 1525 2182 1579 ei
2206 1523 2450 1595 angelos,
2477 1527 2570 1596 qui
2613 1527 2850 1582 animam
2903 1528 3076 1597 ipsius
3101 1540 3322 1584 servent
3357 1547 3386 1584 a

1810 1616 2091 1684 spiritibus
2137 1627 2196 1672 et
2245 1618 2379 1674 feris
2426 1618 2680 1690 malignis
2713 1622 2874 1676 aeriae
2925 1623 3090 1691 hujus
3126 1624 3386 1694 regionis,

1809 1726 1928 1778 quae
1960 1712 2078 1766 sine
2102 1712 2478 1769 misericordia
2506 1725 2779 1770 conantur
2811 1717 3074 1772 devorare
3099 1726 3357 1773 transeuu
3375 1749 3391 1760 -

124 1802 373 1872 ρούντων
402 1804 690 1855 καταπιεῖν
719 1801 927 1863 πάντας
967 1803 1094 1864 τοὺς
1120 1801 1188 1854 δι’
1220 1800 1402 1854 αὐτῶν
1430 1817 1709 1870 παρερχο-

1818 1807 1916 1852 tes.
1956 1800 2200 1864 Domine,
2232 1801 2483 1868 Domine,
2514 1805 2703 1859 emitte
2750 1806 3006 1860 custodes
3053 1806 3244 1870 fortes,
3296 1809 3386 1875 qui

128 1894 347 1962 μένους.
371 1893 786 1958 Ἐξαπὸστειλον
807 1893 967 1964 αὐτῇ,
993 1892 1190 1963 Κύριε,
1235 1891 1438 1962 Κύριε,
1468 1891 1714 1960 φύλακας

130 1987 392 2056 ἰσχυροὺς
406 1985 775 2053 ἐπιτιμῶντας
807 1985 964 2056 πάσῃ
983 1985 1280 2055 ἀκαθάρτῳ
1305 1983 1554 2054 δυνάμει.
1582 1985 1716 2036 Συνο

129 2079 345 2149 αντήση
383 2078 518 2150 αὐτῇ
542 2077 636 2132 καὶ
666 2077 889 2141 ἀλύπως
919 2079 1014 2131 καὶ
1052 2077 1452 2140 ἀϐασανίστως.
1501 2077 1560 2129 '0
1583 2076 1715 2137 Θεός

135 2182 266 2235 μου,
282 2166 537 2219 κέλευσον
553 2166 980 2238 διαχωρισθῆναι
1005 2167 1176 2237 αὐτῆς
1204 2168 1303 2237 τὴν
1331 2166 1509 2238 ψυχὴν
1531 2170 1594 2220 ὲκ
1620 2166 1712 2220 τοῦ

134 2260 409 2330 σώματος,
440 2262 532 2314 καὶ
554 2261 606 2314 εί
640 2278 691 2316 τι
715 2261 789 2325 ὡς
813 2260 952 2333 γυνὴ
975 2262 1034 2315 ὲν
1054 2260 1272 2333 ἐργῳ,ἢ
1298 2262 1442 2333 λόγῳ
1464 2262 1716 2332 ἥμαρτεν

129 2354 190 2402 ὲν
217 2351 356 2420 τῷδε
395 2351 470 2421 τῷ
504 2352 623 2422 βίῳ,
655 2353 1010 2424 συγχώρησον
1059 2356 1123 2422 τῇ
1166 2353 1312 2423 ψυχῇ
1356 2353 1547 2422 αὐτῆς,
1573 2352 1713 2421 ὑπὲρ

131 2442 234 2509 τῆς
290 2442 500 2505 θυσίας,
550 2438 618 2514 ἦς
677 2444 986 2512 ἐγέννησεν,
1025 2445 1118 2497 καὶ
1174 2445 1549 2514 προσήνεγκεν
1597 2461 1715 2509 σοι,

134 2539 402 2598 Δέσποτα,
427 2537 527 2606 ἐμὲ
551 2537 642 2590 τὸν
695 2536 914 2601 ἀνάξιον
952 2537 1140 2590 δοῦλόν
1179 2554 1296 2602 σου,
1343 2539 1452 2602 ναὶ,
1489 2535 1661 2608 Κύριε
1689 2540 1718 2590 6

135 2627 272 2688 Θεός
305 2645 429 2696 μου,
477 2628 506 2680 ὀ
557 2628 762 2692 δίκαιος
806 2627 1000 2699 κριτὴς
1045 2629 1138 2680 καὶ⁹
1193 2628 1594 2700 φιλάνθρωπος.
1626 2630 1717 2700 Μὴ

137 2720 458 2790 εἰσενέγκῃς
502 2719 673 2790 αὐτὴν
718 2718 828 2773 ἀπὸ
885 2718 1120 2788 θλίψεως
1149 2720 1229 2783 είς
1255 2720 1454 2790 θλίψιν,
1485 2722 1579 2774 καὶ
1611 2722 1720 2774 ἀπὸ

137 2809 334 2881 ὀδύνης
363 2813 444 2874 είς
471 2811 686 2882 ὀδύνην,
718 2811 829 2866 ἀπὸ
864 2810 1191 2881 στεναγμῶν
1247 2813 1326 2875 εἰς
1357 2814 1717 2882 στεναγμοὺς,

139 2902 256 2955 ἀλλ’
287 2904 407 2956 ἀντὶ
434 2903 633 2970 λύπης,
688 2898 754 2976 ἦς
790 2902 1037 2974 ἐλυπήθη
1067 2903 1152 2958 διὰ
1193 2905 1285 2958 τὸν
1323 2904 1588 2975 μονογενῆ
1621 2906 1720 2958 αύ-

140 2995 264 3063 τῆς,
321 2998 401 3058 είς
452 2997 651 3065 χαρὰν,
706 2996 828 3049 ἀντὶ
876 2996 1126 3066 δακρύων
1157 2996 1236 3058 είς
1279 2996 1602 3064 ἀγαλλίασιν
1622 2998 1721 3065 τὴν

142 3085 555 3155 ἡτοιμασμένην
585 3085 697 3148 τοϊς
721 3083 899 3153 ἁγίοις
947 3100 1064 3148 σου,
1094 3083 1124 3136 6
1169 3083 1324 3148 Θεὸς,
1354 3087 1384 3138 6
1429 3085 1560 3147 Θεὸς
1593 3102 1717 3155 μου,

142 3177 225 3238 είς
244 3176 368 3236 τοὺς
400 3174 623 3238 αἰῶνας.
659 3174 851 3246 ’Δμήν.
949 3178 956 3183 ⁷

214 3271 331 3329 κς’.
360 3264 483 3318 Τῶν
510 3263 691 3318 αὐτῶν
717 3267 781 3318 ιχ
801 3265 900 3334 τῆς
931 3265 1094 3336 εὐχῆς
1124 3264 1262 3334 (29),
1284 3263 1491 3336 ἤρξατο
1514 3267 1541 3319 6
1567 3266 1720 3319 ἀδελ-

145 3359 245 3425 φὸς
287 3357 538 3427 Ἰωάννης
561 3356 1006 3428 παραμυθεῖσθαι
1028 3357 1191 3411 αὑτὸν
1213 3358 1306 3410 καὶ
1327 3358 1504 3426 λέγειν
1524 3378 1538 3391 ο
1566 3358 1720 3422 Ἰδοὺ,

145 3449 342 3519 ἀδελφὲ
370 3449 618 3520 Συμεὼν.
648 3449 1098 3522 ιπληροφόρησέν
1130 3468 1190 3504 σε
1230 3454 1259 3504 6
1291 3452 1445 3515 Θεὸς,
1482 3455 1578 3506 καὶ
1605 3456 1720 3506 είσ-

148 3539 386 3610 ήκουσεν
422 3537 523 3607 τῆς
554 3539 721 3608 εὐχῆς
771 3555 890 3602 σου,
935 3539 1028 3591 καὶ⁵
1081 3540 1450 3610 προσελάϐετο
1489 3541 1587 3612 τὴν
1622 3542 1723 3613 σὴν

151 3630 383 3700 μητέρα.
428 3628 569 3681 ‘AD.’
594 3629 721 3697 ἄρτι
744 3629 1115 3695 συγκοπίασόν
1153 3648 1265 3700 μοι,
1314 3633 1406 3683 καὶ
1438 3632 1724 3702 εύξὼμεθα

147 3720 236 3773 διὰ
255 3720 347 3773 τὸν
375 3719 578 3788 Κύριον
601 3720 651 3771 οί
679 3718 1000 3791 ἀμφότεροι,
1050 3719 1139 3772 ἶνα
1193 3721 1397 3792 ποιήσῃ
1436 3723 1464 3775 6
1510 3721 1640 3786 Θεὸς
1663 3725 1723 3776 τὸ

147 3812 299 3876 [hac
315 3810 500 3876 αὑτοῦ,
556 3811 651 3863 καὶ
697 3811 836 3881 μετά
874 3809 978 3880 τῆς
1022 3809 1162 3864 κατά
1194 3812 1543 3883 συγχώρησιν
1586 3814 1722 3867 Θεοῦ

147 3901 545 3973 ὀνομασθείσης
599 3901 862 3969 γυναικός
916 3917 1039 3971 μου,
1073 3901 1158 3954 ἵνα
1187 3903 1286 3956 καὶ
1325 3902 1495 3974 αὐτὴν
1533 3905 1674 3976 φέρῃ
1697 3907 1725 3959 6

148 3994 283 4056 Θεὸς
311 3995 390 4056 είς
414 3993 672 4062 λογισμὸν
695 3990 787 4045 τοῦ
830 3991 1126 4062 μοναχικοῦ
1145 3994 1447 4063 σχήματος,
1468 3994 1501 4066 ἢ
1523 3997 1725 4068 ποιήσῃ

148 4087 212 4140 τὸ
266 4086 413 4150 ιλεος
457 4084 644 4150 αὑτοῦ,
683 4085 779 4139 καὶ
821 4084 959 4156 λάϐῃ
995 4086 1188 4156 αὐτὴν.
1247 4086 1358 4140 Καὶ
1395 4085 1470 4150 ὡς
1491 4087 1726 4157 ηὔξαντο

149 4178 248 4231 ὀπὶ
284 4177 464 4244 ὀλίγον
519 4176 734 4246 χρόνον,
794 4177 853 4228 ὲν
913 4177 1013 4246 μιᾷ
1053 4176 1210 4228 νυκτὶ
1241 4176 1436 4247 θεωρεῖ
1470 4178 1499 4230 6
1549 4179 1724 4242 ἀϐϐἇς

163 4267 416 4338 Ἰωάννης
474 4267 572 4335 τὴν
632 4265 846 4336 μητέρι
886 4263 980 4317 τοῦ
1028 4263 1251 4332 Συμεὼν
1292 4264 1570 4328 ἐλθοίσαν,
1630 4269 1725 4321 καὶ

149 4363 512 4432 κρατήσασαν
549 4357 648 4427 τῆς
709 4358 893 4428 χειρὸς
955 4356 1056 4426 τῆς
1098 4357 1357 4425 γυναικὸς
1396 4358 1584 4423 αὐτοῦ,
1629 4360 1724 4413 καὶ

150 4454 413 4520 λέγουσαν
443 4453 603 4522 αὐτῇ·
623 4451 875 4514 Ἀνάστα,
900 4447 1128 4517 ἀδελφὴ,
1151 4449 1271 4502 ἐλθὲ
1301 4449 1468 4517 ἐγγύς
1502 4453 1723 4520 μου,ὂτι

150 4544 314 4599 καλὸν
350 4540 496 4596 οἷκον
539 4541 832 4611 ὀχαρίσατό
864 4557 954 4610 μοι
984 4542 1012 4592 6
1036 4539 1287 4608 βασιλεὺς
1325 4543 1353 4594 6
1393 4543 1723 4612 στρατεύσας

151 4636 243 4688 τὸν
271 4634 387 4686 υίόν
413 4632 640 4703 μου,είς
657 4629 903 4684 δουλείαν
955 4628 1144 4682 αὐτοῦ.
1189 4628 1348 4682 Ἀλλά
1383 4628 1612 4694 ἀλλαξον
1651 4631 1722 4684 τά

149 4725 346 4795 ιμάτιά
371 4740 487 4787 σου,
507 4722 602 4774 καὶ
621 4720 850 4790 φόρεσον
873 4718 1015 4772 καθα
1025 4719 1111 4790 ρά.
1131 4719 1243 4772 Καὶ
1261 4720 1465 4791 ἀνέστη
1498 4720 1720 4784 εύθέως,

149 4817 249 4869 καὶ
276 4813 640 4881 ἀκολούθησεν
666 4810 829 4880 αὐτῇ,
861 4809 955 4862 καὶ
977 4809 1118 4877 ἔγνω
1142 4811 1222 4862 ὅτι
1251 4808 1606 4879 ἐτελεύτησεν
1629 4811 1724 4863 καὶ⁸

148 4907 311 4977 αὕτη.
334 4906 430 4959 καὶ
455 4907 538 4958 ὅτι
569 4905 623 4956 αί
646 4901 739 4956 δύο
762 4904 841 4963 εις
873 4901 1036 4954 καλὸν
1066 4900 1228 4954 τόπον
1255 4901 1411 4964 είσὶν,
1436 4903 1529 4954 καὶ
1552 4902 1722 4972 ἐχάρη

149 5001 327 5071 χαρὰν
351 4997 591 5068 μεγάλην
651 4993 876 5064 σφόδρα.
921 4993 1030 5045 Καὶ
1057 4991 1132 5054 ὡς
1174 4990 1481 5045 διετέλεσαν
1511 4994 1590 5055 εἰς
1627 4995 1725 5063 την

149 5095 357 5164 ἔρημον
408 5090 703 5151 ἀσκοῦντες
754 5089 812 5140 ιν
869 5086 1020 5157 πάσῃ
1068 5087 1320 5154 ἀσκήσει,
1350 5085 1448 5138 καὶ
1476 5102 1728 5138 κακοπα-

147 5184 293 5253 θείᾳ,
318 5183 411 5235 καὶ
441 5180 623 5250 ψύχει.
651 5178 746 5232 καὶ
776 5175 1018 5230 καύσωνι
1069 5176 1166 5231 ἐπὶ
1204 5177 1378 5227 εἴκοσι
1426 5175 1582 5228 ὲννέα
1606 5175 1724 5246 ἐτη,

147 5273 378 5333 πολλοὺς
398 5273 491 5324 καὶ
523 5270 761 5338 ἀφάτους
811 5266 1173 5336 πειρασμοὺς,
1219 5265 1610 5334 ὑπομείναντες
1661 5267 1726 5319 ὲκ

145 5365 244 5418 τοῦ
289 5363 559 5427 διαϐόλου,
619 5361 714 5414 καὶ
759 5358 945 5412 τοῦτον
997 5357 1354 5428 νικήσαντες,
1424 5357 1658 5425 μάλιστα
1699 5359 1727 5410 6

1815 1886 2102 1958 increpent
2142 1907 2357 1946 omnem
2409 1894 2674 1964 impuram
2713 1904 3064 1964 potestatem,
3118 1915 3241 1969 qua:
3297 1915 3393 1953 oe.-

1816 1989 2002 2034 currat
2039 1981 2089 2035 ei
2121 1982 2240 2036 sine
2285 1983 2472 2038 dolore
2498 1993 2555 2039 et
2595 1994 2889 2041 tormento.
2941 1987 2986 2044 0
3018 1989 3162 2045 Deus
3194 1995 3386 2046 meus!

1814 2069 1952 2126 Julie
1986 2073 2226 2141 separari
2249 2075 2485 2128 animam
2515 2075 2688 2145 ipsius
2706 2093 2736 2132 a
2762 2093 3012 2149 corpore,
3039 2089 3094 2136 et
3115 2082 3160 2136 si
3187 2082 3391 2152 aliquid

1817 2172 2072 2233 tanquam
2108 2164 2308 2220 femina
2341 2167 2394 2221 in
2431 2184 2597 2238 opere
2640 2171 2723 2225 vel
2760 2186 3017 2228 sermone
3061 2176 3307 2242 peccavit
3335 2177 3390 2229 in

1817 2254 1919 2309 bac
1941 2254 2072 2318 vita,
2104 2256 2350 2311 condona
2384 2258 2579 2313 animae
2601 2257 2741 2329 ejus,
2773 2270 2997 2330 propter
3023 2263 3348 2318 sacriﬁcium
3374 2282 3389 2318 ι

1816 2346 1961 2415 quod
1999 2347 2206 2417 genuit,
2238 2355 2293 2403 et
2326 2348 2446 2413 tibi,
2481 2349 2725 2416 Domine,
2755 2351 2975 2418 obtulit,
3001 2369 3088 2407 me
3109 2353 3391 2425 indignum

1819 2453 2035 2492 servum
2062 2447 2236 2506 tuum,
2271 2441 2461 2509 utique
2483 2478 2499 2504 ,
2527 2439 2755 2496 Domine
2803 2442 2946 2498 Deus
2982 2459 3158 2506 meus,
3185 2444 3278 2514 qui
3303 2445 3395 2515 ju-

1818 2541 1936 2589 stus
1960 2547 2020 2588 es
2056 2532 2224 2602 judex
2259 2543 2315 2588 et
2351 2534 2637 2605 benignus.
2671 2532 2750 2589 Ne
2777 2535 2917 2590 illam
2945 2536 3174 2591 inducas
3201 2537 3270 2593 de
3300 2540 3395 2592 tri-

1819 2623 2096 2678 bulatione
2123 2624 2177 2677 in
2198 2623 2633 2688 tribulationem,
2652 2624 2719 2678 de
2742 2625 2928 2678 dolore
2958 2625 3012 2678 in
3033 2625 3299 2693 dolorem,
3326 2628 3394 2682 de

1821 2715 2112 2786 gemitibus
2158 2716 2214 2769 in
2265 2716 2540 2786 gemitus;
2581 2716 2676 2770 sed
2711 2731 2742 2769 a
2769 2715 2980 2783 dolore,
3015 2732 3126 2786 quo
3172 2727 3396 2788 prepter

1823 2806 1989 2861 lilium
2017 2822 2175 2861 suum
2216 2807 2558 2876 unigenitum
2603 2807 2797 2874 doluit,
2838 2807 2892 2861 in
2946 2799 3225 2879 gaudium,
3253 2824 3284 2862 e
3313 2809 3393 2862 la-

1820 2899 2019 2968 crymis
2054 2898 2108 2952 in
2151 2899 2592 2964 exsultationem,
2637 2907 2992 2968 praparatam
3023 2901 3228 2956 sanctis
3261 2902 3392 2966 tuis,

1821 3005 1854 3044 ο
1889 2990 2051 3054 Deus,
2075 3005 2109 3044 o
2141 2987 2286 3044 Deu's
2316 3004 2492 3056 meus,
2512 2989 2570 3044 in
2601 2990 2818 3045 saecula.
2846 2989 3040 3048 Amen.

1892 3251 1982 3304 26.
2003 3249 2178 3307 Finita
2196 3253 2467 3320 oratione,
2484 3255 2654 3325 ccepit
2675 3254 2842 3311 frater
2854 3254 3097 3312 Joannes
3119 3260 3394 3314 consolari

1823 3342 2098 3412 ipsum,ac
2114 3344 2296 3400 dicere
2322 3363 2336 3398 :
2362 3346 2519 3411 Ecce,
2540 3347 2707 3403 lrater
2738 3346 2995 3420 Symeon,
3030 3352 3172 3406 votis
3201 3355 3400 3408 annuit

1823 3433 1987 3499 Deus,
2012 3434 2286 3490 exaudivit
2307 3437 2610 3492 orationem
2633 3447 2873 3503 tuam,et
2891 3448 3120 3494 matrem
3143 3451 3292 3496 tuam
3313 3458 3400 3495 as-

1823 3527 2078 3595 sumpsit.
2098 3526 2201 3581 Sed
2223 3537 2277 3582 tu
2302 3544 2451 3582 nunc
2468 3527 2670 3584 laboris
2688 3530 2741 3584 in
2760 3542 2968 3600 partem
2986 3548 3199 3587 mecum
3217 3549 3327 3594 eas.
3343 3544 3402 3588 et

1821 3632 2040 3671 oremus
2063 3657 2079 3681 ,
2114 3627 2334 3688 propter
2355 3617 2665 3687 Dominum,
2709 3622 2891 3684 ambo,
2927 3629 2984 3676 ut
3010 3622 3152 3678 Deus
3183 3639 3401 3693 quoque

1823 3707 1985 3762 faciat
2013 3710 2442 3766 miscricordiam
2469 3727 2626 3767 suam
2672 3729 2796 3767 cum
2845 3713 2957 3775 illa,
3000 3729 3142 3783 quat,
3177 3716 3289 3768 Deo
3318 3717 3402 3768 in-

1824 3799 2099 3870 dulgente,
2133 3816 2269 3855 uxor
2303 3816 2424 3855 mea
2454 3811 2541 3856 est
2573 3811 2787 3868 vocata,
2816 3813 2873 3858 ut
2898 3819 3016 3857 eam
3060 3819 3277 3873 quoque
3330 3807 3400 3861 ad

1824 3892 2106 3946 monastic:
2139 3892 2356 3948 habitus
2379 3893 2691 3948 institutum
2729 3894 2968 3957 inducat,
2999 3904 3095 3949 aut
3119 3895 3401 3951 faciatmi-

1825 3985 2179 4039 sericordiam
2217 4002 2394 4050 suam,
2437 3995 2493 4041 et
2527 3995 2768 4041 assumat
2796 3987 2988 4056 ipsam.
3035 3988 3214 4042 Pauco
3258 3999 3400 4043 tem-

1825 4095 1955 4149 pore
2007 4079 2264 4149 precibus
2315 4080 2467 4144 dato,
2524 4089 2683 4134 nocte
2734 4080 2968 4150 quadam
3022 4081 3171 4136 videt
3217 4068 3401 4136 abbas

1822 4170 2062 4226 Joannes
2091 4180 2316 4226 matrem
2350 4170 2634 4242 Symeonis
2663 4172 2994 4230 venientem,
3023 4187 3086 4224 ac
3121 4181 3400 4226 tenentem

1824 4261 2007 4314 UXM‘lS
2048 4261 2167 4329 ejus
2209 4276 2449 4325 manum,
2490 4269 2544 4315 et
2583 4260 2855 4314 dicentem
2897 4279 2909 4314 :
2974 4259 3169 4332 Surge,
3221 4278 3396 4327 soror,

1824 4352 2019 4406 acoede
2073 4352 2296 4420 pr0pius
2355 4353 2422 4405 ad
2479 4367 2599 4416 me;
2648 4352 2776 4420 quia
2837 4352 3120 4422 pulchram
3175 4355 3398 4409 donnum

1757 4477 1802 4536 υ
1828 4442 2048 4495 donavit
2077 4441 2206 4494 mihi
2242 4456 2356 4505 rex,
2387 4441 2479 4511 qui
2516 4441 2684 4494 lilium
2733 4456 2914 4495 meum
2962 4443 3172 4496 militia:
3205 4458 3317 4498 sua:
3346 4453 3402 4498 et

1831 4534 2055 4588 servitio
2099 4531 2368 4601 ascripsit.
2413 4535 2480 4585 At
2518 4541 2700 4587 vestes
2726 4541 2846 4587 tuas
2873 4543 3045 4596 muta,
3073 4541 3128 4587 et
3168 4536 3402 4590 mundas

1828 4622 2013 4676 indue.
2045 4620 2110 4675 Et
2142 4619 2229 4674 illa
2278 4621 2534 4682 surrexit,
2574 4620 2772 4689 inquit,
2813 4619 3084 4689 protinus,
3112 4631 3168 4674 et
3211 4632 3399 4678 secuta

1829 4711 2000 4780 ipsam
2035 4709 2152 4763 fuit.
2186 4709 2250 4762 Et
2281 4708 2533 4778 cognovit
2555 4706 2838 4778 [Joannes]
2862 4707 3006 4776 quod
3037 4708 3151 4776 ipsa
3182 4724 3402 4778 quoque

1829 4809 2058 4853 mortem
2083 4799 2325 4862 obiisset,
2352 4806 2406 4850 et
2426 4796 2567 4866 quod
2593 4796 2765 4849 ambae
2797 4795 2850 4848 in
2879 4796 3024 4850 bono
3045 4797 3164 4850 loco
3195 4806 3399 4863 essent;

1829 4908 1884 4954 et
1905 4897 2121 4968 gavisus
2152 4895 2252 4949 fuit
2273 4893 2466 4965 gaudio
2499 4907 2694 4963 magno
2717 4892 2893 4946 valde.
2920 4892 3094 4961 Atque
3120 4893 3190 4945 ita
3220 4908 3404 4960 perse-

1832 4997 2089 5043 verarunt
2119 4987 2172 5040 in
2213 5001 2396 5039 eremo
2425 4993 2740 5037 exercentes
2768 4998 2825 5036 se
2854 4983 2907 5036 in
2934 4983 3083 5037 omni
3133 4983 3403 5036 exercita-

1830 5083 1995 5145 tione,
2028 5080 2336 5142 tolerantia,
2376 5077 2592 5147 frigore,
2623 5085 2678 5129 et
2727 5085 2883 5138 :estu,
2918 5091 3016 5144 per
3068 5076 3260 5146 viginti
3304 5092 3404 5129 no-

1829 5192 1947 5229 vem
1993 5188 2186 5233 annos,
2219 5173 2524 5239 multisque
2566 5180 2622 5224 et
2668 5169 3077 5238 inexplicabiles
3124 5170 3404 5222 sustinue—

1831 5275 1958 5320 runt
2007 5280 2035 5316 a
2088 5263 2306 5316 diabolo
2348 5261 2694 5314 tentationes.
2753 5262 2819 5315 Et
2865 5261 3010 5315 hunc
3055 5268 3403 5328 superarunt,

1835 5356 2066 5411 maxime
2095 5370 2224 5408 vero
2258 5351 2512 5422 Symeon,
2543 5368 2639 5421 per
2666 5366 2806 5413 eam,
2843 5368 2950 5420 qua
2990 5351 3246 5420 pollebat,
3282 5351 3408 5404 vilze

1646 5496 1874 5552 NOT/E.

149 5622 442 5693 ιστέρησα.
475 5618 734 5693 Exempla
781 5617 983 5693 passim
1037 5625 1165 5693 sunt
1205 5617 1386 5693 obvia,
1425 5625 1486 5670 ut
1540 5617 1728 5693 videre

1835 5617 2049 5688 gemino
2069 5613 2364 5688 accusandi
2403 5628 2552 5676 casu,
2597 5622 2783 5666 contra
2818 5626 2978 5680 quam
3008 5609 3123 5664 ﬁeri
3167 5625 3413 5664 commu-

144 5704 236 5747 (πει
283 5685 424 5761 apud
478 5685 796 5761 Gretseruni
841 5689 936 5742 lib.
982 5704 1017 5741 ll
1084 5689 1484 5742 lnatitutionum
1538 5688 1730 5756 linguae
1835 5685 2160 5761 niter_so_lc_t.

147 5760 516 5838 Crteqr.__cap.
556 5760 640 5812 10.
782 5829 808 5838 _
953 5829 962 5838 _
1095 5829 1108 5838 _
1137 5829 1149 5838 .
1374 5837 1379 5838 ί
1460 5827 1471 5838 ,

219 5833 329 5899 (28,-
366 5831 599 5885 Verbum
643 5829 838 5900 περῶ,
879 5829 1045 5897 priva,
1095 5829 1185 5882 hic
1231 5829 1567 5883 construitur
1599 5843 1724 5882 cum

1909 5756 2019 5824 (29)
2049 5755 2168 5806 Τῶν
2196 5753 2371 5806 αὐτῶν
2398 5755 2460 5805 ὲκ
2487 5754 2584 5824 τῆς
2609 5751 2794 5821 εὐχῆς.
2817 5749 3021 5824 Sensus
3055 5758 3137 5824 est
3164 5749 3406 5824 mutilus,

1842 5819 1946 5880 nisi
1986 5819 2340 5880 subaudiatur
2381 5819 2737 5890 ἀνεστώτων,
2768 5831 2859 5876 aut
2896 5821 3024 5886 quid
3070 5819 3268 5873 simile.
