4118 6432
164 369 293 434 1705

1409 373 1586 435 VITA
1625 374 1684 435 S.
1724 375 2129 439 SYMEONIS.

3294 382 3428 449 Ποῦ

151 480 279 544 Θεὸς
306 481 394 535 καὶ
418 483 472 535 αἱ
503 481 650 551 εὖχιί
683 498 774 534 ora
814 481 1075 544 σώζουσίν
1101 500 1198 552 μεμ
1217 484 1386 537 Πάλιν
1408 480 1502 537 οῦν
1526 483 1729 554 ἤρξατο

1844 487 1978 540 sicut
1999 503 2100 542 nec
2129 503 2229 557 ego
2258 490 2333 544 tui
2367 489 2679 556 obliviscar;
2703 499 2759 547 et
2780 488 2945 555 Deus,
2975 506 3078 546 nec
3103 508 3211 548 non
3239 509 3429 564 preces

151 575 423 627 νουθετεῖν
464 574 625 628 αὑτὸν
665 577 692 628 ὁ
720 575 949 642 ἁδελφὸς
992 575 1157 628 αὐτοῦ
1183 577 1273 629 καὶ
1303 576 1503 644 λέγειν·
1535 576 1728 639 Βλέπε,

149 664 447 732 ἁστράλισαι
510 665 756 729 σεαυτὸν,
805 665 1002 734 ἁδελφὲ
1069 665 1330 735 Συμεὼν,
1371 667 1458 718 ’ίνα
1508 667 1582 736 μὴ
1632 667 1731 718 ὅσα

152 753 383 823 συνῆξεν
446 755 478 824 ἡ
524 754 731 825 ἔρημος
759 795 774 818 ,
821 756 1096 828 σκορπίσῃ
1147 756 1175 806 ὁ
1221 756 1462 825 κόσμοςο
1501 757 1594 808 καὶ
1633 756 1734 808 ὅσα

149 846 435 916 ὠφέλησεν
481 850 515 918 ἡ
561 848 760 918 ἡσυχία
791 890 805 914 ,
854 847 1032 922 βλάσᾷσῃ
1087 851 1119 919 ἡ
1185 851 1397 920 ταραχή
1427 867 1441 880 ο
1495 851 1586 903 καὶ
1634 851 1733 902 ὅσα

147 935 382 1006 ἤνεγκεν
401 939 431 1006 ἡ
449 939 748 1008 ἀγρυπνία,
771 940 859 993 διὰ
876 939 1046 992 ὕπνου
1075 941 1366 1011 ἀπολέσῃς.
1387 942 1730 1008 Ἀσςρᾱιλισαι,

146 1029 372 1097 ἁδελφὲ,
400 1030 475 1099 μὴ
495 1031 594 1101 τὴν
623 1033 980 1101 σωφροσύνην
996 1032 1090 1086 τοῦ
1119 1023 1416 1103 μοναχικοῦ
1447 1034 1736 1105 διαφθείρῃ

146 1121 271 1190 βίου
304 1124 337 1192 ὴ
369 1124 552 1192 ἀπάτη
585 1125 692 1177 τῶν
730 1126 1033 1195 κοσμικῶν.
1074 1127 1248 1179 Βλέπε
1290 1128 1366 1196 μὴ
1397 1127 1489 1179 τὸν
1523 1127 1736 1198 καρπίιν

141 1213 250 1282 τῆς
288 1216 598 1286 στερήσεως
649 1216 761 1269 τῶν
809 1217 1127 1284 γυναικῶν,
1168 1215 1228 1283 ἐξ
1255 1211 1332 1270 ὧν
1372 1234 1431 1270 σε
1477 1217 1681 1271 ἔσωσεν
1710 1219 1738 1270 ὁ

139 1303 282 1365 Θεὸς
307 1304 413 1366 ἕως
446 1308 708 1377 σήμερον,
736 1307 983 1381 ἀπολέσῃ
1003 1310 1036 1378 ή
1082 1308 1200 1376 μετ’
1247 1308 1429 1362 αὐτῶν
1458 1309 1734 1381 δτατρισή.

142 1397 328 1449 Βλέπε
363 1399 440 1469 μὴ
463 1399 560 1468 τὴν
594 1401 1007 1472 ἀκτημοσύνην,
1038 1402 1106 1473 ῆν
1136 1418 1218 1454 σοι
1261 1395 1293 1454 ὅ
1320 1404 1739 1474 ἀναχωρητι>.δς

139 1489 486 1560 προεξένησε
517 1492 650 1562 βίος,
686 1493 1019 1568 διασκεδάσῃ
1061 1496 1094 1564 ἡ
1134 1495 1620 1564 πολυκτημοσύνη,
1662 1497 1735 1568 μή

142 1601 266 1645 πως
310 1584 340 1637 ὃ
382 1585 610 1654 ἔστηξεν
641 1589 677 1658 ἡ
719 1574 947 1657 νηστεία
995 1587 1192 1658 σῶμα,
1228 1590 1449 1661 παχύνῃ
1494 1589 1561 1642 τὰ
1591 1589 1738 1660 βρώ-

145 1694 324 1744 ματα.

220 1769 328 1822 κθ’.
367 1769 562 1836 Βλέπε,
599 1770 822 1838 ἀδελφὲ,
879 1771 953 1842 μή
1008 1791 1126 1836 πως
1159 1775 1258 1844 τὴν
1303 1774 1600 1842 κατάνυξίν
1647 1794 1739 1829 σου

138 1860 426 1935 ἀπολέσῃς
470 1862 558 1916 διὰ
585 1861 679 1916 τοῦ
717 1864 982 1932 γέλωτος,
1015 1867 1111 1919 καὶ
1154 1866 1254 1937 τὴν
1293 1869 1605 1938 προσευχήν
1643 1886 1737 1921 σου

139 1953 237 2008 διὰ
267 1955 366 2024 τῆς
395 1955 660 2025 ἀμελείας
687 1974 806 2010 σουέ
835 1958 1032 2022 Βλέπε,
1051 1960 1377 2029 παρακαλῶ,
1403 1962 1476 2030 μή
1501 1979 1617 2024 πως
1648 1978 1738 2029 γεο

141 2049 352 2112 λῶντος
373 2049 467 2102 τοῦ
500 2050 797 2120 προσώπου
828 2069 948 2114 σου,
983 2053 1368 2124 συνδιαχέηται
1415 2057 1444 2108 ὁ
1465 2055 1589 2119 νοῦς
1621 2072 1736 2120 σου,

144 2141 226 2210 μὴ
262 2138 373 2192 τῶν
421 2140 621 2211 χειρῶν
662 2141 1099 2213 ψηλαφούντων,
1130 2145 1547 2219 συμψηλαφήσῃ
1574 2149 1670 2202 καὶ
1705 2150 1738 2218 ἠ

140 2232 320 2304 ψυχὴ,
355 2234 429 2304 μὴ
459 2236 554 2287 τοῦ
590 2237 862 2306 στόματος
887 2236 1184 2303 ἐσθίοντος,
1229 2239 1538 2311 συνηδυνθῇ
1579 2243 1677 2294 καὶ

144 2328 375 2397 καρδία,
413 2328 487 2400 μὴ
537 2330 648 2382 τῶν
705 2330 885 2393 ποδῶν
933 2331 1285 2402 βαδιζόντων,
1334 2337 1739 2406 συνορχήσηται

144 2422 406 2485 ἀτάκτως
441 2425 595 2494 καὶὴ
628 2424 777 2478 ἔνδον
808 2426 1034 2496 ἡσυχία,
1071 2422 1165 2479 καὶ
1206 2428 1493 2499 συντόμως
1542 2431 1740 2496 εἰπεῖν,

154 2515 234 2584 μὴ
269 2516 370 2568 ὅσα
400 2518 627 2586 πράττει
657 2517 720 2570 τὸ
740 2519 903 2588 σῶμα
931 2519 1155 2584 ἔξωθεν,
1176 2521 1393 2593 πράττῃ
1423 2523 1568 2591 καὶὴ
1596 2523 1741 2591 ψυχὴ

146 2606 375 2660 ἔσωθεν.
410 2611 549 2662 Ἀλλ’
581 2613 626 2662 εἰ
661 2611 755 2663 καὶ
781 2612 916 2675 ὅλως
958 2612 1189 2682 εἴληφας
1225 2615 1290 2666 ὲκ
1322 2613 1458 2667 Θεοῦ
1490 2613 1739 2682 δύναμιν.

147 2699 373 2768 ἀδελφὲ.
406 2701 492 2752 ἵνα
523 2702 624 2755 ὅσα
653 2703 748 2756 ἐὰν
771 2703 832 2756 τὸ
857 2703 1018 2772 σῶμα
1047 2705 1231 2776 πράξῃ
1270 2707 1548 2775 σχήματα,
1584 2706 1616 2776 ἢ
1652 2707 1739 2758 λό-

147 2808 302 2859 γους,
335 2792 367 2863 ἢ
405 2797 730 2864 πράγματα,
757 2795 1017 2864 ἀκίνητος
1050 2796 1148 2848 καὶ
1200 2798 1479 2868 ἀτάραχος
1510 2798 1742 2870 διαμένῃ

147 2887 178 2935 ὁ
218 2884 342 2947 νοῦς
378 2903 471 2938 σου
505 2887 655 2956 καὶή
693 2889 911 2958 καρδία,
950 2890 1046 2941 καὶ
1080 2889 1334 2959 οὐδαμῶς
1379 2889 1486 2943 ὑπὸ
1537 2889 1743 2943 τούτων

155 2975 466 3046 μολύνεται,
498 2978 528 3047 ἢ
563 2978 882 3047 βλάπτεται,
909 2979 1079 3043 ὅντως
1109 2981 1222 3049 ἐγὼ
1274 2983 1370 3034 ἐπὶ
1407 2985 1472 3052 τῇ
1502 2982 1744 3052 σωτηρίᾳ

153 3085 251 3123 σου
291 3071 487 3141 χαίρω.
521 3071 682 3140 μόνον
718 3071 806 3125 ἴνα
833 3071 962 3143 εὔξῃ
993 3071 1070 3142 τῷ
1101 3071 1240 3142 Θεῷ,
1269 3074 1353 3125 ἵνα
1385 3077 1503 3127 ἐκεῖ
1533 3075 1608 3143 μὴ
1632 3093 1740 3142 χω-

1837 588 1942 633 ιιιω
1992 583 2287 635 servabunt
2345 597 2452 635 me.
2511 582 2713 636 lterum
2779 599 2908 653 ergo
2968 600 3194 640 monere
3249 586 3427 656 ipsum

1835 675 2001 743 coepit
2041 675 2207 729 frater
2256 677 2398 746 ejus,
2452 689 2506 733 et
2555 679 2775 734 dicere:
2811 681 2949 736 Vide
2997 690 3059 736 ut
3097 690 3292 737 cautus
3330 682 3425 746 sis,

1837 766 2005 820 frater
2041 768 2302 838 Symeon,
2334 787 2424 835 ne,
2471 773 2737 842 quidquid
2785 775 3004 846 collegit
3039 792 3279 840 eremus,
3311 776 3428 832 dis-

1837 871 2024 931 pergat
2047 864 2316 930 mundus;
2354 865 2614 936 quidquid
2647 869 2924 937 promovit
2975 870 3279 935 silentium,
3333 872 3428 926 Im-

1837 950 1926 1005 dat
1987 954 2294 1018 tumultus;
2352 957 2618 1026 quidquid
2678 969 3154 1030 congregaverunt‘
3209 961 3426 1030 vigiliae,

1838 1059 2066 1098 somnus
2108 1049 2319 1115 perdat.
2365 1049 2534 1114 Cave,
2575 1049 2761 1113 frater,
2823 1068 2891 1106 ne
2945 1052 3069 1106 vitae
3113 1054 3430 1108 monasticm

1840 1136 2295 1202 moderationem,
2343 1139 2530 1192 mundi
2581 1141 2729 1194 fraus
2778 1152 3114 1212 corrumpat.
3162 1143 3297 1199 Vide
3358 1161 3429 1199 ne

1840 1224 2099 1290 fructum,
2134 1246 2296 1299 quem
2348 1232 2639 1302 percepisti
2676 1249 2739 1287 ex
2788 1234 3036 1288 absentia
3082 1235 3430 1302 fetninarum,

1840 1335 1868 1373 a
1895 1322 2094 1390 quibus
2131 1333 2182 1377 te
2215 1325 2480 1379 hactenus
2527 1327 2765 1382 servavit
2810 1327 2972 1388 Deus,
3020 1329 3216 1398 perdat
3248 1329 3431 1385 futura

1840 1429 1962 1467 cum
2011 1415 2092 1468 eis
2130 1419 2495 1472 conversatio.
2534 1420 2666 1474 Vide
2721 1437 2789 1474 ne
2839 1423 3102 1492 inopiam,
3131 1439 3294 1493 quam
3332 1425 3430 1479 tibi

1842 1507 2152 1562 conciliavit
2192 1511 2300 1564 vita
2352 1511 2616 1576 solitaria,
2666 1513 2945 1584 dispergat
2991 1516 3311 1584 opulentia;
3361 1532 3430 1570 te

1841 1600 2023 1655 forsan
2069 1619 2289 1674 corpus,
2326 1606 2470 1675 quod
2510 1605 2792 1662 amictavit
2822 1608 3118 1678 jejunium,
3164 1609 3269 1664 cibi
3329 1611 3432 1665 im-

1842 1693 2124 1763 pinguem.

1915 1786 2004 1840 29.
2048 1786 2204 1848 Vide.
2244 1786 2431 1852 frater,
2469 1804 2538 1843 ne
2568 1790 3049 1860 compunctioncm
3083 1791 3303 1846 amittas
3338 1808 3435 1862 per

1844 1878 2037 1941 risum,
2067 1888 2123 1933 et
2149 1882 2454 1935 orationem
2499 1897 2594 1951 per
2641 1883 3050 1952 negligentiam.
3083 1883 3234 1948 Vide,
3272 1885 3434 1939 obse-

1841 1985 1956 2032 cro,
1996 1987 2088 2032 ne.
2122 1973 2250 2026 dum
2301 1973 2441 2026 ridet
2480 1981 2605 2027 tuus
2649 1974 2854 2039 vultus,
2895 1974 3234 2028 ditfundatur
3277 1991 3434 2031 meus

1843 2072 1975 2130 tua;
2013 2080 2106 2130 ne,
2149 2065 2282 2120 dum
2305 2074 2650 2121 c0utrectant
2687 2082 2901 2130 manus,
2935 2067 3100 2120 simul
3135 2076 3438 2122 contrectat

1842 2157 2051 2223 anima;
2071 2172 2162 2221 ne,
2181 2157 2307 2211 dum
2329 2157 2661 2222 comeditos,
2683 2157 2844 2213 simul
2862 2157 3152 2213 dulcedine
3171 2157 3436 2214 afficiatur

1843 2265 1972 2314 cor;
2006 2266 2098 2315 ne,
2133 2250 2262 2304 dum
2299 2250 2465 2319 pedes
2492 2251 2720 2315 vadunt,
2753 2251 2928 2306 simul
2964 2252 3272 2308 inordinate
3302 2253 3435 2307 sub-

1845 2343 2015 2395 sultet
2071 2342 2293 2395 interna
2356 2343 2516 2412 quies
2569 2351 2626 2397 et
2684 2347 2896 2399 interna
2946 2361 3096 2415 pax:
3147 2356 3332 2414 atque,
3380 2357 3439 2399 ut

1845 2433 1994 2503 pacis
2047 2435 2380 2503 complectar
2418 2436 2624 2501 omnia,
2672 2451 2742 2491 ne
2796 2437 3060 2507 quidquid
3107 2438 3440 2508 agite'orpus

1845 2527 2203 2592 extrinsecus,
2237 2529 2419 2582 anima
2451 2529 2614 2583 etiam
2660 2541 2784 2600 agat
2827 2531 3181 2586 intrinsecus.
3232 2531 3338 2602 Sed
3390 2534 3438 2588 si

1847 2633 2071 2690 prorsus
2107 2638 2136 2676 a
2168 2622 2279 2676 Deo
2311 2623 2568 2692 accepisti
2595 2624 2877 2691 virtutem,
2911 2624 3099 2690 frater,
3137 2634 3214 2693 ut,
3245 2643 3352 2697 quo
3381 2643 3440 2684 se

1848 2732 2064 2786 cunque
2113 2717 2286 2772 modo'
2339 2718 2596 2773 habuerit
2642 2735 2864 2789 corpus,
2923 2729 3020 2775 aut
3069 2736 3284 2788 sermo',
3343 2735 3438 2780 aut

1847 2805 2112 2869 actiones,
2137 2813 2322 2859 careat
2351 2807 2567 2860 animus
2591 2815 2720 2862 tuus
2755 2816 2812 2862 et
2838 2823 2934 2862 cor
2964 2811 3208 2864 motione
3240 2820 3294 2864 et
3315 2826 3442 2880 per-

1851 2898 2190 2962 turbatione;
2243 2910 2297 2952 et
2344 2903 2663 2969 neutiquam
2697 2901 2766 2955 ab
2816 2901 2922 2955 illis
2946 2902 3122 2957 rebus
3166 2904 3444 2974 polluatur

1847 2999 1942 3044 aut
1969 2991 2233 3056 hedatur;
2272 3005 2399 3044 vere
2446 2991 2513 3045 de
2556 3001 2647 3046 tua
2684 2993 2860 3047 salute
2890 2995 3122 3064 gaudeo,
3165 2995 3329 3050 modo
3383 3009 3443 3050 ιι

1851 3083 2019 3136 Deum
2051 3098 2195 3144 ores,
2237 3097 2307 3135 ne
2352 3082 2445 3138 hic
2467 3098 2568 3137 nos
2608 3084 2840 3139 alterum
2897 3085 2965 3139 ab
2995 3084 3168 3141 altero
3199 3095 3437 3155 separet.

133 3163 297 3234 ptiar;
327 3165 475 3232 ἡμᾶς
500 3163 558 3226 ἐξ
593 3164 822 3218 ἑαυτῶν.
846 3165 981 3218 Τότε
1009 3165 1160 3233 λέγει
1200 3165 1349 3236 αὐτῷ
1377 3168 1405 3219 ὁ
1434 3167 1608 3230 ἀῆὀᾱς
1640 3168 1737 3218 Συ-

1849 3176 2004 3232 Tunc
2053 3178 2184 3232 dicit
2230 3176 2279 3231 ei
2321 3176 2489 3231 abbas
2527 3175 2808 3247 Symeou:
2858 3178 2938 3233 Ne
2998 3179 3210 3244 timeas,
3273 3181 3442 3236 frater

158 3257 336 3327 μεών·
389 3257 481 3325 Μὴ
538 3257 801 3327 φοϐηθῇς,
862 3257 1058 3325 ἀδελφὲ
1092 3258 1342 3327 Ἰωάννη·
1389 3259 1452 3311 οὐ
1493 3259 1603 3330 γὰρ
1645 3259 1738 3312 ἀπ’

154 3347 396 3417 ιμαυτοῦ
426 3347 584 3400 τοῦτο
607 3348 869 3417 βούλομαι
901 3350 1128 3420 πρᾶξαι,
1171 3348 1308 3401 ἀλλὰ
1338 3348 1432 3401 τοῦ
1477 3348 1611 3401 Θεοῦ
1646 3366 1740 3400 κε-

154 3439 405 3502 λεύοντός
441 3457 554 3510 μοι,
581 3439 674 3492 καὶ
701 3439 760 3492 ἐν
783 3439 957 3509 τούτῳ
993 3438 1201 3510 γνώσῃ,
1258 3440 1341 3492 ὅτι
1368 3439 1741 3510 εὐηρέστησεν

155 3532 233 3601 τῷ
259 3530 381 3600 Θεῷ
418 3533 479 3584 τὸ
513 3532 673 3602 ἔργον
703 3549 804 3601 μου
835 3531 923 3584 διὰ
948 3532 1048 3599 τῆς
1079 3530 1246 3584 αὑτοῦ
1287 3532 1627 3602 συνεργείας,
1658 3533 1740 3585 ὅτι

157 3626 264 3695 πρδ
291 3626 386 3678 τοῦ
414 3625 707 3678 ἀποθανεῖν
743 3643 832 3693 με,
881 3625 1132 3695 ἔρχομαι,
1188 3626 1282 3677 καὶ
1314 3625 1466 3678 καλῶ
1511 3643 1592 3691 σε,
1645 3627 1740 3678 καὶ

156 3715 472 3786 ἀσπάζομαί
509 3733 589 3770 σε.
619 3715 713 3769 καὶ
757 3719 814 3769 ὲν
836 3717 1049 3782 ὀλίγαις
1104 3718 1335 3786 ἡμέραις
1386 3715 1610 3784 φθάνεις
1649 3734 1737 3785 με.

171 3808 329 3861 ’Δλλὰ
347 3809 575 3872 ἀνάστα,
609 3811 703 3860 καί
728 3809 1045 3878 ποιήσωμεν
1074 3809 1260 3879 εὐχήν.
1295 3809 1402 3861 Καὶ
1426 3807 1741 3877 εὐξαμένων

159 3899 338 3953 αὐτῶν
373 3901 465 3953 ἐπὶ
491 3900 680 3963 ίκανὰς
715 3900 887 3971 ὥρας,
927 3901 1022 3953 καὶ
1061 3899 1411 3968 φιλησάντων
1437 3899 1505 3952 τὰ
1529 3900 1741 3952 ἑαυτῶν

160 3998 354 4067 στήθη,
387 3998 480 4050 καὶ
512 3997 818 4067 βρεξάντων
845 3997 983 4049 αὐτὰ
1022 3997 1132 4050 ἀπὸ
1161 3995 1271 4049 τῶν
1323 3995 1578 4064 δακρύων
1607 3999 1740 4049 ἐαυ-

155 4089 285 4149 τῶν,
315 4089 588 4141 ἀπέλυσεν
619 4089 781 4140 αὐτὸν
807 4090 835 4141 ὁ
856 4088 1033 4151 ἀὸϐᾶς
1060 4089 1319 4158 Ἰωάννης
1353 4088 1740 4159 συνοδοιπορή-

159 4197 259 4242 σας
308 4179 458 4250 αὑτῷ
510 4181 694 4233 ἱκανὸν
743 4179 1137 4250 διάστημαοού
1165 4180 1274 4250 γὰρ
1313 4180 1482 4232 ἐδίδου
1532 4181 1740 4249 αὑτῴη

155 4269 302 4339 ψυχὴ
335 4268 486 4340 αὑτῷ
521 4269 861 4340 χωρισθῆναι
885 4271 980 4323 ἀπ’
1013 4271 1204 4332 αὑτοῦ,
1238 4270 1376 4323 ἀλλὰ
1425 4270 1597 4323 ιτιθότι
1627 4271 1737 4322 ξλε-

155 4377 251 4426 γεν
276 4362 424 4431 αὐτῷ
447 4365 474 4414 ό
508 4362 680 4425 άὸὁᾶς
715 4363 957 4431 Συμεὼν,
994 4362 1388 4432 ’Υπόστρεψο-ι,
1413 4363 1630 4432 ἀδελφὲ,
1664 4363 1740 4426 ὡς

158 4454 247 4507 ἵνα.
272 4455 539 4526 ἐχώριζεν
576 4456 742 4508 αὑτὸν
789 4456 1038 4526 μάχαιρα
1074 4455 1180 4507 ἀπὸ
1213 4455 1307 4508 τοῦ
1355 4455 1606 4524 σώματος
1639 4455 1736 4507 αὑο

1850 3269 2089 3325 Joannes
2122 3289 2134 3322 :
2175 3286 2283 3325 non
2321 3270 2465 3324 enim
2500 3269 2722 3340 proprio
2761 3270 2930 3325 Marte
2983 3271 3034 3324 id
3086 3272 3210 3326 volo
3258 3287 3441 3342 agerc,

1851 3373 1904 3418 at
1932 3362 2040 3418 Deo
2065 3364 2314 3433 jubentc.
2350 3365 2414 3417 Et
2445 3363 2496 3416 in
2533 3365 2636 3418 hoc
2667 3379 2966 3434 cognosces
3024 3364 3296 3434 placuisse
3320 3360 3443 3421 Deo

1849 3474 1986 3528 opus
2017 3473 2220 3522 meum,
2254 3459 2372 3526 ipso
2405 3467 2770 3527 cooperante;
2800 3459 2950 3526 quia,
2983 3459 3299 3527 priusquam
3325 3473 3446 3517 mo<

1850 3551 1977 3615 riar,
2010 3552 2222 3604 veniam
2266 3551 2334 3604 ad
2369 3560 2440 3611 te,
2473 3560 2529 3605 et
2574 3553 2779 3605 vocabo
2811 3560 2885 3615 te,
2932 3560 2987 3604 et
3032 3553 3334 3620 amplectar
3365 3561 3440 3617 te,

1849 3651 1904 3696 et
1956 3642 2143 3711 paucis
2185 3651 2308 3710 post
2359 3641 2553 3696 diebus
2610 3657 2697 3694 me
2741 3642 3010 3710 sequeris.
3062 3641 3132 3695 At
3168 3657 3352 3712 surge,
3386 3653 3444 3699 et

1850 3733 2154 3787 orationem
2188 3732 2562 3785 instituamus.
2593 3731 2659 3785 Et
2701 3741 2988 3800 postquam
3038 3740 3122 3786 sat
3161 3733 3252 3786 diu
3286 3749 3444 3790 oras-

1850 3833 1992 3889 sent,
2047 3832 2099 3876 et
2154 3823 2294 3875 alter
2343 3821 2573 3874 alterius
2621 3831 2844 3890 pectora
2891 3821 3150 3890 amplexi,
3185 3822 3444 3894 lacrymis

1850 3912 1962 3966 suis
1983 3927 2046 3966 ea
2081 3912 2366 3981 rigassent,
2401 3910 2609 3965 dimisit
2634 3913 2812 3980 ipsum
2859 3910 3027 3965 abbas
3052 3909 3315 3971 Joannes.
3343 3912 3432 3968 fa-

1849 4008 1970 4054 ctus
2022 3999 2126 4069 ipsi
2185 4014 2370 4053 comes
2425 4014 2519 4067 per
2561 3999 2694 4053 satis
2743 4000 2964 4070 longum
3010 4001 3285 4068 spatium;
3328 4013 3438 4056 non

1849 4095 1996 4148 enim
2033 4093 2341 4162 patiebatur
2379 4092 2558 4146 anima
2597 4093 2718 4162 ejus
2745 4093 2815 4147 ab
2856 4093 2974 4162 ipso
3019 4097 3285 4164 separari.
3330 4095 3439 4151 Sed

1849 4188 2068 4258 quando
2118 4186 2216 4256 ipsi
2268 4186 2486 4240 dicebat
2540 4186 2709 4239 frater
2777 4187 3064 4256 Symeou:
3117 4187 3438 4252 Revertere,

1850 4280 2015 4335 frater
2051 4297 2062 4332 :
2112 4295 2222 4334 non
2257 4279 2415 4333 aliter
2450 4293 2762 4332 sermonem
2818 4280 2964 4333 Imnc
3006 4280 3237 4344 audivit,
3271 4297 3434 4351 quam

1850 4374 1892 4426 si
1926 4373 2140 4442 gladius
2166 4387 2290 4425 eum
2320 4379 2634 4440 scparasset
2661 4386 2690 4423 a
2724 4387 2822 4425 suo
2859 4386 3108 4441 corpore.
3144 4373 3210 4427 Et
3232 4375 3432 4428 iterum

1849 4463 2040 4518 orabat
2073 4477 2220 4526 eum,
2260 4471 2321 4516 ut
2362 4463 2427 4516 ad
2472 4462 2616 4515 aliud
2659 4463 2934 4516 modicum
2980 4463 3216 4532 spatium
3260 4467 3434 4525 comi-

154 4547 272 4614 τοῦ,
304 4551 476 4613 οὓτως
507 4550 600 4603 τοῦ
631 4551 790 4617 λόγου
817 4551 1010 4604 τούτου
1047 4552 1266 4620 ἤκουεν,
1299 4551 1394 4603 καὶ
1421 4552 1583 4603 πάλιν
1598 4569 1737 4618 παρ-

1847 4553 1948 4607 tari
1985 4554 2350 4624 permitteret.
2379 4553 2588 4622 Itaque,
2621 4563 2852 4621 cegente
2894 4554 3072 4623 ipsum
3105 4556 3304 4609 abbate
3335 4553 3439 4633 Sy-

155 4640 339 4693 εκάλει
368 4641 531 4693 αὑτὸν
584 4641 1054 4709 συνακολουθῆσαι
1094 4641 1222 4695 ἄλλο
1256 4642 1457 4708 ὀλίγον.
1520 4643 1606 4705 Ὠς
1644 4638 1739 4696 οὖν

155 4729 417 4783 ἐϐιάσατο
445 4732 608 4784 αὑτὸν
641 4733 670 4784 ὁ
693 4731 866 4793 άϐεᾶς
895 4730 1142 4800 Συμεὼν,
1194 4731 1576 4804 ὑπέστρεψεν,
1615 4732 1739 4803 βρέα

155 4840 268 4893 χων
294 4823 392 4893 τὴν
426 4822 532 4892 γῆν
558 4826 670 4886 τοῖς
697 4823 982 4894 δάκρυσιν,
1019 4826 1098 4886 εἰς
1121 4824 1210 4875 τθιν
1246 4825 1378 4877 ἴδιον
1408 4827 1592 4879 τόπον.

225 4911 287 4966 λ’.
320 4911 754 4982 Ὠρθοδρὸμησεν
803 4914 859 4964 ὲν
891 4917 958 4983 τῇ
1009 4913 1144 4983 ἁγία
1177 4913 1413 4984 Χριστοῦ
1462 4917 1557 4970 τοῦ
1601 4917 1735 4970 Θεοῦ

153 5005 314 5075 ἡμῶν
345 5005 517 5057 πόλει.
548 5005 737 5074 Ἐδίψα
770 5007 880 5076 γὰρ
910 5007 1074 5067 πάνυ,
1107 5005 1180 5066 ὡς
1217 5007 1403 5069 ἔλεγεν
1457 5009 1551 5060 καὶ
1589 5010 1739 5059 ἐκαί-

154 5116 246 5152 ετο
283 5099 560 5152 ἐπιποθῶν
607 5103 662 5152 ἐν
699 5099 1000 5153 ἀπολαύσει
1044 5099 1300 5166 γενέσθαι
1352 5099 1439 5152 διὰ
1471 5105 1740 5153 τοσούτων

153 5193 363 5263 χρόνων
390 5193 497 5245 τῶν
529 5193 697 5260 ἁγίων
722 5194 814 5245 του
847 5193 1084 5262 Χρισεοῦ
1111 5192 1316 5256 τόπων,
1358 5193 1452 5246 καὶ
1497 5210 1738 5246 καταλα-

152 5283 266 5336 ϐὼν
305 5285 366 5337 τὸ
387 5285 542 5353 ἅγιον
571 5287 658 5336 καὶ
693 5284 957 5348 ζωοποιὸν
987 5284 1082 5335 τοῦ
1118 5283 1355 5350 Χριστοῦ
1390 5285 1601 5353 μνῆμα,
1640 5285 1735 5336 καὶ

151 5377 214 5429 τὸ
243 5376 399 5445 ἅγιον
437 5378 532 5430 καὶ
566 5378 858 5445 σωτήριον,
891 5378 982 5428 καὶ
1024 5377 1320 5444 νικηφόρον
1359 5376 1604 5443 κρανίον,
1648 5375 1737 5426 τὸν

154 5468 318 5522 πόθον
349 5470 690 5539 ἐπλήρωσεν.
728 5469 1004 5538 Ἐνέμεινε
1030 5469 1082 5520 δὲ
1108 5471 1256 5538 τρεῖς
1281 5467 1496 5535 ἡμέρας
1532 5470 1608 5526 είς
1637 5468 1734 5536 τὴν

154 5561 318 5629 ἁγίαν
345 5563 501 5616 πόλιν
545 5561 878 5632 καθήμενος,
913 5553 1206 5631 ἐρχόμενος
1267 5562 1359 5612 καὶ
1409 5560 1734 5628 προσκυνῶν

153 5654 283 5712 τοὺς
312 5652 653 5713 πανσέπτους
682 5650 775 5702 τοῦ
816 5653 1021 5719 Κυρίου
1053 5651 1274 5712 τόπους,
1295 5650 1387 5702 καὶ
1419 5651 1733 5720 εὐχόμενω.

168 5741 228 5794 'H
264 5743 321 5797 te
359 5745 493 5812 εὐχὴ
549 5742 711 5797 αὐτοῦ
761 5744 907 5796 πᾶσα
944 5743 1159 5813 ὑπῆρχε
1214 5742 1306 5794 τοῦ
1359 5743 1735 5812 σκεπασθῆναι

152 5833 321 5887 αὑτοῦ
347 5836 444 5904 τὴν
486 5836 752 5904 ἐργασίαν
807 5836 971 5908 μέχρι
1003 5835 1100 5902 τῆς
1130 5833 1293 5888 αὑτοῦ
1351 5837 1737 5905 μεταστάσεως

396 5929 672 5992 Furios.
709 5931 826 5992 Gn.
860 5931 1079 5992 XCIII.

1847 4658 2064 4706 meone,
2101 4643 2264 4698 rediit
2289 4644 2355 4698 ad
2388 4644 2567 4699 locum
2605 4660 2790 4706 suum,
2823 4647 3074 4715 laerymis
3124 4656 3326 4702 terram
3361 4650 3436 4702 ir-

1847 4735 2049 4805 rigans.

1919 4913 2006 4967 50.
2053 4913 2286 4984 5)·ιησοιι
2339 4914 2394 4968 in
2439 4923 2684 4968 sanetam
2735 4913 2938 4968 Christi
2975 4913 3249 4970 civitatem
3286 4919 3436 4975 recta

1847 5007 2154 5058 contendit.
2192 5004 2324 5058 Nam
2365 5007 2695 5059 vehemente
2739 5005 2922 5059 aiebat
2966 5007 3119 5061 sitire
3172 5023 3230 5062 se
3270 5017 3323 5063 et
3355 5024 3434 5062 ar-

1847 5097 1977 5150 dere
2031 5097 2304 5151 desiderio
2345 5098 2456 5165 jam
2487 5093 2950 5167 dudumfruendi
3002 5099 3207 5154 sanctis
3230 5099 3434 5156 Christi

1845 5190 2002 5243 locis.
2033 5189 2089 5242 E'
2123 5197 2410 5258 postquam
2447 5200 2792 5258 pervenisset
2821 5193 2886 5244 ad
2919 5200 3172 5246 sanctum
3199 5207 3262 5247 ac
3293 5193 3422 5247 vivi-

1845 5283 2004 5336 ﬁcum
2047 5283 2250 5336 Christi
2282 5295 2721 5347 monumentum,
2764 5295 3117 5353 sanctamque
3139 5300 3202 5338 ac
3231 5286 3433 5341 saluta-

1845 5393 1957 5430 rem
2006 5387 2060 5430 et
2092 5378 2282 5430 \‘Icltit'
2321 5394 2369 5429 tu
2425 5379 2754 5441 (‘alvariam,
2794 5378 3128 5432 desiderium
3174 5379 3430 5448 explevit.

1842 5466 1977 5519 Nam
2013 5467 2250 5520 triduum
2288 5467 2338 5519 in
2366 5477 2551 5520 sancta
2587 5467 2803 5521 civitate
2842 5476 3084 5521 moratus
3116 5467 3236 5532 fuit,
3274 5484 3432 5523 acce-

1846 5561 1983 5616 dens
2014 5570 2068 5614 et
2101 5561 2335 5615 adorans
2377 5577 2638 5630 perquam
2675 5561 2985 5615 veneranda
3040 5561 3245 5615 Christi
3295 5563 3432 5625 loca,

1844 5665 1898 5710 et
1926 5653 2178 5722 pret-ibus
2210 5668 2428 5709 vacans.
2468 5653 2660 5707 Omnis
2688 5665 2868 5708 autem
2925 5656 3104 5708 oratio
3130 5655 3249 5723 ejus
3279 5665 3432 5716 .erat,

1843 5759 1901 5799 ut
1934 5748 2177 5801 actiones
2209 5749 2328 5815 ejus
2360 5757 2691 5816 tegerentur,
2740 5751 2914 5800 donec.
2946 5763 3009 5801 ex
3060 5749 3159 5801 hac
3192 5748 3298 5800 vita
3331 5748 3438 5802 mi-

1842 5849 2041 5910 graret,
2068 5855 2176 5908 quo
2211 5840 2492 5892 hominum
2527 5840 2751 5911 gloriam
2783 5838 3090 5910 defugeret,
3132 5855 3229 5908 per
3273 5853 3436 5908 quam

3040 5931 3114 5993 5h
