  <div class='ocr_page' id='page_1' title='image "/cluster/home/n/w/nwhite01/storage/ocr_20150623/93/nnc1.0046980059/837.png"; bbox 0 0 4118 6432; ppageno 0'>
   <div class='ocr_carea' id='block_1_1' title="bbox 690 409 819 475">
    <p class='ocr_par' dir='ltr' id='par_1_1' title="bbox 690 409 819 475">
     <span class='ocr_line' id='line_1_1' title="bbox 690 409 819 475; baseline 0.008 -1"><span class='ocrx_word' id='word_1_1' title='bbox 690 409 819 475; x_wconf 75' lang='grc'><strong>1711</strong></span> 
     </span>
    </p>
   </div>
   <div class='ocr_carea' id='block_1_2' title="bbox 1667 406 2921 471">
    <p class='ocr_par' dir='ltr' id='par_1_2' title="bbox 1667 406 2921 471">
     <span class='ocr_line' id='line_1_2' title="bbox 1667 406 2921 471; baseline -0.004 0"><span class='ocrx_word' id='word_1_2' title='bbox 1667 409 1977 471; x_wconf 74' lang='lat' dir='ltr'><strong>LEONTII</strong></span> <span class='ocrx_word' id='word_1_3' title='bbox 2014 406 2521 469; x_wconf 72' lang='lat' dir='ltr'><strong>NEAI’OLITANI</strong></span> <span class='ocrx_word' id='word_1_4' title='bbox 2577 408 2921 469; x_wconf 81' lang='lat' dir='ltr'><strong>EPISCOI‘I</strong></span> 
     </span>
    </p>
   </div>
   <div class='ocr_carea' id='block_1_3' title="bbox 3926 412 4018 475">
    <p class='ocr_par' dir='ltr' id='par_1_3' title="bbox 3926 412 4018 475">
     <span class='ocr_line' id='line_1_3' title="bbox 3926 412 4018 475; baseline 0.022 -3"><span class='ocrx_word' id='word_1_5' title='bbox 3926 412 4018 475; x_wconf 77' lang='lat'><strong>712</strong></span> 
     </span>
    </p>
   </div>
   <div class='ocr_carea' id='block_1_4' title="bbox 686 512 2277 589">
    <p class='ocr_par' dir='ltr' id='par_1_4' title="bbox 686 518 2270 589">
     <span class='ocr_line' id='line_1_4' title="bbox 686 518 2270 589; baseline -0.004 -14"><span class='ocrx_word' id='word_1_6' title='bbox 686 523 887 577; x_wconf 76' lang='lat' dir='ltr'><strong>ciniam</strong></span> <span class='ocrx_word' id='word_1_7' title='bbox 940 520 1084 575; x_wconf 80' lang='lat' dir='ltr'><strong>illam</strong></span> <span class='ocrx_word' id='word_1_8' title='bbox 1146 519 1396 589; x_wconf 88' lang='lat' dir='ltr'><strong>protinus</strong></span> <span class='ocrx_word' id='word_1_9' title='bbox 1429 526 1711 582; x_wconf 82' lang='lat' dir='ltr'><strong>mutaret,</strong></span> <span class='ocrx_word' id='word_1_10' title='bbox 1754 518 1931 573; x_wconf 88' lang='lat' dir='ltr'><strong>donec</strong></span> <span class='ocrx_word' id='word_1_11' title='bbox 1972 532 2061 571; x_wconf 90' lang='lat' dir='ltr'><strong>res</strong></span> <span class='ocrx_word' id='word_1_12' title='bbox 2107 530 2270 586; x_wconf 86' lang='lat' dir='ltr'><strong>quam</strong></span> 
     </span>
    </p>
   </div>
   <div class='ocr_carea' id='block_1_5' title="bbox 2379 512 4009 589">
    <p class='ocr_par' dir='ltr' id='par_1_5' title="bbox 2379 512 4009 586">
     <span class='ocr_line' id='line_1_5' title="bbox 2379 512 4009 586; baseline 0.002 -21"><span class='ocrx_word' id='word_1_13' title='bbox 2379 512 2536 565; x_wconf 81' lang='grc' dir='ltr'>τοῦτο</span> <span class='ocrx_word' id='word_1_14' title='bbox 2568 516 2597 566; x_wconf 93' lang='lat'><strong>6</strong></span> <span class='ocrx_word' id='word_1_15' title='bbox 2625 514 2792 577; x_wconf 84' lang='grc' dir='ltr'>ὅσιος,</span> <span class='ocrx_word' id='word_1_16' title='bbox 2816 514 2896 567; x_wconf 80' lang='grc' dir='ltr'>ὅτι</span> <span class='ocrx_word' id='word_1_17' title='bbox 2938 512 3129 567; x_wconf 78' lang='grc' dir='ltr'>καθότι</span> <span class='ocrx_word' id='word_1_18' title='bbox 3179 516 3351 569; x_wconf 72' lang='grc' dir='ltr'>ἐποίει</span> <span class='ocrx_word' id='word_1_19' title='bbox 3382 516 3433 569; x_wconf 93' lang='grc' dir='ltr'><strong>τί</strong></span> <span class='ocrx_word' id='word_1_20' title='bbox 3467 533 3611 570; x_wconf 72' lang='grc' dir='ltr'>ποτε</span> <span class='ocrx_word' id='word_1_21' title='bbox 3659 516 4009 586; x_wconf 64' lang='grc' dir='ltr'>παράδοξον,</span> 
     </span>
    </p>
   </div>
   <div class='ocr_carea' id='block_1_6' title="bbox 684 609 2271 682">
    <p class='ocr_par' dir='ltr' id='par_1_6' title="bbox 684 609 2271 682">
     <span class='ocr_line' id='line_1_6' title="bbox 684 609 2271 682; baseline -0.005 -13"><span class='ocrx_word' id='word_1_22' title='bbox 684 617 908 678; x_wconf 83' lang='lat' dir='ltr'><strong>fecerat,</strong></span> <span class='ocrx_word' id='word_1_23' title='bbox 931 621 1078 667; x_wconf 85' lang='lat' dir='ltr'><strong>esset</strong></span> <span class='ocrx_word' id='word_1_24' title='bbox 1105 612 1380 667; x_wconf 88' lang='lat' dir='ltr'><strong>oblivione</strong></span> <span class='ocrx_word' id='word_1_25' title='bbox 1410 611 1643 682; x_wconf 89' lang='lat' dir='ltr'><strong>sepulta.</strong></span> <span class='ocrx_word' id='word_1_26' title='bbox 1694 610 1959 666; x_wconf 76' lang='lat' dir='ltr'><strong>Studebat</strong></span> <span class='ocrx_word' id='word_1_27' title='bbox 1988 609 2175 673; x_wconf 88' lang='lat' dir='ltr'><strong>etiam,</strong></span> <span class='ocrx_word' id='word_1_28' title='bbox 2213 616 2271 662; x_wconf 92' lang='lat' dir='ltr'><strong>ut</strong></span> 
     </span>
    </p>
   </div>
   <div class='ocr_carea' id='block_1_7' title="bbox 679 702 2266 775">
    <p class='ocr_par' dir='ltr' id='par_1_7' title="bbox 679 702 2266 775">
     <span class='ocr_line' id='line_1_7' title="bbox 679 702 2266 775; baseline -0.005 -13"><span class='ocrx_word' id='word_1_29' title='bbox 679 705 850 775; x_wconf 79' lang='lat' dir='ltr'><strong>inepti</strong></span> <span class='ocrx_word' id='word_1_30' title='bbox 881 704 1081 774; x_wconf 87' lang='lat' dir='ltr'><strong>aliquid</strong></span> <span class='ocrx_word' id='word_1_31' title='bbox 1127 720 1239 775; x_wconf 68' lang='lat' dir='ltr'><strong>pra:</strong></span> <span class='ocrx_word' id='word_1_32' title='bbox 1268 719 1325 759; x_wconf 88' lang='lat' dir='ltr'><strong>se</strong></span> <span class='ocrx_word' id='word_1_33' title='bbox 1357 704 1547 765; x_wconf 86' lang='lat' dir='ltr'><strong>ferret,</strong></span> <span class='ocrx_word' id='word_1_34' title='bbox 1590 718 1699 772; x_wconf 91' lang='lat' dir='ltr'><strong>quo</strong></span> <span class='ocrx_word' id='word_1_35' title='bbox 1738 711 2059 773; x_wconf 81' lang='lat' dir='ltr'><strong>eontegeret</strong></span> <span class='ocrx_word' id='word_1_36' title='bbox 2113 702 2266 769; x_wconf 86' lang='lat' dir='ltr'><strong>illud,</strong></span> 
     </span>
    </p>
   </div>
   <div class='ocr_carea' id='block_1_8' title="bbox 684 792 2268 869">
    <p class='ocr_par' dir='ltr' id='par_1_8' title="bbox 684 792 2268 869">
     <span class='ocr_line' id='line_1_8' title="bbox 684 792 2268 869; baseline -0.004 -17"><span class='ocrx_word' id='word_1_37' title='bbox 684 798 825 867; x_wconf 86' lang='lat' dir='ltr'><strong>quod</strong></span> <span class='ocrx_word' id='word_1_38' title='bbox 860 806 1007 853; x_wconf 90' lang='lat' dir='ltr'><strong>recte</strong></span> <span class='ocrx_word' id='word_1_39' title='bbox 1034 804 1298 869; x_wconf 88' lang='lat' dir='ltr'><strong>gesserat.</strong></span> <span class='ocrx_word' id='word_1_40' title='bbox 1342 794 1538 850; x_wconf 85' lang='lat' dir='ltr'><strong>Evenit</strong></span> <span class='ocrx_word' id='word_1_41' title='bbox 1578 794 1873 863; x_wconf 82' lang='lat' dir='ltr'><strong>aliquando</strong></span> <span class='ocrx_word' id='word_1_42' title='bbox 1920 803 1980 849; x_wconf 94' lang='lat' dir='ltr'><strong>ut</strong></span> <span class='ocrx_word' id='word_1_43' title='bbox 2018 792 2124 858; x_wconf 81' lang='lat' dir='ltr'><strong>ille,</strong></span> <span class='ocrx_word' id='word_1_44' title='bbox 2175 792 2268 862; x_wconf 80' lang='lat' dir='ltr'><strong>qui</strong></span> 
     </span>
    </p>
   </div>
   <div class='ocr_carea' id='block_1_9' title="bbox 687 886 2267 960">
    <p class='ocr_par' dir='ltr' id='par_1_9' title="bbox 687 886 2267 960">
     <span class='ocr_line' id='line_1_9' title="bbox 687 886 2267 960; baseline -0.004 -17"><span class='ocrx_word' id='word_1_45' title='bbox 687 891 903 960; x_wconf 85' lang='lat' dir='ltr'><strong>lupiuos</strong></span> <span class='ocrx_word' id='word_1_46' title='bbox 941 888 1301 944; x_wconf 88' lang='lat' dir='ltr'><strong>distribuebat</strong></span> <span class='ocrx_word' id='word_1_47' title='bbox 1349 887 1404 941; x_wconf 93' lang='lat' dir='ltr'><strong>in</strong></span> <span class='ocrx_word' id='word_1_48' title='bbox 1455 903 1727 957; x_wconf 80' lang='lat' dir='ltr'><strong>caupona,</strong></span> <span class='ocrx_word' id='word_1_49' title='bbox 1768 886 2037 957; x_wconf 86' lang='lat' dir='ltr'><strong>acciperet</strong></span> <span class='ocrx_word' id='word_1_50' title='bbox 2084 886 2267 939; x_wconf 84' lang='lat' dir='ltr'><strong>cibum</strong></span> 
     </span>
    </p>
   </div>
   <div class='ocr_carea' id='block_1_10' title="bbox 686 980 2267 1052">
    <p class='ocr_par' dir='ltr' id='par_1_10' title="bbox 686 980 2267 1052">
     <span class='ocr_line' id='line_1_10' title="bbox 686 980 2267 1052; baseline -0.004 -15"><span class='ocrx_word' id='word_1_51' title='bbox 686 985 807 1051; x_wconf 84' lang='lat' dir='ltr'><strong>ejus</strong></span> <span class='ocrx_word' id='word_1_52' title='bbox 839 1001 851 1036; x_wconf 94' lang='lat'>:</span> <span class='ocrx_word' id='word_1_53' title='bbox 884 990 1002 1037; x_wconf 86' lang='lat' dir='ltr'><strong>erat</strong></span> <span class='ocrx_word' id='word_1_54' title='bbox 1030 989 1213 1036; x_wconf 91' lang='lat' dir='ltr'><strong>autem</strong></span> <span class='ocrx_word' id='word_1_55' title='bbox 1246 996 1422 1052; x_wconf 88' lang='lat' dir='ltr'><strong>caupo</strong></span> <span class='ocrx_word' id='word_1_56' title='bbox 1450 981 1587 1036; x_wconf 89' lang='lat' dir='ltr'><strong>adeo</strong></span> <span class='ocrx_word' id='word_1_57' title='bbox 1616 980 1867 1042; x_wconf 88' lang='lat' dir='ltr'><strong>immitis,</strong></span> <span class='ocrx_word' id='word_1_58' title='bbox 1897 989 1956 1034; x_wconf 93' lang='lat' dir='ltr'><strong>ut</strong></span> <span class='ocrx_word' id='word_1_59' title='bbox 1985 994 2128 1049; x_wconf 67' lang='lat' dir='ltr'><strong>saepe</strong></span> <span class='ocrx_word' id='word_1_60' title='bbox 2159 992 2267 1031; x_wconf 90' lang='lat' dir='ltr'><strong>non</strong></span> 
     </span>
    </p>
   </div>
   <div class='ocr_carea' id='block_1_11' title="bbox 686 1070 2271 1139">
    <p class='ocr_par' dir='ltr' id='par_1_11' title="bbox 686 1070 2271 1139">
     <span class='ocr_line' id='line_1_11' title="bbox 686 1070 2271 1139; baseline -0.005 -10"><span class='ocrx_word' id='word_1_61' title='bbox 686 1076 842 1129; x_wconf 88' lang='lat' dir='ltr'><strong>daret</strong></span> <span class='ocrx_word' id='word_1_62' title='bbox 889 1074 939 1129; x_wconf 92' lang='lat' dir='ltr'><strong>ei</strong></span> <span class='ocrx_word' id='word_1_63' title='bbox 996 1072 1204 1137; x_wconf 84' lang='lat' dir='ltr'><strong>cibum,</strong></span> <span class='ocrx_word' id='word_1_64' title='bbox 1253 1070 1468 1127; x_wconf 90' lang='lat' dir='ltr'><strong>tametsi</strong></span> <span class='ocrx_word' id='word_1_65' title='bbox 1514 1072 1684 1126; x_wconf 89' lang='lat' dir='ltr'><strong>multa</strong></span> <span class='ocrx_word' id='word_1_66' title='bbox 1732 1070 1997 1125; x_wconf 90' lang='lat' dir='ltr'><strong>venderet</strong></span> <span class='ocrx_word' id='word_1_67' title='bbox 2044 1078 2271 1139; x_wconf 89' lang='lat' dir='ltr'><strong>propter</strong></span> 
     </span>
    </p>
   </div>
   <div class='ocr_carea' id='block_1_12' title="bbox 690 1158 2265 1239">
    <p class='ocr_par' dir='ltr' id='par_1_12' title="bbox 690 1158 2265 1239">
     <span class='ocr_line' id='line_1_12' title="bbox 690 1158 2265 1239; baseline -0.006 -18"><span class='ocrx_word' id='word_1_68' title='bbox 690 1170 1041 1239; x_wconf 75' lang='lat' dir='ltr'><strong>Symeone‘m.</strong></span> <span class='ocrx_word' id='word_1_69' title='bbox 1070 1164 1200 1218; x_wconf 80' lang='lat' dir='ltr'><strong>Nam</strong></span> <span class='ocrx_word' id='word_1_70' title='bbox 1232 1163 1398 1228; x_wconf 82' lang='lat' dir='ltr'><strong>cives,</strong></span> <span class='ocrx_word' id='word_1_71' title='bbox 1438 1164 1593 1234; x_wconf 84' lang='lat' dir='ltr'><strong>quasi</strong></span> <span class='ocrx_word' id='word_1_72' title='bbox 1621 1162 1696 1216; x_wconf 81' lang='lat' dir='ltr'><strong>rei</strong></span> <span class='ocrx_word' id='word_1_73' title='bbox 1728 1162 1967 1216; x_wconf 80' lang='lat' dir='ltr'><strong>novitate</strong></span> <span class='ocrx_word' id='word_1_74' title='bbox 1995 1158 2265 1229; x_wconf 82' lang='lat' dir='ltr'><strong>suspensi,</strong></span> 
     </span>
    </p>
   </div>
   <div class='ocr_carea' id='block_1_13' title="bbox 688 1250 2266 1317">
    <p class='ocr_par' dir='ltr' id='par_1_13' title="bbox 688 1250 2266 1317">
     <span class='ocr_line' id='line_1_13' title="bbox 688 1250 2266 1317; baseline -0.006 -4"><span class='ocrx_word' id='word_1_75' title='bbox 688 1259 944 1313; x_wconf 85' lang='lat' dir='ltr'><strong>dicebant</strong></span> <span class='ocrx_word' id='word_1_76' title='bbox 974 1258 1117 1311; x_wconf 86' lang='lat' dir='ltr'><strong>inter</strong></span> <span class='ocrx_word' id='word_1_77' title='bbox 1160 1270 1220 1309; x_wconf 91' lang='lat' dir='ltr'><strong>se</strong></span> <span class='ocrx_word' id='word_1_78' title='bbox 1253 1270 1266 1307; x_wconf 93' lang='lat'>:</span> <span class='ocrx_word' id='word_1_79' title='bbox 1299 1254 1522 1317; x_wconf 84' lang='lat' dir='ltr'><strong>Eamus,</strong></span> <span class='ocrx_word' id='word_1_80' title='bbox 1561 1254 1831 1317; x_wconf 84' lang='lat' dir='ltr'><strong>bibamus,</strong></span> <span class='ocrx_word' id='word_1_81' title='bbox 1858 1253 1949 1306; x_wconf 90' lang='lat' dir='ltr'><strong>ubi</strong></span> <span class='ocrx_word' id='word_1_82' title='bbox 1979 1250 2137 1305; x_wconf 92' lang='lat' dir='ltr'><strong>Salus</strong></span> <span class='ocrx_word' id='word_1_83' title='bbox 2163 1258 2266 1303; x_wconf 88' lang='lat' dir='ltr'><strong>est.</strong></span> 
     </span>
    </p>
   </div>
   <div class='ocr_carea' id='block_1_14' title="bbox 688 1342 2272 1419">
    <p class='ocr_par' dir='ltr' id='par_1_14' title="bbox 688 1342 2272 1419">
     <span class='ocr_line' id='line_1_14' title="bbox 688 1342 2272 1419; baseline -0.004 -15"><span class='ocrx_word' id='word_1_84' title='bbox 688 1349 933 1417; x_wconf 80' lang='lat' dir='ltr'><strong>Quadam</strong></span> <span class='ocrx_word' id='word_1_85' title='bbox 971 1349 1133 1419; x_wconf 80' lang='lat' dir='ltr'><strong>igitur</strong></span> <span class='ocrx_word' id='word_1_86' title='bbox 1160 1348 1249 1402; x_wconf 91' lang='lat' dir='ltr'><strong>die</strong></span> <span class='ocrx_word' id='word_1_87' title='bbox 1300 1347 1578 1418; x_wconf 81' lang='lat' dir='ltr'><strong>ingressus</strong></span> <span class='ocrx_word' id='word_1_88' title='bbox 1623 1355 1707 1399; x_wconf 88' lang='lat' dir='ltr'><strong>est</strong></span> <span class='ocrx_word' id='word_1_89' title='bbox 1748 1360 1997 1416; x_wconf 89' lang='lat' dir='ltr'><strong>serpens,</strong></span> <span class='ocrx_word' id='word_1_90' title='bbox 2047 1352 2103 1398; x_wconf 93' lang='lat' dir='ltr'><strong>et</strong></span> <span class='ocrx_word' id='word_1_91' title='bbox 2134 1342 2272 1398; x_wconf 90' lang='lat' dir='ltr'><strong>bibit</strong></span> 
     </span>
    </p>
   </div>
   <div class='ocr_carea' id='block_1_15' title="bbox 686 1438 2273 1512">
    <p class='ocr_par' dir='ltr' id='par_1_15' title="bbox 686 1438 2273 1512">
     <span class='ocr_line' id='line_1_15' title="bbox 686 1438 2273 1512; baseline -0.004 -15"><span class='ocrx_word' id='word_1_92' title='bbox 686 1446 876 1499; x_wconf 84' lang='lat' dir='ltr'><strong>vinum</strong></span> <span class='ocrx_word' id='word_1_93' title='bbox 913 1459 979 1499; x_wconf 79' lang='lat' dir='ltr'><strong>ex</strong></span> <span class='ocrx_word' id='word_1_94' title='bbox 1024 1458 1133 1497; x_wconf 88' lang='lat' dir='ltr'><strong>una</strong></span> <span class='ocrx_word' id='word_1_95' title='bbox 1172 1442 1409 1511; x_wconf 85' lang='lat' dir='ltr'><strong>ampulla</strong></span> <span class='ocrx_word' id='word_1_96' title='bbox 1466 1440 1600 1512; x_wconf 79' lang='lat'><strong>(39),</strong></span> <span class='ocrx_word' id='word_1_97' title='bbox 1652 1449 1708 1495; x_wconf 92' lang='lat' dir='ltr'><strong>et</strong></span> <span class='ocrx_word' id='word_1_98' title='bbox 1744 1439 1989 1494; x_wconf 89' lang='lat' dir='ltr'><strong>evomuit</strong></span> <span class='ocrx_word' id='word_1_99' title='bbox 2034 1438 2273 1507; x_wconf 89' lang='lat' dir='ltr'><strong>desuper</strong></span> 
     </span>
    </p>
   </div>
   <div class='ocr_carea' id='block_1_16' title="bbox 688 1528 2275 1601">
    <p class='ocr_par' dir='ltr' id='par_1_16' title="bbox 688 1528 2275 1601">
     <span class='ocr_line' id='line_1_16' title="bbox 688 1528 2275 1601; baseline -0.006 -9"><span class='ocrx_word' id='word_1_100' title='bbox 688 1550 960 1591; x_wconf 80' lang='lat' dir='ltr'><strong>venenum</strong></span> <span class='ocrx_word' id='word_1_101' title='bbox 987 1550 1168 1598; x_wconf 79' lang='lat' dir='ltr'><strong>suum,</strong></span> <span class='ocrx_word' id='word_1_102' title='bbox 1198 1542 1253 1587; x_wconf 91' lang='lat' dir='ltr'><strong>et</strong></span> <span class='ocrx_word' id='word_1_103' title='bbox 1290 1534 1443 1587; x_wconf 92' lang='lat' dir='ltr'><strong>abiit.</strong></span> <span class='ocrx_word' id='word_1_104' title='bbox 1475 1532 1591 1586; x_wconf 70' lang='lat' dir='ltr'><strong>Non</strong></span> <span class='ocrx_word' id='word_1_105' title='bbox 1635 1540 1753 1586; x_wconf 92' lang='lat' dir='ltr'><strong>erat</strong></span> <span class='ocrx_word' id='word_1_106' title='bbox 1795 1531 1941 1585; x_wconf 90' lang='lat' dir='ltr'><strong>intus</strong></span> <span class='ocrx_word' id='word_1_107' title='bbox 1968 1530 2136 1585; x_wconf 81' lang='lat' dir='ltr'><strong>abbas</strong></span> <span class='ocrx_word' id='word_1_108' title='bbox 2177 1528 2275 1601; x_wconf 71' lang='lat' dir='ltr'><strong>Sy-</strong></span> 
     </span>
    </p>
   </div>
   <div class='ocr_carea' id='block_1_17' title="bbox 688 1620 2270 1691">
    <p class='ocr_par' dir='ltr' id='par_1_17' title="bbox 688 1620 2270 1691">
     <span class='ocr_line' id='line_1_17' title="bbox 688 1620 2270 1691; baseline -0.004 -11"><span class='ocrx_word' id='word_1_109' title='bbox 688 1642 873 1691; x_wconf 83' lang='lat' dir='ltr'><strong>meon,</strong></span> <span class='ocrx_word' id='word_1_110' title='bbox 911 1624 1004 1680; x_wconf 88' lang='lat' dir='ltr'><strong>sed</strong></span> <span class='ocrx_word' id='word_1_111' title='bbox 1038 1623 1169 1679; x_wconf 91' lang='lat' dir='ltr'><strong>foris</strong></span> <span class='ocrx_word' id='word_1_112' title='bbox 1200 1624 1435 1678; x_wconf 83' lang='lat' dir='ltr'><strong>ducebat</strong></span> <span class='ocrx_word' id='word_1_113' title='bbox 1463 1623 1695 1676; x_wconf 88' lang='lat' dir='ltr'><strong>choreas</strong></span> <span class='ocrx_word' id='word_1_114' title='bbox 1724 1636 1849 1676; x_wconf 90' lang='lat' dir='ltr'><strong>cum</strong></span> <span class='ocrx_word' id='word_1_115' title='bbox 1895 1620 2270 1690; x_wconf 85' lang='lat' dir='ltr'><strong>popularibus.</strong></span> 
     </span>
    </p>
   </div>
   <div class='ocr_carea' id='block_1_18' title="bbox 690 1714 2273 1787">
    <p class='ocr_par' dir='ltr' id='par_1_18' title="bbox 690 1714 2273 1787">
     <span class='ocr_line' id='line_1_18' title="bbox 690 1714 2273 1787; baseline -0.004 -13"><span class='ocrx_word' id='word_1_116' title='bbox 690 1720 985 1787; x_wconf 82' lang='lat' dir='ltr'><strong>Postquam</strong></span> <span class='ocrx_word' id='word_1_117' title='bbox 1026 1717 1268 1773; x_wconf 80' lang='lat' dir='ltr'><strong>venisset</strong></span> <span class='ocrx_word' id='word_1_118' title='bbox 1315 1724 1555 1776; x_wconf 82' lang='lat' dir='ltr'><strong>sanctus,</strong></span> <span class='ocrx_word' id='word_1_119' title='bbox 1585 1715 1734 1769; x_wconf 88' lang='lat' dir='ltr'><strong>videt</strong></span> <span class='ocrx_word' id='word_1_120' title='bbox 1768 1715 2021 1786; x_wconf 78' lang='lat' dir='ltr'><strong>ampulla:</strong></span> <span class='ocrx_word' id='word_1_121' title='bbox 2076 1714 2273 1768; x_wconf 88' lang='lat' dir='ltr'><strong>inscri-</strong></span> 
     </span>
    </p>
   </div>
   <div class='ocr_carea' id='block_1_19' title="bbox 689 1802 2263 1880">
    <p class='ocr_par' dir='ltr' id='par_1_19' title="bbox 689 1802 2263 1880">
     <span class='ocr_line' id='line_1_19' title="bbox 689 1802 2263 1880; baseline -0.004 -17"><span class='ocrx_word' id='word_1_122' title='bbox 689 1820 865 1880; x_wconf 88' lang='lat' dir='ltr'><strong>ptum,</strong></span> <span class='ocrx_word' id='word_1_123' title='bbox 892 1824 1067 1874; x_wconf 87' lang='lat' dir='ltr'><strong>mors;</strong></span> <span class='ocrx_word' id='word_1_124' title='bbox 1096 1807 1173 1861; x_wconf 88' lang='lat' dir='ltr'><strong>sic</strong></span> <span class='ocrx_word' id='word_1_125' title='bbox 1204 1815 1384 1861; x_wconf 89' lang='lat' dir='ltr'><strong>tamen</strong></span> <span class='ocrx_word' id='word_1_126' title='bbox 1417 1815 1478 1859; x_wconf 92' lang='lat' dir='ltr'><strong>ut</strong></span> <span class='ocrx_word' id='word_1_127' title='bbox 1504 1804 1673 1859; x_wconf 86' lang='lat' dir='ltr'><strong>videri</strong></span> <span class='ocrx_word' id='word_1_128' title='bbox 1698 1820 1807 1858; x_wconf 93' lang='lat' dir='ltr'><strong>non</strong></span> <span class='ocrx_word' id='word_1_129' title='bbox 1835 1812 2034 1873; x_wconf 89' lang='lat' dir='ltr'><strong>posset.</strong></span> <span class='ocrx_word' id='word_1_130' title='bbox 2069 1802 2263 1858; x_wconf 88' lang='lat' dir='ltr'><strong>Statim</strong></span> 
     </span>
    </p>
   </div>
   <div class='ocr_carea' id='block_1_20' title="bbox 690 1870 2346 1973">
    <p class='ocr_par' dir='ltr' id='par_1_20' title="bbox 690 1870 2346 1973">
     <span class='ocr_line' id='line_1_20' title="bbox 690 1870 2346 1973; baseline -0.005 -16"><span class='ocrx_word' id='word_1_131' title='bbox 690 1870 855 1973; x_wconf 78' lang='lat' dir='ltr'><strong>igitur</strong></span> <span class='ocrx_word' id='word_1_132' title='bbox 880 1870 1149 1970; x_wconf 73' lang='lat' dir='ltr'><strong>intelligit,</strong></span> <span class='ocrx_word' id='word_1_133' title='bbox 1178 1898 1309 1969; x_wconf 86' lang='lat' dir='ltr'><strong>quid</strong></span> <span class='ocrx_word' id='word_1_134' title='bbox 1354 1898 1407 1952; x_wconf 90' lang='lat' dir='ltr'><strong>in</strong></span> <span class='ocrx_word' id='word_1_135' title='bbox 1434 1912 1497 1952; x_wconf 88' lang='lat' dir='ltr'><strong>ea</strong></span> <span class='ocrx_word' id='word_1_136' title='bbox 1522 1895 1723 1951; x_wconf 83' lang='lat' dir='ltr'><strong>factum</strong></span> <span class='ocrx_word' id='word_1_137' title='bbox 1754 1870 1900 1951; x_wconf 40' lang='lat' dir='ltr'><strong>ess—et</strong></span> <span class='ocrx_word' id='word_1_138' title='bbox 1933 1903 2024 1950; x_wconf 92' lang='lat' dir='ltr'><strong>:et</strong></span> <span class='ocrx_word' id='word_1_139' title='bbox 2052 1896 2268 1950; x_wconf 83' lang='lat' dir='ltr'><strong>sublato</strong></span> <span class='ocrx_word' id='word_1_140' title='bbox 2304 1870 2346 1929; x_wconf 70' lang='grc' dir='ltr'><strong><em>Β</em></strong></span> 
     </span>
    </p>
   </div>
   <div class='ocr_carea' id='block_1_21' title="bbox 692 1990 2273 2065">
    <p class='ocr_par' dir='ltr' id='par_1_21' title="bbox 692 1990 2273 2065">
     <span class='ocr_line' id='line_1_21' title="bbox 692 1990 2273 2065; baseline -0.003 -17"><span class='ocrx_word' id='word_1_141' title='bbox 692 1996 859 2065; x_wconf 86' lang='lat' dir='ltr'><strong>ligno,</strong></span> <span class='ocrx_word' id='word_1_142' title='bbox 885 1994 1046 2064; x_wconf 86' lang='lat' dir='ltr'><strong>fregit</strong></span> <span class='ocrx_word' id='word_1_143' title='bbox 1076 2008 1216 2057; x_wconf 91' lang='lat' dir='ltr'><strong>eam,</strong></span> <span class='ocrx_word' id='word_1_144' title='bbox 1258 1991 1416 2046; x_wconf 82' lang='lat' dir='ltr'><strong>sicuti</strong></span> <span class='ocrx_word' id='word_1_145' title='bbox 1445 1991 1606 2061; x_wconf 90' lang='lat' dir='ltr'><strong>plena</strong></span> <span class='ocrx_word' id='word_1_146' title='bbox 1648 1999 1785 2046; x_wconf 90' lang='lat' dir='ltr'><strong>erat.</strong></span> <span class='ocrx_word' id='word_1_147' title='bbox 1818 1990 2060 2060; x_wconf 82' lang='lat' dir='ltr'><strong>Abrepto</strong></span> <span class='ocrx_word' id='word_1_148' title='bbox 2090 1990 2273 2059; x_wconf 86' lang='lat' dir='ltr'><strong>itaque</strong></span> 
     </span>
    </p>
   </div>
   <div class='ocr_carea' id='block_1_22' title="bbox 694 2082 2275 2161">
    <p class='ocr_par' dir='ltr' id='par_1_22' title="bbox 694 2082 2275 2161">
     <span class='ocr_line' id='line_1_22' title="bbox 694 2082 2275 2161; baseline -0.004 -18"><span class='ocrx_word' id='word_1_149' title='bbox 694 2090 838 2161; x_wconf 78' lang='lat' dir='ltr'><strong>ligno</strong></span> <span class='ocrx_word' id='word_1_150' title='bbox 861 2105 891 2143; x_wconf 90' lang='lat' dir='ltr'><strong>e</strong></span> <span class='ocrx_word' id='word_1_151' title='bbox 917 2087 1169 2142; x_wconf 90' lang='lat' dir='ltr'><strong>manibus</strong></span> <span class='ocrx_word' id='word_1_152' title='bbox 1199 2085 1336 2154; x_wconf 85' lang='lat' dir='ltr'><strong>ejus,</strong></span> <span class='ocrx_word' id='word_1_153' title='bbox 1364 2083 1670 2139; x_wconf 88' lang='lat' dir='ltr'><strong>verberavit</strong></span> <span class='ocrx_word' id='word_1_154' title='bbox 1696 2084 1872 2154; x_wconf 92' lang='lat' dir='ltr'><strong>ipsum</strong></span> <span class='ocrx_word' id='word_1_155' title='bbox 1892 2082 2079 2147; x_wconf 91' lang='lat' dir='ltr'><strong>herus,</strong></span> <span class='ocrx_word' id='word_1_156' title='bbox 2101 2082 2275 2137; x_wconf 91' lang='lat' dir='ltr'><strong>donec</strong></span> 
     </span>
    </p>
   </div>
   <div class='ocr_carea' id='block_1_23' title="bbox 691 2174 2274 2247">
    <p class='ocr_par' dir='ltr' id='par_1_23' title="bbox 691 2174 2274 2247">
     <span class='ocr_line' id='line_1_23' title="bbox 691 2174 2274 2247; baseline -0.004 -11"><span class='ocrx_word' id='word_1_157' title='bbox 691 2182 967 2244; x_wconf 83' lang='lat' dir='ltr'><strong>deficeret,</strong></span> <span class='ocrx_word' id='word_1_158' title='bbox 1004 2188 1059 2233; x_wconf 88' lang='lat' dir='ltr'><strong>et</strong></span> <span class='ocrx_word' id='word_1_159' title='bbox 1098 2178 1487 2247; x_wconf 70' lang='lat' dir='ltr'><strong>insequebatur</strong></span> <span class='ocrx_word' id='word_1_160' title='bbox 1523 2178 1721 2247; x_wconf 89' lang='lat' dir='ltr'><strong>ipsum.</strong></span> <span class='ocrx_word' id='word_1_161' title='bbox 1765 2174 1927 2230; x_wconf 82' lang='lat' dir='ltr'><strong>Venit</strong></span> <span class='ocrx_word' id='word_1_162' title='bbox 1953 2186 2135 2230; x_wconf 89' lang='lat' dir='ltr'><strong>autem</strong></span> <span class='ocrx_word' id='word_1_163' title='bbox 2174 2192 2274 2247; x_wconf 84' lang='lat' dir='ltr'><strong>po-</strong></span> 
     </span>
    </p>
   </div>
   <div class='ocr_carea' id='block_1_24' title="bbox 691 2263 2270 2343">
    <p class='ocr_par' dir='ltr' id='par_1_24' title="bbox 691 2263 2270 2343">
     <span class='ocr_line' id='line_1_24' title="bbox 691 2263 2270 2343; baseline -0.004 -14"><span class='ocrx_word' id='word_1_164' title='bbox 691 2274 883 2329; x_wconf 84' lang='lat' dir='ltr'><strong>stridie</strong></span> <span class='ocrx_word' id='word_1_165' title='bbox 912 2272 1080 2327; x_wconf 83' lang='lat' dir='ltr'><strong>abbas</strong></span> <span class='ocrx_word' id='word_1_166' title='bbox 1104 2269 1361 2343; x_wconf 79' lang='lat' dir='ltr'><strong>Symeou,</strong></span> <span class='ocrx_word' id='word_1_167' title='bbox 1393 2278 1448 2323; x_wconf 88' lang='lat' dir='ltr'><strong>ct</strong></span> <span class='ocrx_word' id='word_1_168' title='bbox 1470 2263 1759 2324; x_wconf 82' lang='lat' dir='ltr'><strong>abscondit</strong></span> <span class='ocrx_word' id='word_1_169' title='bbox 1783 2283 1842 2323; x_wconf 90' lang='lat' dir='ltr'><strong>se</strong></span> <span class='ocrx_word' id='word_1_170' title='bbox 1867 2278 1988 2338; x_wconf 92' lang='lat' dir='ltr'><strong>post</strong></span> <span class='ocrx_word' id='word_1_171' title='bbox 2015 2270 2270 2339; x_wconf 85' lang='lat' dir='ltr'><strong>januam;</strong></span> 
     </span>
    </p>
   </div>
   <div class='ocr_carea' id='block_1_25' title="bbox 693 2364 2275 2437">
    <p class='ocr_par' dir='ltr' id='par_1_25' title="bbox 693 2364 2275 2437">
     <span class='ocr_line' id='line_1_25' title="bbox 693 2364 2275 2437; baseline -0.004 -14"><span class='ocrx_word' id='word_1_172' title='bbox 693 2376 749 2423; x_wconf 87' lang='lat' dir='ltr'><strong>et</strong></span> <span class='ocrx_word' id='word_1_173' title='bbox 777 2384 904 2423; x_wconf 83' lang='lat' dir='ltr'><strong>ecce</strong></span> <span class='ocrx_word' id='word_1_174' title='bbox 941 2366 1102 2422; x_wconf 89' lang='lat' dir='ltr'><strong>rediit</strong></span> <span class='ocrx_word' id='word_1_175' title='bbox 1129 2381 1373 2437; x_wconf 86' lang='lat' dir='ltr'><strong>serpens,</strong></span> <span class='ocrx_word' id='word_1_176' title='bbox 1423 2374 1482 2420; x_wconf 91' lang='lat' dir='ltr'><strong>ut</strong></span> <span class='ocrx_word' id='word_1_177' title='bbox 1515 2365 1758 2432; x_wconf 83' lang='lat' dir='ltr'><strong>biberet,</strong></span> <span class='ocrx_word' id='word_1_178' title='bbox 1793 2380 2029 2435; x_wconf 73' lang='lat' dir='ltr'><strong>eumque</strong></span> <span class='ocrx_word' id='word_1_179' title='bbox 2053 2364 2275 2434; x_wconf 89' lang='lat' dir='ltr'><strong>conspi-</strong></span> 
     </span>
    </p>
   </div>
   <div class='ocr_carea' id='block_1_26' title="bbox 690 2457 2272 2531">
    <p class='ocr_par' dir='ltr' id='par_1_26' title="bbox 690 2457 2272 2531">
     <span class='ocr_line' id='line_1_26' title="bbox 690 2457 2272 2531; baseline -0.004 -14"><span class='ocrx_word' id='word_1_180' title='bbox 690 2472 844 2517; x_wconf 86' lang='lat' dir='ltr'><strong>catus</strong></span> <span class='ocrx_word' id='word_1_181' title='bbox 893 2475 1090 2531; x_wconf 83' lang='lat' dir='ltr'><strong>caupo,</strong></span> <span class='ocrx_word' id='word_1_182' title='bbox 1132 2458 1359 2529; x_wconf 87' lang='lat' dir='ltr'><strong>arripuit</strong></span> <span class='ocrx_word' id='word_1_183' title='bbox 1410 2458 1616 2530; x_wconf 79' lang='lat' dir='ltr'><strong>lignum</strong></span> <span class='ocrx_word' id='word_1_184' title='bbox 1659 2457 1825 2523; x_wconf 85' lang='lat' dir='ltr'><strong>idem,</strong></span> <span class='ocrx_word' id='word_1_185' title='bbox 1876 2458 2065 2512; x_wconf 90' lang='lat' dir='ltr'><strong>volens</strong></span> <span class='ocrx_word' id='word_1_186' title='bbox 2093 2459 2272 2528; x_wconf 88' lang='lat' dir='ltr'><strong>ipsum</strong></span> 
     </span>
    </p>
   </div>
   <div class='ocr_carea' id='block_1_27' title="bbox 690 2550 2275 2621">
    <p class='ocr_par' dir='ltr' id='par_1_27' title="bbox 690 2550 2275 2621">
     <span class='ocr_line' id='line_1_27' title="bbox 690 2550 2275 2621; baseline -0.002 -15"><span class='ocrx_word' id='word_1_187' title='bbox 690 2553 980 2619; x_wconf 88' lang='lat' dir='ltr'><strong>occidere;</strong></span> <span class='ocrx_word' id='word_1_188' title='bbox 1012 2561 1065 2606; x_wconf 86' lang='lat' dir='ltr'><strong>et</strong></span> <span class='ocrx_word' id='word_1_189' title='bbox 1096 2567 1222 2607; x_wconf 91' lang='lat' dir='ltr'><strong>cum</strong></span> <span class='ocrx_word' id='word_1_190' title='bbox 1255 2550 1618 2621; x_wconf 88' lang='lat' dir='ltr'><strong>percussisset</strong></span> <span class='ocrx_word' id='word_1_191' title='bbox 1660 2562 1716 2605; x_wconf 92' lang='lat' dir='ltr'><strong>et</strong></span> <span class='ocrx_word' id='word_1_192' title='bbox 1756 2551 2082 2615; x_wconf 85' lang='lat' dir='ltr'><strong>aberrasset,</strong></span> <span class='ocrx_word' id='word_1_193' title='bbox 2116 2550 2275 2619; x_wconf 84' lang='lat' dir='ltr'><strong>fregit</strong></span> 
     </span>
    </p>
   </div>
   <div class='ocr_carea' id='block_1_28' title="bbox 691 2641 2273 2713">
    <p class='ocr_par' dir='ltr' id='par_1_28' title="bbox 691 2641 2273 2713">
     <span class='ocr_line' id='line_1_28' title="bbox 691 2641 2273 2713; baseline 0 -16"><span class='ocrx_word' id='word_1_194' title='bbox 691 2659 883 2699; x_wconf 87' lang='lat' dir='ltr'><strong>omnes</strong></span> <span class='ocrx_word' id='word_1_195' title='bbox 912 2643 1179 2713; x_wconf 88' lang='lat' dir='ltr'><strong>ampullas</strong></span> <span class='ocrx_word' id='word_1_196' title='bbox 1210 2652 1267 2697; x_wconf 92' lang='lat' dir='ltr'><strong>et</strong></span> <span class='ocrx_word' id='word_1_197' title='bbox 1291 2643 1514 2712; x_wconf 88' lang='lat' dir='ltr'><strong>pocula.</strong></span> <span class='ocrx_word' id='word_1_198' title='bbox 1544 2641 1699 2697; x_wconf 87' lang='lat' dir='ltr'><strong>Tunc</strong></span> <span class='ocrx_word' id='word_1_199' title='bbox 1728 2641 1970 2697; x_wconf 88' lang='lat' dir='ltr'><strong>accurrit</strong></span> <span class='ocrx_word' id='word_1_200' title='bbox 2008 2641 2188 2707; x_wconf 77' lang='lat' dir='ltr'><strong>Salus,</strong></span> <span class='ocrx_word' id='word_1_201' title='bbox 2222 2652 2273 2697; x_wconf 90' lang='lat' dir='ltr'><strong>et</strong></span> 
     </span>
    </p>
   </div>
   <div class='ocr_carea' id='block_1_29' title="bbox 692 2732 2273 2802">
    <p class='ocr_par' dir='ltr' id='par_1_29' title="bbox 692 2732 2273 2802">
     <span class='ocr_line' id='line_1_29' title="bbox 692 2732 2273 2802; baseline -0.004 -11"><span class='ocrx_word' id='word_1_202' title='bbox 692 2734 864 2791; x_wconf 86' lang='lat' dir='ltr'><strong>dicit:</strong></span> <span class='ocrx_word' id='word_1_203' title='bbox 909 2734 1048 2800; x_wconf 80' lang='lat' dir='ltr'><strong>Quid</strong></span> <span class='ocrx_word' id='word_1_204' title='bbox 1077 2742 1181 2798; x_wconf 91' lang='lat' dir='ltr'><strong>est,</strong></span> <span class='ocrx_word' id='word_1_205' title='bbox 1222 2733 1426 2788; x_wconf 87' lang='lat' dir='ltr'><strong>stulte?</strong></span> <span class='ocrx_word' id='word_1_206' title='bbox 1481 2732 1636 2799; x_wconf 72' lang='lat' dir='ltr'><strong>Vide,</strong></span> <span class='ocrx_word' id='word_1_207' title='bbox 1687 2748 1796 2786; x_wconf 90' lang='lat' dir='ltr'><strong>nou</strong></span> <span class='ocrx_word' id='word_1_208' title='bbox 1838 2747 1939 2802; x_wconf 91' lang='lat' dir='ltr'><strong>ego</strong></span> <span class='ocrx_word' id='word_1_209' title='bbox 1964 2732 2112 2787; x_wconf 89' lang='lat' dir='ltr'><strong>solus</strong></span> <span class='ocrx_word' id='word_1_210' title='bbox 2155 2748 2273 2786; x_wconf 91' lang='lat' dir='ltr'><strong>sum</strong></span> 
     </span>
    </p>
   </div>
   <div class='ocr_carea' id='block_1_30' title="bbox 692 2826 2276 2898">
    <p class='ocr_par' dir='ltr' id='par_1_30' title="bbox 692 2826 2276 2898">
     <span class='ocr_line' id='line_1_30' title="bbox 692 2826 2276 2898; baseline -0.001 -16"><span class='ocrx_word' id='word_1_211' title='bbox 692 2828 840 2883; x_wconf 85' lang='lat' dir='ltr'><strong>iners</strong></span> <span class='ocrx_word' id='word_1_212' title='bbox 867 2828 977 2898; x_wconf 65' lang='grc'><strong>(40)</strong></span> <span class='ocrx_word' id='word_1_213' title='bbox 1012 2836 1068 2881; x_wconf 92' lang='lat' dir='ltr'><strong>et</strong></span> <span class='ocrx_word' id='word_1_214' title='bbox 1112 2826 1296 2881; x_wconf 87' lang='lat' dir='ltr'><strong>minus</strong></span> <span class='ocrx_word' id='word_1_215' title='bbox 1344 2828 1557 2882; x_wconf 76' lang='lat' dir='ltr'><strong>dexter.</strong></span> <span class='ocrx_word' id='word_1_216' title='bbox 1601 2826 1739 2879; x_wconf 82' lang='lat' dir='ltr'><strong>Tum</strong></span> <span class='ocrx_word' id='word_1_217' title='bbox 1791 2826 2059 2880; x_wconf 78' lang='lat' dir='ltr'><strong>intellexit</strong></span> <span class='ocrx_word' id='word_1_218' title='bbox 2101 2842 2276 2895; x_wconf 84' lang='lat' dir='ltr'><strong>caupo</strong></span> 
     </span>
    </p>
   </div>
   <div class='ocr_carea' id='block_1_31' title="bbox 692 2916 2277 2991">
    <p class='ocr_par' dir='ltr' id='par_1_31' title="bbox 692 2916 2277 2991">
     <span class='ocr_line' id='line_1_31' title="bbox 692 2916 2277 2991; baseline 0 -18"><span class='ocrx_word' id='word_1_219' title='bbox 692 2920 836 2991; x_wconf 81' lang='lat' dir='ltr'><strong>quod</strong></span> <span class='ocrx_word' id='word_1_220' title='bbox 866 2920 935 2975; x_wconf 91' lang='lat' dir='ltr'><strong>ob</strong></span> <span class='ocrx_word' id='word_1_221' title='bbox 969 2918 1215 2974; x_wconf 89' lang='lat' dir='ltr'><strong>eamdem</strong></span> <span class='ocrx_word' id='word_1_222' title='bbox 1265 2934 1488 2974; x_wconf 82' lang='lat' dir='ltr'><strong>causam</strong></span> <span class='ocrx_word' id='word_1_223' title='bbox 1543 2919 1711 2973; x_wconf 89' lang='lat' dir='ltr'><strong>abbas</strong></span> <span class='ocrx_word' id='word_1_224' title='bbox 1738 2917 1973 2989; x_wconf 85' lang='lat' dir='ltr'><strong>Symeon</strong></span> <span class='ocrx_word' id='word_1_225' title='bbox 2022 2916 2277 2989; x_wconf 73' lang='lat' dir='ltr'><strong>fregisset</strong></span> 
     </span>
    </p>
   </div>
   <div class='ocr_carea' id='block_1_32' title="bbox 694 3010 2276 3081">
    <p class='ocr_par' dir='ltr' id='par_1_32' title="bbox 694 3010 2276 3081">
     <span class='ocr_line' id='line_1_32' title="bbox 694 3010 2276 3081; baseline -0.002 -15"><span class='ocrx_word' id='word_1_226' title='bbox 694 3011 1009 3081; x_wconf 91' lang='lat' dir='ltr'><strong>ampullam,</strong></span> <span class='ocrx_word' id='word_1_227' title='bbox 1042 3020 1098 3066; x_wconf 91' lang='lat' dir='ltr'><strong>et</strong></span> <span class='ocrx_word' id='word_1_228' title='bbox 1139 3010 1607 3074; x_wconf 66' lang='lat' dir='ltr'><strong>mdiﬁcatus-fuit,</strong></span> <span class='ocrx_word' id='word_1_229' title='bbox 1654 3019 1708 3064; x_wconf 89' lang='lat' dir='ltr'><strong>et</strong></span> <span class='ocrx_word' id='word_1_230' title='bbox 1758 3010 1945 3064; x_wconf 82' lang='lat' dir='ltr'><strong>habuit</strong></span> <span class='ocrx_word' id='word_1_231' title='bbox 1995 3025 2120 3064; x_wconf 76' lang='lat' dir='ltr'><strong>czuu</strong></span> <span class='ocrx_word' id='word_1_232' title='bbox 2178 3026 2276 3081; x_wconf 90' lang='lat' dir='ltr'><strong>pro</strong></span> 
     </span>
    </p>
   </div>
   <div class='ocr_carea' id='block_1_33' title="bbox 694 3116 904 3161">
    <p class='ocr_par' dir='ltr' id='par_1_33' title="bbox 694 3116 904 3161">
     <span class='ocr_line' id='line_1_33' title="bbox 694 3116 904 3161; baseline -0.01 0"><span class='ocrx_word' id='word_1_233' title='bbox 694 3116 904 3161; x_wconf 83' lang='lat' dir='ltr'><strong>sancto.</strong></span> 
     </span>
    </p>
   </div>
   <div class='ocr_carea' id='block_1_34' title="bbox 764 3194 2352 3275">
    <p class='ocr_par' dir='ltr' id='par_1_34' title="bbox 764 3194 2352 3275">
     <span class='ocr_line' id='line_1_34' title="bbox 764 3194 2352 3275; baseline 0 -22"><span class='ocrx_word' id='word_1_234' title='bbox 764 3198 852 3253; x_wconf 63' lang='grc'><strong>54.</strong></span> <span class='ocrx_word' id='word_1_235' title='bbox 896 3196 1033 3251; x_wconf 90' lang='lat' dir='ltr'><strong>Cum</strong></span> <span class='ocrx_word' id='word_1_236' title='bbox 1066 3197 1246 3267; x_wconf 87' lang='lat' dir='ltr'><strong>itaque</strong></span> <span class='ocrx_word' id='word_1_237' title='bbox 1278 3194 1439 3249; x_wconf 83' lang='lat' dir='ltr'><strong>vellet</strong></span> <span class='ocrx_word' id='word_1_238' title='bbox 1471 3203 1694 3249; x_wconf 86' lang='lat' dir='ltr'><strong>sanctus</strong></span> <span class='ocrx_word' id='word_1_239' title='bbox 1723 3194 1941 3251; x_wconf 88' lang='lat' dir='ltr'><strong>abolere</strong></span> <span class='ocrx_word' id='word_1_240' title='bbox 1967 3197 2053 3250; x_wconf 91' lang='lat' dir='ltr'><strong>sui</strong></span> <span class='ocrx_word' id='word_1_241' title='bbox 2094 3197 2277 3253; x_wconf 68' lang='lat' dir='ltr'><strong>esisti-</strong></span> <span class='ocrx_word' id='word_1_242' title='bbox 2307 3215 2352 3275; x_wconf 70' lang='grc' dir='ltr'><strong>ρ</strong></span> 
     </span>
    </p>
   </div>
   <div class='ocr_carea' id='block_1_35' title="bbox 695 3290 2273 3361">
    <p class='ocr_par' dir='ltr' id='par_1_35' title="bbox 695 3290 2273 3361">
     <span class='ocr_line' id='line_1_35' title="bbox 695 3290 2273 3361; baseline 0 -13"><span class='ocrx_word' id='word_1_243' title='bbox 695 3298 1014 3359; x_wconf 81' lang='lat' dir='ltr'><strong>matiouem,</strong></span> <span class='ocrx_word' id='word_1_244' title='bbox 1070 3308 1141 3347; x_wconf 88' lang='lat' dir='ltr'><strong>ne</strong></span> <span class='ocrx_word' id='word_1_245' title='bbox 1187 3293 1353 3346; x_wconf 91' lang='lat' dir='ltr'><strong>herus</strong></span> <span class='ocrx_word' id='word_1_246' title='bbox 1409 3290 1647 3361; x_wconf 86' lang='lat' dir='ltr'><strong>gloriose</strong></span> <span class='ocrx_word' id='word_1_247' title='bbox 1684 3290 1752 3345; x_wconf 90' lang='lat' dir='ltr'><strong>de</strong></span> <span class='ocrx_word' id='word_1_248' title='bbox 1798 3305 1857 3345; x_wconf 91' lang='lat' dir='ltr'><strong>se</strong></span> <span class='ocrx_word' id='word_1_249' title='bbox 1908 3292 2273 3361; x_wconf 69' lang='lat' dir='ltr'><strong>prmdicaret,</strong></span> 
     </span>
    </p>
   </div>
   <div class='ocr_carea' id='block_1_36' title="bbox 694 3384 2279 3455">
    <p class='ocr_par' dir='ltr' id='par_1_36' title="bbox 694 3384 2279 3455">
     <span class='ocr_line' id='line_1_36' title="bbox 694 3384 2279 3455; baseline -0.001 -15"><span class='ocrx_word' id='word_1_250' title='bbox 694 3387 782 3441; x_wconf 88' lang='lat' dir='ltr'><strong>die</strong></span> <span class='ocrx_word' id='word_1_251' title='bbox 806 3386 1061 3455; x_wconf 85' lang='lat' dir='ltr'><strong>quadam,</strong></span> <span class='ocrx_word' id='word_1_252' title='bbox 1108 3400 1234 3439; x_wconf 88' lang='lat' dir='ltr'><strong>cum</strong></span> <span class='ocrx_word' id='word_1_253' title='bbox 1266 3398 1403 3439; x_wconf 74' lang='lat' dir='ltr'><strong>uxor</strong></span> <span class='ocrx_word' id='word_1_254' title='bbox 1443 3384 1563 3452; x_wconf 87' lang='lat' dir='ltr'><strong>ejus</strong></span> <span class='ocrx_word' id='word_1_255' title='bbox 1602 3384 1868 3439; x_wconf 90' lang='lat' dir='ltr'><strong>dormiret</strong></span> <span class='ocrx_word' id='word_1_256' title='bbox 1897 3386 2033 3450; x_wconf 89' lang='lat' dir='ltr'><strong>sola,</strong></span> <span class='ocrx_word' id='word_1_257' title='bbox 2066 3394 2122 3439; x_wconf 90' lang='lat' dir='ltr'><strong>et</strong></span> <span class='ocrx_word' id='word_1_258' title='bbox 2162 3386 2279 3453; x_wconf 83' lang='lat' dir='ltr'><strong>ipse</strong></span> 
     </span>
    </p>
   </div>
   <div class='ocr_carea' id='block_1_37' title="bbox 695 3476 2278 3547">
    <p class='ocr_par' dir='ltr' id='par_1_37' title="bbox 695 3476 2278 3547">
     <span class='ocr_line' id='line_1_37' title="bbox 695 3476 2278 3547; baseline 0.001 -16"><span class='ocrx_word' id='word_1_259' title='bbox 695 3478 882 3532; x_wconf 87' lang='lat' dir='ltr'><strong>vinum</strong></span> <span class='ocrx_word' id='word_1_260' title='bbox 903 3477 1187 3542; x_wconf 85' lang='lat' dir='ltr'><strong>venderet,</strong></span> <span class='ocrx_word' id='word_1_261' title='bbox 1215 3477 1447 3531; x_wconf 85' lang='lat' dir='ltr'><strong>accessit</strong></span> <span class='ocrx_word' id='word_1_262' title='bbox 1475 3477 1541 3530; x_wconf 91' lang='lat' dir='ltr'><strong>ad</strong></span> <span class='ocrx_word' id='word_1_263' title='bbox 1568 3490 1689 3530; x_wconf 90' lang='lat' dir='ltr'><strong>eam</strong></span> <span class='ocrx_word' id='word_1_264' title='bbox 1728 3476 1897 3530; x_wconf 85' lang='lat' dir='ltr'><strong>abbas</strong></span> <span class='ocrx_word' id='word_1_265' title='bbox 1932 3477 2193 3547; x_wconf 79' lang='lat' dir='ltr'><strong>Symeon,</strong></span> <span class='ocrx_word' id='word_1_266' title='bbox 2224 3489 2278 3532; x_wconf 92' lang='lat' dir='ltr'><strong>et</strong></span> 
     </span>
    </p>
   </div>
   <div class='ocr_carea' id='block_1_38' title="bbox 696 3569 2276 3641">
    <p class='ocr_par' dir='ltr' id='par_1_38' title="bbox 696 3569 2276 3641">
     <span class='ocr_line' id='line_1_38' title="bbox 696 3569 2276 3641; baseline -0.001 -17"><span class='ocrx_word' id='word_1_267' title='bbox 696 3587 808 3641; x_wconf 74' lang='lat' dir='ltr'><strong>pra:</strong></span> <span class='ocrx_word' id='word_1_268' title='bbox 837 3586 896 3624; x_wconf 89' lang='lat' dir='ltr'><strong>se</strong></span> <span class='ocrx_word' id='word_1_269' title='bbox 924 3569 1038 3623; x_wconf 88' lang='lat' dir='ltr'><strong>tulit</strong></span> <span class='ocrx_word' id='word_1_270' title='bbox 1070 3584 1273 3623; x_wconf 80' lang='lat' dir='ltr'><strong>exuere</strong></span> <span class='ocrx_word' id='word_1_271' title='bbox 1326 3584 1384 3623; x_wconf 88' lang='lat' dir='ltr'><strong>se</strong></span> <span class='ocrx_word' id='word_1_272' title='bbox 1424 3577 1607 3623; x_wconf 86' lang='lat' dir='ltr'><strong>vestes</strong></span> <span class='ocrx_word' id='word_1_273' title='bbox 1649 3584 1798 3624; x_wconf 90' lang='lat' dir='ltr'><strong>suas.</strong></span> <span class='ocrx_word' id='word_1_274' title='bbox 1845 3569 1937 3623; x_wconf 85' lang='lat' dir='ltr'><strong>Illa</strong></span> <span class='ocrx_word' id='word_1_275' title='bbox 1983 3569 2276 3635; x_wconf 85' lang='lat' dir='ltr'><strong>clamante,</strong></span> 
     </span>
    </p>
   </div>
   <div class='ocr_carea' id='block_1_39' title="bbox 698 3659 2279 3732">
    <p class='ocr_par' dir='ltr' id='par_1_39' title="bbox 698 3659 2279 3732">
     <span class='ocr_line' id='line_1_39' title="bbox 698 3659 2279 3732; baseline 0.001 -16"><span class='ocrx_word' id='word_1_276' title='bbox 698 3664 972 3732; x_wconf 75' lang='lat' dir='ltr'><strong>ingressus</strong></span> <span class='ocrx_word' id='word_1_277' title='bbox 1009 3670 1096 3716; x_wconf 90' lang='lat' dir='ltr'><strong>est</strong></span> <span class='ocrx_word' id='word_1_278' title='bbox 1138 3661 1220 3715; x_wconf 90' lang='lat' dir='ltr'><strong>vir</strong></span> <span class='ocrx_word' id='word_1_279' title='bbox 1247 3661 1386 3731; x_wconf 86' lang='lat' dir='ltr'><strong>ejus.</strong></span> <span class='ocrx_word' id='word_1_280' title='bbox 1431 3659 1531 3714; x_wconf 92' lang='lat' dir='ltr'><strong>Cui</strong></span> <span class='ocrx_word' id='word_1_281' title='bbox 1558 3660 1646 3714; x_wconf 93' lang='lat' dir='ltr'><strong>illa</strong></span> <span class='ocrx_word' id='word_1_282' title='bbox 1681 3679 1693 3714; x_wconf 92' lang='lat'>:</span> <span class='ocrx_word' id='word_1_283' title='bbox 1738 3662 1909 3731; x_wconf 81' lang='lat' dir='ltr'><strong>Ejice,</strong></span> <span class='ocrx_word' id='word_1_284' title='bbox 1942 3662 2139 3731; x_wconf 87' lang='lat' dir='ltr'><strong>inquit,</strong></span> <span class='ocrx_word' id='word_1_285' title='bbox 2166 3678 2279 3718; x_wconf 84' lang='lat' dir='ltr'><strong>sce-</strong></span> 
     </span>
    </p>
   </div>
   <div class='ocr_carea' id='block_1_40' title="bbox 698 3750 2279 3827">
    <p class='ocr_par' dir='ltr' id='par_1_40' title="bbox 698 3750 2279 3827">
     <span class='ocr_line' id='line_1_40' title="bbox 698 3750 2279 3827; baseline -0.001 -19"><span class='ocrx_word' id='word_1_286' title='bbox 698 3753 1046 3808; x_wconf 81' lang='lat' dir='ltr'><strong>lestissimum</strong></span> <span class='ocrx_word' id='word_1_287' title='bbox 1080 3752 1247 3813; x_wconf 86' lang='lat' dir='ltr'><strong>hunc,</strong></span> <span class='ocrx_word' id='word_1_288' title='bbox 1282 3751 1409 3821; x_wconf 88' lang='lat' dir='ltr'><strong>quia</strong></span> <span class='ocrx_word' id='word_1_289' title='bbox 1442 3750 1550 3805; x_wconf 90' lang='lat' dir='ltr'><strong>vim</strong></span> <span class='ocrx_word' id='word_1_290' title='bbox 1584 3752 1716 3806; x_wconf 88' lang='lat' dir='ltr'><strong>mihi</strong></span> <span class='ocrx_word' id='word_1_291' title='bbox 1747 3752 1951 3827; x_wconf 87' lang='lat' dir='ltr'><strong>inferre</strong></span> <span class='ocrx_word' id='word_1_292' title='bbox 1983 3753 2192 3821; x_wconf 85' lang='lat' dir='ltr'><strong>voluit;</strong></span> <span class='ocrx_word' id='word_1_293' title='bbox 2226 3762 2279 3807; x_wconf 91' lang='lat' dir='ltr'><strong>et</strong></span> 
     </span>
    </p>
   </div>
   <div class='ocr_carea' id='block_1_41' title="bbox 698 3840 2276 3916">
    <p class='ocr_par' dir='ltr' id='par_1_41' title="bbox 698 3840 2276 3916">
     <span class='ocr_line' id='line_1_41' title="bbox 698 3840 2276 3916; baseline -0.001 -17"><span class='ocrx_word' id='word_1_294' title='bbox 698 3845 896 3916; x_wconf 84' lang='lat' dir='ltr'><strong>pugnis</strong></span> <span class='ocrx_word' id='word_1_295' title='bbox 926 3858 1053 3898; x_wconf 92' lang='lat' dir='ltr'><strong>eum</strong></span> <span class='ocrx_word' id='word_1_296' title='bbox 1087 3841 1326 3903; x_wconf 66' lang='lat' dir='ltr'><strong>caedetis,</strong></span> <span class='ocrx_word' id='word_1_297' title='bbox 1373 3857 1439 3897; x_wconf 80' lang='lat' dir='ltr'><strong>ex</strong></span> <span class='ocrx_word' id='word_1_298' title='bbox 1478 3840 1691 3896; x_wconf 87' lang='lat' dir='ltr'><strong>ollicina</strong></span> <span class='ocrx_word' id='word_1_299' title='bbox 1722 3843 1928 3912; x_wconf 77' lang='lat' dir='ltr'><strong>expulit</strong></span> <span class='ocrx_word' id='word_1_300' title='bbox 1968 3843 2019 3897; x_wconf 88' lang='lat' dir='ltr'><strong>in</strong></span> <span class='ocrx_word' id='word_1_301' title='bbox 2052 3844 2276 3915; x_wconf 90' lang='lat' dir='ltr'><strong>glaciem</strong></span> 
     </span>
    </p>
   </div>
   <div class='ocr_carea' id='block_1_42' title="bbox 699 3932 2275 4006">
    <p class='ocr_par' dir='ltr' id='par_1_42' title="bbox 699 3932 2275 4006">
     <span class='ocr_line' id='line_1_42' title="bbox 699 3932 2275 4006; baseline -0.001 -15"><span class='ocrx_word' id='word_1_302' title='bbox 699 3940 839 4006; x_wconf 88' lang='lat' dir='ltr'><strong>(erat</strong></span> <span class='ocrx_word' id='word_1_303' title='bbox 890 3935 1039 3990; x_wconf 90' lang='lat' dir='ltr'><strong>enim</strong></span> <span class='ocrx_word' id='word_1_304' title='bbox 1114 3941 1414 4003; x_wconf 86' lang='lat' dir='ltr'><strong>tempestas</strong></span> <span class='ocrx_word' id='word_1_305' title='bbox 1470 3932 1765 4004; x_wconf 86' lang='lat' dir='ltr'><strong>perfrigida</strong></span> <span class='ocrx_word' id='word_1_306' title='bbox 1834 3948 1888 3989; x_wconf 89' lang='lat' dir='ltr'><strong>et</strong></span> <span class='ocrx_word' id='word_1_307' title='bbox 1968 3933 2275 4005; x_wconf 90' lang='lat' dir='ltr'><strong>pruinosa).</strong></span> 
     </span>
    </p>
   </div>
   <div class='ocr_carea' id='block_1_43' title="bbox 698 4027 2280 4099">
    <p class='ocr_par' dir='ltr' id='par_1_43' title="bbox 698 4027 2280 4099">
     <span class='ocr_line' id='line_1_43' title="bbox 698 4027 2280 4099; baseline -0.001 -15"><span class='ocrx_word' id='word_1_308' title='bbox 698 4032 875 4099; x_wconf 76' lang='lat' dir='ltr'><strong>Atque</strong></span> <span class='ocrx_word' id='word_1_309' title='bbox 905 4044 968 4082; x_wconf 78' lang='lat' dir='ltr'><strong>ex</strong></span> <span class='ocrx_word' id='word_1_310' title='bbox 998 4028 1103 4083; x_wconf 87' lang='lat' dir='ltr'><strong>hoc</strong></span> <span class='ocrx_word' id='word_1_311' title='bbox 1133 4036 1375 4096; x_wconf 91' lang='lat' dir='ltr'><strong>tempore</strong></span> <span class='ocrx_word' id='word_1_312' title='bbox 1407 4040 1582 4095; x_wconf 90' lang='lat' dir='ltr'><strong>caupo</strong></span> <span class='ocrx_word' id='word_1_313' title='bbox 1609 4042 1719 4080; x_wconf 90' lang='lat' dir='ltr'><strong>non</strong></span> <span class='ocrx_word' id='word_1_314' title='bbox 1744 4027 1905 4082; x_wconf 84' lang='lat' dir='ltr'><strong>modo</strong></span> <span class='ocrx_word' id='word_1_315' title='bbox 1937 4043 2061 4082; x_wconf 91' lang='lat' dir='ltr'><strong>eum</strong></span> <span class='ocrx_word' id='word_1_316' title='bbox 2086 4028 2280 4084; x_wconf 91' lang='lat' dir='ltr'><strong>habuit</strong></span> 
     </span>
    </p>
   </div>
   <div class='ocr_carea' id='block_1_44' title="bbox 698 4116 2278 4188">
    <p class='ocr_par' dir='ltr' id='par_1_44' title="bbox 698 4116 2278 4188">
     <span class='ocr_line' id='line_1_44' title="bbox 698 4116 2278 4188; baseline -0.001 -14"><span class='ocrx_word' id='word_1_317' title='bbox 698 4135 798 4188; x_wconf 88' lang='lat' dir='ltr'><strong>pro</strong></span> <span class='ocrx_word' id='word_1_318' title='bbox 829 4117 1052 4173; x_wconf 86' lang='lat' dir='ltr'><strong>homine</strong></span> <span class='ocrx_word' id='word_1_319' title='bbox 1080 4124 1273 4171; x_wconf 71' lang='lat' dir='ltr'><strong>emotae</strong></span> <span class='ocrx_word' id='word_1_320' title='bbox 1310 4117 1543 4182; x_wconf 83' lang='lat' dir='ltr'><strong>mentis;</strong></span> <span class='ocrx_word' id='word_1_321' title='bbox 1588 4130 1776 4171; x_wconf 84' lang='lat' dir='ltr'><strong>verum</strong></span> <span class='ocrx_word' id='word_1_322' title='bbox 1806 4116 1849 4171; x_wconf 91' lang='lat' dir='ltr'><strong>si</strong></span> <span class='ocrx_word' id='word_1_323' title='bbox 1880 4116 2045 4170; x_wconf 89' lang='lat' dir='ltr'><strong>alium</strong></span> <span class='ocrx_word' id='word_1_324' title='bbox 2088 4135 2278 4188; x_wconf 86' lang='lat' dir='ltr'><strong>quem-</strong></span> 
     </span>
    </p>
   </div>
   <div class='ocr_carea' id='block_1_45' title="bbox 701 4208 2278 4279">
    <p class='ocr_par' dir='ltr' id='par_1_45' title="bbox 701 4208 2278 4279">
     <span class='ocr_line' id='line_1_45' title="bbox 701 4208 2278 4279; baseline 0 -16"><span class='ocrx_word' id='word_1_325' title='bbox 701 4210 843 4279; x_wconf 89' lang='lat' dir='ltr'><strong>piam</strong></span> <span class='ocrx_word' id='word_1_326' title='bbox 872 4209 1087 4263; x_wconf 89' lang='lat' dir='ltr'><strong>audiret</strong></span> <span class='ocrx_word' id='word_1_327' title='bbox 1132 4208 1404 4262; x_wconf 86' lang='lat' dir='ltr'><strong>dicentem</strong></span> <span class='ocrx_word' id='word_1_328' title='bbox 1439 4224 1455 4261; x_wconf 90' lang='lat'><strong>:</strong></span> <span class='ocrx_word' id='word_1_329' title='bbox 1508 4208 1799 4263; x_wconf 84' lang='lat' dir='ltr'><strong>Enimvero</strong></span> <span class='ocrx_word' id='word_1_330' title='bbox 1844 4208 2075 4263; x_wconf 88' lang='lat' dir='ltr'><strong>fortasse</strong></span> <span class='ocrx_word' id='word_1_331' title='bbox 2105 4224 2164 4263; x_wconf 90' lang='lat' dir='ltr'><strong>se</strong></span> <span class='ocrx_word' id='word_1_332' title='bbox 2195 4219 2278 4263; x_wconf 92' lang='lat' dir='ltr'><strong>ta-</strong></span> 
     </span>
    </p>
   </div>
   <div class='ocr_carea' id='block_1_46' title="bbox 702 4297 2278 4368">
    <p class='ocr_par' dir='ltr' id='par_1_46' title="bbox 702 4297 2278 4368">
     <span class='ocr_line' id='line_1_46' title="bbox 702 4297 2278 4368; baseline 0 -16"><span class='ocrx_word' id='word_1_333' title='bbox 702 4300 805 4354; x_wconf 84' lang='lat' dir='ltr'><strong>lem</strong></span> <span class='ocrx_word' id='word_1_334' title='bbox 844 4314 967 4353; x_wconf 85' lang='lat' dir='ltr'><strong>esse</strong></span> <span class='ocrx_word' id='word_1_335' title='bbox 1009 4298 1231 4353; x_wconf 87' lang='lat' dir='ltr'><strong>simulat</strong></span> <span class='ocrx_word' id='word_1_336' title='bbox 1268 4298 1435 4352; x_wconf 84' lang='lat' dir='ltr'><strong>abbas</strong></span> <span class='ocrx_word' id='word_1_337' title='bbox 1474 4299 1609 4361; x_wconf 89' lang='lat' dir='ltr'><strong>iste;</strong></span> <span class='ocrx_word' id='word_1_338' title='bbox 1638 4297 1819 4352; x_wconf 88' lang='lat' dir='ltr'><strong>statim</strong></span> <span class='ocrx_word' id='word_1_339' title='bbox 1864 4297 1938 4352; x_wconf 92' lang='lat' dir='ltr'><strong>illi</strong></span> <span class='ocrx_word' id='word_1_340' title='bbox 1978 4299 2278 4368; x_wconf 87' lang='lat' dir='ltr'><strong>responde-</strong></span> 
     </span>
    </p>
   </div>
   <div class='ocr_carea' id='block_1_47' title="bbox 701 4388 2281 4459">
    <p class='ocr_par' dir='ltr' id='par_1_47' title="bbox 701 4388 2281 4459">
     <span class='ocr_line' id='line_1_47' title="bbox 701 4388 2281 4459; baseline -0.001 -14"><span class='ocrx_word' id='word_1_341' title='bbox 701 4390 794 4445; x_wconf 87' lang='lat' dir='ltr'><strong>bat</strong></span> <span class='ocrx_word' id='word_1_342' title='bbox 830 4406 843 4441; x_wconf 87' lang='lat'><strong>:</strong></span> <span class='ocrx_word' id='word_1_343' title='bbox 872 4389 1006 4444; x_wconf 75' lang='lat' dir='ltr'><strong>Vere</strong></span> <span class='ocrx_word' id='word_1_344' title='bbox 1045 4404 1216 4458; x_wconf 83' lang='lat' dir='ltr'><strong>purus</strong></span> <span class='ocrx_word' id='word_1_345' title='bbox 1252 4398 1417 4459; x_wconf 86' lang='lat' dir='ltr'><strong>putus</strong></span> <span class='ocrx_word' id='word_1_346' title='bbox 1449 4389 1818 4444; x_wconf 65' lang='lat' dir='ltr'><strong>daamoniacus</strong></span> <span class='ocrx_word' id='word_1_347' title='bbox 1844 4398 1962 4454; x_wconf 86' lang='lat' dir='ltr'><strong>est;</strong></span> <span class='ocrx_word' id='word_1_348' title='bbox 2001 4404 2110 4443; x_wconf 89' lang='lat' dir='ltr'><strong>uon</strong></span> <span class='ocrx_word' id='word_1_349' title='bbox 2142 4388 2281 4443; x_wconf 88' lang='lat' dir='ltr'><strong>fallit</strong></span> 
     </span>
    </p>
   </div>
   <div class='ocr_carea' id='block_1_48' title="bbox 702 4481 2276 4545">
    <p class='ocr_par' dir='ltr' id='par_1_48' title="bbox 702 4481 2276 4545">
     <span class='ocr_line' id='line_1_48' title="bbox 702 4481 2276 4545; baseline -0.002 -7"><span class='ocrx_word' id='word_1_350' title='bbox 702 4499 789 4538; x_wconf 89' lang='lat' dir='ltr'><strong>me</strong></span> <span class='ocrx_word' id='word_1_351' title='bbox 821 4483 984 4537; x_wconf 86' lang='lat' dir='ltr'><strong>homo</strong></span> <span class='ocrx_word' id='word_1_352' title='bbox 1021 4497 1191 4536; x_wconf 81' lang='lat' dir='ltr'><strong>:nam</strong></span> <span class='ocrx_word' id='word_1_353' title='bbox 1248 4483 1402 4535; x_wconf 75' lang='lat' dir='ltr'><strong>uxori</strong></span> <span class='ocrx_word' id='word_1_354' title='bbox 1445 4496 1578 4536; x_wconf 66' lang='lat' dir='ltr'><strong>mea:</strong></span> <span class='ocrx_word' id='word_1_355' title='bbox 1626 4481 1817 4535; x_wconf 88' lang='lat' dir='ltr'><strong>vitium</strong></span> <span class='ocrx_word' id='word_1_356' title='bbox 1856 4481 2052 4535; x_wconf 71' lang='lat' dir='ltr'><strong>allerre</strong></span> <span class='ocrx_word' id='word_1_357' title='bbox 2084 4481 2276 4545; x_wconf 87' lang='lat' dir='ltr'><strong>voluit,</strong></span> 
     </span>
    </p>
   </div>
   <div class='ocr_carea' id='block_1_49' title="bbox 2376 601 4009 675">
    <p class='ocr_par' dir='ltr' id='par_1_49' title="bbox 2376 601 4009 675">
     <span class='ocr_line' id='line_1_49' title="bbox 2376 601 4009 675; baseline 0.001 -21"><span class='ocrx_word' id='word_1_358' title='bbox 2376 602 2581 665; x_wconf 77' lang='grc' dir='ltr'>εὐθέως</span> <span class='ocrx_word' id='word_1_359' title='bbox 2610 601 2844 674; x_wconf 74' lang='grc' dir='ltr'>ήλλασσε</span> <span class='ocrx_word' id='word_1_360' title='bbox 2872 604 2973 675; x_wconf 76' lang='grc' dir='ltr'><strong>τὴν</strong></span> <span class='ocrx_word' id='word_1_361' title='bbox 2997 605 3269 673; x_wconf 80' lang='grc' dir='ltr'><strong>γειτονίαν</strong></span> <span class='ocrx_word' id='word_1_362' title='bbox 3313 606 3528 675; x_wconf 77' lang='grc' dir='ltr'>ἐκείνην</span> <span class='ocrx_word' id='word_1_363' title='bbox 3552 648 3569 671; x_wconf 87' lang='grc'><em>,</em></span> <span class='ocrx_word' id='word_1_364' title='bbox 3621 606 3756 667; x_wconf 72' lang='grc' dir='ltr'>ἕως</span> <span class='ocrx_word' id='word_1_365' title='bbox 3798 606 3897 658; x_wconf 70' lang='grc' dir='ltr'>τοι]</span> <span class='ocrx_word' id='word_1_366' title='bbox 3925 609 4009 673; x_wconf 66' lang='grc' dir='ltr'>λη.</span> 
     </span>
    </p>
   </div>
   <div class='ocr_carea' id='block_1_50' title="bbox 2373 694 4007 770">
    <p class='ocr_par' dir='ltr' id='par_1_50' title="bbox 2373 694 4007 770">
     <span class='ocr_line' id='line_1_50' title="bbox 2373 694 4007 770; baseline 0.004 -24"><span class='ocrx_word' id='word_1_367' title='bbox 2373 694 2619 767; x_wconf 72' lang='grc' dir='ltr'>σμονηοῇ</span> <span class='ocrx_word' id='word_1_368' title='bbox 2646 695 2707 748; x_wconf 84' lang='grc' dir='ltr'>τὸ</span> <span class='ocrx_word' id='word_1_369' title='bbox 2735 697 2990 770; x_wconf 79' lang='grc' dir='ltr'>πρᾶγμα,</span> <span class='ocrx_word' id='word_1_370' title='bbox 3043 698 3072 751; x_wconf 89' lang='lat'><strong>6</strong></span> <span class='ocrx_word' id='word_1_371' title='bbox 3108 699 3387 768; x_wconf 76' lang='grc' dir='ltr'>ἐποίησεν.</span> <span class='ocrx_word' id='word_1_372' title='bbox 3424 699 3772 753; x_wconf 70' lang='grc' dir='ltr'><strong>Ἐσπευξεν</strong></span> <span class='ocrx_word' id='word_1_373' title='bbox 3830 698 3890 751; x_wconf 75' lang='grc' dir='ltr'>δὲ</span> <span class='ocrx_word' id='word_1_374' title='bbox 3925 706 4007 753; x_wconf 70' lang='grc' dir='ltr'><strong>καὶ</strong></span> 
     </span>
    </p>
   </div>
   <div class='ocr_carea' id='block_1_51' title="bbox 2375 788 4003 861">
    <p class='ocr_par' dir='ltr' id='par_1_51' title="bbox 2375 788 4003 861">
     <span class='ocr_line' id='line_1_51' title="bbox 2375 788 4003 861; baseline 0.002 -20"><span class='ocrx_word' id='word_1_375' title='bbox 2375 788 2634 859; x_wconf 80' lang='grc' dir='ltr'>παραυτά</span> <span class='ocrx_word' id='word_1_376' title='bbox 2694 789 3136 859; x_wconf 77' lang='grc' dir='ltr'>σχηματίσασθαι</span> <span class='ocrx_word' id='word_1_377' title='bbox 3198 790 3430 861; x_wconf 78' lang='grc' dir='ltr'>ἄκαιρόν</span> <span class='ocrx_word' id='word_1_378' title='bbox 3483 793 3537 844; x_wconf 90' lang='grc' dir='ltr'><strong>τί</strong></span> <span class='ocrx_word' id='word_1_379' title='bbox 3596 809 3786 854; x_wconf 81' lang='grc' dir='ltr'>ποτε,</span> <span class='ocrx_word' id='word_1_380' title='bbox 3830 794 3923 845; x_wconf 84' lang='grc' dir='ltr'>ἶνα</span> <span class='ocrx_word' id='word_1_381' title='bbox 3947 796 4003 846; x_wconf 69' lang='grc' dir='ltr'><strong>δι’</strong></span> 
     </span>
    </p>
   </div>
   <div class='ocr_carea' id='block_1_52' title="bbox 2372 882 3999 957">
    <p class='ocr_par' dir='ltr' id='par_1_52' title="bbox 2372 882 3999 957">
     <span class='ocr_line' id='line_1_52' title="bbox 2372 882 3999 957; baseline 0.002 -24"><span class='ocrx_word' id='word_1_382' title='bbox 2372 883 2586 935; x_wconf 82' lang='grc' dir='ltr'>ἐκείνου</span> <span class='ocrx_word' id='word_1_383' title='bbox 2610 882 2926 956; x_wconf 51' lang='lat' dir='ltr'><strong>amatae,“</strong></span> <span class='ocrx_word' id='word_1_384' title='bbox 2960 884 3021 937; x_wconf 83' lang='grc' dir='ltr'>τὸ</span> <span class='ocrx_word' id='word_1_385' title='bbox 3052 885 3405 956; x_wconf 76' lang='grc' dir='ltr'>κατόρθωμα.</span> <span class='ocrx_word' id='word_1_386' title='bbox 3442 886 3588 940; x_wconf 79' lang='grc' dir='ltr'>Ποτὲ</span> <span class='ocrx_word' id='word_1_387' title='bbox 3625 886 3697 938; x_wconf 81' lang='grc' dir='ltr'>δὲ</span> <span class='ocrx_word' id='word_1_388' title='bbox 3735 885 3999 957; x_wconf 55' lang='grc' dir='ltr'><strong>θερμῶς»-</strong></span> 
     </span>
    </p>
   </div>
   <div class='ocr_carea' id='block_1_53' title="bbox 2370 974 3999 1051">
    <p class='ocr_par' dir='ltr' id='par_1_53' title="bbox 2370 974 3999 1051">
     <span class='ocr_line' id='line_1_53' title="bbox 2370 974 3999 1051; baseline 0.003 -25"><span class='ocrx_word' id='word_1_389' title='bbox 2370 974 2479 1029; x_wconf 86' lang='grc' dir='ltr'><strong>τῶν</strong></span> <span class='ocrx_word' id='word_1_390' title='bbox 2519 976 2577 1029; x_wconf 83' lang='grc' dir='ltr'>ὲν</span> <span class='ocrx_word' id='word_1_391' title='bbox 2614 976 2919 1047; x_wconf 83' lang='grc' dir='ltr'>καπηλείῳ,</span> <span class='ocrx_word' id='word_1_392' title='bbox 2948 976 3225 1046; x_wconf 70' lang='grc' dir='ltr'>ἐλάμϐανε</span> <span class='ocrx_word' id='word_1_393' title='bbox 3256 978 3352 1050; x_wconf 77' lang='grc' dir='ltr'><strong>τὴν</strong></span> <span class='ocrx_word' id='word_1_394' title='bbox 3382 980 3602 1051; x_wconf 78' lang='grc' dir='ltr'>τροφὴν</span> <span class='ocrx_word' id='word_1_395' title='bbox 3637 978 3863 1032; x_wconf 73' lang='grc' dir='ltr'>αὑτοῦ.</span> <span class='ocrx_word' id='word_1_396' title='bbox 3900 976 3999 1031; x_wconf 80' lang='grc' dir='ltr'><strong>Ἦν</strong></span> 
     </span>
    </p>
   </div>
   <div class='ocr_carea' id='block_1_54' title="bbox 2369 1064 3997 1140">
    <p class='ocr_par' dir='ltr' id='par_1_54' title="bbox 2369 1064 3997 1140">
     <span class='ocr_line' id='line_1_54' title="bbox 2369 1064 3997 1140; baseline 0.002 -21"><span class='ocrx_word' id='word_1_397' title='bbox 2369 1066 2423 1119; x_wconf 74' lang='grc' dir='ltr'>δὲ</span> <span class='ocrx_word' id='word_1_398' title='bbox 2453 1064 2799 1138; x_wconf 77' lang='grc' dir='ltr'><strong>ἄσπλαγχνος</strong></span> <span class='ocrx_word' id='word_1_399' title='bbox 2832 1071 2860 1121; x_wconf 98' lang='lat'><strong>6</strong></span> <span class='ocrx_word' id='word_1_400' title='bbox 2886 1068 3154 1138; x_wconf 81' lang='grc' dir='ltr'>κάπηλος,</span> <span class='ocrx_word' id='word_1_401' title='bbox 3180 1069 3322 1123; x_wconf 79' lang='grc' dir='ltr'>ὥστε</span> <span class='ocrx_word' id='word_1_402' title='bbox 3391 1071 3673 1133; x_wconf 74' lang='grc' dir='ltr'><strong>πολλάκις</strong></span> <span class='ocrx_word' id='word_1_403' title='bbox 3732 1070 3869 1123; x_wconf 70' lang='grc' dir='ltr'>οὐδὲ</span> <span class='ocrx_word' id='word_1_404' title='bbox 3914 1071 3997 1140; x_wconf 69' lang='grc' dir='ltr'>τὴν</span> 
     </span>
    </p>
   </div>
   <div class='ocr_carea' id='block_1_55' title="bbox 2370 1159 3995 1233">
    <p class='ocr_par' dir='ltr' id='par_1_55' title="bbox 2370 1159 3995 1233">
     <span class='ocr_line' id='line_1_55' title="bbox 2370 1159 3995 1233; baseline -0.001 -21"><span class='ocrx_word' id='word_1_405' title='bbox 2370 1159 2574 1231; x_wconf 71' lang='grc' dir='ltr'>τροφὴν</span> <span class='ocrx_word' id='word_1_406' title='bbox 2630 1160 2797 1213; x_wconf 79' lang='grc' dir='ltr'>αὐτοῦ</span> <span class='ocrx_word' id='word_1_407' title='bbox 2850 1160 3043 1224; x_wconf 82' lang='grc' dir='ltr'><strong>ἐδίδου,</strong></span> <span class='ocrx_word' id='word_1_408' title='bbox 3099 1162 3305 1232; x_wconf 76' lang='grc' dir='ltr'>καίπερ</span> <span class='ocrx_word' id='word_1_409' title='bbox 3343 1163 3546 1233; x_wconf 75' lang='grc' dir='ltr'>πολλὴν</span> <span class='ocrx_word' id='word_1_410' title='bbox 3590 1163 3831 1231; x_wconf 68' lang='grc' dir='ltr'>πρᾶσιν</span> <span class='ocrx_word' id='word_1_411' title='bbox 3869 1162 3995 1229; x_wconf 66' lang='grc' dir='ltr'>ἔχων</span> 
     </span>
    </p>
   </div>
   <div class='ocr_carea' id='block_1_56' title="bbox 2367 1248 3991 1326">
    <p class='ocr_par' dir='ltr' id='par_1_56' title="bbox 2367 1248 3991 1326">
     <span class='ocr_line' id='line_1_56' title="bbox 2367 1248 3991 1326; baseline 0.001 -22"><span class='ocrx_word' id='word_1_412' title='bbox 2367 1251 2454 1304; x_wconf 74' lang='grc' dir='ltr'>διὰ</span> <span class='ocrx_word' id='word_1_413' title='bbox 2488 1252 2585 1306; x_wconf 72' lang='grc' dir='ltr'><strong>τοῦ</strong></span> <span class='ocrx_word' id='word_1_414' title='bbox 2614 1248 2808 1308; x_wconf 87' lang='grc' dir='ltr'><strong>Σαλοῦ,</strong></span> <span class='ocrx_word' id='word_1_415' title='bbox 2848 1254 2937 1317; x_wconf 82' lang='grc' dir='ltr'>Ὠς</span> <span class='ocrx_word' id='word_1_416' title='bbox 2987 1256 3046 1306; x_wconf 89' lang='grc' dir='ltr'><strong>ὲν</strong></span> <span class='ocrx_word' id='word_1_417' title='bbox 3087 1255 3238 1318; x_wconf 75' lang='grc' dir='ltr'>τάξει</span> <span class='ocrx_word' id='word_1_418' title='bbox 3274 1255 3382 1326; x_wconf 77' lang='grc' dir='ltr'><strong>γάρ</strong></span> <span class='ocrx_word' id='word_1_419' title='bbox 3416 1255 3751 1325; x_wconf 74' lang='grc' dir='ltr'><strong>μετεώρου,</strong></span> <span class='ocrx_word' id='word_1_420' title='bbox 3816 1254 3991 1321; x_wconf 58' lang='grc' dir='ltr'>ἔλεγον</span> 
     </span>
    </p>
   </div>
   <div class='ocr_carea' id='block_1_57' title="bbox 2372 1345 3991 1418">
    <p class='ocr_par' dir='ltr' id='par_1_57' title="bbox 2372 1345 3991 1418">
     <span class='ocr_line' id='line_1_57' title="bbox 2372 1345 3991 1418; baseline 0.002 -22"><span class='ocrx_word' id='word_1_421' title='bbox 2372 1345 2507 1414; x_wconf 74' lang='grc' dir='ltr'>πρὸς</span> <span class='ocrx_word' id='word_1_422' title='bbox 2530 1345 2790 1417; x_wconf 77' lang='grc' dir='ltr'><strong>ἀλλήλους</strong></span> <span class='ocrx_word' id='word_1_423' title='bbox 2816 1348 2865 1400; x_wconf 91' lang='grc' dir='ltr'><strong>οἱ</strong></span> <span class='ocrx_word' id='word_1_424' title='bbox 2895 1348 3113 1401; x_wconf 80' lang='grc' dir='ltr'>πολῖται</span> <span class='ocrx_word' id='word_1_425' title='bbox 3138 1366 3150 1378; x_wconf 90' lang='grc'><strong>·</strong></span> <span class='ocrx_word' id='word_1_426' title='bbox 3190 1351 3473 1418; x_wconf 77' lang='grc' dir='ltr'>Ἀγωμεν,</span> <span class='ocrx_word' id='word_1_427' title='bbox 3527 1350 3778 1417; x_wconf 80' lang='grc' dir='ltr'><strong>πίωμεν</strong></span> <span class='ocrx_word' id='word_1_428' title='bbox 3808 1348 3991 1401; x_wconf 73' lang='grc' dir='ltr'><strong>ὅπουό</strong></span> 
     </span>
    </p>
   </div>
   <div class='ocr_carea' id='block_1_58' title="bbox 2372 1434 3988 1511">
    <p class='ocr_par' dir='ltr' id='par_1_58' title="bbox 2372 1434 3988 1511">
     <span class='ocr_line' id='line_1_58' title="bbox 2372 1434 3988 1511; baseline 0.002 -24"><span class='ocrx_word' id='word_1_429' title='bbox 2372 1436 2559 1499; x_wconf 83' lang='grc' dir='ltr'>Σαλός.</span> <span class='ocrx_word' id='word_1_430' title='bbox 2612 1436 2702 1490; x_wconf 85' lang='grc' dir='ltr'>Ἐν</span> <span class='ocrx_word' id='word_1_431' title='bbox 2735 1439 2834 1509; x_wconf 80' lang='grc' dir='ltr'>μιᾷ</span> <span class='ocrx_word' id='word_1_432' title='bbox 2863 1434 2955 1491; x_wconf 76' lang='grc' dir='ltr'><strong>οὗν</strong></span> <span class='ocrx_word' id='word_1_433' title='bbox 2985 1440 3093 1492; x_wconf 81' lang='grc' dir='ltr'>τῶν</span> <span class='ocrx_word' id='word_1_434' title='bbox 3136 1441 3360 1511; x_wconf 71' lang='grc' dir='ltr'><strong>ἡμερῶν</strong></span> <span class='ocrx_word' id='word_1_435' title='bbox 3404 1439 3681 1511; x_wconf 76' lang='grc' dir='ltr'><strong>εἰσῆλθεν</strong></span> <span class='ocrx_word' id='word_1_436' title='bbox 3712 1439 3874 1507; x_wconf 64' lang='grc' dir='ltr'>ὄφις,</span> <span class='ocrx_word' id='word_1_437' title='bbox 3908 1441 3988 1491; x_wconf 74' lang='lat' dir='ltr'><strong>nl</strong></span> 
     </span>
    </p>
   </div>
   <div class='ocr_carea' id='block_1_59' title="bbox 2371 1528 3985 1602">
    <p class='ocr_par' dir='ltr' id='par_1_59' title="bbox 2371 1528 3985 1602">
     <span class='ocr_line' id='line_1_59' title="bbox 2371 1528 3985 1602; baseline 0.001 -23"><span class='ocrx_word' id='word_1_438' title='bbox 2371 1528 2525 1580; x_wconf 77' lang='grc' dir='ltr'>ἔπιεν</span> <span class='ocrx_word' id='word_1_439' title='bbox 2560 1528 2620 1594; x_wconf 74' lang='grc' dir='ltr'><strong>ἐξ</strong></span> <span class='ocrx_word' id='word_1_440' title='bbox 2654 1529 2772 1591; x_wconf 80' lang='grc' dir='ltr'>ἐνὸς</span> <span class='ocrx_word' id='word_1_441' title='bbox 2814 1530 2924 1583; x_wconf 81' lang='grc' dir='ltr'>τῶν</span> <span class='ocrx_word' id='word_1_442' title='bbox 2974 1530 3201 1601; x_wconf 80' lang='grc' dir='ltr'>βισσίων</span> <span class='ocrx_word' id='word_1_443' title='bbox 3247 1533 3343 1585; x_wconf 83' lang='grc' dir='ltr'>τοῦ</span> <span class='ocrx_word' id='word_1_444' title='bbox 3389 1534 3560 1599; x_wconf 81' lang='grc' dir='ltr'>οἴνου,</span> <span class='ocrx_word' id='word_1_445' title='bbox 3596 1534 3707 1585; x_wconf 75' lang='grc' dir='ltr'><strong>καὶ</strong></span> <span class='ocrx_word' id='word_1_446' title='bbox 3727 1533 3985 1602; x_wconf 66' lang='grc' dir='ltr'>ὲξέρασει</span> 
     </span>
    </p>
   </div>
   <div class='ocr_carea' id='block_1_60' title="bbox 2373 1620 3987 1698">
    <p class='ocr_par' dir='ltr' id='par_1_60' title="bbox 2373 1620 3987 1698">
     <span class='ocr_line' id='line_1_60' title="bbox 2373 1620 3987 1698; baseline 0.004 -26"><span class='ocrx_word' id='word_1_447' title='bbox 2373 1621 2523 1675; x_wconf 79' lang='grc' dir='ltr'>κάτω</span> <span class='ocrx_word' id='word_1_448' title='bbox 2556 1620 2648 1675; x_wconf 80' lang='grc' dir='ltr'>τὸν</span> <span class='ocrx_word' id='word_1_449' title='bbox 2679 1623 2756 1676; x_wconf 72' lang='grc' dir='ltr'><strong>ἰὸν</strong></span> <span class='ocrx_word' id='word_1_450' title='bbox 2786 1623 2974 1688; x_wconf 75' lang='grc' dir='ltr'>αὑτοῦ,</span> <span class='ocrx_word' id='word_1_451' title='bbox 3002 1626 3099 1677; x_wconf 77' lang='grc' dir='ltr'><strong>καὶ</strong></span> <span class='ocrx_word' id='word_1_452' title='bbox 3124 1625 3495 1695; x_wconf 79' lang='grc' dir='ltr'>ἀνεχώρησεν.</span> <span class='ocrx_word' id='word_1_453' title='bbox 3527 1628 3659 1679; x_wconf 78' lang='grc' dir='ltr'><strong>Οὐκ</strong></span> <span class='ocrx_word' id='word_1_454' title='bbox 3685 1622 3760 1698; x_wconf 75' lang='grc' dir='ltr'>ἦν</span> <span class='ocrx_word' id='word_1_455' title='bbox 3793 1627 3855 1680; x_wconf 78' lang='grc' dir='ltr'>δὲ</span> <span class='ocrx_word' id='word_1_456' title='bbox 3890 1627 3987 1678; x_wconf 77' lang='grc' dir='ltr'>ἔσω</span> 
     </span>
    </p>
   </div>
   <div class='ocr_carea' id='block_1_61' title="bbox 2371 1712 3987 1787">
    <p class='ocr_par' dir='ltr' id='par_1_61' title="bbox 2371 1712 3987 1787">
     <span class='ocr_line' id='line_1_61' title="bbox 2371 1712 3987 1787; baseline 0.002 -22"><span class='ocrx_word' id='word_1_457' title='bbox 2371 1714 2399 1766; x_wconf 94' lang='lat'><strong>6</strong></span> <span class='ocrx_word' id='word_1_458' title='bbox 2428 1712 2603 1777; x_wconf 77' lang='grc' dir='ltr'>άϐΰᾱς</span> <span class='ocrx_word' id='word_1_459' title='bbox 2628 1713 2873 1785; x_wconf 84' lang='grc' dir='ltr'><strong>Συμεὼν,</strong></span> <span class='ocrx_word' id='word_1_460' title='bbox 2897 1715 3012 1769; x_wconf 83' lang='grc' dir='ltr'>ἀλλ’</span> <span class='ocrx_word' id='word_1_461' title='bbox 3034 1716 3141 1781; x_wconf 77' lang='grc' dir='ltr'><strong>ἔξω</strong></span> <span class='ocrx_word' id='word_1_462' title='bbox 3164 1717 3443 1783; x_wconf 72' lang='grc' dir='ltr'>ἐϐάλλιζεν</span> <span class='ocrx_word' id='word_1_463' title='bbox 3481 1718 3635 1787; x_wconf 76' lang='grc' dir='ltr'><strong>μετᾶ</strong></span> <span class='ocrx_word' id='word_1_464' title='bbox 3675 1718 3793 1769; x_wconf 83' lang='grc' dir='ltr'>τῶν</span> <span class='ocrx_word' id='word_1_465' title='bbox 3829 1718 3987 1786; x_wconf 71' lang='grc' dir='ltr'>δημο-</span> 
     </span>
    </p>
   </div>
   <div class='ocr_carea' id='block_1_62' title="bbox 2374 1802 3985 1880">
    <p class='ocr_par' dir='ltr' id='par_1_62' title="bbox 2374 1802 3985 1880">
     <span class='ocr_line' id='line_1_62' title="bbox 2374 1802 3985 1880; baseline 0.004 -25"><span class='ocrx_word' id='word_1_466' title='bbox 2374 1802 2499 1857; x_wconf 77' lang='grc' dir='ltr'>τῶν.</span> <span class='ocrx_word' id='word_1_467' title='bbox 2538 1803 2738 1857; x_wconf 83' lang='grc' dir='ltr'>Ἐλθὼν</span> <span class='ocrx_word' id='word_1_468' title='bbox 2762 1802 2857 1859; x_wconf 76' lang='grc' dir='ltr'>οὖν</span> <span class='ocrx_word' id='word_1_469' title='bbox 2902 1809 2931 1860; x_wconf 95' lang='lat'><strong>6</strong></span> <span class='ocrx_word' id='word_1_470' title='bbox 2980 1808 3147 1872; x_wconf 84' lang='grc' dir='ltr'>ὅσιος,</span> <span class='ocrx_word' id='word_1_471' title='bbox 3180 1809 3379 1878; x_wconf 85' lang='grc' dir='ltr'>Θεωρεῖ</span> <span class='ocrx_word' id='word_1_472' title='bbox 3408 1811 3511 1880; x_wconf 75' lang='grc' dir='ltr'>τὴν</span> <span class='ocrx_word' id='word_1_473' title='bbox 3540 1810 3762 1879; x_wconf 78' lang='grc' dir='ltr'>βίσσαν</span> <span class='ocrx_word' id='word_1_474' title='bbox 3804 1813 3985 1876; x_wconf 53' lang='lat'><strong>£747:-</strong></span> 
     </span>
    </p>
   </div>
   <div class='ocr_carea' id='block_1_63' title="bbox 2377 1895 3981 1969">
    <p class='ocr_par' dir='ltr' id='par_1_63' title="bbox 2377 1895 3981 1969">
     <span class='ocr_line' id='line_1_63' title="bbox 2377 1895 3981 1969; baseline -0.005 -7"><span class='ocrx_word' id='word_1_475' title='bbox 2377 1895 2707 1967; x_wconf 74' lang='grc' dir='ltr'>γραμμένην</span> <span class='ocrx_word' id='word_1_476' title='bbox 2734 1897 3000 1968; x_wconf 74' lang='grc' dir='ltr'>ἀοράτως,</span> <span class='ocrx_word' id='word_1_477' title='bbox 3041 1900 3302 1965; x_wconf 77' lang='grc' dir='ltr'>Θάνατος.</span> <span class='ocrx_word' id='word_1_478' title='bbox 3336 1902 3557 1962; x_wconf 82' lang='grc' dir='ltr'><strong>Εὐθέως</strong></span> <span class='ocrx_word' id='word_1_479' title='bbox 3608 1897 3713 1955; x_wconf 66' lang='grc' dir='ltr'><strong>οὖν</strong></span> <span class='ocrx_word' id='word_1_480' title='bbox 3768 1904 3981 1969; x_wconf 63' lang='grc' dir='ltr'>ἐνόησεν</span> 
     </span>
    </p>
   </div>
   <div class='ocr_carea' id='block_1_64' title="bbox 2376 1986 3981 2066">
    <p class='ocr_par' dir='ltr' id='par_1_64' title="bbox 2376 1986 3981 2066">
     <span class='ocr_line' id='line_1_64' title="bbox 2376 1986 3981 2066; baseline 0.006 -28"><span class='ocrx_word' id='word_1_481' title='bbox 2376 1986 2437 2039; x_wconf 75' lang='grc' dir='ltr'><strong>τὸ</strong></span> <span class='ocrx_word' id='word_1_482' title='bbox 2479 1989 2701 2056; x_wconf 86' lang='grc' dir='ltr'>γεγονὸς</span> <span class='ocrx_word' id='word_1_483' title='bbox 2738 1992 2816 2053; x_wconf 86' lang='grc' dir='ltr'><strong>εἰς</strong></span> <span class='ocrx_word' id='word_1_484' title='bbox 2847 1991 3039 2061; x_wconf 72' lang='grc' dir='ltr'>αὐτὴν,</span> <span class='ocrx_word' id='word_1_485' title='bbox 3076 1994 3174 2046; x_wconf 75' lang='grc' dir='ltr'>καὶ</span> <span class='ocrx_word' id='word_1_486' title='bbox 3232 1995 3442 2066; x_wconf 78' lang='grc' dir='ltr'>ἐπάρας</span> <span class='ocrx_word' id='word_1_487' title='bbox 3502 1994 3698 2059; x_wconf 73' lang='grc' dir='ltr'>ξύλον,</span> <span class='ocrx_word' id='word_1_488' title='bbox 3756 1996 3981 2047; x_wconf 74' lang='grc' dir='ltr'>ἐκλασεί</span> 
     </span>
    </p>
   </div>
   <div class='ocr_carea' id='block_1_65' title="bbox 2378 2079 3983 2155">
    <p class='ocr_par' dir='ltr' id='par_1_65' title="bbox 2378 2079 3983 2155">
     <span class='ocr_line' id='line_1_65' title="bbox 2378 2079 3983 2155; baseline 0.003 -22"><span class='ocrx_word' id='word_1_489' title='bbox 2378 2079 2569 2150; x_wconf 76' lang='grc' dir='ltr'>αὐτὴν,</span> <span class='ocrx_word' id='word_1_490' title='bbox 2619 2080 2694 2143; x_wconf 83' lang='lat' dir='ltr'><strong>t&#39;u;</strong></span> <span class='ocrx_word' id='word_1_491' title='bbox 2739 2080 2928 2153; x_wconf 78' lang='grc' dir='ltr'>ἔγεμε.</span> <span class='ocrx_word' id='word_1_492' title='bbox 2978 2084 3173 2137; x_wconf 76' lang='grc' dir='ltr'>Λαϐὼν</span> <span class='ocrx_word' id='word_1_493' title='bbox 3200 2081 3293 2139; x_wconf 71' lang='grc' dir='ltr'>οὖν</span> <span class='ocrx_word' id='word_1_494' title='bbox 3329 2088 3357 2139; x_wconf 90' lang='lat'><strong>6</strong></span> <span class='ocrx_word' id='word_1_495' title='bbox 3403 2087 3692 2155; x_wconf 75' lang='grc' dir='ltr'><strong>αὐθέντης</strong></span> <span class='ocrx_word' id='word_1_496' title='bbox 3723 2087 3899 2140; x_wconf 65' lang='grc' dir='ltr'>αὑτοῦ</span> <span class='ocrx_word' id='word_1_497' title='bbox 3931 2088 3983 2139; x_wconf 73' lang='grc' dir='ltr'>τὸ</span> 
     </span>
    </p>
   </div>
   <div class='ocr_carea' id='block_1_66' title="bbox 2380 2171 3980 2249">
    <p class='ocr_par' dir='ltr' id='par_1_66' title="bbox 2380 2171 3980 2249">
     <span class='ocr_line' id='line_1_66' title="bbox 2380 2171 3980 2249; baseline 0.004 -24"><span class='ocrx_word' id='word_1_498' title='bbox 2380 2171 2535 2237; x_wconf 78' lang='grc' dir='ltr'>ξύλον</span> <span class='ocrx_word' id='word_1_499' title='bbox 2566 2174 2629 2227; x_wconf 83' lang='grc' dir='ltr'>ἐκ</span> <span class='ocrx_word' id='word_1_500' title='bbox 2649 2174 2747 2244; x_wconf 78' lang='grc' dir='ltr'>τῆς</span> <span class='ocrx_word' id='word_1_501' title='bbox 2776 2176 2959 2246; x_wconf 68' lang='grc' dir='ltr'>χειρὸς</span> <span class='ocrx_word' id='word_1_502' title='bbox 2986 2178 3172 2243; x_wconf 69' lang='grc' dir='ltr'>αὑτοῦ,</span> <span class='ocrx_word' id='word_1_503' title='bbox 3214 2180 3410 2233; x_wconf 79' lang='grc' dir='ltr'>ἔδωκεν</span> <span class='ocrx_word' id='word_1_504' title='bbox 3437 2180 3595 2249; x_wconf 74' lang='grc' dir='ltr'>αἰτῷ</span> <span class='ocrx_word' id='word_1_505' title='bbox 3629 2181 3759 2248; x_wconf 73' lang='grc' dir='ltr'>μετ’</span> <span class='ocrx_word' id='word_1_506' title='bbox 3800 2181 3980 2243; x_wconf 67' lang='grc' dir='ltr'>αὑτοῦ,</span> 
     </span>
    </p>
   </div>
   <div class='ocr_carea' id='block_1_67' title="bbox 2378 2264 3979 2345">
    <p class='ocr_par' dir='ltr' id='par_1_67' title="bbox 2378 2264 3979 2345">
     <span class='ocr_line' id='line_1_67' title="bbox 2378 2264 3979 2345; baseline 0.003 -27"><span class='ocrx_word' id='word_1_507' title='bbox 2378 2264 2487 2329; x_wconf 73' lang='grc' dir='ltr'>ἕως</span> <span class='ocrx_word' id='word_1_508' title='bbox 2512 2266 2796 2337; x_wconf 78' lang='grc' dir='ltr'>ἡτόνησεν,</span> <span class='ocrx_word' id='word_1_509' title='bbox 2848 2270 2942 2322; x_wconf 81' lang='grc' dir='ltr'><strong>καὶ</strong></span> <span class='ocrx_word' id='word_1_510' title='bbox 2978 2270 3196 2337; x_wconf 75' lang='grc' dir='ltr'>ἐδίωξεν</span> <span class='ocrx_word' id='word_1_511' title='bbox 3246 2273 3431 2326; x_wconf 80' lang='grc' dir='ltr'>αὐτόν.</span> <span class='ocrx_word' id='word_1_512' title='bbox 3466 2273 3605 2326; x_wconf 79' lang='grc' dir='ltr'><strong>Ἐπὶ</strong></span> <span class='ocrx_word' id='word_1_513' title='bbox 3639 2274 3749 2345; x_wconf 81' lang='grc' dir='ltr'><strong>τὴν</strong></span> <span class='ocrx_word' id='word_1_514' title='bbox 3797 2273 3979 2342; x_wconf 68' lang='grc' dir='ltr'>αεριον</span> 
     </span>
    </p>
   </div>
   <div class='ocr_carea' id='block_1_68' title="bbox 2376 2352 3979 2438">
    <p class='ocr_par' dir='ltr' id='par_1_68' title="bbox 2376 2352 3979 2438">
     <span class='ocr_line' id='line_1_68' title="bbox 2376 2352 3979 2438; baseline 0.007 -31"><span class='ocrx_word' id='word_1_515' title='bbox 2376 2355 2431 2408; x_wconf 85' lang='grc' dir='ltr'>δὲ</span> <span class='ocrx_word' id='word_1_516' title='bbox 2454 2352 2638 2428; x_wconf 77' lang='grc' dir='ltr'><strong>ἦλθεν,</strong></span> <span class='ocrx_word' id='word_1_517' title='bbox 2687 2360 2782 2414; x_wconf 78' lang='grc' dir='ltr'>καὶ</span> <span class='ocrx_word' id='word_1_518' title='bbox 2834 2364 3159 2434; x_wconf 73' lang='grc' dir='ltr'>παρεκρύϐη</span> <span class='ocrx_word' id='word_1_519' title='bbox 3208 2366 3380 2419; x_wconf 82' lang='grc' dir='ltr'>ὀπίσω</span> <span class='ocrx_word' id='word_1_520' title='bbox 3405 2370 3504 2438; x_wconf 71' lang='grc' dir='ltr'>τῆς</span> <span class='ocrx_word' id='word_1_521' title='bbox 3530 2368 3720 2437; x_wconf 71' lang='grc' dir='ltr'>Θύρας</span> <span class='ocrx_word' id='word_1_522' title='bbox 3752 2370 3781 2421; x_wconf 83' lang='grc' dir='ltr'>ὁ</span> <span class='ocrx_word' id='word_1_523' title='bbox 3816 2367 3979 2428; x_wconf 69' lang='grc' dir='ltr'>άεδείς</span> 
     </span>
    </p>
   </div>
   <div class='ocr_carea' id='block_1_69' title="bbox 2378 2447 3978 2525">
    <p class='ocr_par' dir='ltr' id='par_1_69' title="bbox 2378 2447 3978 2525">
     <span class='ocr_line' id='line_1_69' title="bbox 2378 2447 3978 2525; baseline 0.005 -26"><span class='ocrx_word' id='word_1_524' title='bbox 2378 2447 2625 2518; x_wconf 76' lang='grc' dir='ltr'><strong>Συμεὼν,</strong></span> <span class='ocrx_word' id='word_1_525' title='bbox 2660 2451 2753 2504; x_wconf 74' lang='grc' dir='ltr'><strong>καὶ</strong></span> <span class='ocrx_word' id='word_1_526' title='bbox 2787 2450 2913 2505; x_wconf 84' lang='grc' dir='ltr'><strong>ἰδὼν</strong></span> <span class='ocrx_word' id='word_1_527' title='bbox 2942 2454 3105 2507; x_wconf 78' lang='grc' dir='ltr'>αὑτὸν</span> <span class='ocrx_word' id='word_1_528' title='bbox 3138 2456 3166 2507; x_wconf 74' lang='lat'><strong>6</strong></span> <span class='ocrx_word' id='word_1_529' title='bbox 3197 2456 3465 2525; x_wconf 74' lang='grc' dir='ltr'>κὰπη).ο;,</span> <span class='ocrx_word' id='word_1_530' title='bbox 3498 2456 3710 2509; x_wconf 77' lang='grc' dir='ltr'><strong>ἔλαϐεν</strong></span> <span class='ocrx_word' id='word_1_531' title='bbox 3743 2459 3808 2509; x_wconf 72' lang='grc' dir='ltr'><strong>τὸ</strong></span> <span class='ocrx_word' id='word_1_532' title='bbox 3833 2456 3978 2522; x_wconf 63' lang='grc' dir='ltr'>ξύλον</span> 
     </span>
    </p>
   </div>
   <div class='ocr_carea' id='block_1_70' title="bbox 2377 2542 3977 2622">
    <p class='ocr_par' dir='ltr' id='par_1_70' title="bbox 2377 2542 3977 2622">
     <span class='ocr_line' id='line_1_70' title="bbox 2377 2542 3977 2622; baseline 0.006 -28"><span class='ocrx_word' id='word_1_533' title='bbox 2377 2542 2437 2595; x_wconf 81' lang='grc' dir='ltr'>τὸ</span> <span class='ocrx_word' id='word_1_534' title='bbox 2461 2544 2614 2608; x_wconf 75' lang='grc' dir='ltr'>αὐτὸ,</span> <span class='ocrx_word' id='word_1_535' title='bbox 2647 2548 2743 2599; x_wconf 79' lang='grc' dir='ltr'><strong>καὶ</strong></span> <span class='ocrx_word' id='word_1_536' title='bbox 2775 2547 2907 2613; x_wconf 81' lang='grc' dir='ltr'>ἰδοὺ,</span> <span class='ocrx_word' id='word_1_537' title='bbox 2941 2549 3105 2601; x_wconf 81' lang='grc' dir='ltr'>πάλιν</span> <span class='ocrx_word' id='word_1_538' title='bbox 3136 2552 3162 2603; x_wconf 80' lang='grc' dir='ltr'>ὁ</span> <span class='ocrx_word' id='word_1_539' title='bbox 3200 2551 3322 2619; x_wconf 66' lang='grc' dir='ltr'>ὄφις</span> <span class='ocrx_word' id='word_1_540' title='bbox 3352 2548 3521 2622; x_wconf 77' lang='grc' dir='ltr'>ἦλθεν</span> <span class='ocrx_word' id='word_1_541' title='bbox 3568 2556 3734 2604; x_wconf 79' lang='grc' dir='ltr'>πιεῖν</span> <span class='ocrx_word' id='word_1_542' title='bbox 3756 2592 3773 2614; x_wconf 84' lang='grc'><em>,</em></span> <span class='ocrx_word' id='word_1_543' title='bbox 3819 2552 3977 2604; x_wconf 73' lang='grc' dir='ltr'>θέλων</span> 
     </span>
    </p>
   </div>
   <div class='ocr_carea' id='block_1_71' title="bbox 2380 2638 3976 2713">
    <p class='ocr_par' dir='ltr' id='par_1_71' title="bbox 2380 2638 3976 2713">
     <span class='ocr_line' id='line_1_71' title="bbox 2380 2638 3976 2713; baseline 0.002 -23"><span class='ocrx_word' id='word_1_544' title='bbox 2380 2638 2639 2706; x_wconf 76' lang='grc' dir='ltr'>φονεῦσαι</span> <span class='ocrx_word' id='word_1_545' title='bbox 2667 2640 2853 2707; x_wconf 79' lang='grc' dir='ltr'>αὐτὸν,</span> <span class='ocrx_word' id='word_1_546' title='bbox 2886 2644 2975 2696; x_wconf 68' lang='grc' dir='ltr'><strong>καὶ</strong></span> <span class='ocrx_word' id='word_1_547' title='bbox 3005 2642 3320 2713; x_wconf 81' lang='grc' dir='ltr'><strong>ἀποτυχὼν,</strong></span> <span class='ocrx_word' id='word_1_548' title='bbox 3351 2644 3559 2697; x_wconf 79' lang='grc' dir='ltr'>ἔδωκεν</span> <span class='ocrx_word' id='word_1_549' title='bbox 3616 2646 3723 2697; x_wconf 73' lang='grc' dir='ltr'><strong>καὶ</strong></span> <span class='ocrx_word' id='word_1_550' title='bbox 3760 2645 3976 2699; x_wconf 73' lang='grc' dir='ltr'>ἔκλασεν</span> 
     </span>
    </p>
   </div>
   <div class='ocr_carea' id='block_1_72' title="bbox 2377 2729 3975 2807">
    <p class='ocr_par' dir='ltr' id='par_1_72' title="bbox 2377 2729 3975 2807">
     <span class='ocr_line' id='line_1_72' title="bbox 2377 2729 3975 2807; baseline 0.004 -24"><span class='ocrx_word' id='word_1_551' title='bbox 2377 2729 2473 2783; x_wconf 80' lang='grc' dir='ltr'>ὅλα</span> <span class='ocrx_word' id='word_1_552' title='bbox 2511 2731 2582 2783; x_wconf 71' lang='grc' dir='ltr'>τὰ</span> <span class='ocrx_word' id='word_1_553' title='bbox 2618 2732 2802 2802; x_wconf 86' lang='grc' dir='ltr'>βισσία</span> <span class='ocrx_word' id='word_1_554' title='bbox 2832 2734 2928 2787; x_wconf 78' lang='grc' dir='ltr'><strong>καὶ</strong></span> <span class='ocrx_word' id='word_1_555' title='bbox 2960 2736 3025 2787; x_wconf 68' lang='grc' dir='ltr'>τὰ</span> <span class='ocrx_word' id='word_1_556' title='bbox 3062 2736 3320 2805; x_wconf 78' lang='grc' dir='ltr'>ποτήρια.</span> <span class='ocrx_word' id='word_1_557' title='bbox 3372 2738 3510 2790; x_wconf 86' lang='grc' dir='ltr'>Τότε</span> <span class='ocrx_word' id='word_1_558' title='bbox 3553 2739 3975 2807; x_wconf 69' lang='grc' dir='ltr'><strong>εἰσεπήδησενό</strong></span> 
     </span>
    </p>
   </div>
   <div class='ocr_carea' id='block_1_73' title="bbox 2380 2822 3977 2898">
    <p class='ocr_par' dir='ltr' id='par_1_73' title="bbox 2380 2822 3977 2898">
     <span class='ocr_line' id='line_1_73' title="bbox 2380 2822 3977 2898; baseline 0.005 -25"><span class='ocrx_word' id='word_1_559' title='bbox 2380 2822 2568 2885; x_wconf 68' lang='grc' dir='ltr'>Σαλὸς,</span> <span class='ocrx_word' id='word_1_560' title='bbox 2603 2826 2695 2877; x_wconf 78' lang='grc' dir='ltr'>καὶ</span> <span class='ocrx_word' id='word_1_561' title='bbox 2714 2823 2862 2894; x_wconf 81' lang='grc' dir='ltr'>λέγει</span> <span class='ocrx_word' id='word_1_562' title='bbox 2893 2826 3061 2895; x_wconf 81' lang='grc' dir='ltr'>αὐτῷ’</span> <span class='ocrx_word' id='word_1_563' title='bbox 3089 2828 3154 2880; x_wconf 88' lang='grc' dir='ltr'>Τί</span> <span class='ocrx_word' id='word_1_564' title='bbox 3180 2830 3353 2894; x_wconf 80' lang='grc' dir='ltr'>ἐστιν,</span> <span class='ocrx_word' id='word_1_565' title='bbox 3387 2829 3551 2898; x_wconf 79' lang='grc' dir='ltr'>ἔξηχε</span> <span class='ocrx_word' id='word_1_566' title='bbox 3575 2849 3589 2893; x_wconf 93' lang='grc'><strong>;</strong></span> <span class='ocrx_word' id='word_1_567' title='bbox 3621 2831 3730 2894; x_wconf 79' lang='grc' dir='ltr'>ἴδε,</span> <span class='ocrx_word' id='word_1_568' title='bbox 3750 2832 3851 2883; x_wconf 67' lang='grc' dir='ltr'><strong>οὐκ</strong></span> <span class='ocrx_word' id='word_1_569' title='bbox 3870 2831 3977 2897; x_wconf 78' lang='grc' dir='ltr'><strong>εἰμὶ</strong></span> 
     </span>
    </p>
   </div>
   <div class='ocr_carea' id='block_1_74' title="bbox 2378 2913 3973 2991">
    <p class='ocr_par' dir='ltr' id='par_1_74' title="bbox 2378 2913 3973 2991">
     <span class='ocr_line' id='line_1_74' title="bbox 2378 2913 3973 2991; baseline 0.006 -27"><span class='ocrx_word' id='word_1_570' title='bbox 2378 2913 2490 2979; x_wconf 83' lang='grc' dir='ltr'><strong>ἐγὼ</strong></span> <span class='ocrx_word' id='word_1_571' title='bbox 2536 2916 2693 2983; x_wconf 79' lang='grc' dir='ltr'>μόνος</span> <span class='ocrx_word' id='word_1_572' title='bbox 2745 2916 3013 2988; x_wconf 83' lang='grc' dir='ltr'>ἀπέργης.</span> <span class='ocrx_word' id='word_1_573' title='bbox 3048 2919 3183 2971; x_wconf 83' lang='grc' dir='ltr'>Τότε</span> <span class='ocrx_word' id='word_1_574' title='bbox 3213 2917 3307 2973; x_wconf 77' lang='grc' dir='ltr'><strong>οὖν</strong></span> <span class='ocrx_word' id='word_1_575' title='bbox 3356 2920 3499 2989; x_wconf 77' lang='grc' dir='ltr'>ἔγνω</span> <span class='ocrx_word' id='word_1_576' title='bbox 3529 2925 3559 2974; x_wconf 88' lang='grc' dir='ltr'><strong>ὀ</strong></span> <span class='ocrx_word' id='word_1_577' title='bbox 3587 2922 3872 2991; x_wconf 73' lang='grc' dir='ltr'>κάπηλος,</span> <span class='ocrx_word' id='word_1_578' title='bbox 3904 2925 3973 2975; x_wconf 80' lang='grc' dir='ltr'>δτι</span> 
     </span>
    </p>
   </div>
   <div class='ocr_carea' id='block_1_75' title="bbox 2378 3003 3974 3083">
    <p class='ocr_par' dir='ltr' id='par_1_75' title="bbox 2378 3003 3974 3083">
     <span class='ocr_line' id='line_1_75' title="bbox 2378 3003 3974 3083; baseline 0.006 -28"><span class='ocrx_word' id='word_1_579' title='bbox 2378 3003 2447 3057; x_wconf 79' lang='grc' dir='ltr'><strong>δι’</strong></span> <span class='ocrx_word' id='word_1_580' title='bbox 2468 3007 2598 3060; x_wconf 77' lang='grc' dir='ltr'>αὐτὸ</span> <span class='ocrx_word' id='word_1_581' title='bbox 2631 3007 2859 3061; x_wconf 78' lang='grc' dir='ltr'><strong>ἔκλασεν</strong></span> <span class='ocrx_word' id='word_1_582' title='bbox 2883 3012 2912 3063; x_wconf 92' lang='lat'><strong>6</strong></span> <span class='ocrx_word' id='word_1_583' title='bbox 2938 3010 3113 3074; x_wconf 76' lang='grc' dir='ltr'><strong>ἀόὅᾶς</strong></span> <span class='ocrx_word' id='word_1_584' title='bbox 3138 3011 3365 3081; x_wconf 79' lang='grc' dir='ltr'>Συμεὼν</span> <span class='ocrx_word' id='word_1_585' title='bbox 3387 3013 3445 3066; x_wconf 80' lang='grc' dir='ltr'><strong>τὺ</strong></span> <span class='ocrx_word' id='word_1_586' title='bbox 3478 3013 3700 3083; x_wconf 80' lang='grc' dir='ltr'>βισσὶν,</span> <span class='ocrx_word' id='word_1_587' title='bbox 3725 3016 3823 3067; x_wconf 82' lang='grc' dir='ltr'><strong>καί</strong></span> <span class='ocrx_word' id='word_1_588' title='bbox 3846 3016 3974 3083; x_wconf 77' lang='grc' dir='ltr'><strong>ᾠκο-</strong></span> 
     </span>
    </p>
   </div>
   <div class='ocr_carea' id='block_1_76' title="bbox 2377 3096 3325 3173">
    <p class='ocr_par' dir='ltr' id='par_1_76' title="bbox 2377 3096 3325 3173">
     <span class='ocr_line' id='line_1_76' title="bbox 2377 3096 3325 3173; baseline 0.012 -24"><span class='ocrx_word' id='word_1_589' title='bbox 2377 3096 2607 3169; x_wconf 77' lang='grc' dir='ltr'>δομήθη,</span> <span class='ocrx_word' id='word_1_590' title='bbox 2646 3102 2737 3154; x_wconf 69' lang='grc' dir='ltr'>καὶ</span> <span class='ocrx_word' id='word_1_591' title='bbox 2765 3098 2910 3172; x_wconf 73' lang='grc' dir='ltr'>εἶχεν</span> <span class='ocrx_word' id='word_1_592' title='bbox 2946 3102 3113 3156; x_wconf 78' lang='grc' dir='ltr'>αὐτὸν</span> <span class='ocrx_word' id='word_1_593' title='bbox 3147 3105 3325 3173; x_wconf 72' lang='grc' dir='ltr'>ἅγιον.</span> 
     </span>
    </p>
   </div>
   <div class='ocr_carea' id='block_1_77' title="bbox 2455 3192 3973 3269">
    <p class='ocr_par' dir='ltr' id='par_1_77' title="bbox 2455 3192 3973 3269">
     <span class='ocr_line' id='line_1_77' title="bbox 2455 3192 3973 3269; baseline 0.006 -25"><span class='ocrx_word' id='word_1_594' title='bbox 2455 3192 2548 3247; x_wconf 66' lang='grc' dir='ltr'>λδθ.</span> <span class='ocrx_word' id='word_1_595' title='bbox 2580 3193 2761 3248; x_wconf 84' lang='grc' dir='ltr'>Θέλων</span> <span class='ocrx_word' id='word_1_596' title='bbox 2809 3192 2902 3249; x_wconf 82' lang='grc' dir='ltr'><strong>οὖν</strong></span> <span class='ocrx_word' id='word_1_597' title='bbox 2931 3198 2959 3249; x_wconf 88' lang='lat'><strong>6</strong></span> <span class='ocrx_word' id='word_1_598' title='bbox 3001 3198 3147 3262; x_wconf 85' lang='grc' dir='ltr'>ὅσιος</span> <span class='ocrx_word' id='word_1_599' title='bbox 3195 3199 3460 3252; x_wconf 79' lang='grc' dir='ltr'>ἀναλῦσαι</span> <span class='ocrx_word' id='word_1_600' title='bbox 3511 3199 3616 3269; x_wconf 84' lang='grc' dir='ltr'>τὴν</span> <span class='ocrx_word' id='word_1_601' title='bbox 3688 3198 3973 3268; x_wconf 67' lang='grc' dir='ltr'>οἰκοδομὴν</span> 
     </span>
    </p>
   </div>
   <div class='ocr_carea' id='block_1_78' title="bbox 2382 3284 3974 3363">
    <p class='ocr_par' dir='ltr' id='par_1_78' title="bbox 2382 3284 3974 3363">
     <span class='ocr_line' id='line_1_78' title="bbox 2382 3284 3974 3363; baseline 0.003 -26"><span class='ocrx_word' id='word_1_602' title='bbox 2382 3284 2568 3350; x_wconf 77' lang='grc' dir='ltr'>αὐτοῦ,</span> <span class='ocrx_word' id='word_1_603' title='bbox 2597 3286 2685 3339; x_wconf 81' lang='grc' dir='ltr'>ἶνα</span> <span class='ocrx_word' id='word_1_604' title='bbox 2714 3286 2791 3357; x_wconf 82' lang='grc' dir='ltr'>μὴ</span> <span class='ocrx_word' id='word_1_605' title='bbox 2824 3286 3176 3363; x_wconf 69' lang='grc' dir='ltr'><strong>Θριαμὸειῖσῃ</strong></span> <span class='ocrx_word' id='word_1_606' title='bbox 3224 3292 3422 3354; x_wconf 73' lang='grc' dir='ltr'>αὑτὸν,</span> <span class='ocrx_word' id='word_1_607' title='bbox 3463 3293 3523 3343; x_wconf 78' lang='grc' dir='ltr'><strong>ἑν</strong></span> <span class='ocrx_word' id='word_1_608' title='bbox 3562 3293 3669 3361; x_wconf 67' lang='grc' dir='ltr'><strong>μιᾷ</strong></span> <span class='ocrx_word' id='word_1_609' title='bbox 3704 3292 3974 3361; x_wconf 78' lang='grc' dir='ltr'>κοιμωμέ-</span> 
     </span>
    </p>
   </div>
   <div class='ocr_carea' id='block_1_79' title="bbox 2380 3376 3971 3454">
    <p class='ocr_par' dir='ltr' id='par_1_79' title="bbox 2380 3376 3971 3454">
     <span class='ocr_line' id='line_1_79' title="bbox 2380 3376 3971 3454; baseline 0.005 -27"><span class='ocrx_word' id='word_1_610' title='bbox 2380 3392 2477 3446; x_wconf 77' lang='grc' dir='ltr'><strong>νης</strong></span> <span class='ocrx_word' id='word_1_611' title='bbox 2504 3376 2606 3446; x_wconf 77' lang='grc' dir='ltr'>τῆς</span> <span class='ocrx_word' id='word_1_612' title='bbox 2635 3378 2894 3446; x_wconf 81' lang='grc' dir='ltr'>γυναικὸς</span> <span class='ocrx_word' id='word_1_613' title='bbox 2921 3380 3089 3435; x_wconf 76' lang='grc' dir='ltr'>αὐτοῦ</span> <span class='ocrx_word' id='word_1_614' title='bbox 3115 3383 3307 3452; x_wconf 80' lang='grc' dir='ltr'>μόνης,</span> <span class='ocrx_word' id='word_1_615' title='bbox 3343 3383 3607 3436; x_wconf 81' lang='grc' dir='ltr'>κάκείνου</span> <span class='ocrx_word' id='word_1_616' title='bbox 3638 3384 3971 3454; x_wconf 76' lang='grc' dir='ltr'>προϐάλλον-</span> 
     </span>
    </p>
   </div>
   <div class='ocr_carea' id='block_1_80' title="bbox 2378 3467 3971 3546">
    <p class='ocr_par' dir='ltr' id='par_1_80' title="bbox 2378 3467 3971 3546">
     <span class='ocr_line' id='line_1_80' title="bbox 2378 3467 3971 3546; baseline 0.007 -27"><span class='ocrx_word' id='word_1_617' title='bbox 2378 3484 2469 3531; x_wconf 87' lang='grc' dir='ltr'><strong>τος</strong></span> <span class='ocrx_word' id='word_1_618' title='bbox 2500 3467 2663 3535; x_wconf 83' lang='grc' dir='ltr'>οἶνον,</span> <span class='ocrx_word' id='word_1_619' title='bbox 2719 3472 2891 3544; x_wconf 78' lang='grc' dir='ltr'><strong>ἐπέϐη</strong></span> <span class='ocrx_word' id='word_1_620' title='bbox 2941 3474 3079 3545; x_wconf 80' lang='grc' dir='ltr'>πρὸς</span> <span class='ocrx_word' id='word_1_621' title='bbox 3108 3476 3278 3544; x_wconf 76' lang='grc' dir='ltr'>αὐτὴν</span> <span class='ocrx_word' id='word_1_622' title='bbox 3322 3478 3350 3527; x_wconf 89' lang='lat'><strong>6</strong></span> <span class='ocrx_word' id='word_1_623' title='bbox 3375 3472 3554 3539; x_wconf 75' lang='grc' dir='ltr'>άὸὃὶς</span> <span class='ocrx_word' id='word_1_624' title='bbox 3593 3476 3862 3546; x_wconf 80' lang='grc' dir='ltr'>Συμεὼν,</span> <span class='ocrx_word' id='word_1_625' title='bbox 3893 3480 3971 3530; x_wconf 74' lang='grc' dir='ltr'><strong>καὶ</strong></span> 
     </span>
    </p>
   </div>
   <div class='ocr_carea' id='block_1_81' title="bbox 2379 3558 3971 3635">
    <p class='ocr_par' dir='ltr' id='par_1_81' title="bbox 2379 3558 3971 3635">
     <span class='ocr_line' id='line_1_81' title="bbox 2379 3558 3971 3635; baseline 0.006 -25"><span class='ocrx_word' id='word_1_626' title='bbox 2379 3558 2791 3629; x_wconf 73' lang='grc' dir='ltr'>ἔσχηματίσατο</span> <span class='ocrx_word' id='word_1_627' title='bbox 2809 3561 3142 3616; x_wconf 79' lang='grc' dir='ltr'>ἀποδύεσθαι</span> <span class='ocrx_word' id='word_1_628' title='bbox 3169 3564 3229 3617; x_wconf 77' lang='grc' dir='ltr'>τὸ</span> <span class='ocrx_word' id='word_1_629' title='bbox 3259 3564 3471 3634; x_wconf 82' lang='grc' dir='ltr'>ἱμάτιον</span> <span class='ocrx_word' id='word_1_630' title='bbox 3502 3564 3708 3620; x_wconf 74' lang='grc' dir='ltr'>αὑτοῦ.</span> <span class='ocrx_word' id='word_1_631' title='bbox 3730 3565 3971 3635; x_wconf 66' lang='grc' dir='ltr'>Ἐκεένης</span> 
     </span>
    </p>
   </div>
   <div class='ocr_carea' id='block_1_82' title="bbox 2379 3651 3971 3727">
    <p class='ocr_par' dir='ltr' id='par_1_82' title="bbox 2379 3651 3971 3727">
     <span class='ocr_line' id='line_1_82' title="bbox 2379 3651 3971 3727; baseline 0.003 -24"><span class='ocrx_word' id='word_1_632' title='bbox 2379 3651 2470 3705; x_wconf 77' lang='grc' dir='ltr'><strong>οὖν</strong></span> <span class='ocrx_word' id='word_1_633' title='bbox 2512 3652 2787 3722; x_wconf 79' lang='grc' dir='ltr'>βοησάσης</span> <span class='ocrx_word' id='word_1_634' title='bbox 2814 3694 2827 3716; x_wconf 90' lang='grc'><em>,</em></span> <span class='ocrx_word' id='word_1_635' title='bbox 2883 3654 3133 3721; x_wconf 76' lang='grc' dir='ltr'>εἰσῆλθεν</span> <span class='ocrx_word' id='word_1_636' title='bbox 3174 3658 3202 3708; x_wconf 89' lang='lat'><strong>6</strong></span> <span class='ocrx_word' id='word_1_637' title='bbox 3260 3657 3400 3727; x_wconf 68' lang='grc' dir='ltr'><strong>ἀνὴρ</strong></span> <span class='ocrx_word' id='word_1_638' title='bbox 3429 3655 3634 3725; x_wconf 73' lang='grc' dir='ltr'>αὐτῆς,</span> <span class='ocrx_word' id='word_1_639' title='bbox 3686 3658 3793 3711; x_wconf 74' lang='grc' dir='ltr'><strong>καὶ</strong></span> <span class='ocrx_word' id='word_1_640' title='bbox 3841 3658 3971 3725; x_wconf 65' lang='grc' dir='ltr'>λέγει</span> 
     </span>
    </p>
   </div>
   <div class='ocr_carea' id='block_1_83' title="bbox 2380 3742 3969 3816">
    <p class='ocr_par' dir='ltr' id='par_1_83' title="bbox 2380 3742 3969 3816">
     <span class='ocr_line' id='line_1_83' title="bbox 2380 3742 3969 3816; baseline 0.003 -23"><span class='ocrx_word' id='word_1_641' title='bbox 2380 3742 2530 3814; x_wconf 79' lang='grc' dir='ltr'>αὐτῴ</span> <span class='ocrx_word' id='word_1_642' title='bbox 2553 3744 2766 3815; x_wconf 77' lang='grc' dir='ltr'><strong>ἐκείνη·</strong></span> <span class='ocrx_word' id='word_1_643' title='bbox 2806 3743 2943 3799; x_wconf 69' lang='grc' dir='ltr'>Βάλε</span> <span class='ocrx_word' id='word_1_644' title='bbox 2978 3744 3085 3809; x_wconf 74' lang='grc' dir='ltr'><strong>ἔξω</strong></span> <span class='ocrx_word' id='word_1_645' title='bbox 3114 3744 3206 3799; x_wconf 70' lang='grc' dir='ltr'><strong>τὸν</strong></span> <span class='ocrx_word' id='word_1_646' title='bbox 3249 3747 3702 3816; x_wconf 76' lang='grc' dir='ltr'><strong>τρισκατάρατον</strong></span> <span class='ocrx_word' id='word_1_647' title='bbox 3761 3747 3969 3811; x_wconf 72' lang='grc' dir='ltr'>τοῦτον,</span> 
     </span>
    </p>
   </div>
   <div class='ocr_carea' id='block_1_84' title="bbox 2378 3836 3971 3908">
    <p class='ocr_par' dir='ltr' id='par_1_84' title="bbox 2378 3836 3971 3908">
     <span class='ocr_line' id='line_1_84' title="bbox 2378 3836 3971 3908; baseline -0.001 -21"><span class='ocrx_word' id='word_1_648' title='bbox 2378 3837 2461 3888; x_wconf 82' lang='grc' dir='ltr'>ὅτι</span> <span class='ocrx_word' id='word_1_649' title='bbox 2521 3836 2814 3905; x_wconf 84' lang='grc' dir='ltr'>βιάσασθαι</span> <span class='ocrx_word' id='word_1_650' title='bbox 2859 3836 3111 3908; x_wconf 79' lang='grc' dir='ltr'>ἑθέλησέν</span> <span class='ocrx_word' id='word_1_651' title='bbox 3167 3854 3258 3906; x_wconf 84' lang='grc' dir='ltr'><strong>με,</strong></span> <span class='ocrx_word' id='word_1_652' title='bbox 3302 3837 3400 3891; x_wconf 77' lang='grc' dir='ltr'><strong>καὶ</strong></span> <span class='ocrx_word' id='word_1_653' title='bbox 3444 3840 3704 3906; x_wconf 77' lang='grc' dir='ltr'><strong>πυγμαῖς</strong></span> <span class='ocrx_word' id='word_1_654' title='bbox 3756 3840 3971 3891; x_wconf 73' lang='grc' dir='ltr'>τύπτων</span> 
     </span>
    </p>
   </div>
   <div class='ocr_carea' id='block_1_85' title="bbox 2380 3929 3970 4001">
    <p class='ocr_par' dir='ltr' id='par_1_85' title="bbox 2380 3929 3970 4001">
     <span class='ocr_line' id='line_1_85' title="bbox 2380 3929 3970 4001; baseline 0.001 -18"><span class='ocrx_word' id='word_1_655' title='bbox 2380 3929 2670 4001; x_wconf 76' lang='grc' dir='ltr'><strong>ἐξήνεγκεν</strong></span> <span class='ocrx_word' id='word_1_656' title='bbox 2713 3929 2875 3983; x_wconf 79' lang='grc' dir='ltr'>αὐτὸν</span> <span class='ocrx_word' id='word_1_657' title='bbox 2909 3932 2973 3982; x_wconf 80' lang='grc' dir='ltr'><strong>ὲκ</strong></span> <span class='ocrx_word' id='word_1_658' title='bbox 3017 3930 3111 3983; x_wconf 77' lang='grc' dir='ltr'>τοῦ</span> <span class='ocrx_word' id='word_1_659' title='bbox 3139 3930 3508 4000; x_wconf 77' lang='grc' dir='ltr'>ἐργαστηρίου</span> <span class='ocrx_word' id='word_1_660' title='bbox 3554 3931 3641 3993; x_wconf 82' lang='grc' dir='ltr'><strong>εἰς</strong></span> <span class='ocrx_word' id='word_1_661' title='bbox 3674 3931 3741 3982; x_wconf 70' lang='grc' dir='ltr'>τὸ</span> <span class='ocrx_word' id='word_1_662' title='bbox 3776 3932 3970 4001; x_wconf 74' lang='grc' dir='ltr'><strong>κρύος·</strong></span> 
     </span>
    </p>
   </div>
   <div class='ocr_carea' id='block_1_86' title="bbox 2380 4019 3973 4095">
    <p class='ocr_par' dir='ltr' id='par_1_86' title="bbox 2380 4019 3973 4095">
     <span class='ocr_line' id='line_1_86' title="bbox 2380 4019 3973 4095; baseline -0.003 -14"><span class='ocrx_word' id='word_1_663' title='bbox 2380 4019 2445 4093; x_wconf 76' lang='grc' dir='ltr'>ἦν</span> <span class='ocrx_word' id='word_1_664' title='bbox 2466 4022 2577 4093; x_wconf 74' lang='grc' dir='ltr'><strong>γὰρ</strong></span> <span class='ocrx_word' id='word_1_665' title='bbox 2603 4020 2810 4092; x_wconf 77' lang='grc' dir='ltr'>χειμὼν</span> <span class='ocrx_word' id='word_1_666' title='bbox 2836 4022 3010 4089; x_wconf 77' lang='grc' dir='ltr'>μέγας</span> <span class='ocrx_word' id='word_1_667' title='bbox 3032 4022 3127 4074; x_wconf 73' lang='grc' dir='ltr'><strong>καὶ</strong></span> <span class='ocrx_word' id='word_1_668' title='bbox 3159 4021 3353 4093; x_wconf 85' lang='grc' dir='ltr'><strong>βροχή-</strong></span> <span class='ocrx_word' id='word_1_669' title='bbox 3376 4023 3467 4074; x_wconf 81' lang='grc' dir='ltr'><strong>καὶ</strong></span> <span class='ocrx_word' id='word_1_670' title='bbox 3497 4021 3696 4075; x_wconf 65' lang='lat' dir='ltr'><strong>Extat:</strong></span> <span class='ocrx_word' id='word_1_671' title='bbox 3724 4026 3792 4077; x_wconf 67' lang='grc' dir='ltr'><strong>οὗ</strong></span> <span class='ocrx_word' id='word_1_672' title='bbox 3826 4026 3973 4095; x_wconf 69' lang='grc' dir='ltr'>μόνον</span> 
     </span>
    </p>
   </div>
   <div class='ocr_carea' id='block_1_87' title="bbox 2378 4111 3972 4185">
    <p class='ocr_par' dir='ltr' id='par_1_87' title="bbox 2378 4111 3972 4185">
     <span class='ocr_line' id='line_1_87' title="bbox 2378 4111 3972 4185; baseline 0.001 -16"><span class='ocrx_word' id='word_1_673' title='bbox 2378 4117 2459 4169; x_wconf 78' lang='grc' dir='ltr'>δτι</span> <span class='ocrx_word' id='word_1_674' title='bbox 2495 4111 2639 4184; x_wconf 58' lang='grc' dir='ltr'><strong>εἶχεν</strong></span> <span class='ocrx_word' id='word_1_675' title='bbox 2669 4112 2833 4168; x_wconf 73' lang='grc' dir='ltr'>αὐτον</span> <span class='ocrx_word' id='word_1_676' title='bbox 2853 4116 2881 4166; x_wconf 83' lang='lat'><strong>6</strong></span> <span class='ocrx_word' id='word_1_677' title='bbox 2913 4113 3160 4184; x_wconf 85' lang='grc' dir='ltr'>κάπηλος</span> <span class='ocrx_word' id='word_1_678' title='bbox 3197 4114 3528 4185; x_wconf 66' lang='grc' dir='ltr'>παράφρονα</span> <span class='ocrx_word' id='word_1_679' title='bbox 3551 4155 3567 4177; x_wconf 85' lang='grc'><em>,</em></span> <span class='ocrx_word' id='word_1_680' title='bbox 3810 4122 3905 4170; x_wconf 80' lang='grc' dir='ltr'><strong>καὶ</strong></span> <span class='ocrx_word' id='word_1_681' title='bbox 3931 4120 3972 4170; x_wconf 82' lang='grc' dir='ltr'>εί</span> 
     </span>
    </p>
   </div>
   <div class='ocr_carea' id='block_1_88' title="bbox 2379 4207 3971 4279">
    <p class='ocr_par' dir='ltr' id='par_1_88' title="bbox 2379 4207 3971 4279">
     <span class='ocr_line' id='line_1_88' title="bbox 2379 4207 3971 4279; baseline 0 -19"><span class='ocrx_word' id='word_1_682' title='bbox 2379 4207 2540 4260; x_wconf 53' lang='lat' dir='ltr'><strong>eum</strong></span> <span class='ocrx_word' id='word_1_683' title='bbox 2592 4208 2737 4269; x_wconf 83' lang='grc' dir='ltr'>τινὸς</span> <span class='ocrx_word' id='word_1_684' title='bbox 2783 4207 2982 4277; x_wconf 76' lang='grc' dir='ltr'>ήκουεν</span> <span class='ocrx_word' id='word_1_685' title='bbox 3027 4207 3302 4274; x_wconf 75' lang='grc' dir='ltr'>λέγοντος,</span> <span class='ocrx_word' id='word_1_686' title='bbox 3365 4209 3574 4268; x_wconf 80' lang='grc' dir='ltr'>Ὄντως</span> <span class='ocrx_word' id='word_1_687' title='bbox 3600 4208 3756 4279; x_wconf 77' lang='grc' dir='ltr'>τάχα</span> <span class='ocrx_word' id='word_1_688' title='bbox 3790 4212 3971 4263; x_wconf 71' lang='grc' dir='ltr'>ἑαυτὸν</span> 
     </span>
    </p>
   </div>
   <div class='ocr_carea' id='block_1_89' title="bbox 2382 4294 3968 4373">
    <p class='ocr_par' dir='ltr' id='par_1_89' title="bbox 2382 4294 3968 4373">
     <span class='ocr_line' id='line_1_89' title="bbox 2382 4294 3968 4373; baseline 0.001 -22"><span class='ocrx_word' id='word_1_689' title='bbox 2382 4301 2525 4351; x_wconf 77' lang='grc' dir='ltr'>ποιεῖ</span> <span class='ocrx_word' id='word_1_690' title='bbox 2574 4298 2748 4361; x_wconf 67' lang='grc' dir='ltr'>οὕτως</span> <span class='ocrx_word' id='word_1_691' title='bbox 2796 4300 2827 4352; x_wconf 88' lang='lat'><strong>6</strong></span> <span class='ocrx_word' id='word_1_692' title='bbox 2873 4298 3049 4356; x_wconf 66' lang='lat' dir='ltr'>666d:</span> <span class='ocrx_word' id='word_1_693' title='bbox 3078 4294 3235 4362; x_wconf 76' lang='grc' dir='ltr'>οὗτος</span> <span class='ocrx_word' id='word_1_694' title='bbox 3260 4339 3275 4364; x_wconf 85' lang='grc'><em>,</em></span> <span class='ocrx_word' id='word_1_695' title='bbox 3330 4297 3535 4364; x_wconf 81' lang='grc' dir='ltr'>εὐθέως</span> <span class='ocrx_word' id='word_1_696' title='bbox 3564 4300 3767 4368; x_wconf 76' lang='grc' dir='ltr'>ἔλεγεν</span> <span class='ocrx_word' id='word_1_697' title='bbox 3798 4303 3968 4373; x_wconf 76' lang='grc' dir='ltr'>αὐτῷ·</span> 
     </span>
    </p>
   </div>
   <div class='ocr_carea' id='block_1_90' title="bbox 2386 4390 3974 4464">
    <p class='ocr_par' dir='ltr' id='par_1_90' title="bbox 2386 4390 3974 4464">
     <span class='ocr_line' id='line_1_90' title="bbox 2386 4390 3974 4464; baseline -0.001 -19"><span class='ocrx_word' id='word_1_698' title='bbox 2386 4392 2593 4453; x_wconf 75' lang='grc' dir='ltr'>Ὄντως</span> <span class='ocrx_word' id='word_1_699' title='bbox 2620 4391 2963 4461; x_wconf 83' lang='grc' dir='ltr'>δαιμονιάρις</span> <span class='ocrx_word' id='word_1_700' title='bbox 2995 4392 3143 4443; x_wconf 69' lang='grc' dir='ltr'>ἐστὶν</span> <span class='ocrx_word' id='word_1_701' title='bbox 3167 4390 3431 4461; x_wconf 71' lang='grc' dir='ltr'>καθαρὸς,</span> <span class='ocrx_word' id='word_1_702' title='bbox 3452 4394 3514 4444; x_wconf 83' lang='grc' dir='ltr'>οὐ</span> <span class='ocrx_word' id='word_1_703' title='bbox 3558 4393 3755 4464; x_wconf 76' lang='grc' dir='ltr'>πλανᾷ</span> <span class='ocrx_word' id='word_1_704' title='bbox 3789 4412 3861 4463; x_wconf 83' lang='grc' dir='ltr'>με</span> <span class='ocrx_word' id='word_1_705' title='bbox 3891 4397 3974 4448; x_wconf 68' lang='grc' dir='ltr'><strong>ἂν·</strong></span> 
     </span>
    </p>
   </div>
   <div class='ocr_carea' id='block_1_91' title="bbox 2383 4479 3971 4551">
    <p class='ocr_par' dir='ltr' id='par_1_91' title="bbox 2383 4479 3971 4551">
     <span class='ocr_line' id='line_1_91' title="bbox 2383 4479 3971 4551; baseline 0.002 -19"><span class='ocrx_word' id='word_1_706' title='bbox 2383 4480 2622 4551; x_wconf 78' lang='grc' dir='ltr'>6ρωπος,</span> <span class='ocrx_word' id='word_1_707' title='bbox 2646 4481 2729 4533; x_wconf 82' lang='grc' dir='ltr'>ὅτι</span> <span class='ocrx_word' id='word_1_708' title='bbox 2756 4480 2855 4546; x_wconf 77' lang='grc' dir='ltr'><strong>τὴν</strong></span> <span class='ocrx_word' id='word_1_709' title='bbox 2879 4480 3117 4547; x_wconf 80' lang='grc' dir='ltr'>γυναῖκά</span> <span class='ocrx_word' id='word_1_710' title='bbox 3145 4497 3247 4550; x_wconf 83' lang='grc' dir='ltr'>μου</span> <span class='ocrx_word' id='word_1_711' title='bbox 3276 4479 3545 4550; x_wconf 69' lang='grc' dir='ltr'>ἠθέλησεν</span> <span class='ocrx_word' id='word_1_712' title='bbox 3576 4482 3899 4551; x_wconf 77' lang='grc' dir='ltr'>μοιχεῦσαι,</span> <span class='ocrx_word' id='word_1_713' title='bbox 3928 4487 3971 4535; x_wconf 84' lang='grc' dir='ltr'>εἰ</span> 
     </span>
    </p>
   </div>
   <div class='ocr_carea' id='block_1_92' title="bbox 701 4557 2277 4644">
    <p class='ocr_par' dir='ltr' id='par_1_92' title="bbox 701 4570 2277 4641">
     <span class='ocr_line' id='line_1_92' title="bbox 701 4570 2277 4641; baseline -0.001 -14"><span class='ocrx_word' id='word_1_714' title='bbox 701 4572 747 4627; x_wconf 88' lang='lat' dir='ltr'><strong>si</strong></span> <span class='ocrx_word' id='word_1_715' title='bbox 784 4573 1075 4641; x_wconf 79' lang='lat' dir='ltr'><strong>potuisset,</strong></span> <span class='ocrx_word' id='word_1_716' title='bbox 1109 4580 1165 4625; x_wconf 91' lang='lat' dir='ltr'><strong>et</strong></span> <span class='ocrx_word' id='word_1_717' title='bbox 1202 4586 1395 4625; x_wconf 87' lang='lat' dir='ltr'><strong>carnes</strong></span> <span class='ocrx_word' id='word_1_718' title='bbox 1436 4580 1589 4625; x_wconf 85' lang='lat' dir='ltr'><strong>vorat</strong></span> <span class='ocrx_word' id='word_1_719' title='bbox 1632 4572 1773 4626; x_wconf 86' lang='lat' dir='ltr'><strong>sicut</strong></span> <span class='ocrx_word' id='word_1_720' title='bbox 1811 4572 2027 4625; x_wconf 88' lang='lat' dir='ltr'><strong>atheus.</strong></span> <span class='ocrx_word' id='word_1_721' title='bbox 2070 4570 2277 4641; x_wconf 69' lang='lat' dir='ltr'><strong>Saepius</strong></span> 
     </span>
    </p>
   </div>
   <div class='ocr_carea' id='block_1_93' title="bbox 2379 4557 3966 4644">
    <p class='ocr_par' dir='ltr' id='par_1_93' title="bbox 2387 4570 3966 4644">
     <span class='ocr_line' id='line_1_93' title="bbox 2387 4570 3966 4644; baseline 0 -19"><span class='ocrx_word' id='word_1_722' title='bbox 2387 4574 2673 4643; x_wconf 77' lang='grc' dir='ltr'><strong>ἐπέτυχεν.</strong></span> <span class='ocrx_word' id='word_1_723' title='bbox 2728 4574 2820 4626; x_wconf 74' lang='grc' dir='ltr'><strong>καὶ</strong></span> <span class='ocrx_word' id='word_1_724' title='bbox 2868 4573 2937 4624; x_wconf 75' lang='grc' dir='ltr'><strong>τά</strong></span> <span class='ocrx_word' id='word_1_725' title='bbox 2974 4572 3111 4644; x_wconf 80' lang='grc' dir='ltr'><strong>κρέα</strong></span> <span class='ocrx_word' id='word_1_726' title='bbox 3151 4570 3355 4642; x_wconf 83' lang='grc' dir='ltr'>τρώγει</span> <span class='ocrx_word' id='word_1_727' title='bbox 3389 4573 3465 4637; x_wconf 83' lang='grc' dir='ltr'><strong>ὡς</strong></span> <span class='ocrx_word' id='word_1_728' title='bbox 3517 4572 3592 4643; x_wconf 80' lang='grc' dir='ltr'>μὴ</span> <span class='ocrx_word' id='word_1_729' title='bbox 3635 4574 3786 4642; x_wconf 79' lang='grc' dir='ltr'>ἔχων</span> <span class='ocrx_word' id='word_1_730' title='bbox 3820 4575 3966 4627; x_wconf 80' lang='grc' dir='ltr'>Θεόν.</span> 
     </span>
    </p>
   </div>
   <div class='ocr_carea' id='block_1_94' title="bbox 699 4660 2280 4730">
    <p class='ocr_par' dir='ltr' id='par_1_94' title="bbox 699 4660 2280 4730">
     <span class='ocr_line' id='line_1_94' title="bbox 699 4660 2280 4730; baseline -0.001 -14"><span class='ocrx_word' id='word_1_731' title='bbox 699 4662 905 4717; x_wconf 88' lang='lat' dir='ltr'><strong>etenim</strong></span> <span class='ocrx_word' id='word_1_732' title='bbox 944 4676 1139 4716; x_wconf 89' lang='lat' dir='ltr'><strong>carnes</strong></span> <span class='ocrx_word' id='word_1_733' title='bbox 1181 4675 1399 4730; x_wconf 87' lang='lat' dir='ltr'><strong>quoque</strong></span> <span class='ocrx_word' id='word_1_734' title='bbox 1440 4661 1665 4716; x_wconf 74' lang='lat' dir='ltr'><strong>vorabat</strong></span> <span class='ocrx_word' id='word_1_735' title='bbox 1705 4661 1801 4715; x_wconf 83' lang='lat' dir='ltr'><strong>Vir</strong></span> <span class='ocrx_word' id='word_1_736' title='bbox 1832 4662 2035 4730; x_wconf 87' lang='lat' dir='ltr'><strong>justus,</strong></span> <span class='ocrx_word' id='word_1_737' title='bbox 2062 4660 2280 4730; x_wconf 84' lang='lat' dir='ltr'><strong>quando</strong></span> 
     </span>
    </p>
   </div>
   <div class='ocr_carea' id='block_1_95' title="bbox 701 4753 2282 4827">
    <p class='ocr_par' dir='ltr' id='par_1_95' title="bbox 701 4753 2282 4827">
     <span class='ocr_line' id='line_1_95' title="bbox 701 4753 2282 4827; baseline -0.001 -17"><span class='ocrx_word' id='word_1_738' title='bbox 701 4772 799 4827; x_wconf 84' lang='lat' dir='ltr'><strong>per</strong></span> <span class='ocrx_word' id='word_1_739' title='bbox 824 4763 989 4810; x_wconf 87' lang='lat' dir='ltr'><strong>totam</strong></span> <span class='ocrx_word' id='word_1_740' title='bbox 1040 4753 1433 4808; x_wconf 87' lang='lat' dir='ltr'><strong>hcbdomadem</strong></span> <span class='ocrx_word' id='word_1_741' title='bbox 1484 4768 1592 4806; x_wconf 88' lang='lat' dir='ltr'><strong>non</strong></span> <span class='ocrx_word' id='word_1_742' title='bbox 1628 4762 1940 4823; x_wconf 81' lang='lat' dir='ltr'><strong>gustaverat</strong></span> <span class='ocrx_word' id='word_1_743' title='bbox 1977 4769 2197 4823; x_wconf 87' lang='lat' dir='ltr'><strong>panem,</strong></span> <span class='ocrx_word' id='word_1_744' title='bbox 2228 4763 2282 4809; x_wconf 92' lang='lat' dir='ltr'><strong>et</strong></span> 
     </span>
    </p>
   </div>
   <div class='ocr_carea' id='block_1_96' title="bbox 702 4844 2277 4921">
    <p class='ocr_par' dir='ltr' id='par_1_96' title="bbox 702 4844 2277 4921">
     <span class='ocr_line' id='line_1_96' title="bbox 702 4844 2277 4921; baseline -0.002 -19"><span class='ocrx_word' id='word_1_745' title='bbox 702 4862 865 4902; x_wconf 85' lang='lat' dir='ltr'><strong>nemo</strong></span> <span class='ocrx_word' id='word_1_746' title='bbox 883 4845 1151 4921; x_wconf 81' lang='lat' dir='ltr'><strong>jejunium</strong></span> <span class='ocrx_word' id='word_1_747' title='bbox 1184 4844 1302 4912; x_wconf 81' lang='lat' dir='ltr'><strong>ejus</strong></span> <span class='ocrx_word' id='word_1_748' title='bbox 1340 4844 1691 4914; x_wconf 85' lang='lat' dir='ltr'><strong>intclligebat.</strong></span> <span class='ocrx_word' id='word_1_749' title='bbox 1730 4844 1794 4898; x_wconf 83' lang='lat' dir='ltr'><strong>Et</strong></span> <span class='ocrx_word' id='word_1_750' title='bbox 1828 4859 2025 4898; x_wconf 87' lang='lat' dir='ltr'><strong>carnes</strong></span> <span class='ocrx_word' id='word_1_751' title='bbox 2059 4844 2277 4914; x_wconf 77' lang='lat' dir='ltr'><strong>quidem</strong></span> 
     </span>
    </p>
   </div>
   <div class='ocr_carea' id='block_1_97' title="bbox 703 4934 2280 5000">
    <p class='ocr_par' dir='ltr' id='par_1_97' title="bbox 703 4934 2280 5000">
     <span class='ocr_line' id='line_1_97' title="bbox 703 4934 2280 5000; baseline -0.001 -7"><span class='ocrx_word' id='word_1_752' title='bbox 703 4953 886 4994; x_wconf 83' lang='lat' dir='ltr'><strong>coram</strong></span> <span class='ocrx_word' id='word_1_753' title='bbox 934 4937 1016 4990; x_wconf 88' lang='lat' dir='ltr'><strong>eis</strong></span> <span class='ocrx_word' id='word_1_754' title='bbox 1061 4936 1307 5000; x_wconf 89' lang='lat' dir='ltr'><strong>vorabat,</strong></span> <span class='ocrx_word' id='word_1_755' title='bbox 1348 4945 1408 4989; x_wconf 89' lang='lat' dir='ltr'><strong>ut</strong></span> <span class='ocrx_word' id='word_1_756' title='bbox 1464 4935 1586 4989; x_wconf 90' lang='lat' dir='ltr'><strong>illos</strong></span> <span class='ocrx_word' id='word_1_757' title='bbox 1631 4935 1863 4990; x_wconf 87' lang='lat' dir='ltr'><strong>falleret.</strong></span> <span class='ocrx_word' id='word_1_758' title='bbox 1918 4934 2091 4991; x_wconf 84' lang='lat' dir='ltr'><strong>Totus</strong></span> <span class='ocrx_word' id='word_1_759' title='bbox 2146 4952 2280 4991; x_wconf 85' lang='lat' dir='ltr'><strong>vero</strong></span> 
     </span>
    </p>
   </div>
   <div class='ocr_carea' id='block_1_98' title="bbox 712 5028 2281 5099">
    <p class='ocr_par' dir='ltr' id='par_1_98' title="bbox 712 5028 2281 5099">
     <span class='ocr_line' id='line_1_98' title="bbox 712 5028 2281 5099; baseline -0.001 -16"><span class='ocrx_word' id='word_1_760' title='bbox 712 5029 871 5099; x_wconf 87' lang='lat' dir='ltr'><strong>quasi</strong></span> <span class='ocrx_word' id='word_1_761' title='bbox 906 5028 1152 5097; x_wconf 87' lang='lat' dir='ltr'><strong>corporis</strong></span> <span class='ocrx_word' id='word_1_762' title='bbox 1181 5043 1374 5097; x_wconf 80' lang='lat' dir='ltr'><strong>expers</strong></span> <span class='ocrx_word' id='word_1_763' title='bbox 1400 5035 1537 5089; x_wconf 83' lang='lat' dir='ltr'><strong>erat,</strong></span> <span class='ocrx_word' id='word_1_764' title='bbox 1586 5042 1763 5096; x_wconf 81' lang='lat' dir='ltr'><strong>neque</strong></span> <span class='ocrx_word' id='word_1_765' title='bbox 1791 5028 2018 5082; x_wconf 89' lang='lat' dir='ltr'><strong>curabat</strong></span> <span class='ocrx_word' id='word_1_766' title='bbox 2045 5028 2281 5083; x_wconf 82' lang='lat' dir='ltr'><strong>dedecus</strong></span> 
     </span>
    </p>
   </div>
   <div class='ocr_carea' id='block_1_99' title="bbox 703 5118 2281 5189">
    <p class='ocr_par' dir='ltr' id='par_1_99' title="bbox 703 5118 2281 5189">
     <span class='ocr_line' id='line_1_99' title="bbox 703 5118 2281 5189; baseline -0.001 -14"><span class='ocrx_word' id='word_1_767' title='bbox 703 5128 797 5175; x_wconf 88' lang='lat' dir='ltr'><strong>aut</strong></span> <span class='ocrx_word' id='word_1_768' title='bbox 823 5120 1129 5184; x_wconf 86' lang='lat' dir='ltr'><strong>hominum,</strong></span> <span class='ocrx_word' id='word_1_769' title='bbox 1160 5131 1255 5173; x_wconf 90' lang='lat' dir='ltr'><strong>aut</strong></span> <span class='ocrx_word' id='word_1_770' title='bbox 1278 5131 1505 5173; x_wconf 68' lang='lat' dir='ltr'><strong>naturae.</strong></span> <span class='ocrx_word' id='word_1_771' title='bbox 1545 5118 1756 5189; x_wconf 66' lang='lat' dir='ltr'><strong>Saepius</strong></span> <span class='ocrx_word' id='word_1_772' title='bbox 1778 5119 1944 5182; x_wconf 88' lang='lat' dir='ltr'><strong>enim,</strong></span> <span class='ocrx_word' id='word_1_773' title='bbox 1987 5119 2177 5176; x_wconf 89' lang='lat' dir='ltr'><strong>volens</strong></span> <span class='ocrx_word' id='word_1_774' title='bbox 2206 5121 2281 5174; x_wconf 86' lang='lat' dir='ltr'><strong>al-</strong></span> 
     </span>
    </p>
   </div>
   <div class='ocr_carea' id='block_1_100' title="bbox 703 5211 2278 5275">
    <p class='ocr_par' dir='ltr' id='par_1_100' title="bbox 703 5211 2278 5275">
     <span class='ocr_line' id='line_1_100' title="bbox 703 5211 2278 5275; baseline -0.001 -9"><span class='ocrx_word' id='word_1_775' title='bbox 703 5228 829 5267; x_wconf 90' lang='lat' dir='ltr'><strong>vum</strong></span> <span class='ocrx_word' id='word_1_776' title='bbox 860 5226 1179 5275; x_wconf 76' lang='lat' dir='ltr'><strong>exonerare,</strong></span> <span class='ocrx_word' id='word_1_777' title='bbox 1218 5211 1420 5264; x_wconf 82' lang='lat' dir='ltr'><strong>nullius</strong></span> <span class='ocrx_word' id='word_1_778' title='bbox 1457 5226 1618 5264; x_wconf 86' lang='lat' dir='ltr'><strong>causa</strong></span> <span class='ocrx_word' id='word_1_779' title='bbox 1662 5212 2015 5275; x_wconf 90' lang='lat' dir='ltr'><strong>erubescens,</strong></span> <span class='ocrx_word' id='word_1_780' title='bbox 2051 5227 2171 5266; x_wconf 85' lang='lat' dir='ltr'><strong>mox</strong></span> <span class='ocrx_word' id='word_1_781' title='bbox 2214 5214 2278 5265; x_wconf 89' lang='lat' dir='ltr'><strong>ad</strong></span> 
     </span>
    </p>
   </div>
   <div class='ocr_carea' id='block_1_101' title="bbox 705 5302 2277 5375">
    <p class='ocr_par' dir='ltr' id='par_1_101' title="bbox 705 5302 2277 5375">
     <span class='ocr_line' id='line_1_101' title="bbox 705 5302 2277 5375; baseline 0 -16"><span class='ocrx_word' id='word_1_782' title='bbox 705 5308 880 5360; x_wconf 90' lang='lat' dir='ltr'><strong>locum</strong></span> <span class='ocrx_word' id='word_1_783' title='bbox 913 5306 1147 5375; x_wconf 81' lang='lat' dir='ltr'><strong>aliquem</strong></span> <span class='ocrx_word' id='word_1_784' title='bbox 1199 5303 1421 5357; x_wconf 77' lang='lat' dir='ltr'><strong>sedebat</strong></span> <span class='ocrx_word' id='word_1_785' title='bbox 1471 5303 1523 5355; x_wconf 85' lang='lat' dir='ltr'><strong>in</strong></span> <span class='ocrx_word' id='word_1_786' title='bbox 1587 5302 1705 5356; x_wconf 87' lang='lat' dir='ltr'><strong>foro</strong></span> <span class='ocrx_word' id='word_1_787' title='bbox 1756 5319 1938 5356; x_wconf 75' lang='lat' dir='ltr'><strong>comm</strong></span> <span class='ocrx_word' id='word_1_788' title='bbox 1988 5305 2277 5369; x_wconf 85' lang='lat' dir='ltr'><strong>omnibus;</strong></span> 
     </span>
    </p>
   </div>
   <div class='ocr_carea' id='block_1_102' title="bbox 701 5395 2278 5467">
    <p class='ocr_par' dir='ltr' id='par_1_102' title="bbox 701 5395 2278 5467">
     <span class='ocr_line' id='line_1_102' title="bbox 701 5395 2278 5467; baseline -0.001 -16"><span class='ocrx_word' id='word_1_789' title='bbox 701 5409 865 5467; x_wconf 75' lang='lat' dir='ltr'><strong>atque</strong></span> <span class='ocrx_word' id='word_1_790' title='bbox 894 5397 998 5451; x_wconf 84' lang='lat' dir='ltr'><strong>hoc</strong></span> <span class='ocrx_word' id='word_1_791' title='bbox 1023 5395 1275 5459; x_wconf 82' lang='lat' dir='ltr'><strong>faciebat,</strong></span> <span class='ocrx_word' id='word_1_792' title='bbox 1312 5405 1369 5447; x_wconf 85' lang='lat' dir='ltr'><strong>ut</strong></span> <span class='ocrx_word' id='word_1_793' title='bbox 1413 5396 1489 5447; x_wconf 85' lang='lat' dir='ltr'><strong>vcl</strong></span> <span class='ocrx_word' id='word_1_794' title='bbox 1542 5411 1605 5447; x_wconf 68' lang='lat' dir='ltr'><strong>ev</strong></span> <span class='ocrx_word' id='word_1_795' title='bbox 1657 5409 1722 5447; x_wconf 90' lang='lat' dir='ltr'><strong>eo</strong></span> <span class='ocrx_word' id='word_1_796' title='bbox 1751 5396 2124 5463; x_wconf 83' lang='lat' dir='ltr'><strong>persuaderet,</strong></span> <span class='ocrx_word' id='word_1_797' title='bbox 2156 5413 2278 5451; x_wconf 84' lang='lat' dir='ltr'><strong>vcrc</strong></span> 
     </span>
    </p>
   </div>
   <div class='ocr_carea' id='block_1_103' title="bbox 2392 4663 3967 4736">
    <p class='ocr_par' dir='ltr' id='par_1_103' title="bbox 2392 4663 3967 4736">
     <span class='ocr_line' id='line_1_103' title="bbox 2392 4663 3967 4736; baseline 0 -18"><span class='ocrx_word' id='word_1_798' title='bbox 2392 4666 2671 4733; x_wconf 78' lang='grc' dir='ltr'>Ἐτρωγεν</span> <span class='ocrx_word' id='word_1_799' title='bbox 2717 4665 2827 4735; x_wconf 72' lang='grc' dir='ltr'>γάρ</span> <span class='ocrx_word' id='word_1_800' title='bbox 2891 4663 3153 4727; x_wconf 82' lang='grc' dir='ltr'>πολλάκις</span> <span class='ocrx_word' id='word_1_801' title='bbox 3214 4665 3243 4717; x_wconf 88' lang='lat'><strong>6</strong></span> <span class='ocrx_word' id='word_1_802' title='bbox 3285 4664 3497 4727; x_wconf 81' lang='grc' dir='ltr'>δίκαιος</span> <span class='ocrx_word' id='word_1_803' title='bbox 3527 4666 3626 4717; x_wconf 73' lang='grc' dir='ltr'><strong>καὶ</strong></span> <span class='ocrx_word' id='word_1_804' title='bbox 3673 4667 3845 4735; x_wconf 72' lang='grc' dir='ltr'>κρέα,</span> <span class='ocrx_word' id='word_1_805' title='bbox 3899 4668 3967 4736; x_wconf 67' lang='grc' dir='ltr'>μὴ</span> 
     </span>
    </p>
   </div>
   <div class='ocr_carea' id='block_1_104' title="bbox 2389 4755 3969 4829">
    <p class='ocr_par' dir='ltr' id='par_1_104' title="bbox 2389 4755 3969 4829">
     <span class='ocr_line' id='line_1_104' title="bbox 2389 4755 3969 4829; baseline 0.001 -19"><span class='ocrx_word' id='word_1_806' title='bbox 2389 4758 2681 4827; x_wconf 76' lang='grc' dir='ltr'>γενόμενος</span> <span class='ocrx_word' id='word_1_807' title='bbox 2717 4757 2882 4827; x_wconf 77' lang='grc' dir='ltr'>ἄρτον</span> <span class='ocrx_word' id='word_1_808' title='bbox 2929 4756 3059 4825; x_wconf 83' lang='grc' dir='ltr'>ὃλην</span> <span class='ocrx_word' id='word_1_809' title='bbox 3102 4755 3201 4826; x_wconf 78' lang='grc' dir='ltr'><strong>τὴν</strong></span> <span class='ocrx_word' id='word_1_810' title='bbox 3255 4755 3547 4826; x_wconf 76' lang='grc' dir='ltr'>ἑϐδομάδα,</span> <span class='ocrx_word' id='word_1_811' title='bbox 3580 4757 3681 4811; x_wconf 79' lang='grc' dir='ltr'><strong>καὶ</strong></span> <span class='ocrx_word' id='word_1_812' title='bbox 3734 4759 3841 4828; x_wconf 70' lang='grc' dir='ltr'><strong>τὴν</strong></span> <span class='ocrx_word' id='word_1_813' title='bbox 3876 4760 3969 4829; x_wconf 67' lang='grc' dir='ltr'><strong>μὲν</strong></span> 
     </span>
    </p>
   </div>
   <div class='ocr_carea' id='block_1_105' title="bbox 2390 4848 3969 4920">
    <p class='ocr_par' dir='ltr' id='par_1_105' title="bbox 2390 4848 3969 4920">
     <span class='ocr_line' id='line_1_105' title="bbox 2390 4848 3969 4920; baseline -0.001 -17"><span class='ocrx_word' id='word_1_814' title='bbox 2390 4849 2643 4919; x_wconf 77' lang='grc' dir='ltr'>νηστείαν</span> <span class='ocrx_word' id='word_1_815' title='bbox 2678 4848 2841 4902; x_wconf 71' lang='grc' dir='ltr'>αὑτοῦ</span> <span class='ocrx_word' id='word_1_816' title='bbox 2879 4849 3058 4911; x_wconf 69' lang='grc' dir='ltr'>οὐδεὶς</span> <span class='ocrx_word' id='word_1_817' title='bbox 3100 4849 3276 4913; x_wconf 73' lang='grc' dir='ltr'><strong>ἐνόει,</strong></span> <span class='ocrx_word' id='word_1_818' title='bbox 3320 4850 3389 4901; x_wconf 86' lang='grc' dir='ltr'><strong>τά</strong></span> <span class='ocrx_word' id='word_1_819' title='bbox 3428 4850 3487 4903; x_wconf 83' lang='grc' dir='ltr'>δὲ</span> <span class='ocrx_word' id='word_1_820' title='bbox 3545 4852 3690 4919; x_wconf 76' lang='grc' dir='ltr'><strong>κρέα</strong></span> <span class='ocrx_word' id='word_1_821' title='bbox 3733 4850 3969 4920; x_wconf 73' lang='grc' dir='ltr'>ἔτρωγεν</span> 
     </span>
    </p>
   </div>
   <div class='ocr_carea' id='block_1_106' title="bbox 2390 4938 3965 5013">
    <p class='ocr_par' dir='ltr' id='par_1_106' title="bbox 2390 4938 3965 5013">
     <span class='ocr_line' id='line_1_106' title="bbox 2390 4938 3965 5013; baseline -0.003 -18"><span class='ocrx_word' id='word_1_822' title='bbox 2390 4942 2701 5013; x_wconf 78' lang='grc' dir='ltr'><strong>ἔμπροσθεν</strong></span> <span class='ocrx_word' id='word_1_823' title='bbox 2731 4939 2911 4993; x_wconf 79' lang='grc' dir='ltr'>αὐτῶν</span> <span class='ocrx_word' id='word_1_824' title='bbox 2934 4941 3070 5011; x_wconf 79' lang='grc' dir='ltr'>πρὸς</span> <span class='ocrx_word' id='word_1_825' title='bbox 3119 4942 3337 5009; x_wconf 81' lang='grc' dir='ltr'>ἀπάτην</span> <span class='ocrx_word' id='word_1_826' title='bbox 3378 4941 3579 4994; x_wconf 75' lang='grc' dir='ltr'>αὐτῶν.</span> <span class='ocrx_word' id='word_1_827' title='bbox 3620 4941 3791 5004; x_wconf 85' lang='grc' dir='ltr'>Ὀλος</span> <span class='ocrx_word' id='word_1_828' title='bbox 3821 4944 3878 4995; x_wconf 70' lang='grc' dir='ltr'><strong>δι</strong></span> <span class='ocrx_word' id='word_1_829' title='bbox 3908 4938 3965 5011; x_wconf 75' lang='grc' dir='ltr'><strong>ἦν</strong></span> 
     </span>
    </p>
   </div>
   <div class='ocr_carea' id='block_1_107' title="bbox 2389 5032 3966 5105">
    <p class='ocr_par' dir='ltr' id='par_1_107' title="bbox 2389 5032 3966 5105">
     <span class='ocr_line' id='line_1_107' title="bbox 2389 5032 3966 5105; baseline 0.001 -18"><span class='ocrx_word' id='word_1_830' title='bbox 2389 5034 2577 5105; x_wconf 73' lang='grc' dir='ltr'>ὥσπερ</span> <span class='ocrx_word' id='word_1_831' title='bbox 2615 5032 2927 5103; x_wconf 79' lang='grc' dir='ltr'>ἀσώματος,</span> <span class='ocrx_word' id='word_1_832' title='bbox 2964 5033 3058 5085; x_wconf 66' lang='grc' dir='ltr'>καὶ</span> <span class='ocrx_word' id='word_1_833' title='bbox 3114 5034 3245 5101; x_wconf 77' lang='grc' dir='ltr'>μηδὲ</span> <span class='ocrx_word' id='word_1_834' title='bbox 3281 5033 3638 5104; x_wconf 60' lang='grc' dir='ltr'>ὑφορώμενος</span> <span class='ocrx_word' id='word_1_835' title='bbox 3669 5035 3776 5103; x_wconf 70' lang='grc' dir='ltr'><strong>τὴν</strong></span> <span class='ocrx_word' id='word_1_836' title='bbox 3804 5036 3966 5104; x_wconf 77' lang='grc' dir='ltr'>ἀσχη-</span> 
     </span>
    </p>
   </div>
   <div class='ocr_carea' id='block_1_108' title="bbox 2392 5124 3965 5198">
    <p class='ocr_par' dir='ltr' id='par_1_108' title="bbox 2392 5124 3965 5198">
     <span class='ocr_line' id='line_1_108' title="bbox 2392 5124 3965 5198; baseline -0.01 -18"><span class='ocrx_word' id='word_1_837' title='bbox 2392 5126 2651 5198; x_wconf 82' lang='grc' dir='ltr'>μοσύνην,</span> <span class='ocrx_word' id='word_1_838' title='bbox 2688 5127 2826 5197; x_wconf 87' lang='grc' dir='ltr'>μήτε</span> <span class='ocrx_word' id='word_1_839' title='bbox 2857 5125 2954 5196; x_wconf 77' lang='grc' dir='ltr'>τὴν</span> <span class='ocrx_word' id='word_1_840' title='bbox 2975 5124 3083 5177; x_wconf 78' lang='grc' dir='ltr'><strong>τῶν</strong></span> <span class='ocrx_word' id='word_1_841' title='bbox 3103 5124 3429 5195; x_wconf 77' lang='grc' dir='ltr'><strong>ἀνθρώπων,</strong></span> <span class='ocrx_word' id='word_1_842' title='bbox 3462 5130 3600 5194; x_wconf 65' lang='grc' dir='ltr'>μήτε</span> <span class='ocrx_word' id='word_1_843' title='bbox 3626 5125 3725 5195; x_wconf 72' lang='grc' dir='ltr'><strong>τὴν</strong></span> <span class='ocrx_word' id='word_1_844' title='bbox 3748 5127 3851 5195; x_wconf 67' lang='grc' dir='ltr'><strong>τῆς</strong></span> <span class='ocrx_word' id='word_1_845' title='bbox 3880 5128 3965 5195; x_wconf 54' lang='grc' dir='ltr'><strong>φά.</strong></span> 
     </span>
    </p>
   </div>
   <div class='ocr_carea' id='block_1_109' title="bbox 2390 5213 3966 5285">
    <p class='ocr_par' dir='ltr' id='par_1_109' title="bbox 2390 5213 3966 5285">
     <span class='ocr_line' id='line_1_109' title="bbox 2390 5213 3966 5285; baseline -0.002 -15"><span class='ocrx_word' id='word_1_846' title='bbox 2390 5234 2547 5280; x_wconf 84' lang='grc' dir='ltr'>σεως.</span> <span class='ocrx_word' id='word_1_847' title='bbox 2582 5216 2849 5279; x_wconf 81' lang='grc' dir='ltr'>Πολλάκις</span> <span class='ocrx_word' id='word_1_848' title='bbox 2872 5216 2980 5285; x_wconf 74' lang='grc' dir='ltr'>γὰρ</span> <span class='ocrx_word' id='word_1_849' title='bbox 3004 5215 3102 5283; x_wconf 74' lang='grc' dir='ltr'>τῆς</span> <span class='ocrx_word' id='word_1_850' title='bbox 3143 5215 3376 5285; x_wconf 71' lang='grc' dir='ltr'>γαστρὸς</span> <span class='ocrx_word' id='word_1_851' title='bbox 3408 5213 3575 5268; x_wconf 78' lang='grc' dir='ltr'>αὐτοῦ</span> <span class='ocrx_word' id='word_1_852' title='bbox 3618 5216 3722 5284; x_wconf 72' lang='grc' dir='ltr'>τὴν</span> <span class='ocrx_word' id='word_1_853' title='bbox 3764 5217 3966 5269; x_wconf 77' lang='grc' dir='ltr'>οἰκείαν</span> 
     </span>
    </p>
   </div>
   <div class='ocr_carea' id='block_1_110' title="bbox 2389 5306 3965 5379">
    <p class='ocr_par' dir='ltr' id='par_1_110' title="bbox 2389 5306 3965 5379">
     <span class='ocr_line' id='line_1_110' title="bbox 2389 5306 3965 5379; baseline -0.002 -17"><span class='ocrx_word' id='word_1_854' title='bbox 2389 5310 2576 5379; x_wconf 73' lang='grc' dir='ltr'>χρείαν</span> <span class='ocrx_word' id='word_1_855' title='bbox 2624 5308 2991 5377; x_wconf 69' lang='grc' dir='ltr'>ἐπιζητούσης</span> <span class='ocrx_word' id='word_1_856' title='bbox 3058 5309 3302 5375; x_wconf 76' lang='grc' dir='ltr'>ποιῆσαι,</span> <span class='ocrx_word' id='word_1_857' title='bbox 3362 5307 3566 5370; x_wconf 76' lang='grc' dir='ltr'>εὐθέως</span> <span class='ocrx_word' id='word_1_858' title='bbox 3615 5306 3828 5376; x_wconf 77' lang='grc' dir='ltr'>μηδένα</span> <span class='ocrx_word' id='word_1_859' title='bbox 3852 5310 3965 5378; x_wconf 66' lang='grc' dir='ltr'><strong>ἐρυ-</strong></span> 
     </span>
    </p>
   </div>
   <div class='ocr_carea' id='block_1_111' title="bbox 2390 5395 3964 5469">
    <p class='ocr_par' dir='ltr' id='par_1_111' title="bbox 2390 5395 3964 5469">
     <span class='ocr_line' id='line_1_111' title="bbox 2390 5395 3964 5469; baseline -0.001 -18"><span class='ocrx_word' id='word_1_860' title='bbox 2390 5400 2576 5469; x_wconf 68' lang='grc' dir='ltr'><strong>οριῶν,</strong></span> <span class='ocrx_word' id='word_1_861' title='bbox 2628 5400 2719 5451; x_wconf 73' lang='grc' dir='ltr'><strong>ἐπὶ</strong></span> <span class='ocrx_word' id='word_1_862' title='bbox 2747 5397 2848 5467; x_wconf 74' lang='grc' dir='ltr'>τῆς</span> <span class='ocrx_word' id='word_1_863' title='bbox 2898 5399 3104 5469; x_wconf 70' lang='grc' dir='ltr'>ἀγορᾶς</span> <span class='ocrx_word' id='word_1_864' title='bbox 3137 5397 3274 5467; x_wconf 70' lang='grc' dir='ltr'>πρὸς</span> <span class='ocrx_word' id='word_1_865' title='bbox 3320 5398 3484 5447; x_wconf 67' lang='grc' dir='ltr'>τότ-εον</span> <span class='ocrx_word' id='word_1_866' title='bbox 3540 5395 3843 5461; x_wconf 75' lang='grc' dir='ltr'><strong>ἐκαθέζετο</strong></span> <span class='ocrx_word' id='word_1_867' title='bbox 3880 5401 3964 5450; x_wconf 71' lang='grc' dir='ltr'><strong>ἐπὶ</strong></span> 
     </span>
    </p>
   </div>
   <div class='ocr_carea' id='block_1_112' title="bbox 2210 5539 2436 5597">
    <p class='ocr_par' dir='ltr' id='par_1_112' title="bbox 2210 5539 2436 5597">
     <span class='ocr_line' id='line_1_112' title="bbox 2210 5539 2436 5597; baseline 0.027 -6"><span class='ocrx_word' id='word_1_868' title='bbox 2210 5539 2436 5597; x_wconf 65' lang='grc' dir='ltr'><strong>ΝΟΤᾸΞ.</strong></span> 
     </span>
    </p>
   </div>
   <div class='ocr_carea' id='block_1_113' title="bbox 774 5650 2281 5719">
    <p class='ocr_par' dir='ltr' id='par_1_113' title="bbox 774 5650 2281 5719">
     <span class='ocr_line' id='line_1_113' title="bbox 774 5650 2281 5719; baseline 0.004 -14"><span class='ocrx_word' id='word_1_869' title='bbox 774 5650 885 5717; x_wconf 76' lang='lat'><strong>(39)</strong></span> <span class='ocrx_word' id='word_1_870' title='bbox 920 5650 1031 5713; x_wconf 80' lang='lat' dir='ltr'><strong>Est,</strong></span> <span class='ocrx_word' id='word_1_871' title='bbox 1072 5652 1239 5719; x_wconf 75' lang='grc' dir='ltr'>βίκος,</span> <span class='ocrx_word' id='word_1_872' title='bbox 1271 5668 1363 5703; x_wconf 79' lang='lat' dir='ltr'><strong>vas</strong></span> <span class='ocrx_word' id='word_1_873' title='bbox 1402 5653 1481 5705; x_wconf 84' lang='lat' dir='ltr'><strong>vel</strong></span> <span class='ocrx_word' id='word_1_874' title='bbox 1523 5669 1654 5705; x_wconf 82' lang='lat' dir='ltr'><strong>unm</strong></span> <span class='ocrx_word' id='word_1_875' title='bbox 1682 5656 1873 5708; x_wconf 77' lang='lat' dir='ltr'><strong>Imbcns</strong></span> <span class='ocrx_word' id='word_1_876' title='bbox 1896 5673 2073 5718; x_wconf 69' lang='lat' dir='ltr'><strong>muas,</strong></span> <span class='ocrx_word' id='word_1_877' title='bbox 2111 5659 2185 5710; x_wconf 83' lang='lat' dir='ltr'><strong>uti</strong></span> <span class='ocrx_word' id='word_1_878' title='bbox 2214 5661 2281 5711; x_wconf 79' lang='lat' dir='ltr'><strong>ab</strong></span> 
     </span>
    </p>
   </div>
   <div class='ocr_carea' id='block_1_114' title="bbox 2469 5657 3961 5730">
    <p class='ocr_par' dir='ltr' id='par_1_114' title="bbox 2469 5657 3961 5730">
     <span class='ocr_line' id='line_1_114' title="bbox 2469 5657 3961 5730; baseline -0.001 -15"><span class='ocrx_word' id='word_1_879' title='bbox 2469 5661 2583 5730; x_wconf 67' lang='grc' dir='ltr'><strong>(ιθ)</strong></span> <span class='ocrx_word' id='word_1_880' title='bbox 2626 5659 2735 5730; x_wconf 67' lang='lat' dir='ltr'><strong>Vox</strong></span> <span class='ocrx_word' id='word_1_881' title='bbox 2765 5660 3015 5729; x_wconf 75' lang='grc' dir='ltr'>ἀπέργης</span> <span class='ocrx_word' id='word_1_882' title='bbox 3044 5659 3494 5730; x_wconf 77' lang='lat' dir='ltr'><strong>obscuriorisest</strong></span> <span class='ocrx_word' id='word_1_883' title='bbox 3531 5668 3701 5711; x_wconf 59' lang='lat' dir='ltr'><strong>notae.</strong></span> <span class='ocrx_word' id='word_1_884' title='bbox 3748 5657 3961 5713; x_wconf 68' lang='lat' dir='ltr'><strong>Videtur</strong></span> 
     </span>
    </p>
   </div>
   <div class='ocr_carea' id='block_1_115' title="bbox 704 5721 3961 5799">
    <p class='ocr_par' dir='ltr' id='par_1_115' title="bbox 704 5721 3961 5799">
     <span class='ocr_line' id='line_1_115' title="bbox 704 5721 3961 5799; baseline 0.001 -24"><span class='ocrx_word' id='word_1_885' title='bbox 704 5721 974 5799; x_wconf 73' lang='lat' dir='ltr'><strong>llesycliio</strong></span> <span class='ocrx_word' id='word_1_886' title='bbox 998 5724 1309 5799; x_wconf 52' lang='lat' dir='ltr'><strong>evjiiinitur,</strong></span> <span class='ocrx_word' id='word_1_887' title='bbox 1338 5722 1419 5799; x_wconf 73' lang='lat' dir='ltr'><strong>vel</strong></span> <span class='ocrx_word' id='word_1_888' title='bbox 1446 5739 1543 5799; x_wconf 67' lang='lat' dir='ltr'><strong>vos</strong></span> <span class='ocrx_word' id='word_1_889' title='bbox 1564 5725 1849 5799; x_wconf 76' lang='lat' dir='ltr'><strong>vinarium,</strong></span> <span class='ocrx_word' id='word_1_890' title='bbox 1893 5727 1969 5779; x_wconf 89' lang='lat' dir='ltr'><strong>uti</strong></span> <span class='ocrx_word' id='word_1_891' title='bbox 1996 5729 2299 5799; x_wconf 67' lang='lat' dir='ltr'><strong>Eustathiu.</strong></span> <span class='ocrx_word' id='word_1_892' title='bbox 2393 5721 2593 5783; x_wconf 71' lang='lat' dir='ltr'><strong>habere</strong></span> <span class='ocrx_word' id='word_1_893' title='bbox 2619 5721 2937 5784; x_wconf 76' lang='lat' dir='ltr'><strong>affinitatem</strong></span> <span class='ocrx_word' id='word_1_894' title='bbox 2968 5721 3090 5784; x_wconf 78' lang='lat' dir='ltr'><strong>cum</strong></span> <span class='ocrx_word' id='word_1_895' title='bbox 3118 5728 3515 5799; x_wconf 83' lang='lat' dir='ltr'><strong>signiﬁcatione</strong></span> <span class='ocrx_word' id='word_1_896' title='bbox 3545 5731 3961 5799; x_wconf 22' lang='lat' dir='ltr'><strong>vocumiizpyrg</strong></span> 
     </span>
    </p>
   </div>
   <div class='ocr_carea' id='block_1_116' title="bbox 704 5791 2276 5866">
    <p class='ocr_par' dir='ltr' id='par_1_116' title="bbox 704 5791 2276 5866">
     <span class='ocr_line' id='line_1_116' title="bbox 704 5791 2276 5866; baseline 0.006 -24"><span class='ocrx_word' id='word_1_897' title='bbox 704 5791 1009 5866; x_wconf 62' lang='lat' dir='ltr'><strong>plawt._An</strong></span> <span class='ocrx_word' id='word_1_898' title='bbox 1040 5791 1431 5866; x_wconf 28' lang='grc' dir='ltr'>ἰηιΙιε-βοσσίον,</span> <span class='ocrx_word' id='word_1_899' title='bbox 1461 5794 1566 5858; x_wconf 79' lang='lat' dir='ltr'><strong>vel,</strong></span> <span class='ocrx_word' id='word_1_900' title='bbox 1601 5805 1657 5847; x_wconf 87' lang='lat' dir='ltr'><strong>ut</strong></span> <span class='ocrx_word' id='word_1_901' title='bbox 1679 5797 1924 5864; x_wconf 84' lang='lat' dir='ltr'><strong>sequitur</strong></span> <span class='ocrx_word' id='word_1_902' title='bbox 1954 5798 2195 5866; x_wconf 70' lang='lat' dir='ltr'><strong>proxime</strong></span> <span class='ocrx_word' id='word_1_903' title='bbox 2224 5800 2276 5853; x_wconf 90' lang='lat' dir='ltr'><strong>iu</strong></span> 
     </span>
    </p>
   </div>
   <div class='ocr_carea' id='block_1_117' title="bbox 706 5860 1335 5931">
    <p class='ocr_par' dir='ltr' id='par_1_117' title="bbox 706 5860 1335 5931">
     <span class='ocr_line' id='line_1_117' title="bbox 706 5860 1335 5931; baseline 0 -15"><span class='ocrx_word' id='word_1_904' title='bbox 706 5860 874 5923; x_wconf 73' lang='lat' dir='ltr'><strong>textu,</strong></span> <span class='ocrx_word' id='word_1_905' title='bbox 908 5860 1089 5928; x_wconf 75' lang='grc' dir='ltr'>βίσσα,</span> <span class='ocrx_word' id='word_1_906' title='bbox 1126 5860 1335 5931; x_wconf 77' lang='grc' dir='ltr'>βίσσινῖ⁸</span> 
     </span>
    </p>
   </div>
   <div class='ocr_carea' id='block_1_118' title="bbox 2390 5798 3961 5925">
    <p class='ocr_par' dir='ltr' id='par_1_118' title="bbox 2390 5798 3961 5925">
     <span class='ocr_line' id='line_1_118' title="bbox 2390 5798 3961 5925; baseline 0.001 -73"><span class='ocrx_word' id='word_1_907' title='bbox 2390 5802 2759 5925; x_wconf 32' lang='lat' dir='ltr'><strong>clay-1510;,</strong></span> <span class='ocrx_word' id='word_1_908' title='bbox 2795 5803 2956 5863; x_wconf 76' lang='lat' dir='ltr'><strong>iners,</strong></span> <span class='ocrx_word' id='word_1_909' title='bbox 3006 5798 3217 5855; x_wconf 68' lang='lat' dir='ltr'><strong>otiosus.</strong></span> <span class='ocrx_word' id='word_1_910' title='bbox 3271 5800 3544 5866; x_wconf 89' lang='lat' dir='ltr'><strong>lnterpres</strong></span> <span class='ocrx_word' id='word_1_911' title='bbox 3572 5798 3723 5867; x_wconf 84' lang='lat' dir='ltr'><strong>apud</strong></span> <span class='ocrx_word' id='word_1_912' title='bbox 3753 5798 3961 5855; x_wconf 69' lang='lat' dir='ltr'><strong>Suriaci</strong></span> 
     </span>
     <span class='ocr_line' id='line_1_119' title="bbox 2390 5880 2749 5925; baseline 0.003 -2"><span class='ocrx_word' id='word_1_913' title='bbox 2390 5880 2568 5925; x_wconf 72' lang='grc' dir='ltr'>νει-ιιι.</span> <span class='ocrx_word' id='word_1_914' title='bbox 2638 5888 2749 5925; x_wconf 82' lang='lat' dir='ltr'><strong>ave.</strong></span> 
     </span>
    </p>
   </div>
   <div class='ocr_carea' id='block_1_119' title="bbox 2388 5880 2749 5937">
    <p class='ocr_par' dir='ltr' id='par_1_119' title="bbox 2388 5880 2749 5937">
     <span class='ocr_line' id='line_1_120' title="bbox 2388 5880 2749 5937; baseline 0.003 -14"><span class='ocrx_word' id='word_1_915' title='bbox 2388 5880 2568 5937; x_wconf 81' lang='lat' dir='ltr'><strong>vertit,</strong></span> <span class='ocrx_word' id='word_1_916' title='bbox 2593 5880 2749 5925; x_wconf 66' lang='lat' dir='ltr'><strong>L‘ave.</strong></span> 
     </span>
    </p>
   </div>
  </div>
