4118 6432
189 409 326 479 1713

1458 429 1634 489 VlTA
1674 428 1735 490 S.
1776 429 2175 493 SYMEONIS'.

3323 435 3463 504 1714

179 528 428 587 πάντων,
486 526 775 583 κάντεῦθεν
826 532 1011 586 πεῖσαι
1048 530 1395 603 βουλόμενος,
1431 534 1506 599 ὡς
1554 537 1762 591 ὅτιτῶν

1871 553 1929 594 se
1955 554 2077 595 esse
2099 547 2293 594 emotae
2338 539 2556 595 mentis.
2602 538 2815 596 Etenim
2859 541 3097 614 Spiritus
3137 546 3331 613 sancti,
3376 553 3451 607 uti

177 616 328 670 κατὰ
375 610 536 686 φύσιν
583 622 796 691 φρενῶν
852 624 1186 695 ἐξεστηκὼς,
1233 626 1393 680 τοῦτο
1448 629 1761 699 ἐργάζεται.

171 705 591 779 Φρουρούμενος
635 713 765 785 γάρ,
826 713 903 777 ὡς
936 716 1199 780 πολλάκις
1233 718 1474 789 εἴρηται,
1509 722 1575 791 τῇ
1626 723 1768 775 ἐνοι-

173 796 355 869 κούσῃ
386 799 539 871 αύτῷ
574 800 799 871 δυνάμει
833 804 928 858 τοῦ
961 806 1121 873 ἁγίου
1171 808 1515 874 Πνεύματος,
1563 811 1663 882 τῆς
1703 814 1766 867 ἐκ
1868 808 2049 866 laesus.

168 888 276 941 τοῦ
305 890 555 945 διαϐόλου
590 897 892 966 πυρώσεως
918 895 1193 970 άνώτερος
1218 899 1514 971 ἐτύγχανεν
1539 942 1553 967 ,
1598 905 1767 976 μηδα-

174 977 302 1047 μῶς
332 982 438 1034 ὑπὸ
466 982 667 1055 ταύτης
696 984 1091 1058 βλαπτόμενος.

252 1077 345 1127 As'.
377 1072 466 1125 Ἐν
499 1076 598 1145 μιᾷ
625 1072 721 1130 οὖν
747 1077 1086 1151 θεασάμενος
1112 1080 1309 1137 ⁸τοῦτον
1350 1090 1767 1161 κατατετηγμὲ-

166 1179 270 1215 νον
302 1167 367 1219 ἐκ
393 1167 493 1236 τῆς
513 1168 798 1237 ἀσκήσεως
928 1174 1038 1245 γάρ
1063 1175 1376 1249 άπόπασχκ,
1402 1181 1494 1233 καὶ
1514 1176 1582 1252 ἦν
1605 1184 1765 1254 ποιή-

170 1270 284 1319 σας
314 1257 498 1324 ἄσιτος
529 1259 629 1324 τὰς
652 1262 819 1330 ἁγίας
842 1266 1097 1335 νηστείας
1136 1268 1341 1338 πάσας)
1371 1273 1400 1324 6
1445 1289 1768 1345 προμνημο-

161 1348 394 1412 νευθεὶς
422 1352 677 1423 ἐνάρετος
700 1353 957 1428 Ἰωάννης
993 1359 1020 1411 ὁ
1052 1359 1333 1432 θεοφιλὴς,
1359 1365 1387 1415 6
1412 1363 1509 1418 καὶ
1535 1365 1625 1419 τὸν
1652 1366 1766 1437 βίον

166 1438 346 1493 αὐτοῦ
365 1443 496 1513 ἡμῖν
517 1444 967 1517 ὑφηγησάμενος,
989 1450 1083 1503 καὶ
1108 1452 1495 1525 συμπαθήσας,
1518 1456 1613 1510 καὶ
1636 1457 1768 1512 θαυ-

170 1530 364 1622 μάσας
397 1532 496 1605 τὴν
542 1536 751 1606 ἄφατον
784 1540 951 1595 αὐτοῦ
996 1529 1444 1614 σάιληραγωγίαν,
1471 1549 1674 1622 καίπερ
1708 1552 1767 1605 ἐν

170 1620 333 1675 πόλει
362 1626 742 1696 τυγχάνοντος,
771 1633 866 1685 καὶ
899 1633 1150 1701 γυναιξὶν
1179 1637 1274 1690 καὶ
1301 1637 1611 1709 ἀνθρώποις
1641 1620 1766 1697 συν-

166 1720 686 1789 σιναστρεφομένου,
712 1723 997 1796 βουληθεὶς
1028 1726 1104 1793 ὡς
1153 1729 1210 1781 ὲν
1253 1727 1407 1794 τάξει
1460 1735 1764 1801 παιγνιδίου

165 1805 592 1880 ἀνακτήσασθαι
629 1814 794 1868 αὑτοῦ
837 1816 899 1870 τὸ
950 1817 1136 1888 σῶμα,
1183 1819 1337 1889 λέγει
1383 1822 1552 1894 αὐτῷ’
1589 1826 1766 1900 Ἕρχῃ

164 1897 376 1964 λούειν,
408 1902 565 1970 Σαλέ;
593 1904 758 1975 Λέγει
784 1907 932 1978 αύτῷ
957 1911 1164 1974 ἐκεῖνος
1192 1909 1386 1982 λέγων’
1415 1914 1545 1968 Ναί.
1590 1895 1771 1986 "uel
1800 1895 1841 1951 Β

170 2006 303 2059 μεν,
333 1991 578 2064 ἄγωμενο
609 1999 705 2052 καὶ
734 1999 832 2052 σὺν
863 2000 942 2072 τῷ
962 2000 1108 2073 λόγῳ
1134 2003 1433 2059 ἀποδύεται
1458 2007 1521 2061 τδ
1553 2007 1766 2078 ἱμάτιον

168 2082 369 2148 αὑτοῦ,
402 2088 497 2140 καὶ
521 2087 757 2162 ἐπετέθη
783 2090 916 2144 αὐτὸ
942 2093 1024 2156 είς
1056 2092 1156 2165 τὴν
1182 2095 1428 2167 κεφαλὴν
1457 2098 1641 2165 αὑτοῦ,
1667 2100 1767 2173 δή-

167 2194 277 2241 σας
304 2179 437 2233 αὐτὸ
464 2180 547 2243 είς
578 2182 770 2253 αὐτὴν,
798 2182 876 2247 ὡς
908 2185 1189 2254 φακίολιν,
1225 2188 1335 2241 Καὶ
1380 2188 1529 2259 λέγει
1561 2192 1711 2265 αὐτῷ
1737 2192 1766 2249 6

166 2269 337 2344 κῦρις
361 2273 635 2346 Ἰωάννης
657 2277 913 2348 Φόρεσον,
939 2278 1163 2349 άδελφὲ,
1192 2280 1316 2335 ἐπεὶ
1337 2281 1506 2348 ὅντως
1530 2285 1626 2339 ἐὰν
1662 2302 1765 2355 γυ⁶

170 2365 310 2433 μνδς
340 2372 684 2438 περιπατεῖς,
717 2368 829 2437 ἐγὼ
860 2370 1001 2441 μετὰ
1032 2371 1127 2427 σοῦ
1159 2372 1261 2427 οὐκ
1302 2373 1558 2447 ἔρχομαι.
1600 2378 1765 2447 Λέγει

166 2457 324 2528 αὐτῷ
352 2461 380 2513 6
412 2460 586 2524 ἀϐὃᾶς
633 2462 879 2532 Συμεών·
919 2463 1163 2532 "Turre,
1215 2464 1379 2538 ἕξηχε
1405 2510 1420 2533 ,
1464 2467 1578 2538 ἐγὼ
1604 2468 1765 2542 ἔργον

168 2548 284 2617 πρὸ
315 2548 477 2618 ἔργου
526 2551 783 2622 ἐποίησα,
832 2554 882 2606 εί
917 2553 975 2606 δὲ
1014 2553 1115 2607 οὐκ
1141 2553 1298 2629 ἔρχῃ,
1334 2557 1445 2611 ἰδοὺ
1489 2559 1601 2627 ἐγὼ
1627 2577 1762 2632 προ-

166 2638 437 2709 λαμϐάνω
469 2658 529 2695 σε
553 2644 773 2715 μικρόν.
805 2648 911 2699 Καὶ
940 2647 1099 2718 ἀφεὶς
1121 2650 1283 2705 αὑτὸν
1320 2650 1621 2722 προέλαϐεν
1650 2654 1761 2707 ὀλί-

170 2747 293 2797 γον.
345 2733 451 2786 Δύο
499 2733 593 2789 οὖν
639 2734 841 2806 λουτρά
885 2734 1028 2809 ἦσαν
1068 2741 1360 2811 ἐγγίζοντα
1400 2744 1676 2817 ἀλλήλοις,
1705 2748 1764 2801 ἓν

172 2820 407 2890 ἀνδρῶν,
450 2825 543 2877 καὶ
574 2823 634 2878 ἓν
667 2832 998 2895 γυναικεῖον.
1048 2832 1243 2885 Είασεν
1288 2828 1382 2888 οὖν
1416 2835 1477 2889 τὸ
1532 2836 1641 2889 τῶν
1671 2839 1766 2890 ἁν-

170 2912 318 2983 δρῶν
345 2916 374 2967 6
402 2916 591 2981 Σαλὸς,
625 2919 718 2971 καὶ
748 2918 1014 2992 ὥρμησεν
1046 2926 1126 2987 εἰς
1152 2924 1211 2976 τὸ
1256 2928 1573 2993 γυναικεῖον
1606 2928 1761 2980 ἐκου-

175 3002 328 3067 σίως.
395 3005 671 3078 Ἔκραξεν
715 3005 811 3063 οὖν
854 3011 1005 3082 αὐτῷ
1033 3014 1061 3066 6
1114 3013 1277 3085 κῦρις
1307 3015 1602 3087 Ἰωάννηςο
1651 3018 1760 3071 Ποῦ

177 3096 433 3165 ὑπάγεις,
466 3098 642 3164 Σαλές
683 3105 885 3171 μεῖνον,
912 3104 1021 3155 τῶν
1070 3106 1349 3172 γυναικῶν
1382 3109 1527 3161 ἐστιν
1562 3101 1758 3163 ἐκείνοῖ

176 3187 451 3258 Στραφεὶς
506 3193 535 3245 6
579 3191 912 3264 θαυμάσιος,
977 3196 1124 3263 λέγει
1181 3198 1362 3267 αὐτῷ’
1418 3200 1660 3267 ”Υπαγε,
1695 3203 1759 3255 σὺ

175 3255 361 3347 ἓξήχε,
400 3280 516 3332 ἐκεῖ
563 3255 769 3353 θερμὸν
820 3255 914 3337 uel.
944 3255 1122 3356 νερον,
1149 3288 1247 3340 λαὶ
1277 3255 1379 3342 ὧδε
1412 3255 1616 3360 θερμὸν
1646 3255 1760 3345 ’καὶ
1791 3255 1833 3313 C

173 3370 352 3435 νερόν.
392 3372 499 3424 Καὶ
521 3373 571 3425 τί
602 3390 729 3427 ποτε
765 3377 1029 3447 περισσὸν
1056 3377 1182 3430 οὔτε
1213 3380 1353 3444 ἐκεῖ,
1382 3378 1507 3433 οὔτε
1532 3375 1634 3434 ὧδε
1657 3381 1752 3437 ἔνι.

175 3461 287 3514 Καὶ
313 3462 560 3534 δραμὼν,
584 3466 835 3537 εἰσῆλθεν
860 3468 1153 3540 ,άναμέσον
1191 3470 1300 3524 τῶν
1332 3474 1609 3538 γυναικῶν
1634 3515 1647 3537 ,
1684 3474 1760 3538 ὡς

175 3554 269 3607 ἐπὶ
297 3556 502 3627 Κυρίου
536 3560 636 3629 τῆς
663 3560 843 3630 δόξης.
882 3562 1175 3633 ’Ὠρμησαν
1202 3564 1258 3617 δὲ
1295 3567 1467 3618 πᾶσαι
1507 3566 1629 3620 κατ’
1664 3570 1759 3621 a6-

174 3646 294 3711 τοῦ,
313 3648 419 3700 ’καὶ
446 3650 749 3705 τύπτουσαι
772 3653 937 3707 αὑτὸν
962 3654 1291 3724 ἐξήνεγκαν.
1327 3656 1643 3729 Ἦρὼτησεν
1667 3655 1759 3713 οὖν

173 3736 338 3789 αὐτὸν
367 3740 395 3789 ὸ
426 3738 678 3810 θεοφιλὴς
708 3741 979 3809 διάκονος,
1019 3745 1109 3799 ὅτε
1148 3744 1269 3799 ὅλον
1298 3745 1391 3800 τὸν
1433 3747 1548 3817 βίον
1592 3748 1758 3803 αὐτοῦ

174 3826 391 3893 sistam
427 3831 595 3904 αὐτῷ·
620 3833 721 3887 Διὰ
751 3833 842 3887 τὸν
872 3835 1098 3907 Κύριον,
1133 3836 1338 3907 Πάτερ.
1369 3838 1485 3904 πῶς
1520 3839 1757 3911 ῂσθάνου

176 3920 425 3989 σιαυτδν,
455 3922 530 3988 ὼς
560 3925 809 3997 ιίσῆλοες
841 3926 923 3991 εἰς
948 3926 1009 3982 τὸ
1061 3927 1288 4001 λουτρὸν
1318 3929 1379 3985 τὸ
1410 3933 1755 4001 γυναικιῐονς

174 4013 337 4084 Λέγει
366 4014 550 4088 αὐτῷ’
575 4016 893 4085 Πίστευσον,
943 4018 1153 4087 τέκνον,
1181 4019 1375 4092 ὥσπερ
1421 4021 1576 4090 ξύλον
1617 4024 1759 4097 μετὰ

174 4104 368 4172 ξύλων,
391 4105 565 4174 οὕτως
589 4109 744 4175 κάγὼ
773 4111 921 4185 ἥμην
945 4112 1089 4169 τότε.
1134 4112 1273 4170 Οὔτε
1310 4115 1417 4191 γὰρ
1465 4116 1547 4171 ὅτι
1596 4118 1755 4191 σῶμα

171 4198 424 4268 ἑφόρουν,
456 4200 577 4255 οὐδὲ
610 4201 695 4257 ὅτι
729 4204 808 4267 είς
840 4204 1070 4275 σώματα
1103 4205 1375 4277 εἰσῆλθον,
1416 4206 1751 4280 ᾐσθανόμην.

183 4286 324 4341 Ἀλλ’
356 4288 478 4352 ὅλος
501 4307 603 4360 μου
636 4292 664 4344 6
701 4290 827 4354 νοῦς
854 4293 936 4355 είς
973 4292 1034 4345 τὸ
1064 4291 1223 4363 ἔργον
1256 4295 1351 4348 τοῦ
1379 4294 1517 4349 Θεοῦ
1542 4292 1631 4367 ἦν,
1660 4300 1755 4353 καὶ

170 4378 229 4444 ἐξ
258 4380 427 4433 αὐτοῦ
451 4382 550 4434 οὐκ
574 4382 844 4451 ἀπέστην.
875 4383 956 4436 Τὰ
983 4385 1081 4453 μὲν
1112 4387 1221 4455 γάρ
1248 4386 1357 4439 τῶν
1387 4387 1552 4441 αὑτοῦ
1583 4406 1755 4459 πραγ-

172 4470 362 4539 μάτων
387 4473 416 4523 6
443 4471 652 4535 δίκαιος
680 4474 927 4533 ἐπετέλει
965 4476 1055 4529 διὰ
1080 4477 1360 4548 σωτηρίαν
1390 4478 1481 4531 καὶ
1531 4482 1750 4550 συμπά-

168 4562 321 4617 Οειαν
348 4563 456 4617 τῶν
484 4563 791 4634 ἀνθρώπων
800 4608 813 4633 ,
844 4566 914 4620 τὰ
948 4567 1004 4620 δὲ
1046 4568 1134 4622 ἵνα
1164 4569 1608 4638 ὲπικαλυιρθῶσιν
1656 4574 1750 4627 αύ-

167 4655 263 4709 τοῦ
294 4657 360 4710 τά
387 4658 644 4729 ἐπιτηδεύ
652 4678 817 4729 ματα.

238 4736 551 4814 >.ς’.ἾΙσάν
586 4767 714 4802 ποτε
748 4750 909 4804 πάλιν
936 4750 1137 4817 ἔξωθεν
1158 4752 1255 4824 τῆς
1286 4754 1496 4818 πόλεως
1524 4759 1747 4827 τρέχον-

166 4862 259 4908 τες
315 4845 646 4918 λυσόττορτα,
709 4841 784 4902 ὧν
840 4845 921 4911 εἷς
983 4848 1229 4921 ὑπῆρχεν
1283 4852 1399 4915 υίὸς
1430 4852 1528 4905 τοῦ
1579 4851 1749 4923 κυροῦ

177 4938 428 4992 Ἰωάννου
460 4940 557 4992 τοῦ
583 4940 835 4993 διακόνου
863 4940 957 4995 τοῦ
982 4941 1138 5010 φίλου
1172 4944 1362 5008 αὐτοῦ,
1389 4943 1448 5007 ὃς
1489 4944 1596 5017 πρὸ
1641 4945 1752 4998 ὀλί-

1870 627 2077 684 dictum
2112 629 2314 699 srepius
2341 638 2447 693 est,
2479 630 2529 683 ei
2564 629 2924 688 inliabitantis
2954 634 3156 691 virtute
3186 638 3450 703 munitus.

1870 717 2186 775 incendium
2240 719 2443 776 diaboli
2486 723 2811 794 superabat,
2850 739 3192 797 nequaquam
3247 730 3316 785 ab
3363 730 3465 787 illo

1939 1122 2028 1177 35.
2105 1120 2203 1176 Dic
2259 1123 2493 1192 quadam
2540 1132 2824 1194 postquam
2873 1127 3105 1183 vidisset
3165 1144 3288 1184 eum
3343 1148 3467 1199 ντςε·

1869 1212 2260 1268 exercitatione
2291 1222 2623 1268 maceratum
2663 1215 2810 1286 (nam
2842 1217 3049 1273 Pascha
3090 1223 3449 1290 praeterierat.

1869 1313 1924 1357 et
1955 1302 2072 1358 sine
2094 1304 2218 1359 cibo
2258 1318 2409 1359 sacra
2453 1305 2638 1359 omnia
2670 1305 2879 1375 ieiunia
2922 1314 3279 1380 transegerat)
3310 1330 3452 1382 prte-

1868 1393 2047 1449 dictus
2077 1403 2335 1466 spectatas
2372 1395 2595 1451 virtutis
2637 1395 2900 1462 Joannes,
2945 1397 3039 1453 Dei
3064 1415 3275 1466 amans,
3306 1403 3450 1458 idem

1870 1482 1978 1552 ille,
2008 1486 2102 1557 qui
2126 1486 2297 1541 vitam
2320 1486 2439 1557 ejus
2470 1487 2629 1542 nobis
2649 1490 2921 1558 exposuit,
2946 1505 3190 1563 necnon
3224 1493 3452 1547 misera-

1869 1583 1958 1633 tus
2006 1593 2072 1634 ac
2113 1579 2343 1634 miratus
2382 1578 2717 1633 ineffabilem
2763 1581 2885 1650 ejus
2928 1585 3329 1651 austeritatem,
3374 1595 3454 1642 ta-

1868 1670 2030 1725 metsi
2064 1672 2120 1724 in
2159 1670 2379 1725 civitate
2408 1679 2575 1735 esset,
2622 1680 2679 1726 et
2716 1687 2841 1727 cum
2888 1674 3213 1730 mulieribus
3248 1677 3454 1748 pariter

1868 1776 1933 1816 ac
1961 1776 2086 1815 cum
2126 1760 2260 1817 viris
2290 1771 2638 1829 versaretur,
2677 1763 2867 1818 volens
2907 1764 3062 1834 quasi
3096 1781 3193 1836 per
3229 1769 3452 1824 modum

1870 1855 1984 1910 ludi
2012 1868 2215 1925 corpus
2236 1855 2409 1926 ipsius
2442 1855 2774 1924 refocillare,
2809 1858 2981 1914 dicit:
3023 1859 3157 1917 Veni
3189 1863 3452 1926 lavatum.

1872 1943 2019 1999 Sale.
2052 1943 2299 2015 Subiecit
2324 1947 2413 2002 ille
2448 1964 2462 2001 :
2502 1947 2618 2002 lmo
2667 1963 2818 2014 vero,
2870 1965 3083 2018 eamus,
3115 1968 3323 2009 eamus.
3362 1956 3454 2009 Di-

1869 2041 2015 2088 ctum
2055 2033 2293 2103 faetum;
2331 2035 2485 2091 exuit
2516 2044 2722 2091 vestem
2774 2052 2953 2107 suam,
2987 2041 3153 2111 capiti
3184 2045 3456 2113 superim-

1870 2127 2072 2196 posuit,
2110 2135 2167 2183 et
2220 2136 2477 2199 tanquam
2516 2127 2744 2185 fasciam
2793 2130 2971 2187 eidem
3020 2134 3283 2206 alligavit.
3316 2135 3456 2192 Dicit

1868 2218 1944 2274 illi
1972 2220 2228 2276 dominus
2266 2220 2550 2279 Joannes:
2598 2223 2789 2292 Indue,
2827 2224 3031 2294 frater;
3059 2228 3186 2298 quia
3218 2244 3369 2296 vere,
3406 2231 3452 2285 si

1866 2311 2050 2366 nudus
2097 2311 2360 2380 ambulas,
2393 2328 2495 2384 ego
2536 2322 2718 2370 tecum
2765 2330 2878 2371 non
2916 2318 3099 2373 venio.
3141 2317 3241 2373 Cui
3286 2320 3455 2375 abbas

1870 2401 2135 2479 Symeon:
2158 2407 2365 2477 Apage,
2385 2407 2580 2464 stulte:
2600 2423 2740 2480 opus
2757 2410 3026 2482 agendum
3057 2414 3297 2483 praeveni
3315 2413 3453 2485 (41).

1867 2493 1924 2548 Si
1966 2505 2149 2551 autem
2179 2497 2368 2553 venire
2403 2500 2609 2564 renuis,
2638 2502 3004 2572 en,pr~.ecedo
3041 2512 3094 2557 te
3120 2504 3452 2574 pauxillum;

1866 2598 2041 2655 eoque
2092 2587 2285 2643 relicto
2340 2589 2737 2659 aliquantulum
2788 2594 3088 2663 praecessit.
3143 2594 3259 2650 Duo
3296 2606 3456 2651 erant

1867 2671 2101 2737 lavacra,
2140 2684 2332 2733 mutuo
2375 2676 2478 2731 sibi
2522 2678 2853 2749 propinqua,
2900 2681 3143 2737 virorum
3182 2684 3452 2749 alterum;

1866 2763 2097 2819 alterum
2128 2767 2440 2822 mulierum.
2464 2769 2704 2840 Reliquit
2732 2769 2888 2826 Salus
2927 2772 3004 2839 id,
3047 2775 3193 2844 quod
3219 2784 3339 2831 erat
3371 2775 3453 2829 vi-

1866 2869 2073 2922 rorum,
2097 2865 2153 2911 et
2185 2859 2416 2914 contulit
2446 2874 2506 2915 se
2534 2861 2601 2915 ad
2634 2861 2787 2926 illud,
2809 2864 2955 2933 quod
2990 2874 3107 2919 erat
3134 2866 3452 2932 mulierum,

1865 2952 2063 3009 sponte
2093 2959 2212 2998 sua.
2273 2945 2609 3003 lnclamabat
2656 2949 2918 3007 Dominus
2985 2950 3226 3011 Joannes
3272 2971 3285 3008 :
3334 2953 3454 3021 Quo

1868 3031 2069 3100 tendis,
2102 3032 2270 3091 Sale?
2305 3036 2496 3105 Mane;
2531 3040 2823 3096 mulierum
2862 3043 2996 3099 illud
3023 3052 3126 3099 est.
3141 3045 3453 3101 Conversus

1866 3123 1948 3177 vir
1976 3125 2279 3181 mirabilis:
2336 3132 2543 3202 Apage,
2596 3134 2798 3203 inquit,
2860 3136 3061 3204 stulte;
3122 3136 3230 3193 illic
3276 3139 3451 3194 calida

1864 3230 2005 3285 aqua
2028 3217 2161 3288 (42),
2197 3228 2252 3275 et
2277 3220 2367 3276 hic
2390 3222 2563 3277 calida
2596 3238 2755 3294 aqua.
2804 3224 3076 3291 Quidnam
3105 3238 3190 3284 est
3219 3230 3451 3297 amplius

1868 3312 2109 3378 autillic,
2138 3323 2233 3369 aut
2256 3314 2387 3371 hic?
2419 3318 2485 3372 Et
2504 3333 2752 3385 currens,
2795 3322 3048 3378 transivit
3081 3339 3180 3392 per
3208 3324 3449 3379 medium

1869 3404 2180 3473 mulierum,
2208 3408 2361 3477 quasi
2391 3408 2445 3462 in
2478 3409 2710 3466 Domino
2739 3412 2997 3482 glorians.
3030 3414 3234 3470 Omnes
3264 3428 3447 3471 auter:

1868 3494 2147 3553 irruerunt
2179 3498 2234 3552 in
2251 3515 2397 3566 eum,
2426 3512 2479 3555 et
2500 3502 2856 3559 verberantes
2884 3506 3183 3574 eiecerunt.
3211 3508 3415 3563 interro
3442 3540 3447 3546 ς

1866 3589 2013 3659 gavit
2042 3604 2172 3661 ergo
2201 3606 2327 3646 eum.
2362 3592 2456 3646 Dei
2485 3608 2678 3648 amans
2708 3595 2992 3661 diaconus,
3022 3601 3243 3668 quando
3279 3610 3443 3656 tota.»

1865 3678 1917 3732 ei
1942 3678 2108 3734 vitam
2154 3694 2309 3734 suam
2357 3680 2631 3751 exposuit.
2687 3682 2803 3747 Die,
2847 3694 3073 3754 propter
3128 3685 3417 3740 Dominum

1868 3769 2050 3836 Pater,
2077 3771 2354 3841 quomodo
2391 3771 2542 3828 fuisti
2576 3773 2827 3840 allectus,
2866 3787 3153 3847 postquam
3182 3792 3245 3833 es
3277 3779 3419 3833 intr?

1865 3878 2086 3935 gressus
2131 3863 2405 3921 lavacrum
2440 3865 2780 3923 mulierum?
2809 3865 2909 3923 Cui
2934 3868 3026 3924 ille
3060 3885 3072 3921 :
3104 3868 3300 3934 Crede.
3347 3869 3445 3936 iiIi,

1864 3948 2005 4007 sicut
2054 3949 2259 4023 lignum
2310 3959 2394 4008 est
2440 3966 2564 4008 cum
2613 3952 2795 4025 lignis,
2834 3953 2915 4010 sic
2955 3969 3055 4025 ego
3098 3963 3229 4012 tunc
3271 3970 3446 4013 eram.

1863 4034 2053 4110 Neque
2108 4038 2256 4097 enim
2295 4040 2441 4112 quod
2479 4053 2681 4112 corpus
2726 4038 2947 4107 ferrem,
2974 4055 3155 4113 neque
3180 4043 3326 4114 quod
3372 4042 3449 4099 in-

1862 4145 2080 4204 gressus
2103 4146 2280 4190 essem
2299 4132 2499 4199 locum,
2524 4132 2616 4189 ubi
2638 4142 2798 4190 erant
2823 4147 3074 4205 corpora,
3101 4134 3443 4203 sentiebam;

1862 4221 1955 4277 sed
1990 4236 2145 4276 mens
2172 4237 2292 4278 mea
2324 4232 2435 4279 tota
2466 4230 2586 4280 erat
2620 4223 2677 4279 in
2701 4238 2868 4295 opere
2898 4223 3136 4290 Domini,
3165 4224 3234 4281 ab
3267 4240 3446 4297 eoque

1860 4329 1972 4368 non
2000 4314 2211 4369 destiti.
2235 4316 2367 4370 Nam
2387 4331 2471 4381 ea,
2492 4333 2614 4387 quae
2642 4318 2813 4388 gessit
2834 4326 3076 4385 sanctus,
3100 4319 3283 4375 eil‘ecit
3313 4336 3441 4390 par-

1861 4401 1957 4455 tim
1996 4418 2059 4455 εχ
2103 4403 2285 4457 studio
2325 4403 2538 4470 salutis,
2570 4414 2625 4460 et
2655 4421 2722 4460 ex
2758 4405 3233 4461 commiseratione
3259 4407 3442 4464 homi-

1859 4509 2011 4560 num,
2041 4496 2237 4566 partim
2267 4506 2327 4550 nt
2354 4498 2745 4567 obtegerentur
2780 4499 2951 4570 ipsius
2981 4510 3130 4554 recte
3167 4499 3333 4556 facta.

1929 4765 2015 4821 56.
2058 4766 2312 4820 Nonnulli
2358 4778 2511 4823 extra
2552 4768 2825 4822 civitatem
2867 4769 3145 4840 agitabant
3192 4785 3434 4834 cursum,

1852 4858 2120 4928 lysoporta
2170 4858 2400 4913 dictum.
2457 4857 2588 4915 Erat
2633 4858 2779 4914 inter
2832 4860 2952 4914 illos
3001 4858 3144 4914 illius
3205 4858 3436 4915 Joannis

1848 4948 2089 5013 diaconi,
2134 4949 2428 5021 Symeonis
2458 4949 2642 5015 amici,
2683 4949 2777 5020 qui
2822 4949 3010 5020 paucis
3066 4958 3194 5005 ante
3241 4949 3435 5005 diebus

163 5046 279 5099 γων
316 5031 536 5102 ἡμερῶν
560 5026 628 5103 ἦν
655 5032 962 5103 πορνεύσας
1005 5037 1084 5097 εἰς
1134 5034 1423 5106 ὖπανδρον,
1470 5038 1565 5090 καὶ
1590 5038 1647 5090 ἐν
1673 5036 1749 5108 τῷ

1864 5055 1967 5095 rem
2026 5040 2293 5096 habuerat
2334 5058 2459 5097 cum
2530 5041 2756 5095 muliere
2809 5041 3093 5112 coniugata
3137 5056 3150 5093 ε
3199 5057 3434 5111 cumque

161 5120 485 5191 ιξέρχεσθαι
512 5123 673 5176 αὐτὸν
703 5125 767 5178 ἐκ
787 5124 881 5179 τοῦ
923 5125 1076 5178 οἴκου
1129 5126 1299 5197 αὐτῆς
1324 5168 1340 5191 ,
1373 5127 1745 5199 ἐδαιμονίσθη,

1845 5134 2007 5189 domo
2035 5134 2155 5204 ejus
2190 5135 2562 5205 egrederetur,
2608 5133 2830 5188 nemine
2881 5133 3060 5203 ipsum
3102 5132 3342 5198 vidente,
3400 5148 3431 5187 a

166 5213 395 5284 μηδενὸς
434 5213 633 5279 ἰδόντος
659 5217 841 5271 αὐτόν.
888 5218 1174 5290 Ἐοέλησεν
1227 5215 1322 5275 οὗν
1346 5222 1379 5276 ,ὀ
1434 5223 1580 5285 ὅσιος
1631 5220 1747 5290 ἅμα

1864 5226 2092 5280 Immone
2120 5235 2205 5280 est
2233 5226 2508 5281 obsessus.
2533 5224 2720 5280 Voluit
2748 5241 2873 5280 eum
2917 5234 3141 5280 sanctus
3167 5225 3327 5281 simul
3362 5225 3429 5279 ad

163 5306 260 5358 καὶ
289 5308 622 5377 σωφρονίσαι
668 5313 762 5365 καὶ
792 5310 1051 5367 ἰάσασθαι
1083 5313 1265 5375 αὐτὸν,
1297 5315 1396 5369 καὶ
1446 5314 1597 5384 λέγει
1627 5316 1742 5377 τοίς

1864 5316 2057 5387 'rugem
2102 5317 2382 5383 reducere,
2421 5316 2583 5371 simul
2627 5332 2846 5380 sanare,
2883 5325 2939 5371 et
2980 5316 3120 5371 dixit
3155 5315 3429 5370 currenti-

161 5393 465 5465 τρέχουσινο
500 5400 710 5463 Ὄντως
740 5403 790 5454 εί
825 5401 900 5473 μὴ
932 5404 1029 5457 καὶ
1049 5402 1161 5473 ἐγὼ
1201 5404 1377 5469 παίξω
1416 5404 1534 5475 μεθ’
1565 5403 1739 5476 ὑμῶν,

1849 5405 1994 5461 bus:
2028 5405 2322 5462 Enimvero
2355 5408 2402 5461 si
2452 5422 2551 5478 ego
2592 5407 2872 5463 vobiscum
2919 5423 3024 5461 una
3071 5422 3180 5461 non
3219 5407 3424 5468 lusere.

1662 5583 1896 5641 NOTAE.

231 5711 345 5767 (Ml
390 5710 661 5783 Interpres
690 5717 834 5793 apud
876 5718 1094 5793 Surium
1135 5724 1294 5777 vertit
1331 5741 1341 5776 :
1383 5743 1399 5775 ι
1438 5722 1547 5793 Ego
1584 5724 1732 5780 enim

163 5793 493 5865 antemopus,
546 5799 683 5855 opus
721 5786 844 5852 feci,
885 5807 900 5839 ι
942 5790 1149 5846 utinam
1199 5794 1330 5848 satis
1379 5786 1620 5865 congrue
1684 5806 1736 5850 et

166 5849 551 5922 significanter.

1875 5799 1883 5808 Ι
1912 5726 2024 5850 (ΛΞ)
2047 5722 2121 5780 Τὸ
2162 5729 2343 5809 νᾳρόν,
2376 5729 2519 5784 idem
2561 5738 2718 5811 sonat
2746 5729 2888 5799 quod
2903 5728 3101 5811 6W6;
3128 5727 3420 5792 humidum,

1875 5814 1955 5850 mu
2019 5813 2124 5850 um.
2151 5796 2286 5850 Vide
2307 5801 2597 5850 Auctorem
2621 5800 2967 5850 latvmolomc:
2997 5816 3048 5850 in
3084 5814 3212 5850 voce
3237 5797 3420 5850 ναοόνι

1848 5796 2124 5870 iiquidmu.
2151 5796 2286 5870 Vide
2307 5801 2597 5856 Auctorem
2621 5796 2967 5870 Etynfologici
2997 5799 3048 5852 in
3084 5814 3212 5854 vocc
3237 5797 3421 5868 vapév.

1847 5867 2039 5922 Noster
2076 5867 2263 5924 scribit
2282 5870 2453 5939 νερόν.
