4118 6432
682 394 815 457 1719

1698 405 2002 464 l..EU.\"l'll
2046 404 2553 466 NEAPGLITANI
2604 403 2942 462 l-JPISCOPI

3841 395 3971 461 1720

677 506 939 575 sapientia
980 524 1005 558 a
1039 510 1147 564 Deo
1173 509 1467 564 honoratus
1495 513 1690 567 luerat.
1731 513 1975 584 Cumque
2010 514 2147 568 alter
2175 514 2257 567 di-

2373 513 2640 588 τιμηθεὶς.
2671 512 2762 565 καὶ
2791 512 2883 576 τοῦ
2913 511 3014 580 μὲν
3041 510 3325 579 λέγοντος,
3346 508 3431 563 ὅτι
3462 509 3568 563 οὐκ
3620 502 3694 577 ἦν
3734 506 3805 560 ἐκ
3837 505 3961 558 Θεοξ

673 610 825 653 ceret
882 600 1186 664 siientiam,
1227 618 1330 670 qua
1361 603 1614 670 pollebat.
1658 620 1765 659 non
1794 604 1972 665 fuisse
2007 622 2074 660 ex
2119 604 2249 671 Deo,

672 687 769 740 sed
804 705 867 741 cx
898 690 1131 743 naturali
1160 691 1359 758 ingenii
1394 694 1680 761 ubertate;
1707 710 1869 765 porro
1892 696 2105 750 felicem
2132 697 2254 749 ani-

674 794 815 833 mam
849 790 1088 844 nactum,
1127 785 1429 851 prinsertim
1466 802 1595 840 vero
1623 802 1747 841 eum
1783 786 2082 858 Scriptura:
2109 789 2252 843 divi-

670 884 755 923 n;e
812 870 1051 934 lectioni,
1094 882 1151 927 et
1191 877 1397 929 sanctis
1448 878 1706 932 Patribus
1752 888 1992 942 vacaret,
2037 880 2252 935 acuisse

671 967 847 1034 ipsum
894 967 1097 1036 ingenii
1151 970 1281 1033 vim,
1326 981 1384 1024 et
1410 988 1474 1025 ex
1512 973 1613 1025 hac
1660 989 1717 1028 re
1757 984 1961 1040 ortum,
2003 976 2150 1043 quod
2185 975 2254 1028 li-

669 1058 800 1112 bros
832 1061 945 1131 (50)
997 1070 1120 1116 tuos
1173 1064 1584 1133 conscripserit.
1638 1064 1773 1119 Dum
1825 1076 2013 1121 contra
2050 1068 2256 1122 dicerct

670 1151 844 1215 alter;
876 1168 983 1207 non
1035 1168 1195 1223 posse
1235 1155 1473 1225 aliquem
1508 1157 1694 1213 dicere
1748 1159 1884 1213 tales
1920 1175 1985 1213 ex
2018 1161 2252 1214 naturali

671 1242 871 1313 ingenii
904 1244 1157 1300 ubertate
1188 1263 1493 1312 sermones,
1552 1250 1740 1318 quales
1778 1251 1867 1305 ille
1913 1251 2289 1322 vulgaverat,‘

670 1337 971 1404 priesertim
1014 1338 1155 1401 illos,
1192 1339 1286 1408 qui
1318 1339 1557 1410 Hexapla
1580 1342 1692 1411 (51)
1720 1342 2001 1408 dicuntur,
2052 1352 2108 1398 et
2136 1360 2257 1414 quae

672 1428 795 1483 ideo
835 1445 1005 1499 usque
1047 1431 1099 1484 in
1136 1432 1460 1486 hodiernum
1509 1434 1655 1488 diem
1696 1432 1939 1489 Ecclesia
1991 1436 2254 1491 catholica

673 1522 909 1577 admittit
968 1534 1224 1593 tanquam
1274 1528 1587 1583 necessaria
1637 1528 1773 1598 (52).
1827 1529 2008 1584 Alium
2055 1531 2256 1586 iterum

672 1615 1090 1684 respondente:
1142 1615 1339 1684 Crede,
1391 1620 1623 1690 gentiles
1652 1631 1801 1687 sunt,
1851 1622 1944 1692 qui
1991 1623 2255 1694 sapientia

671 1703 824 1757 illum
871 1715 1224 1774 superarunt,
1270 1717 1325 1762 et
1379 1709 1585 1778 plures,
1630 1728 1793 1781 quam
1830 1713 1920 1767 ille
1946 1714 2115 1769 libros
2146 1715 2256 1784 (53)

673 1795 1029 1865 scripserunt.
1072 1797 1225 1863 Quod
1275 1800 1443 1871 ergo?
1485 1804 1567 1856 An
1614 1818 1754 1873 opus
1795 1814 1881 1860 est
1910 1821 2006 1859 eos
2039 1806 2258 1861 laudare

672 1897 897 1958 pr0pter
951 1890 1208 1945 verbosas
1237 1907 1364 1947 suas
1422 1895 1635 1965 nugas?
1692 1896 1829 1951 Dum
1886 1897 2262 1954 discordarent

674 1981 819 2035 inter
845 1997 927 2046 se,
958 1984 1180 2037 tandem
1215 1984 1347 2039 dicit
1376 2001 1516 2040 unus
1535 1987 1689 2040 alteri
1721 2006 1733 2040 :
1776 1988 2041 2043 Audimus
2071 2006 2139 2043 ex
2170 1989 2258 2056 iis,

674 2072 768 2142 qni
800 2074 1024 2129 veniunt
1048 2090 1078 2129 e
1116 2076 1321 2131 sanctis
1359 2078 1517 2145 locis,
1552 2080 1698 2149 quod
1734 2079 1991 2136 Jordanis
2026 2083 2262 2137 solitudo

675 2179 901 2234 magnos
957 2165 1162 2220 habeat
1210 2168 1544 2234 monachos;
1602 2185 1814 2237 eamus,
1876 2171 2150 2226 discamus
2194 2173 2263 2228 ab

676 2256 828 2326 ipsis.
863 2257 1051 2327 Itaque
1077 2268 1270 2313 euntes
1294 2259 1363 2314 ad
1386 2270 1573 2315 sancta
1596 2261 1733 2327 loca,
1768 2271 1820 2317 et
1852 2273 2091 2329 orantes,
2135 2280 2259 2335 per-

680 2349 905 2403 veniunt
928 2349 1091 2404 etiam
1120 2349 1185 2405 ad
1209 2351 1563 2406 solitutllnem
1591 2354 1757 2408 maris
1778 2353 1995 2421 Mortui,
2016 2356 2071 2410 in
2099 2372 2261 2427 quam

680 2450 1022 2497 secesserant
1046 2439 1284 2498 Joannes
1310 2453 1363 2498 et
1391 2443 1649 2516 Symeon,
1678 2448 1954 2517 perpetuis
1976 2452 2263 2519 praeconiis

679 2528 1147 2590 celebrandi.'Deo
1176 2544 1360 2590 autem
1384 2537 1618 2593 faciente
1641 2547 1703 2593 ut
1736 2556 1846 2594 non
1879 2540 2080 2596 frustra
2105 2558 2263 2598 assu-

680 2634 896 2679 merent
939 2625 991 2681 id
1024 2627 1248 2693 laboris,
1288 2629 1617 2685 invenerunt
1667 2633 1920 2689 abbatem
1971 2634 2261 2697 Joannem.

682 2716 774 2785 qui
802 2718 1000 2772 ibidem
1044 2720 1301 2785 restabat,
1347 2730 1403 2775 ct
1433 2724 1524 2791 qui
1567 2733 1894 2793 pervenerat
1941 2727 2008 2781 ad
2052 2730 2263 2798 apicem

684 2807 1057 2876 perfectionis.
1098 2810 1199 2865 Ubi
1232 2823 1415 2867 autem
1447 2814 1567 2869 illus
1597 2816 1749 2880 vidit,
1775 2817 1911 2871 dixit
1940 2836 1952 2870 :
1983 2817 2130 2874 Bene
2169 2836 2263 2874 ve-

684 2911 906 2963 nerunt,
930 2903 1043 2971 qui,
1080 2904 1215 2960 mari
1239 2905 1449 2971 relicto,
1492 2908 1559 2961 ad
1599 2908 1800 2963 siccam
1839 2908 2094 2980 paludem
2128 2910 2263 2965 hau-

686 2992 821 3046 sturi
856 2995 1102 3050 veniunt.

759 3087 846 3141 4|.
890 3086 1070 3158 Longa
1094 3088 1256 3161 igitur
1286 3106 1350 3145 ac
1397 3090 1642 3162 religiosa
1688 3092 1831 3147 inter
1876 3109 1972 3149 eos
2004 3095 2147 3150 ultro
2181 3097 2262 3149 ei-

2356 608 2390 671 ἡ
2420 603 2696 674 προσοῦσα
2714 601 2862 673 αὐτῷ
2881 603 3103 670 γνῶσις,
3125 602 3259 656 ἀλλά
3283 602 3513 670 φυσικὸν
3537 599 3965 667 πλεονέκτημα,

2356 696 2540 748 λοιπὸν
2570 694 2627 747 δὲ
2658 696 2749 747 καὶ
2778 693 2955 760 δεξιοῦ
2990 694 3109 757 νοὸς
3152 695 3447 763 ὑπάρχων,
3483 692 3746 762 μάλιστα
3790 690 3850 742 δὲ
3879 693 3963 741 καὶ

2355 794 2420 862 τῇ
2449 789 2754 858 ἀναγνώσει
2783 789 2883 857 τῆς
2909 788 3062 849 Θείας
3079 788 3326 857 Γραφῖκ,
3348 788 3445 841 καὶ
3469 789 3593 846 τοῖς
3626 784 3826 849 ἁγίοις
3859 784 3965 834 [ια-

2354 882 2551 950 τράσιν
2605 880 2899 950 σχολάσας,
2948 879 3153 944 ὧξυνεν
3183 880 3274 933 τὺν
3304 878 3501 931 ἑαυτοῦ
3558 875 3720 938 νοῦν,
3766 876 3869 927 καὶ
3910 876 3965 925 ἐι

2355 972 2547 1025 τούτου
2571 971 2671 1041 τὴν
2695 971 2806 1023 τῶν
2831 969 3054 1038 βιϐλίων
3086 970 3253 1024 αὑτοῦ
3279 968 3617 1039 συγγραφὴν
3635 969 3965 1035 ἐποιήσατο.

2357 1063 2463 1118 Τοῦ
2489 1064 2545 1117 δὲ
2579 1064 2739 1117 πάλιν
2765 1064 3163 1131 ἀντιλέγοντος,
3199 1064 3281 1116 ὅτι
3301 1065 3363 1115 οὐ
3394 1061 3634 1116 δύναταί
3682 1078 3779 1120 τις
3807 1058 3967 1125 λαλῆ-

2359 1174 2448 1209 σαι
2470 1159 2531 1209 ἐκ
2564 1156 2799 1233 φυσικοῦ
2825 1157 3306 1225 πλεονεκτήματος
3338 1156 3559 1222 λόγους,
3592 1155 3695 1217 οὓς
3731 1153 3967 1218 ἐξέθετο,

2360 1234 2599 1319 μάλιστα
2628 1249 2756 1311 τοὺς
2785 1247 2893 1300 τῶν
2940 1244 3225 1310 Ἐξαπλῶν
3278 1245 3479 1298 αὐτοῦ’
3519 1245 3611 1297 διὸ
3665 1244 3773 1296 καὶ
3814 1246 3967 1310 μέγα

2359 1346 2603 1414 σήμερον
2632 1343 2847 1412 δέχεται
2880 1342 3015 1395 αὐτὰ
3042 1342 3117 1404 ὡς
3141 1342 3419 1407 ἀναγκαῖα.
3444 1343 3478 1409 ή
3513 1338 3810 1407 καϐολικὴ
3851 1338 3965 1390 'Ex-

2358 1436 2579 1508 κλησία.
2611 1436 2781 1488 Πάλιν
2808 1434 2867 1486 δὲ
2916 1435 3131 1487 ἐκείνου
3178 1432 3665 1502 ἀποκρινομένου,
3727 1432 3821 1483 ὅτι
3875 1430 3967 1481 Ili-

2361 1544 2607 1590 στευσον,
2624 1524 3041 1594 είσὶνἝλληνες
3064 1524 3285 1576 πλείονα
3305 1522 3500 1575 τούτου
3520 1522 3741 1591 σοφίαν
3770 1522 3967 1589 κτησά-

2362 1638 2534 1692 μενοι,
2569 1621 2662 1672 καὶ
2700 1618 2959 1680 πλείονας
3003 1615 3170 1670 αὐτοῦ
3214 1615 3431 1684 βίϐλους
3473 1611 3966 1683 συγγραψάμενοι.

2360 1712 2424 1764 Τί
2453 1707 2547 1765 οὖν
2574 1711 2683 1781 ἄρα
2722 1710 2818 1764 καὶ
2843 1708 3069 1771 τούτους
3101 1705 3389 1759 ἐπαινέσαι
3410 1705 3521 1775 χρὴ
3548 1704 3648 1757 διὰ
3666 1705 3779 1773 τὴν
3813 1704 3967 1755 πολὺ-

2360 1808 2520 1876 λογον
2542 1807 2724 1861 αὐτῶν
2753 1805 3059 1876 φλυαρίαν;
3109 1802 3569 1873 ’Λσυμὸιδάστων
3611 1802 3813 1853 τοίνυν
3862 1818 3970 1869 μει-

2365 1899 2592 1960 νάντων,
2627 1897 2802 1961 τέλος,
2838 1897 2986 1965 λέγει
3019 1897 3047 1948 ὁ
3079 1890 3159 1957 εἷς
3198 1895 3333 1965 πρὸς
3360 1894 3453 1946 τὸν
3484 1892 3656 1947 ἄλλον
3678 1908 3693 1921 ο
3746 1893 3967 1943 Ἀκούο-

2367 2008 2466 2058 μεν
2500 1989 2649 2061 παρὰ
2682 1988 2791 2041 τῶν
2814 1988 3127 2059 ἐρχομένων
3158 1987 3220 2038 ὲκ
3246 1985 3355 2037 τῶν
3383 1985 3561 2053 ἁγίων
3622 1984 3846 2043 τόπων,
3896 1983 3967 2034 ὅτι

2366 2082 2635 2152 μεγάλους
2691 2081 2958 2151 μοναχοὺς
3006 2079 3118 2150 ἔχει
3172 2080 3206 2149 ἡ
3253 2076 3461 2148 ἕρημος
3514 2076 3620 2129 τοῦ
3670 2075 3965 2145 Ἰορδὰν-ορ,

2363 2176 2607 2244 ἄγωμεν,
2630 2174 2893 2245 μάθωμεν
2918 2172 3011 2226 ἀπ’
3040 2172 3238 2226 αὐτῶν.
3259 2171 3692 2235 Καταλαεόντες
3728 2167 3830 2224 οἷν
3852 2172 3966 2231 τοὺς

2364 2268 2551 2334 ἁγίους
2578 2268 2797 2328 τόπους.
2824 2268 2919 2319 καὶ
2948 2265 3261 2333 εὐξάμενοι,
3298 2263 3556 2334 ἔρχονται
3603 2266 3703 2317 καὶ
3755 2266 3855 2315 ἐπὶ
3878 2264 3969 2332 τὴν

2365 2358 2569 2429 ἔρημον
2599 2358 2698 2427 τῆς
2729 2357 2953 2427 Νεκρᾶς
2981 2355 3285 2424 Θαλάσσης,
3316 2356 3399 2416 είς
3425 2356 3493 2425 ἢν
3511 2355 3615 2407 καὶ
3649 2352 3806 2423 ἦσαν
3872 2355 3969 2407 ὑπ-

2364 2450 2824 2518 αναχωρήσαντες
2846 2449 2896 2500 oi
2950 2447 3185 2515 ἀοίδιμοι
3216 2450 3309 2499 καὶ
3341 2448 3678 2517 ἀείμνηστοι
3708 2448 3968 2517 Ἰωάννης

2364 2543 2458 2595 καὶ
2481 2539 2725 2610 Συμεών.
2766 2540 2872 2593 Τοῦ
2905 2539 3041 2593 Θεοῦ
3070 2540 3165 2593 οὖν
3202 2540 3277 2611 μὴ
3309 2543 3650 2609 ποιήσαντος
3684 2543 3778 2603 είς
3822 2544 3968 2593 κενήν

2365 2633 2456 2686 τὸν
2488 2633 2657 2686 κόπον
2684 2631 2887 2698 αὐτῶν,
2913 2628 3071 2703 εὗρον
3099 2631 3190 2685 τὸν
3214 2632 3389 2685 ἀόὅᾶν
3409 2632 3707 2701 Ἰωάννην,
3732 2632 3842 2703 ἠδη
3869 2632 3966 2685 λοι·

2366 2725 2466 2778 πδν
2497 2725 2591 2778 καὶ
2619 2725 2782 2778 αὑτὸν
2802 2726 2882 2787 είς
2909 2725 3082 2797 μέτρα
3111 2723 3294 2777 τέλεια
3336 2724 3635 2793 φθάσαντα
3654 2740 3673 2757 ο
3720 2726 3808 2785 ὡς
3867 2725 3965 2793 γὰρ

2368 2817 2476 2869 ἴδεν
2507 2818 2724 2880 αὐτοὺς,
2776 2816 2957 2884 λέγει’
2992 2816 3189 2878 Καλῶς
3234 2812 3403 2885 ἦλθον
3432 2817 3485 2869 οἱ
3534 2816 3644 2885 τὴν
3686 2816 3963 2869 θάλατταν

2364 2909 2614 2977 ἀφέντες,
2667 2908 2759 2961 καὶ
2810 2908 2902 2960 ἐπὶ
2954 2906 3051 2978 τὴν
3083 2906 3285 2978 λίμνην
3320 2906 3419 2975 τὴν
3481 2906 3667 2977 ξηρὰν
3722 2906 3965 2965 ἐλθόντες

2367 3002 2649 3071 ἀντλῆσαι.

2405 3112 2413 3130 ι
2444 3104 2553 3164 μα’.
2582 3093 2789 3162 Πολλῆς
2835 3088 2929 3144 οὖν
2958 3091 3051 3142 καὶ
3087 3088 3368 3158 θεοφιλοῦς
3411 3089 3721 3158 συντυχίας
3772 3087 3964 3157 μεταξὺ

693 3189 881 3249 troque
908 3180 1088 3235 habita
1132 3183 1517 3244 collocutione.
1558 3184 1812 3239 dicebant
1844 3185 1967 3256 ipsi,
2012 3204 2112 3243 cur
2161 3190 2266 3243 hoc

2373 3188 2548 3243 αὐτῶν
2574 3185 2896 3255 γενομένης,
2920 3184 3169 3252 λέγουσιν
3204 3182 3354 3252 αὐτῷ
3391 3183 3461 3235 δι’
3495 3175 3577 3235 ὧν
3620 3182 3730 3251 τὴν
3763 3181 3965 3234 ὁδοιπο-

691 3274 795 3327 iter
844 3274 1232 3344 suscepissent.
1278 3275 1579 3347 Respondit
1622 3294 1635 3329 :
1684 3276 1939 3334 Nondum
1968 3322 1983 3343 ,
2043 3280 2264 3350 Patres,

692 3364 961 3419 charisma
1005 3366 1189 3436 accepi
1243 3368 1592 3422 discernendi
1626 3367 1835 3437 judicia
1892 3368 2023 3430 Dei;
2078 3386 2268 3428 verum

692 3456 836 3511 abite
866 3458 931 3512 ad
971 3457 1294 3531 Symeonem
1350 3458 1556 3522 Salum,
1603 3458 1693 3527 qui
1722 3468 1806 3512 est
1836 3459 1889 3513 in
1920 3460 2141 3530 regione
2172 3478 2269 3518 ve-

692 3560 803 3604 stra
824 3569 839 3617 ;
862 3563 915 3607 et
942 3561 1119 3622 potest
1139 3552 1256 3621 ipse
1282 3561 1336 3605 ct
1360 3550 1485 3616 hoc,
1513 3560 1569 3605 et
1597 3551 1698 3605 alia
1723 3568 2063 3623 quaecunque
2084 3555 2267 3620 vultis,

693 3644 928 3706 solvere,
980 3652 1035 3698 et
1072 3644 1234 3699 dicite
1275 3643 1392 3697 illi:
1445 3644 1551 3697 Ora
1600 3658 1703 3713 pro
1746 3643 1976 3710 Joanne,
2032 3656 2093 3700 ut
2136 3646 2269 3716 ipsis

693 3733 858 3789 etiam
889 3734 1078 3789 decem
1112 3744 1258 3790 sorte
1300 3734 1606 3803 obtingant.
1654 3733 1947 3803 Postquam
1992 3737 2273 3791 venissent

696 3822 966 3889 Emesam,
1003 3834 1057 3878 et
1103 3823 1361 3878 sciscitati
1420 3831 1625 3889 essent,
1680 3824 1901 3878 ubinam
1958 3825 2067 3880 illic
2128 3835 2273 3882 esset

698 3913 876 3975 Salus.
924 3914 1015 3985 qui
1069 3915 1362 3969 vocabatur
1417 3914 1673 3986 Symeon,
1707 3930 1899 3971 omnes
1947 3916 2274 3973 deridebant
2317 3949 2329 3959 -

694 4021 812 4069 eos,
840 4006 1085 4061 dicentes
1114 4024 1125 4060 :
1159 4004 1428 4073 Quidnam
1454 4005 1522 4062 ab
1545 4007 1664 4076 ipso
1697 4005 1883 4071 vultis,
1912 4005 2100 4062 Patres
2130 4008 2273 4063 mei?

2372 3280 2496 3351 ρίαν
2515 3278 2787 3347 τοσαύτην
2810 3278 3033 3348 ἠνυσαν.
3071 3274 3179 3329 Καὶ
3207 3259 3355 3344 λέγει
3386 3276 3601 3337 αὐτοῖς·
3638 3274 3844 3335 Οὔπω,
3865 3274 3967 3327 111‘-

2372 3372 2547 3441 τέρες,
2576 3371 2687 3438 ἐγὼ
2713 3370 2775 3422 τὸ
2795 3369 3044 3440 χάρισμα
3064 3366 3393 3437 διακρίσεως
3414 3366 3531 3418 τῶν
3553 3366 3658 3418 τοῦ
3681 3364 3829 3418 Θεοῦ
3859 3382 3968 3435 upi-

2376 3464 2561 3535 μάτων
2593 3462 2812 3531 εἴληφα,
2854 3460 2993 3513 ἀλλά
3037 3459 3305 3513 ἀπέλθετε
3337 3460 3476 3529 πρὸς
3520 3456 3619 3511 τον
3671 3457 3855 3510 Σαλδν
3884 3458 3965 3509 Σιθ-

2379 3552 2546 3625 μεὼν,
2573 3553 2664 3606 τὸν
2693 3555 2749 3606 ὲν
2774 3556 2839 3623 τῇ
2870 3550 3022 3622 χώρᾳ
3056 3550 3229 3618 ὑμῶν,
3262 3549 3358 3602 καὶ
3389 3548 3554 3609 αὐτὸς
3581 3547 3827 3599 δύναται
3854 3547 3965 3613 ὑμῖν

2376 3648 2472 3701 καὶ
2490 3647 2641 3711 αὐτὸ,
2668 3646 2760 3700 καὶ
2792 3647 2968 3698 πάντα
2992 3646 3093 3697 ὅσα
3124 3642 3397 3713 βούλεσθε,
3422 3640 3966 3706 ὲπιλῦσαι,)έγοντες

2373 3739 2526 3809 αὑτῷ
2550 3756 2563 3768 ⁸
2594 3737 2764 3803 Εὖξαι
2797 3738 2893 3791 καὶ
2922 3737 3164 3807 Ἰωάννῃ,
3209 3736 3296 3788 ’ίνα
3321 3734 3460 3804 λάχῃ
3492 3734 3591 3785 καὶ
3632 3731 3798 3801 αὐτῷ
3826 3731 3964 3783 δέκα.

2385 3832 2471 3894 Ὦς
2485 3827 2648 3902 ἦλθον
2670 3832 2749 3892 είς
2770 3828 3036 3900 Ἐμεσαν,
3062 3826 3156 3881 καὶ⁵
3184 3825 3501 3896 ἠρώτησαν,
3531 3822 3650 3878 Ποῦ
3679 3823 3841 3875 ἐστιν
3864 3823 3963 3875 ἐκεῖ

2374 3919 2565 3985 Σαλδς,
2602 3918 2826 3990 Συμεὼν
2855 3918 3231 3989 καλούμενος;
3264 3918 3464 3977 πάντες
3506 3916 3844 3983 κατεγέλων
3876 3916 3963 3967 αὑ-

2372 4008 2506 4076 τῶν,
2557 4009 2651 4063 καὶ
2694 4007 2911 4075 ελεγον·
2942 4006 3008 4060 Τί
3040 4006 3226 4060 θέλετε
3261 4004 3321 4069 ἐξ
3379 4004 3617 4066 ἐκείνου,
3677 4005 3960 4076 Πατέριςς

2211 4124 2443 4182 NOTAE.

701 4215 1228 4288 induxi_t._»8anctus
1278 4216 1517 4273 Basilius
1567 4217 1663 4288 lib.
1699 4216 1776 4271 De
1828 4216 2042 4288 Spiritu
2093 4229 2275 4273 saneto

698 4300 819 4355 cap.
844 4286 912 4340 50
945 4286 1070 4340 dicit
1131 4287 1417 4357 Origenem
1444 4303 1555 4341 non
1582 4287 1836 4357 habuisse
1866 4286 2028 4342 sanas
2055 4290 2124 4344 de
2148 4290 2274 4357 Spi-

700 4357 812 4427 citu
844 4365 1033 4427 sancto
1053 4356 1358 4427 opiniones.
1386 4356 1617 4411 Sanctus
1648 4356 1981 4427 Epiphanius
2023 4358 2079 4413 in
2122 4356 2275 4412 libris

708 4426 783 4480 De
801 4426 1431 4497 haeresibua’OI-igenemi
1461 4442 1690 4481 numero
1741 4436 1997 4482 accenset
2043 4429 2271 4481 aliorum

706 4497 1106 4568 hereticorum.
1135 4496 1373 4568 Sanetus
1396 4496 1755 4568 Ilieronymus
1786 4497 2007 4568 Latinos
2036 4498 2167 4552 fecit
2206 4498 2275 4550 li-

706 4567 842 4648 bros.
882 4565 1134 4648 Origeuis
1182 4568 1318 4648 Περὶ
1354 4567 1560 4638 ἀρχῶν,
1600 4565 1676 4648 'ut
1719 4567 2034 4648 ostenderet
2057 4582 2281 4648 errores

705 4636 968 4709 plurimos
1011 4636 1239 4709 ibidch
1268 4636 1562 4709 inspersos.
1612 4636 1857 4709 Denique
1886 4638 1940 4690 in
1980 4639 2167 4709 quinta
2198 4653 2284 4709 sy-

708 4707 849 4760 nodo
882 4707 1117 4775 generali
1141 4706 1428 4760 collatione
1445 4707 1499 4769 8,
1529 4722 1653 4762 can.
1690 4723 1726 4760 ιι
1758 4707 1955 4761 dicitur
1991 4706 2281 4761 anathema

707 4776 926 4846 Origeni
956 4787 1012 4830 et
1046 4776 1261 4845 scriptis
1298 4777 1439 4846 ejus,
1472 4776 1612 4830 sicut
1652 4776 1801 4846 Ari_o,
1829 4777 2121 4846 Eunomio,
2156 4776 2283 4829 Ma-

707 4844 1261 4913 cedonio,Nestorio,
1288 4855 1344 4901 et
1387 4845 1690 4914 Eutycheti.
1734 4844 1893 4900 Plura
1924 4845 2284 4902 Bellarminus

708 4914 787 4998 De
811 4918 1059 5041 gggiptor.
1091 4916 1400 4983 ecclesiam,
1424 4926 1480 4970 et
1508 4916 1791 4984 Baronius,
1814 4917 1880 4969 ad
1901 4932 2102 4970 annum
2128 4917 2285 4971 Chri-

708 4996 774 5041 slt
921 5025 934 5039 .

708 4988 774 5043 sti
811 4988 934 5041 558.

781 5056 894 5126 (50)
926 5056 1030 5111 Sex
1060 5056 1320 5126 librorum
1354 5055 1522 5126 millia
1555 5072 1680 5109 eum
1730 5056 2140 5125 conscripsisse,
2185 5073 2283 5110 an-

710 5125 926 5181 ctorest
949 5126 1221 5181 llonorius
1246 5125 1318 5179 De
1341 5125 1711 5179 Luminaribus
1734 5126 2019 5179 ecclesiast.
2040 5142 2189 5179 num.
2217 5128 2285 5181 5i

713 5199 779 5253 ad
811 5214 1012 5250 annum
1041 5196 1168 5256 ‘26I,
1217 5196 1517 5249 Cardinalis
1560 5195 1919 5249 Bellarminus
1948 5212 2047 5262 pro
2093 5198 2283 5250 eodem

716 5283 942 5319 numero
979 5267 1237 5319 libroruin
1285 5267 1415 5319 citat
1445 5274 1499 5318 et
1542 5268 1788 5335 sequitur
1824 5266 2183 5334 Epiphaniam
2231 5270 2283 5319 in

718 5337 908 5390 lwresi
936 5336 1203 5403 Origenis.
1243 5336 1376 5389 llinc
1416 5337 1593 5389 dictus
1629 5347 1713 5389 est
1750 5336 2104 5397 συντακτικδς
2141 5353 2283 5388 com-

716 5408 935 5472 positor,
982 5416 1036 5459 et
1086 5408 1429 5473 ἀδαμάντιος,
1470 5416 1525 5459 et
1574 5408 1727 5476 quasi
1768 5408 2070 5460 adamantis
2118 5407 2287 5459 instar

716 5478 890 5532 studio
907 5479 1209 5547 indefessus.

792 5548 899 5615 (5|)
959 5545 1131 5600 ld'est
1174 5546 1545 5614 sextuplicata.
1590 5547 1680 5600 Sic
1737 5547 1971 5615 appellat
2022 5545 2288 5600 Eusrbius

792 5562 899 5615 tot)
959 5562 1010 5599 tu
1048 5562 1131 5600 est
1174 5562 1545 5614 sexmpmam.
1590 5562 1680 5600 Sic
1737 5562 1804 5615 ap
1845 5562 1971 5601 enat
2022 5562 2288 5600 uusrnius

722 5620 812 5670 lib.
844 5634 895 5671 vt
944 5616 1187 5670 Historiae
1222 5618 1516 5670 editionem
1558 5628 1756 5671 sancta:
1802 5562 2117 5684 Scriptum»,
2150 5632 2289 5685 opus

720 5686 972 5755 Origenis
999 5686 1210 5757 ingens,
1246 5688 1407 5757 cujus
1434 5688 1710 5755 spinosum
1738 5691 1939 5756 pariter
1964 5704 2026 5739 ac
2069 5688 2285 5755 longum

724 5762 961 5814 laborem
994 5756 1211 5810 secessu
1242 5756 1403 5826 Tyrio
1439 5758 1697 5825 mitigavit
1750 5759 1968 5814 Auctor.
2022 5766 2076 5809 et
2109 5757 2159 5809 in
2196 5773 2284 5809 sev

720 5829 1005 5884 columnas
1037 5828 1280 5883 distinxit
1318 5844 1413 5898 pro
1444 5843 1533 5881 sex
1558 5829 1799 5897 ejusdem
1840 5827 1999 5885 variis
2024 5827 2287 5880 vcrsioni-

2382 4219 2504 4289 bus,
2557 4235 2755 4289 nempe
2783 4219 2996 4274 duabus
3044 4216 3349 4289 Hebraicis.
3386 4224 3442 4289 et
3468 4224 3713 4289 quatuor
3742 4214 3968 4281 (ἒν-κείς,

2382 4285 2714 4359 Symmachi,
2752 4290 2979 4357 Aquilze.
3008 4288 3361 4359 septuaginta
3402 4287 3639 4359 duorum
3692 4285 3962 4359 interpre-

2383 4355 2497 4413 tum
2543 4375 2605 4413 ac
2655 4355 3249 4413 Tlieodotionis.’Vide
3301 4355 3596 4409 Baronium
3638 4355 3709 4408 ad
3761 4370 3961 4408 annum

2383 4429 2581 4483 Christi
2611 4428 2735 4483 εει.

2381 4429 2581 4484 Christi
2611 4429 2735 4483 23L

2453 4499 2562 4568 (52)
2599 4499 2833 4554 Sanctus
2887 4496 3246 4568 Hieronymus
3284 4494 3615 4568 inuepistola
3663 4494 3734 4547 ad
3770 4495 3960 4568 Δ’ῐῖωιι

2383 4564 2500 4638 cap.
2536 4564 2594 4623 in
2634 4569 2934 4638 quamlibet
2950 4568 3017 4638 ab
3045 4564 3274 4634 Origene
3292 4564 3832 4638 alienustllesapla
3853 4566 3962 4633 ejus

2386 4634 2470 4693 his
2501 4634 2681 4693 verbis
2709 4637 3053 4693 commendat
3085 4655 3097 4689 :
3126 4637 3251 4690 [hac
3292 4634 3602 4689 immortale
3632 4634 3773 4687 illud
3821 4635 3962 4703 inge-

2385 4710 2535 4763 nium
2563 4724 2665 4763 suo
2694 4709 2851 4762 nobis
2881 4707 3067 4760 labore
3096 4706 3339 4767 donarit,
3391 4713 3451 4758 ut
3483 4719 3590 4758 non
3627 4719 3962 4771 magnopere

2384 4780 2831 4849 pertimescamus
2849 4776 3194 4849 supercilium
3228 4776 3559 4849 Judzcorum,
3590 4775 3797 4828 solutis

2385 4844 2439 4903 et
2471 4850 2682 4903 obtorta
2712 4844 2931 4919 lingua.—
2956 4856 3011 4899 et
3043 4846 3311 4919 stridente
3336 4844 3523 4919 saliva,
3562 4852 3621 4896 et
3656 4858 3787 4898 rasa
3817 4844 3962 4919 fa_ue_e

2386 4919 2757 4989 gaudentium.
2832 4918 3160 4985 Hieronymo
3216 4914 3535 4989 astipulatur
3570 4923 3809 4989 sanctus
3848 4913 3963 4983 Epi.

2388 4984 2620 5058 phanius
2649 4990 2744 5042 lib.
2782 4987 2858 5041 De
2897 4984 3152 5040 meumr:
3187 5004 3205 5035 ε
3242 4986 3347 5037 Sex
3372 4984 3659 5058 columnas
3693 4984 3962 5058 interpre-

2389 5054 2500 5111 tum
2525 5060 2833 5112 alternatim
2857 5058 3149 5121 collocatis,
3175 5070 3423 5125 magnam
3451 5054 3751 5107 utilitatem
3780 5055 3963 5125 cogni-

2390 5130 2551 5182 tionis
2583 5129 2851 5182 exhibuit.
2886 5147 2904 5177 ι

2459 5199 2569 5265 (55)
2606 5198 2722 5251 Non
2762 5198 3018 5261 occurrit,
3048 5196 3138 5265 qui
3165 5196 3429 5249 librorum
3460 5193 3825 5248 multitudine
3852 5194 3961 5249 Ori-

2386 5284 2576 5338 genem
2613 5268 2823 5321 vicerit.
2846 5267 3123 5337 Didymus.
3151 5274 3288 5319 teste
3316 5265 3787 5338 Suida,_edidisse
3807 5266 3960 5338 libros

2390 5336 2620 5393 traditur
2653 5348 2733 5391 ter
2760 5339 2904 5391 mille
2930 5336 2991 5389 ac
3018 5338 3365 5405 quingentos.
3394 5336 3578 5389 Suidae
3606 5337 3793 5404 quoad
3823 5337 3960 5389 hunc

2390 5423 2676 5462 numerum
2707 5407 2979 5461 consentit
3020 5404 3314 5460 Athenmus
3358 5404 3452 5458 lib.
3484 5422 3557 5459 tv.
3591 5404 3811 5459 Seneca
3844 5420 3958 5459 eum

2389 5480 2631 5532 extendit
2665 5493 2835 5545 usque
2880 5478 2947 5531 ad
2980 5486 3172 5543 quater
3214 5476 3379 5527 mille.
3428 5474 3639 5528 Dicitur
3669 5475 3740 5527 ab
3779 5474 3958 5529 Hiero-

2390 5564 2550 5617 nvmo
2578 5550 2648 5601 ob
2698 5549 2939 5602 laborem
2989 5546 3341 5617 indefessum
3368 5546 3765 5617 χαλκεντερος.
3811 5547 3957 5599 meis

2390 5615 2647 5673 intestinis
2676 5618 2944 5687 praeditus.
2979 5618 3272 5670 Athenaeus
3322 5615 3730 5687 βιϐλιολάθαν)
3779 5619 3957 5670 Deme-

2393 5691 2495 5743 trio
2524 5686 2790 5742 'l‘razeuio
2826 5687 3210 5755 compellatum
3244 5686 3427 5748 tradit,
3454 5688 3611 5754 quasi
3652 5686 3811 5739 dicas
3841 5687 3957 5737 obti-

2393 5760 2537 5812 vione
2570 5760 2842 5821 librorum,
2876 5756 3127 5811 videlicet
3148 5757 3291 5825 quod
3322 5771 3466 5826 smpc
3498 5769 3602 5811 nec
3636 5771 3833 5810 eorum
3858 5771 3958 5809 ωτι

2394 5831 2654 5884 ininisset.
2694 5844 2813 5898 qum
2841 5828 3147 5896 scripserat.
