4118 6432
201 373 346 440 1729

1495 382 1672 446 VITA
1718 382 1778 443 S.
1807 381 2106 445 SYMEON
2116 385 2207 447 IS.

3342 399 3478 464 1730

192 482 400 544 κακὸν,
421 481 667 548 ἔγνωσαν
689 487 771 539 ὅτι
797 487 958 552 αὐτὸς
981 488 1150 553 αὑτὰς
1175 490 1512 561 ὲστραὺωτε,
1536 492 1631 545 καὶ
1659 509 1780 546 κατ-

1897 491 2040 547 ferre
2077 494 2385 564 inciperent
2413 499 2803 570 malum,quod
2834 503 2935 558 sibi
2963 516 3242 571 evenerat,
3274 525 3481 580 cogno-

192 573 428 646 ἔτρεχον
452 576 602 645 αὐτῷ
634 577 921 631 κλαίουσαι
943 581 1120 633 ὀπίσω
1147 581 1313 634 αὐτοῦ
1337 583 1431 635 καὶ
1463 582 1788 653 κράζουσαιο

208 661 530 730 ’Δνάλυσον,
557 668 714 733 Σαλὲ,
735 670 1021 726 άνάλυσον.
1047 672 1333 741 Ἐνόμιζον
1358 674 1468 744 γάρ
1490 674 1657 729 αὑτὸν
1681 675 1789 727 ἀπ’)

190 753 494 817 ὲπιλαλιᾶς
530 758 848 827 στραυῶσαι
901 760 1095 824 αὑτάς.
1137 762 1226 825 Ὠς
1265 760 1359 816 οὖν
1407 763 1654 833 ἔφθασαν
1687 764 1788 818 αὺ-

187 844 316 908 τὸν,
337 846 653 917 ἐκράτησαν
674 849 839 903 αὐτὸν
865 849 975 922 βίᾳ.
1003 853 1114 905 Καὶ
1135 852 1377 923 ῶρκιξον
1402 856 1490 909 ἵνα
1507 857 1787 923 άναλύσει,

187 938 394 1006 φησιν,
425 939 485 991 τὸ
517 938 698 1011 ἔδησε.
731 942 895 1010 Λέγει
920 939 1016 996 οὖν
1055 946 1249 1008 αὐταῖς
1291 947 1504 1011 παίζων
1527 966 1542 980 ·
1574 950 1674 1003 Οἴα
1702 950 1790 1004 θέ-

187 1029 285 1082 λει
318 1030 379 1094 ἐξ
413 1032 570 1102 ὑμῶν
627 1017 868 1102 ὐγιᾶναι,
929 1036 1142 1108 φιλήσω
1170 1039 1263 1091 τὸν
1291 1040 1570 1110 ὀφθαλμὸν
1617 1044 1791 1112 αὐτῆς

185 1121 294 1174 τὸν
325 1125 734 1192 στραυωθέντα,
771 1127 865 1180 καὶ
901 1129 1156 1196 ὑγιαίνει.
1193 1132 1366 1196 Ὅσας
1394 1128 1488 1188 οὖν
1522 1136 1790 1206 ἠθέλησεν

185 1215 222 1266 6
249 1214 407 1278 Θεὸς.
448 1216 536 1269 ἵνα
567 1218 854 1286 ὑγιάνωσι,
889 1221 1057 1290 φησιν
1083 1224 1112 1274 6
1159 1223 1306 1286 ὅσιος
1329 1263 1343 1286 ,
1408 1225 1786 1292 κατεδέξαντο,

187 1303 259 1355 αἱ
289 1303 347 1356 δὲ
368 1304 574 1371 λοιπαὶ,
605 1308 661 1358 al
694 1307 769 1379 μὴ
797 1310 1228 1380 καταδεξάμεναι
1254 1313 1342 1377 ἵνα
1362 1300 1564 1386 φιλήση
1592 1316 1788 1379 αὑτάς,

187 1392 428 1462 ἔμειναν
452 1393 626 1458 οὕτως
653 1397 959 1454 κλαίουσαι.
995 1400 1151 1454 Μετὰ
1197 1397 1292 1456 οὖν
1323 1403 1384 1456 τὸ
1433 1403 1787 1474 ἀναχωρῆσαι

189 1485 370 1537 αὑτὸν
387 1487 482 1539 ἀπ’
509 1487 690 1542 αὐτῶν
718 1489 1170 1561 ὀλίγον,ἦρξαντο
1200 1495 1296 1548 καὶ
1326 1499 1380 1550 αἱ
1407 1497 1591 1551 λοιπαὶ
1615 1517 1776 1552 κατα·

187 1575 418 1644 τρέχειν
452 1575 639 1642 αὑτοῦ,
690 1579 786 1633 καὶ
837 1582 1088 1651 κράζειν·
1137 1588 1355 1649 Μεῖνον,
1388 1589 1546 1644 Σαλὲ.
1583 1593 1784 1659 μεῖνον,

187 1661 296 1714 τὸν
327 1663 481 1728 Θεὸν,
525 1668 730 1733 μεῖνον,
764 1669 993 1740 φίλησον
1031 1674 1127 1725 καὶ¹
1150 1677 1319 1744 ἡμᾶς.
1348 1673 1454 1731 Ἦν
1511 1679 1605 1732 οὖν
1659 1683 1786 1735 ίδεῖν

187 1753 291 1807 τὸν
323 1756 560 1826 Γέροντα
580 1760 868 1838 τρέχοντα,
888 1765 1101 1826 καὶτὰς
1125 1767 1372 1832 νεάνιδας
1396 1771 1571 1824 ὀπίσω
1598 1773 1781 1827 αὐτοῦ.

191 1847 313 1898 Καὶ
345 1849 395 1898 οἱ
449 1849 550 1918 μὲν
589 1850 777 1919 ἔλεγον
808 1855 891 1907 ὅτι
945 1856 1201 1921 παίζουσι
1235 1861 1354 1929 μετ’
1398 1863 1562 1916 αὑτοῦ
1587 1879 1598 1891 ·
1650 1867 1700 1917 οί
1729 1865 1786 1918 δὲ
1819 1845 1859 1899 Β

188 1939 531 2007 ἐλογίζοντο,
555 1943 636 1995 ὅτι
661 1944 1015 2016 ὲξηχώθησαν
1035 1952 1130 2004 κα)⁸
1152 1951 1222 2005 τά
1243 1954 1498 2024 κοράσια.
1523 1959 1787 2028 Ἔμειναν

187 2027 295 2085 οὖν
324 2031 500 2098 οὕτως
552 2035 906 2105 ἀθεράπευτα
956 2041 1046 2094 διὰ
1101 2045 1322 2108 παντός.
1360 2027 1727 2122 Ἐλεγεννγὰρ
1758 2052 1786 2103 6

189 2123 368 2213 ὅσιος,
397 2125 459 2178 Εἰ
498 2126 572 2196 μὴ
601 2129 951 2200 ὲστράϐωσεν
980 2133 1151 2198 αὐτὰς
1194 2137 1223 2188 6
1267 2137 1428 2204 Θεὸς,
1476 2141 1785 2213 ὑπερὸἄλαι

190 2209 349 2286 εἶχον
384 2221 463 2282 είς
491 2221 734 2275 ἀσωτίαν
763 2223 946 2289 πάσας
965 2227 1066 2291 τὰς
1086 2233 1353 2298 γυναῖκας
1377 2209 1599 2305 Συρίαςξ
1622 2235 1785 2290 Ἀλλά

188 2306 290 2360 διὰ
325 2309 423 2379 τῆς
449 2312 606 2363 νόσου
657 2313 766 2366 τῶν
825 2315 1123 2387 ὀφθαλμῶν
1169 2322 1349 2376 αὐτῶν
1391 2325 1683 2381 ὲνδίδουσιν
1722 2330 1786 2382 ἐκ

188 2399 310 2452 τῶν
342 2401 553 2456 πολλῶν
583 2407 795 2461 κακῶν.
829 2409 1122 2465 Ἐκάλεσεν
1144 2414 1307 2469 αὐτὸν
1345 2416 1493 2482 ἅπαξ
1532 2421 1612 2484 είς
1658 2422 1782 2492 ἄρι-

193 2510 328 2546 στον
352 2495 380 2547 6
419 2496 579 2568 κῦρις
603 2499 879 2571 Ἰωάννης,
910 2503 938 2554 ὀ
958 2504 1111 2572 φίλος
1133 2507 1322 2571 αὐτοῦ,
1354 2511 1449 2562 καὶ
1477 2511 1785 2583 ἐκρέμαντο

189 2588 320 2638 ἐκεῖ
348 2585 562 2657 λαρδία.
590 2591 830 2659 Ἤρξατο
863 2589 957 2646 οὖν
981 2596 1204 2650 κόπτειν
1231 2600 1325 2651 καὶ
1367 2600 1601 2670 τρώγειν
1633 2603 1783 2674 ὠμὸν

189 2673 258 2725 τὸ
287 2673 504 2746 λαρδίον
536 2680 565 2731 ὀ
596 2679 769 2742 άὸὅᾶς
817 2683 1064 2753 Συμεών.
1104 2686 1161 2739 '0
1199 2687 1257 2739 δὲ
1307 2691 1578 2758 πάνσοφος
1605 2673 1785 2748 Ἰωάν-

189 2781 317 2836 νης,
354 2767 427 2838 μὴ
449 2768 618 2823 θέλων
651 2773 788 2840 μετά
817 2777 1066 2844 κραυγῆς
1096 2796 1148 2830 τι
1187 2782 1366 2834 εἰπεῖν
1408 2783 1593 2855 αὐτῷ,
1627 2787 1783 2856 ὲγγί-

192 2873 300 2919 σας
327 2859 460 2929 πρὸς
490 2861 551 2913 τὸ
569 2857 663 2925 οῦς
692 2865 881 2930 αὐτοῦ,
912 2868 1061 2935 λέγει
1088 2870 1236 2941 αὐτῷ
1260 2888 1275 2903 ⁸
1311 2874 1515 2938 Ὄντως
1538 2876 1598 2928 οὐ
1619 2895 1781 2931 σκαν-

190 2946 435 3012 δαλίζεις
465 2969 554 3022 με,
583 2954 678 3006 ἐὰν
713 2956 894 3027 φάγῃς
929 2959 1036 3011 άπὸ
1064 2964 1337 3032 καμηλίου
1364 2965 1548 3035 ὠμὸν,
1594 2969 1780 3024 λοιπὸν

193 3039 328 3094 εἴτι
362 3041 542 3114 θέλῃς,
601 3047 848 3118 ποίησον.
910 3051 1246 3119 Ἐγίνωσκεν
1276 3057 1386 3128 γάρ
1439 3061 1539 3130 τὴν
1578 3062 1780 3135 ἀρετὴν

1891 597 2089 640 verunt
2143 587 2212 641 ab
2260 588 2382 656 ipso
2433 591 2697 648 distortos
2761 594 2864 648 sibi
2926 596 3096 654 fuisse
3148 602 3356 657 oculos.
3417 607 3481 663 fit

1889 689 2248 735 accurrerunt
2273 680 2467 736 flentes
2513 695 2634 753 post
2678 686 2856 755 ipsum
2887 698 2942 742 et
2971 691 3271 748 clamantes
3304 711 3318 748 :
3359 697 3479 751 Dis-

1889 774 2059 839 solve,
2091 773 2236 837 Sale,
2269 775 2528 831 dissolve.
2598 779 3035 837 Putabantenim
3070 787 3358 842 strabones
3410 790 3479 844 ab

1888 869 1983 922 illo
2011 883 2071 923 se
2119 883 2243 923 esse
2300 869 2472 923 factas
2523 885 2624 940 per
2671 874 2965 927 verborum
3024 875 3475 934 incantationem.

1889 961 2058 1032 Igitur
2088 962 2155 1016 ad
2188 962 2336 1017 illum
2371 963 2650 1029 digressae,
2702 975 2998 1021 tenuerunt
3025 983 3150 1022 eum
3181 971 3256 1035 vi,
3290 983 3344 1024 et
3377 974 3478 1026 atl—

1884 1053 2164 1122 jurarunt,
2199 1062 2257 1108 ut
2283 1054 2611 1108 dissolveret
2635 1057 2778 1124 quod
2823 1057 3102 1126 ligaverat.
3131 1058 3269 1113 Dicit
3296 1059 3479 1128 itaque

1889 1147 1996 1200 illis
2026 1146 2258 1202 ludens:
2314 1146 2667 1216 Quaecunque
2699 1164 2766 1202 ex
2806 1150 2961 1204 vobis
2992 1151 3108 1204 vult
3140 1154 3343 1207 sanari.
3385 1169 3477 1206 os.-

1888 1241 2110 1295 culabor
2154 1241 2372 1295 oculum
2420 1240 2542 1310 ejus
2572 1241 2839 1304 strabum,
2884 1252 2940 1296 et
2983 1244 3281 1299 sanabitur.
3306 1248 3476 1311 Quot-

1888 1342 2022 1400 quot
2067 1347 2197 1402 ergo
2245 1332 2415 1386 voluit
2465 1332 2610 1388 Deus
2683 1342 2744 1386 ut
2797 1345 3146 1394 sanarentur.
3196 1337 3478 1407 inquiebat

1889 1422 2143 1483 Sanctus.
2200 1423 2541 1491 accipiebant
2577 1425 2990 1489 conditionem,
3042 1427 3265 1498 reliquae
3325 1449 3474 1493 vero,

1887 1531 2010 1584 qua:
2031 1531 2140 1570 non
2163 1515 2552 1584 permiserunt.
2596 1525 2654 1569 ut
2698 1532 2756 1569 se
2789 1519 3151 1582 oscularetur,
3180 1524 3479 1577 manebant

1888 1607 1969 1663 sic
1996 1606 2383 1665 ﬂentes.Dum
2431 1607 2729 1676 pauxillum
2771 1608 2952 1677 itaque
2985 1611 3052 1663 ab
3086 1612 3152 1665 iis
3192 1623 3339 1666 esset
3389 1616 3472 1668 «εί.

1888 1712 2128 1767 gressus.
2179 1707 2466 1766 cmperunt
2509 1707 2563 1752 et
2608 1698 2835 1767 reliqua:
2864 1700 2929 1752 ad
2969 1700 3121 1754 illum
3153 1718 3396 1765 currere,
3421 1716 3478 1760 et

1887 1788 2122 1843 clamare
2148 1808 2161 1844 :
2195 1775 2372 1851 Mane,
2406 1789 2552 1852 Sale,
2581 1806 2762 1855 mane,
2787 1806 2884 1859 per
2904 1791 3071 1846 Deum
3103 1809 3284 1859 mane,
3313 1812 3476 1850 oscu-

1890 1878 2003 1933 lare
2038 1888 2093 1934 et
2122 1896 2242 1935 nos.
2283 1880 2478 1935 Videre
2527 1881 2691 1951 igitur
2738 1892 2856 1937 erat
2903 1897 3089 1937 senem
3135 1897 3471 1952 currentem,

1889 1980 1942 2026 et
1969 1973 2160 2042 puella;
2189 1982 2312 2042 post
2340 1973 2538 2042 ipsum.
2584 1973 2652 2028 Et
2684 1974 2740 2028 bi
2775 1974 2991 2043 quidem
3023 1975 3299 2040 dicebant,
3327 1980 3472 2048 quod

1889 2065 2081 2134 puellae
2112 2065 2290 2135 ipsum
2320 2066 2607 2131 luderent,
2647 2067 2722 2122 illi
2758 2067 3090 2139 cogitabant,
3122 2070 3265 2137 quod
3306 2073 3471 2129 etiam

1887 2159 2018 2228 ipsa:
2048 2168 2226 2213 emota
2257 2167 2446 2214 essent
2472 2169 2676 2216 mente.
2712 2160 2888 2230 Atque
2938 2163 3010 2219 ita
3057 2166 3110 2219 in
3140 2177 3470 2235 perpetuum

1885 2265 1995 2304 non
2032 2260 2234 2306 sanetae
2263 2261 2706 2321 permanserunt.
2749 2251 2973 2312 Dicebat
3000 2257 3147 2312 enim
3196 2259 3468 2314 Sanctus:

1884 2344 1998 2398 Nisi
2033 2345 2322 2399 strabones
2362 2345 2480 2399 illas
2525 2345 2750 2401 fecisset
2789 2347 2956 2412 Deus,
3005 2350 3247 2405 futurum
3283 2350 3469 2417 luisse,

1887 2443 1945 2488 ut
1979 2448 2192 2489 morum
2235 2435 2453 2490 licentia
2499 2451 2693 2491 omnes
2737 2434 2905 2508 Syria:
2951 2440 3209 2494 mulieres
3241 2457 3472 2510 supcra-

1884 2534 2035 2592 rent;
2080 2526 2173 2580 sed
2220 2541 2318 2595 per
2364 2527 2617 2580 morbum
2660 2527 2943 2582 oculorum
2984 2529 3155 2582 multa
3190 2546 3285 2584 eas
3331 2531 3470 2584 mala

1883 2615 2208 2670 declinasse.
2249 2616 2504 2671 invitavit
2545 2616 2723 2686 ipsum
2764 2619 2998 2687 quadam
3045 2619 3164 2674 vice
3203 2621 3270 2674 ad
3302 2635 3471 2690 prau-

1882 2705 2034 2760 dium
2082 2706 2341 2769 Joannes,
2382 2707 2591 2761 amicus
2648 2709 2788 2777 ejus,
2839 2719 2895 2763 et
2945 2724 3209 2779 suspensa
3268 2714 3468 2769 ibit'em

1883 2807 2040 2853 erant
2090 2798 2280 2854 larida.
2342 2800 2518 2868 Cmpit
2560 2800 2723 2869 igitur
2769 2801 3021 2856 scindere
3067 2811 3123 2856 et
3177 2796 3470 2860 comedere

1881 2891 2110 2944 crudum
2173 2890 2406 2944 laridum
2457 2892 2624 2945 abbas
2683 2890 2942 2960 Symeon.
3009 2892 3464 2962 Sapientissimus

1880 2998 2011 3036 vero
2039 2983 2298 3046 Joannes,
2343 2984 2535 3038 nolens
2572 2984 2673 3052 ipsi
2716 2985 2919 3054 aliquid
2969 2985 3154 3041 dicere
3202 2988 3464 3054 clamose,

1881 3071 2149 3127 accedens
2173 3074 2240 3127 ad
2267 3088 2456 3128 aurem
2494 3075 2633 3142 ejus,
2671 3075 2843 3129 dicit:
2875 3076 3027 3130 Haud
3052 3093 3184 3133 sane
3209 3081 3470 3134 seandalo

192 3132 292 3184 τοῦ
324 3134 517 3196 Σαλοῦ.
564 3135 697 3191 διότι
722 3143 1090 3208 πνευματικὸς
1125 3144 1416 3216 ἄνθρωπος
1465 3153 1560 3206 καὶ
1617 3132 1778 3218 αὐτδς

1884 3164 2019 3218 mibi
2061 3179 2143 3229 es,
2217 3165 2436 3219 tametsi
2470 3166 2697 3218 crudum
2738 3182 2769 3220 e
2812 3168 3028 3222 camino
3065 3171 3342 3226 comedas.
3397 3171 3471 3225 De

193 3221 466 3296 ὑπῆρχεν.

271 3404 380 3474 μθ¹.
411 3399 615 3458 Ἦλθόν
647 3408 777 3460 ποτέ
809 3426 952 3472 τινες
991 3410 1276 3480 Ἑμεσενοὶ
1305 3417 1361 3467 ὲν
1397 3420 1463 3486 τῇ
1505 3419 1636 3488 ἁγίᾳ
1670 3422 1778 3472 Πα-

195 3496 393 3568 σχαλία
423 3497 503 3560 είς
535 3498 634 3569 τὴν
666 3499 830 3567 ἁγίαν
862 3501 1016 3555 πόλιν
1037 3504 1317 3574 ἑορτάσαι,
1355 3500 1430 3560 ὧν
1466 3511 1493 3560 6
1525 3504 1603 3571 εἷς
1645 3528 1777 3563 κατ-

191 3585 356 3655 ῆλθεν
379 3588 460 3650 εἰς
491 3589 584 3640 τὸν
613 3588 768 3656 ἅγιον
795 3589 1068 3664 Ἰορδάνην
1099 3592 1380 3659 εὔξασθαι.
1409 3597 1517 3649 Καὶ
1548 3616 1777 3670 περιερ-

193 3677 424 3748 χόμενος
455 3680 580 3742 τοὺς
608 3681 880 3749 Πατέρας,
909 3683 1090 3752 ᾐτεῖτο
1117 3685 1390 3753 εὐλογίαν.
1442 3689 1650 3760 Συνέϐη
1684 3688 1778 3745 οὖν

192 3770 287 3822 καὶ
313 3771 405 3823 τὸν
424 3769 598 3824 άᾶὸᾶν
621 3772 877 3842 Ἰωάννην
900 3775 991 3827 τὸν
1011 3775 1236 3844 ἀδελφὺν
1257 3778 1353 3830 τοῦ
1378 3780 1522 3833 άὸὁᾶ
1551 3783 1775 3851 Συμεὼν

191 3861 504 3931 ἀπαντῆσαι
537 3863 661 3914 κατ’
703 3863 1016 3932 οἰκονομίαν
1048 3865 1142 3918 τοῦ
1200 3867 1370 3931 Θεοῦ,
1405 3870 1483 3938 τῷ
1514 3889 1773 3942 πραγμασ

189 3953 355 4021 τευτῇ
395 3954 476 4014 είς
505 3952 603 4023 τὴν
631 3953 858 4024 ἔρημον.
896 3956 982 4019 Ὠς
1006 3957 1064 4010 δὲ
1091 3954 1230 4012 εἶδεν
1260 3960 1424 4014 αὐτὸν
1455 3963 1483 4013 ὀ
1514 3946 1773 4033 πραγμά-

188 4044 409 4112 τευτὴς,
442 4043 664 4116 ἔρριψεν
710 4046 904 4099 ἑαυτὸν
957 4049 1158 4118 χαμαὶ,
1197 4050 1368 4104 αἰτῶν
1423 4053 1591 4123 εὐχὴν
1643 4057 1772 4126 παρ’

188 4135 380 4192 αὐτοῦ.
414 4137 581 4205 Λέγει
606 4139 756 4209 αὑτῷ
779 4141 807 4192 ό
830 4140 1004 4204 άόὁᾶς
1043 4143 1315 4213 Ἰωάννης·
1351 4145 1527 4198 Πόθεν
1554 4145 1637 4212 εἷς
1672 4151 1772 4202 Λέ-

189 4245 280 4298 γει
313 4229 464 4299 αὐτῷ
504 4232 734 4292 ἐκεῖνος·
775 4230 910 4283 Ἀπὸ
952 4232 1208 4302 Ἐμέσης,
1245 4235 1445 4305 Πάτερ.
1490 4237 1625 4292 Τότε
1665 4240 1772 4293 ἀπ-

188 4319 384 4390 εκρίθη
433 4321 582 4391 αὐτῷ
603 4337 617 4350 '
649 4323 759 4376 Kal
784 4322 922 4392 ἔχων
955 4325 1072 4378 ἐκεῖ
1112 4327 1204 4378 τὸν
1232 4327 1405 4380 ἀϐὁᾶν
1429 4329 1656 4399 Συμεὼν
1679 4333 1772 4385 τὸν

188 4412 481 4482 λεγόμενον
515 4415 700 4479 Σαλόν,
754 4415 816 4479 ἐξ
861 4416 995 4486 ἐμοῦ
1041 4417 1135 4470 τοῦ
1171 4418 1432 4472 ταπεινοῦ
1463 4421 1517 4473 τί
1543 4424 1724 4493 ζητεῖς
1753 4443 1768 4490 ;

1887 3266 2086 3311 caetero
2133 3256 2218 3311 fac
2245 3258 2389 3326 quod
2423 3257 2605 3323 lubet;
2637 3266 2798 3311 norat
2843 3259 2990 3312 enim
3037 3257 3146 3313 Sali
3179 3260 3468 3328 virtutem;

1888 3357 2177 3416 propterea
2207 3349 2350 3417 quod
2383 3357 2438 3401 et
2471 3350 2587 3416 ipse
2621 3349 2704 3403 vir
2739 3351 3034 3418 spiritualis
3057 3363 3220 3407 esset.

1955 3442 2044 3496 49.
2090 3441 2371 3495 Venerunt
2409 3441 2704 3510 aliquando
2737 3443 2992 3495 nonnulli
3019 3443 3266 3498 Emeseni
3297 3445 3350 3498 in
3379 3461 3468 3499 so-

1887 3532 2168 3586 lemnitate
2222 3542 2412 3585 sancta
2452 3533 2713 3601 paschali,
2765 3534 2833 3586 ad
2885 3542 3128 3588 sanctam
3191 3536 3468 3593 civitatem

1884 3623 2207 3677 celebrituri
2243 3622 2465 3686 festum,
2514 3639 2748 3691 quorum
2787 3639 2930 3678 unus
2986 3625 3082 3678 ivit
3112 3625 3178 3680 ad
3214 3637 3464 3682 sanctum

1884 3712 2175 3768 Jordancm
2210 3723 2272 3768 ut
2302 3724 2502 3767 oraret.
2540 3715 2602 3767 Et
2629 3714 2962 3768 circumiens
3004 3723 3208 3784 patres,
3246 3721 3465 3786 petebat

1885 3813 1943 3857 ut
1977 3805 2080 3858 sibi
2121 3804 2259 3858 bene
2320 3812 2695 3872 precarentur.
2737 3804 2980 3873 Contigit
3031 3819 3182 3874 ergo,
3211 3816 3269 3860 ut
3296 3808 3464 3863 abbas

1881 3911 2097 3964 quoque
2126 3894 2384 3956 Joannes,
2406 3894 2692 3963 Symeonis
2743 3894 2954 3950 abbatis
2992 3894 3177 3962 frater,
3211 3912 3465 3954 occurre-

1881 3997 1984 4052 ret,
2016 3989 2125 4041 Deo
2156 3989 2233 4041 sic
2254 3987 2598 4055 disponente,
2637 3988 2927 4041 mercatori
2960 3987 3137 4060 [huic]
3182 3989 3235 4043 in
3267 3992 3462 4046 solitu-

1881 4081 2028 4136 dine.
2069 4079 2172 4134 Ubi
2232 4078 2382 4132 illum
2428 4079 2716 4146 conSpexit
2783 4089 3075 4145 mercator,
3124 4080 3357 4149 projecit
3406 4099 3465 4136 se

1882 4172 2052 4235 humi,
2104 4187 2302 4239 rogans
2351 4171 2419 4224 ab
2461 4184 2526 4223 eo
2565 4184 2774 4238 preces.
2834 4169 2931 4224 Cui
2972 4170 3140 4224 abbas
3168 4169 3408 4224 Joannes
3445 4192 3460 4226 :

1878 4260 2043 4332 Cujas
2089 4261 2189 4338 est?
2237 4259 2480 4326 Subjecit
2535 4260 2672 4313 ille:
2721 4258 3042 4323 Emesenus,
3093 4260 3278 4316 Pater.
3323 4261 3462 4319 Tum

1879 4353 2160 4424 respondit
2195 4352 2292 4421 ipsi
2324 4369 2336 4403 :
2367 4351 2468 4416 Qui
2516 4351 2685 4404 habes
2713 4351 2787 4404 ibi
2824 4351 3074 4405 abbatem
3112 4352 3460 4424 Symeoncm,

1877 4446 1967 4516 qui
1999 4446 2202 4499 dicitur
2236 4443 2415 4507 Salus,
2445 4443 2575 4512 quid
2637 4458 2666 4496 a
2705 4457 2793 4497 me
2831 4444 3052 4503 abiecto
3100 4446 3293 4505 petis?
3325 4448 3463 4502 Nam

189 4508 312 4560 Τῶν
331 4509 438 4578 γάρ
470 4508 645 4578 εὐχῶν
673 4509 883 4563 ἐκείνου
912 4509 1100 4582 χρῄζω
1127 4512 1305 4580 κάγὼ,
1338 4514 1432 4565 καὶ
1474 4514 1593 4577 ὅλος
1623 4517 1652 4568 6
1681 4517 1771 4569 κό-

1881 4508 1974 4606 ego
2003 4549 2219 4604 quoque
2254 4508 2508 4601 precibus
2537 4533 2656 4600 ejus
2675 4532 2915 4602 indigeo,
2945 4541 2999 4586 et
3027 4541 3175 4587 totus
3197 4536 3459 4589 mundus.

191 4614 346 4667 σμος.
378 4599 609 4652 Ἔλαϐεν
631 4598 724 4652 οὖν
752 4601 842 4654 τὸν
868 4605 1298 4673 πραγματευτὴν
1323 4607 1351 4658 6
1379 4605 1555 4669 ἀὸὁᾶς
1588 4608 1768 4661 Ἰωάν-

188 4709 285 4761 νης
323 4694 402 4754 είς
421 4692 481 4744 τὸ
513 4693 777 4763 σπήλαιον
800 4694 968 4747 αὐτοῦ
994 4696 1086 4747 καὶ
1112 4696 1430 4766 παρέθηκεν
1467 4699 1618 4770 αὐτῷ
1637 4701 1770 4770 τρά-

186 4782 361 4843 πεζαν
419 4783 704 4837 πλουσίαν.
742 4784 840 4837 Ἐκ
889 4785 1024 4838 Θεοῦ
1077 4787 1185 4853 γὰρ
1235 4789 1525 4858 εὑρίσκετο
1557 4795 1637 4856 εἰς
1669 4793 1769 4862 τὴν

189 4873 394 4944 ἔρημον
449 4877 666 4946 ἐκείνην
717 4877 816 4948 τὴν
873 4877 1063 4950 ξηράν,
1127 4880 1364 4948 σιλίγνια
1411 4885 1628 4954 καθαρὰ
1673 4887 1770 4939 καὶ

185 4966 379 5037 ὀψάριν
409 4969 598 5032 ξεστὸν
627 4970 889 5039 τηγάνου,
918 4973 1012 5023 καὶ
1044 4967 1183 5034 οἶνος
1214 4973 1457 5041 ἄριστος,
1500 4977 1594 5028 καὶ
1647 4975 1766 5044 βισ-

187 5057 277 5111 σία
312 5059 522 5114 ὑάλινα.
572 5059 660 5122 Ὠς
689 5078 780 5113 ουν
814 5062 1016 5130 ἔφαγον
1050 5065 1143 5116 καλ⁵
1175 5065 1771 5135 ἐχορτάσθησαν,δίδω-

185 5165 270 5201 σιν
299 5150 448 5221 αὑτῷ
477 5154 628 5219 τρεῖς
662 5152 912 5219 εὐλογίας
945 5156 1165 5218 ξεστὰς,
1213 5159 1305 5210 καὶ
1349 5159 1517 5221 αὑτάς
1565 5160 1785 5229 ὁμοίως

184 5243 249 5293 ἐκ
296 5241 432 5293 Θεοῦ
482 5242 673 5308 οὔσας,
720 5246 816 5297 καὶ
843 5245 1029 5313 λέγει·
1066 5247 1164 5310 Δὸς
1209 5249 1280 5318 τῷ
1313 5249 1488 5320 Σαλῷ,
1524 5252 1619 5302 καὶ
1648 5253 1770 5304 εἰπὲ

184 5334 331 5404 αὐτῷ
351 5336 411 5400 ἐξ
437 5337 602 5404 ἐμοῦο
622 5337 722 5389 Διά
755 5338 844 5391 τὸν
877 5337 1080 5406 Κύριον
1111 5339 1270 5409 εὔχου
1299 5340 1376 5410 τῷ
1415 5341 1632 5413 ἀδελφῴ
1674 5362 1768 5397 σου

195 5425 431 5500 Ἰωάννῃ.
460 5431 570 5498 Τῆς
600 5429 856 5499 ἀληθείας
882 5427 974 5484 οὖν
1005 5432 1098 5485 τοῦ
1132 5433 1336 5501 Κυρίου
1359 5438 1765 5505 ἐπιμαρτυρούο

185 5537 303 5591 σης,
331 5521 405 5584 ὡς
433 5517 596 5593 ἦλθεν
631 5525 710 5584 εἰς
748 5524 989 5592 Ἔμεσαν
1020 5527 1045 5577 ὁ
1079 5527 1506 5596 πραγματευτὴς
1550 5528 1766 5599 ἅπαντᾷ

1868 4625 2056 4696 Itaque
2105 4623 2345 4678 Joannes
2392 4623 2562 4676 abbas
2599 4631 2962 4675 mercatorem
3019 4622 3072 4674 in
3139 4625 3460 4692 speluncam

1867 4727 2022 4766 suam
2073 4710 2312 4773 admisit,
2365 4719 2421 4763 et
2452 4709 2734 4778 opiparam
2777 4723 3022 4763 mensam
3060 4709 3136 4763 illi
3172 4713 3454 4780 apposuit.

1866 4803 2000 4858 Nam
2034 4803 2127 4857 Dei
2167 4803 2368 4854 virtute
2399 4801 2452 4854 in
2481 4801 2629 4853 arida
2658 4801 2745 4854 illa
2784 4801 3078 4856 solitudine
3109 4803 3459 4859 invenieban-

1868 4909 1957 4953 tur
1988 4896 2175 4951 mundi
2207 4909 2374 4964 panes
2416 4893 2671 4964 siliginei,
2703 4901 2760 4948 et
2799 4894 3090 4948 obsonium
3140 4895 3194 4950 in
3225 4895 3328 4950 olla
3359 4912 3457 4951 co—

1868 4994 2038 5048 ctum,
2067 4993 2122 5038 et
2163 4983 2353 5036 vinum
2398 4982 2689 5051 optimum,
2725 4991 2782 5035 et
2823 4981 2995 5036 vitrea
3029 4983 3264 5038 vascula.
3301 4983 3455 5038 Post-

1869 5092 2030 5147 quam
2066 5091 2196 5145 ergo
2225 5055 2596 5128 comedissent
2626 5082 2682 5128 et
2725 5076 2952 5129 saturati
2983 5083 3188 5139 essent,
3231 5075 3322 5128 dat
3353 5076 3454 5145 ipsi

1872 5179 1982 5221 tres
2007 5167 2216 5221 calidas
2250 5165 2496 5234 eulogias
2527 5162 2664 5233 (72),
2706 5178 2735 5217 a
2771 5164 2882 5217 Deo
2913 5163 3100 5217 itidem
3128 5163 3448 5226 submissas,

1869 5268 1924 5313 et
1950 5259 2080 5312 dicit
2111 5274 2125 5308 :
2164 5257 2238 5311 Da
2281 5255 2430 5316 Salo,
2460 5267 2515 5309 et
2545 5255 2634 5309 dic
2664 5256 2765 5323 ipsi
2794 5256 2931 5309 meis
2964 5255 3148 5309 verbis
3177 5272 3190 5307 :
3225 5253 3453 5324 Propter

1873 5348 2182 5411 Dominum,
2231 5362 2323 5400 ora
2356 5361 2453 5415 pro
2487 5345 2653 5398 fratre
2687 5353 2781 5398 tuo
2813 5343 3046 5399 Joanne.
3081 5343 3310 5398 Domino
3347 5345 3448 5396 ita-

1866 5458 1970 5509 que
2001 5439 2246 5493 vcritatis
2288 5437 2662 5492 testimonium
2697 5437 3043 5506 perbibente,
3077 5435 3236 5492 simul
3286 5445 3449 5504 atque

1868 5534 2118 5586 Emcsam
2145 5530 2292 5583 venit
2327 5539 2619 5586 mercator.
2651 5529 2890 5581 occurrit
2913 5528 3012 5597 ipsi
3031 5528 3198 5581 abbas
3214 5527 3447 5597 Symccn

1701 5709 1925 5768 NOTAE.

255 5827 366 5892 (72)
393 5829 630 5897 Eulogim
659 5836 785 5881 sunt
814 5843 975 5894 panes
999 5837 1092 5880 aut
1133 5828 1240 5881 alia
1276 5827 1448 5880 edulia
1494 5829 2145 5884 sacerdotisbeuedictione
2177 5836 2495 5881 consecrata.
2536 5825 2669 5879 Vide
2699 5823 3033 5880 Glossarium
3058 5818 3270 5892 Cangii.
