4118 6432
143 349 296 429 1133

1433 349 1606 413 νιτΑ
1645 348 1707 412 S.
1731 347 2037 412 εΥΜΕΟα
2047 349 2140 416 IS.

3283 359 3436 428 1⁸134

145 467 285 528 τοῖς,
319 463 668 534 ἀπέστρεψας
694 463 915 528 αὐτούς·
950 463 1026 534 μὴ
1065 461 1172 533 γὰρ
1216 461 1287 515 σά
1327 463 1465 516 εἰσιν
1502 461 1538 516 ἃ
1563 456 1740 524 δίδως,

1849 476 1962 516 non
1988 461 2307 526 sublevasti,
2349 462 2444 517 sed
2495 463 2752 531 reiceisti.
2798 464 2915 525 Non
2944 467 3092 522 cnim
3141 478 3234 524 tua
3283 484 3412 526 sunt

144 555 367 624 ἀδελφέ.
409 556 468 607 Εἰ
500 557 750 617 ἀπιστεῖς
779 554 856 624 τῷ
882 555 1110 618 εἰπόντι,
1132 555 1214 606 ὃτι
1246 554 1477 615 ἕκαστος
1512 554 1581 606 τὰ
1608 553 1742 606 πλα·

144 647 304 701 σίονα
341 649 370 700 6
397 647 733 717 μεταδδοὶις,
779 646 1012 716 λήψεται
1045 646 1104 698 ἐν
1129 644 1209 716 τῷ
1236 645 1330 700 νῦν
1367 645 1543 710 αἰῶνι,
1570 646 1664 698 καὶ
1683 646 1742 697 ἐν

139 738 226 809 τῷ
260 738 509 809 μέλλοντι
543 737 688 808 ζωὴν
713 739 932 791 αἰώνιον
959 737 1382 808 κληρονομήσει.
1423 738 1485 792 ΕΞ
1510 738 1606 806 μὲν
1642 736 1742 790 οὐκ

137 834 408 902 amcam,
443 831 553 895 δός.
588 832 649 884 Εἰ
682 831 737 883 δὲ
759 833 822 884 οὐ
846 830 1030 894 δίδως,
1059 830 1292 902 ῳανερὸς
1310 826 1361 883 si
1387 831 1467 882 ὅτι
1494 831 1742 890 ἀπιστεῖς

140 923 225 994 τῷ
262 926 474 993 Κυρίῳ.
520 924 653 977 Ἰδοὺ
671 923 822 988 λόγοι
853 922 1040 985 σαλοῦ,
1068 923 1269 992 μᾶλλον
1293 923 1348 975 δὲ
1373 922 1537 992 σοφοῦ
1561 922 1739 989 ἁγίου.

143 1016 296 1086 Πρὸς
327 1015 517 1068 τοῦτον
559 1015 658 1084 μὲν
682 1015 790 1084 γὰρ
823 1015 915 1067 τὸν
951 1013 1110 1084 κῦριν
1146 1015 1437 1086 Ἰωάννην,
1470 1015 1552 1068 ὃτι
1589 1013 1740 1084 εὑρί-

138 1124 344 1159 σκοντο
379 1109 429 1159 ol
461 1107 555 1159 δύο
588 1107 730 1158 κατὰ
785 1106 977 1174 μόνας,
1011 1105 1164 1158 οὐδὲν
1199 1106 1370 1157 ἐποίει
1428 1103 1522 1158 τοῦ
1549 1103 1734 1157 σαλοῦ.

151 1199 303 1271 Ἀλλ’
329 1198 500 1263 οὕτως
533 1199 823 1270 εὐρύθμως
849 1201 939 1252 καὶ
965 1197 1454 1267 κατανενυγμένως
1484 1200 1741 1266 συνετύγ-

132 1308 312 1360 χανεν
350 1291 536 1361 αὐτῷ,
587 1291 662 1353 ὡς
722 1290 986 1352 πολλάκις
1026 1288 1633 1360 εὐωδίαν’ὲξέρχεσθαι
1674 1292 1739 1343 ὲκ
1762 1334 1774 1345 ,

134 1383 240 1435 τοῦ
279 1385 549 1454 στόματος
579 1383 764 1445 αὑτοῦ,
807 1383 881 1444 ὡς
913 1381 1286 1434 διεϐεϐαιοῦτο
1316 1374 1472 1442 οὗτος
1510 1381 1538 1431 6
1579 1379 1738 1450 κῦρις

147 1472 455 1543 Ἰωάννης,
513 1473 656 1526 ὥστε
714 1471 913 1542 μικροῦ
972 1472 1104 1534 δεῖν,
1140 1472 1393 1524 ἀπιστεῖν
1426 1487 1515 1540 με,
1568 1469 1729 1523 αὑτὸν

135 1557 289 1616 εἶναι
309 1565 400 1616 τὸν
440 1563 546 1635 πρὸ
575 1563 726 1635 ὧρας
750 1563 932 1616 σαλόν.
967 1561 1111 1634 Πρὸς
1138 1560 1196 1614 δὲ
1243 1562 1491 1625 ἅπαντας
1524 1561 1728 1633 ἑτέρως

133 1666 395 1705 οιεκειτο.

1847 549 2032 614 frater,
2056 567 2178 620 qua:
2213 553 2328 608 das.
2395 554 2593 608 Annon
2629 556 2806 611 credis
2830 558 2904 620 ei,
2936 560 3029 629 qui
3064 559 3241 615 dixit:
3277 562 3434 626 Quod

1845 643 2242 712 unusquisque,
2293 643 2388 714 qui
2438 644 2665 716 largitus
2725 646 2925 714 fuerit,
2980 661 3313 721 accepturus
3362 656 3436 708 sit

1844 735 2002 804 plura
2031 735 2086 788 in
2113 737 2368 805 praesenti
2405 740 2627 803 saeculo,
2656 750 2712 793 et
2735 741 2789 794 in
2833 739 3024 797 futuro
3055 744 3434 801 hereditatem

1842 827 2226 884 πίει-ιιεωῖδί
2269 829 2470 894 credis,
2507 831 2594 886 da.
2633 832 2689 886 Si
2719 848 2849 888 vero
2883 850 2995 889 non
3051 838 3170 902 des,
3196 837 3436 894 manife-

1843 931 1986 977 stum
2039 935 2124 976 est
2166 930 2218 977 te
2261 923 2492 996 Domino
2522 941 2632 980 non
2675 927 2921 982 credere.
2979 929 3118 988 Ecce
3167 947 3277 985 non
3319 910 3430 987 tam

1844 1009 1979 1076 Sali,
2001 1026 2097 1065 seu
2119 1010 2253 1082 (alui
2283 1012 2522 1068 hominis
2548 1015 2737 1079 verba,
2761 1031 2925 1085 quam
2947 1017 3120 1072 sancti
3143 1018 3429 1087 sapientis.

1841 1101 1975 1157 Nam
2015 1103 2160 1174 apud
2195 1105 2478 1160 Dominum
2505 1106 2794 1170 Joannem,
2823 1110 3061 1178 quando
3103 1111 3214 1164 duo
3263 1110 3429 1164 simul

1839 1193 2076 1262 agebant
2112 1194 2364 1258 seorsim,
2397 1194 2534 1248 nihil
2565 1194 2800 1249 faciebat
2834 1197 3021 1261 stulti;
3068 1211 3257 1250 verum
3292 1195 3431 1251 adeo

1839 1286 2110 1339 concinne
2139 1294 2196 1340 et
2225 1294 2377 1340 tanta
2397 1288 2823 1358 eompunctione
2845 1288 3040 1348 agebat
3068 1303 3192 1343 cum
3220 1287 3334 1352 illo,
3367 1295 3430 1341 ut

1841 1377 2042 1446 saepius
2067 1378 2248 1432 bonus
2270 1378 2405 1432 odor
2432 1393 2501 1432 ex
2529 1394 2624 1433 ore
2649 1381 2771 1447 ejus
2800 1387 3149 1449 erumperet;
3179 1377 3258 1432 uti
3279 1393 3430 1433 asse-

1836 1469 2044 1524 veravit
2071 1469 2211 1523 idem
2256 1468 2521 1526 Dominus
2551 1471 2814 1536 Jnannes,
2849 1481 2904 1526 et
2943 1487 3135 1541 parum
3181 1470 3427 1533 abessﬂ,

1837 1563 1969 1631 quin
1995 1578 2103 1616 non
2145 1562 2419 1628 crederet,
2450 1564 2704 1618 eumdem
2741 1557 2891 1616 illum
2927 1579 3069 1627 esse,
3121 1560 3214 1631 qui
3262 1560 3428 1630 paulo

1840 1663 1966 1709 ante
1995 1663 2115 1709 erat
2141 1650 2344 1708 fatuus.
2376 1652 2484 1709 Sed
2519 1655 2663 1723 apud
2698 1655 2836 1708 alios
2874 1653 3033 1707 aliter
3081 1666 3139 1706 se
3172 1652 3420 1722 gerebat.

1622 1793 1780 1850 CAP.
1815 1792 1950 1849 VIII.

1306 1907 1531 1977 Reliqua
1582 1907 1846 1961 miracula
1882 1908 2253 1974 expediuntur.

217 2022 320 2093 νβ’.
359 2022 516 2076 Ἔστι
555 2021 666 2090 γὰρ
715 2021 805 2075 ὅτε
847 2019 1378 2089 καταλαμϐανούσης
1423 2020 1521 2089 τῆς
1570 2021 1732 2087 ἁγίας

1907 2020 1997 2074 52.
2039 2019 2176 2074 Dum
2212 2020 2527 2077 advenisset
2561 2031 2749 2077 sancta
2801 2022 2918 2078 dies
2950 2022 3255 2089 Dominica,
3289 2039 3426 2079 con-

137 2116 459 2187 Κυριακῆς,
499 2115 801 2183 λαμϐάνειν
840 2114 1002 2167 αὑτὸν
1031 2114 1219 2183 σειρὰν
1259 2111 1550 2165 σαλσικίων
1577 2151 1591 2174 ,
1638 2115 1732 2166 καὶ

135 2213 335 2283 φορεῖν
371 2209 509 2260 αὐτὰ
541 2209 616 2269 ὡς
634 2207 878 2278 ὀράριον,
911 2207 1006 2259 καὶ
1032 2208 1256 2274 κρατεῖν
1289 2207 1344 2256 ὲν
1378 2207 1442 2273 τῇ
1473 2205 1735 2276 ἀριστερᾷ

137 2301 316 2356 αὑτοῦ
338 2299 483 2368 χειρὶ
510 2298 715 2367 σίνηπι,
744 2297 838 2349 καὶ
869 2295 1044 2358 οὕτως
1094 2295 1324 2365 βάπτειν
1379 2297 1474 2348 καὶ
1502 2294 1736 2365 τρώγειν

141 2391 258 2443 ἀπὸ
288 2390 454 2458 πρωϊ.
485 2390 649 2450 Τινᾶς
680 2388 736 2440 δὲ
774 2387 868 2439 καὶ
915 2385 1101 2456 ἔχριεν
1138 2388 1218 2448 είς
1266 2385 1327 2438 τὸ
1352 2387 1527 2456 στόμα
1556 2386 1736 2438 αὐτῶν

145 2484 214 2534 ἐκ
244 2482 340 2534 τοῦ
373 2483 646 2548 σινήπεως
677 2481 741 2532 ὲκ
773 2479 881 2531 τῶν
907 2479 1219 2547 ἐρχομένων
1252 2478 1443 2542 παῖξαι
1481 2477 1597 2546 μετ’
1641 2478 1738 2531 αὑ-

143 2571 267 2627 τνῦ.
296 2572 460 2625 Ὅθεν
495 2573 589 2623 καί
611 2588 693 2632 τις
721 2570 896 2622 ἐλθὼν
931 2572 1265 2638 προσπαίξαι
1290 2569 1439 2640 αὺτῷ
1479 2569 1734 2639 χωρικὺς,

145 2668 292 2738 ἔχων
307 2665 367 2716 ἐν
383 2667 493 2726 τοῖς
510 2664 661 2716 δυσὶν
682 2661 983 2731 ὀφθαλμοῖς
1001 2661 1164 2714 αὑτοῦ
1183 2659 1512 2729 λευκώματα
1530 2661 1736 2730 ἂσπρα,

145 2755 378 2829 ὲχρίσθη
403 2755 493 2805 ὑπ’
521 2752 687 2806 αὑτοῦ
719 2755 785 2804 ὲκ
817 2751 912 2804 τοῦ
951 2753 1226 2820 σινήπεως
1265 2754 1345 2814 είς
1383 2753 1509 2814 τοὺς
1537 2752 1739 2820 ὀφθαλ-

149 2849 290 2916 μοὺς
311 2847 498 2901 αὑτοῦ.
544 2845 652 2898 Τοῦ
682 2846 738 2897 δὲ
794 2845 1122 2910 στνφθέντος
1151 2844 1257 2907 ἓως
1294 2845 1549 2908 θανάτου,
1590 2845 1739 2911 λέγει

147 2938 580 3007 αιτῷο”1’παγε,
611 2936 787 3004 νίψαι.
821 2935 1009 3003 ἐξηχε,
1038 2935 1116 2995 εί;
1140 2935 1261 3000 6&0;
1290 2935 1384 2987 nl
1411 2937 1491 2997 είς
1517 2925 1737 3005 σκόρδα,

149 3033 245 3084 καὶ
279 3029 438 3092 εὑθὺς
469 3029 756 3109 ὑγιαίνεις.
800 3027 1036 3090 Ἐκεῖνος
1069 3026 1125 3078 δὲ
1151 3025 1226 3088 ὡς
1249 3026 1424 3079 δοκῶν
1457 3043 1510 3078 τι
1544 3029 1739 3090 ποιεῖν,

148 3121 355 3183 εὐθέως
383 3122 465 3184 είς
514 3121 736 3188 ἰατροὺς
784 3118 1044 3189 ἔδραμεν,
1082 3119 1178 3170 καὶ
1209 3118 1395 3170 πλεῖον
1429 3118 1739 3186 ἐτυφλώθη.

150 3211 320 3275 ιΓέλος
338 3209 433 3266 οὖν
461 3212 568 3264 ἀπὸ
602 3213 797 3280 μανίας
829 3210 1018 3278 ὀμνύει
1062 3209 1312 3278 Συριστί·
1367 3209 1461 3262 Mi
1483 3209 1575 3261 τὸν
1611 3209 1744 3262 Θεὸν

149 3302 248 3356 τοῦ
285 3302 540 3372 οὐρανοῦ,
570 3303 665 3354 ἐὰν
689 3301 852 3370 ἔχωσι
887 3300 1093 3360 εὐθέως
1137 3301 1377 3368 πηδῆσαι
1426 3299 1476 3351 οἱ
1513 3299 1606 3352 δύο
1642 3317 1743 3368 μου

1837 2110 1974 2180 tigit,
2004 2121 2065 2165 ut
2098 2114 2372 2183 acceperit
2419 2114 2618 2168 seriem
2665 2112 2780 2184 (76)
2827 2113 3173 2169 farciminum
3205 2115 3340 2186 (77),
3373 2128 3428 2172 ct

1837 2203 1926 2257 illa
1971 2203 2140 2258 ferret
2185 2213 2443 2274 tanquam
2509 2205 2775 2266 orarium,
2828 2214 2883 2260 et
2941 2215 3155 2262 teneret
3205 2206 3424 2262 sinistra

1839 2312 2004 2351 manu
2035 2296 2230 2365 sinapi,
2263 2305 2318 2351 et
2344 2296 2422 2351 sic
2451 2312 2481 2350 a
2524 2298 2698 2367 prima
2743 2297 2863 2350 luce
2893 2297 3125 2366 lingeret
3164 2306 3219 2352 et
3250 2313 3428 2369 come-

1838 2389 2012 2442 deret.
2042 2388 2361 2458 Aliquorum
2403 2403 2537 2442 vero
2566 2396 2630 2442 ex
2677 2387 2765 2450 iis,
2809 2389 2899 2456 qui
2949 2388 3128 2442 lusum
3152 2404 3276 2442 cum
3306 2388 3424 2457 ipso

1837 2489 2121 2539 venerant,
2157 2479 2439 2533 obtinebat
2480 2495 2577 2533 eos
2614 2479 2813 2548 sinapi.
2855 2477 2995 2532 llinc
3027 2494 3154 2532 cum
3183 2479 3427 2533 venismt

1837 2571 2033 2640 aliquis
2065 2570 2302 2624 rusticus
2330 2586 2454 2624 cum
2485 2587 2552 2624 eo
2581 2571 2824 2634 lusurus,
2857 2571 3017 2640 cujus
3039 2580 3270 2640 uterque
3290 2586 3426 2624 ocu-

1839 2660 1924 2713 lus
1951 2659 2226 2712 laborabat
2248 2659 2475 2713 candida
2503 2660 2780 2730 albugine,
2803 2661 3101 2730 inungebat
3131 2669 3427 2730 utrumque

1839 2754 1958 2820 eLus
1992 2751 2210 2805 oculum
2258 2751 2457 2820 sinapi.
2512 2752 2652 2813 Cui,
2691 2753 2757 2806 ad
2809 2764 3040 2806 mortem
3078 2768 3252 2821 usque
3294 2753 3428 2807 ami-

1840 2853 2006 2909 ctato,
2044 2845 2177 2898 dicit
2215 2862 2226 2896 :
2263 2844 2386 2909 Abi,
2421 2845 2642 2907 stolide,
2672 2845 2817 2900 alliis
2854 2854 2908 2909 et
2940 2855 3096 2900 aceto
3117 2855 3168 2899 te
3193 2847 3331 2912 lava,
3374 2856 3432 2901 et

1839 2936 2376 3004 sanabcrejamjam.
2439 2937 2527 2990 Ille
2558 2952 2710 3000 vero,
2753 2946 2812 2990 ut
2858 2937 2947 3007 qui
2983 2936 3324 2992 existimaret
3368 2952 3430 2991 se

1841 3026 2137 3096 quidquam
2157 3025 2505 3089 eﬁeclurum,
2534 3028 2785 3095 protinus
2803 3027 2869 3081 ad
2898 3028 3139 3081 medicos
3162 3028 3427 3092 cucurrit,

1842 3124 1898 3168 et
1950 3114 2121 3184 magis
2168 3115 2510 3169 czeculiebat.
2562 3113 2805 3170 Tandem
2863 3116 3046 3186 itaque
3088 3115 3272 3170 furore
3313 3131 3432 3185 per-

1843 3207 2008 3270 citus,
2041 3207 2191 3274 jurat
2225 3203 2445 3277 Syriace
2477 3223 2496 3259 :
2546 3204 2649 3260 Per
2683 3207 2854 3261 Deum
2894 3208 3038 3272 caeli,
3075 3209 3293 3264 tametsi
3321 3217 3429 3264 sta-

1848 3299 1944 3352 tim
1992 3301 2101 3351 duo
2147 3299 2252 3350 mei
2302 3299 2448 3352 oculi
2490 3298 2753 3353 deberent
2803 3301 3044 3363 exsilire,
3097 3300 3244 3369 quod
3295 3300 3431 3354 mihi

149 3395 442 3465 ὀφθαλμοὶ,
478 3395 606 3447 εῖτι
641 3391 799 3447 εῐπέν
829 3409 923 3461 μοι
959 3393 988 3443 6
1016 3392 1205 3454 Σαλὸς,
1242 3391 1402 3444 ποιῶ.
1446 3392 1557 3445 Καὶ
1589 3391 1740 3461 νιψα-

1847 3403 2066 3456 cunquc
2103 3387 2262 3442 Salus
2293 3388 2512 3452 dixerit,
2545 3389 2762 3443 faciam.
2796 3389 3084 3460 Postquam
3119 3392 3337 3447 lavisset
3362 3408 3433 3448 ex

156 3491 320 3562 μένου
354 3490 542 3552 αὐτοῦ,
595 3489 672 3551 ὼς
720 3483 875 3542 εἶπεν
927 3487 1114 3557 αὐτῷ,
1157 3487 1358 3549 εὐθέως
1409 3487 1656 3553 ἐγένοντο
1692 3491 1742 3539 at

150 3583 425 3652 ὀφθαλμοὶ
451 3582 617 3635 αὑτοῦ
637 3583 832 3650 ὑγιεῖς,
852 3579 927 3642 ὡς
953 3582 1016 3631 ὲκ
1045 3580 1311 3648 γεννητῆς
1331 3580 1582 3649 καθαροὶ,
1600 3579 1743 3633 ὥστε

149 3672 397 3738 δοξάζειν
439 3672 606 3725 αὐτὸν
662 3671 757 3722 τὸν
799 3671 956 3724 θεόν.
1012 3670 1146 3723 Τότε
1184 3671 1508 3739 ἀπαντήσας
1535 3671 1686 3741 αὐτῷ
1713 3673 1742 3725 6

151 3764 343 3826 Σιλδς,
360 3763 511 3831 λέγει
537 3760 715 3831 αὐτῷ*
760 3761 893 3814 Ἰδοὺ
919 3761 1168 3828 ὑγίανας,
1197 3761 1383 3830 ἔξηχε,
1408 3763 1601 3831 μηκέτι
1628 3763 1745 3814 κλέ-

153 3870 296 3924 πτης
321 3853 388 3906 τὲ
411 3853 622 3921 αίγίδια
651 3849 745 3904 τοῦ
779 3851 1045 3918 γείτονος.
1105 3850 1350 3920 Ἑκλάπη
1397 3869 1482 3915 τις
1515 3851 1742 3923 λογάριν

151 3949 214 4000 έν
272 3945 479 4016 Ἐμέσῃ
535 3944 850 4014 νομίσματα
889 3945 1238 4004 πεντακόσια,
1284 3945 1377 3998 καὶ
1430 3945 1505 4007 ὡς
1559 3947 1742 4015 ἐζήτει

151 4037 315 4101 αὐτὰ,
348 4037 566 4106 ἀπαντᾷ
589 4035 743 4106 αὐτῷ
769 4038 798 4088 6
821 4034 996 4097 666d;
1028 4033 1274 4104 Συμεὼν,
1320 4035 1416 4088 καὶ
1438 4035 1608 4089 θέλων
1641 4053 1742 4105 με·

150 4129 385 4183 ταῦάλαι
410 4128 622 4192 ἑαυτὸν,
646 4127 796 4196 λέγει
831 4128 966 4196 πρὸς
1009 4127 1198 4181 αὐτόν·
1241 4125 1484 4180 Δύνασαι
1513 4127 1741 4196 ποιῆσαί

150 4216 208 4268 τί
228 4232 382 4277 ποτε,
411 4215 599 4284 εξηχε,
637 4215 724 4268 ἵνα
757 4214 1027 4285 εὑρεθῶσι
1057 4216 1124 4268 τὰ
1151 4215 1436 4269 ὀλοκότινά
1470 4233 1601 4285 μους
1633 4216 1742 4270 Δια

151 4323 241 4374 γει
261 4304 411 4372 αὐτῷ
434 4307 664 4368 ἐκεῖνος·
695 4305 825 4359 Ἐὰν
857 4305 1177 4375 Θέλῃς,ναί.
1211 4306 1374 4374 Λέγει
1413 4307 1562 4377 αὐτῷ
1595 4309 1742 4361 ἐκεῖ·

150 4409 266 4457 νος
298 4395 555 4464 Ποίησον,
589 4394 684 4447 καὶ
705 4395 800 4447 ἐὰν
821 4393 1144 4465 εὑρεθῶσιν,
1188 4392 1314 4447 δίδω
1345 4410 1428 4446 σοι
1459 4394 1615 4449 δέκα.
1647 4395 1744 4448 Λέ-

152 4501 241 4554 γει
262 4483 411 4554 αὐτῷ
448 4486 476 4538 6
509 4484 698 4546 Σαλὸςο
733 4483 798 4536 Ei
821 4501 874 4536 τι
905 4482 1045 4535 εἴπω
1083 4500 1188 4547 σοι,
1240 4482 1485 4554 ποίησον,
1538 4485 1632 4537 καὶ
1662 4486 1742 4548 εις

151 4576 215 4628 τὸ
239 4576 464 4646 σκευρίν
489 4592 583 4627 σου
610 4575 886 4644 εὑρίσκεις
918 4576 984 4646 τῇ
1035 4574 1195 4628 νυκτὶ
1232 4573 1430 4666 ταύτῃ.
1477 4575 1742 4628 Συνέθετο

149 4664 247 4719 οὖν
275 4666 427 4736 αὖτῷ
486 4667 605 4737 μεθ’
656 4667 836 4736 ὅρκων
865 4666 948 4719 ὅτι
1004 4666 1058 4719 εῖ
1082 4684 1133 4718 τι
1182 4666 1311 4737 εἴπῃ
1351 4664 1519 4736 αὐτῷ,
1549 4665 1739 4719 ἀκούει

1846 3480 2163 3548 praescripto
2197 3480 2330 3546 Sali,
2371 3496 2496 3533 mox
2541 3481 2684 3534 oculi
2739 3483 2862 3550 ejus
2895 3484 3067 3537 sanati
3097 3482 3338 3547 fuerunt,
3375 3493 3431 3538 et

1845 3578 1952 3624 tam
1988 3571 2256 3632 deﬁecati,
2294 3587 2458 3640 quam
2493 3572 2672 3640 primo
2711 3571 2878 3626 natali
2923 3573 3030 3641 die,
3061 3574 3198 3628 adeo
3224 3582 3284 3628 ut
3316 3575 3432 3629 lau-

1842 3661 1995 3715 daret
2038 3662 2229 3716 Deum.
2274 3661 2433 3717 Salus
2465 3662 2514 3716 ei
2555 3663 2776 3717 obviam
2827 3663 3024 3727 factus,
3072 3665 3206 3720 dixit
3239 3683 3252 3719 :
3289 3665 3431 3723 Ecce

1841 3773 2011 3813 sanus
2037 3759 2220 3845 factus
2241 3775 2322 3821 es,
2363 3760 2566 3824 stulte;
2600 3760 2713 3814 noli
2736 3761 2967 3830 posthac
2998 3761 3165 3816 furari
3197 3764 3432 3833 capellas

1843 3851 2030 3906 vicini.
2069 3853 2248 3908 Alicui
2305 3855 2570 3922 quaerenti
2607 3854 3034 3925 quingentorum
3079 3871 3431 3912 nummorum

1842 3957 2110 3996 summam
2163 3942 2298 4012 (78),
2334 3943 2544 3997 Emesm
2596 3945 2937 4014 subreptam,
2988 3948 3229 4000 occurrit
3263 3948 3432 4004 abbas

1844 4028 2101 4100 Symeon.
2133 4031 2199 4084 Et
2222 4030 2331 4094 ille,
2362 4029 2636 4085 invertere
2660 4047 2719 4086 se
2744 4032 2953 4096 volens,
2981 4034 3111 4088 dicit
3134 4034 3389 4107 Synieoni
3415 4057 3427 4091 :

1844 4119 2016 4173 Potin‘
2045 4135 2105 4173 es
2131 4119 2366 4185 eﬁicere,
2401 4120 2619 4182 stolide,
2650 4130 2710 4173 ut
2750 4122 2962 4176 nummi
3006 4123 3111 4177 mei
3146 4123 3434 4178 invenian-

1844 4211 1974 4265 tur?
2004 4210 2104 4264 Cui
2145 4211 2235 4265 ille
2269 4229 2283 4265 :
2315 4210 2544 4266 Possum
2589 4212 2797 4281 utique,
2842 4214 2887 4266 si
2932 4213 3086 4269 velis.
3132 4214 3434 4285 Respondit

1817 4302 1980 4367 ,alter
2012 4321 2026 4355 :
2057 4301 2241 4369 Efﬁce,
2291 4311 2366 4366 et,
2396 4301 2439 4356 si
2482 4302 2851 4364 inveniantur,
2887 4303 3028 4359 dabo
3064 4305 3159 4360 tibi
3214 4307 3428 4362 decem.

1843 4392 1980 4446 Tum
2016 4392 2174 4447 Salus
2212 4411 2224 4446 :
2281 4391 2335 4446 Si
2382 4393 2514 4462 quid
2547 4393 2740 4448 dixero
2780 4393 2902 4461 tibi,
2950 4393 3154 4462 facito;
3184 4404 3240 4451 et
3273 4397 3429 4452 inve-

1842 4484 1961 4538 nies
2008 4483 2062 4538 in
2113 4483 2351 4538 armario
2395 4484 2506 4552 (79)
2554 4485 2657 4538 hac
2697 4484 2862 4539 etiam
2907 4493 3089 4540 nocte.
3120 4485 3255 4541 Dato
3283 4489 3436 4558 jure-

1837 4575 2074 4645 jurando
2103 4574 2192 4628 ille
2219 4574 2288 4627 ad
2318 4588 2379 4627 se
2400 4573 2626 4642 recepit,
2652 4575 2819 4643 quod,
2854 4574 2899 4628 si
2924 4575 3052 4644 quid
3079 4575 3180 4645 ipsi
3201 4576 3433 4642 diceret,

1842 4665 2130 4720 auditurus
2167 4665 2348 4736 ipsum
2406 4675 2570 4730 esset,
2621 4665 2785 4720 modo
2837 4676 2899 4720 ut
2949 4666 3089 4720 nihil
3133 4667 3430 4737 importuni

153 4758 343 4823 αὑτοῦ,
374 4759 535 4825 μόνον
567 4758 643 4828 μὴ
674 4759 904 4826 ἄκαιρόν
943 4759 996 4810 τί
1033 4776 1163 4810 ποτε
1219 4760 1366 4831 εἴπῃ.
1403 4761 1566 4826 Λέγει
1593 4759 1740 4831 αὐτῷ

1848 4757 1954 4827 ipsi
2007 4757 2232 4812 diceret.
2271 4756 2412 4810 Dicit
2450 4756 2501 4810 ei
2541 4772 2762 4810 rursum
2794 4775 2806 4810 :
2855 4757 2977 4821 Abi,
3021 4766 3279 4812 nummos
3310 4767 3436 4814 tuos

154 4851 318 4903 πάλιν
339 4866 352 4879 θ
374 4850 617 4918 ”Υπαγε,
647 4849 716 4902 τὰ
744 4849 1024 4902 ὀλοκὸτινά
1060 4867 1154 4902 σου
1178 4852 1207 4902 6
1232 4849 1418 4913 δοῦλός
1446 4867 1538 4903 σου
1565 4853 1593 4904 6
1626 4853 1746 4904 ἑπι-

155 4943 358 5012 κέρνης
387 4942 614 5012 ἐπῆρεν.
680 4942 822 4995 Ἀλλ’
858 4941 988 5005 ἰδοὺ,
1011 4941 1098 5005 δός
1129 4959 1221 5010 μοι
1263 4941 1443 5008 λόγον,
1472 4944 1550 4996 ὅτι
1581 4944 1640 4996 οὐ
1663 4943 1746 4996 δέ-

153 5050 271 5111 ρεις
297 5036 488 5096 αὑτὸν,
539 5033 665 5088 οὔτε
709 5034 869 5087 ἄλλον
913 5033 1009 5085 τοῦ
1042 5033 1195 5086 οἴκου
1226 5048 1338 5084 σοιι⁹
1401 5033 1593 5101 ἔδαρεν
1633 5036 1743 5102 γὰρ

1849 4851 2073 4906 abstulit
2110 4865 2302 4904 servus
2354 4859 2504 4914 tuus,
2563 4849 2655 4918 qui
2698 4865 2729 4904 a
2770 4849 2982 4919 poculis
3032 4851 3148 4922 (80)
3201 4851 3436 4920 tihiest.

1851 4941 1958 4997 Sed
1986 4951 2135 5006 ecce,
2171 4941 2239 4996 da
2273 4941 2404 4994 mihi
2429 4940 2589 4994 ﬁdem
2646 4939 2763 4994 fore
2798 4949 2857 4995 ut
2882 4941 3058 5011 ipsum
3091 4957 3198 4996 non
3234 4942 3432 5006 cadas,

1848 5034 1933 5088 vel
1959 5034 2192 5103 aliquem
2215 5049 2246 5088 e
2277 5043 2365 5088 tua
2389 5033 2552 5104 domo
2589 5033 2855 5102 (caedebat
2885 5042 3069 5087 autem
3121 5034 3432 5104 acerrime).

1677 5149 1913 5204 NOTAE.

229 5245 341 5312 (76)
386 5242 500 5298 Vox
533 5243 710 5315 σειρὰ,
731 5259 828 5313 pro
857 5259 964 5313 qua
983 5243 1172 5297 Latine
1202 5242 1380 5313 posui,
1399 5244 1578 5308 series,
1599 5260 1745 5312 quae-

155 5319 279 5375 siti,
312 5315 408 5369 sed
441 5315 688 5384 uuspiam
720 5314 963 5384 inventa.

249 5385 342 5455 77)
384 5383 605 5455 Legitur
662 5383 1096 5455 σαλσικοπῴλης,
1150 5392 1205 5437 ct
1258 5383 1548 5453 exponitur
1595 5385 1740 5453 apud

154 5451 873 5525 Auctorem—Etymologici,
924 5451 1127 5525 fartOr,
1155 5451 1506 5508 sarciminum
1549 5451 1739 5508 vendi-

155 5539 273 5590 tor;
307 5526 348 5581 Β
376 5541 488 5597 quo
510 5524 657 5581 vecis
690 5524 970 5578 σαλσίκιον
994 5524 1318 5596 signiﬁcatio
1337 5525 1478 5578 haud
1508 5525 1742 5579 obscure

156 5600 390 5654 eruitur.

230 5662 342 5752 (γε)
385 5666 641 5752 Λογάριᾉ
675 5681 784 5747 non
851 5665 1156 5752 signiﬁcare
1218 5676 1538 5746 exactorem:
1572 5673 1740 5752 prout

159 5737 353 5808 legitur
409 5739 550 5808 apud
610 5737 851 5799 Surium,
894 5737 988 5790 sed
1048 5752 1310 5789 summam
1354 5737 1608 5808 pecuniae,
1641 5751 1738 5789 seu

158 5807 362 5869 artam
430 5807 792 5880 quantitatem
839 5823 1190 5862 nummorum
1219 5847 1233 5874 ,
1279 5807 1543 5877 exemplis
1598 5807 1738 5861 bene

1846 5243 2031 5298 multis
2064 5244 2302 5298 ostendit
2333 5241 2572 5313 Cangius
2600 5247 2651 5298 in
2688 5245 2979 5300 Glossario.

1917 5313 2030 5384 (λυ)
2071 5315 2184 5368 Vox
2243 5316 2467 5384 σκευρὶν
2525 5315 2797 5370 abstrusa.
2852 5315 3077 5370 Videtur
3128 5315 3364 5371 derivari
3404 5331 3434 5369 ιι

1847 5383 2063 5446 σκεῦος,
2095 5401 2188 5456 vas
2216 5426 2232 5450 ,
2270 5383 2624 5456 quaecunque
2679 5385 2966 5452 utensilia;
3003 5395 3060 5440 et
3097 5387 3229 5456 quid
3279 5386 3335 5440 ni
3375 5387 3438 5438 τὸ

1847 5456 2072 5524 σκευρὶν
2142 5454 2548 5526 signiﬁcatione
2630 5457 2907 5510 coincidat
2967 5454 3438 5510 cum—vocabulis

1847 5526 2162 5593 σκευάριον,
2202 5525 2514 5594 σκευοθήκη
2527 5566 2539 5580 .

1919 5595 2050 5666 (80)
2084 5595 2416 5666 Ἐπικέρνης
2447 5596 2589 5666 idem
2620 5595 2893 5666 signiﬁcat
2929 5595 3073 5664 quod
3118 5595 3438 5664 πινκέρνης,

1846 5666 1936 5735 qui
1969 5664 2201 5736 cultiore
2229 5664 2413 5736 lingua
2442 5664 2907 5736 diciturvolvoxdo;
2937 5668 3209 5734 pincerua,
3236 5667 3328 5735 qui
3355 5674 3442 5736 est

1847 5734 1875 5788 ιι
1904 5735 2134 5805 poculis.
2167 5734 2488 5806 Lego‘apud
2521 5735 2742 5791 Surium
2779 5734 2812 5790 ι
2844 5756 2862 5790 ι
2904 5736 3109 5792 Servus
3150 5734 3277 5792 tuus
3316 5735 3435 5806 epi~

1847 5820 2060 5861 cernes.
2108 5824 2125 5856 ι
