4118 6432
180 360 306 427 1741

1445 361 1622 421 νιΤΑ
1654 361 1718 422 S.
1759 359 2160 423 SYMEONIS.

3277 354 3420 421 1742

168 487 280 533 σον,
319 469 418 523 ἐὰν
443 467 698 541 mea;
729 466 820 522 τὸν
851 466 1015 537 ὅρκον
1038 480 1156 530 σου,
1189 467 1218 520 6
1259 464 1482 536 Μαῦρος
1527 469 1733 531 ἐκεῖνος

1861 471 1972 541 ρεὶιι
2001 479 2057 525 et
2095 468 2351 527 omnibus
2378 469 2499 541 eius
2535 465 2850 525 domesticis
2881 464 3216 533 insultasset,
3250 444 3420 521 cursu.

165 559 348 629 πνίγει
369 558 577 626 σε,κώ
605 558 834 629 ὑϐρίσας
871 557 1056 625 αὐτὸν,
1090 554 1430 619 καῖ’πάντας
1471 559 1598 621 τοὺς
1634 555 1730 611 τοῦ

162 651 313 706 οῖκου
337 649 533 716 αὐτοῦ,
563 647 833 720 κατῆλθεν
865 647 1096 718 τρέχων.

1838 573 1899 612 se
1919 556 2046 612 inde
2073 556 2359 628 proripuit.

1613 778 1840 837 CAPUT
1883 776 1976 832 XI.

451 918 727 987 Symeonis
747 921 988 984 virtutes,
1013 917 1289 986 pradictio
1310 918 1733 1044 uitandaque?
1763 937 1950 1046 magis,‘
1975 919 2290 991 Angelorum
2325 927 2536 985 cantus,
2592 918 2884 986 sepultura,
2952 930 3137 984 corpus

1537 1006 1665 1044 mm
1697 1008 1758 1046 us
1807 1009 1838 1044 a
1898 1010 1928 1046 ο
1957 1008 2066 1046 um.

1537 1006 1758 1046 summa
1807 1006 2066 1046 notatum.

241 1105 344 1170 νην.
377 1097 490 1153 Οὐκ
513 1099 775 1168 ἐκέκτητο
807 1097 864 1152 δὲ
886 1090 1043 1162 οὗτος
1079 1101 1111 1155 ὁ
1136 1100 1299 1168 cogo;
1333 1101 1554 1171 άληθῶς
1581 1103 1639 1156 ἐν
1661 1103 1740 1171 τῷ

161 1187 411 1257 καλυϐίῳ
440 1187 600 1242 αὐτοῦ
623 1205 694 1241 τι.
725 1182 884 1256 Εἷχεν
914 1190 1024 1260 γὰρ
1048 1188 1294 1258 καλύόην
1335 1189 1423 1243 διὰ
1449 1189 1513 1243 τὸ
1541 1192 1741 1260 κοιμᾶ-

159 1277 295 1332 σθαι
343 1279 526 1342 αὑτὸν,
579 1277 778 1348 μᾶλλον
804 1279 860 1330 δὲ
905 1277 991 1332 διὰ
1023 1278 1084 1333 τὸ
1129 1280 1427 1349 ἀγρυπνεῖν
1451 1281 1614 1334 αὑτὸν
1641 1280 1743 1345 τὰς

157 1369 393 1434 νύκτας,
423 1372 471 1422 εί
496 1369 570 1439 μὴ
600 1369 658 1422 ἓν
687 1369 906 1438 φορτίον
925 1370 1317 1440 κληματιδίων.
1348 1371 1617 1434 Πολλάκις
1648 1367 1743 1430 οὖν

153 1460 266 1528 τὴν
289 1458 459 1512 νύκτα
485 1459 750 1513 διατελῶν
788 1460 893 1523 ἕως
925 1458 1070 1528 πρωῒ
1107 1462 1167 1513 ἐν
1212 1465 1525 1533 προσευχῇ,
1572 1464 1664 1516 καὶ
1684 1464 1746 1517 τδ

153 1548 360 1616 ἔδαφος
404 1546 613 1618 βρέχων
648 1551 761 1612 τοῖς
789 1549 1086 1619 δάκρυσιν,
1143 1551 1404 1621 ἐξήρχετο
1448 1551 1556 1605 ἀπὸ
1580 1552 1747 1623 πρωῒ,

153 1642 258 1693 καὶ
290 1642 518 1694 ἔκοπτεν
545 1642 578 1712 ἢ
601 1643 708 1695 ἀπὸ
736 1643 940 1706 ἐλαίας,
966 1642 998 1712 ἢ
1032 1644 1141 1697 ἀπὸ
1163 1643 1426 1712 βοτανῶν,
1458 1646 1552 1698 καὶ
1573 1645 1748 1699 ἐποίει

151 1732 344 1802 ἑαυτῴ
385 1733 683 1801 στέφανον,
739 1734 836 1786 καὶ
892 1735 1098 1804 ἐφόρει,
1158 1736 1252 1790 καὶ
1280 1737 1614 1806 ἐκράτειέπὶ
1646 1737 1746 1806 τῆς

152 1823 349 1892 χειρὸς
379 1823 542 1876 αὑτοῦ
568 1823 662 1877 ἕνα
690 1824 904 1888 κλάδον,
933 1826 1026 1879 καὶ
1049 1825 1275 1894 ἔστησεν
1298 1826 1538 1898 κράζων,
1565 1828 1744 1898 Νίκην

1914 1104 2002 1160 58.
2045 1103 2141 1157 Vir
2179 1103 2272 1157 ille
2303 1116 2433 1157 vere
2462 1100 2684 1170 sapiens
2715 1097 2854 1153 nihil
2896 1096 3190 1166 quidquam
3239 1095 3420 1165 possi-

1845 1195 2008 1252 debat
2041 1196 2098 1251 in
2136 1209 2242 1252 suo
2279 1192 2498 1264 tugurio
2531 1192 2680 1262 (nam
2724 1188 2960 1244 habebat
2996 1187 3288 1258 tugurium,
3326 1183 3420 1240 ubi

1846 1288 2126 1352 dormiret,
2166 1300 2263 1340 seu
2305 1284 2485 1354 putius
2538 1281 2633 1337 ubi
2686 1280 2933 1350 vigilaret
2988 1277 3171 1347 noctu)
3223 1276 3422 1347 prait'er

1848 1394 2020 1434 unum
2050 1377 2253 1432 fascem
2288 1383 2708 1429 sarmentorum.
2745 1370 2955 1440 Saepius
2993 1369 3174 1438 itaque
3202 1379 3435 1437 noctem,

1852 1472 2160 1541 producens
2190 1469 2245 1522 in
2277 1467 2528 1522 oratione
2564 1479 2738 1534 usque
2783 1463 2848 1517 ad
2891 1463 3090 1525 lucem,
3128 1468 3182 1514 et
3220 1471 3421 1514 terram

1848 1563 2099 1632 lacrymis
2143 1560 2347 1631 rigans,
2394 1556 2774 1628 egrediebatur
2824 1567 3006 1614 mane,
3041 1561 3094 1606 et
3137 1551 3423 1606 scindebat

1851 1653 1935 1707 vel
1971 1668 2036 1706 ex
2070 1652 2186 1705 olea
2235 1650 2320 1704 vel
2351 1665 2414 1702 ex
2462 1649 2663 1713 herbis,
2710 1645 2945 1700 faciebat
2987 1644 3088 1698 sibi
3139 1658 3420 1709 coronam,

1848 1759 2012 1815 quam
2073 1741 2335 1813 gestabat,
2373 1740 2698 1806 tenebatque
2737 1750 3024 1790 manusua
3080 1749 3315 1796 ramum,
3365 1741 3423 1787 et

1849 1835 2026 1891 stabat
2060 1832 2304 1886 clamans
2342 1851 2353 1884 :
2386 1828 2516 1901 Regi
2567 1843 2633 1883 ac
2676 1827 2883 1882 civitati
2922 1825 3177 1880 victoria!
3219 1824 3425 1879 Civita-

155 1913 380 1983 βασιλεῖ
406 1916 500 1969 καὶ
528 1917 594 1987 τῇ
633 1915 807 1970 πόλει.
847 1917 1074 1985 Ἔλεγεν
1104 1918 1184 1980 δὲ,
1219 1918 1372 1972 πόλιν
1399 1920 1498 1988 μὲν
1516 1920 1615 1988 τὴν
1638 1918 1743 1988 ψυο

1857 1936 1953 1981 tem
1979 1924 2198 1995 quidem
2223 1937 2342 1978 esse
2369 1921 2631 1984 animam,
2672 1935 2850 1990 regem
2877 1933 3008 1972 vero
3040 1917 3304 1971 rationem
3337 1914 3426 1970 di-

154 2008 289 2079 χὴν,
329 2008 551 2079 βασιλέα
577 2010 636 2063 δὲ
671 2011 762 2064 τὸν
787 2011 1168 2082 αὐτοκράτορα
1217 2012 1328 2065 τῶν
1360 2013 1548 2068 παθῶν
1594 2013 1741 2082 λογι-

157 2099 325 2169 σμόν.
376 2099 486 2153 Καὶ
517 2099 676 2155 τοῦτο
722 2101 778 2155 δὲ
814 2102 1050 2172 ᾐτήσατο
1079 2102 1169 2155 τὸν
1201 2103 1333 2156 Θεδν
1363 2106 1392 2157 ὁ
1440 2104 1615 2172 ἅγιος,
1657 2105 1743 2157 ἵνα

159 2190 246 2261 μὴ
279 2191 491 2264 αὐξήσῃ
513 2193 545 2261 ή
570 2192 715 2262 κόμη
770 2193 871 2264 τῆς
888 2194 1130 2264 κεφαλῆς
1156 2194 1345 2258 αὐτοῦ,
1371 2195 1519 2266 ἢτοῦ
1547 2195 1744 2264 πώγω-

159 2298 283 2344 νος,
326 2281 399 2352 μή
438 2298 556 2346 πως
593 2282 680 2336 διὰ
699 2282 794 2336 τοῦ
825 2284 1086 2355 καρῆναι,
1132 2286 1367 2356 φανερὸς
1412 2286 1632 2358 γένηται
1663 2289 1746 2341 ὅτι

161 2373 362 2426 ἑαυτὸν
399 2376 544 2427 ποιεῖ
589 2375 770 2428 σαλόν.
807 2376 899 2428 Διὸ
956 2377 1052 2429 καὶ
1088 2377 1263 2430 πάντα
1293 2376 1386 2430 τὸν
1432 2379 1640 2449 χρόνον,
1688 2379 1747 2432 ὃν

160 2463 472 2517 διετέλεσεν
496 2466 553 2517 ἐν
575 2467 642 2535 τῇ
673 2464 900 2538 τοιαύτῃ
920 2465 1184 2538 πολιτείᾳ,
1212 2469 1388 2533 οὐδεὶς
1414 2470 1576 2522 αὐτὸν
1601 2470 1749 2524 ἐθεά-

165 2571 327 2618 σατο,
355 2557 435 2608 ὅτι
468 2555 676 2627 ηὐξήθη
712 2560 743 2623 ἡ
778 2558 924 2626 κόμη
965 2557 1063 2626 τῆς
1106 2559 1347 2627 κεφαλῆς
1385 2560 1582 2625 αὐτοῦ,
1622 2561 1746 2615 οὔτε

163 2647 262 2698 ὅτε
283 2647 534 2715 ἐκείρατο
565 2648 752 2715 αὐτήν.
785 2647 993 2717 Πολλὴν
1021 2643 1114 2701 οῦν
1139 2649 1234 2701 καὶ
1270 2651 1526 2721 ἐπωφελῆ
1555 2669 1748 2704 συντυ-

168 2739 299 2808 χίαν
342 2738 600 2802 πολλάκις
629 2740 918 2808 συνέτυχεν
971 2739 1050 2810 τῷ
1095 2740 1244 2811 κυρῷ
1282 2743 1508 2816 Ἰωάννῃ
1534 2743 1613 2814 τῷ
1636 2745 1751 2797 δια-

168 2832 318 2900 κόνῳ
355 2830 519 2900 μόνῳ,
553 2831 648 2883 καὶ¹
685 2831 920 2901 ἠπείλει,
951 2831 1032 2884 ὅτι
1075 2833 1123 2883 εί
1158 2831 1462 2901 φανερώσει
1509 2833 1618 2887 τισὶ
1659 2835 1750 2886 τὸν

169 2923 432 2992 ἐνάρετον
481 2922 682 2977 σκοπὸν
721 2922 910 2988 αὐτοῦ,
967 2923 1185 2993 βασάνῳ
1232 2922 1444 2996 μεγάλῃ
1491 2925 1632 2979 κατὰ
1659 2925 1752 2979 τὸν

174 3011 450 3082 μέλλοντα
477 3013 647 3066 αίῶνα
679 3012 985 3083 περιπέσει.

249 3102 344 3157 νθ’.
383 3103 608 3172 Ἔλεγεν
644 3102 702 3157 δὲ
732 3102 879 3173 αὐτῷ
905 3106 994 3157 ὅτε
1027 3104 1244 3158 ἅπαντα
1271 3105 1360 3158 τὸν
1400 3103 1594 3157 ἑαυτοῦ
1637 3102 1752 3173 βίον

172 3191 395 3259 ἐξεῖπεν
419 3193 586 3263 αὐτῷ,
613 3193 759 3246 τοῦτ’
789 3192 936 3246 ἔστιν
969 3195 1076 3263 πρὸ
1107 3194 1200 3247 δύο
1221 3192 1443 3264 ἡμερῶν
1473 3193 1568 3246 τοῦ
1591 3210 1754 3262 μετα-

176 3284 372 3352 στῆναι
402 3284 565 3362 αὑτδν
586 3285 650 3337 ἐκ
686 3283 781 3336 τοῦ
814 3282 952 3353 βίου,
977 3285 1058 3337 ὅτι
1075 3284 1324 3355 Σήμερον
1345 3282 1584 3352 ἀπῆλθον
1615 3283 1752 3353 πρὸς

171 3374 271 3425 τὸν
305 3372 536 3442 ἀδελφὸν
582 3372 858 3440 Ἰωάννην,
885 3373 979 3425 καὶ
1002 3365 1162 3443 εὖρον
1194 3371 1358 3426 αὐτὸν
1384 3371 1472 3425 διὰ
1497 3369 1588 3424 τοῦ
1614 3370 1750 3423 Θεοῦ

176 3464 534 3536 προκόψαντα
562 3464 835 3533 μεγάλως,
861 3465 955 3518 καὶ
978 3464 1204 3534 ἐχάρην.
1245 3459 1402 3516 Εῐδον
1450 3461 1560 3533 γὰρ
1589 3462 1754 3516 αὐτὴν

177 3554 450 3626 φοροῦντα
474 3555 566 3608 τὸν
597 3556 857 3624 στέφανον
881 3554 1045 3608 αὑτοῦ
1065 3595 1080 3618 ,
1117 3555 1213 3608 καὶ
1244 3554 1749 3624 ἐπιγεγραμμένονο

176 3646 454 3712 Στέφανος
481 3644 759 3714 ὑπομονῆς
813 3643 913 3714 τῆς
947 3645 1176 3714 ἐρήμου.
1221 3644 1332 3698 Καὶ
1371 3643 1534 3696 πάλιν
1588 3643 1754 3714 φησὶν

179 3736 430 3798 ἐκεῖνοςό
458 3733 848 3803 εὐλογημένοςθ
889 3727 1067 3798 Εἶδον,
1104 3731 1291 3800 φησὶν,
1312 3731 1388 3794 ὡς
1420 3726 1601 3802 ἦλθες,
1636 3731 1754 3785 τινὰ

181 3825 413 3894 λέγοντά
452 3842 541 3894 μοι
563 3839 576 3853 ·
619 3823 787 3886 Έλθέ,
821 3821 962 3888 ἐλθὲ,
1004 3822 1157 3885 Σαλὲ,
1183 3823 1268 3874 ῐνα
1295 3821 1493 3894 κομίσῃ
1525 3821 1623 3889 οὐχ
1659 3820 1756 3874 ἕνα

183 3918 471 3984 στέφανον,
506 3914 640 3968 ἀλλά
666 3914 791 3977 τοὺς
813 3913 1130 3982 στεφάνους,
1154 3906 1229 3966 ὧν
1258 3912 1639 3983 προσήνεγκάς
1665 3929 1755 3981 μοι

181 4007 394 4077 ψυχῶν.
428 4007 576 4076 Ἐχω
602 4003 682 4070 δὲ,
731 4003 860 4073 κῦρι
896 4004 1262 4075 ἁρχιδιάκονε,
1295 4004 1379 4056 ὅτι
1430 4003 1582 4056 οὐδὲν
1617 3999 1757 4056 εἶδεν

182 4100 269 4157 εις
301 4098 399 4168 ἰεμέ
421 4115 474 4151 τι
499 4096 759 4160 τοιοῦτον,
790 4095 930 4149 ἀλλὰ
954 4093 1395 4165 προσεκαρίσατό
1441 4111 1553 4165 μοι.
1588 4094 1757 4159 Σαλὸς

183 4189 297 4259 γὰρ
316 4192 417 4243 καὶ
451 4187 641 4258 ἔξηχος
674 4186 958 4256 ἄνθρωπος
989 4189 1140 4240 ποῖον
1179 4185 1369 4254 μισθὸν
1392 4184 1501 4254 ἔχω
1520 4185 1756 4257 κομίσα-

191 4278 314 4331 σθαι
341 4296 355 4340 ;
392 4277 561 4330 Πάλιν
582 4278 787 4339 ἐκεῖνος
810 4291 826 4307 ο
856 4275 1101 4328 Δυσωπῶ
1135 4291 1216 4338 σε,
1241 4274 1331 4327 ἴνα
1349 4275 1529 4327 πᾶσαν
1554 4273 1755 4344 ψυχὴν,

192 4369 429 4440 μάλιστα
457 4368 513 4420 δὲ
553 4369 788 4437 μοναχὸν
823 4366 857 4437 ἢ
890 4365 1125 4435 πτωχὸν,
1158 4365 1427 4437 μηδέποτε
1466 4365 1755 4428 ἐξουδενὼ-

191 4476 314 4530 σῃς,
337 4460 412 4524 ὡς
460 4459 667 4527 ἔτυχεν.
700 4454 852 4510 Οἶδεν
902 4457 1010 4526 γὰρ
1047 4460 1080 4525 ὴ
1118 4456 1330 4525 ἀγάπη,
1369 4455 1451 4508 ὅτι
1490 4457 1627 4508 είσὶν
1677 4457 1759 4520 είς

186 4553 314 4612 τοὺς
339 4550 606 4618 πτωχοὺς,
637 4547 870 4618 μάλιστα
897 4547 953 4599 δὲ
986 4549 1065 4609 είς
1095 4546 1222 4606 τοὺς
1243 4545 1498 4614 τυφλοὺς,
1537 4544 1755 4617 ἀνθρωα
1794 4597 1839 4654 D

186 4658 303 4703 ποι,
331 4641 406 4703 ὡς
427 4643 455 4692 ὁ
479 4641 627 4710 ἥλιος
656 4639 920 4708 καθάρσει
955 4635 1321 4706 καθαρθέντες
1363 4635 1450 4687 διὰ
1488 4635 1586 4705 τῆς
1624 4635 1759 4688 ὑπο-

192 4731 386 4802 μονῆς,
417 4731 512 4784 κα)⁵
536 4731 635 4799 τῆς
660 4728 1032 4789 κακοπαθείας
1077 4725 1276 4782 αὐτῶν.
1323 4725 1529 4786 Πόσους
1565 4727 1764 4796 ἐπιχω-

194 4823 344 4891 ρίους
370 4820 649 4891 γεωργοὺς
674 4820 782 4873 ῐδον
813 4821 872 4872 ἐν
899 4819 967 4888 τῇ
989 4816 1142 4870 πόλει
1165 4814 1420 4878 πολλάκις
1449 4816 1767 4886 εἰσερχομέ-

191 4929 319 4974 νους
348 4910 702 4980 κοινωνῆσαι,
735 4909 828 4963 καὶ
865 4908 1024 4970 ὄντας
1053 4905 1471 4978 καθαρωτέρους
1495 4904 1591 4958 τοῦ
1623 4923 1764 4976 χρυ-

191 5000 334 5064 σίου,
366 4998 455 5052 διὰ
496 4997 568 5052 τὸ
616 4997 824 5051 ᾶιακον
855 4994 1045 5050 αὐτῶν
1070 4995 1165 5048 καὶ
1179 4994 1530 5065 ἀπερίεργον,
1555 4999 1653 5048 καὶ·
1675 4995 1767 5049 διὰ

189 5089 254 5141 τὸ
280 5090 339 5141 ἐν
369 5088 553 5158 ἱδρῶτι
583 5086 678 5140 τοῦ
703 5085 996 5159 προσώπου
1032 5084 1210 5137 αὐτῶν
1229 5083 1432 5137 ἐσθίειν
1459 5085 1548 5139 τὸν
1558 5088 1767 5140 οἰκεῖον

191 5181 378 5248 ἀρτονί

270 5272 334 5338 ξ’.
377 5272 537 5326 Ἀλλὰ
569 5271 737 5341 μηδὲν
773 5286 840 5340 με
870 5268 963 5322 ἐπὶ
997 5269 1118 5330 τοῖς
1139 5266 1451 5338 λεγομένοις
1495 5268 1632 5337 πρὸς
1686 5269 1770 5334 σδν

193 5365 455 5423 δέσποτα,
483 5359 795 5431 ἐπιμέμψη,
819 5357 910 5412 διὰ
930 5359 991 5410 τὸ
1005 5358 1131 5426 ὅλην
1148 5357 1411 5426 ἀμέλειαν
1433 5355 1528 5408 τοῦ
1550 5357 1769 5428 οἰκτροῦ

200 5470 304 5523 μου
337 5452 452 5522 βίου
484 5451 716 5514 ἐξειπεῖν
741 5466 842 5502 σοι.
870 5448 1111 5500 Γίνωσκε
1149 5445 1206 5498 δὲ
1237 5445 1318 5497 ὄτι
1368 5446 1461 5497 καὶ
1493 5444 1552 5498 σὲ
1594 5447 1622 5498 ὁ
1654 5446 1769 5500 Κύ-

203 5561 320 5612 ριος
343 5544 430 5596 διὰ
461 5542 656 5613 τάχους
678 5539 1174 5611 προσλαμόάνεται.
1208 5534 1348 5587 Ἀλλ’
1382 5535 1482 5605 ὅση
1514 5552 1594 5589 σοι
1619 5538 1771 5608 ίσχὺς

1844 2018 2060 2080 ctitans,
2085 2030 2204 2086 quas
2228 2013 2408 2084 pravis
2435 2011 2604 2066 animi
2634 2010 3014 2066 aﬂ‘ectionibus
3047 2007 3420 2062 dominantur.

1847 2105 2079 2162 Petierat
2121 2114 2302 2160 autem
2347 2112 2573 2158 sanctus
2606 2117 2638 2155 a
2669 2102 2801 2166 Deo,
2853 2108 2912 2154 ut
2955 2114 3068 2153 non
3112 2100 3426 2154 crescerent

1847 2199 2026 2253 crines
2061 2197 2256 2268 capitis
2286 2195 2392 2261 sui,
2424 2202 2518 2250 aut
2549 2193 2750 2258 barba;
2797 2208 2869 2248 ne
2902 2192 3033 2247 dum
3076 2191 3421 2253 tonderetur,

1846 2289 2216 2343 innotesceret
2267 2302 2393 2342 eum
2419 2301 2478 2342 se
2513 2285 2738 2341 stultum
2775 2283 3051 2338 simulare.
3094 2282 3299 2338 Idcirco
3325 2297 3426 2350 per

1847 2388 2019 2437 totum
2052 2390 2285 2451 tempus,
2313 2379 2458 2449 quod
2497 2378 2677 2448 exegit
2709 2377 2762 2431 in
2804 2375 3118 2446 huiusmodi
3154 2375 3277 2430 vitae
3335 2374 3424 2428 in-

1849 2473 2061 2535 stituto,
2101 2486 2263 2525 nemo
2283 2469 2416 2524 vidit
2439 2483 2687 2523 crescere
2713 2481 2900 2522 comas
2925 2465 3121 2534 capitis
3145 2465 3290 2528 ejus.
3322 2477 3424 2517 nec

1848 2566 1917 2620 ab
1946 2579 2010 2620 eo
2041 2563 2274 2618 tonderi.
2317 2561 2608 2631 Frequenti
2652 2561 2852 2630 pariter
2895 2567 3056 2626 atque
3100 2556 3215 2610 utili
3257 2555 3424 2611 solius

1849 2656 2054 2712 domini
2096 2655 2323 2711 Joannis
2357 2653 2572 2708 diaconi
2617 2649 3014 2705 consuetudine
3060 2649 3334 2712 utebatur,
3369 2652 3431 2705 et

1850 2744 2177 2806 minabatur,
2206 2741 2371 2811 quod,
2417 2741 2461 2794 si
2509 2739 2667 2793 alicui
2700 2737 3069 2791 manifestaret
3106 2749 3265 2788 suum
3316 2730 3432 2786 vir-7

1852 2844 1969 2889 tute
2019 2841 2363 2903 pnnstantem
2404 2845 2649 2899 scopum,
2695 2828 2752 2881 in
2800 2839 3060 2897 magnum
3124 2822 3425 2877 cruciatum

1853 2925 2115 2982 incideret
2146 2924 2199 2979 in
2226 2923 2411 2977 futuro
2437 2921 2659 2976 saeculo.

1923 3103 2011 3157 59.
2053 3102 2395 3155 Dixitautem
2426 3100 2522 3162 illi,
2559 3099 2687 3154 dum
2730 3097 2873 3154 viam
2920 3096 2970 3152 ei
3005 3109 3222 3150 omnem
3261 3107 3438 3163 expo-

1857 3194 1984 3257 suit,
2013 3193 2066 3246 id
2091 3202 2176 3246 est
2208 3192 2374 3245 biduo
2421 3199 2713 3260 antequam
2745 3203 2776 3243 e
2804 3188 2913 3241 vita
2954 3185 3242 3242 excederet
3275 3203 3287 3238 :
3318 3182 3430 3237 llo-

1859 3283 1946 3338 die
1988 3282 2132 3337 adivi
2179 3283 2395 3336 fratrem
2433 3280 2720 3345 Joannem,
2757 3288 2812 3334 et
2839 3278 3025 3333 inveni
3069 3278 3245 3346 ipsum
3274 3274 3430 3329 valde

1860 3388 1958 3444 per
1999 3373 2169 3427 Deum
2213 3370 2530 3442 profecisse,
2579 3379 2634 3424 et
2674 3353 2897 3439 gavisus
2940 3383 3082 3422 sum.
3116 3366 3236 3421 Vidi
3283 3365 3429 3421 enim

1860 3473 1976 3517 tum
2005 3473 2215 3533 gestare
2257 3475 2515 3516 coronam
2556 3474 2734 3525 suam,
2767 3458 2854 3512 cui
2899 3466 3019 3512 erat
3056 3455 3378 3526 inscriptum
3413 3473 3448 3510 ι’

1860 3554 2071 3607 Corona
2102 3551 2412 3607 tolerantiae
2445 3549 2499 3604 in
2548 3549 2858 3604 solitudine.
2893 3548 2972 3602 Ac
3001 3561 3217 3601 rursum
3262 3545 3433 3601 bene-

1861 3641 2040 3696 dictus
2064 3641 2153 3695 ille
2181 3641 2264 3695 vir
2299 3658 2314 3694 ι
2347 3639 2492 3705 Vidi,
2521 3639 2718 3708 inquit,
2745 3640 3003 3708 aliquem,
3036 3639 3152 3709 qui,
3175 3639 3305 3693 dum
3336 3637 3440 3692 ad-

1861 3736 2079 3799 venisti,
2104 3737 2237 3791 mihi
2268 3736 2474 3791 diceret
2512 3752 2526 3787 :
2565 3735 2722 3800 Veni,
2752 3735 2875 3790 veni
2906 3734 3051 3796 Sale,
3095 3744 3156 3789 ut
3201 3733 3436 3804 accipias

1861 3840 1972 3879 non
2004 3840 2266 3879 coronam
2297 3841 2480 3889 unam,
2527 3825 2624 3879 sed
2673 3839 2905 3879 coronas
2939 3825 3267 3888 animarum,
3299 3839 3440 3893 quas

1863 3917 1995 3970 mihi
2036 3917 2298 3971 obtulisti.
2331 3915 2658 3970 Persuasum
2703 3931 2832 3971 vero
2859 3915 3056 3981 habeo,
3100 3915 3318 3970 domine
3348 3930 3436 3968 ar-

1866 4008 2202 4072 chidiacone,
2229 4023 2353 4061 eum
2383 4008 2520 4061 nihil
2547 4008 2653 4062 tale
2680 4007 2736 4062 in
2762 4022 2850 4062 me
2881 4007 3102 4070 vidisse,
3146 4007 3242 4061 sed
3271 4007 3438 4077 grati-

1864 4099 2010 4154 ﬁcari
2045 4100 2179 4153 mihi
2215 4099 2472 4153 voluisse.
2512 4097 2773 4164 Quanam
2813 4099 2961 4153 enim
2993 4113 3207 4153 merces
3251 4107 3440 4152 manet

1867 4191 2141 4245 hominem
2170 4189 2379 4245 fatuum
2403 4197 2458 4248 et
2485 4199 2678 4245 emota:
2710 4190 2957 4244 mentis?
2983 4189 3248 4260 Pet-gebat
3309 4189 3397 4243 ille
3423 4211 3434 4243 :

1865 4280 2103 4340 Obsecro
2128 4293 2200 4351 te,
2236 4298 2307 4337 ne
2347 4283 2454 4339 ulla
2485 4283 2686 4349 anima,
2729 4283 2964 4337 maxime
3018 4289 3201 4336 autem
3248 4295 3438 4334 mona-

1865 4372 2002 4426 chus
2029 4373 2113 4426 vel
2146 4387 2374 4442 pauper,
2414 4388 2654 4443 unquam
2707 4373 2804 4427 tibi
2847 4371 3093 4434 vilescat,
3129 4377 3293 4440 prout
3325 4370 3439 4439 (90)

1867 4466 2107 4535 contigit.
2137 4465 2296 4520 Novit
2330 4465 2477 4521 enim
2504 4465 2745 4520 Charitas
2772 4466 2916 4535 quod
2949 4465 3090 4518 inter
3139 4477 3438 4533 pauperes,

1866 4571 1930 4609 ac
1956 4558 2255 4625 praesertim
2278 4557 2419 4610 inter
2446 4572 2641 4620 caecos,
2667 4557 3018 4611 inveniantur
3042 4555 3312 4619 homines,
3346 4555 3438 4622 qui

1867 4648 2040 4703 instar
2070 4648 2220 4711 solis,
2251 4650 2572 4720 purgatione
2597 4649 2806 4718 purgati
2841 4658 2969 4702 sunt
2999 4663 3095 4715 per
3125 4646 3438 4715 patientiam

1869 4749 1924 4793 et
1975 4754 2268 4794 aerummas
2308 4755 2454 4794 suas.
2511 4739 2657 4805 Quot
2710 4739 2943 4794 rusticos
2990 4737 3253 4809 agricolas
3298 4752 3441 4806 saepe

1869 4828 1982 4884 vidi
2012 4828 2383 4900 ingredientes
2412 4830 2713 4894 civitatem,
2751 4839 2809 4884 ut
2847 4827 3099 4902 [ibidem]
3136 4828 3449 4882 communi-

1869 4927 2077 4985 carent,
2110 4919 2202 4990 qui
2233 4921 2483 4990 puriores
2521 4930 2679 4976 erant
2713 4936 2871 4986 auro,
2924 4920 3052 4990 quia
3098 4920 3332 4975 innocue
3362 4919 3458 4973 vi--

1871 5011 2092 5075 vcbant,
2133 5019 2185 5066 et
2210 5010 2336 5080 quia
2371 5026 2568 5082 panem
2595 5026 2755 5066 suum
2796 5011 2858 5065 in
2888 5011 3091 5066 sudore
3131 5011 3317 5067 vultus
3357 5009 3443 5065 sui

1871 5101 2254 5157 comedebant.

1944 5272 2034 5327 60.
2076 5273 2186 5329 Sed
2226 5289 2298 5329 ne
2337 5286 2561 5345 pmpter
2589 5289 2675 5339 ea,
2703 5291 2824 5345 qua:
2862 5275 3006 5345 apud
3039 5283 3092 5329 te
3120 5275 3266 5329 dicta
3297 5283 3445 5335 sunt,

1874 5364 2123 5427 Domine,
2153 5380 2243 5421 tne
2271 5366 2668 5436 reprehendas;
2713 5367 2915 5421 etenim
2969 5367 3198 5436 exposui
3228 5380 3454 5421 omnem

1873 5453 2203 5510 miserabilis
2237 5455 2365 5509 vita:
2394 5470 2530 5510 mea:
2573 5457 2986 5528 negligentiam.
3030 5456 3313 5529 Cognosce
3359 5471 3453 5510 au-

1873 5551 2004 5611 tem,
2037 5545 2181 5615 quod
2219 5546 2484 5601 Dominus
2530 5558 2582 5602 te
2611 5564 2827 5619 quoque
2867 5549 3017 5604 brevi
3065 5557 3465 5620 assumptum:

1701 5681 1934 5742 ΝΟΤΑΞ.

273 5750 386 5816 (90)
421 5751 506 5805 Uti
537 5761 816 5804 narratum
845 5747 1087 5802 invenies
1118 5745 1294 5814 capite
1329 5745 1376 5799 7.
