4118 6432
693 387 836 455 1743
1702 393 2011 458 LEONTII
2041 399 2279 461 ΝΕΛΡΟ

2384 400 2554 460 ΓΑΝΙ
2583 401 2923 463 EPISCOPI
3893 407 4010 470 1744

691 505 782 558 stt.
814 497 943 566 Sed.
971 512 1236 572 quantum
1263 504 1414 563 vales
1453 521 1518 564 ac
1551 515 1730 578 potes,
1759 523 1951 564 curam
1991 522 2120 578 gere
2152 508 2278 563 ani-

2384 512 2478 565 καὶ
2501 512 2757 584 δύναμις,
2789 515 3077 586 φρόντισον
3104 513 3207 584 τῆς
3237 514 3449 577 οἰκείας
3494 531 3614 569 σου
3671 514 3898 585 ψυχῆς,
3934 519 4002 570 ἶνα

690 608 794 650 ma
815 605 942 661 tuae,
976 605 1036 652 ut
1065 612 1160 666 per
1191 596 1468 669 principes
1509 601 1862 656 tenebrarum
1913 601 2080 672 hujus
2107 603 2272 668 aeris,

2384 606 2728 677 ἀχειμάστως
2775 607 2902 670 τοὺς
2954 607 3406 680 κοσμοκράτορας
3447 607 3552 660 τοῦ
3625 606 3892 669 σκότους
3922 611 4001 663 τοῦ

691 687 923 757 periculi
945 703 1143 758 expers
1177 691 1412 746 transire
1440 692 1638 761 possis.
1670 692 1788 748 Scit
1826 694 1975 749 enim
2006 693 2276 749 Dominus

2384 700 2540 769 ἀέρος
2558 700 2750 753 τούτου
2770 699 3102 770 διαπερᾶσαι
3120 699 3371 771 δυνηθῇς.
3397 694 3561 754 Οἶδεν
3582 698 3725 770 γὰρ
3755 702 3789 754 6
3811 700 3997 771 Κύριος

691 795 887 846 magna
913 796 1000 836 me
1027 781 1394 838 sollicitudine
1422 793 1478 838 et
1523 786 1721 840 timore
1754 786 1919 851 allici,
1964 788 2142 843 donec
2184 803 2274 842 se-

693 887 860 925 curus
901 872 971 925 ab
1032 873 1164 942 ipsis
1224 876 1589 943 requiescam.
1651 877 1776 930 llaec
1827 879 1973 932 enim
2022 887 2107 932 est
2157 879 2275 935 dies

693 965 856 1030 mala,
902 965 970 1021 de
1005 982 1110 1036 qua
1147 966 1500 1036 Apostolus"
1540 978 1596 1024 et
1628 970 1794 1026 David
1821 972 1866 1003 ⁸⁸
1906 972 2075 1027 locuti
2120 981 2273 1027 sunt.

693 1053 821 1110 Ideo
847 1073 976 1128 rogo
1003 1066 1078 1126 te,
1116 1058 1190 1113 illi
1231 1077 1295 1116 ac
1345 1061 1510 1116 frater
1556 1059 1813 1132 Joannes,
1865 1075 2067 1135 quanta
2117 1075 2276 1136 potes

692 1149 1069 1211 contentione,
1114 1151 1546 1208 misericordiam
1579 1169 1808 1222 exerce;
1854 1157 1970 1212 hac
2014 1172 2117 1212 nos
2145 1165 2277 1212 tunc

689 1237 890 1306 juverit
932 1239 1056 1308 plus
1109 1256 1271 1309 quam
1333 1257 1526 1298 omnes
1571 1245 1820 1300 virtutes.
1881 1244 2024 1301 Dicit
2075 1247 2272 1302 enim:

701 1348 719 1378 ε
758 1329 954 1384 Beatus
974 1329 1066 1399 qui
1099 1331 1354 1403 intelligit
1393 1348 1558 1405 super
1584 1351 1816 1404 egenum
1851 1345 1906 1390 et
1937 1353 2272 1408 pauperem;

696 1417 750 1471 in
774 1417 861 1472 die
883 1420 1020 1473 mala
1051 1420 1300 1477 liberabit
1329 1438 1452 1477 eum
1477 1423 1742 1481 Dominus
1758 1426 1838 1492 “;
1864 1445 1883 1478 ι
1912 1437 1967 1482 et
1993 1444 2275 1498 nunquam

695 1509 918 1565 assistas
945 1513 1122 1576 altari,
1158 1514 1363 1569 habens
1391 1517 1593 1586 aliquid
1611 1518 1898 1573 adversum
1923 1521 2183 1590 aliquem,
2203 1537 2276 1577 ne

695 1599 833 1656 forte
865 1601 1119 1673 iniquitas
1147 1613 1237 1659 tua
1276 1606 1414 1662 alios
1445 1610 1611 1663 etiam
1655 1610 1906 1682 indignos
1947 1613 2140 1669 reddat
2175 1614 2273 1669 ad-

694 1700 862 1746 ventu
890 1694 1126 1764 Spiritus
1155 1698 1354 1752 sancti.

2373 793 2455 846 ὃτι
2483 794 2688 863 πολλὴν
2720 793 2991 864 μέριμναν
3029 795 3126 848 καὶ
3151 795 3315 862 φόϐον
3359 794 3467 865 ἔχω
3488 835 3508 860 ,
3549 794 3689 856 tu;
3715 788 3789 847 οὗ
3816 795 3996 864 ἀμερι-

2379 885 2570 955 μνήσω
2598 883 2661 950 ιε
2687 886 2887 940 αὐτῶν.
2915 886 3065 956 Αὕτη
3097 886 3206 956 γάρ
3243 887 3360 938 ἐστι
3408 886 3612 956 ἡμέρα
3664 887 3705 954 ἡ

2375 978 2507 1048 περὶ
2526 973 2596 1048 ἧς
2627 979 2656 1031 6
2685 977 3034 1042 Ἀπόστολος,
3061 977 3156 1032 καὶ
3181 979 3210 1031 6
3237 976 3403 1030 Δαυτδ
3441 973 3640 1031 εἶπεν.
3689 977 3798 1029 Διὸ
3831 995 3988 1046 παρα-

2375 1069 2528 1125 καλῶ
2560 1087 2642 1136 σε,
2679 1070 2869 1123 τέκνον
2898 1071 2991 1123 καὶ
3024 1069 3222 1139 ἀδελφὶ
3248 1071 3496 1142 Ἰωάννη,
3540 1070 3720 1139 πάσῃ
3778 1085 3877 1121 σου
3907 1071 3981 1122 δ)-

2375 1162 2558 1232 νάμει,
2589 1163 2638 1215 εί
2662 1160 2811 1214 εστιν
2841 1160 3054 1223 δεκτδν,
3104 1161 3280 1225 ἔλέει,
3319 1164 3413 1216 καὶ
3443 1162 3553 1224 τάς
3616 1160 3786 1229 ὑπὲρ
3820 1161 3984 1223 κάσις

2375 1250 2575 1322 ἀρετάς
2622 1248 2791 1320 βοηθῇ
2836 1251 2971 1321 ἡμῖν
3005 1249 3150 1302 τότε.
3187 1247 3356 1318 Φησὶν
3381 1247 3517 1319 γὰρ,
3559 1265 3581 1299 ε
3630 1247 3979 1314 Μακάριοςὸ

2378 1340 2576 1394 συνιὼν
2627 1341 2722 1393 επὶ
2781 1339 2998 1410 πτωχὸν
3042 1341 3136 1394 καὶ
3167 1340 3400 1410 πένητα,
3431 1341 3491 1392 ἑν
3529 1337 3742 1408 ἡμέρᾳ
3783 1340 3976 1406 πονηρᾷ

2377 1430 2601 1501 ῥύσεται
2616 1429 2780 1485 αὑτὸν
2802 1431 2832 1482 6
2858 1429 3084 1499 Κύριος·
3109 1448 3130 1482 ι
3152 1430 3244 1484 καὶ
3267 1429 3542 1500 μηδέποτε
3577 1427 3665 1497 τῷ
3722 1427 3872 1496 ἁγίῳ
3905 1427 3973 1478 b-

2377 1524 2677 1596 σιαστηρίῳ
2711 1525 2994 1594 παραστῇ,
3025 1522 3164 1592 ἔχων
3204 1523 3348 1576 κατά
3371 1538 3542 1585 τινος,
3593 1521 3674 1590 μή
3708 1520 3890 1587 πωςή
3919 1521 3969 1589 σὴ

2375 1612 2576 1682 ἀνομία
2629 1611 2882 1676 ἀναξίους
2932 1615 3137 1685 ποιήσῃ
3169 1612 3267 1665 καὶ
3313 1609 3513 1674 ἄλλους
3544 1608 3653 1679 τῆς
3686 1610 3968 1677 δπιφοιτή’

2377 1720 2516 1767 σεως
2562 1702 2658 1757 τοῦ
2692 1703 2850 1772 ἀγίου
2872 1703 3214 1775 Πνεύματος,

765 1805 856 1860 61.
900 1805 1025 1862 "me
1054 1817 1110 1862 et
1163 1809 1316 1878 plura
1361 1812 1462 1867 alia
1510 1815 1836 1882 enuntiavit,
1875 1826 1930 1871 et
1967 1819 2269 1887 prohibuit,

2448 1817 2550 1885 εα¹.
2587 1817 2774 1873 Ταῦτα
2809 1819 2905 1873 καὶ
2930 1818 3065 1872 ἀλλα
3086 1818 3142 1871 δὲ
3169 1817 3400 1871 πλεῖστα
3442 1814 3848 1888 παρήγγειλεν
3884 1815 3965 1866 αὖ·

695 1912 766 1951 ne
798 1898 975 1968 aliqua
1009 1916 1074 1954 ex
1104 1901 1171 1955 iis
1218 1918 1456 1972 unquam
1481 1907 1735 1976 cuiquam
1766 1909 1991 1973 diceret,
2021 1921 2274 1981 propter-

696 2001 762 2043 ea
807 1989 953 2057 quod
998 2006 1108 2045 non
1151 2007 1343 2048 omnes
1391 1995 1665 2066 accipiant
1701 2013 1824 2053 cum
1875 1999 1981 2054 fide
2029 2000 2118 2054 illa
2154 2017 2274 2071 quae

695 2080 973 2134 dicuntur.
1025 2081 1138 2138 Hoc
1187 2085 1281 2139 tibi
1322 2085 1395 2140 sit
1440 2088 1654 2154 solatio,
1721 2091 1865 2160 quod
1913 2101 2039 2162 post
2107 2093 2274 2149 boscc

696 2181 808 2226 tres
841 2173 958 2227 dies
991 2173 1253 2230 Dominus
1274 2189 1656 2250 assumpturns
1691 2183 1763 2237 sit
1805 2183 2092 2238 minimum
2125 2185 2276 2241 hunc

696 2264 902 2333 Salum,
928 2275 983 2324 et
1008 2267 1291 2324 dominum
1317 2269 1613 2335 Joannem.
1643 2273 1865 2330 fratrem
1888 2275 2027 2345 ejus.
2056 2274 2273 2332 Etenim

696 2374 798 2430 ego
826 2360 940 2430 ipse
962 2360 1269 2427 discedens,
1289 2364 1398 2418 dixi
1430 2366 1477 2420 ei
1504 2383 1516 2419 :
1535 2366 1828 2433 Adesdum,
1853 2367 2040 2434 frater,
2059 2385 2270 2426 eamus.

697 2446 936 2519 Tempus
965 2453 1266 2507 etiamnum
1293 2464 1578 2524 superest;
1619 2457 1713 2512 sed
1748 2467 1871 2529 post
1893 2459 2122 2515 biduum
2146 2463 2273 2517 veni

697 2537 765 2591 ad
807 2538 1078 2607 tugurium
1111 2556 1315 2605 meum,
1360 2553 1416 2596 et
1454 2543 1574 2598 vide
1602 2559 1670 2598 an
1708 2546 1914 2615 aliquid
1952 2548 2275 2605 inventurus

698 2628 795 2682 sis.
825 2627 958 2684 Volo
979 2640 1162 2684 autem
1193 2642 1250 2684 ul
1286 2631 1489 2688 habeas
1525 2650 1925 2707 mnemosynon
1949 2639 2173 2696 humilis
2221 2649 2276 2696 ct

702 2718 999 2784 peccatoris
1028 2717 1159 2772 Sali.
1183 2717 1309 2774 Haec
1341 2729 1397 2775 et
1417 2723 1569 2791 plura
1611 2724 1714 2794 ipsi
1745 2726 1963 2793 effatus,
1995 2729 2272 2795 discessit,

700 2817 757 2862 et
784 2808 836 2862 in
870 2811 1147 2881 tugurium
1180 2827 1340 2867 suum
1375 2829 1434 2868 se
1469 2816 1698 2872 abdidit.
1739 2818 1895 2874 Nunc
1920 2831 2100 2876 autem
2135 2833 2274 2878 tem-

704 2913 806 2968 pus
825 2909 998 2963 vocat,
1027 2917 1060 2954 ο
1088 2903 1271 2968 amici,
1303 2912 1363 2958 ut
1385 2905 1505 2974 ejus
1537 2923 1755 2979 quoque
1778 2921 2008 2968 mortem
2039 2915 2275 2970 admiraé

705 2992 852 3046 tione
884 2993 1279 3063 dignissimam,
1306 3012 1402 3050 seu
1431 3012 1686 3054 somnum
1707 3002 1890 3071 potius
1925 3005 2078 3060 vobis
2106 3023 2274 3078 expo-

704 3099 853 3138 nam.
895 3083 1020 3139 llaec
1062 3086 1210 3141 enim
1259 3103 1366 3142 non
1413 3088 1586 3144 levem
1631 3091 1796 3146 etiam
1828 3094 1982 3150 vobis
2015 3098 2278 3166 praebebit

2379 1912 2478 1984 τῷ,
2508 1911 2569 1977 ἐξ
2594 1905 2670 1966 ὧν
2700 1930 2820 1966 τινα
2853 1913 2991 1984 μήτε
3027 1912 3204 1965 είπεῖν
3254 1911 3396 1965 αὑτά
3423 1911 3561 1965 ποτὲ
3598 1927 3717 1962 τινι
3749 1907 3963 1976 tapeti-

2381 2005 2572 2058 λευσεν
2602 2004 2693 2059 διὰ
2716 2004 2777 2057 τὸ
2807 2003 2883 2075 μὴ
2911 2005 3117 2067 πάντας
3151 2001 3288 2075 μετά
3324 2001 3567 2064 πίστεως
3608 1998 3879 2070 δέχεσθαι
3913 1999 3967 2048 τὰ

2379 2096 2671 2168 λεγόμενα.
2729 2094 3123 2167 Παρακλήθητι
3170 2094 3248 2158 δὲ,
3283 2093 3473 2163 ἐπειδὴ
3529 2091 3624 2144 διά
3667 2092 3788 2142 τῶν
3816 2088 3964 2158 τριῶν

2379 2192 2585 2247 τούτων
2609 2191 2832 2264 ἡμερῶν
2863 2189 3347 2262 προσλαμϐάνεται
3375 2189 3404 2241 6
3426 2190 3641 2259 Κύριος
3678 2186 3780 2237 τὸν
3819 2182 3965 2234 Σαὶὲν

2379 2284 2474 2337 τὸν
2509 2283 2812 2355 ἐλάχιστον,
2854 2283 2945 2336 καὶ
2979 2281 3071 2336 τὸν
3101 2280 3262 2353 κῦριν
3309 2281 3573 2351 Ἰωάννην
3611 2278 3714 2332 τὸν
3754 2275 3962 2342 ἀδελφὸν

2381 2375 2568 2431 αὐτοῦ.
2602 2377 2712 2430 Καὶ
2741 2375 2852 2446 γὰρ
2873 2374 2985 2445 ἐγὼ
3006 2373 3170 2436 αὐτὸς
3207 2371 3463 2426 ἀπελθὼν
3492 2366 3660 2423 εἶπον
3689 2365 3867 2436 αὐτῷ,
3896 2367 3962 2417 ὅτι

2394 2469 2636 2540 ’Δδελφὶ,
2669 2468 2863 2539 δεῦρο,
2895 2469 3139 2538 ἄγωμεν.
3171 2467 3374 2537 Καιρός
3401 2467 3519 2518 ἐστι
3574 2462 3798 2524 λοιπὸν,

2385 2561 2526 2632 μετά
2552 2559 2648 2614 δύο
2669 2562 2881 2632 ἡμέρας
2905 2560 3026 2612 ἐλθὲ
3045 2561 3124 2622 είς
3144 2561 3204 2612 τὸ
3227 2558 3483 2613 καλύσιόν
3514 2575 3646 2628 μου,
3679 2556 3782 2608 καὶ
3813 2553 3960 2622 βλέπε

2381 2653 2435 2706 εῐ
2463 2669 2514 2705 τι
2536 2653 2832 2723 εὑρίσκεις.
2871 2651 3022 2705 Θέλω
3055 2649 3143 2702 ἶνα
3170 2649 3300 2721 ἔχῃς
3351 2647 3712 2718 μνημόσυνον
3756 2645 3851 2696 τοῦ
3877 2659 3957 2695 τα-

2383 2746 2570 2800 πεινοῦ
2601 2746 2694 2799 καὶ
2711 2741 3040 2816 ἁμαρτωλοῦ
3067 2734 3262 2796 Σαλοῧ.
3289 2741 3400 2794 Καὶ
3415 2739 3597 2792 ταῦτα
3623 2738 3728 2791 καὶ
3759 2737 3958 2788 πλείονα

2381 2839 2592 2893 τούτων
2615 2837 2785 2891 εἰπὼν
2813 2835 2981 2907 αὐτῷ,
3006 2832 3280 2900 ἀπελθὼν,
3304 2831 3655 2885 συνέστειλεν
3688 2829 3884 2882 ἑαυτὸν
3913 2828 3958 2878 ἐν

2381 2929 2462 3000 τῷ
2494 2928 2736 2999 καλυϐίῳ
2764 2925 2953 2981 αὐτοῦ.
2981 2926 3118 2979 Νυνὶ
3154 2924 3211 2977 δὲ
3261 2921 3452 2994 καιρὸς
3501 2922 3692 2984 καλεῖ,
3731 2913 3778 2971 ὦ
3812 2917 3956 2986 φίλοι.

2384 3022 2483 3077 καὶ⁸
2504 3023 2598 3077 τὸν
2631 3019 3076 3089 ἀξιοθαύμαστον
3121 3014 3286 3069 αὑτοῦ
3340 3013 3577 3066 θάνατον
3599 3049 3615 3073 ,
3675 3009 3882 3078 μᾶλλον
3912 3007 3954 3060 δὲ

2385 3115 2580 3179 ὕπνον,
2608 3113 2739 3183 ὑμῖν
2767 3106 3150 3180 διηγήσασθαι.
3189 3104 3300 3158 Καὶ
3337 3102 3444 3171 γάρ
3496 3104 3653 3154 ἔστιν
3691 3099 3790 3153 καὶ
3817 3098 3954 3158 αὐτος

707 3176 1017 3231 utilitatem.
1053 3176 1329 3244 Quiuimo,
1371 3179 1423 3234 id
1469 3183 1613 3250 quod
1656 3185 1931 3249 omnibus,
1980 3202 2102 3256 qua:
2129 3204 2273 3258 prte-

2384 3208 2437 3262 οὒ
2487 3176 2590 3276 τὴν
2645 3176 2928 3273 τυχοῦσαν-
2974 3193 3233 3268 παρέχων
3268 3193 3572 3263 ὠφέλειαν,
3607 3190 3754 3244 ἀλλά
3777 3208 3836 3242 τε
3880 3191 3952 3241 καὶ

705 3269 846 3324 dicta
877 3279 1023 3336 sunt,
1049 3279 1132 3324 est
1158 3271 1533 3337 excellentius,
1566 3274 1658 3328 illa
1704 3276 1939 3346 sigillum
1971 3281 2177 3334 exstitit
2225 3290 2278 3336 et

706 3360 1045 3415 confirmatio
1097 3361 1430 3418 intaminatae
1478 3368 1915 3422 conversationis
1954 3371 2095 3440 ejus.
2141 3370 2278 3427 Dum

707 3453 853 3507 enim
877 3454 958 3506 vir
983 3469 1210 3525 magnus
1225 3455 1455 3510 sentiret
1477 3471 1822 3514 communem
1848 3461 2039 3517 adesse
2064 3463 2281 3531 horam,

708 3553 763 3597 et
792 3558 862 3597 ne
889 3555 1008 3612 post
1047 3555 1275 3599 mortem
1297 3547 1516 3616 quidem
1547 3548 1709 3603 vellet
1747 3548 2047 3606 humanum
2075 3554 2282 3610 referre

711 3634 994 3694 honorem.
1028 3635 1155 3705 quid
1194 3635 1362 3691 facit?
1397 3637 1675 3708 Ingressus
1714 3642 1903 3697 subter
1929 3642 2131 3699 fascem
2160 3660 2282 3700 sar-

709 3734 1044 3791 mentorum,
1073 3728 1163 3797 qui
1212 3728 1265 3782 in
1313 3744 1471 3789 sacro
1507 3730 1626 3800 ejus
1653 3733 1870 3802 tugurio
1909 3742 2048 3800 erat,
2082 3737 2282 3794 ibidem

708 3817 1078 3882 obdormiens,
1105 3821 1361 3890 spiritum
1384 3837 1544 3877 suum
1575 3823 1806 3880 Domino
1833 3826 1888 3880 in
1922 3843 2057 3898 pace
2094 3830 2284 3886 reddi-

712 3907 810 3962 dit.
837 3909 1151 3965 Familiares
1171 3911 1307 3982 ejus,
1342 3913 1434 3984 qui
1459 3928 1488 3968 a
1509 3913 1674 3970 biduo
1697 3915 1847 3972 illum
1875 3932 1986 3973 non
2012 3920 2281 3990 viderant,

711 3997 939 4054 dicunt:
967 3999 1190 4067 Eamus,
1220 4003 1522 4072 videamus,
1561 4021 1693 4061 num
1746 4006 1888 4063 forte
1923 4009 2175 4067 infirmus
2215 4012 2287 4068 sit

712 4089 892 4144 Salus.
925 4089 990 4145 Et
1019 4091 1346 4154 invenerunt
1373 4109 1501 4150 eum
1542 4096 1816 4165 iacentem
1861 4100 2054 4155 subter
2079 4100 2282 4158 fascem

712 4192 1133 4248 sarmentorum,
1163 4193 1457 4240 mortuum.
1493 4185 1632 4243 Tum
1654 4189 1880 4245 dicunt:
1914 4193 1996 4246 An
2017 4194 2128 4264 jam
2162 4209 2287 4251 cre-

713 4274 848 4329 dent
875 4289 1084 4342 omnes,
1113 4277 1260 4346 quod
1288 4279 1487 4334 mentis
1513 4295 1737 4351 compos
1762 4282 1867 4338 iste
1891 4281 2095 4339 fuerit?
2123 4285 2285 4352 Ecce,

713 4365 829 4434 ipsa
869 4366 1032 4421 etiam
1076 4368 1197 4437 ejus
1237 4384 1387 4426 mors
1422 4370 1489 4425 ad
1527 4371 1762 4427 scalmos
1804 4371 1915 4444 (9|)
1951 4385 2055 4431 est.
2089 4378 2155 4432 Et
2178 4379 2287 4436 duo

711 4454 935 4521 quidam
970 4455 1211 4510 tulerunt
1238 4472 1362 4512 eum
1413 4473 1522 4513 non
1564 4459 1759 4526 lotum,
1798 4448 1918 4518 sine
1964 4467 2286 4535 psalmodia,

2388 3297 2610 3352 πάντων
2642 3292 2751 3347 τῶν
2782 3289 3193 3362 προειρημένων
3233 3282 3692 3354 ὲξαιρετώτερον,
3713 3283 3860 3342 ὅστις
3880 3279 3952 3330 nl

2390 3387 2628 3459 σφραγὶς
2676 3384 2771 3438 καὶ
2813 3381 3105 3452 βεϐαίωσις
3146 3379 3246 3448 τῆς
3276 3375 3582 3464 ἀμολὺντου
3612 3371 3791 3464 αὐτου
3827 3371 3953 3423 πολι·

2386 3480 2539 3544 τείας
2565 3477 2920 3546 καθέστηκεν.
2957 3470 3288 3537 Δὶσθόμενος
3325 3465 3434 3537 γάρ
3461 3467 3490 3518 6
3521 3463 3712 3535 μέγας
3737 3463 3835 3532 τὴν
3859 3478 3953 3514 κοι-

2387 3573 2487 3642 νὴν
2515 3569 2686 3641 ὥραν,
2713 3565 3036 3637 βουλόμενος
3074 3558 3206 3630 μηδὲ
3237 3557 3379 3610 κατά
3421 3556 3657 3642 θάνατον
3687 3555 3858 3623 τιμὴν
3878 3554 3954 3604 ἀν-

2389 3640 2668 3733 θρωπείαν
2689 3649 3121 3722 ἀπενέγκασθαι,
3144 3647 3198 3702 τί
3220 3647 3392 3711 ποιεῖς
3417 3640 3700 3733 Εἰσελθὼν
3725 3642 3955 3733 ὑποκάτω

2388 3726 2484 3803 τοῦ
2511 3745 2665 3808 ὄντος
2693 3741 2914 3812 φορτίου
2951 3738 3060 3792 τῶν
3101 3733 3473 3805 κληματιδίων
3507 3733 3568 3784 ὲν
3608 3730 3694 3800 τῷ
3741 3726 3954 3795 mussi,

2390 3837 2555 3893 αὑτοῦ
2583 3834 2664 3905 τῷ
2693 3831 2846 3902 ἱερῷ,
2863 3831 3046 3884 ἐκεῖσε
3075 3825 3374 3918 καθεύδων,
3397 3822 3475 3894 τῷ
3500 3821 3704 3918 lingit,»

2391 3950 2487 3987 κεν
2516 3929 2579 3982 τὺ
2611 3925 2829 3994 πνεῦμα
2857 3925 2915 3976 ὲν
2943 3921 3155 3991 εἰρήνῃ.
3186 3918 3252 3970 Ol
3287 3911 3381 3968 οὖν
3403 3911 3660 3982 συνήθεις
3689 3908 3875 3970 αὑτοῦ,
3896 3908 3954 3969 ὡς

2389 4024 2492 4078 οὐκ
2518 4016 2658 4076 εἶδον
2688 4016 2852 4071 αὐτὸν
2874 4012 2975 4077 τὰς
2999 4011 3095 4065 δύο
3124 4009 3358 4080 ἡμέρας,
3378 4004 3650 4072 λέγουσιν·
3698 4003 3951 4068 ’Δτωμεν,

2391 4117 2613 4185 ἴδωμεν.
2645 4112 2719 4182 μή
2749 4124 2869 4170 πως
2895 4104 3116 4161 ἀσθενεῖ
3141 4103 3171 4156 6
3203 4097 3393 4161 Σαλός,
3457 4096 3569 4149 Καὶ
3612 4089 3780 4164 εὗρον
3818 4092 3952 4145 αὐτὸν

2392 4206 2651 4262 ὑποκάτω
2673 4200 2924 4269 κείμενον
2942 4194 3037 4248 τοῦ
3076 4192 3296 4264 φορτίου
3324 4189 3434 4242 τῶν
3468 4185 3848 4255 κληματιδίων
3881 4200 3949 4235 νι-

2393 4293 2544 4364 κρόν.
2597 4289 2732 4344 Τότε
2781 4287 3066 4354 λέγωσιν·
3122 4278 3273 4352 *Δρα
3325 4279 3393 4333 ἀν
3419 4278 3547 4349 άρτι
3587 4275 3950 4328 πιστεύσωσιν

2393 4385 2632 4446 πάντες,
2661 4381 2746 4433 ὅτι
2767 4376 2900 4448 παρ’
2933 4373 3126 4430 ἑαυτὸν
3166 4367 3236 4442 ἦν
3273 4367 3463 4435 οὓτοςς
3511 4367 3648 4422 Ἰδοὺ
3690 4367 3788 4420 καὶ
3813 4365 3950 4427 αὐτὸς

2392 4478 2422 4530 6
2454 4476 2682 4537 θάνατος
2703 4469 2868 4525 αὐτοῦ
2890 4466 3298 4535 κατάσκαλμος.
3331 4464 3445 4518 Καὶ
3474 4461 3851 4531 βαστάσαντες
3875 4459 3951 4512 αὖ·

714 4546 834 4600 sine
857 4546 1031 4601 cereis
1063 4555 1118 4599 et
1142 4548 1531 4616 odoramentis,
1565 4561 1622 4607 et
1654 4553 1919 4610 abeuntes
1955 4558 2279 4628 sepelierunl

2390 4568 2484 4621 τὸν
2511 4565 2606 4619 δύο
2632 4563 2798 4628 τινες,
2851 4560 3022 4632 χωρὶς
3068 4557 3160 4611 τοῦ
3191 4554 3390 4610 πλῦναι
3433 4553 3624 4618 αὐτὸν,
3661 4552 3759 4604 καὶ
3797 4547 3949 4622 χωρὶς

714 4638 894 4707 ipsum
920 4639 974 4693 in
1003 4639 1213 4694 tumulo
1237 4642 1669 4713 peregrinorum.

783 4837 874 4894 62.
913 4839 1008 4913 His
1038 4851 1244 4906 autem.
1293 4844 1386 4913 qui
1427 4859 1552 4900 eum
1600 4847 1908 4917 portabant.
1950 4860 2007 4905 et
2050 4853 2289 4909 tumula-

713 4931 822 4988 turi
865 4931 1044 5002 ipsum
1088 4934 1354 5000 abierant,
1405 4939 1707 5009 progressis
1744 4940 1812 4996 ad
1850 4956 2024 5012 usque
2063 4944 2286 5002 domum

713 5021 996 5092 cujusdam
1020 5022 1251 5089 Hebraei,
1278 5026 1422 5097 figuli
1449 5029 1735 5094 vitrorum,
1761 5047 1924 5102 quem
1951 5032 2113 5089 Salus
2136 5036 2292 5092 Chri-

716 5113 910 5168 stianis
946 5115 1117 5170 sacris
1147 5119 1477 5188 ascripserat
1499 5161 1514 5184 ,
1541 5121 1694 5178 audit
1716 5124 2012 5192 praedictus
2028 5124 2291 5186 Hebraus

708 5202 1076 5273 psalmodiam
1105 5215 1215 5261 tam
1247 5209 1591 5276 concinnam,
1618 5221 1679 5267 ut
1704 5214 1866 5268 talem
1887 5214 2030 5272 labia
2053 5217 2290 5277 humana

717 5305 940 5352 cantare
985 5313 1094 5352 non
1136 5301 1368 5370 possint,
1409 5311 1465 5357 et
1489 5305 1705 5360 turbam
1755 5316 1982 5373 tantam,
2031 5322 2289 5380 quantam

789 5457 838 5491 ”
868 5455 1076 5527 Ephes.
1113 5476 1164 5522 v,
1196 5475 1272 5514 τι.
1350 5461 1396 5493 ⁸⁵
1431 5457 1573 5513 Psal.
1609 5476 1697 5526 ιι,
1726 5459 1784 5514 2.
1861 5461 1906 5492 “
1937 5461 2075 5517 ibid.

2393 4656 2734 4730 ψαλμῳδίας,
2793 4654 2891 4708 καὶ
2942 4650 3114 4723 χωρὶς
3168 4648 3377 4720 κηρίων
3425 4646 3524 4700 καὶ
3585 4643 3947 4715 θυμιαμάτων,

2390 4749 2721 4810 ἀπελθόντες
2753 4745 2961 4814 ἔθαψαν
2991 4740 3153 4797 αὐτὸν
3183 4743 3266 4803 είς
3301 4740 3363 4792 τὸ
3394 4737 3731 4804 ξενοτάφιον.
4051 4737 4053 4766 ¹

2465 4860 2567 4931 ξβκ
2615 4857 2705 4922 ἀς
2735 4853 2829 4912 οὖν
2866 4854 3178 4925 ἀπήρχοντο
3215 4851 3307 4905 διά
3341 4851 3494 4904 οἴκου
3543 4848 3690 4911 τινος
3739 4846 3847 4902 ἀῶ
3874 4845 3947 4899 Ἕ-

2393 4952 2603 5024 σραίων
2625 4947 2877 5020 amona,
2926 4948 3094 5016 όνπερ
3119 4943 3280 5007 αὐτὸς
3331 4942 3592 5011 εποίησεν
3619 4936 3943 5010 Χριστιανὸν,

2389 5045 2467 5108 ὡς
2497 5042 2760 5112 ἀνωτέρω
2784 5039 3112 5109 εἰρήκαμεν.
3149 5035 3200 5088 ol
3227 5033 3417 5087 τοῦτον
3445 5030 3827 5101 βαστάζοντες,
3867 5029 3943 5083 καὶ

2391 5135 2739 5207 ιξερχόμιενοι
2789 5130 2960 5201 θάψαι
3011 5127 3198 5190 αὑτὸν,
3245 5124 3436 5180 ἀκούει
3464 5126 3495 5178 6
3541 5122 3827 5193 είρημένος
3853 5121 3942 5176 ἀπὸ

2403 5227 2674 5298 Ἑϐραίων
2697 5221 3042 5296 ψαλμῳδίας,
3091 5213 3202 5272 οἷον
3237 5215 3400 5288 μέλος
3433 5215 3506 5268 οὐ
3543 5213 3766 5267 δύναται
3789 5211 3940 5282 ψᾶλαι

2394 5322 2571 5392 χεῖλος
2591 5316 2919 5389 ἀνθρώπων,
2948 5313 3045 5368 καὶ
3072 5310 3279 5382 πλῆθος
3305 5309 3336 5363 6
3375 5309 3438 5362 οὗ
3470 5305 3694 5361 δύναται
3736 5305 3937 5372 caudis:

2227 5556 2464 5616 NOTAE.

791 5666 1127 5742 (micuere
1165 5669 1422 5742 σκαὶμός,
1450 5671 1706 5742 paxillus,
1764 5673 1879 5726 sive
1908 5682 2041 5727 teres
2066 5674 2283 5742 lignum,

720 5739 804 5791 cui
831 5738 1090 5813 gliigatur
1114 5755 1303 5792 remus.
1322 5739 1623 5813 ’θοι-ἰδοίατ-
1653 5757 1682 5796 a
1714 5744 1946 5813 σκάλλω,
1974 5738 2132 5812 fodio]
2155 5745 2284 5813 quia

721 5808 951 5877 paxillus
998 5823 1130 5862 εειγο
1182 5810 1334 5878 quasi
1389 5810 1669 5866 infoditur.
1718 5812 1853 5869 llinc
1911 5808 2083 5868 facilis
2137 5808 2284 5871 notio

2391 5676 2543 5800 voci:
2579 5676 3111 5764 κατάσκαλμοςψτο
3155 5688 3260 5742 qua
3313 5670 3454 5727 forte
3500 5671 3780 5744 legendum
3818 5672 3930 5725 κατὰ

2393 5763 2498 5800 σκα
2537 5764 2692 5800 μους.

2393 5763 2692 5818 σκαλμους.
