4118 6432
155 339 320 402 1745

1504 360 1684 422 νιΤΑ
1718 360 1782 424 S.
1815 362 2216 435 SYMEONIS.

3373 362 3513 431 1746

137 445 326 555 πᾶσα
353 449 394 521 ή
425 451 545 509 άνθ
557 463 846 534 ρωπότης.
885 464 1213 535 Ἐκπλαγιὶς
1239 463 1342 522 οὖν.
1369 468 1579 532 ικιῐνος
1611 470 1706 525 ἰπὶ
1732 469 1805 544 τῷ

1916 475 2219 534 humanum
2260 494 2434 552 genus
2478 495 2813 555 congregare
2852 492 3111 554 nequeat.
3160 483 3360 543 Verum
3407 489 3500 546 ille
3535 515 3540 521 -

143 542 424 633 συντόνῳ
471 553 584 604 καὶ
615 557 982 629 παναρμονίῳ
1009 559 1109 628 τῆς
1137 560 1440 631 άγγελικῆς
1481 542 1810 633 ὴδυμιλειαε

138 632 302 706 ἤχῳ.
342 645 748 713 παρακύπτει
783 652 876 705 καὶ
925 652 1124 723 θεωρεῖ
1149 651 1242 706 τὸν
1289 653 1440 708 ὅσιον
1480 632 1812 726 προκομιξό-

143 741 337 794 μενον
366 731 498 788 ὑπὸ
523 735 642 793 δύο
670 741 766 795 καὶ
800 741 964 812 μόνον
992 743 1103 797 τῶν
1136 743 1519 816 βασταζόντων
1544 747 1714 802 αὐτοῦ
1747 747 1810 801 τὸ

136 817 353 890 τίμιον
379 824 599 897 σῶμα.
639 832 773 887 Τότε
796 830 951 889 εἶπεν
981 837 1192 901 ἐκεῖνος
1220 837 1249 891 6
1270 837 1464 892 τούτου
1496 839 1590 893 τοῦ
1634 841 1808 912 άορά-

135 927 253 965 του
296 916 534 986 μέλους
564 925 833 990 ἀκούσας’
863 928 1150 1000 Μακάριος
1168 925 1241 992 εἴ,
1263 930 1423 995 Σαλέ,
1452 932 1535 985 ὃτι
1567 934 1642 1003 μὴ
1669 932 1811 1003 ἔχων

139 1003 530 1078 ἀνθρώπους
561 1015 877 1086 ψάλλοντάς
911 1037 1015 1087 σοι,
1051 1022 1198 1090 ῑχεις
1228 1022 1515 1093 οὐρανίους
1551 1023 1811 1095 δυνάμεις

141 1096 211 1148 ἐν
242 1095 474 1166 ὕμνοις
519 1106 786 1177 τιμώσας
817 1125 877 1162 σε
896 1126 911 1140 ·
958 1111 1054 1164 καὶ
1077 1110 1279 1174 εὐθέως
1313 1110 1614 1177 κατελθὼν,
1652 1113 1811 1177 ίδίαις

143 1189 372 1261 χερσὶν
408 1195 611 1252 αὐτὸν
647 1199 874 1269 ἔθαψεν.
909 1201 1022 1255 Καὶ
1042 1203 1165 1255 τότε
1189 1204 1258 1257 τά
1287 1204 1624 1258 άκουσθίντα
1659 1206 1810 1278 αὐτῷ

143 1281 410 1350 ᾅσματα
442 1287 578 1343 τῶν
608 1293 940 1362 ἀσωμάτων,
976 1295 1142 1348 πᾶσιν
1169 1294 1498 1365 ἐξηγήσατο.
1538 1297 1810 1351 Ἤκουσεν

143 1366 256 1424 οὖν
283 1373 476 1430 τοῦτο
513 1382 621 1434 καὶ
649 1383 678 1435 6
704 1380 866 1452 κῦρις
887 1382 1145 1456 Ἰωάννης
1169 1387 1199 1438 6
1224 1385 1494 1452 διάκονος,
1522 1389 1618 1441 καὶ
1640 1383 1809 1458 ἦλθεν

145 1464 480 1535 δρομαίως
539 1471 690 1542 μετά
725 1474 819 1527 καὶ
872 1474 1052 1530 ἄλλων
1087 1475 1297 1530 πολλῶν
1355 1478 1439 1542 εἰς
1477 1477 1572 1532 τὸν
1619 1479 1808 1544 τόπον,

147 1556 308 1611 ὅπου
343 1562 583 1635 ἐτάφη,
628 1565 953 1635 βουλόμενος
988 1565 1280 1622 ἀνελέσθαι
1326 1568 1388 1622 τὸ
1416 1569 1600 1642 τίμιον
1641 1571 1807 1626 αὐτοῦ

151 1648 456 1718 λείψανον
491 1656 598 1707 ἐπὶ
625 1656 685 1709 τὸ
731 1657 969 1727 ἐντίμως
1019 1658 1185 1712 αὐτὸν
1240 1657 1526 1729 κηδεῦσαι.
1573 1661 1664 1725 Ὠς
1713 1657 1809 1716 οῦν

1911 567 2200 636 perculsus
2224 569 2479 627 ordinato
2501 587 2567 628 ac
2594 572 2868 629 concinna
2910 575 3171 647 angelicae
3198 577 3501 636 harmonia

1908 672 2066 723 sono,
2092 659 2389 716 incurvans
2413 677 2495 726 se,
2545 662 2700 719 videt
2740 665 2920 720 virum
2966 675 3218 723 sanctum
3255 669 3438 725 eﬂerri
3467 686 3504 725 ε

1909 745 2127 803 duobus
2162 748 2445 818 duntaxat,
2469 752 2562 822 qui
2593 754 2910 810 venerabile
2928 755 3050 826 ejus
3076 772 3279 828 corpus
3306 767 3506 831 porta:

1909 837 2062 894 bant.
2095 838 2250 896 Tunc
2269 842 2406 898 dixit
2429 844 2541 908 ille,
2584 844 2679 914 qui
2702 845 2807 902 hoc
2835 862 2949 902 non
2985 849 3289 918 spectabile
3323 851 3500 908 melos

1909 926 2188 983 audierat:
2219 927 2412 986 Beatus
2432 947 2514 998 es,
2556 930 2701 997 Sale,
2740 933 2892 1003 quia,
2932 934 3026 1005 qui
3066 951 3179 991 non
3200 936 3373 993 habes
3393 938 3507 994 ho-

1910 1017 2107 1084 mines,
2139 1021 2231 1090 qui
2278 1021 2377 1077 tibi
2423 1024 2679 1094 psallam,
2728 1025 2902 1082 babes
2946 1027 3206 1083 cmlestes-
3243 1029 3494 1099 virtutes,

1911 1107 2129 1178 hymnis
2172 1118 2226 1166 te
2273 1111 2628 1178 honorantes,
2680 1123 2735 1170 et
2781 1130 2912 1172 mox
2961 1116 3322 1182 descendens,
3371 1135 3500 1177 eum

1909 1202 2025 1257 suis
2049 1203 2304 1261 manibus
2330 1208 2606 1276 sepelivit.
2637 1208 2704 1264 Et
2739 1217 2872 1266 tunc
2910 1211 3096 1268 audita
3127 1228 3160 1268 a
3201 1227 3262 1268 se
3286 1213 3499 1272 cantica

1909 1295 2247 1365 angelorum,
2281 1298 2537 1355 omnibus
2583 1302 2853 1357 narravit.
2908 1303 3136 1359 Audiﬁt
3183 1305 3349 1361 etiam
3392 1307 3500 1364 hoc

1909 1384 2165 1443 dominus
2211 1387 2454 1445 Joannes
2503 1391 2788 1458 diaconus,
2845 1403 2902 1450 et
2940 1395 3217 1452 curriculo
3259 1399 3500 1455 accurrit

1909 1490 2034 1532 cum
2059 1477 2244 1534 multis
2267 1478 2388 1534 aliis
2414 1480 2482 1535 ad
2504 1481 2709 1547 locum,
2747 1483 2840 1540 ubi
2871 1487 3121 1556 sepultus
3142 1496 3280 1552 erat,
3302 1489 3498 1545 volens

1911 1565 2100 1623 tollere
2122 1568 2423 1637 pretiosum
2443 1571 2562 1641 ejus
2593 1587 2817 1642 corpus,
2853 1583 2913 1629 ut
2943 1576 3246 1633 honoriﬁce
3279 1578 3330 1633 ei
3350 1579 3499 1648 justa

1907 1657 2264 1726 persolveret.
2312 1659 2520 1730 Aperte
2548 1663 2732 1734 itaque
2776 1666 3049 1735 sepulcro,
3085 1668 3224 1724 illud
3269 1685 3380 1725 non
3411 1669 3500 1726 in-

151 1742 415 1812 ήνοιξαν
467 1747 578 1801 τὸν
610 1751 800 1820 τάφον,
847 1753 944 1822 οὐχ
975 1745 1136 1823 εὗρον
1181 1752 1334 1806 αύτόο
1369 1754 1673 1824 μετέθηκεν
1698 1755 1805 1826 γὰρ

1910 1747 2098 1812 venit;
2125 1764 2251 1804 nam
2275 1749 2558 1813 Dominus.
2592 1753 2684 1824 qui
2722 1770 2847 1811 eum
2873 1756 3234 1827 glorificabat,
3258 1767 3500 1816 transtu-

155 1836 350 1889 αὐτὸν
387 1839 646 1906 δοξάσας
697 1845 726 1897 6
766 1842 991 1914 Κύριος.
1044 1844 1180 1898 Τότε
1237 1843 1476 1910 ἅπαντες
1524 1845 1714 1918 ὥσπερ
1745 1847 1805 1916 ἐξ

1911 1838 2067 1894 lerat.
2109 1838 2266 1898 Tunc
2315 1858 2510 1900 omnes
2571 1847 2744 1902 veluti
2778 1863 2810 1903 e
2855 1863 3050 1904 somno
3100 1851 3323 1907 excitati
3349 1861 3497 1920 sunt,

159 1928 362 1984 ῦπνου
399 1933 723 2004 ἁνένηψαν.
757 1937 851 1990 καὶ
874 1935 1169 2005 ἐξηγοῦντο
1197 1937 1453 2004 άλλήλοις
1481 1939 1581 1991 ὅσα
1608 1940 1801 2012 ἐποίη-

1911 1939 1968 1985 et
2003 1931 2300 1987 narrabant
2331 1933 2477 1988 inter
2526 1950 2604 2002 se,
2649 1939 3238 2011 quamam-unicuique
3281 1942 3501 2000 fecisset

162 2039 271 2076 σεν
305 2025 404 2077 ἐνὶ
431 2026 666 2097 ἐκὰστῳ
687 2027 986 2100 θαυμάσια,
1010 2031 1105 2085 καὶ
1132 2030 1214 2085 ὅτι
1237 2029 1327 2085 διὰ
1355 2030 1446 2085 τὸν
1465 2031 1601 2086 Θεὸν
1633 2047 1805 2102 προσ-

1909 2020 2194 2091 miracula,
2225 2032 2282 2080 et
2318 2025 2466 2095 quod
2504 2038 2729 2100 propter
2759 2029 2932 2087 Deum
2985 2031 3241 2090 ﬁnxisset
3263 2050 3331 2092 se
3359 2036 3503 2093 stul-

161 2119 446 2170 εποιεῖτο
483 2119 585 2172 τὸν
608 2119 790 2174 σαλόν.

1910 2119 2050 2168 tum.

1649 2395 1896 2452 EPILOG
1907 2393 2018 2452 US.

260 2567 374 2639 εγ.
417 2564 601 2636 Οὗτος
628 2572 792 2644 όβίος
817 2574 911 2630 καὶ
959 2574 994 2648 ή
1037 2574 1308 2643 πολιτεία,
1341 2569 1387 2632 ὦ
1431 2576 1792 2649 φιλόχριστοι,

173 2662 284 2715 τοῦ
319 2662 648 2733 θαυμασίου
687 2667 881 2720 τούτου
935 2667 1184 2737 Συμεών.
1240 2663 1413 2724 Abeat
1447 2672 1503 2723 αἱ
1531 2669 1698 2723 αὑτοῦ
1733 2671 1798 2722 ἐκ

180 2754 424 2806 πολλῶν
484 2756 662 2824 ὀλίγαι
715 2758 1068 2827 συλλεγεῖσαι
1107 2761 1323 2830 άρεταί.
1371 2757 1544 2826 Οῦτος
1575 2763 1742 2817 αὐτοῦ
1770 2766 1799 2818 6

182 2847 459 2915 κρυπτὸς
483 2848 652 2909 ὅντως
686 2849 780 2903 καὶ
807 2850 1057 2918 οὐράνιος
1098 2852 1320 2924 δρόμος,
1377 2855 1407 2906 6
1459 2854 1651 2925 μηδενὶ
1698 2855 1799 2925 μὲν

184 2935 516 3007 ὁρώμενος,
576 2941 742 2994 πᾶσιν
788 2940 844 2995 δέ
883 2941 1142 3012 ἐξαίφνης
1186 2943 1429 3014 εὑρεθεὶς
1474 2943 1802 3014 κατάδηλος.

188 3022 380 3091 Οῦτος
417 3032 450 3084 6
475 3030 597 3092 νέος
623 3029 768 3095 Λὼτ,
800 3032 989 3102 ὥσπερ
1008 3033 1066 3084 ἐν
1094 3033 1347 3102 Σοδόμοις
1374 3035 1600 3100 ἐκεῖνος,
1633 3033 1806 3097 οὕτως

191 3121 256 3172 ἐν
296 3121 384 3191 τῷ
423 3122 622 3193 κόσμῳ
657 3116 812 3186 οῦτος
865 3125 1089 3192 ἀφανῶς
1134 3123 1404 3180 ὑπελθών.
1463 3127 1572 3179 Καὶ
1597 3126 1664 3179 τὰ
1705 3125 1805 3193 μὲν

197 3210 515 3274 θαυμαστά
553 3212 743 3278 αὑτοῦ,
783 3215 876 3268 καὶ
917 3214 1277 3286 πολυύμνητα
1309 3214 1540 3278 ἔπαθλα,
1571 3215 1715 3270 κατά
1737 3231 1801 3282 γε

194 3305 262 3356 τὸ
304 3306 447 3375 ἡμῖν
480 3308 595 3368 τοῖς
623 3306 931 3376 οὐδαμινοῖς
957 3306 1259 3378 ἐγχωροῦν,
1303 3310 1488 3378 γραφῇ
1527 3306 1802 3378 παραδοῦ-

200 3413 296 3449 ναι
327 3397 777 3467 ἐσπουδάκαμεν,
829 3399 879 3451 εί
921 3399 1016 3450 καὶ
1071 3398 1268 3467 ἐτέραν
1318 3398 1426 3468 πρὸ
1471 3398 1676 3469 ταύτης
1711 3395 1803 3450 διά

203 3488 519 3558 συντομίας
579 3489 1004 3559 πεποιήκαμεν,
1056 3487 1145 3541 διὰ
1176 3488 1238 3541 τὸ
1291 3489 1458 3558 μήπω
1495 3487 1671 3542 ἐλθεῖν
1723 3489 1804 3551 είς

203 3578 502 3651 ἡμετέραν
532 3578 755 3646 γνῶσιν,
801 3578 900 3647 τήν
930 3577 1330 3648 λεπτομέρειαν
1361 3577 1456 3630 τοῦ
1495 3576 1802 3647 θαυμασίου

203 3667 414 3722 τούτου
440 3668 799 3739 διηγήματος.
830 3667 905 3721 Τὸ
930 3666 989 3722 δὲ
1012 3666 1199 3721 τοῦτον
1225 3666 1522 3738 ἐγκωμίοις
1545 3668 1802 3738 τιμῆσαι,

206 3760 272 3814 οὐ
299 3761 407 3829 τῆς
439 3760 716 3832 ήμετέρας
742 3756 999 3828 γνώσεως
1030 3759 1390 3830 καθέστηκεν,
1413 3760 1528 3813 ἀλλ’
1555 3759 1803 3824 ἐκείνων,

206 3844 294 3915 οἷς
327 3851 565 3919 δύναμις
589 3851 871 3922 πρόσεστι,
912 3851 1008 3906 καὶ
1032 3852 1099 3920 τῇ
1129 3850 1320 3904 τούτου
1356 3853 1524 3920 ἀρετῇ
1566 3850 1802 3920 ἁμιλλᾶ-

214 3942 372 3996 σθαι.
425 3944 585 4005 Ποῖος
638 3942 748 4012 γάρ
780 3941 942 4010 λόγος
995 3942 1340 3996 ἐπαινέσειεν
1366 3943 1458 3996 τὸν
1483 3943 1623 4014 ὑπὲρ
1647 3942 1806 4011 λόγον

210 4034 544 4104 τιμηθέντα²
586 4034 620 4104 ή
644 4034 764 4094 πῶς
786 4035 1019 4104 σάρκινα
1041 4033 1197 4106 χείλη
1229 4035 1320 4090 τὸν
1351 4037 1410 4090 ἐν
1438 4035 1602 4106 σαρκὶ⁵
1634 4034 1806 4107 ἄσαρ-

214 4144 316 4182 κον
344 4127 718 4196 ἀναφανέντας
754 4125 881 4190 Πῶς
913 4126 972 4179 δέ
1007 4127 1169 4195 σοφία
1214 4125 1468 4197 γλώσσης
1502 4126 1595 4180 τὸν
1622 4127 1806 4180 πᾶσαν

215 4218 413 4289 σοφίαν
447 4221 543 4272 καὶ
571 4218 834 4290 φρόνησιν
859 4220 928 4288 τῇ
966 4217 1107 4271 κατά
1142 4216 1276 4272 Θεὸν
1323 4217 1509 4290 μωρίᾳ
1538 4216 1804 4287 ἐξαφανί-

218 4325 429 4376 σαντα;
465 4310 672 4373 Ὄντως
712 4307 1001 4380 ἄνθρωτως
1031 4309 1114 4374 είς
1159 4309 1476 4381 πρόσω-πονε
1523 4308 1554 4362 6
1582 4308 1640 4363 δέ
1670 4307 1805 4373 Θεὸς

217 4401 302 4465 είς
326 4401 572 4463 καρδίαν.
607 4401 817 4464 Ὄντως
841 4400 941 4471 οὐχ
967 4394 1143 4465 οῦτως
1162 4399 1354 4471 ὄψεται
1388 4399 1699 4472 ἄνθρωπος.
1727 4400 1806 4464 ὡς

217 4492 410 4562 ὸψεται
444 4493 666 4564 Κύριος.
702 4493 912 4556 Ὄντως
957 4491 1134 4555 οὐδεὶς
1161 4492 1422 4559 γινώσκει
1463 4492 1538 4546 τὰ
1580 4490 1677 4546 τοῦ
1705 4492 1803 4545 άν-

219 4580 466 4654 θρὼπου,
499 4586 546 4638 εί
576 4585 652 4655 μή
678 4583 742 4638 τὸ
769 4583 988 4655 πνεῦμα
1007 4583 1104 4638 τοῦ
1137 4583 1449 4655 άνθρὼπου.
1486 4584 1694 4648 Ὄντως
1727 4583 1804 4656 μὴ

1828 3353 1871 3408 C

1973 2572 2066 2629 63.
2107 2571 2233 2628 Haec
2255 2570 2367 2628 vita
2403 2579 2564 2627 estet
2590 2567 2957 2642 conversatio,
3004 2585 3253 2634 amantes
3285 2576 3497 2636 Christi

1904 2665 2124 2728 animas,
2171 2662 2435 2718 mirabilis
2482 2663 2647 2733 hujus
2681 2663 2990 2736 Symeonis.
3034 2667 3130 2724 lla:
3157 2685 3347 2739 paucae
3371 2679 3501 2727 sunt

1905 2756 2048 2825 ejus,
2072 2770 2104 2810 e
2135 2753 2323 2809 multis
2351 2753 2595 2810 collecta:
2622 2756 2876 2812 virtutes.
2921 2756 3021 2814 Hic
3055 2758 3233 2829 ipsius
3261 2772 3343 2816 est
3372 2777 3501 2818 vero

1906 2847 2154 2903 occultus
2189 2862 2256 2902 ac
2290 2846 2532 2903 cmlestis
2555 2863 2772 2913 cursus,
2793 2850 2886 2919 qui
2918 2865 2948 2905 a
2977 2851 3129 2906 nullo
3151 2852 3373 2922 quidem
3418 2853 3503 2908 vi-

1907 2939 2162 3001 debetur.
2205 2938 2303 2994 sed
2331 2940 2588 2995 omnibus
2611 2950 2838 3010 repente
2875 2942 3202 2999 manifestus
3234 2944 3499 3000 innotuit.

1909 3028 2099 3082 Novus
2121 3027 2212 3082 hic
2240 3025 2362 3088 Lot.
2387 3029 2501 3098 qui,
2538 3029 2683 3084 sicut
2723 3029 2813 3084 hic
2844 3028 3160 3096 Sodomam,
3194 3032 3276 3087 sic
3307 3033 3394 3089 ille
3444 3034 3502 3089 in

1909 3117 2177 3172 mundum
2217 3118 2357 3172 clam
2390 3118 2670 3189 ingressus
2703 3129 2811 3174 est.
2852 3121 2932 3175 Ac
2965 3121 3234 3177 mirabilia
3266 3124 3408 3192 ejus,
3447 3134 3504 3180 et

1908 3208 2338 3264 celebratissima
2387 3209 2724 3276 certamina,
2785 3212 2962 3280 quoad
3022 3227 3120 3281 per
3181 3218 3502 3269 tenuitatem
3618 3233 3622 3236 ·

1909 3305 2150 3351 nostram
2180 3296 2354 3360 licuit,
2381 3297 2581 3353 litteris
2618 3300 2880 3355 mandare
2930 3302 3278 3357 studuimus:
3329 3305 3501 3374 siqui-

1902 3388 2025 3442 dem
2055 3398 2181 3443 ante
2210 3389 2352 3444 hanc
2379 3388 2590 3461 [vitam]
2631 3391 2794 3445 aliam
2857 3394 3186 3462 compendio
3260 3398 3502 3454 conscri-

1905 3480 2140 3550 psimus.
2176 3491 2431 3551 proterea
2477 3482 2622 3551 quod
2666 3482 2904 3537 necdum
2936 3483 3104 3540 nobis
3147 3485 3504 3543 inuotuerant

1904 3572 2220 3643 singulatim
2259 3573 2446 3642 apices
2487 3587 2681 3627 omnes
2728 3575 2894 3644 hujus
2927 3576 3195 3632 mirabilis
3239 3579 3504 3634 narratio-

1904 3661 2008 3718 nis.
2038 3661 2174 3717 Eum
2199 3678 2332 3717 vero
2353 3664 2641 3733 praeconiis
2661 3664 2963 3728 celebrare.
2989 3682 3101 3722 non
3127 3677 3211 3723 est
3235 3668 3289 3722 in
3315 3679 3501 3726 nostra

1905 3754 2135 3811 scientia
2169 3753 2356 3819 situm,
2402 3755 2498 3812 sed
2545 3771 2760 3822 eorum,
2795 3759 2997 3828 quibus
3043 3759 3275 3816 facultas
3309 3761 3493 3828 adest,

1906 3855 1969 3902 ut
1998 3847 2230 3903 dicendo
2251 3848 2510 3904 virtutem
2546 3850 2667 3919 ejus
2687 3859 3001 3922 exequent.
3023 3851 3289 3919 Quaenam
3313 3863 3502 3911 autem

1906 3937 2144 3993 laudarit
2177 3938 2329 3993 illum
2368 3940 2568 4006 oratio,
2617 3941 2712 4012 qui
2756 3943 2909 3997 omni
2944 3944 3194 4000 oratione
3231 3945 3394 4002 altius
3414 3955 3501 4003 est

1907 4031 2169 4087 evectus?
2183 4030 2296 4086 Aut
2313 4034 2588 4100 quomodo
2617 4033 2771 4089 illum
2797 4033 3070 4090 laudarint
3099 4034 3256 4092 labra
3277 4053 3497 4104 carnea,

1905 4121 1999 4194 qui
2032 4121 2089 4177 in
2121 4137 2288 4178 carne
2311 4123 2497 4178 carnis
2520 4137 2717 4196 expers
2760 4125 3048 4196 apparuit?
3084 4127 3372 4193 Quomodo
3399 4127 3510 4182 lin»-

1906 4230 2026 4287 guaa
2046 4213 2312 4284 sapientia
2345 4215 2660 4285 pradicarit
2683 4216 2863 4282 illum,
2907 4217 3001 4287 qui
3029 4233 3250 4273 omnem
3284 4218 3502 4289 sapien-

1907 4306 2037 4363 tiam
2057 4321 2122 4362 ac
2159 4307 2507 4377 prudentiam
2528 4307 2784 4363 aﬂ‘ectata
2805 4318 3034 4380 propter
3059 4309 3226 4365 Deum
3269 4311 3501 4368 stultitia

1907 4398 2232 4470 superavit?
2260 4397 2400 4455 Vere
2439 4399 2495 4454 in
2532 4397 2730 4456 faciem
2776 4398 3058 4474 [respicit]
3102 4400 3300 4464 homo;
3352 4402 3500 4458 Deus

1906 4499 2089 4547 autem
2127 4490 2196 4546 ad
2240 4506 2354 4546 cor.
2395 4487 2538 4545 Vere
2577 4504 2692 4544 non
2736 4489 2882 4546 sicut
2924 4490 3133 4545 videbit
3182 4489 3367 4554 homo,
3424 4490 3504 4546 sic

1906 4581 2113 4638 videbit
2159 4581 2448 4637 Dominus.
2487 4581 2626 4636 Vere
2671 4596 2834 4636 nemo
2864 4580 3037 4647 novit,
3084 4597 3208 4651 quae
3240 4589 3370 4636 sunt
3403 4581 3509 4636 ho-

221 4678 331 4743 πρὸ
368 4676 563 4747 καιροῦ
601 4693 728 4732 τινα
758 4677 1059 4748 κρίνωμεν,
1122 4669 1170 4730 ὣ
1195 4674 1556 4747 φιλόχριστοι,
1596 4675 1704 4738 ῑως
1733 4675 1802 4730 ἃν

1908 4673 2091 4739 minis,
2122 4673 2232 4730 nisi
2258 4672 2483 4744 spiritus
2524 4671 2784 4728 hominis.
2825 4669 2971 4726 Vere
3018 4686 3088 4726 ne
3121 4679 3251 4726 ante
3288 4679 3506 4740 tempus

220 4767 352 4840 ἔλθῃ
375 4770 405 4822 6
439 4769 665 4840 Κύριος,
719 4768 782 4832 ὸς
819 4768 915 4822 καὶΙ
960 4768 1188 4837 φωτίσει
1222 4767 1420 4822 πάντα.
1460 4765 1559 4829 Τίς
1589 4766 1801 4836 ἔλεγεν,

1905 4765 2140 4836 aliquem
2172 4765 2505 4835 iudicemus,
2531 4779 2565 4818 ο
2597 4771 2846 4818 amantes
2869 4762 3074 4819 Christi
3093 4762 3507 4825 animaa.donec

222 4862 579 4932 φιὶόχριστοι,
611 4860 702 4913 τὸν
739 4858 946 4914 Ἰούδαν
970 4859 1109 4930 μετὰ
1133 4858 1243 4912 τῶν
1269 4858 1528 4930 μαθητῶν
1548 4858 1805 4926 διάγοντα

1907 4858 2120 4914 venerit
2148 4857 2433 4922 Dominus,
2457 4858 2550 4927 qui
2573 4857 2759 4912 omnia
2793 4855 3144 4911 illuminabit.
3179 4854 3314 4921 Quis
3335 4853 3507 4910 dixis-

223 4951 573 5022 σωματικῶς,
616 4950 757 5021 μετὰ
783 4950 840 5003 δὲ
871 4949 979 5004 τῶν
1005 4950 1276 5004 Ἰουδαίων
1310 4946 1627 5020 ὑπάρχοντα
1665 4964 1806 5019 καρ-

222 5041 452 5107 διακῶςς
485 5042 583 5106 Τίς
627 5045 685 5096 ἐν
733 5042 948 5114 Ἱεριχὼ
983 5043 1085 5113 τὴν
1141 5041 1311 5095 Ῥαὰϐ
1359 5042 1419 5094 ἐν
1453 5039 1541 5112 τῷ·
1571 5039 1809 5110 πορνείῳ

223 5128 389 5188 οὖσαν
430 5133 673 5203 σώματι,
722 5134 899 5189 ἐδόκει
943 5134 1007 5187 ἐν
1035 5133 1226 5206 Κυρίῳ
1264 5132 1344 5203 τῷ
1369 5131 1678 5203 πνεύματις
1707 5129 1803 5194 Τίς

223 5224 316 5278 τὸν
337 5217 584 5296 Λάζαρον
611 5227 840 5289 ἐκεῖνον.
865 5225 957 5280 τὸν
982 5224 1219 5295 πτωχὸν,
1241 5223 1471 5295 ήλπιζεν
1492 5223 1550 5275 ἐν
1578 5220 1804 5292 τοιαύτῃ

222 5315 566 5388 ταλαιπωρίᾳ
592 5317 701 5371 τῶν
722 5317 897 5370 ἐλκῶν
931 5316 1298 5387 διατρίὸοντα,
1340 5317 1398 5368 ἐν
1440 5312 1668 5386 τοιαύτῃ
1715 5311 1807 5364 εύ-

225 5405 429 5476 ημερίᾳ
461 5407 520 5457 ἐν
548 5405 628 5476 τῷ
651 5406 743 5459 τοῦ
791 5406 1045 5479 ’Δσραὲμ
1073 5407 1259 5476 κόλπῳ
1283 5405 1571 5474 γενέσθαι;

293 5493 385 5558 ξδ’.
414 5492 599 5550 Ταῦτα
629 5496 850 5561 ἰδόντες,
874 5497 1172 5568 ἀγαπητοὶ,
1190 5499 1285 5551 καὶ
1308 5498 1471 5569 ήμεῖς
1494 5496 1806 5566 πεισθῶμεν

224 5584 300 5657 τῷ
328 5587 508 5651 καλῶς
534 5587 960 5657 συμϐουλεύοντι
984 5603 997 5617 ·
1051 5588 1297 5659 Πρόσεχε
1344 5587 1557 5659 σεαυτῷ
1615 5587 1800 5656 μόνον,

1909 4961 2015 5015 set,
2046 4949 2240 5006 ludam
2273 4951 2480 5006 versari
2520 4949 2742 5020 quidem
2784 4963 3015 5020 corpore
3040 4963 3167 5003 cum
3193 4945 3500 5016 discipulis,

1911 5046 2076 5099 corde
2104 5054 2289 5098 autem
2318 5058 2440 5099 esse
2463 5059 2587 5098 cum
2618 5042 2863 5098 Judais?
2890 5039 3026 5107 Quis
3047 5039 3263 5100 Rahab.
3293 5054 3416 5109 qua:
3448 5039 3503 5093 in

1911 5134 2129 5191 Jericho
2177 5148 2408 5204 corpore
2456 5141 2576 5188 erat
2623 5133 2680 5187 in
2743 5132 3070 5203 prostibula,
3136 5129 3506 5186 existimasset

1914 5225 2104 5295 spiritu
2134 5239 2255 5280 esse
2288 5225 2343 5280 in
2383 5225 2658 5280 Domino?
2691 5224 2829 5291 Quis
2861 5230 3157 5293 sperasset,
3181 5220 3499 5278 mendicum

1914 5315 2067 5369 illum
2094 5313 2382 5378 Lazarum,
2405 5314 2460 5369 in
2488 5323 2638 5370 tanta
2667 5315 2914 5370 ulcerum
2946 5312 3166 5367 miseria
3187 5311 3500 5383 degentem,

1915 5406 2158 5464 futurum
2182 5407 2236 5461 in
2266 5407 2391 5462 sinu
2420 5407 2653 5462 Abrahae
2681 5407 2735 5461 in
2769 5413 2919 5460 tanta
2949 5403 3249 5460 felicitate?

1981 5499 2069 5555 64.
2114 5498 2242 5555 llaec
2295 5498 2567 5564 videntes,
2594 5513 2629 5553 ο
2671 5494 2874 5559 dilecti.
2934 5504 2992 5550 et
3033 5509 3136 5549 nos
3179 5492 3500 5548 obediamus

1912 5590 1982 5653 ei,
2015 5589 2108 5660 qui
2157 5598 2306 5646 recte
2337 5589 2615 5644 consulit:
2656 5587 2889 5643 Attende
2933 5586 3032 5641 tibi
3067 5585 3166 5656 ipsi
3209 5584 3409 5648 solum,
3442 5591 3501 5637 et

228 5680 318 5730 καὶ
348 5679 481 5749 μηδὲ
509 5681 624 5742 τοῖς
645 5683 778 5744 σοτς,
817 5680 952 5750 μηδὲ
989 5684 1102 5745 τοῖς
1131 5682 1258 5751 περὶ
1293 5681 1373 5743 σὲ,
1414 5680 1552 5734 ἀλλά
1585 5679 1799 5751 σεαυτῷ

1907 5679 2233 5748 nequetuis.
2269 5694 2448 5750 neque
2481 5693 2604 5748 quae
2643 5687 2773 5732 sunt
2819 5676 2961 5730 circa
2997 5684 3070 5732 te.
3122 5674 3216 5729 sed
3259 5673 3354 5727 tibi
3386 5673 3491 5742 ipsi

231 5771 406 5838 μόνον.
440 5773 582 5826 Διότι
611 5773 839 5836 ἕκαστος
866 5773 926 5826 τὸ
947 5773 1077 5826 ῐδιον
1107 5773 1331 5845 φορτίον
1369 5773 1653 5843 βαστάσει,
1698 5775 1798 5827 καὶΓ

1907 5771 2102 5827 solum.
2149 5769 2295 5836 Quia!
2324 5771 2699 5838 unusquisque
2747 5786 2886 5824 onus
2930 5784 3087 5822 suum
3129 5764 3386 5836 portabit,
3438 5772 3501 5821 et
