  <div class='ocr_page' id='page_1' title='image "/cluster/home/n/w/nwhite01/storage/ocr_20150623/93/hvd.32044052820016/315.png"; bbox 0 0 3922 6190; ppageno 0'>
   <div class='ocr_carea' id='block_1_1' title="bbox 406 346 515 401">
    <p class='ocr_par' dir='ltr' id='par_1_1' title="bbox 406 346 515 401">
     <span class='ocr_line' id='line_1_1' title="bbox 406 346 515 401; baseline -0.037 0"><span class='ocrx_word' id='word_1_1' title='bbox 406 346 515 401; x_wconf 72' lang='grc'><strong>615</strong></span> 
     </span>
    </p>
   </div>
   <div class='ocr_carea' id='block_1_2' title="bbox 864 332 3197 393">
    <p class='ocr_par' dir='ltr' id='par_1_2' title="bbox 864 332 3197 393">
     <span class='ocr_line' id='line_1_2' title="bbox 864 332 3197 393; baseline -0.001 0"><span class='ocrx_word' id='word_1_2' title='bbox 864 336 1065 393; x_wconf 70' lang='grc' dir='ltr'><strong>ΒΕΒᾹΞ</strong></span> <span class='ocrx_word' id='word_1_3' title='bbox 1111 336 1559 391; x_wconf 67' lang='lat' dir='ltr'><strong>VENERABILIS</strong></span> <span class='ocrx_word' id='word_1_4' title='bbox 1598 335 1749 392; x_wconf 87' lang='lat' dir='ltr'><strong>OPP.</strong></span> <span class='ocrx_word' id='word_1_5' title='bbox 1796 336 1973 393; x_wconf 76' lang='lat' dir='ltr'><strong>PARS</strong></span> <span class='ocrx_word' id='word_1_6' title='bbox 2004 335 2068 391; x_wconf 92' lang='lat' dir='ltr'><strong>ll.</strong></span> <span class='ocrx_word' id='word_1_7' title='bbox 2112 334 2308 392; x_wconf 83' lang='lat' dir='ltr'><strong>SECT.</strong></span> <span class='ocrx_word' id='word_1_8' title='bbox 2351 334 2413 388; x_wconf 93' lang='grc'><strong>11.</strong></span> <span class='ocrx_word' id='word_1_9' title='bbox 2464 364 2528 372; x_wconf 95' lang='grc'><strong>-</strong></span> <span class='ocrx_word' id='word_1_10' title='bbox 2562 332 2758 387; x_wconf 69' lang='grc' dir='ltr'>ιιιιιιιΑ</span> <span class='ocrx_word' id='word_1_11' title='bbox 2806 334 2890 389; x_wconf 82' lang='grc' dir='ltr'><strong>ΕΤ</strong></span> <span class='ocrx_word' id='word_1_12' title='bbox 2931 336 3197 393; x_wconf 75' lang='lat' dir='ltr'><strong>SPURIA.</strong></span> 
     </span>
    </p>
   </div>
   <div class='ocr_carea' id='block_1_3' title="bbox 3560 344 3665 400">
    <p class='ocr_par' dir='ltr' id='par_1_3' title="bbox 3560 344 3665 400">
     <span class='ocr_line' id='line_1_3' title="bbox 3560 344 3665 400; baseline 0 -1"><span class='ocrx_word' id='word_1_13' title='bbox 3560 344 3665 400; x_wconf 70' lang='lat'><strong>618</strong></span> 
     </span>
    </p>
   </div>
   <div class='ocr_carea' id='block_1_4' title="bbox 407 446 3664 521">
    <p class='ocr_par' dir='ltr' id='par_1_4' title="bbox 407 446 3664 521">
     <span class='ocr_line' id='line_1_4' title="bbox 407 446 3664 521; baseline 0 -6"><span class='ocrx_word' id='word_1_14' title='bbox 407 462 672 515; x_wconf 86' lang='lat' dir='ltr'><strong>litantium</strong></span> <span class='ocrx_word' id='word_1_15' title='bbox 699 465 839 516; x_wconf 81' lang='lat' dir='ltr'><strong>sunt,</strong></span> <span class='ocrx_word' id='word_1_16' title='bbox 872 468 989 521; x_wconf 70' lang='lat' dir='ltr'><strong>quae</strong></span> <span class='ocrx_word' id='word_1_17' title='bbox 1019 454 1080 505; x_wconf 88' lang='lat' dir='ltr'><strong>ad</strong></span> <span class='ocrx_word' id='word_1_18' title='bbox 1115 464 1321 520; x_wconf 90' lang='lat' dir='ltr'><strong>tempus</strong></span> <span class='ocrx_word' id='word_1_19' title='bbox 1352 450 1750 514; x_wconf 79' lang='lat' dir='ltr'><strong>inliabitatttitr;</strong></span> <span class='ocrx_word' id='word_1_20' title='bbox 1784 462 1836 506; x_wconf 87' lang='lat' dir='ltr'><strong>et</strong></span> <span class='ocrx_word' id='word_1_21' title='bbox 1860 452 1981 506; x_wconf 83' lang='lat' dir='ltr'><strong>ideo</strong></span> <span class='ocrx_word' id='word_1_22' title='bbox 2014 460 2054 513; x_wconf 80' lang='grc' dir='ltr'><strong>Α</strong></span> <span class='ocrx_word' id='word_1_23' title='bbox 2092 448 2252 521; x_wconf 70' lang='lat' dir='ltr'><strong>pellat</strong></span> <span class='ocrx_word' id='word_1_24' title='bbox 2287 464 2383 521; x_wconf 89' lang='lat' dir='ltr'><strong>pro</strong></span> <span class='ocrx_word' id='word_1_25' title='bbox 2437 448 2609 500; x_wconf 92' lang='lat' dir='ltr'><strong>nobis.</strong></span> <span class='ocrx_word' id='word_1_26' title='bbox 2661 446 2813 521; x_wconf 62' lang='lat' dir='ltr'><strong>[inde</strong></span> <span class='ocrx_word' id='word_1_27' title='bbox 2857 449 3302 521; x_wconf 17' lang='lat' dir='ltr'><strong>dicitiApostolus</strong></span> <span class='ocrx_word' id='word_1_28' title='bbox 3332 471 3342 504; x_wconf 95' lang='lat'>:</span> <span class='ocrx_word' id='word_1_29' title='bbox 3380 452 3501 507; x_wconf 85' lang='lat' dir='ltr'><strong>Vita</strong></span> <span class='ocrx_word' id='word_1_30' title='bbox 3547 473 3664 514; x_wconf 74' lang='lat' dir='ltr'><strong>vero</strong></span> 
     </span>
    </p>
   </div>
   <div class='ocr_carea' id='block_1_5' title="bbox 406 522 1977 595">
    <p class='ocr_par' dir='ltr' id='par_1_5' title="bbox 406 522 1977 595">
     <span class='ocr_line' id='line_1_5' title="bbox 406 522 1977 595; baseline -0.007 -9"><span class='ocrx_word' id='word_1_31' title='bbox 406 540 552 586; x_wconf 80' lang='lat' dir='ltr'><strong>recte.</strong></span> <span class='ocrx_word' id='word_1_32' title='bbox 590 542 682 595; x_wconf 86' lang='lat' dir='ltr'><strong>per</strong></span> <span class='ocrx_word' id='word_1_33' title='bbox 717 525 931 577; x_wconf 88' lang='lat' dir='ltr'><strong>domum</strong></span> <span class='ocrx_word' id='word_1_34' title='bbox 980 523 1215 595; x_wconf 79' lang='lat' dir='ltr'><strong>Domini</strong></span> <span class='ocrx_word' id='word_1_35' title='bbox 1242 523 1479 576; x_wconf 75' lang='lat' dir='ltr'><strong>cwleslis</strong></span> <span class='ocrx_word' id='word_1_36' title='bbox 1529 522 1804 585; x_wconf 85' lang='lat' dir='ltr'><strong>habitatio,</strong></span> <span class='ocrx_word' id='word_1_37' title='bbox 1858 538 1977 590; x_wconf 66' lang='lat' dir='ltr'><strong>quae</strong></span> 
     </span>
    </p>
   </div>
   <div class='ocr_carea' id='block_1_6' title="bbox 410 594 1980 661">
    <p class='ocr_par' dir='ltr' id='par_1_6' title="bbox 410 594 1980 661">
     <span class='ocr_line' id='line_1_6' title="bbox 410 594 1980 661; baseline -0.01 -7"><span class='ocrx_word' id='word_1_38' title='bbox 410 594 607 653; x_wconf 60' lang='lat' dir='ltr'><strong>attcrna</strong></span> <span class='ocrx_word' id='word_1_39' title='bbox 639 604 720 649; x_wconf 89' lang='lat' dir='ltr'><strong>est</strong></span> <span class='ocrx_word' id='word_1_40' title='bbox 752 614 764 648; x_wconf 85' lang='lat'><strong>:</strong></span> <span class='ocrx_word' id='word_1_41' title='bbox 798 608 891 661; x_wconf 89' lang='lat' dir='ltr'><strong>per</strong></span> <span class='ocrx_word' id='word_1_42' title='bbox 922 594 1251 645; x_wconf 85' lang='lat' dir='ltr'><strong>tabernacula</strong></span> <span class='ocrx_word' id='word_1_43' title='bbox 1282 608 1406 645; x_wconf 89' lang='lat' dir='ltr'><strong>vero</strong></span> <span class='ocrx_word' id='word_1_44' title='bbox 1439 607 1672 658; x_wconf 69' lang='lat' dir='ltr'><strong>prmsetis</strong></span> <span class='ocrx_word' id='word_1_45' title='bbox 1703 595 1830 656; x_wconf 83' lang='lat' dir='ltr'><strong>vita,</strong></span> <span class='ocrx_word' id='word_1_46' title='bbox 1860 608 1980 661; x_wconf 69' lang='lat' dir='ltr'><strong>q&#39;tm</strong></span> 
     </span>
    </p>
   </div>
   <div class='ocr_carea' id='block_1_7' title="bbox 406 661 1977 732">
    <p class='ocr_par' dir='ltr' id='par_1_7' title="bbox 406 661 1977 732">
     <span class='ocr_line' id='line_1_7' title="bbox 406 661 1977 732; baseline -0.006 -9"><span class='ocrx_word' id='word_1_47' title='bbox 406 671 470 723; x_wconf 85' lang='lat' dir='ltr'><strong>ad</strong></span> <span class='ocrx_word' id='word_1_48' title='bbox 497 681 701 732; x_wconf 78' lang='lat' dir='ltr'><strong>tempus</strong></span> <span class='ocrx_word' id='word_1_49' title='bbox 734 665 783 717; x_wconf 88' lang='lat' dir='ltr'><strong>iit</strong></span> <span class='ocrx_word' id='word_1_50' title='bbox 819 662 1049 717; x_wconf 77' lang='lat' dir='ltr'><strong>Ecclesia</strong></span> <span class='ocrx_word' id='word_1_51' title='bbox 1096 668 1286 731; x_wconf 72' lang='lat' dir='ltr'><strong>agitur,</strong></span> <span class='ocrx_word' id='word_1_52' title='bbox 1332 662 1674 730; x_wconf 84' lang='lat' dir='ltr'><strong>signiﬁcatur.</strong></span> <span class='ocrx_word' id='word_1_53' title='bbox 1710 661 1861 727; x_wconf 84' lang='lat' dir='ltr'><strong>Pelii,</strong></span> <span class='ocrx_word' id='word_1_54' title='bbox 1900 681 1977 713; x_wconf 91' lang='lat' dir='ltr'><strong>iii-</strong></span> 
     </span>
    </p>
   </div>
   <div class='ocr_carea' id='block_1_8' title="bbox 406 732 1980 808">
    <p class='ocr_par' dir='ltr' id='par_1_8' title="bbox 406 732 1980 808">
     <span class='ocr_line' id='line_1_8' title="bbox 406 732 1980 808; baseline -0.003 -16"><span class='ocrx_word' id='word_1_55' title='bbox 406 746 654 808; x_wconf 86' lang='lat' dir='ltr'><strong>quam,ut</strong></span> <span class='ocrx_word' id='word_1_56' title='bbox 673 734 944 787; x_wconf 81' lang='lat' dir='ltr'><strong>inhabilem</strong></span> <span class='ocrx_word' id='word_1_57' title='bbox 966 734 1017 808; x_wconf 82' lang='lat' dir='ltr'><strong>in</strong></span> <span class='ocrx_word' id='word_1_58' title='bbox 1045 733 1197 808; x_wconf 87' lang='lat' dir='ltr'><strong>domo</strong></span> <span class='ocrx_word' id='word_1_59' title='bbox 1225 732 1451 808; x_wconf 80' lang='lat' dir='ltr'><strong>Domini,</strong></span> <span class='ocrx_word' id='word_1_60' title='bbox 1472 733 1523 784; x_wconf 88' lang='lat' dir='ltr'><strong>in</strong></span> <span class='ocrx_word' id='word_1_61' title='bbox 1548 747 1649 800; x_wconf 89' lang='lat' dir='ltr'><strong>qua</strong></span> <span class='ocrx_word' id='word_1_62' title='bbox 1676 733 1980 808; x_wconf 78' lang='lat' dir='ltr'><strong>inliabitnbo</strong></span> 
     </span>
    </p>
   </div>
   <div class='ocr_carea' id='block_1_9' title="bbox 407 804 1973 868">
    <p class='ocr_par' dir='ltr' id='par_1_9' title="bbox 407 804 1973 868">
     <span class='ocr_line' id='line_1_9' title="bbox 407 804 1973 868; baseline -0.006 -6"><span class='ocrx_word' id='word_1_63' title='bbox 407 804 509 863; x_wconf 84' lang='lat' dir='ltr'><strong>tioit</strong></span> <span class='ocrx_word' id='word_1_64' title='bbox 541 808 603 857; x_wconf 88' lang='lat' dir='ltr'><strong>ad</strong></span> <span class='ocrx_word' id='word_1_65' title='bbox 641 815 868 868; x_wconf 78' lang='lat' dir='ltr'><strong>tempus,</strong></span> <span class='ocrx_word' id='word_1_66' title='bbox 901 804 992 856; x_wconf 84' lang='lat' dir='ltr'><strong>sed</strong></span> <span class='ocrx_word' id='word_1_67' title='bbox 1018 806 1250 857; x_wconf 87' lang='lat' dir='ltr'><strong>omnibus</strong></span> <span class='ocrx_word' id='word_1_68' title='bbox 1281 804 1455 855; x_wconf 81' lang='lat' dir='ltr'><strong>diebus</strong></span> <span class='ocrx_word' id='word_1_69' title='bbox 1479 818 1582 855; x_wconf 91' lang='lat' dir='ltr'><strong>non</strong></span> <span class='ocrx_word' id='word_1_70' title='bbox 1607 805 1792 856; x_wconf 89' lang='lat' dir='ltr'><strong>mortis</strong></span> <span class='ocrx_word' id='word_1_71' title='bbox 1823 817 1973 865; x_wconf 65' lang='lat' dir='ltr'><strong>mem,</strong></span> 
     </span>
    </p>
   </div>
   <div class='ocr_carea' id='block_1_10' title="bbox 406 874 1977 936">
    <p class='ocr_par' dir='ltr' id='par_1_10' title="bbox 406 874 1977 936">
     <span class='ocr_line' id='line_1_10' title="bbox 406 874 1977 936; baseline -0.004 -5"><span class='ocrx_word' id='word_1_72' title='bbox 406 880 497 932; x_wconf 85' lang='lat' dir='ltr'><strong>sed</strong></span> <span class='ocrx_word' id='word_1_73' title='bbox 524 892 661 929; x_wconf 74' lang='lat' dir='ltr'><strong>vera:</strong></span> <span class='ocrx_word' id='word_1_74' title='bbox 714 875 830 927; x_wconf 68' lang='lat' dir='ltr'><strong>vila&#39;</strong></span> <span class='ocrx_word' id='word_1_75' title='bbox 876 889 1018 936; x_wconf 73' lang='lat' dir='ltr'><strong>metu,</strong></span> <span class='ocrx_word' id='word_1_76' title='bbox 1071 874 1119 925; x_wconf 87' lang='lat' dir='ltr'><strong>id</strong></span> <span class='ocrx_word' id='word_1_77' title='bbox 1161 883 1242 925; x_wconf 79' lang='lat' dir='ltr'><strong>est</strong></span> <span class='ocrx_word' id='word_1_78' title='bbox 1285 874 1632 935; x_wconf 67' lang='lat' dir='ltr'><strong>teterrialiter;</strong></span> <span class='ocrx_word' id='word_1_79' title='bbox 1683 874 1798 926; x_wconf 86' lang='lat' dir='ltr'><strong>dies</strong></span> <span class='ocrx_word' id='word_1_80' title='bbox 1837 874 1977 925; x_wconf 91' lang='lat' dir='ltr'><strong>enim</strong></span> 
     </span>
    </p>
   </div>
   <div class='ocr_carea' id='block_1_11' title="bbox 407 943 1978 1013">
    <p class='ocr_par' dir='ltr' id='par_1_11' title="bbox 407 943 1978 1013">
     <span class='ocr_line' id='line_1_11' title="bbox 407 943 1978 1013; baseline -0.004 -12"><span class='ocrx_word' id='word_1_81' title='bbox 407 947 682 1013; x_wconf 68' lang='lat' dir='ltr'><strong>prmsentis</strong></span> <span class='ocrx_word' id='word_1_82' title='bbox 714 945 835 997; x_wconf 79' lang='lat' dir='ltr'><strong>vita:</strong></span> <span class='ocrx_word' id='word_1_83' title='bbox 864 961 966 997; x_wconf 91' lang='lat' dir='ltr'><strong>non</strong></span> <span class='ocrx_word' id='word_1_84' title='bbox 1008 944 1120 997; x_wconf 88' lang='lat' dir='ltr'><strong>dies</strong></span> <span class='ocrx_word' id='word_1_85' title='bbox 1150 945 1292 1003; x_wconf 67' lang='lat' dir='ltr'><strong>vitae,</strong></span> <span class='ocrx_word' id='word_1_86' title='bbox 1317 945 1409 995; x_wconf 87' lang='lat' dir='ltr'><strong>sed</strong></span> <span class='ocrx_word' id='word_1_87' title='bbox 1442 943 1625 996; x_wconf 89' lang='lat' dir='ltr'><strong>mortis</strong></span> <span class='ocrx_word' id='word_1_88' title='bbox 1646 943 1761 996; x_wconf 84' lang='lat' dir='ltr'><strong>dies</strong></span> <span class='ocrx_word' id='word_1_89' title='bbox 1790 943 1978 995; x_wconf 86' lang='lat' dir='ltr'><strong>dicun-</strong></span> 
     </span>
    </p>
   </div>
   <div class='ocr_carea' id='block_1_12' title="bbox 405 1014 1976 1084">
    <p class='ocr_par' dir='ltr' id='par_1_12' title="bbox 405 1014 1976 1084">
     <span class='ocr_line' id='line_1_12' title="bbox 405 1014 1976 1084; baseline -0.002 -15"><span class='ocrx_word' id='word_1_90' title='bbox 405 1031 490 1069; x_wconf 88' lang='lat' dir='ltr'><strong>tur</strong></span> <span class='ocrx_word' id='word_1_91' title='bbox 521 1036 531 1068; x_wconf 92' lang='lat'><strong>:</strong></span> <span class='ocrx_word' id='word_1_92' title='bbox 558 1018 806 1084; x_wconf 88' lang='lat' dir='ltr'><strong>quoniam</strong></span> <span class='ocrx_word' id='word_1_93' title='bbox 839 1016 961 1065; x_wconf 90' lang='lat' dir='ltr'><strong>dum</strong></span> <span class='ocrx_word' id='word_1_94' title='bbox 993 1014 1045 1065; x_wconf 92' lang='lat' dir='ltr'><strong>in</strong></span> <span class='ocrx_word' id='word_1_95' title='bbox 1084 1016 1329 1081; x_wconf 65' lang='lat' dir='ltr'><strong>praesenti</strong></span> <span class='ocrx_word' id='word_1_96' title='bbox 1378 1015 1479 1065; x_wconf 88' lang='lat' dir='ltr'><strong>vita</strong></span> <span class='ocrx_word' id='word_1_97' title='bbox 1512 1029 1713 1075; x_wconf 80' lang='lat' dir='ltr'><strong>smnus,</strong></span> <span class='ocrx_word' id='word_1_98' title='bbox 1757 1015 1976 1067; x_wconf 85' lang='lat' dir='ltr'><strong>assidue</strong></span> 
     </span>
    </p>
   </div>
   <div class='ocr_carea' id='block_1_13' title="bbox 404 1084 1975 1157">
    <p class='ocr_par' dir='ltr' id='par_1_13' title="bbox 404 1084 1975 1157">
     <span class='ocr_line' id='line_1_13' title="bbox 404 1084 1975 1157; baseline -0.003 -16"><span class='ocrx_word' id='word_1_99' title='bbox 404 1101 706 1157; x_wconf 85' lang='lat' dir='ltr'><strong>peccamus,</strong></span> <span class='ocrx_word' id='word_1_100' title='bbox 755 1098 806 1157; x_wconf 84' lang='lat' dir='ltr'><strong>et</strong></span> <span class='ocrx_word' id='word_1_101' title='bbox 866 1087 1132 1157; x_wconf 79' lang='lat' dir='ltr'><strong>peccando</strong></span> <span class='ocrx_word' id='word_1_102' title='bbox 1184 1085 1459 1157; x_wconf 85' lang='lat' dir='ltr'><strong>tiio_rimur,</strong></span> <span class='ocrx_word' id='word_1_103' title='bbox 1506 1084 1975 1157; x_wconf 12' lang='lat' dir='ltr'><strong>percatnmieniui</strong></span> 
     </span>
    </p>
   </div>
   <div class='ocr_carea' id='block_1_14' title="bbox 405 1152 1977 1221">
    <p class='ocr_par' dir='ltr' id='par_1_14' title="bbox 405 1152 1977 1221">
     <span class='ocr_line' id='line_1_14' title="bbox 405 1152 1977 1221; baseline -0.003 -10"><span class='ocrx_word' id='word_1_104' title='bbox 405 1152 550 1211; x_wconf 85' lang='lat' dir='ltr'><strong>iiiors</strong></span> <span class='ocrx_word' id='word_1_105' title='bbox 586 1165 670 1210; x_wconf 76' lang='lat' dir='ltr'><strong>est</strong></span> <span class='ocrx_word' id='word_1_106' title='bbox 699 1152 888 1206; x_wconf 71' lang='lat' dir='ltr'><strong>animm</strong></span> <span class='ocrx_word' id='word_1_107' title='bbox 915 1170 926 1205; x_wconf 88' lang='lat'>:</span> <span class='ocrx_word' id='word_1_108' title='bbox 956 1154 1071 1205; x_wconf 91' lang='lat' dir='ltr'><strong>dies</strong></span> <span class='ocrx_word' id='word_1_109' title='bbox 1101 1168 1227 1205; x_wconf 89' lang='lat' dir='ltr'><strong>vero</strong></span> <span class='ocrx_word' id='word_1_110' title='bbox 1258 1154 1445 1206; x_wconf 70' lang='lat' dir='ltr'><strong>littora:</strong></span> <span class='ocrx_word' id='word_1_111' title='bbox 1468 1155 1609 1218; x_wconf 66' lang='lat' dir='ltr'><strong>vitae,</strong></span> <span class='ocrx_word' id='word_1_112' title='bbox 1640 1156 1850 1220; x_wconf 84' lang='lat' dir='ltr'><strong>quando</strong></span> <span class='ocrx_word' id='word_1_113' title='bbox 1868 1153 1977 1221; x_wconf 88' lang='lat' dir='ltr'><strong>jam</strong></span> 
     </span>
    </p>
   </div>
   <div class='ocr_carea' id='block_1_15' title="bbox 404 1224 1973 1292">
    <p class='ocr_par' dir='ltr' id='par_1_15' title="bbox 404 1224 1973 1292">
     <span class='ocr_line' id='line_1_15' title="bbox 404 1224 1973 1292; baseline -0.003 -11"><span class='ocrx_word' id='word_1_114' title='bbox 404 1243 550 1281; x_wconf 81' lang='lat' dir='ltr'><strong>mors</strong></span> <span class='ocrx_word' id='word_1_115' title='bbox 571 1226 853 1278; x_wconf 84' lang='lat' dir='ltr'><strong>novissima</strong></span> <span class='ocrx_word' id='word_1_116' title='bbox 887 1226 1156 1277; x_wconf 86' lang='lat' dir='ltr'><strong>destructa</strong></span> <span class='ocrx_word' id='word_1_117' title='bbox 1171 1224 1293 1287; x_wconf 91' lang='lat' dir='ltr'><strong>erit,</strong></span> <span class='ocrx_word' id='word_1_118' title='bbox 1321 1234 1367 1276; x_wconf 84' lang='lat' dir='ltr'><strong>et</strong></span> <span class='ocrx_word' id='word_1_119' title='bbox 1393 1224 1598 1276; x_wconf 84' lang='lat' dir='ltr'><strong>aculeus</strong></span> <span class='ocrx_word' id='word_1_120' title='bbox 1623 1225 1763 1292; x_wconf 81' lang='lat' dir='ltr'><strong>ejus,</strong></span> <span class='ocrx_word' id='word_1_121' title='bbox 1798 1226 1845 1277; x_wconf 91' lang='lat' dir='ltr'><strong>id</strong></span> <span class='ocrx_word' id='word_1_122' title='bbox 1872 1235 1973 1287; x_wconf 85' lang='lat' dir='ltr'><strong>est,</strong></span> 
     </span>
    </p>
   </div>
   <div class='ocr_carea' id='block_1_16' title="bbox 404 1294 1977 1366">
    <p class='ocr_par' dir='ltr' id='par_1_16' title="bbox 404 1294 1977 1366">
     <span class='ocr_line' id='line_1_16' title="bbox 404 1294 1977 1366; baseline -0.005 -13"><span class='ocrx_word' id='word_1_123' title='bbox 404 1307 676 1366; x_wconf 83' lang='lat' dir='ltr'><strong>peccatum</strong></span> <span class='ocrx_word' id='word_1_124' title='bbox 727 1303 868 1348; x_wconf 87' lang='lat' dir='ltr'><strong>recte</strong></span> <span class='ocrx_word' id='word_1_125' title='bbox 911 1296 1026 1366; x_wconf 82' lang='lat' dir='ltr'><strong>dies</strong></span> <span class='ocrx_word' id='word_1_126' title='bbox 1064 1294 1185 1366; x_wconf 76' lang='lat' dir='ltr'><strong>vita:</strong></span> <span class='ocrx_word' id='word_1_127' title='bbox 1230 1295 1522 1366; x_wconf 64' lang='lat' dir='ltr'><strong>dicuntur,</strong></span> <span class='ocrx_word' id='word_1_128' title='bbox 1560 1297 1809 1361; x_wconf 86' lang='lat' dir='ltr'><strong>quoniam</strong></span> <span class='ocrx_word' id='word_1_129' title='bbox 1860 1294 1977 1346; x_wconf 85' lang='lat' dir='ltr'><strong>illos</strong></span> 
     </span>
    </p>
   </div>
   <div class='ocr_carea' id='block_1_17' title="bbox 404 1363 1968 1431">
    <p class='ocr_par' dir='ltr' id='par_1_17' title="bbox 404 1363 1968 1431">
     <span class='ocr_line' id='line_1_17' title="bbox 404 1363 1968 1431; baseline -0.003 -9"><span class='ocrx_word' id='word_1_130' title='bbox 404 1363 545 1423; x_wconf 81' lang='lat' dir='ltr'><strong>nulla</strong></span> <span class='ocrx_word' id='word_1_131' title='bbox 573 1382 674 1420; x_wconf 91' lang='lat' dir='ltr'><strong>nox</strong></span> <span class='ocrx_word' id='word_1_132' title='bbox 713 1363 1049 1417; x_wconf 87' lang='lat' dir='ltr'><strong>adversitatis</strong></span> <span class='ocrx_word' id='word_1_133' title='bbox 1087 1365 1445 1431; x_wconf 79' lang='lat' dir='ltr'><strong>interpolabit.</strong></span> <span class='ocrx_word' id='word_1_134' title='bbox 1494 1365 1631 1429; x_wconf 82' lang='lat' dir='ltr'><strong>Quin</strong></span> <span class='ocrx_word' id='word_1_135' title='bbox 1663 1367 1836 1431; x_wconf 85' lang='lat' dir='ltr'><strong>potius</strong></span> <span class='ocrx_word' id='word_1_136' title='bbox 1868 1379 1968 1417; x_wconf 85' lang='lat' dir='ltr'><strong>una</strong></span> 
     </span>
    </p>
   </div>
   <div class='ocr_carea' id='block_1_18' title="bbox 399 1434 1976 1500">
    <p class='ocr_par' dir='ltr' id='par_1_18' title="bbox 399 1434 1976 1500">
     <span class='ocr_line' id='line_1_18' title="bbox 399 1434 1976 1500; baseline -0.003 -8"><span class='ocrx_word' id='word_1_137' title='bbox 399 1440 513 1492; x_wconf 87' lang='lat' dir='ltr'><strong>dies</strong></span> <span class='ocrx_word' id='word_1_138' title='bbox 542 1439 659 1491; x_wconf 86' lang='lat' dir='ltr'><strong>sine</strong></span> <span class='ocrx_word' id='word_1_139' title='bbox 680 1446 853 1496; x_wconf 90' lang='lat' dir='ltr'><strong>nocte,</strong></span> <span class='ocrx_word' id='word_1_140' title='bbox 878 1449 1035 1500; x_wconf 88' lang='lat' dir='ltr'><strong>quam</strong></span> <span class='ocrx_word' id='word_1_141' title='bbox 1070 1435 1215 1485; x_wconf 91' lang='lat' dir='ltr'><strong>multi</strong></span> <span class='ocrx_word' id='word_1_142' title='bbox 1248 1436 1360 1487; x_wconf 90' lang='lat' dir='ltr'><strong>dies</strong></span> <span class='ocrx_word' id='word_1_143' title='bbox 1386 1436 1593 1488; x_wconf 90' lang='lat' dir='ltr'><strong>dicendi</strong></span> <span class='ocrx_word' id='word_1_144' title='bbox 1636 1447 1816 1487; x_wconf 83' lang='lat' dir='ltr'><strong>essent</strong></span> <span class='ocrx_word' id='word_1_145' title='bbox 1844 1452 1855 1486; x_wconf 90' lang='lat'><em>:</em></span> <span class='ocrx_word' id='word_1_146' title='bbox 1883 1434 1976 1487; x_wconf 87' lang='lat' dir='ltr'><strong>sed</strong></span> 
     </span>
    </p>
   </div>
   <div class='ocr_carea' id='block_1_19' title="bbox 400 1505 1976 1570">
    <p class='ocr_par' dir='ltr' id='par_1_19' title="bbox 400 1505 1976 1570">
     <span class='ocr_line' id='line_1_19' title="bbox 400 1505 1976 1570; baseline -0.004 -8"><span class='ocrx_word' id='word_1_147' title='bbox 400 1511 513 1563; x_wconf 88' lang='lat' dir='ltr'><strong>sola</strong></span> <span class='ocrx_word' id='word_1_148' title='bbox 560 1508 735 1560; x_wconf 88' lang='lat' dir='ltr'><strong>divina</strong></span> <span class='ocrx_word' id='word_1_149' title='bbox 769 1505 1056 1557; x_wconf 81' lang='lat' dir='ltr'><strong>auctoritas</strong></span> <span class='ocrx_word' id='word_1_150' title='bbox 1112 1506 1463 1557; x_wconf 59' lang='lat' dir='ltr'><strong>aeternitatem</strong></span> <span class='ocrx_word' id='word_1_151' title='bbox 1516 1520 1619 1557; x_wconf 91' lang='lat' dir='ltr'><strong>non</strong></span> <span class='ocrx_word' id='word_1_152' title='bbox 1668 1505 1839 1557; x_wconf 90' lang='lat' dir='ltr'><strong>solum</strong></span> <span class='ocrx_word' id='word_1_153' title='bbox 1884 1520 1976 1570; x_wconf 89' lang='lat' dir='ltr'><strong>per</strong></span> 
     </span>
    </p>
   </div>
   <div class='ocr_carea' id='block_1_20' title="bbox 400 1576 1973 1644">
    <p class='ocr_par' dir='ltr' id='par_1_20' title="bbox 400 1576 1973 1644">
     <span class='ocr_line' id='line_1_20' title="bbox 400 1576 1973 1644; baseline -0.003 -14"><span class='ocrx_word' id='word_1_154' title='bbox 400 1592 558 1630; x_wconf 85' lang='lat' dir='ltr'><strong>unatn</strong></span> <span class='ocrx_word' id='word_1_155' title='bbox 592 1578 728 1629; x_wconf 86' lang='lat' dir='ltr'><strong>diem</strong></span> <span class='ocrx_word' id='word_1_156' title='bbox 770 1586 820 1627; x_wconf 88' lang='lat' dir='ltr'><strong>et</strong></span> <span class='ocrx_word' id='word_1_157' title='bbox 851 1590 1084 1627; x_wconf 88' lang='lat' dir='ltr'><strong>mensem</strong></span> <span class='ocrx_word' id='word_1_158' title='bbox 1133 1586 1182 1626; x_wconf 89' lang='lat' dir='ltr'><strong>et</strong></span> <span class='ocrx_word' id='word_1_159' title='bbox 1208 1590 1405 1628; x_wconf 89' lang='lat' dir='ltr'><strong>annum</strong></span> <span class='ocrx_word' id='word_1_160' title='bbox 1454 1576 1755 1644; x_wconf 87' lang='lat' dir='ltr'><strong>signiticare</strong></span> <span class='ocrx_word' id='word_1_161' title='bbox 1789 1578 1973 1640; x_wconf 88' lang='lat' dir='ltr'><strong>voluit,</strong></span> 
     </span>
    </p>
   </div>
   <div class='ocr_carea' id='block_1_21' title="bbox 402 1645 1688 1711">
    <p class='ocr_par' dir='ltr' id='par_1_21' title="bbox 402 1645 1688 1711">
     <span class='ocr_line' id='line_1_21' title="bbox 402 1645 1688 1711; baseline -0.003 -9"><span class='ocrx_word' id='word_1_162' title='bbox 402 1650 495 1702; x_wconf 87' lang='lat' dir='ltr'><strong>scd</strong></span> <span class='ocrx_word' id='word_1_163' title='bbox 526 1650 681 1700; x_wconf 87' lang='lat' dir='ltr'><strong>etiam</strong></span> <span class='ocrx_word' id='word_1_164' title='bbox 714 1648 1021 1711; x_wconf 88' lang='lat' dir='ltr'><strong>permultos</strong></span> <span class='ocrx_word' id='word_1_165' title='bbox 1051 1645 1166 1697; x_wconf 89' lang='lat' dir='ltr'><strong>dies</strong></span> <span class='ocrx_word' id='word_1_166' title='bbox 1195 1654 1249 1697; x_wconf 85' lang='lat' dir='ltr'><strong>et</strong></span> <span class='ocrx_word' id='word_1_167' title='bbox 1279 1646 1474 1698; x_wconf 89' lang='lat' dir='ltr'><strong>multos</strong></span> <span class='ocrx_word' id='word_1_168' title='bbox 1498 1661 1688 1698; x_wconf 83' lang='lat' dir='ltr'><strong>annos.</strong></span> 
     </span>
    </p>
   </div>
   <div class='ocr_carea' id='block_1_22' title="bbox 476 1714 1974 1779">
    <p class='ocr_par' dir='ltr' id='par_1_22' title="bbox 476 1714 1974 1779">
     <span class='ocr_line' id='line_1_22' title="bbox 476 1714 1974 1779; baseline -0.003 -7"><span class='ocrx_word' id='word_1_169' title='bbox 476 1718 541 1772; x_wconf 90' lang='lat' dir='ltr'><strong>Ut</strong></span> <span class='ocrx_word' id='word_1_170' title='bbox 568 1719 765 1772; x_wconf 88' lang='lat' dir='ltr'><strong>videam</strong></span> <span class='ocrx_word' id='word_1_171' title='bbox 812 1716 1117 1767; x_wconf 75' lang='lat' dir='ltr'><strong>voluntatem</strong></span> <span class='ocrx_word' id='word_1_172' title='bbox 1149 1714 1372 1779; x_wconf 81' lang='lat' dir='ltr'><strong>Domini,</strong></span> <span class='ocrx_word' id='word_1_173' title='bbox 1422 1729 1469 1766; x_wconf 90' lang='lat' dir='ltr'><strong>et</strong></span> <span class='ocrx_word' id='word_1_174' title='bbox 1494 1718 1683 1767; x_wconf 85' lang='lat' dir='ltr'><strong>visitem</strong></span> <span class='ocrx_word' id='word_1_175' title='bbox 1730 1715 1974 1778; x_wconf 80' lang='lat' dir='ltr'><strong>templum</strong></span> 
     </span>
    </p>
   </div>
   <div class='ocr_carea' id='block_1_23' title="bbox 397 1785 2049 1867">
    <p class='ocr_par' dir='ltr' id='par_1_23' title="bbox 397 1785 2049 1867">
     <span class='ocr_line' id='line_1_23' title="bbox 397 1785 2049 1867; baseline -0.002 -27"><span class='ocrx_word' id='word_1_176' title='bbox 397 1790 529 1858; x_wconf 89' lang='lat' dir='ltr'><strong>ejus.</strong></span> <span class='ocrx_word' id='word_1_177' title='bbox 563 1788 815 1851; x_wconf 79' lang='lat' dir='ltr'><strong>Quoniam</strong></span> <span class='ocrx_word' id='word_1_178' title='bbox 854 1785 1111 1865; x_wconf 76' lang='lat' dir='ltr'><strong>abscondit</strong></span> <span class='ocrx_word' id='word_1_179' title='bbox 1137 1801 1212 1867; x_wconf 77' lang='lat' dir='ltr'><strong>me</strong></span> <span class='ocrx_word' id='word_1_180' title='bbox 1237 1786 1287 1837; x_wconf 90' lang='lat' dir='ltr'><strong>in</strong></span> <span class='ocrx_word' id='word_1_181' title='bbox 1311 1786 1637 1867; x_wconf 70' lang='lat' dir='ltr'><strong>tabernaculo</strong></span> <span class='ocrx_word' id='word_1_182' title='bbox 1659 1801 1785 1867; x_wconf 71' lang='lat' dir='ltr'><strong>suo;</strong></span> <span class='ocrx_word' id='word_1_183' title='bbox 1816 1786 1865 1865; x_wconf 79' lang='lat' dir='ltr'><strong>in</strong></span> <span class='ocrx_word' id='word_1_184' title='bbox 1890 1787 1971 1838; x_wconf 84' lang='lat' dir='ltr'><strong>die</strong></span> <span class='ocrx_word' id='word_1_185' title='bbox 2007 1808 2049 1867; x_wconf 78' lang='grc' dir='ltr'><strong>Β</strong></span> 
     </span>
    </p>
   </div>
   <div class='ocr_carea' id='block_1_24' title="bbox 400 1854 1867 1926">
    <p class='ocr_par' dir='ltr' id='par_1_24' title="bbox 400 1854 1867 1926">
     <span class='ocr_line' id='line_1_24' title="bbox 400 1854 1867 1926; baseline -0.001 -17"><span class='ocrx_word' id='word_1_186' title='bbox 400 1854 652 1909; x_wconf 76' lang='lat' dir='ltr'><strong>malorum</strong></span> <span class='ocrx_word' id='word_1_187' title='bbox 678 1856 893 1926; x_wconf 74' lang='lat' dir='ltr'><strong>protexit</strong></span> <span class='ocrx_word' id='word_1_188' title='bbox 924 1856 1073 1926; x_wconf 87' lang='lat' dir='ltr'><strong>mein</strong></span> <span class='ocrx_word' id='word_1_189' title='bbox 1101 1854 1403 1926; x_wconf 72' lang='lat' dir='ltr'><strong>abscondito</strong></span> <span class='ocrx_word' id='word_1_190' title='bbox 1435 1855 1746 1907; x_wconf 82' lang='lat' dir='ltr'><strong>labernacnli</strong></span> <span class='ocrx_word' id='word_1_191' title='bbox 1768 1856 1867 1926; x_wconf 84' lang='lat' dir='ltr'><strong>sui.</strong></span> 
     </span>
    </p>
   </div>
   <div class='ocr_carea' id='block_1_25' title="bbox 474 1924 1972 1987">
    <p class='ocr_par' dir='ltr' id='par_1_25' title="bbox 474 1924 1972 1987">
     <span class='ocr_line' id='line_1_25' title="bbox 474 1924 1972 1987; baseline -0.001 -7"><span class='ocrx_word' id='word_1_192' title='bbox 474 1930 595 1981; x_wconf 89' lang='lat' dir='ltr'><strong>Ideo</strong></span> <span class='ocrx_word' id='word_1_193' title='bbox 620 1924 914 1979; x_wconf 78' lang='lat' dir='ltr'><strong>inhabitare</strong></span> <span class='ocrx_word' id='word_1_194' title='bbox 943 1925 1062 1977; x_wconf 88' lang='lat' dir='ltr'><strong>volo</strong></span> <span class='ocrx_word' id='word_1_195' title='bbox 1096 1925 1146 1976; x_wconf 93' lang='lat' dir='ltr'><strong>in</strong></span> <span class='ocrx_word' id='word_1_196' title='bbox 1176 1924 1337 1977; x_wconf 91' lang='lat' dir='ltr'><strong>domo</strong></span> <span class='ocrx_word' id='word_1_197' title='bbox 1366 1926 1596 1987; x_wconf 74' lang='lat' dir='ltr'><strong>DOllillli,</strong></span> <span class='ocrx_word' id='word_1_198' title='bbox 1644 1934 1697 1977; x_wconf 90' lang='lat' dir='ltr'><strong>ut</strong></span> <span class='ocrx_word' id='word_1_199' title='bbox 1730 1926 1799 1977; x_wconf 88' lang='lat' dir='ltr'><strong>ibi</strong></span> <span class='ocrx_word' id='word_1_200' title='bbox 1830 1925 1972 1979; x_wconf 84' lang='lat' dir='ltr'><strong>intc-</strong></span> 
     </span>
    </p>
   </div>
   <div class='ocr_carea' id='block_1_26' title="bbox 398 1995 1971 2067">
    <p class='ocr_par' dir='ltr' id='par_1_26' title="bbox 398 1995 1971 2067">
     <span class='ocr_line' id='line_1_26' title="bbox 398 1995 1971 2067; baseline -0.003 -16"><span class='ocrx_word' id='word_1_201' title='bbox 398 2013 492 2067; x_wconf 86' lang='lat' dir='ltr'><strong>gre</strong></span> <span class='ocrx_word' id='word_1_202' title='bbox 521 1997 725 2050; x_wconf 90' lang='lat' dir='ltr'><strong>videam</strong></span> <span class='ocrx_word' id='word_1_203' title='bbox 756 1996 1076 2047; x_wconf 84' lang='lat' dir='ltr'><strong>voluntatem</strong></span> <span class='ocrx_word' id='word_1_204' title='bbox 1118 1996 1359 2067; x_wconf 77' lang='lat' dir='ltr'><strong>Domini.</strong></span> <span class='ocrx_word' id='word_1_205' title='bbox 1398 1995 1657 2067; x_wconf 67' lang='lat' dir='ltr'><strong>voluntas</strong></span> <span class='ocrx_word' id='word_1_206' title='bbox 1682 1996 1823 2047; x_wconf 88' lang='lat' dir='ltr'><strong>enim</strong></span> <span class='ocrx_word' id='word_1_207' title='bbox 1866 1995 1971 2067; x_wconf 81' lang='lat' dir='ltr'><strong>Do-</strong></span> 
     </span>
    </p>
   </div>
   <div class='ocr_carea' id='block_1_27' title="bbox 398 2064 1966 2130">
    <p class='ocr_par' dir='ltr' id='par_1_27' title="bbox 398 2064 1966 2130">
     <span class='ocr_line' id='line_1_27' title="bbox 398 2064 1966 2130; baseline -0.002 -9"><span class='ocrx_word' id='word_1_208' title='bbox 398 2064 526 2121; x_wconf 73' lang='lat' dir='ltr'><strong>itiilii</strong></span> <span class='ocrx_word' id='word_1_209' title='bbox 554 2077 656 2130; x_wconf 89' lang='lat' dir='ltr'><strong>est,</strong></span> <span class='ocrx_word' id='word_1_210' title='bbox 692 2074 749 2117; x_wconf 91' lang='lat' dir='ltr'><strong>tit</strong></span> <span class='ocrx_word' id='word_1_211' title='bbox 774 2079 879 2116; x_wconf 90' lang='lat' dir='ltr'><strong>non</strong></span> <span class='ocrx_word' id='word_1_212' title='bbox 907 2080 1023 2130; x_wconf 68' lang='lat' dir='ltr'><strong>qum</strong></span> <span class='ocrx_word' id='word_1_213' title='bbox 1049 2064 1289 2115; x_wconf 86' lang='lat' dir='ltr'><strong>volumus</strong></span> <span class='ocrx_word' id='word_1_214' title='bbox 1314 2079 1408 2116; x_wconf 88' lang='lat' dir='ltr'><strong>nos</strong></span> <span class='ocrx_word' id='word_1_215' title='bbox 1449 2065 1536 2116; x_wconf 84' lang='lat' dir='ltr'><strong>illa</strong></span> <span class='ocrx_word' id='word_1_216' title='bbox 1563 2064 1836 2127; x_wconf 79' lang='lat' dir='ltr'><strong>faciamus,</strong></span> <span class='ocrx_word' id='word_1_217' title='bbox 1870 2066 1966 2118; x_wconf 88' lang='lat' dir='ltr'><strong>sed</strong></span> 
     </span>
    </p>
   </div>
   <div class='ocr_carea' id='block_1_28' title="bbox 398 2135 1967 2201">
    <p class='ocr_par' dir='ltr' id='par_1_28' title="bbox 398 2135 1967 2201">
     <span class='ocr_line' id='line_1_28' title="bbox 398 2135 1967 2201; baseline -0.006 -10"><span class='ocrx_word' id='word_1_218' title='bbox 398 2148 455 2191; x_wconf 93' lang='lat' dir='ltr'><strong>ut</strong></span> <span class='ocrx_word' id='word_1_219' title='bbox 505 2147 735 2189; x_wconf 85' lang='lat' dir='ltr'><strong>nostram</strong></span> <span class='ocrx_word' id='word_1_220' title='bbox 780 2139 1102 2187; x_wconf 78' lang='lat' dir='ltr'><strong>voluntatem</strong></span> <span class='ocrx_word' id='word_1_221' title='bbox 1150 2135 1437 2185; x_wconf 68' lang='lat' dir='ltr'><strong>secundum</strong></span> <span class='ocrx_word' id='word_1_222' title='bbox 1478 2135 1594 2201; x_wconf 86' lang='lat' dir='ltr'><strong>ejus</strong></span> <span class='ocrx_word' id='word_1_223' title='bbox 1643 2135 1967 2188; x_wconf 70' lang='grc' dir='ltr'>νθιυιιιεοιιιηι</span> 
     </span>
    </p>
   </div>
   <div class='ocr_carea' id='block_1_29' title="bbox 397 2203 1970 2273">
    <p class='ocr_par' dir='ltr' id='par_1_29' title="bbox 397 2203 1970 2273">
     <span class='ocr_line' id='line_1_29' title="bbox 397 2203 1970 2273; baseline -0.003 -12"><span class='ocrx_word' id='word_1_224' title='bbox 397 2219 753 2261; x_wconf 71' lang='lat' dir='ltr'><strong>coal-ciemus.</strong></span> <span class='ocrx_word' id='word_1_225' title='bbox 802 2206 968 2267; x_wconf 79' lang='lat' dir='ltr'><strong>Quam</strong></span> <span class='ocrx_word' id='word_1_226' title='bbox 1000 2203 1326 2255; x_wconf 79' lang='lat' dir='ltr'><strong>voluntatem</strong></span> <span class='ocrx_word' id='word_1_227' title='bbox 1357 2206 1515 2256; x_wconf 83' lang='lat' dir='ltr'><strong>etiam</strong></span> <span class='ocrx_word' id='word_1_228' title='bbox 1557 2206 1643 2273; x_wconf 89' lang='lat' dir='ltr'><strong>qui</strong></span> <span class='ocrx_word' id='word_1_229' title='bbox 1695 2203 1970 2271; x_wconf 79' lang='lat' dir='ltr'><strong>perfectis-</strong></span> 
     </span>
    </p>
   </div>
   <div class='ocr_carea' id='block_1_30' title="bbox 397 2274 1970 2340">
    <p class='ocr_par' dir='ltr' id='par_1_30' title="bbox 397 2274 1970 2340">
     <span class='ocr_line' id='line_1_30' title="bbox 397 2274 1970 2340; baseline -0.003 -9"><span class='ocrx_word' id='word_1_230' title='bbox 397 2279 516 2331; x_wconf 76' lang='lat' dir='ltr'><strong>simi</strong></span> <span class='ocrx_word' id='word_1_231' title='bbox 547 2284 688 2337; x_wconf 89' lang='lat' dir='ltr'><strong>sunt,</strong></span> <span class='ocrx_word' id='word_1_232' title='bbox 722 2290 861 2327; x_wconf 88' lang='lat' dir='ltr'><strong>nunc</strong></span> <span class='ocrx_word' id='word_1_233' title='bbox 904 2289 966 2325; x_wconf 91' lang='lat' dir='ltr'><strong>ex</strong></span> <span class='ocrx_word' id='word_1_234' title='bbox 1003 2284 1148 2339; x_wconf 89' lang='lat' dir='ltr'><strong>parte</strong></span> <span class='ocrx_word' id='word_1_235' title='bbox 1178 2274 1356 2326; x_wconf 83' lang='lat' dir='ltr'><strong>vident</strong></span> <span class='ocrx_word' id='word_1_236' title='bbox 1383 2278 1633 2340; x_wconf 84' lang='lat' dir='ltr'><strong>quoniam</strong></span> <span class='ocrx_word' id='word_1_237' title='bbox 1669 2274 1847 2326; x_wconf 91' lang='lat' dir='ltr'><strong>nullus</strong></span> <span class='ocrx_word' id='word_1_238' title='bbox 1887 2285 1970 2328; x_wconf 81' lang='lat' dir='ltr'><strong>est</strong></span> 
     </span>
    </p>
   </div>
   <div class='ocr_carea' id='block_1_31' title="bbox 395 2340 1967 2413">
    <p class='ocr_par' dir='ltr' id='par_1_31' title="bbox 395 2340 1967 2413">
     <span class='ocr_line' id='line_1_31' title="bbox 395 2340 1967 2413; baseline -0.002 -13"><span class='ocrx_word' id='word_1_239' title='bbox 395 2350 478 2400; x_wconf 87' lang='lat' dir='ltr'><strong>cui</strong></span> <span class='ocrx_word' id='word_1_240' title='bbox 510 2362 651 2411; x_wconf 71' lang='lat' dir='ltr'><strong>saepe</strong></span> <span class='ocrx_word' id='word_1_241' title='bbox 677 2344 890 2413; x_wconf 66' lang='lat' dir='ltr'><strong>piotria</strong></span> <span class='ocrx_word' id='word_1_242' title='bbox 922 2358 1025 2395; x_wconf 89' lang='lat' dir='ltr'><strong>non</strong></span> <span class='ocrx_word' id='word_1_243' title='bbox 1055 2344 1307 2413; x_wconf 82' lang='lat' dir='ltr'><strong>subrepat</strong></span> <span class='ocrx_word' id='word_1_244' title='bbox 1341 2346 1602 2397; x_wconf 83' lang='lat' dir='ltr'><strong>voluntas.</strong></span> <span class='ocrx_word' id='word_1_245' title='bbox 1646 2340 1797 2396; x_wconf 87' lang='lat' dir='ltr'><strong>Tunc</strong></span> <span class='ocrx_word' id='word_1_246' title='bbox 1824 2345 1967 2397; x_wconf 86' lang='lat' dir='ltr'><strong>enim</strong></span> 
     </span>
    </p>
   </div>
   <div class='ocr_carea' id='block_1_32' title="bbox 396 2412 1967 2479">
    <p class='ocr_par' dir='ltr' id='par_1_32' title="bbox 396 2412 1967 2479">
     <span class='ocr_line' id='line_1_32' title="bbox 396 2412 1967 2479; baseline -0.002 -11"><span class='ocrx_word' id='word_1_247' title='bbox 396 2412 693 2477; x_wconf 63' lang='lat' dir='ltr'><strong>videbitur,</strong></span> <span class='ocrx_word' id='word_1_248' title='bbox 715 2415 928 2479; x_wconf 88' lang='lat' dir='ltr'><strong>quando</strong></span> <span class='ocrx_word' id='word_1_249' title='bbox 952 2418 1063 2479; x_wconf 87' lang='lat' dir='ltr'><strong>ipse</strong></span> <span class='ocrx_word' id='word_1_250' title='bbox 1094 2412 1341 2465; x_wconf 78' lang='lat' dir='ltr'><strong>Dominus</strong></span> <span class='ocrx_word' id='word_1_251' title='bbox 1370 2417 1463 2466; x_wconf 88' lang='lat' dir='ltr'><strong>erit</strong></span> <span class='ocrx_word' id='word_1_252' title='bbox 1502 2414 1671 2465; x_wconf 89' lang='lat' dir='ltr'><strong>omnia</strong></span> <span class='ocrx_word' id='word_1_253' title='bbox 1706 2417 1757 2465; x_wconf 91' lang='lat' dir='ltr'><strong>in</strong></span> <span class='ocrx_word' id='word_1_254' title='bbox 1797 2414 1967 2466; x_wconf 86' lang='lat' dir='ltr'><strong>omni-</strong></span> 
     </span>
    </p>
   </div>
   <div class='ocr_carea' id='block_1_33' title="bbox 396 2484 1964 2553">
    <p class='ocr_par' dir='ltr' id='par_1_33' title="bbox 396 2484 1964 2553">
     <span class='ocr_line' id='line_1_33' title="bbox 396 2484 1964 2553; baseline -0.003 -13"><span class='ocrx_word' id='word_1_255' title='bbox 396 2488 509 2548; x_wconf 83' lang='lat' dir='ltr'><strong>bus,</strong></span> <span class='ocrx_word' id='word_1_256' title='bbox 550 2486 671 2553; x_wconf 88' lang='lat' dir='ltr'><strong>quia</strong></span> <span class='ocrx_word' id='word_1_257' title='bbox 700 2494 825 2537; x_wconf 90' lang='lat' dir='ltr'><strong>tunc</strong></span> <span class='ocrx_word' id='word_1_258' title='bbox 857 2499 952 2536; x_wconf 82' lang='lat' dir='ltr'><strong>nec</strong></span> <span class='ocrx_word' id='word_1_259' title='bbox 979 2484 1302 2553; x_wconf 79' lang='lat' dir='ltr'><strong>cogitatione</strong></span> <span class='ocrx_word' id='word_1_260' title='bbox 1324 2484 1391 2534; x_wconf 88' lang='lat' dir='ltr'><strong>ab</strong></span> <span class='ocrx_word' id='word_1_261' title='bbox 1418 2498 1482 2536; x_wconf 90' lang='lat' dir='ltr'><strong>eo</strong></span> <span class='ocrx_word' id='word_1_262' title='bbox 1505 2485 1925 2549; x_wconf 86' lang='lat' dir='ltr'><strong>apostatabimus</strong></span> <span class='ocrx_word' id='word_1_263' title='bbox 1950 2501 1964 2545; x_wconf 85' lang='lat'><strong>;</strong></span> 
     </span>
    </p>
   </div>
   <div class='ocr_carea' id='block_1_34' title="bbox 396 2551 1965 2621">
    <p class='ocr_par' dir='ltr' id='par_1_34' title="bbox 396 2551 1965 2621">
     <span class='ocr_line' id='line_1_34' title="bbox 396 2551 1965 2621; baseline -0.004 -10"><span class='ocrx_word' id='word_1_264' title='bbox 396 2551 616 2618; x_wconf 75' lang='lat' dir='ltr'><strong>videam,</strong></span> <span class='ocrx_word' id='word_1_265' title='bbox 670 2554 903 2621; x_wconf 89' lang='lat' dir='ltr'><strong>inquam,</strong></span> <span class='ocrx_word' id='word_1_266' title='bbox 935 2555 1245 2604; x_wconf 73' lang='lat' dir='ltr'><strong>voluntatem</strong></span> <span class='ocrx_word' id='word_1_267' title='bbox 1274 2551 1481 2604; x_wconf 91' lang='lat' dir='ltr'><strong>Domini</strong></span> <span class='ocrx_word' id='word_1_268' title='bbox 1522 2564 1664 2616; x_wconf 88' lang='lat' dir='ltr'><strong>tunc,</strong></span> <span class='ocrx_word' id='word_1_269' title='bbox 1698 2566 1742 2605; x_wconf 88' lang='lat' dir='ltr'><strong>et</strong></span> <span class='ocrx_word' id='word_1_270' title='bbox 1771 2555 1965 2605; x_wconf 85' lang='lat' dir='ltr'><strong>visitem</strong></span> 
     </span>
    </p>
   </div>
   <div class='ocr_carea' id='block_1_35' title="bbox 394 2622 1966 2684">
    <p class='ocr_par' dir='ltr' id='par_1_35' title="bbox 394 2622 1966 2684">
     <span class='ocr_line' id='line_1_35' title="bbox 394 2622 1966 2684; baseline -0.001 -5"><span class='ocrx_word' id='word_1_271' title='bbox 394 2626 555 2679; x_wconf 85' lang='lat' dir='ltr'><strong>etiam</strong></span> <span class='ocrx_word' id='word_1_272' title='bbox 582 2639 703 2679; x_wconf 91' lang='lat' dir='ltr'><strong>eum</strong></span> <span class='ocrx_word' id='word_1_273' title='bbox 737 2636 878 2684; x_wconf 88' lang='lat' dir='ltr'><strong>tuitc,</strong></span> <span class='ocrx_word' id='word_1_274' title='bbox 915 2622 964 2674; x_wconf 92' lang='lat' dir='ltr'><strong>id</strong></span> <span class='ocrx_word' id='word_1_275' title='bbox 991 2632 1092 2680; x_wconf 86' lang='lat' dir='ltr'><strong>est,</strong></span> <span class='ocrx_word' id='word_1_276' title='bbox 1135 2637 1255 2675; x_wconf 88' lang='lat' dir='ltr'><strong>cum</strong></span> <span class='ocrx_word' id='word_1_277' title='bbox 1280 2622 1547 2675; x_wconf 87' lang='lat' dir='ltr'><strong>desiderio</strong></span> <span class='ocrx_word' id='word_1_278' title='bbox 1576 2630 1632 2677; x_wconf 91' lang='lat' dir='ltr'><strong>et</strong></span> <span class='ocrx_word' id='word_1_279' title='bbox 1658 2624 1966 2677; x_wconf 86' lang='lat' dir='ltr'><strong>assiduitate</strong></span> 
     </span>
    </p>
   </div>
   <div class='ocr_carea' id='block_1_36' title="bbox 397 2692 1961 2761">
    <p class='ocr_par' dir='ltr' id='par_1_36' title="bbox 397 2692 1961 2761">
     <span class='ocr_line' id='line_1_36' title="bbox 397 2692 1961 2761; baseline 0 -14"><span class='ocrx_word' id='word_1_280' title='bbox 397 2696 602 2749; x_wconf 88' lang='lat' dir='ltr'><strong>videam</strong></span> <span class='ocrx_word' id='word_1_281' title='bbox 635 2698 804 2761; x_wconf 89' lang='lat' dir='ltr'><strong>ipsum</strong></span> <span class='ocrx_word' id='word_1_282' title='bbox 844 2692 1119 2746; x_wconf 85' lang='lat' dir='ltr'><strong>Dominmn</strong></span> <span class='ocrx_word' id='word_1_283' title='bbox 1152 2692 1282 2759; x_wconf 77' lang='lat' dir='ltr'><strong>facie</strong></span> <span class='ocrx_word' id='word_1_284' title='bbox 1308 2692 1375 2742; x_wconf 89' lang='lat' dir='ltr'><strong>ad</strong></span> <span class='ocrx_word' id='word_1_285' title='bbox 1404 2693 1606 2760; x_wconf 77' lang='lat' dir='ltr'><strong>faciem,</strong></span> <span class='ocrx_word' id='word_1_286' title='bbox 1642 2693 1809 2745; x_wconf 84' lang='lat' dir='ltr'><strong>lactus</strong></span> <span class='ocrx_word' id='word_1_287' title='bbox 1837 2707 1961 2747; x_wconf 86' lang='lat' dir='ltr'><strong>vere</strong></span> 
     </span>
    </p>
   </div>
   <div class='ocr_carea' id='block_1_37' title="bbox 393 2762 1964 2835">
    <p class='ocr_par' dir='ltr' id='par_1_37' title="bbox 393 2762 1964 2835">
     <span class='ocr_line' id='line_1_37' title="bbox 393 2762 1964 2835; baseline -0.001 -18"><span class='ocrx_word' id='word_1_288' title='bbox 393 2766 634 2835; x_wconf 81' lang='lat' dir='ltr'><strong>templum</strong></span> <span class='ocrx_word' id='word_1_289' title='bbox 664 2763 794 2835; x_wconf 83' lang='lat' dir='ltr'><strong>ejus,</strong></span> <span class='ocrx_word' id='word_1_290' title='bbox 828 2765 875 2813; x_wconf 87' lang='lat' dir='ltr'><strong>iii</strong></span> <span class='ocrx_word' id='word_1_291' title='bbox 900 2780 1001 2835; x_wconf 85' lang='lat' dir='ltr'><strong>quo</strong></span> <span class='ocrx_word' id='word_1_292' title='bbox 1026 2763 1228 2815; x_wconf 78' lang='lat' dir='ltr'><strong>scilicet</strong></span> <span class='ocrx_word' id='word_1_293' title='bbox 1249 2762 1405 2835; x_wconf 86' lang='lat' dir='ltr'><strong>digne</strong></span> <span class='ocrx_word' id='word_1_294' title='bbox 1430 2772 1481 2815; x_wconf 90' lang='lat' dir='ltr'><strong>et</strong></span> <span class='ocrx_word' id='word_1_295' title='bbox 1508 2764 1721 2815; x_wconf 50' lang='lat' dir='ltr'><strong>asxidue</strong></span> <span class='ocrx_word' id='word_1_296' title='bbox 1747 2764 1964 2835; x_wconf 82' lang='lat' dir='ltr'><strong>iubabi-</strong></span> 
     </span>
    </p>
   </div>
   <div class='ocr_carea' id='block_1_38' title="bbox 394 2834 1963 2902">
    <p class='ocr_par' dir='ltr' id='par_1_38' title="bbox 394 2834 1963 2902">
     <span class='ocr_line' id='line_1_38' title="bbox 394 2834 1963 2902; baseline -0.002 -13"><span class='ocrx_word' id='word_1_297' title='bbox 394 2834 601 2889; x_wconf 45' lang='lat' dir='ltr'><strong>tet.&#39;\&#39;el</strong></span> <span class='ocrx_word' id='word_1_298' title='bbox 623 2834 823 2887; x_wconf 72' lang='lat' dir='ltr'><strong>t-isitein</strong></span> <span class='ocrx_word' id='word_1_299' title='bbox 843 2834 1083 2902; x_wconf 66' lang='lat' dir='ltr'><strong>(emplum</strong></span> <span class='ocrx_word' id='word_1_300' title='bbox 1106 2835 1233 2899; x_wconf 84' lang='lat' dir='ltr'><strong>ejus.</strong></span> <span class='ocrx_word' id='word_1_301' title='bbox 1258 2834 1306 2885; x_wconf 92' lang='lat' dir='ltr'><strong>id</strong></span> <span class='ocrx_word' id='word_1_302' title='bbox 1332 2843 1433 2893; x_wconf 53' lang='lat' dir='ltr'><strong>est,</strong></span> <span class='ocrx_word' id='word_1_303' title='bbox 1458 2834 1863 2901; x_wconf 77' lang='lat' dir='ltr'><strong>pra-seutialiter</strong></span> <span class='ocrx_word' id='word_1_304' title='bbox 1881 2836 1963 2887; x_wconf 88' lang='lat' dir='ltr'><strong>vi—</strong></span> 
     </span>
    </p>
   </div>
   <div class='ocr_carea' id='block_1_39' title="bbox 393 2902 1960 2966">
    <p class='ocr_par' dir='ltr' id='par_1_39' title="bbox 393 2902 1960 2966">
     <span class='ocr_line' id='line_1_39' title="bbox 393 2902 1960 2966; baseline -0.003 -5"><span class='ocrx_word' id='word_1_305' title='bbox 393 2907 546 2961; x_wconf 86' lang='lat' dir='ltr'><strong>deam</strong></span> <span class='ocrx_word' id='word_1_306' title='bbox 562 2906 881 2957; x_wconf 87' lang='lat' dir='ltr'><strong>dominicum</strong></span> <span class='ocrx_word' id='word_1_307' title='bbox 902 2903 1189 2964; x_wconf 77' lang='lat' dir='ltr'><strong>hominem,</strong></span> <span class='ocrx_word' id='word_1_308' title='bbox 1209 2902 1473 2956; x_wconf 82' lang='lat' dir='ltr'><strong>Christum</strong></span> <span class='ocrx_word' id='word_1_309' title='bbox 1489 2904 1709 2966; x_wconf 72' lang='lat' dir='ltr'><strong>scilicet,</strong></span> <span class='ocrx_word' id='word_1_310' title='bbox 1726 2903 1813 2964; x_wconf 92' lang='lat' dir='ltr'><strong>qui</strong></span> <span class='ocrx_word' id='word_1_311' title='bbox 1833 2915 1960 2956; x_wconf 79' lang='lat' dir='ltr'><strong>tein-</strong></span> 
     </span>
    </p>
   </div>
   <div class='ocr_carea' id='block_1_40' title="bbox 396 2971 1956 3044">
    <p class='ocr_par' dir='ltr' id='par_1_40' title="bbox 396 2971 1956 3044">
     <span class='ocr_line' id='line_1_40' title="bbox 396 2971 1956 3044; baseline 0.001 -19"><span class='ocrx_word' id='word_1_312' title='bbox 396 2980 537 3044; x_wconf 86' lang='lat' dir='ltr'><strong>pltitn</strong></span> <span class='ocrx_word' id='word_1_313' title='bbox 556 2974 923 3044; x_wconf 75' lang='lat' dir='ltr'><strong>ipsiusl)omini</strong></span> <span class='ocrx_word' id='word_1_314' title='bbox 942 2982 1044 3044; x_wconf 87' lang='lat' dir='ltr'><strong>est.</strong></span> <span class='ocrx_word' id='word_1_315' title='bbox 1059 2971 1211 3044; x_wconf 67' lang='lat' dir='ltr'><strong>Juxta</strong></span> <span class='ocrx_word' id='word_1_316' title='bbox 1231 2973 1352 3025; x_wconf 91' lang='lat' dir='ltr'><strong>illttd</strong></span> <span class='ocrx_word' id='word_1_317' title='bbox 1372 2989 1383 3023; x_wconf 90' lang='lat'><strong>:</strong></span> <span class='ocrx_word' id='word_1_318' title='bbox 1405 2972 1539 3044; x_wconf 82' lang='lat' dir='ltr'><strong>Deus</strong></span> <span class='ocrx_word' id='word_1_319' title='bbox 1553 2982 1655 3024; x_wconf 73' lang='lat' dir='ltr'><strong>erat</strong></span> <span class='ocrx_word' id='word_1_320' title='bbox 1670 2973 1956 3044; x_wconf 61' lang='lat' dir='ltr'><strong>iaC/irino,</strong></span> 
     </span>
    </p>
   </div>
   <div class='ocr_carea' id='block_1_41' title="bbox 390 3041 1958 3111">
    <p class='ocr_par' dir='ltr' id='par_1_41' title="bbox 390 3041 1958 3111">
     <span class='ocr_line' id='line_1_41' title="bbox 390 3041 1958 3111; baseline -0.001 -12"><span class='ocrx_word' id='word_1_321' title='bbox 390 3041 633 3099; x_wconf 81' lang='lat' dir='ltr'><strong>mundum</strong></span> <span class='ocrx_word' id='word_1_322' title='bbox 658 3044 753 3096; x_wconf 89' lang='lat' dir='ltr'><strong>sibi</strong></span> <span class='ocrx_word' id='word_1_323' title='bbox 778 3043 1125 3096; x_wconf 73' lang='lat' dir='ltr'><strong>reconcilians.</strong></span> <span class='ocrx_word' id='word_1_324' title='bbox 1148 3042 1212 3095; x_wconf 80' lang='lat' dir='ltr'><strong>Et</strong></span> <span class='ocrx_word' id='word_1_325' title='bbox 1235 3045 1360 3096; x_wconf 83' lang='lat' dir='ltr'><strong>item</strong></span> <span class='ocrx_word' id='word_1_326' title='bbox 1383 3060 1393 3094; x_wconf 92' lang='lat'><strong>:</strong></span> <span class='ocrx_word' id='word_1_327' title='bbox 1420 3041 1484 3094; x_wconf 88' lang='lat' dir='ltr'><strong>In</strong></span> <span class='ocrx_word' id='word_1_328' title='bbox 1500 3059 1599 3111; x_wconf 83' lang='lat' dir='ltr'><strong>quo</strong></span> <span class='ocrx_word' id='word_1_329' title='bbox 1622 3042 1818 3095; x_wconf 86' lang='lat' dir='ltr'><strong>habitat</strong></span> <span class='ocrx_word' id='word_1_330' title='bbox 1848 3060 1958 3097; x_wconf 87' lang='lat' dir='ltr'><strong>om-</strong></span> 
     </span>
    </p>
   </div>
   <div class='ocr_carea' id='block_1_42' title="bbox 392 3113 1957 3184">
    <p class='ocr_par' dir='ltr' id='par_1_42' title="bbox 392 3113 1957 3184">
     <span class='ocr_line' id='line_1_42' title="bbox 392 3113 1957 3184; baseline -0.002 -16"><span class='ocrx_word' id='word_1_331' title='bbox 392 3121 470 3169; x_wconf 78' lang='lat' dir='ltr'><strong>nis</strong></span> <span class='ocrx_word' id='word_1_332' title='bbox 495 3118 750 3184; x_wconf 73' lang='lat' dir='ltr'><strong>plrniluilo</strong></span> <span class='ocrx_word' id='word_1_333' title='bbox 772 3114 1066 3176; x_wconf 72' lang='lat' dir='ltr'><strong>dil&#39;lllliaiis,</strong></span> <span class='ocrx_word' id='word_1_334' title='bbox 1089 3122 1142 3166; x_wconf 91' lang='lat' dir='ltr'><strong>et</strong></span> <span class='ocrx_word' id='word_1_335' title='bbox 1178 3113 1397 3179; x_wconf 72' lang='lat' dir='ltr'><strong>reliqua.</strong></span> <span class='ocrx_word' id='word_1_336' title='bbox 1421 3113 1670 3178; x_wconf 80' lang='lat' dir='ltr'><strong>Quoniam</strong></span> <span class='ocrx_word' id='word_1_337' title='bbox 1694 3116 1957 3167; x_wconf 55' lang='lat' dir='ltr'><strong>abscondit</strong></span> 
     </span>
    </p>
   </div>
   <div class='ocr_carea' id='block_1_43' title="bbox 392 3184 1949 3251">
    <p class='ocr_par' dir='ltr' id='par_1_43' title="bbox 392 3184 1949 3251">
     <span class='ocr_line' id='line_1_43' title="bbox 392 3184 1949 3251; baseline -0.001 -12"><span class='ocrx_word' id='word_1_338' title='bbox 392 3203 490 3240; x_wconf 89' lang='lat' dir='ltr'><strong>me.</strong></span> <span class='ocrx_word' id='word_1_339' title='bbox 541 3184 683 3241; x_wconf 82' lang='lat' dir='ltr'><strong>Talis</strong></span> <span class='ocrx_word' id='word_1_340' title='bbox 720 3192 800 3236; x_wconf 83' lang='lat' dir='ltr'><strong>est</strong></span> <span class='ocrx_word' id='word_1_341' title='bbox 841 3188 1139 3237; x_wconf 77' lang='lat' dir='ltr'><strong>sententia:</strong></span> <span class='ocrx_word' id='word_1_342' title='bbox 1171 3184 1331 3248; x_wconf 76' lang='lat' dir='ltr'><strong>Quasi</strong></span> <span class='ocrx_word' id='word_1_343' title='bbox 1375 3184 1423 3237; x_wconf 90' lang='lat' dir='ltr'><strong>ei</strong></span> <span class='ocrx_word' id='word_1_344' title='bbox 1466 3184 1657 3251; x_wconf 78' lang='lat' dir='ltr'><strong>aliquis</strong></span> <span class='ocrx_word' id='word_1_345' title='bbox 1704 3184 1949 3238; x_wconf 87' lang='lat' dir='ltr'><strong>diceret:</strong></span> 
     </span>
    </p>
   </div>
   <div class='ocr_carea' id='block_1_44' title="bbox 389 3254 1953 3323">
    <p class='ocr_par' dir='ltr' id='par_1_44' title="bbox 389 3254 1953 3323">
     <span class='ocr_line' id='line_1_44' title="bbox 389 3254 1953 3323; baseline -0.001 -13"><span class='ocrx_word' id='word_1_346' title='bbox 389 3258 568 3310; x_wconf 83' lang='lat' dir='ltr'><strong>Audes</strong></span> <span class='ocrx_word' id='word_1_347' title='bbox 600 3265 842 3321; x_wconf 77' lang='lat' dir='ltr'><strong>peccator</strong></span> <span class='ocrx_word' id='word_1_348' title='bbox 872 3254 1141 3306; x_wconf 89' lang='lat' dir='ltr'><strong>itntnnnde</strong></span> <span class='ocrx_word' id='word_1_349' title='bbox 1173 3254 1295 3306; x_wconf 87' lang='lat' dir='ltr'><strong>talia</strong></span> <span class='ocrx_word' id='word_1_350' title='bbox 1332 3263 1532 3323; x_wconf 89' lang='lat' dir='ltr'><strong>petere,</strong></span> <span class='ocrx_word' id='word_1_351' title='bbox 1565 3254 1728 3308; x_wconf 87' lang='lat' dir='ltr'><strong>audes</strong></span> <span class='ocrx_word' id='word_1_352' title='bbox 1775 3255 1953 3322; x_wconf 90' lang='lat' dir='ltr'><strong>inique</strong></span> 
     </span>
    </p>
   </div>
   <div class='ocr_carea' id='block_1_45' title="bbox 395 3323 1953 3394">
    <p class='ocr_par' dir='ltr' id='par_1_45' title="bbox 395 3323 1953 3394">
     <span class='ocr_line' id='line_1_45' title="bbox 395 3323 1953 3394; baseline -0.001 -15"><span class='ocrx_word' id='word_1_353' title='bbox 395 3338 632 3394; x_wconf 82' lang='lat' dir='ltr'><strong>peccator</strong></span> <span class='ocrx_word' id='word_1_354' title='bbox 693 3323 812 3376; x_wconf 86' lang='lat' dir='ltr'><strong>talia</strong></span> <span class='ocrx_word' id='word_1_355' title='bbox 868 3324 1129 3393; x_wconf 85' lang='lat' dir='ltr'><strong>sperare?</strong></span> <span class='ocrx_word' id='word_1_356' title='bbox 1157 3334 1210 3377; x_wconf 87' lang='lat' dir='ltr'><strong>et</strong></span> <span class='ocrx_word' id='word_1_357' title='bbox 1247 3324 1359 3390; x_wconf 85' lang='lat' dir='ltr'><strong>ipse</strong></span> <span class='ocrx_word' id='word_1_358' title='bbox 1406 3324 1691 3391; x_wconf 82' lang='lat' dir='ltr'><strong>rcSpondet</strong></span> <span class='ocrx_word' id='word_1_359' title='bbox 1727 3341 1744 3394; x_wconf 12' lang='lat'><strong>:7</strong></span> <span class='ocrx_word' id='word_1_360' title='bbox 1771 3327 1953 3377; x_wconf 74' lang='lat' dir='ltr'><strong>Audeo</strong></span> 
     </span>
    </p>
   </div>
   <div class='ocr_carea' id='block_1_46' title="bbox 390 3393 1952 3464">
    <p class='ocr_par' dir='ltr' id='par_1_46' title="bbox 390 3393 1952 3464">
     <span class='ocr_line' id='line_1_46' title="bbox 390 3393 1952 3464; baseline 0 -16"><span class='ocrx_word' id='word_1_361' title='bbox 390 3393 569 3464; x_wconf 86' lang='lat' dir='ltr'><strong>utique</strong></span> <span class='ocrx_word' id='word_1_362' title='bbox 614 3410 717 3447; x_wconf 90' lang='lat' dir='ltr'><strong>non</strong></span> <span class='ocrx_word' id='word_1_363' title='bbox 762 3410 825 3445; x_wconf 83' lang='lat' dir='ltr'><strong>ex</strong></span> <span class='ocrx_word' id='word_1_364' title='bbox 854 3410 968 3445; x_wconf 88' lang='lat' dir='ltr'><strong>tttca</strong></span> <span class='ocrx_word' id='word_1_365' title='bbox 1013 3394 1446 3461; x_wconf 64' lang='lat' dir='ltr'><strong>praesumptione,</strong></span> <span class='ocrx_word' id='word_1_366' title='bbox 1493 3396 1585 3448; x_wconf 90' lang='lat' dir='ltr'><strong>sed</strong></span> <span class='ocrx_word' id='word_1_367' title='bbox 1628 3408 1691 3447; x_wconf 81' lang='lat' dir='ltr'><strong>ex</strong></span> <span class='ocrx_word' id='word_1_368' title='bbox 1735 3393 1825 3446; x_wconf 89' lang='lat' dir='ltr'><strong>Dei</strong></span> <span class='ocrx_word' id='word_1_369' title='bbox 1871 3397 1952 3461; x_wconf 88' lang='lat' dir='ltr'><strong>pi-</strong></span> 
     </span>
    </p>
   </div>
   <div class='ocr_carea' id='block_1_47' title="bbox 394 3465 1955 3534">
    <p class='ocr_par' dir='ltr' id='par_1_47' title="bbox 394 3465 1955 3534">
     <span class='ocr_line' id='line_1_47' title="bbox 394 3465 1955 3534; baseline -0.003 -15"><span class='ocrx_word' id='word_1_370' title='bbox 394 3483 596 3534; x_wconf 76' lang='lat' dir='ltr'><strong>gnore;</strong></span> <span class='ocrx_word' id='word_1_371' title='bbox 626 3476 679 3518; x_wconf 92' lang='lat' dir='ltr'><strong>et</strong></span> <span class='ocrx_word' id='word_1_372' title='bbox 708 3465 939 3517; x_wconf 85' lang='lat' dir='ltr'><strong>ostendit</strong></span> <span class='ocrx_word' id='word_1_373' title='bbox 963 3465 1041 3516; x_wconf 88' lang='lat' dir='ltr'><strong>vel</strong></span> <span class='ocrx_word' id='word_1_374' title='bbox 1070 3480 1131 3517; x_wconf 89' lang='lat' dir='ltr'><strong>ex</strong></span> <span class='ocrx_word' id='word_1_375' title='bbox 1146 3474 1290 3532; x_wconf 79' lang='lat' dir='ltr'><strong>potiit</strong></span> <span class='ocrx_word' id='word_1_376' title='bbox 1322 3467 1488 3532; x_wconf 83' lang='lat' dir='ltr'><strong>ipsum</strong></span> <span class='ocrx_word' id='word_1_377' title='bbox 1520 3468 1724 3532; x_wconf 86' lang='lat' dir='ltr'><strong>pignus,</strong></span> <span class='ocrx_word' id='word_1_378' title='bbox 1758 3473 1813 3516; x_wconf 91' lang='lat' dir='ltr'><strong>ut</strong></span> <span class='ocrx_word' id='word_1_379' title='bbox 1840 3482 1955 3517; x_wconf 77' lang='lat' dir='ltr'><strong>uin-</strong></span> 
     </span>
    </p>
   </div>
   <div class='ocr_carea' id='block_1_48' title="bbox 391 3534 1955 3602">
    <p class='ocr_par' dir='ltr' id='par_1_48' title="bbox 391 3534 1955 3602">
     <span class='ocr_line' id='line_1_48' title="bbox 391 3534 1955 3602; baseline -0.002 -13"><span class='ocrx_word' id='word_1_380' title='bbox 391 3536 583 3590; x_wconf 83' lang='lat' dir='ltr'><strong>nileste</strong></span> <span class='ocrx_word' id='word_1_381' title='bbox 610 3536 878 3600; x_wconf 73' lang='lat' dir='ltr'><strong>ostendat,</strong></span> <span class='ocrx_word' id='word_1_382' title='bbox 905 3536 1025 3601; x_wconf 85' lang='lat' dir='ltr'><strong>quia</strong></span> <span class='ocrx_word' id='word_1_383' title='bbox 1058 3534 1099 3587; x_wconf 88' lang='lat' dir='ltr'><strong>si</strong></span> <span class='ocrx_word' id='word_1_384' title='bbox 1130 3534 1231 3587; x_wconf 81' lang='lat' dir='ltr'><strong>sibi</strong></span> <span class='ocrx_word' id='word_1_385' title='bbox 1276 3536 1323 3586; x_wconf 92' lang='lat' dir='ltr'><strong>in</strong></span> <span class='ocrx_word' id='word_1_386' title='bbox 1367 3538 1652 3601; x_wconf 71' lang='lat' dir='ltr'><strong>longinquo</strong></span> <span class='ocrx_word' id='word_1_387' title='bbox 1683 3536 1874 3602; x_wconf 91' lang='lat' dir='ltr'><strong>posito,</strong></span> <span class='ocrx_word' id='word_1_388' title='bbox 1905 3535 1955 3586; x_wconf 90' lang='lat' dir='ltr'><strong>id</strong></span> 
     </span>
    </p>
   </div>
   <div class='ocr_carea' id='block_1_49' title="bbox 390 3605 1960 3672">
    <p class='ocr_par' dir='ltr' id='par_1_49' title="bbox 390 3605 1960 3672">
     <span class='ocr_line' id='line_1_49' title="bbox 390 3605 1960 3672; baseline 0 -13"><span class='ocrx_word' id='word_1_389' title='bbox 390 3621 494 3670; x_wconf 75' lang='grc' dir='ltr'>εει,</span> <span class='ocrx_word' id='word_1_390' title='bbox 539 3610 589 3658; x_wconf 84' lang='lat' dir='ltr'><strong>in</strong></span> <span class='ocrx_word' id='word_1_391' title='bbox 642 3606 739 3658; x_wconf 92' lang='lat' dir='ltr'><strong>liac</strong></span> <span class='ocrx_word' id='word_1_392' title='bbox 767 3609 868 3657; x_wconf 86' lang='lat' dir='ltr'><strong>vita</strong></span> <span class='ocrx_word' id='word_1_393' title='bbox 908 3619 1025 3672; x_wconf 61' lang='lat' dir='ltr'><strong>qua:</strong></span> <span class='ocrx_word' id='word_1_394' title='bbox 1069 3605 1315 3657; x_wconf 81' lang='lat' dir='ltr'><strong>exsilium</strong></span> <span class='ocrx_word' id='word_1_395' title='bbox 1362 3616 1464 3664; x_wconf 88' lang='lat' dir='ltr'><strong>est,</strong></span> <span class='ocrx_word' id='word_1_396' title='bbox 1504 3605 1651 3671; x_wconf 85' lang='lat' dir='ltr'><strong>juxta</strong></span> <span class='ocrx_word' id='word_1_397' title='bbox 1702 3607 1841 3672; x_wconf 86' lang='lat' dir='ltr'><strong>quod</strong></span> <span class='ocrx_word' id='word_1_398' title='bbox 1882 3606 1960 3659; x_wconf 76' lang='lat' dir='ltr'><strong>ait.</strong></span> 
     </span>
    </p>
   </div>
   <div class='ocr_carea' id='block_1_50' title="bbox 388 3674 1955 3745">
    <p class='ocr_par' dir='ltr' id='par_1_50' title="bbox 388 3674 1955 3745">
     <span class='ocr_line' id='line_1_50' title="bbox 388 3674 1955 3745; baseline -0.003 -15"><span class='ocrx_word' id='word_1_399' title='bbox 388 3677 676 3745; x_wconf 83' lang='lat' dir='ltr'><strong>Apostolus</strong></span> <span class='ocrx_word' id='word_1_400' title='bbox 709 3692 720 3726; x_wconf 89' lang='lat'><strong>:</strong></span> <span class='ocrx_word' id='word_1_401' title='bbox 755 3674 887 3727; x_wconf 90' lang='lat' dir='ltr'><strong>Dum</strong></span> <span class='ocrx_word' id='word_1_402' title='bbox 934 3674 1065 3726; x_wconf 87' lang='lat' dir='ltr'><strong>enim</strong></span> <span class='ocrx_word' id='word_1_403' title='bbox 1102 3690 1275 3745; x_wconf 88' lang='lat' dir='ltr'><strong>sumus</strong></span> <span class='ocrx_word' id='word_1_404' title='bbox 1302 3674 1353 3725; x_wconf 88' lang='lat' dir='ltr'><strong>iii</strong></span> <span class='ocrx_word' id='word_1_405' title='bbox 1393 3690 1624 3738; x_wconf 86' lang='lat' dir='ltr'><strong>corpore,</strong></span> <span class='ocrx_word' id='word_1_406' title='bbox 1655 3676 1955 3745; x_wconf 75' lang='lat' dir='ltr'><strong>peregrina-</strong></span> 
     </span>
    </p>
   </div>
   <div class='ocr_carea' id='block_1_51' title="bbox 389 3744 1951 3812">
    <p class='ocr_par' dir='ltr' id='par_1_51' title="bbox 389 3744 1951 3812">
     <span class='ocr_line' id='line_1_51' title="bbox 389 3744 1951 3812; baseline 0 -15"><span class='ocrx_word' id='word_1_407' title='bbox 389 3744 505 3800; x_wconf 85' lang='lat' dir='ltr'><strong>ntur</strong></span> <span class='ocrx_word' id='word_1_408' title='bbox 554 3761 585 3798; x_wconf 90' lang='lat' dir='ltr'><strong>a</strong></span> <span class='ocrx_word' id='word_1_409' title='bbox 630 3746 868 3808; x_wconf 86' lang='lat' dir='ltr'><strong>Domino,</strong></span> <span class='ocrx_word' id='word_1_410' title='bbox 902 3745 1021 3797; x_wconf 87' lang='lat' dir='ltr'><strong>talia</strong></span> <span class='ocrx_word' id='word_1_411' title='bbox 1073 3760 1177 3797; x_wconf 93' lang='lat' dir='ltr'><strong>non</strong></span> <span class='ocrx_word' id='word_1_412' title='bbox 1208 3744 1511 3812; x_wconf 78' lang='lat' dir='ltr'><strong>denegavit,</strong></span> <span class='ocrx_word' id='word_1_413' title='bbox 1568 3755 1692 3797; x_wconf 91' lang='lat' dir='ltr'><strong>tunc</strong></span> <span class='ocrx_word' id='word_1_414' title='bbox 1751 3744 1815 3797; x_wconf 84' lang='lat' dir='ltr'><strong>ex</strong></span> <span class='ocrx_word' id='word_1_415' title='bbox 1872 3749 1951 3796; x_wconf 86' lang='lat' dir='ltr'><strong>vi-</strong></span> 
     </span>
    </p>
   </div>
   <div class='ocr_carea' id='block_1_52' title="bbox 389 3814 1952 3884">
    <p class='ocr_par' dir='ltr' id='par_1_52' title="bbox 389 3814 1952 3884">
     <span class='ocr_line' id='line_1_52' title="bbox 389 3814 1952 3884; baseline -0.001 -13"><span class='ocrx_word' id='word_1_416' title='bbox 389 3820 514 3871; x_wconf 88' lang='lat' dir='ltr'><strong>cino</strong></span> <span class='ocrx_word' id='word_1_417' title='bbox 564 3818 728 3869; x_wconf 84' lang='lat' dir='ltr'><strong>multo</strong></span> <span class='ocrx_word' id='word_1_418' title='bbox 774 3816 950 3868; x_wconf 89' lang='lat' dir='ltr'><strong>minus</strong></span> <span class='ocrx_word' id='word_1_419' title='bbox 982 3814 1101 3867; x_wconf 89' lang='lat' dir='ltr'><strong>talia</strong></span> <span class='ocrx_word' id='word_1_420' title='bbox 1131 3818 1177 3867; x_wconf 91' lang='lat' dir='ltr'><strong>ei</strong></span> <span class='ocrx_word' id='word_1_421' title='bbox 1227 3816 1525 3881; x_wconf 75' lang='lat' dir='ltr'><strong>denegabit,</strong></span> <span class='ocrx_word' id='word_1_422' title='bbox 1566 3816 1741 3884; x_wconf 82' lang='lat' dir='ltr'><strong>qualia</strong></span> <span class='ocrx_word' id='word_1_423' title='bbox 1793 3818 1952 3869; x_wconf 85' lang='lat' dir='ltr'><strong>modo</strong></span> 
     </span>
    </p>
   </div>
   <div class='ocr_carea' id='block_1_53' title="bbox 389 3884 1953 3955">
    <p class='ocr_par' dir='ltr' id='par_1_53' title="bbox 389 3884 1953 3955">
     <span class='ocr_line' id='line_1_53' title="bbox 389 3884 1953 3955; baseline 0.001 -19"><span class='ocrx_word' id='word_1_424' title='bbox 389 3888 655 3955; x_wconf 64' lang='lat' dir='ltr'><strong>praedixit.</strong></span> <span class='ocrx_word' id='word_1_425' title='bbox 690 3885 887 3939; x_wconf 83' lang='lat' dir='ltr'><strong>Littera</strong></span> <span class='ocrx_word' id='word_1_426' title='bbox 933 3894 1112 3938; x_wconf 88' lang='lat' dir='ltr'><strong>autem</strong></span> <span class='ocrx_word' id='word_1_427' title='bbox 1157 3884 1235 3937; x_wconf 88' lang='lat' dir='ltr'><strong>sic</strong></span> <span class='ocrx_word' id='word_1_428' title='bbox 1263 3886 1694 3938; x_wconf 81' lang='lat' dir='ltr'><strong>centtnuabitur:</strong></span> <span class='ocrx_word' id='word_1_429' title='bbox 1742 3886 1849 3939; x_wconf 82' lang='lat' dir='ltr'><strong>liae</strong></span> <span class='ocrx_word' id='word_1_430' title='bbox 1892 3890 1953 3938; x_wconf 93' lang='lat' dir='ltr'><strong>li-</strong></span> 
     </span>
    </p>
   </div>
   <div class='ocr_carea' id='block_1_54' title="bbox 389 3955 1949 4024">
    <p class='ocr_par' dir='ltr' id='par_1_54' title="bbox 389 3955 1949 4024">
     <span class='ocr_line' id='line_1_54' title="bbox 389 3955 1949 4024; baseline -0.001 -14"><span class='ocrx_word' id='word_1_431' title='bbox 389 3960 540 4011; x_wconf 86' lang='lat' dir='ltr'><strong>ducia</strong></span> <span class='ocrx_word' id='word_1_432' title='bbox 582 3970 795 4021; x_wconf 85' lang='lat' dir='ltr'><strong>semper</strong></span> <span class='ocrx_word' id='word_1_433' title='bbox 842 3970 1108 4021; x_wconf 72' lang='lat' dir='ltr'><strong>requirant</strong></span> <span class='ocrx_word' id='word_1_434' title='bbox 1158 3955 1520 4021; x_wconf 84' lang='lat' dir='ltr'><strong>suprailictaiu</strong></span> <span class='ocrx_word' id='word_1_435' title='bbox 1563 3958 1870 4024; x_wconf 76' lang='lat' dir='ltr'><strong>petiliuttcllt</strong></span> <span class='ocrx_word' id='word_1_436' title='bbox 1920 3972 1949 4009; x_wconf 90' lang='lat' dir='ltr'><strong>a</strong></span> 
     </span>
    </p>
   </div>
   <div class='ocr_carea' id='block_1_55' title="bbox 390 4024 1951 4093">
    <p class='ocr_par' dir='ltr' id='par_1_55' title="bbox 390 4024 1951 4093">
     <span class='ocr_line' id='line_1_55' title="bbox 390 4024 1951 4093; baseline 0.001 -14"><span class='ocrx_word' id='word_1_437' title='bbox 390 4027 632 4091; x_wconf 88' lang='lat' dir='ltr'><strong>Domino,</strong></span> <span class='ocrx_word' id='word_1_438' title='bbox 666 4026 915 4092; x_wconf 85' lang='lat' dir='ltr'><strong>quoniam</strong></span> <span class='ocrx_word' id='word_1_439' title='bbox 952 4026 1204 4079; x_wconf 83' lang='lat' dir='ltr'><strong>Dominus</strong></span> <span class='ocrx_word' id='word_1_440' title='bbox 1232 4024 1344 4093; x_wconf 87' lang='lat' dir='ltr'><strong>jam</strong></span> <span class='ocrx_word' id='word_1_441' title='bbox 1372 4027 1501 4079; x_wconf 90' lang='lat' dir='ltr'><strong>milii</strong></span> <span class='ocrx_word' id='word_1_442' title='bbox 1545 4028 1757 4079; x_wconf 87' lang='lat' dir='ltr'><strong>arrliam</strong></span> <span class='ocrx_word' id='word_1_443' title='bbox 1800 4027 1951 4080; x_wconf 75' lang='lat' dir='ltr'><strong>dedit</strong></span> 
     </span>
    </p>
   </div>
   <div class='ocr_carea' id='block_1_56' title="bbox 388 4094 1950 4163">
    <p class='ocr_par' dir='ltr' id='par_1_56' title="bbox 388 4094 1950 4163">
     <span class='ocr_line' id='line_1_56' title="bbox 388 4094 1950 4163; baseline 0.001 -14"><span class='ocrx_word' id='word_1_444' title='bbox 388 4096 528 4149; x_wconf 88' lang='lat' dir='ltr'><strong>illius</strong></span> <span class='ocrx_word' id='word_1_445' title='bbox 571 4096 840 4163; x_wconf 90' lang='lat' dir='ltr'><strong>petitionis</strong></span> <span class='ocrx_word' id='word_1_446' title='bbox 876 4112 887 4144; x_wconf 90' lang='lat'><strong>:</strong></span> <span class='ocrx_word' id='word_1_447' title='bbox 918 4094 1036 4159; x_wconf 89' lang='lat' dir='ltr'><strong>quia</strong></span> <span class='ocrx_word' id='word_1_448' title='bbox 1091 4110 1175 4147; x_wconf 88' lang='lat' dir='ltr'><strong>me</strong></span> <span class='ocrx_word' id='word_1_449' title='bbox 1215 4097 1443 4161; x_wconf 89' lang='lat' dir='ltr'><strong>positunt</strong></span> <span class='ocrx_word' id='word_1_450' title='bbox 1504 4096 1554 4148; x_wconf 91' lang='lat' dir='ltr'><strong>iti</strong></span> <span class='ocrx_word' id='word_1_451' title='bbox 1607 4098 1950 4150; x_wconf 76' lang='lat' dir='ltr'><strong>tabernatulo</strong></span> 
     </span>
    </p>
   </div>
   <div class='ocr_carea' id='block_1_57' title="bbox 390 4165 1950 4231">
    <p class='ocr_par' dir='ltr' id='par_1_57' title="bbox 390 4165 1950 4231">
     <span class='ocr_line' id='line_1_57' title="bbox 390 4165 1950 4231; baseline 0.001 -13"><span class='ocrx_word' id='word_1_452' title='bbox 390 4180 508 4228; x_wconf 87' lang='lat' dir='ltr'><strong>suo,</strong></span> <span class='ocrx_word' id='word_1_453' title='bbox 558 4168 607 4218; x_wconf 88' lang='lat' dir='ltr'><strong>id</strong></span> <span class='ocrx_word' id='word_1_454' title='bbox 661 4172 762 4227; x_wconf 69' lang='lat' dir='ltr'><strong>est,</strong></span> <span class='ocrx_word' id='word_1_455' title='bbox 806 4165 855 4215; x_wconf 88' lang='lat' dir='ltr'><strong>iii</strong></span> <span class='ocrx_word' id='word_1_456' title='bbox 907 4166 1141 4216; x_wconf 62' lang='lat' dir='ltr'><strong>lacclesia</strong></span> <span class='ocrx_word' id='word_1_457' title='bbox 1192 4179 1306 4229; x_wconf 87' lang='lat' dir='ltr'><strong>sua,</strong></span> <span class='ocrx_word' id='word_1_458' title='bbox 1362 4181 1479 4231; x_wconf 75' lang='lat' dir='ltr'><strong>qua:</strong></span> <span class='ocrx_word' id='word_1_459' title='bbox 1531 4169 1721 4218; x_wconf 87' lang='lat' dir='ltr'><strong>merito</strong></span> <span class='ocrx_word' id='word_1_460' title='bbox 1773 4168 1950 4219; x_wconf 84' lang='lat' dir='ltr'><strong>taber-</strong></span> 
     </span>
    </p>
   </div>
   <div class='ocr_carea' id='block_1_58' title="bbox 390 4235 1946 4303">
    <p class='ocr_par' dir='ltr' id='par_1_58' title="bbox 390 4235 1946 4303">
     <span class='ocr_line' id='line_1_58' title="bbox 390 4235 1946 4303; baseline -0.001 -14"><span class='ocrx_word' id='word_1_461' title='bbox 390 4238 578 4290; x_wconf 83' lang='lat' dir='ltr'><strong>naculo</strong></span> <span class='ocrx_word' id='word_1_462' title='bbox 625 4241 984 4303; x_wconf 88' lang='lat' dir='ltr'><strong>comparatur,</strong></span> <span class='ocrx_word' id='word_1_463' title='bbox 1011 4235 1129 4300; x_wconf 89' lang='lat' dir='ltr'><strong>quia</strong></span> <span class='ocrx_word' id='word_1_464' title='bbox 1171 4244 1277 4286; x_wconf 89' lang='lat' dir='ltr'><strong>tota</strong></span> <span class='ocrx_word' id='word_1_465' title='bbox 1325 4235 1437 4289; x_wconf 68' lang='lat' dir='ltr'><strong>lucc</strong></span> <span class='ocrx_word' id='word_1_466' title='bbox 1484 4236 1585 4287; x_wconf 88' lang='lat' dir='ltr'><strong>vita</strong></span> <span class='ocrx_word' id='word_1_467' title='bbox 1628 4240 1763 4303; x_wconf 88' lang='lat' dir='ltr'><strong>gerit</strong></span> <span class='ocrx_word' id='word_1_468' title='bbox 1811 4236 1946 4289; x_wconf 47' lang='lat' dir='ltr'><strong>btlla</strong></span> 
     </span>
    </p>
   </div>
   <div class='ocr_carea' id='block_1_59' title="bbox 386 4304 1945 4372">
    <p class='ocr_par' dir='ltr' id='par_1_59' title="bbox 386 4304 1945 4372">
     <span class='ocr_line' id='line_1_59' title="bbox 386 4304 1945 4372; baseline -0.001 -13"><span class='ocrx_word' id='word_1_469' title='bbox 386 4315 570 4360; x_wconf 87' lang='lat' dir='ltr'><strong>contra</strong></span> <span class='ocrx_word' id='word_1_470' title='bbox 600 4306 724 4357; x_wconf 91' lang='lat' dir='ltr'><strong>vitia</strong></span> <span class='ocrx_word' id='word_1_471' title='bbox 754 4314 809 4356; x_wconf 87' lang='lat' dir='ltr'><strong>et</strong></span> <span class='ocrx_word' id='word_1_472' title='bbox 841 4304 1072 4356; x_wconf 86' lang='lat' dir='ltr'><strong>carnalia</strong></span> <span class='ocrx_word' id='word_1_473' title='bbox 1103 4306 1385 4366; x_wconf 75' lang='lat' dir='ltr'><strong>desideria,</strong></span> <span class='ocrx_word' id='word_1_474' title='bbox 1434 4307 1716 4369; x_wconf 78' lang='lat' dir='ltr'><strong>abscondit,</strong></span> <span class='ocrx_word' id='word_1_475' title='bbox 1761 4308 1809 4358; x_wconf 90' lang='lat' dir='ltr'><strong>id</strong></span> <span class='ocrx_word' id='word_1_476' title='bbox 1842 4320 1945 4372; x_wconf 74' lang='grc' dir='ltr'>εει,</span> 
     </span>
    </p>
   </div>
   <div class='ocr_carea' id='block_1_60' title="bbox 388 4374 1944 4444">
    <p class='ocr_par' dir='ltr' id='par_1_60' title="bbox 388 4374 1944 4444">
     <span class='ocr_line' id='line_1_60' title="bbox 388 4374 1944 4444; baseline -0.001 -14"><span class='ocrx_word' id='word_1_477' title='bbox 388 4392 441 4430; x_wconf 83' lang='grc' dir='ltr'>ιη</span> <span class='ocrx_word' id='word_1_478' title='bbox 466 4377 778 4430; x_wconf 88' lang='lat' dir='ltr'><strong>abscondito</strong></span> <span class='ocrx_word' id='word_1_479' title='bbox 806 4374 1107 4437; x_wconf 86' lang='lat' dir='ltr'><strong>collocavit,</strong></span> <span class='ocrx_word' id='word_1_480' title='bbox 1137 4378 1255 4443; x_wconf 85' lang='lat' dir='ltr'><strong>quia</strong></span> <span class='ocrx_word' id='word_1_481' title='bbox 1290 4390 1383 4443; x_wconf 90' lang='lat' dir='ltr'><strong>per</strong></span> <span class='ocrx_word' id='word_1_482' title='bbox 1409 4378 1586 4439; x_wconf 85' lang='lat' dir='ltr'><strong>tidem,</strong></span> <span class='ocrx_word' id='word_1_483' title='bbox 1621 4390 1790 4444; x_wconf 87' lang='lat' dir='ltr'><strong>spem,</strong></span> <span class='ocrx_word' id='word_1_484' title='bbox 1814 4378 1944 4430; x_wconf 85' lang='lat' dir='ltr'><strong>clia-</strong></span> 
     </span>
    </p>
   </div>
   <div class='ocr_carea' id='block_1_61' title="bbox 388 4445 1946 4511">
    <p class='ocr_par' dir='ltr' id='par_1_61' title="bbox 388 4445 1946 4511">
     <span class='ocr_line' id='line_1_61' title="bbox 388 4445 1946 4511; baseline -0.004 -8"><span class='ocrx_word' id='word_1_485' title='bbox 388 4448 597 4503; x_wconf 74' lang='lat' dir='ltr'><strong>l&#39;itatem</strong></span> <span class='ocrx_word' id='word_1_486' title='bbox 643 4461 727 4499; x_wconf 89' lang='lat' dir='ltr'><strong>me</strong></span> <span class='ocrx_word' id='word_1_487' title='bbox 773 4445 1015 4497; x_wconf 80' lang='lat' dir='ltr'><strong>armavit.</strong></span> <span class='ocrx_word' id='word_1_488' title='bbox 1044 4446 1174 4511; x_wconf 77' lang='lat' dir='ltr'><strong>Qua:</strong></span> <span class='ocrx_word' id='word_1_489' title='bbox 1205 4447 1395 4498; x_wconf 82' lang='lat' dir='ltr'><strong>mei-ito</strong></span> <span class='ocrx_word' id='word_1_490' title='bbox 1424 4446 1731 4500; x_wconf 85' lang='lat' dir='ltr'><strong>abscoodita</strong></span> <span class='ocrx_word' id='word_1_491' title='bbox 1760 4448 1946 4500; x_wconf 81' lang='lat' dir='ltr'><strong>dicitn-</strong></span> 
     </span>
    </p>
   </div>
   <div class='ocr_carea' id='block_1_62' title="bbox 2088 518 3663 585">
    <p class='ocr_par' dir='ltr' id='par_1_62' title="bbox 2088 518 3663 585">
     <span class='ocr_line' id='line_1_62' title="bbox 2088 518 3663 585; baseline 0.008 -15"><span class='ocrx_word' id='word_1_492' title='bbox 2088 519 2386 571; x_wconf 81' lang='lat' dir='ltr'><strong>obscoiidita</strong></span> <span class='ocrx_word' id='word_1_493' title='bbox 2420 530 2491 570; x_wconf 64' lang='grc' dir='ltr'>εει</span> <span class='ocrx_word' id='word_1_494' title='bbox 2523 535 2635 570; x_wconf 88' lang='lat' dir='ltr'><strong>cum</strong></span> <span class='ocrx_word' id='word_1_495' title='bbox 2663 518 2865 571; x_wconf 81' lang='lat' dir='ltr'><strong>Christo</strong></span> <span class='ocrx_word' id='word_1_496' title='bbox 2898 523 2948 573; x_wconf 92' lang='lat' dir='ltr'><strong>in</strong></span> <span class='ocrx_word' id='word_1_497' title='bbox 2991 518 3116 581; x_wconf 85' lang='lat' dir='ltr'><strong>Deo,</strong></span> <span class='ocrx_word' id='word_1_498' title='bbox 3163 533 3207 574; x_wconf 91' lang='lat' dir='ltr'><strong>et</strong></span> <span class='ocrx_word' id='word_1_499' title='bbox 3249 539 3341 576; x_wconf 89' lang='lat' dir='ltr'><strong>nos</strong></span> <span class='ocrx_word' id='word_1_500' title='bbox 3364 523 3433 578; x_wconf 88' lang='lat' dir='ltr'><strong>ibi</strong></span> <span class='ocrx_word' id='word_1_501' title='bbox 3461 541 3663 585; x_wconf 81' lang='lat' dir='ltr'><strong>sursum</strong></span> 
     </span>
    </p>
   </div>
   <div class='ocr_carea' id='block_1_63' title="bbox 2085 588 3665 666">
    <p class='ocr_par' dir='ltr' id='par_1_63' title="bbox 2085 588 3665 666">
     <span class='ocr_line' id='line_1_63' title="bbox 2085 588 3665 666; baseline 0.006 -26"><span class='ocrx_word' id='word_1_502' title='bbox 2085 606 2211 666; x_wconf 64' lang='lat' dir='ltr'><strong>cuni</strong></span> <span class='ocrx_word' id='word_1_503' title='bbox 2229 592 2546 666; x_wconf 14' lang='lat' dir='ltr'><strong>ipso‘sumus</strong></span> <span class='ocrx_word' id='word_1_504' title='bbox 2564 606 2651 666; x_wconf 84' lang='lat' dir='ltr'><strong>per</strong></span> <span class='ocrx_word' id='word_1_505' title='bbox 2682 588 2853 656; x_wconf 82' lang='lat' dir='ltr'><strong>ﬁdem,</strong></span> <span class='ocrx_word' id='word_1_506' title='bbox 2889 606 3049 666; x_wconf 79' lang='lat' dir='ltr'><strong>spem,</strong></span> <span class='ocrx_word' id='word_1_507' title='bbox 3083 592 3399 666; x_wconf 74' lang='lat' dir='ltr'><strong>cliariialem.</strong></span> <span class='ocrx_word' id='word_1_508' title='bbox 3448 596 3511 648; x_wconf 66' lang='lat' dir='ltr'><strong>Et</strong></span> <span class='ocrx_word' id='word_1_509' title='bbox 3553 601 3665 666; x_wconf 79' lang='lat' dir='ltr'><strong>ipse</strong></span> 
     </span>
    </p>
   </div>
   <div class='ocr_carea' id='block_1_64' title="bbox 2083 659 3662 727">
    <p class='ocr_par' dir='ltr' id='par_1_64' title="bbox 2083 659 3662 727">
     <span class='ocr_line' id='line_1_64' title="bbox 2083 659 3662 727; baseline 0.008 -16"><span class='ocrx_word' id='word_1_510' title='bbox 2083 659 2173 712; x_wconf 89' lang='lat' dir='ltr'><strong>hic</strong></span> <span class='ocrx_word' id='word_1_511' title='bbox 2202 660 2423 711; x_wconf 83' lang='lat' dir='ltr'><strong>itil&#39;eritis</strong></span> <span class='ocrx_word' id='word_1_512' title='bbox 2464 660 2737 712; x_wconf 87' lang='lat' dir='ltr'><strong>uobiscum</strong></span> <span class='ocrx_word' id='word_1_513' title='bbox 2771 668 2854 712; x_wconf 89' lang='lat' dir='ltr'><strong>est</strong></span> <span class='ocrx_word' id='word_1_514' title='bbox 2887 677 2978 727; x_wconf 87' lang='lat' dir='ltr'><strong>per</strong></span> <span class='ocrx_word' id='word_1_515' title='bbox 3011 663 3297 715; x_wconf 84' lang='lat' dir='ltr'><strong>bonitatem</strong></span> <span class='ocrx_word' id='word_1_516' title='bbox 3332 705 3346 727; x_wconf 93' lang='lat'><strong>,</strong></span> <span class='ocrx_word' id='word_1_517' title='bbox 3391 659 3662 723; x_wconf 50' lang='lat' dir='ltr'><strong>deieos&#39;io-</strong></span> 
     </span>
    </p>
   </div>
   <div class='ocr_carea' id='block_1_65' title="bbox 2082 729 3665 804">
    <p class='ocr_par' dir='ltr' id='par_1_65' title="bbox 2082 729 3665 804">
     <span class='ocr_line' id='line_1_65' title="bbox 2082 729 3665 804; baseline 0.001 -22"><span class='ocrx_word' id='word_1_518' title='bbox 2082 744 2227 791; x_wconf 82' lang='lat' dir='ltr'><strong>tietn,</strong></span> <span class='ocrx_word' id='word_1_519' title='bbox 2259 741 2309 780; x_wconf 89' lang='lat' dir='ltr'><strong>et</strong></span> <span class='ocrx_word' id='word_1_520' title='bbox 2334 729 2572 804; x_wconf 76' lang='lat' dir='ltr'><strong>corporis</strong></span> <span class='ocrx_word' id='word_1_521' title='bbox 2600 732 2680 782; x_wconf 89' lang='lat' dir='ltr'><strong>sui</strong></span> <span class='ocrx_word' id='word_1_522' title='bbox 2715 732 2967 804; x_wconf 76' lang='lat' dir='ltr'><strong>unitatem</strong></span> <span class='ocrx_word' id='word_1_523' title='bbox 2987 773 2999 794; x_wconf 96' lang='lat'><strong>,</strong></span> <span class='ocrx_word' id='word_1_524' title='bbox 3025 731 3180 799; x_wconf 88' lang='lat' dir='ltr'><strong>juxta</strong></span> <span class='ocrx_word' id='word_1_525' title='bbox 3211 738 3348 799; x_wconf 88' lang='lat' dir='ltr'><strong>quod</strong></span> <span class='ocrx_word' id='word_1_526' title='bbox 3379 740 3494 801; x_wconf 90' lang='lat' dir='ltr'><strong>ipse</strong></span> <span class='ocrx_word' id='word_1_527' title='bbox 3524 754 3665 804; x_wconf 87' lang='lat' dir='ltr'><strong>pro-</strong></span> 
     </span>
    </p>
   </div>
   <div class='ocr_carea' id='block_1_66' title="bbox 2081 798 3663 868">
    <p class='ocr_par' dir='ltr' id='par_1_66' title="bbox 2081 798 3663 868">
     <span class='ocr_line' id='line_1_66' title="bbox 2081 798 3663 868; baseline 0.008 -18"><span class='ocrx_word' id='word_1_528' title='bbox 2081 801 2228 851; x_wconf 84' lang='lat' dir='ltr'><strong>misit</strong></span> <span class='ocrx_word' id='word_1_529' title='bbox 2271 802 2453 851; x_wconf 85' lang='lat' dir='ltr'><strong>dicens</strong></span> <span class='ocrx_word' id='word_1_530' title='bbox 2479 816 2491 851; x_wconf 90' lang='lat'><strong>:</strong></span> <span class='ocrx_word' id='word_1_531' title='bbox 2519 798 2650 851; x_wconf 79' lang='lat' dir='ltr'><strong>Ecce</strong></span> <span class='ocrx_word' id='word_1_532' title='bbox 2692 814 2780 868; x_wconf 82' lang='lat' dir='ltr'><strong>ego</strong></span> <span class='ocrx_word' id='word_1_533' title='bbox 2806 798 3058 853; x_wconf 76' lang='lat' dir='ltr'><strong>vobiscum</strong></span> <span class='ocrx_word' id='word_1_534' title='bbox 3086 818 3197 854; x_wconf 86' lang='lat' dir='ltr'><strong>sum</strong></span> <span class='ocrx_word' id='word_1_535' title='bbox 3230 798 3460 857; x_wconf 74' lang='lat' dir='ltr'><strong>amnibus</strong></span> <span class='ocrx_word' id='word_1_536' title='bbox 3484 798 3663 863; x_wconf 82' lang='lat' dir='ltr'><strong>diebus</strong></span> 
     </span>
    </p>
   </div>
   <div class='ocr_carea' id='block_1_67' title="bbox 2080 870 3664 937">
    <p class='ocr_par' dir='ltr' id='par_1_67' title="bbox 2080 870 3664 937">
     <span class='ocr_line' id='line_1_67' title="bbox 2080 870 3664 937; baseline 0.007 -17"><span class='ocrx_word' id='word_1_537' title='bbox 2080 871 2194 921; x_wconf 71' lang='lat' dir='ltr'><strong>vita:</strong></span> <span class='ocrx_word' id='word_1_538' title='bbox 2219 879 2413 933; x_wconf 80' lang='lat' dir='ltr'><strong>vestrie,</strong></span> <span class='ocrx_word' id='word_1_539' title='bbox 2442 884 2598 937; x_wconf 82' lang='lat' dir='ltr'><strong>usque</strong></span> <span class='ocrx_word' id='word_1_540' title='bbox 2626 870 2691 921; x_wconf 91' lang='lat' dir='ltr'><strong>ad</strong></span> <span class='ocrx_word' id='word_1_541' title='bbox 2713 874 3195 924; x_wconf 79' lang='lat' dir='ltr'><strong>consummationem</strong></span> <span class='ocrx_word' id='word_1_542' title='bbox 3224 876 3420 928; x_wconf 77' lang='lat' dir='ltr'><strong>swculi.</strong></span> <span class='ocrx_word' id='word_1_543' title='bbox 3448 876 3513 928; x_wconf 80' lang='lat' dir='ltr'><strong>Et</strong></span> <span class='ocrx_word' id='word_1_544' title='bbox 3536 894 3664 934; x_wconf 88' lang='lat' dir='ltr'><strong>vere</strong></span> 
     </span>
    </p>
   </div>
   <div class='ocr_carea' id='block_1_68' title="bbox 2081 939 3661 1013">
    <p class='ocr_par' dir='ltr' id='par_1_68' title="bbox 2081 939 3661 1013">
     <span class='ocr_line' id='line_1_68' title="bbox 2081 939 3661 1013; baseline 0.008 -22"><span class='ocrx_word' id='word_1_545' title='bbox 2081 939 2355 1013; x_wconf 82' lang='lat' dir='ltr'><strong>nobiscum</strong></span> <span class='ocrx_word' id='word_1_546' title='bbox 2390 940 2637 1013; x_wconf 86' lang='lat' dir='ltr'><strong>est,quia</strong></span> <span class='ocrx_word' id='word_1_547' title='bbox 2669 940 2903 1008; x_wconf 91' lang='lat' dir='ltr'><strong>alioquin</strong></span> <span class='ocrx_word' id='word_1_548' title='bbox 2955 941 3116 1013; x_wconf 59' lang='lat' dir='ltr'><strong>lfaolo</strong></span> <span class='ocrx_word' id='word_1_549' title='bbox 3168 948 3508 1013; x_wconf 89' lang='lat' dir='ltr'><strong>persequenti</strong></span> <span class='ocrx_word' id='word_1_550' title='bbox 3555 950 3661 1003; x_wconf 78' lang='lat' dir='ltr'><strong>Ec—</strong></span> 
     </span>
    </p>
   </div>
   <div class='ocr_carea' id='block_1_69' title="bbox 2079 1010 3664 1081">
    <p class='ocr_par' dir='ltr' id='par_1_69' title="bbox 2079 1010 3664 1081">
     <span class='ocr_line' id='line_1_69' title="bbox 2079 1010 3664 1081; baseline 0.004 -19"><span class='ocrx_word' id='word_1_551' title='bbox 2079 1010 2297 1062; x_wconf 89' lang='lat' dir='ltr'><strong>clesiatn</strong></span> <span class='ocrx_word' id='word_1_552' title='bbox 2329 1024 2433 1081; x_wconf 89' lang='lat' dir='ltr'><strong>non</strong></span> <span class='ocrx_word' id='word_1_553' title='bbox 2478 1012 2678 1062; x_wconf 53' lang='lat' dir='ltr'><strong>dictum</strong></span> <span class='ocrx_word' id='word_1_554' title='bbox 2715 1021 2901 1064; x_wconf 84' lang='lat' dir='ltr'><strong>esset:</strong></span> <span class='ocrx_word' id='word_1_555' title='bbox 2945 1010 3139 1078; x_wconf 85' lang='lat' dir='ltr'><strong>Saule,</strong></span> <span class='ocrx_word' id='word_1_556' title='bbox 3174 1010 3367 1079; x_wconf 71' lang='lat' dir='ltr'><strong>Saule,</strong></span> <span class='ocrx_word' id='word_1_557' title='bbox 3418 1017 3543 1081; x_wconf 83' lang='lat' dir='ltr'><strong>quid</strong></span> <span class='ocrx_word' id='word_1_558' title='bbox 3582 1035 3664 1074; x_wconf 85' lang='lat' dir='ltr'><strong>me</strong></span> 
     </span>
    </p>
   </div>
   <div class='ocr_carea' id='block_1_70' title="bbox 2077 1080 2437 1149">
    <p class='ocr_par' dir='ltr' id='par_1_70' title="bbox 2077 1080 2437 1149">
     <span class='ocr_line' id='line_1_70' title="bbox 2077 1080 2437 1149; baseline -0.003 -17"><span class='ocrx_word' id='word_1_559' title='bbox 2077 1082 2388 1149; x_wconf 77' lang='lat' dir='ltr'><strong>persequeris</strong></span> <span class='ocrx_word' id='word_1_560' title='bbox 2412 1080 2437 1131; x_wconf 73' lang='grc' dir='ltr'><strong><em>Ρ</em></strong></span> 
     </span>
    </p>
   </div>
   <div class='ocr_carea' id='block_1_71' title="bbox 2150 1147 3658 1218">
    <p class='ocr_par' dir='ltr' id='par_1_71' title="bbox 2150 1147 3658 1218">
     <span class='ocr_line' id='line_1_71' title="bbox 2150 1147 3658 1218; baseline 0.007 -17"><span class='ocrx_word' id='word_1_561' title='bbox 2150 1148 2215 1201; x_wconf 84' lang='lat' dir='ltr'><strong>In</strong></span> <span class='ocrx_word' id='word_1_562' title='bbox 2247 1160 2390 1218; x_wconf 83' lang='lat' dir='ltr'><strong>petra</strong></span> <span class='ocrx_word' id='word_1_563' title='bbox 2419 1150 2682 1203; x_wconf 75' lang='lat' dir='ltr'><strong>exultavit.</strong></span> <span class='ocrx_word' id='word_1_564' title='bbox 2711 1147 2846 1204; x_wconf 86' lang='lat' dir='ltr'><strong>Vere</strong></span> <span class='ocrx_word' id='word_1_565' title='bbox 2874 1152 3105 1218; x_wconf 81' lang='lat' dir='ltr'><strong>protexit</strong></span> <span class='ocrx_word' id='word_1_566' title='bbox 3136 1166 3222 1205; x_wconf 90' lang='lat' dir='ltr'><strong>me</strong></span> <span class='ocrx_word' id='word_1_567' title='bbox 3255 1154 3307 1205; x_wconf 89' lang='lat' dir='ltr'><strong>in</strong></span> <span class='ocrx_word' id='word_1_568' title='bbox 3336 1156 3658 1213; x_wconf 86' lang='lat' dir='ltr'><strong>aliscoitdito</strong></span> 
     </span>
    </p>
   </div>
   <div class='ocr_carea' id='block_1_72' title="bbox 2080 1220 3661 1292">
    <p class='ocr_par' dir='ltr' id='par_1_72' title="bbox 2080 1220 3661 1292">
     <span class='ocr_line' id='line_1_72' title="bbox 2080 1220 3661 1292; baseline 0.008 -21"><span class='ocrx_word' id='word_1_569' title='bbox 2080 1220 2406 1292; x_wconf 82' lang='lat' dir='ltr'><strong>tabernaculi</strong></span> <span class='ocrx_word' id='word_1_570' title='bbox 2432 1222 2535 1283; x_wconf 80' lang='lat' dir='ltr'><strong>Siti,</strong></span> <span class='ocrx_word' id='word_1_571' title='bbox 2564 1223 2684 1288; x_wconf 82' lang='lat' dir='ltr'><strong>quia</strong></span> <span class='ocrx_word' id='word_1_572' title='bbox 2716 1235 2821 1285; x_wconf 90' lang='lat' dir='ltr'><strong>me,</strong></span> <span class='ocrx_word' id='word_1_573' title='bbox 2868 1222 2990 1275; x_wconf 86' lang='lat' dir='ltr'><strong>licet</strong></span> <span class='ocrx_word' id='word_1_574' title='bbox 3016 1222 3307 1275; x_wconf 90' lang='lat' dir='ltr'><strong>secundum</strong></span> <span class='ocrx_word' id='word_1_575' title='bbox 3334 1239 3531 1292; x_wconf 88' lang='lat' dir='ltr'><strong>corpus</strong></span> <span class='ocrx_word' id='word_1_576' title='bbox 3560 1229 3661 1283; x_wconf 85' lang='lat' dir='ltr'><strong>ad-</strong></span> 
     </span>
    </p>
   </div>
   <div class='ocr_carea' id='block_1_73' title="bbox 2081 1289 3653 1364">
    <p class='ocr_par' dir='ltr' id='par_1_73' title="bbox 2081 1289 3653 1364">
     <span class='ocr_line' id='line_1_73' title="bbox 2081 1289 3653 1364; baseline 0.003 -22"><span class='ocrx_word' id='word_1_577' title='bbox 2081 1289 2185 1343; x_wconf 89' lang='lat' dir='ltr'><strong>litic</strong></span> <span class='ocrx_word' id='word_1_578' title='bbox 2236 1292 2546 1364; x_wconf 83' lang='lat' dir='ltr'><strong>depressum</strong></span> <span class='ocrx_word' id='word_1_579' title='bbox 2606 1292 2655 1343; x_wconf 94' lang='lat' dir='ltr'><strong>in</strong></span> <span class='ocrx_word' id='word_1_580' title='bbox 2712 1294 2928 1364; x_wconf 78' lang='lat' dir='ltr'><strong>pulvere</strong></span> <span class='ocrx_word' id='word_1_581' title='bbox 2957 1331 2970 1356; x_wconf 93' lang='lat'><strong>,</strong></span> <span class='ocrx_word' id='word_1_582' title='bbox 3002 1294 3253 1345; x_wconf 81' lang='lat' dir='ltr'><strong>exaltavit</strong></span> <span class='ocrx_word' id='word_1_583' title='bbox 3281 1293 3393 1361; x_wconf 75' lang='lat' dir='ltr'><strong>jam</strong></span> <span class='ocrx_word' id='word_1_584' title='bbox 3433 1289 3504 1349; x_wconf 50' lang='lat' dir='ltr'><strong>&#39;in</strong></span> <span class='ocrx_word' id='word_1_585' title='bbox 3560 1314 3653 1364; x_wconf 83' lang='lat' dir='ltr'><strong>pe-</strong></span> 
     </span>
    </p>
   </div>
   <div class='ocr_carea' id='block_1_74' title="bbox 2082 1361 3658 1435">
    <p class='ocr_par' dir='ltr' id='par_1_74' title="bbox 2082 1361 3658 1435">
     <span class='ocr_line' id='line_1_74' title="bbox 2082 1361 3658 1435; baseline 0.007 -23"><span class='ocrx_word' id='word_1_586' title='bbox 2082 1363 2521 1435; x_wconf 17' lang='lat' dir='ltr'><strong>tra‘exaltatatid</strong></span> <span class='ocrx_word' id='word_1_587' title='bbox 2551 1364 2714 1435; x_wconf 74' lang='lat' dir='ltr'><strong>estin</strong></span> <span class='ocrx_word' id='word_1_588' title='bbox 2739 1361 2971 1435; x_wconf 85' lang='lat' dir='ltr'><strong>Cbristo,</strong></span> <span class='ocrx_word' id='word_1_589' title='bbox 3008 1364 3093 1429; x_wconf 91' lang='lat' dir='ltr'><strong>qui</strong></span> <span class='ocrx_word' id='word_1_590' title='bbox 3123 1374 3202 1414; x_wconf 87' lang='lat' dir='ltr'><strong>est</strong></span> <span class='ocrx_word' id='word_1_591' title='bbox 3232 1377 3399 1435; x_wconf 69' lang='lat' dir='ltr'><strong>petra,</strong></span> <span class='ocrx_word' id='word_1_592' title='bbox 3436 1361 3658 1435; x_wconf 72' lang='lat' dir='ltr'><strong>propter</strong></span> 
     </span>
    </p>
   </div>
   <div class='ocr_carea' id='block_1_75' title="bbox 2078 1430 3659 1497">
    <p class='ocr_par' dir='ltr' id='par_1_75' title="bbox 2078 1430 3659 1497">
     <span class='ocr_line' id='line_1_75' title="bbox 2078 1430 3659 1497; baseline 0.007 -16"><span class='ocrx_word' id='word_1_593' title='bbox 2078 1430 2405 1483; x_wconf 88' lang='lat' dir='ltr'><strong>soliditatem</strong></span> <span class='ocrx_word' id='word_1_594' title='bbox 2450 1431 2724 1492; x_wconf 68' lang='lat' dir='ltr'><strong>Ecclesim,</strong></span> <span class='ocrx_word' id='word_1_595' title='bbox 2757 1432 2825 1483; x_wconf 90' lang='lat' dir='ltr'><strong>de</strong></span> <span class='ocrx_word' id='word_1_596' title='bbox 2853 1446 2954 1497; x_wconf 91' lang='lat' dir='ltr'><strong>qua</strong></span> <span class='ocrx_word' id='word_1_597' title='bbox 2986 1435 3181 1486; x_wconf 89' lang='lat' dir='ltr'><strong>dictum</strong></span> <span class='ocrx_word' id='word_1_598' title='bbox 3215 1442 3296 1484; x_wconf 85' lang='lat' dir='ltr'><strong>est</strong></span> <span class='ocrx_word' id='word_1_599' title='bbox 3331 1451 3343 1486; x_wconf 89' lang='lat'><strong>:</strong></span> <span class='ocrx_word' id='word_1_600' title='bbox 3376 1430 3659 1491; x_wconf 72' lang='lat' dir='ltr'><strong>Peliacu-</strong></span> 
     </span>
    </p>
   </div>
   <div class='ocr_carea' id='block_1_76' title="bbox 2078 1499 3660 1571">
    <p class='ocr_par' dir='ltr' id='par_1_76' title="bbox 2078 1499 3660 1571">
     <span class='ocr_line' id='line_1_76' title="bbox 2078 1499 3660 1571; baseline 0.007 -20"><span class='ocrx_word' id='word_1_601' title='bbox 2078 1509 2175 1553; x_wconf 87' lang='lat' dir='ltr'><strong>lein</strong></span> <span class='ocrx_word' id='word_1_602' title='bbox 2213 1512 2319 1554; x_wconf 90' lang='lat' dir='ltr'><strong>erut</strong></span> <span class='ocrx_word' id='word_1_603' title='bbox 2343 1499 2609 1571; x_wconf 68' lang='lat' dir='ltr'><strong>Christus.</strong></span> <span class='ocrx_word' id='word_1_604' title='bbox 2657 1501 2761 1563; x_wconf 85' lang='lat' dir='ltr'><strong>Spe</strong></span> <span class='ocrx_word' id='word_1_605' title='bbox 2787 1502 2919 1553; x_wconf 87' lang='lat' dir='ltr'><strong>enim</strong></span> <span class='ocrx_word' id='word_1_606' title='bbox 2947 1517 3034 1569; x_wconf 86' lang='lat' dir='ltr'><strong>per</strong></span> <span class='ocrx_word' id='word_1_607' title='bbox 3062 1504 3229 1571; x_wconf 80' lang='lat' dir='ltr'><strong>ipsum</strong></span> <span class='ocrx_word' id='word_1_608' title='bbox 3264 1506 3540 1559; x_wconf 77' lang='lat' dir='ltr'><strong>consedere</strong></span> <span class='ocrx_word' id='word_1_609' title='bbox 3565 1524 3660 1562; x_wconf 80' lang='lat' dir='ltr'><strong>nos</strong></span> 
     </span>
    </p>
   </div>
   <div class='ocr_carea' id='block_1_77' title="bbox 2078 1570 3659 1643">
    <p class='ocr_par' dir='ltr' id='par_1_77' title="bbox 2078 1570 3659 1643">
     <span class='ocr_line' id='line_1_77' title="bbox 2078 1570 3659 1643; baseline 0.008 -22"><span class='ocrx_word' id='word_1_610' title='bbox 2078 1572 2196 1643; x_wconf 80' lang='lat' dir='ltr'><strong>fecit</strong></span> <span class='ocrx_word' id='word_1_611' title='bbox 2221 1573 2287 1622; x_wconf 86' lang='lat' dir='ltr'><strong>ad</strong></span> <span class='ocrx_word' id='word_1_612' title='bbox 2316 1570 2578 1643; x_wconf 73' lang='lat' dir='ltr'><strong>dexteram</strong></span> <span class='ocrx_word' id='word_1_613' title='bbox 2613 1586 2757 1622; x_wconf 85' lang='lat' dir='ltr'><strong>suam</strong></span> <span class='ocrx_word' id='word_1_614' title='bbox 2782 1614 2796 1635; x_wconf 93' lang='lat'><strong>,</strong></span> <span class='ocrx_word' id='word_1_615' title='bbox 2831 1580 2885 1624; x_wconf 88' lang='lat' dir='ltr'><strong>et</strong></span> <span class='ocrx_word' id='word_1_616' title='bbox 2915 1576 2985 1624; x_wconf 85' lang='lat' dir='ltr'><strong>ita</strong></span> <span class='ocrx_word' id='word_1_617' title='bbox 3017 1570 3268 1643; x_wconf 4' lang='lat' dir='ltr'><strong>exagitavit</strong></span> <span class='ocrx_word' id='word_1_618' title='bbox 3293 1614 3307 1637; x_wconf 94' lang='lat'><strong>,</strong></span> <span class='ocrx_word' id='word_1_619' title='bbox 3335 1579 3475 1643; x_wconf 92' lang='lat' dir='ltr'><strong>quod</strong></span> <span class='ocrx_word' id='word_1_620' title='bbox 3515 1593 3659 1633; x_wconf 89' lang='lat' dir='ltr'><strong>nunc</strong></span> 
     </span>
    </p>
   </div>
   <div class='ocr_carea' id='block_1_78' title="bbox 2080 1641 3657 1715">
    <p class='ocr_par' dir='ltr' id='par_1_78' title="bbox 2080 1641 3657 1715">
     <span class='ocr_line' id='line_1_78' title="bbox 2080 1641 3657 1715; baseline 0.007 -23"><span class='ocrx_word' id='word_1_621' title='bbox 2080 1641 2285 1693; x_wconf 84' lang='lat' dir='ltr'><strong>scilicet</strong></span> <span class='ocrx_word' id='word_1_622' title='bbox 2317 1644 2442 1715; x_wconf 82' lang='lat' dir='ltr'><strong>dum</strong></span> <span class='ocrx_word' id='word_1_623' title='bbox 2474 1641 2645 1715; x_wconf 81' lang='lat' dir='ltr'><strong>adhuc</strong></span> <span class='ocrx_word' id='word_1_624' title='bbox 2679 1644 2833 1707; x_wconf 87' lang='lat' dir='ltr'><strong>longe</strong></span> <span class='ocrx_word' id='word_1_625' title='bbox 2861 1655 2976 1694; x_wconf 90' lang='lat' dir='ltr'><strong>sunt</strong></span> <span class='ocrx_word' id='word_1_626' title='bbox 2997 1642 3162 1715; x_wconf 16' lang='lat' dir='ltr'><strong>,‘quia</strong></span> <span class='ocrx_word' id='word_1_627' title='bbox 3198 1641 3423 1698; x_wconf 83' lang='lat' dir='ltr'><strong>mortale</strong></span> <span class='ocrx_word' id='word_1_628' title='bbox 3454 1662 3657 1715; x_wconf 80' lang='lat' dir='ltr'><strong>corpus</strong></span> 
     </span>
    </p>
   </div>
   <div class='ocr_carea' id='block_1_79' title="bbox 2077 1711 3655 1779">
    <p class='ocr_par' dir='ltr' id='par_1_79' title="bbox 2077 1711 3655 1779">
     <span class='ocr_line' id='line_1_79' title="bbox 2077 1711 3655 1779; baseline 0.005 -15"><span class='ocrx_word' id='word_1_629' title='bbox 2077 1725 2205 1779; x_wconf 88' lang='lat' dir='ltr'><strong>gero</strong></span> <span class='ocrx_word' id='word_1_630' title='bbox 2230 1754 2245 1778; x_wconf 91' lang='lat'><strong>,</strong></span> <span class='ocrx_word' id='word_1_631' title='bbox 2278 1711 2518 1764; x_wconf 66' lang='lat' dir='ltr'><strong>exultavit</strong></span> <span class='ocrx_word' id='word_1_632' title='bbox 2550 1722 2701 1779; x_wconf 86' lang='lat' dir='ltr'><strong>caput</strong></span> <span class='ocrx_word' id='word_1_633' title='bbox 2732 1727 2895 1762; x_wconf 88' lang='lat' dir='ltr'><strong>meum</strong></span> <span class='ocrx_word' id='word_1_634' title='bbox 2923 1754 2937 1779; x_wconf 96' lang='lat'><strong>,</strong></span> <span class='ocrx_word' id='word_1_635' title='bbox 2984 1712 3033 1766; x_wconf 90' lang='lat' dir='ltr'><strong>id</strong></span> <span class='ocrx_word' id='word_1_636' title='bbox 3062 1722 3144 1766; x_wconf 79' lang='lat' dir='ltr'><strong>est</strong></span> <span class='ocrx_word' id='word_1_637' title='bbox 3171 1750 3186 1775; x_wconf 88' lang='lat'><strong>,</strong></span> <span class='ocrx_word' id='word_1_638' title='bbox 3216 1718 3383 1767; x_wconf 89' lang='lat' dir='ltr'><strong>erexit</strong></span> <span class='ocrx_word' id='word_1_639' title='bbox 3417 1711 3655 1772; x_wconf 73' lang='lat' dir='ltr'><strong>mentem</strong></span> 
     </span>
    </p>
   </div>
   <div class='ocr_carea' id='block_1_80' title="bbox 2079 1780 3654 1855">
    <p class='ocr_par' dir='ltr' id='par_1_80' title="bbox 2079 1780 3654 1855">
     <span class='ocr_line' id='line_1_80' title="bbox 2079 1780 3654 1855; baseline 0.006 -22"><span class='ocrx_word' id='word_1_640' title='bbox 2079 1796 2250 1855; x_wconf 87' lang='lat' dir='ltr'><strong>meant</strong></span> <span class='ocrx_word' id='word_1_641' title='bbox 2274 1821 2288 1845; x_wconf 92' lang='lat'><strong>,</strong></span> <span class='ocrx_word' id='word_1_642' title='bbox 2320 1790 2373 1834; x_wconf 91' lang='lat' dir='ltr'><strong>et</strong></span> <span class='ocrx_word' id='word_1_643' title='bbox 2404 1782 2447 1833; x_wconf 85' lang='lat' dir='ltr'><strong>si</strong></span> <span class='ocrx_word' id='word_1_644' title='bbox 2478 1795 2692 1833; x_wconf 86' lang='lat' dir='ltr'><strong>carnem</strong></span> <span class='ocrx_word' id='word_1_645' title='bbox 2723 1780 3009 1848; x_wconf 86' lang='lat' dir='ltr'><strong>subjecerit</strong></span> <span class='ocrx_word' id='word_1_646' title='bbox 3036 1822 3049 1846; x_wconf 93' lang='lat'><strong>,</strong></span> <span class='ocrx_word' id='word_1_647' title='bbox 3082 1784 3149 1834; x_wconf 87' lang='lat' dir='ltr'><strong>ita</strong></span> <span class='ocrx_word' id='word_1_648' title='bbox 3184 1793 3239 1834; x_wconf 92' lang='lat' dir='ltr'><strong>ut</strong></span> <span class='ocrx_word' id='word_1_649' title='bbox 3268 1784 3335 1836; x_wconf 89' lang='lat' dir='ltr'><strong>sit</strong></span> <span class='ocrx_word' id='word_1_650' title='bbox 3360 1802 3519 1855; x_wconf 82' lang='lat' dir='ltr'><strong>super</strong></span> <span class='ocrx_word' id='word_1_651' title='bbox 3548 1790 3654 1842; x_wconf 85' lang='lat' dir='ltr'><strong>ini-</strong></span> 
     </span>
    </p>
   </div>
   <div class='ocr_carea' id='block_1_81' title="bbox 2078 1854 3651 1923">
    <p class='ocr_par' dir='ltr' id='par_1_81' title="bbox 2078 1854 3651 1923">
     <span class='ocr_line' id='line_1_81' title="bbox 2078 1854 3651 1923; baseline 0.006 -22"><span class='ocrx_word' id='word_1_652' title='bbox 2078 1854 2234 1923; x_wconf 84' lang='lat' dir='ltr'><strong>micos</strong></span> <span class='ocrx_word' id='word_1_653' title='bbox 2262 1867 2418 1913; x_wconf 86' lang='lat' dir='ltr'><strong>meos,</strong></span> <span class='ocrx_word' id='word_1_654' title='bbox 2450 1860 2504 1903; x_wconf 90' lang='lat' dir='ltr'><strong>et</strong></span> <span class='ocrx_word' id='word_1_655' title='bbox 2525 1860 2829 1923; x_wconf 85' lang='lat' dir='ltr'><strong>contemnat</strong></span> <span class='ocrx_word' id='word_1_656' title='bbox 2854 1861 3218 1918; x_wconf 81' lang='lat' dir='ltr'><strong>persecutores</strong></span> <span class='ocrx_word' id='word_1_657' title='bbox 3250 1854 3429 1918; x_wconf 86' lang='lat' dir='ltr'><strong>meos,</strong></span> <span class='ocrx_word' id='word_1_658' title='bbox 3447 1861 3538 1923; x_wconf 89' lang='lat' dir='ltr'><strong>qui</strong></span> <span class='ocrx_word' id='word_1_659' title='bbox 3564 1874 3651 1912; x_wconf 86' lang='lat' dir='ltr'><strong>so-</strong></span> 
     </span>
    </p>
   </div>
   <div class='ocr_carea' id='block_1_82' title="bbox 2077 1920 3653 1987">
    <p class='ocr_par' dir='ltr' id='par_1_82' title="bbox 2077 1920 3653 1987">
     <span class='ocr_line' id='line_1_82' title="bbox 2077 1920 3653 1987; baseline 0.006 -14"><span class='ocrx_word' id='word_1_660' title='bbox 2077 1920 2181 1973; x_wconf 77' lang='lat' dir='ltr'><strong>lum</strong></span> <span class='ocrx_word' id='word_1_661' title='bbox 2232 1938 2415 1987; x_wconf 75' lang='lat' dir='ltr'><strong>corpus</strong></span> <span class='ocrx_word' id='word_1_662' title='bbox 2456 1922 2730 1985; x_wconf 85' lang='lat' dir='ltr'><strong>occidunt,</strong></span> <span class='ocrx_word' id='word_1_663' title='bbox 2781 1924 3002 1973; x_wconf 79' lang='lat' dir='ltr'><strong>animant</strong></span> <span class='ocrx_word' id='word_1_664' title='bbox 3049 1934 3215 1976; x_wconf 85' lang='lat' dir='ltr'><strong>autem</strong></span> <span class='ocrx_word' id='word_1_665' title='bbox 3270 1920 3502 1978; x_wconf 78' lang='lat' dir='ltr'><strong>occidere</strong></span> <span class='ocrx_word' id='word_1_666' title='bbox 3548 1944 3653 1982; x_wconf 84' lang='lat' dir='ltr'><strong>non</strong></span> 
     </span>
    </p>
   </div>
   <div class='ocr_carea' id='block_1_83' title="bbox 2075 1991 3652 2063">
    <p class='ocr_par' dir='ltr' id='par_1_83' title="bbox 2075 1991 3652 2063">
     <span class='ocr_line' id='line_1_83' title="bbox 2075 1991 3652 2063; baseline 0.006 -21"><span class='ocrx_word' id='word_1_667' title='bbox 2075 2004 2308 2063; x_wconf 77' lang='lat' dir='ltr'><strong>possunt.</strong></span> <span class='ocrx_word' id='word_1_668' title='bbox 2334 1991 2549 2063; x_wconf 59' lang='lat' dir='ltr'><strong>Scilicet</strong></span> <span class='ocrx_word' id='word_1_669' title='bbox 2581 2005 2673 2058; x_wconf 88' lang='lat' dir='ltr'><strong>per</strong></span> <span class='ocrx_word' id='word_1_670' title='bbox 2702 1995 2801 2043; x_wconf 89' lang='lat' dir='ltr'><strong>lioc</strong></span> <span class='ocrx_word' id='word_1_671' title='bbox 2824 1996 3059 2044; x_wconf 70' lang='lat' dir='ltr'><strong>exultavit</strong></span> <span class='ocrx_word' id='word_1_672' title='bbox 3086 2007 3165 2043; x_wconf 83' lang='lat' dir='ltr'><strong>me</strong></span> <span class='ocrx_word' id='word_1_673' title='bbox 3185 1992 3236 2043; x_wconf 90' lang='lat' dir='ltr'><strong>in</strong></span> <span class='ocrx_word' id='word_1_674' title='bbox 3259 2004 3424 2063; x_wconf 85' lang='lat' dir='ltr'><strong>petra,</strong></span> <span class='ocrx_word' id='word_1_675' title='bbox 3462 1997 3511 2050; x_wconf 88' lang='lat' dir='ltr'><strong>id</strong></span> <span class='ocrx_word' id='word_1_676' title='bbox 3546 2010 3652 2061; x_wconf 88' lang='lat' dir='ltr'><strong>est,</strong></span> 
     </span>
    </p>
   </div>
   <div class='ocr_carea' id='block_1_84' title="bbox 2076 2062 3655 2131">
    <p class='ocr_par' dir='ltr' id='par_1_84' title="bbox 2076 2062 3655 2131">
     <span class='ocr_line' id='line_1_84' title="bbox 2076 2062 3655 2131; baseline 0.008 -22"><span class='ocrx_word' id='word_1_677' title='bbox 2076 2064 2129 2131; x_wconf 75' lang='lat' dir='ltr'><strong>in</strong></span> <span class='ocrx_word' id='word_1_678' title='bbox 2170 2062 2419 2123; x_wconf 73' lang='lat' dir='ltr'><strong>(.lirism,</strong></span> <span class='ocrx_word' id='word_1_679' title='bbox 2451 2062 2574 2126; x_wconf 86' lang='lat' dir='ltr'><strong>quia</strong></span> <span class='ocrx_word' id='word_1_680' title='bbox 2613 2076 2724 2127; x_wconf 70' lang='lat' dir='ltr'><strong>iam</strong></span> <span class='ocrx_word' id='word_1_681' title='bbox 2771 2065 3009 2115; x_wconf 69' lang='lat' dir='ltr'><strong>exaltavl</strong></span> <span class='ocrx_word' id='word_1_682' title='bbox 3048 2071 3192 2130; x_wconf 85' lang='lat' dir='ltr'><strong>caput</strong></span> <span class='ocrx_word' id='word_1_683' title='bbox 3240 2062 3423 2131; x_wconf 83' lang='lat' dir='ltr'><strong>meum,</strong></span> <span class='ocrx_word' id='word_1_684' title='bbox 3472 2068 3527 2120; x_wconf 88' lang='lat' dir='ltr'><strong>id</strong></span> <span class='ocrx_word' id='word_1_685' title='bbox 3570 2079 3655 2123; x_wconf 88' lang='lat' dir='ltr'><strong>est</strong></span> 
     </span>
    </p>
   </div>
   <div class='ocr_carea' id='block_1_85' title="bbox 2080 2129 3651 2207">
    <p class='ocr_par' dir='ltr' id='par_1_85' title="bbox 2080 2129 3651 2207">
     <span class='ocr_line' id='line_1_85' title="bbox 2080 2129 3651 2207; baseline 0.006 -25"><span class='ocrx_word' id='word_1_686' title='bbox 2080 2129 2253 2195; x_wconf 88' lang='lat' dir='ltr'><strong>ipsum</strong></span> <span class='ocrx_word' id='word_1_687' title='bbox 2278 2134 2547 2207; x_wconf 66' lang='lat' dir='ltr'><strong>tjbristum</strong></span> <span class='ocrx_word' id='word_1_688' title='bbox 2564 2168 2579 2192; x_wconf 91' lang='lat'><strong>,</strong></span> <span class='ocrx_word' id='word_1_689' title='bbox 2617 2142 2878 2207; x_wconf 72' lang='lat' dir='ltr'><strong>quicaput</strong></span> <span class='ocrx_word' id='word_1_690' title='bbox 2904 2147 3078 2185; x_wconf 91' lang='lat' dir='ltr'><strong>meum</strong></span> <span class='ocrx_word' id='word_1_691' title='bbox 3098 2129 3199 2197; x_wconf 71' lang='lat' dir='ltr'><strong>est,</strong></span> <span class='ocrx_word' id='word_1_692' title='bbox 3222 2129 3536 2207; x_wconf 83' lang='lat' dir='ltr'><strong>subliinavit</strong></span> <span class='ocrx_word' id='word_1_693' title='bbox 3555 2153 3651 2207; x_wconf 87' lang='lat' dir='ltr'><strong>per</strong></span> 
     </span>
    </p>
   </div>
   <div class='ocr_carea' id='block_1_86' title="bbox 2081 2203 3640 2271">
    <p class='ocr_par' dir='ltr' id='par_1_86' title="bbox 2081 2203 3640 2271">
     <span class='ocr_line' id='line_1_86' title="bbox 2081 2203 3640 2271; baseline 0.006 -20"><span class='ocrx_word' id='word_1_694' title='bbox 2081 2203 2478 2271; x_wconf 82' lang='lat' dir='ltr'><strong>ascensionem,</strong></span> <span class='ocrx_word' id='word_1_695' title='bbox 2510 2209 2565 2254; x_wconf 88' lang='lat' dir='ltr'><strong>et</strong></span> <span class='ocrx_word' id='word_1_696' title='bbox 2590 2203 2981 2271; x_wconf 69' lang='lat' dir='ltr'><strong>ClllliCSlellelll</strong></span> <span class='ocrx_word' id='word_1_697' title='bbox 3010 2242 3023 2267; x_wconf 93' lang='lat'><strong>,</strong></span> <span class='ocrx_word' id='word_1_698' title='bbox 3043 2210 3097 2255; x_wconf 89' lang='lat' dir='ltr'><strong>et</strong></span> <span class='ocrx_word' id='word_1_699' title='bbox 3127 2218 3221 2271; x_wconf 68' lang='lat' dir='ltr'><strong>per</strong></span> <span class='ocrx_word' id='word_1_700' title='bbox 3255 2203 3640 2270; x_wconf 59' lang='lat' dir='ltr'><strong>:eternitate&#39;ni,</strong></span> 
     </span>
    </p>
   </div>
   <div class='ocr_carea' id='block_1_87' title="bbox 2075 2269 3653 2341">
    <p class='ocr_par' dir='ltr' id='par_1_87' title="bbox 2075 2269 3653 2341">
     <span class='ocr_line' id='line_1_87' title="bbox 2075 2269 3653 2341; baseline 0.005 -19"><span class='ocrx_word' id='word_1_701' title='bbox 2075 2269 2144 2322; x_wconf 87' lang='lat' dir='ltr'><strong>ita</strong></span> <span class='ocrx_word' id='word_1_702' title='bbox 2188 2281 2244 2323; x_wconf 91' lang='lat' dir='ltr'><strong>ut</strong></span> <span class='ocrx_word' id='word_1_703' title='bbox 2280 2274 2350 2323; x_wconf 89' lang='lat' dir='ltr'><strong>sit</strong></span> <span class='ocrx_word' id='word_1_704' title='bbox 2378 2286 2531 2338; x_wconf 88' lang='lat' dir='ltr'><strong>super</strong></span> <span class='ocrx_word' id='word_1_705' title='bbox 2564 2270 2796 2322; x_wconf 78' lang='lat' dir='ltr'><strong>inimicos</strong></span> <span class='ocrx_word' id='word_1_706' title='bbox 2830 2288 2965 2322; x_wconf 86' lang='lat' dir='ltr'><strong>meos</strong></span> <span class='ocrx_word' id='word_1_707' title='bbox 2993 2313 3006 2336; x_wconf 93' lang='lat'><strong>,</strong></span> <span class='ocrx_word' id='word_1_708' title='bbox 3039 2274 3087 2325; x_wconf 92' lang='lat' dir='ltr'><strong>id</strong></span> <span class='ocrx_word' id='word_1_709' title='bbox 3112 2269 3223 2341; x_wconf 80' lang='lat' dir='ltr'><strong>est,</strong></span> <span class='ocrx_word' id='word_1_710' title='bbox 3258 2276 3478 2328; x_wconf 90' lang='lat' dir='ltr'><strong>ulterius</strong></span> <span class='ocrx_word' id='word_1_711' title='bbox 3502 2269 3653 2330; x_wconf 79' lang='lat' dir='ltr'><strong>mor-</strong></span> 
     </span>
    </p>
   </div>
   <div class='ocr_carea' id='block_1_88' title="bbox 2086 2341 3647 2402">
    <p class='ocr_par' dir='ltr' id='par_1_88' title="bbox 2086 2341 3647 2402">
     <span class='ocr_line' id='line_1_88' title="bbox 2086 2341 3647 2402; baseline 0.006 -11"><span class='ocrx_word' id='word_1_712' title='bbox 2086 2351 2189 2392; x_wconf 89' lang='lat' dir='ltr'><strong>tem</strong></span> <span class='ocrx_word' id='word_1_713' title='bbox 2220 2356 2323 2393; x_wconf 88' lang='lat' dir='ltr'><strong>non</strong></span> <span class='ocrx_word' id='word_1_714' title='bbox 2352 2341 2553 2402; x_wconf 82' lang='lat' dir='ltr'><strong>timeat,</strong></span> <span class='ocrx_word' id='word_1_715' title='bbox 2578 2356 2712 2391; x_wconf 84' lang='lat' dir='ltr'><strong>mors</strong></span> <span class='ocrx_word' id='word_1_716' title='bbox 2736 2341 2874 2393; x_wconf 86' lang='lat' dir='ltr'><strong>enim</strong></span> <span class='ocrx_word' id='word_1_717' title='bbox 2902 2343 2977 2393; x_wconf 88' lang='lat' dir='ltr'><strong>illi</strong></span> <span class='ocrx_word' id='word_1_718' title='bbox 2998 2346 3129 2395; x_wconf 87' lang='lat' dir='ltr'><strong>ultra</strong></span> <span class='ocrx_word' id='word_1_719' title='bbox 3152 2362 3252 2398; x_wconf 87' lang='lat' dir='ltr'><strong>non</strong></span> <span class='ocrx_word' id='word_1_720' title='bbox 3276 2346 3647 2400; x_wconf 82' lang='lat' dir='ltr'><strong>dominabitur.</strong></span> 
     </span>
    </p>
   </div>
   <div class='ocr_carea' id='block_1_89' title="bbox 2144 2410 3647 2480">
    <p class='ocr_par' dir='ltr' id='par_1_89' title="bbox 2144 2410 3647 2480">
     <span class='ocr_line' id='line_1_89' title="bbox 2144 2410 3647 2480; baseline 0.006 -18"><span class='ocrx_word' id='word_1_721' title='bbox 2144 2411 2362 2462; x_wconf 79' lang='lat' dir='ltr'><strong>Circuivi</strong></span> <span class='ocrx_word' id='word_1_722' title='bbox 2411 2418 2454 2461; x_wconf 87' lang='lat' dir='ltr'><strong>et</strong></span> <span class='ocrx_word' id='word_1_723' title='bbox 2500 2412 2774 2464; x_wconf 82' lang='lat' dir='ltr'><strong>immolavi.</strong></span> <span class='ocrx_word' id='word_1_724' title='bbox 2822 2410 3072 2465; x_wconf 82' lang='lat' dir='ltr'><strong>Dominus</strong></span> <span class='ocrx_word' id='word_1_725' title='bbox 3114 2416 3328 2480; x_wconf 66' lang='lat' dir='ltr'><strong>quidem</strong></span> <span class='ocrx_word' id='word_1_726' title='bbox 3376 2417 3647 2471; x_wconf 79' lang='lat' dir='ltr'><strong>abscondit</strong></span> 
     </span>
    </p>
   </div>
   <div class='ocr_carea' id='block_1_90' title="bbox 2072 2481 3647 2555">
    <p class='ocr_par' dir='ltr' id='par_1_90' title="bbox 2072 2481 3647 2555">
     <span class='ocr_line' id='line_1_90' title="bbox 2072 2481 3647 2555; baseline 0.008 -26"><span class='ocrx_word' id='word_1_727' title='bbox 2072 2494 2171 2555; x_wconf 79' lang='lat' dir='ltr'><strong>me,</strong></span> <span class='ocrx_word' id='word_1_728' title='bbox 2212 2481 2642 2555; x_wconf 29' lang='lat' dir='ltr'><strong>et‘proleait-iue,</strong></span> <span class='ocrx_word' id='word_1_729' title='bbox 2675 2491 2721 2555; x_wconf 78' lang='lat' dir='ltr'><strong>et</strong></span> <span class='ocrx_word' id='word_1_730' title='bbox 2756 2481 2994 2533; x_wconf 70' lang='lat' dir='ltr'><strong>exultavit</strong></span> <span class='ocrx_word' id='word_1_731' title='bbox 3035 2499 3128 2534; x_wconf 86' lang='lat' dir='ltr'><strong>tne.</strong></span> <span class='ocrx_word' id='word_1_732' title='bbox 3166 2489 3276 2555; x_wconf 79' lang='lat' dir='ltr'><strong>Ego</strong></span> <span class='ocrx_word' id='word_1_733' title='bbox 3306 2493 3482 2539; x_wconf 88' lang='lat' dir='ltr'><strong>autem</strong></span> <span class='ocrx_word' id='word_1_734' title='bbox 3516 2492 3647 2555; x_wconf 88' lang='lat' dir='ltr'><strong>quid</strong></span> 
     </span>
    </p>
   </div>
   <div class='ocr_carea' id='block_1_91' title="bbox 2071 2548 3642 2625">
    <p class='ocr_par' dir='ltr' id='par_1_91' title="bbox 2071 2548 3642 2625">
     <span class='ocr_line' id='line_1_91' title="bbox 2071 2548 3642 2625; baseline 0.007 -24"><span class='ocrx_word' id='word_1_735' title='bbox 2071 2551 2211 2625; x_wconf 65' lang='lat' dir='ltr'><strong>ieci?</strong></span> <span class='ocrx_word' id='word_1_736' title='bbox 2264 2548 2390 2625; x_wconf 70' lang='lat' dir='ltr'><strong>Feci</strong></span> <span class='ocrx_word' id='word_1_737' title='bbox 2422 2551 2664 2625; x_wconf 84' lang='lat' dir='ltr'><strong>equidem</strong></span> <span class='ocrx_word' id='word_1_738' title='bbox 2712 2552 2761 2602; x_wconf 94' lang='lat' dir='ltr'><strong>in</strong></span> <span class='ocrx_word' id='word_1_739' title='bbox 2794 2561 3047 2625; x_wconf 85' lang='lat' dir='ltr'><strong>quantum</strong></span> <span class='ocrx_word' id='word_1_740' title='bbox 3097 2548 3238 2620; x_wconf 69' lang='lat' dir='ltr'><strong>potui</strong></span> <span class='ocrx_word' id='word_1_741' title='bbox 3273 2558 3411 2625; x_wconf 91' lang='lat' dir='ltr'><strong>quod</strong></span> <span class='ocrx_word' id='word_1_742' title='bbox 3455 2548 3642 2612; x_wconf 80' lang='lat' dir='ltr'><strong>debui.</strong></span> 
     </span>
    </p>
   </div>
   <div class='ocr_carea' id='block_1_92' title="bbox 2069 2619 3642 2689">
    <p class='ocr_par' dir='ltr' id='par_1_92' title="bbox 2069 2619 3642 2689">
     <span class='ocr_line' id='line_1_92' title="bbox 2069 2619 3642 2689; baseline 0.006 -17"><span class='ocrx_word' id='word_1_743' title='bbox 2069 2619 2201 2672; x_wconf 83' lang='lat' dir='ltr'><strong>Nam</strong></span> <span class='ocrx_word' id='word_1_744' title='bbox 2233 2620 2439 2672; x_wconf 77' lang='lat' dir='ltr'><strong>circuiri</strong></span> <span class='ocrx_word' id='word_1_745' title='bbox 2471 2634 2573 2672; x_wconf 92' lang='lat' dir='ltr'><strong>non</strong></span> <span class='ocrx_word' id='word_1_746' title='bbox 2602 2634 2827 2688; x_wconf 85' lang='lat' dir='ltr'><strong>corpore</strong></span> <span class='ocrx_word' id='word_1_747' title='bbox 2855 2619 3211 2689; x_wconf 25' lang='lat' dir='ltr'><strong>qu.deiii,’sed</strong></span> <span class='ocrx_word' id='word_1_748' title='bbox 3242 2619 3420 2679; x_wconf 79' lang='lat' dir='ltr'><strong>mente</strong></span> <span class='ocrx_word' id='word_1_749' title='bbox 3447 2628 3642 2681; x_wconf 60' lang='lat' dir='ltr'><strong>circulo</strong></span> 
     </span>
    </p>
   </div>
   <div class='ocr_carea' id='block_1_93' title="bbox 2070 2690 3645 2758">
    <p class='ocr_par' dir='ltr' id='par_1_93' title="bbox 2070 2690 3645 2758">
     <span class='ocr_line' id='line_1_93' title="bbox 2070 2690 3645 2758; baseline 0.009 -19"><span class='ocrx_word' id='word_1_750' title='bbox 2070 2692 2119 2741; x_wconf 80' lang='lat' dir='ltr'><strong>\i</strong></span> <span class='ocrx_word' id='word_1_751' title='bbox 2148 2730 2162 2753; x_wconf 93' lang='lat'><strong>,</strong></span> <span class='ocrx_word' id='word_1_752' title='bbox 2210 2690 2261 2742; x_wconf 88' lang='lat' dir='ltr'><strong>id</strong></span> <span class='ocrx_word' id='word_1_753' title='bbox 2301 2701 2404 2753; x_wconf 73' lang='grc' dir='ltr'>εει,</span> <span class='ocrx_word' id='word_1_754' title='bbox 2446 2692 2795 2758; x_wconf 76' lang='lat' dir='ltr'><strong>circumspexi</strong></span> <span class='ocrx_word' id='word_1_755' title='bbox 2831 2703 2995 2744; x_wconf 89' lang='lat' dir='ltr'><strong>totum</strong></span> <span class='ocrx_word' id='word_1_756' title='bbox 3028 2698 3209 2747; x_wconf 88' lang='lat' dir='ltr'><strong>orbein</strong></span> <span class='ocrx_word' id='word_1_757' title='bbox 3247 2696 3557 2749; x_wconf 87' lang='lat' dir='ltr'><strong>credentem</strong></span> <span class='ocrx_word' id='word_1_758' title='bbox 3592 2698 3645 2753; x_wconf 86' lang='lat' dir='ltr'><strong>iii</strong></span> 
     </span>
    </p>
   </div>
   <div class='ocr_carea' id='block_1_94' title="bbox 2070 2758 3647 2834">
    <p class='ocr_par' dir='ltr' id='par_1_94' title="bbox 2070 2758 3647 2834">
     <span class='ocr_line' id='line_1_94' title="bbox 2070 2758 3647 2834; baseline 0.008 -23"><span class='ocrx_word' id='word_1_759' title='bbox 2070 2758 2377 2834; x_wconf 73' lang='lat' dir='ltr'><strong>Dominum,</strong></span> <span class='ocrx_word' id='word_1_760' title='bbox 2410 2771 2464 2813; x_wconf 89' lang='lat' dir='ltr'><strong>et</strong></span> <span class='ocrx_word' id='word_1_761' title='bbox 2504 2775 2601 2828; x_wconf 84' lang='lat' dir='ltr'><strong>ego</strong></span> <span class='ocrx_word' id='word_1_762' title='bbox 2632 2764 2835 2828; x_wconf 87' lang='lat' dir='ltr'><strong>positus</strong></span> <span class='ocrx_word' id='word_1_763' title='bbox 2863 2765 2914 2813; x_wconf 89' lang='lat' dir='ltr'><strong>in</strong></span> <span class='ocrx_word' id='word_1_764' title='bbox 2940 2762 3262 2819; x_wconf 78' lang='lat' dir='ltr'><strong>tabernaculo</strong></span> <span class='ocrx_word' id='word_1_765' title='bbox 3290 2767 3434 2834; x_wconf 84' lang='lat' dir='ltr'><strong>ejus,</strong></span> <span class='ocrx_word' id='word_1_766' title='bbox 3478 2766 3531 2819; x_wconf 91' lang='lat' dir='ltr'><strong>id</strong></span> <span class='ocrx_word' id='word_1_767' title='bbox 3563 2779 3647 2823; x_wconf 75' lang='lat' dir='ltr'><strong>est</strong></span> 
     </span>
    </p>
   </div>
   <div class='ocr_carea' id='block_1_95' title="bbox 2068 2826 3641 2905">
    <p class='ocr_par' dir='ltr' id='par_1_95' title="bbox 2068 2826 3641 2905">
     <span class='ocr_line' id='line_1_95' title="bbox 2068 2826 3641 2905; baseline 0.008 -25"><span class='ocrx_word' id='word_1_768' title='bbox 2068 2826 2120 2905; x_wconf 81' lang='lat' dir='ltr'><strong>in</strong></span> <span class='ocrx_word' id='word_1_769' title='bbox 2155 2831 2416 2905; x_wconf 72' lang='lat' dir='ltr'><strong>Ecclesia,</strong></span> <span class='ocrx_word' id='word_1_770' title='bbox 2447 2826 2594 2905; x_wconf 79' lang='lat' dir='ltr'><strong>extra</strong></span> <span class='ocrx_word' id='word_1_771' title='bbox 2622 2826 2780 2905; x_wconf 79' lang='lat' dir='ltr'><strong>quam</strong></span> <span class='ocrx_word' id='word_1_772' title='bbox 2818 2834 3200 2905; x_wconf 78' lang='lat' dir='ltr'><strong>verisacrilicii</strong></span> <span class='ocrx_word' id='word_1_773' title='bbox 3234 2826 3335 2890; x_wconf 78' lang='lat' dir='ltr'><strong>nuit</strong></span> <span class='ocrx_word' id='word_1_774' title='bbox 3360 2826 3443 2889; x_wconf 80' lang='lat' dir='ltr'><strong>est</strong></span> <span class='ocrx_word' id='word_1_775' title='bbox 3464 2837 3641 2905; x_wconf 80' lang='lat' dir='ltr'><strong>locus,</strong></span> 
     </span>
    </p>
   </div>
   <div class='ocr_carea' id='block_1_96' title="bbox 2066 2901 3643 2971">
    <p class='ocr_par' dir='ltr' id='par_1_96' title="bbox 2066 2901 3643 2971">
     <span class='ocr_line' id='line_1_96' title="bbox 2066 2901 3643 2971; baseline 0.009 -21"><span class='ocrx_word' id='word_1_776' title='bbox 2066 2901 2327 2971; x_wconf 82' lang='lat' dir='ltr'><strong>immolavi</strong></span> <span class='ocrx_word' id='word_1_777' title='bbox 2353 2901 2569 2953; x_wconf 87' lang='lat' dir='ltr'><strong>Iiostiain</strong></span> <span class='ocrx_word' id='word_1_778' title='bbox 2590 2902 2986 2970; x_wconf 72' lang='lat' dir='ltr'><strong>vociferationis,</strong></span> <span class='ocrx_word' id='word_1_779' title='bbox 3022 2905 3068 2954; x_wconf 91' lang='lat' dir='ltr'><strong>id</strong></span> <span class='ocrx_word' id='word_1_780' title='bbox 3101 2916 3203 2971; x_wconf 88' lang='lat' dir='ltr'><strong>est,</strong></span> <span class='ocrx_word' id='word_1_781' title='bbox 3233 2907 3557 2961; x_wconf 87' lang='lat' dir='ltr'><strong>immensum</strong></span> <span class='ocrx_word' id='word_1_782' title='bbox 3589 2901 3643 2964; x_wconf 78' lang='lat' dir='ltr'><strong>et</strong></span> 
     </span>
    </p>
   </div>
   <div class='ocr_carea' id='block_1_97' title="bbox 2067 2968 3645 3043">
    <p class='ocr_par' dir='ltr' id='par_1_97' title="bbox 2067 2968 3645 3043">
     <span class='ocr_line' id='line_1_97' title="bbox 2067 2968 3645 3043; baseline 0.009 -22"><span class='ocrx_word' id='word_1_783' title='bbox 2067 2968 2338 3043; x_wconf 74' lang='lat' dir='ltr'><strong>ineffabile</strong></span> <span class='ocrx_word' id='word_1_784' title='bbox 2365 2972 2613 3043; x_wconf 76' lang='lat' dir='ltr'><strong>gaudium</strong></span> <span class='ocrx_word' id='word_1_785' title='bbox 2644 2968 2840 3043; x_wconf 85' lang='lat' dir='ltr'><strong>mentis</strong></span> <span class='ocrx_word' id='word_1_786' title='bbox 2870 2973 2966 3039; x_wconf 89' lang='lat' dir='ltr'><strong>ipsi</strong></span> <span class='ocrx_word' id='word_1_787' title='bbox 2991 2968 3215 3028; x_wconf 85' lang='lat' dir='ltr'><strong>Domino</strong></span> <span class='ocrx_word' id='word_1_788' title='bbox 3239 2977 3559 3043; x_wconf 75' lang='lat' dir='ltr'><strong>saet-iliCavi,</strong></span> <span class='ocrx_word' id='word_1_789' title='bbox 3592 2992 3645 3035; x_wconf 88' lang='lat' dir='ltr'><strong>et</strong></span> 
     </span>
    </p>
   </div>
   <div class='ocr_carea' id='block_1_98' title="bbox 2067 3039 3644 3115">
    <p class='ocr_par' dir='ltr' id='par_1_98' title="bbox 2067 3039 3644 3115">
     <span class='ocr_line' id='line_1_98' title="bbox 2067 3039 3644 3115; baseline 0.008 -24"><span class='ocrx_word' id='word_1_790' title='bbox 2067 3039 2119 3092; x_wconf 90' lang='lat' dir='ltr'><strong>in</strong></span> <span class='ocrx_word' id='word_1_791' title='bbox 2153 3043 2361 3115; x_wconf 84' lang='lat' dir='ltr'><strong>Iaudem</strong></span> <span class='ocrx_word' id='word_1_792' title='bbox 2390 3040 2713 3115; x_wconf 77' lang='lat' dir='ltr'><strong>ejus_ell&#39;udi,</strong></span> <span class='ocrx_word' id='word_1_793' title='bbox 2745 3044 2982 3111; x_wconf 80' lang='lat' dir='ltr'><strong>gaudens</strong></span> <span class='ocrx_word' id='word_1_794' title='bbox 3014 3045 3066 3096; x_wconf 92' lang='lat' dir='ltr'><strong>in</strong></span> <span class='ocrx_word' id='word_1_795' title='bbox 3094 3060 3158 3099; x_wconf 91' lang='lat' dir='ltr'><strong>eo</strong></span> <span class='ocrx_word' id='word_1_796' title='bbox 3188 3049 3326 3115; x_wconf 91' lang='lat' dir='ltr'><strong>quod</strong></span> <span class='ocrx_word' id='word_1_797' title='bbox 3359 3050 3471 3114; x_wconf 88' lang='lat' dir='ltr'><strong>ipse</strong></span> <span class='ocrx_word' id='word_1_798' title='bbox 3500 3039 3644 3103; x_wconf 78' lang='lat' dir='ltr'><strong>tem-</strong></span> 
     </span>
    </p>
   </div>
   <div class='ocr_carea' id='block_1_99' title="bbox 2070 3111 3640 3189">
    <p class='ocr_par' dir='ltr' id='par_1_99' title="bbox 2070 3111 3640 3189">
     <span class='ocr_line' id='line_1_99' title="bbox 2070 3111 3640 3189; baseline 0.006 -26"><span class='ocrx_word' id='word_1_799' title='bbox 2070 3112 2325 3189; x_wconf 75' lang='lat' dir='ltr'><strong>poraliter</strong></span> <span class='ocrx_word' id='word_1_800' title='bbox 2353 3111 2658 3189; x_wconf 67' lang='lat' dir='ltr'><strong>liutttiliatus</strong></span> <span class='ocrx_word' id='word_1_801' title='bbox 2685 3120 2807 3176; x_wconf 88' lang='lat' dir='ltr'><strong>est,</strong></span> <span class='ocrx_word' id='word_1_802' title='bbox 2843 3128 2935 3189; x_wconf 71' lang='lat' dir='ltr'><strong>per</strong></span> <span class='ocrx_word' id='word_1_803' title='bbox 2958 3116 3095 3180; x_wconf 90' lang='lat' dir='ltr'><strong>quod</strong></span> <span class='ocrx_word' id='word_1_804' title='bbox 3127 3111 3396 3189; x_wconf 50' lang='lat' dir='ltr'><strong>tot&#39;millia</strong></span> <span class='ocrx_word' id='word_1_805' title='bbox 3435 3120 3640 3189; x_wconf 78' lang='lat' dir='ltr'><strong>elegit;</strong></span> 
     </span>
    </p>
   </div>
   <div class='ocr_carea' id='block_1_100' title="bbox 2067 3181 3642 3257">
    <p class='ocr_par' dir='ltr' id='par_1_100' title="bbox 2067 3181 3642 3257">
     <span class='ocr_line' id='line_1_100' title="bbox 2067 3181 3642 3257; baseline 0.006 -24"><span class='ocrx_word' id='word_1_806' title='bbox 2067 3184 2154 3233; x_wconf 88' lang='lat' dir='ltr'><strong>tali</strong></span> <span class='ocrx_word' id='word_1_807' title='bbox 2188 3181 2329 3234; x_wconf 88' lang='lat' dir='ltr'><strong>enim</strong></span> <span class='ocrx_word' id='word_1_808' title='bbox 2364 3181 2536 3234; x_wconf 89' lang='lat' dir='ltr'><strong>liostia</strong></span> <span class='ocrx_word' id='word_1_809' title='bbox 2579 3182 2815 3257; x_wconf 84' lang='lat' dir='ltr'><strong>placatur</strong></span> <span class='ocrx_word' id='word_1_810' title='bbox 2848 3183 3007 3237; x_wconf 88' lang='lat' dir='ltr'><strong>Dens.</strong></span> <span class='ocrx_word' id='word_1_811' title='bbox 3050 3188 3199 3251; x_wconf 79' lang='lat' dir='ltr'><strong>Quod</strong></span> <span class='ocrx_word' id='word_1_812' title='bbox 3230 3189 3482 3255; x_wconf 82' lang='lat' dir='ltr'><strong>gaudium</strong></span> <span class='ocrx_word' id='word_1_813' title='bbox 3512 3181 3642 3257; x_wconf 53' lang='lat' dir='ltr'><strong>Quia</strong></span> 
     </span>
    </p>
   </div>
   <div class='ocr_carea' id='block_1_101' title="bbox 2062 3255 3640 3323">
    <p class='ocr_par' dir='ltr' id='par_1_101' title="bbox 2062 3255 3640 3323">
     <span class='ocr_line' id='line_1_101' title="bbox 2062 3255 3640 3323; baseline 0.005 -21"><span class='ocrx_word' id='word_1_814' title='bbox 2062 3264 2246 3323; x_wconf 81' lang='lat' dir='ltr'><strong>sermo</strong></span> <span class='ocrx_word' id='word_1_815' title='bbox 2274 3265 2395 3323; x_wconf 86' lang='lat' dir='ltr'><strong>non</strong></span> <span class='ocrx_word' id='word_1_816' title='bbox 2417 3259 2597 3323; x_wconf 85' lang='lat' dir='ltr'><strong>potest</strong></span> <span class='ocrx_word' id='word_1_817' title='bbox 2618 3255 2950 3319; x_wconf 82' lang='lat' dir='ltr'><strong>exprimere,</strong></span> <span class='ocrx_word' id='word_1_818' title='bbox 2987 3266 3152 3308; x_wconf 85' lang='lat' dir='ltr'><strong>restat</strong></span> <span class='ocrx_word' id='word_1_819' title='bbox 3180 3268 3358 3311; x_wconf 90' lang='lat' dir='ltr'><strong>mente</strong></span> <span class='ocrx_word' id='word_1_820' title='bbox 3381 3255 3640 3323; x_wconf 78' lang='lat' dir='ltr'><strong>jubilare.</strong></span> 
     </span>
    </p>
   </div>
   <div class='ocr_carea' id='block_1_102' title="bbox 2060 3320 3639 3395">
    <p class='ocr_par' dir='ltr' id='par_1_102' title="bbox 2060 3320 3639 3395">
     <span class='ocr_line' id='line_1_102' title="bbox 2060 3320 3639 3395; baseline 0.005 -21"><span class='ocrx_word' id='word_1_821' title='bbox 2060 3320 2267 3374; x_wconf 80' lang='lat' dir='ltr'><strong>Jubilus</strong></span> <span class='ocrx_word' id='word_1_822' title='bbox 2314 3321 2454 3375; x_wconf 88' lang='lat' dir='ltr'><strong>enim</strong></span> <span class='ocrx_word' id='word_1_823' title='bbox 2498 3321 2692 3395; x_wconf 84' lang='lat' dir='ltr'><strong>dicitur</strong></span> <span class='ocrx_word' id='word_1_824' title='bbox 2736 3331 2878 3395; x_wconf 83' lang='lat' dir='ltr'><strong>tanta</strong></span> <span class='ocrx_word' id='word_1_825' title='bbox 2923 3337 3102 3380; x_wconf 89' lang='lat' dir='ltr'><strong>mente</strong></span> <span class='ocrx_word' id='word_1_826' title='bbox 3138 3320 3395 3395; x_wconf 79' lang='lat' dir='ltr'><strong>concepta</strong></span> <span class='ocrx_word' id='word_1_827' title='bbox 3428 3328 3639 3394; x_wconf 70' lang='lat' dir='ltr'><strong>lzrtitia,</strong></span> 
     </span>
    </p>
   </div>
   <div class='ocr_carea' id='block_1_103' title="bbox 2058 3393 3644 3462">
    <p class='ocr_par' dir='ltr' id='par_1_103' title="bbox 2058 3393 3644 3462">
     <span class='ocr_line' id='line_1_103' title="bbox 2058 3393 3644 3462; baseline 0.008 -21"><span class='ocrx_word' id='word_1_828' title='bbox 2058 3400 2432 3462; x_wconf 9' lang='lat' dir='ltr'><strong>qnantamrnon</strong></span> <span class='ocrx_word' id='word_1_829' title='bbox 2456 3394 2651 3445; x_wconf 86' lang='lat' dir='ltr'><strong>sullicit</strong></span> <span class='ocrx_word' id='word_1_830' title='bbox 2681 3393 3157 3462; x_wconf 87' lang='lat' dir='ltr'><strong>verbisexplicare.</strong></span> <span class='ocrx_word' id='word_1_831' title='bbox 3182 3399 3240 3448; x_wconf 79' lang='lat' dir='ltr'><strong>Et</strong></span> <span class='ocrx_word' id='word_1_832' title='bbox 3264 3393 3385 3451; x_wconf 80' lang='lat' dir='ltr'><strong>ideo</strong></span> <span class='ocrx_word' id='word_1_833' title='bbox 3403 3398 3505 3451; x_wconf 81' lang='lat' dir='ltr'><strong>hoc</strong></span> <span class='ocrx_word' id='word_1_834' title='bbox 3525 3393 3644 3454; x_wconf 76' lang='lat' dir='ltr'><strong>tati-</strong></span> 
     </span>
    </p>
   </div>
   <div class='ocr_carea' id='block_1_104' title="bbox 2062 3461 3645 3534">
    <p class='ocr_par' dir='ltr' id='par_1_104' title="bbox 2062 3461 3645 3534">
     <span class='ocr_line' id='line_1_104' title="bbox 2062 3461 3645 3534; baseline 0.006 -21"><span class='ocrx_word' id='word_1_835' title='bbox 2062 3471 2173 3534; x_wconf 85' lang='lat' dir='ltr'><strong>tnm</strong></span> <span class='ocrx_word' id='word_1_836' title='bbox 2193 3461 2439 3530; x_wconf 82' lang='lat' dir='ltr'><strong>gaudium</strong></span> <span class='ocrx_word' id='word_1_837' title='bbox 2474 3472 2617 3516; x_wconf 87' lang='lat' dir='ltr'><strong>recte</strong></span> <span class='ocrx_word' id='word_1_838' title='bbox 2645 3462 2839 3516; x_wconf 73' lang='lat' dir='ltr'><strong>dcitur</strong></span> <span class='ocrx_word' id='word_1_839' title='bbox 2869 3461 3040 3519; x_wconf 85' lang='lat' dir='ltr'><strong>hostia</strong></span> <span class='ocrx_word' id='word_1_840' title='bbox 3074 3467 3403 3534; x_wconf 86' lang='lat' dir='ltr'><strong>jubilationis</strong></span> <span class='ocrx_word' id='word_1_841' title='bbox 3433 3468 3517 3521; x_wconf 71' lang='grc' dir='ltr'>νει</span> <span class='ocrx_word' id='word_1_842' title='bbox 3556 3485 3645 3523; x_wconf 84' lang='lat' dir='ltr'><strong>vo-</strong></span> 
     </span>
    </p>
   </div>
   <div class='ocr_carea' id='block_1_105' title="bbox 2058 3533 3637 3606">
    <p class='ocr_par' dir='ltr' id='par_1_105' title="bbox 2058 3533 3637 3606">
     <span class='ocr_line' id='line_1_105' title="bbox 2058 3533 3637 3606; baseline 0.006 -21"><span class='ocrx_word' id='word_1_843' title='bbox 2058 3533 2389 3587; x_wconf 80' lang='lat' dir='ltr'><strong>ciferationis</strong></span> <span class='ocrx_word' id='word_1_844' title='bbox 2413 3549 2429 3606; x_wconf 13' lang='grc' dir='ltr'><strong>γε</strong></span> <span class='ocrx_word' id='word_1_845' title='bbox 2457 3534 2577 3606; x_wconf 86' lang='lat' dir='ltr'><strong>quia</strong></span> <span class='ocrx_word' id='word_1_846' title='bbox 2604 3534 2739 3606; x_wconf 83' lang='lat' dir='ltr'><strong>sicut</strong></span> <span class='ocrx_word' id='word_1_847' title='bbox 2767 3535 2928 3604; x_wconf 90' lang='lat' dir='ltr'><strong>aliqui</strong></span> <span class='ocrx_word' id='word_1_848' title='bbox 2956 3533 3137 3590; x_wconf 77' lang='lat' dir='ltr'><strong>laudes</strong></span> <span class='ocrx_word' id='word_1_849' title='bbox 3160 3538 3363 3606; x_wconf 89' lang='lat' dir='ltr'><strong>aliquas</strong></span> <span class='ocrx_word' id='word_1_850' title='bbox 3385 3541 3637 3594; x_wconf 84' lang='lat' dir='ltr'><strong>canendo</strong></span> 
     </span>
    </p>
   </div>
   <div class='ocr_carea' id='block_1_106' title="bbox 2058 3604 3638 3674">
    <p class='ocr_par' dir='ltr' id='par_1_106' title="bbox 2058 3604 3638 3674">
     <span class='ocr_line' id='line_1_106' title="bbox 2058 3604 3638 3674; baseline 0.008 -20"><span class='ocrx_word' id='word_1_851' title='bbox 2058 3616 2178 3674; x_wconf 85' lang='lat' dir='ltr'><strong>cum</strong></span> <span class='ocrx_word' id='word_1_852' title='bbox 2202 3606 2364 3657; x_wconf 86' lang='lat' dir='ltr'><strong>verba</strong></span> <span class='ocrx_word' id='word_1_853' title='bbox 2392 3605 2666 3669; x_wconf 86' lang='lat' dir='ltr'><strong>deliciunt,</strong></span> <span class='ocrx_word' id='word_1_854' title='bbox 2697 3604 2746 3655; x_wconf 94' lang='lat' dir='ltr'><strong>in</strong></span> <span class='ocrx_word' id='word_1_855' title='bbox 2767 3619 2948 3659; x_wconf 88' lang='lat' dir='ltr'><strong>vocem</strong></span> <span class='ocrx_word' id='word_1_856' title='bbox 2976 3604 3260 3674; x_wconf 72' lang='lat' dir='ltr'><strong>quamdam</strong></span> <span class='ocrx_word' id='word_1_857' title='bbox 3282 3609 3547 3662; x_wconf 88' lang='lat' dir='ltr'><strong>intensam</strong></span> <span class='ocrx_word' id='word_1_858' title='bbox 3583 3621 3638 3666; x_wconf 86' lang='lat' dir='ltr'><strong>et</strong></span> 
     </span>
    </p>
   </div>
   <div class='ocr_carea' id='block_1_107' title="bbox 2060 3672 3634 3743">
    <p class='ocr_par' dir='ltr' id='par_1_107' title="bbox 2060 3672 3634 3743">
     <span class='ocr_line' id='line_1_107' title="bbox 2060 3672 3634 3743; baseline 0.006 -18"><span class='ocrx_word' id='word_1_859' title='bbox 2060 3672 2472 3738; x_wconf 87' lang='lat' dir='ltr'><strong>inarticulatain,</strong></span> <span class='ocrx_word' id='word_1_860' title='bbox 2502 3687 2619 3740; x_wconf 66' lang='lat' dir='ltr'><strong>qua:</strong></span> <span class='ocrx_word' id='word_1_861' title='bbox 2652 3676 2863 3741; x_wconf 88' lang='lat' dir='ltr'><strong>proprie</strong></span> <span class='ocrx_word' id='word_1_862' title='bbox 2912 3672 3111 3743; x_wconf 82' lang='lat' dir='ltr'><strong>jubilus</strong></span> <span class='ocrx_word' id='word_1_863' title='bbox 3141 3678 3334 3731; x_wconf 88' lang='lat' dir='ltr'><strong>dicitur</strong></span> <span class='ocrx_word' id='word_1_864' title='bbox 3363 3681 3441 3732; x_wconf 83' lang='lat' dir='ltr'><strong>vel</strong></span> <span class='ocrx_word' id='word_1_865' title='bbox 3476 3683 3634 3735; x_wconf 84' lang='lat' dir='ltr'><strong>voci-</strong></span> 
     </span>
    </p>
   </div>
   <div class='ocr_carea' id='block_1_108' title="bbox 2060 3743 3635 3816">
    <p class='ocr_par' dir='ltr' id='par_1_108' title="bbox 2060 3743 3635 3816">
     <span class='ocr_line' id='line_1_108' title="bbox 2060 3743 3635 3816; baseline 0.006 -21"><span class='ocrx_word' id='word_1_866' title='bbox 2060 3743 2272 3816; x_wconf 81' lang='lat' dir='ltr'><strong>feratio,</strong></span> <span class='ocrx_word' id='word_1_867' title='bbox 2304 3751 2620 3812; x_wconf 87' lang='lat' dir='ltr'><strong>prorumpit.</strong></span> <span class='ocrx_word' id='word_1_868' title='bbox 2654 3747 2833 3811; x_wconf 86' lang='lat' dir='ltr'><strong>Itaque</strong></span> <span class='ocrx_word' id='word_1_869' title='bbox 2865 3748 2962 3798; x_wconf 88' lang='lat' dir='ltr'><strong>lioc</strong></span> <span class='ocrx_word' id='word_1_870' title='bbox 2994 3755 3196 3800; x_wconf 87' lang='lat' dir='ltr'><strong>tantum</strong></span> <span class='ocrx_word' id='word_1_871' title='bbox 3237 3748 3488 3816; x_wconf 86' lang='lat' dir='ltr'><strong>gaudium</strong></span> <span class='ocrx_word' id='word_1_872' title='bbox 3521 3765 3635 3805; x_wconf 87' lang='lat' dir='ltr'><strong>non</strong></span> 
     </span>
    </p>
   </div>
   <div class='ocr_carea' id='block_1_109' title="bbox 2057 3815 3637 3883">
    <p class='ocr_par' dir='ltr' id='par_1_109' title="bbox 2057 3815 3637 3883">
     <span class='ocr_line' id='line_1_109' title="bbox 2057 3815 3637 3883; baseline 0.006 -19"><span class='ocrx_word' id='word_1_873' title='bbox 2057 3815 2256 3866; x_wconf 84' lang='lat' dir='ltr'><strong>sullicit</strong></span> <span class='ocrx_word' id='word_1_874' title='bbox 2283 3816 2463 3867; x_wconf 85' lang='lat' dir='ltr'><strong>verbis</strong></span> <span class='ocrx_word' id='word_1_875' title='bbox 2483 3827 2772 3881; x_wconf 87' lang='lat' dir='ltr'><strong>exponere,</strong></span> <span class='ocrx_word' id='word_1_876' title='bbox 2804 3828 3013 3883; x_wconf 89' lang='lat' dir='ltr'><strong>oportet</strong></span> <span class='ocrx_word' id='word_1_877' title='bbox 3042 3827 3148 3869; x_wconf 90' lang='lat' dir='ltr'><strong>tota</strong></span> <span class='ocrx_word' id='word_1_878' title='bbox 3176 3815 3371 3871; x_wconf 86' lang='lat' dir='ltr'><strong>mentis</strong></span> <span class='ocrx_word' id='word_1_879' title='bbox 3391 3820 3637 3875; x_wconf 71' lang='lat' dir='ltr'><strong>allectio-</strong></span> 
     </span>
    </p>
   </div>
   <div class='ocr_carea' id='block_1_110' title="bbox 2057 3885 3634 3955">
    <p class='ocr_par' dir='ltr' id='par_1_110' title="bbox 2057 3885 3634 3955">
     <span class='ocr_line' id='line_1_110' title="bbox 2057 3885 3634 3955; baseline 0.004 -19"><span class='ocrx_word' id='word_1_880' title='bbox 2057 3899 2125 3955; x_wconf 73' lang='lat' dir='ltr'><strong>tie</strong></span> <span class='ocrx_word' id='word_1_881' title='bbox 2156 3887 2268 3951; x_wconf 89' lang='lat' dir='ltr'><strong>ipsa</strong></span> <span class='ocrx_word' id='word_1_882' title='bbox 2299 3887 2385 3936; x_wconf 91' lang='lat' dir='ltr'><strong>ubi</strong></span> <span class='ocrx_word' id='word_1_883' title='bbox 2416 3897 2594 3937; x_wconf 87' lang='lat' dir='ltr'><strong>sermo</strong></span> <span class='ocrx_word' id='word_1_884' title='bbox 2633 3885 2861 3938; x_wconf 80' lang='lat' dir='ltr'><strong>defuerit</strong></span> <span class='ocrx_word' id='word_1_885' title='bbox 2887 3925 2901 3949; x_wconf 92' lang='lat'><strong>,</strong></span> <span class='ocrx_word' id='word_1_886' title='bbox 2941 3887 3254 3955; x_wconf 89' lang='lat' dir='ltr'><strong>adimplere.</strong></span> <span class='ocrx_word' id='word_1_887' title='bbox 3287 3889 3375 3942; x_wconf 87' lang='lat' dir='ltr'><strong>Vei</strong></span> <span class='ocrx_word' id='word_1_888' title='bbox 3416 3892 3587 3944; x_wconf 87' lang='lat' dir='ltr'><strong>aliter</strong></span> <span class='ocrx_word' id='word_1_889' title='bbox 3619 3908 3634 3942; x_wconf 91' lang='lat'>:</span> 
     </span>
    </p>
   </div>
   <div class='ocr_carea' id='block_1_111' title="bbox 2057 3950 3632 4017">
    <p class='ocr_par' dir='ltr' id='par_1_111' title="bbox 2057 3950 3632 4017">
     <span class='ocr_line' id='line_1_111' title="bbox 2057 3950 3632 4017; baseline 0.005 -12"><span class='ocrx_word' id='word_1_890' title='bbox 2057 3950 2275 4007; x_wconf 86' lang='lat' dir='ltr'><strong>Circuivi</strong></span> <span class='ocrx_word' id='word_1_891' title='bbox 2299 3994 2313 4017; x_wconf 90' lang='lat'><strong>,</strong></span> <span class='ocrx_word' id='word_1_892' title='bbox 2348 3955 2397 4007; x_wconf 94' lang='lat' dir='ltr'><strong>id</strong></span> <span class='ocrx_word' id='word_1_893' title='bbox 2423 3962 2505 4007; x_wconf 88' lang='lat' dir='ltr'><strong>est</strong></span> <span class='ocrx_word' id='word_1_894' title='bbox 2529 3993 2545 4016; x_wconf 89' lang='lat'><strong>,</strong></span> <span class='ocrx_word' id='word_1_895' title='bbox 2585 3968 2802 4007; x_wconf 87' lang='lat' dir='ltr'><strong>omnem</strong></span> <span class='ocrx_word' id='word_1_896' title='bbox 2830 3950 3129 4010; x_wconf 81' lang='lat' dir='ltr'><strong>creaturam</strong></span> <span class='ocrx_word' id='word_1_897' title='bbox 3182 3966 3363 4012; x_wconf 89' lang='lat' dir='ltr'><strong>mente</strong></span> <span class='ocrx_word' id='word_1_898' title='bbox 3388 3960 3632 4013; x_wconf 81' lang='lat' dir='ltr'><strong>cii-cum-</strong></span> 
     </span>
    </p>
   </div>
   <div class='ocr_carea' id='block_1_112' title="bbox 2055 4024 3630 4096">
    <p class='ocr_par' dir='ltr' id='par_1_112' title="bbox 2055 4024 3630 4096">
     <span class='ocr_line' id='line_1_112' title="bbox 2055 4024 3630 4096; baseline 0.004 -19"><span class='ocrx_word' id='word_1_899' title='bbox 2055 4024 2229 4092; x_wconf 73' lang='lat' dir='ltr'><strong>Spexi,</strong></span> <span class='ocrx_word' id='word_1_900' title='bbox 2262 4035 2318 4078; x_wconf 88' lang='lat' dir='ltr'><strong>et</strong></span> <span class='ocrx_word' id='word_1_901' title='bbox 2346 4034 2499 4096; x_wconf 76' lang='lat' dir='ltr'><strong>erant</strong></span> <span class='ocrx_word' id='word_1_902' title='bbox 2531 4025 2761 4078; x_wconf 68' lang='lat' dir='ltr'><strong>diversa:</strong></span> <span class='ocrx_word' id='word_1_903' title='bbox 2787 4025 2911 4096; x_wconf 73' lang='lat' dir='ltr'><strong>ejus</strong></span> <span class='ocrx_word' id='word_1_904' title='bbox 2932 4029 3136 4094; x_wconf 85' lang='lat' dir='ltr'><strong>species</strong></span> <span class='ocrx_word' id='word_1_905' title='bbox 3163 4037 3412 4096; x_wconf 87' lang='lat' dir='ltr'><strong>tanquam</strong></span> <span class='ocrx_word' id='word_1_906' title='bbox 3440 4030 3630 4084; x_wconf 81' lang='lat' dir='ltr'><strong>diver-</strong></span> 
     </span>
    </p>
   </div>
   <div class='ocr_carea' id='block_1_113' title="bbox 2052 4094 3631 4156">
    <p class='ocr_par' dir='ltr' id='par_1_113' title="bbox 2052 4094 3631 4156">
     <span class='ocr_line' id='line_1_113' title="bbox 2052 4094 3631 4156; baseline 0.006 -10"><span class='ocrx_word' id='word_1_907' title='bbox 2052 4107 2127 4146; x_wconf 72' lang='lat' dir='ltr'><strong>sa:</strong></span> <span class='ocrx_word' id='word_1_908' title='bbox 2157 4108 2312 4148; x_wconf 85' lang='lat' dir='ltr'><strong>voces</strong></span> <span class='ocrx_word' id='word_1_909' title='bbox 2342 4094 2509 4147; x_wconf 88' lang='lat' dir='ltr'><strong>Deum</strong></span> <span class='ocrx_word' id='word_1_910' title='bbox 2546 4096 2840 4148; x_wconf 88' lang='lat' dir='ltr'><strong>laudantes.</strong></span> <span class='ocrx_word' id='word_1_911' title='bbox 2873 4094 2939 4149; x_wconf 86' lang='lat' dir='ltr'><strong>Et</strong></span> <span class='ocrx_word' id='word_1_912' title='bbox 2978 4114 3026 4149; x_wconf 91' lang='lat' dir='ltr'><strong>in</strong></span> <span class='ocrx_word' id='word_1_913' title='bbox 3063 4100 3159 4152; x_wconf 89' lang='lat' dir='ltr'><strong>bac</strong></span> <span class='ocrx_word' id='word_1_914' title='bbox 3190 4094 3631 4156; x_wconf 82' lang='lat' dir='ltr'><strong>consideratione</strong></span> 
     </span>
    </p>
   </div>
   <div class='ocr_carea' id='block_1_114' title="bbox 2050 4164 3635 4235">
    <p class='ocr_par' dir='ltr' id='par_1_114' title="bbox 2050 4164 3635 4235">
     <span class='ocr_line' id='line_1_114' title="bbox 2050 4164 3635 4235; baseline 0.006 -20"><span class='ocrx_word' id='word_1_915' title='bbox 2050 4164 2309 4235; x_wconf 77' lang='lat' dir='ltr'><strong>immolavi</strong></span> <span class='ocrx_word' id='word_1_916' title='bbox 2335 4164 2553 4217; x_wconf 82' lang='lat' dir='ltr'><strong>hostiam</strong></span> <span class='ocrx_word' id='word_1_917' title='bbox 2576 4166 2952 4233; x_wconf 77' lang='lat' dir='ltr'><strong>vociferationis</strong></span> <span class='ocrx_word' id='word_1_918' title='bbox 2979 4206 2994 4233; x_wconf 88' lang='lat'><strong>,</strong></span> <span class='ocrx_word' id='word_1_919' title='bbox 3038 4170 3086 4222; x_wconf 91' lang='lat' dir='ltr'><strong>id</strong></span> <span class='ocrx_word' id='word_1_920' title='bbox 3119 4182 3221 4235; x_wconf 73' lang='grc' dir='ltr'>εει,</span> <span class='ocrx_word' id='word_1_921' title='bbox 3253 4178 3398 4223; x_wconf 85' lang='lat' dir='ltr'><strong>tanta</strong></span> <span class='ocrx_word' id='word_1_922' title='bbox 3430 4174 3635 4225; x_wconf 80' lang='lat' dir='ltr'><strong>tuentis</strong></span> 
     </span>
    </p>
   </div>
   <div class='ocr_carea' id='block_1_115' title="bbox 2054 4234 3631 4309">
    <p class='ocr_par' dir='ltr' id='par_1_115' title="bbox 2054 4234 3631 4309">
     <span class='ocr_line' id='line_1_115' title="bbox 2054 4234 3631 4309; baseline 0.004 -22"><span class='ocrx_word' id='word_1_923' title='bbox 2054 4234 2233 4287; x_wconf 69' lang='lat' dir='ltr'><strong>laetitia</strong></span> <span class='ocrx_word' id='word_1_924' title='bbox 2281 4234 2560 4309; x_wconf 80' lang='lat' dir='ltr'><strong>Domitium</strong></span> <span class='ocrx_word' id='word_1_925' title='bbox 2612 4250 2730 4309; x_wconf 86' lang='lat' dir='ltr'><strong>cum</strong></span> <span class='ocrx_word' id='word_1_926' title='bbox 2775 4239 3086 4309; x_wconf 31' lang='lat' dir='ltr'><strong>gratiarutn‘</strong></span> <span class='ocrx_word' id='word_1_927' title='bbox 3118 4234 3330 4295; x_wconf 82' lang='lat' dir='ltr'><strong>actione</strong></span> <span class='ocrx_word' id='word_1_928' title='bbox 3371 4243 3585 4294; x_wconf 68' lang='lat' dir='ltr'><strong>laudat“</strong></span> <span class='ocrx_word' id='word_1_929' title='bbox 3613 4282 3631 4309; x_wconf 86' lang='lat'><strong>,</strong></span> 
     </span>
    </p>
   </div>
   <div class='ocr_carea' id='block_1_116' title="bbox 2052 4306 3214 4374">
    <p class='ocr_par' dir='ltr' id='par_1_116' title="bbox 2052 4306 3214 4374">
     <span class='ocr_line' id='line_1_116' title="bbox 2052 4306 3214 4374; baseline 0.005 -17"><span class='ocrx_word' id='word_1_930' title='bbox 2052 4315 2303 4374; x_wconf 86' lang='lat' dir='ltr'><strong>quantam</strong></span> <span class='ocrx_word' id='word_1_931' title='bbox 2336 4306 2518 4374; x_wconf 77' lang='lat' dir='ltr'><strong>verbis</strong></span> <span class='ocrx_word' id='word_1_932' title='bbox 2535 4308 2837 4373; x_wconf 81' lang='lat' dir='ltr'><strong>exprimere</strong></span> <span class='ocrx_word' id='word_1_933' title='bbox 2868 4322 2971 4360; x_wconf 89' lang='lat' dir='ltr'><strong>non</strong></span> <span class='ocrx_word' id='word_1_934' title='bbox 2998 4306 3214 4363; x_wconf 78' lang='lat' dir='ltr'><strong>sufﬁcit.</strong></span> 
     </span>
    </p>
   </div>
   <div class='ocr_carea' id='block_1_117' title="bbox 2124 4372 3631 4448">
    <p class='ocr_par' dir='ltr' id='par_1_117' title="bbox 2124 4372 3631 4448">
     <span class='ocr_line' id='line_1_117' title="bbox 2124 4372 3631 4448; baseline 0.005 -20"><span class='ocrx_word' id='word_1_935' title='bbox 2124 4375 2348 4428; x_wconf 72' lang='lat' dir='ltr'><strong>L‘anlabo</strong></span> <span class='ocrx_word' id='word_1_936' title='bbox 2397 4384 2441 4425; x_wconf 81' lang='lat' dir='ltr'><strong>et</strong></span> <span class='ocrx_word' id='word_1_937' title='bbox 2484 4372 2771 4448; x_wconf 58' lang='lat' dir='ltr'><strong>Paulinum.</strong></span> <span class='ocrx_word' id='word_1_938' title='bbox 2824 4378 3085 4431; x_wconf 83' lang='lat' dir='ltr'><strong>Hactenus</strong></span> <span class='ocrx_word' id='word_1_939' title='bbox 3131 4382 3316 4448; x_wconf 85' lang='lat' dir='ltr'><strong>pignus</strong></span> <span class='ocrx_word' id='word_1_940' title='bbox 3360 4380 3547 4434; x_wconf 85' lang='lat' dir='ltr'><strong>datum</strong></span> <span class='ocrx_word' id='word_1_941' title='bbox 3596 4392 3631 4436; x_wconf 74' lang='lat' dir='ltr'><strong>a</strong></span> 
     </span>
    </p>
   </div>
   <div class='ocr_carea' id='block_1_118' title="bbox 2055 4443 3631 4519">
    <p class='ocr_par' dir='ltr' id='par_1_118' title="bbox 2055 4443 3631 4519">
     <span class='ocr_line' id='line_1_118' title="bbox 2055 4443 3631 4519; baseline 0.007 -22"><span class='ocrx_word' id='word_1_942' title='bbox 2055 4443 2285 4519; x_wconf 85' lang='lat' dir='ltr'><strong>Domino</strong></span> <span class='ocrx_word' id='word_1_943' title='bbox 2316 4446 2586 4519; x_wconf 86' lang='lat' dir='ltr'><strong>exposuit,</strong></span> <span class='ocrx_word' id='word_1_944' title='bbox 2613 4454 2666 4499; x_wconf 88' lang='lat' dir='ltr'><strong>et</strong></span> <span class='ocrx_word' id='word_1_945' title='bbox 2693 4448 2815 4502; x_wconf 84' lang='lat' dir='ltr'><strong>inde</strong></span> <span class='ocrx_word' id='word_1_946' title='bbox 2838 4448 3031 4513; x_wconf 78' lang='lat' dir='ltr'><strong>infert;</strong></span> <span class='ocrx_word' id='word_1_947' title='bbox 3054 4443 3208 4519; x_wconf 73' lang='lat' dir='ltr'><strong>quasi</strong></span> <span class='ocrx_word' id='word_1_948' title='bbox 3233 4456 3374 4503; x_wconf 87' lang='lat' dir='ltr'><strong>dicat</strong></span> <span class='ocrx_word' id='word_1_949' title='bbox 3407 4468 3418 4501; x_wconf 92' lang='lat'>:</span> <span class='ocrx_word' id='word_1_950' title='bbox 3443 4455 3631 4518; x_wconf 80' lang='lat' dir='ltr'><strong>Quan-</strong></span> 
     </span>
    </p>
   </div>
   <div class='ocr_carea' id='block_1_119' title="bbox 393 4515 3630 4588">
    <p class='ocr_par' dir='ltr' id='par_1_119' title="bbox 393 4515 3630 4588">
     <span class='ocr_line' id='line_1_119' title="bbox 393 4515 3630 4588; baseline 0.002 -19"><span class='ocrx_word' id='word_1_951' title='bbox 393 4528 497 4581; x_wconf 73' lang='grc' dir='ltr'>ιιιτ,</span> <span class='ocrx_word' id='word_1_952' title='bbox 522 4520 637 4586; x_wconf 85' lang='lat' dir='ltr'><strong>quia</strong></span> <span class='ocrx_word' id='word_1_953' title='bbox 670 4515 902 4569; x_wconf 89' lang='lat' dir='ltr'><strong>nondum</strong></span> <span class='ocrx_word' id='word_1_954' title='bbox 934 4526 1151 4582; x_wconf 84' lang='lat' dir='ltr'><strong>apparet</strong></span> <span class='ocrx_word' id='word_1_955' title='bbox 1179 4518 1315 4583; x_wconf 86' lang='lat' dir='ltr'><strong>quod</strong></span> <span class='ocrx_word' id='word_1_956' title='bbox 1344 4528 1488 4570; x_wconf 79' lang='lat' dir='ltr'><strong>sunt.</strong></span> <span class='ocrx_word' id='word_1_957' title='bbox 1520 4516 1676 4570; x_wconf 85' lang='lat' dir='ltr'><strong>Fides</strong></span> <span class='ocrx_word' id='word_1_958' title='bbox 1700 4534 1838 4570; x_wconf 88' lang='lat' dir='ltr'><strong>cnim</strong></span> <span class='ocrx_word' id='word_1_959' title='bbox 1864 4529 1946 4571; x_wconf 89' lang='lat' dir='ltr'><strong>est</strong></span> <span class='ocrx_word' id='word_1_960' title='bbox 1980 4520 2030 4578; x_wconf 88' lang='lat' dir='ltr'><strong>D</strong></span> <span class='ocrx_word' id='word_1_961' title='bbox 2055 4518 2339 4584; x_wconf 87' lang='lat' dir='ltr'><strong>d0quidem</strong></span> <span class='ocrx_word' id='word_1_962' title='bbox 2386 4517 2638 4569; x_wconf 84' lang='lat' dir='ltr'><strong>Dominus</strong></span> <span class='ocrx_word' id='word_1_963' title='bbox 2688 4519 2817 4570; x_wconf 86' lang='lat' dir='ltr'><strong>milii</strong></span> <span class='ocrx_word' id='word_1_964' title='bbox 2865 4522 3036 4572; x_wconf 81' lang='lat' dir='ltr'><strong>adhuc</strong></span> <span class='ocrx_word' id='word_1_965' title='bbox 3071 4515 3237 4588; x_wconf 77' lang='lat' dir='ltr'><strong>longe</strong></span> <span class='ocrx_word' id='word_1_966' title='bbox 3276 4524 3447 4587; x_wconf 87' lang='lat' dir='ltr'><strong>posito</strong></span> <span class='ocrx_word' id='word_1_967' title='bbox 3468 4515 3630 4576; x_wconf 48' lang='lat' dir='ltr'><strong>&#39;tiaiic</strong></span> 
     </span>
    </p>
   </div>
   <div class='ocr_carea' id='block_1_120' title="bbox 389 4589 1938 4656">
    <p class='ocr_par' dir='ltr' id='par_1_120' title="bbox 389 4589 1938 4656">
     <span class='ocr_line' id='line_1_120' title="bbox 389 4589 1938 4656; baseline -0.001 -15"><span class='ocrx_word' id='word_1_968' title='bbox 389 4589 716 4656; x_wconf 73' lang='lat' dir='ltr'><strong>ex~pecmtio</strong></span> <span class='ocrx_word' id='word_1_969' title='bbox 746 4590 1064 4650; x_wconf 84' lang='lat' dir='ltr'><strong>luititotnm,</strong></span> <span class='ocrx_word' id='word_1_970' title='bbox 1113 4600 1479 4654; x_wconf 84' lang='lat' dir='ltr'><strong>argi.meiitum</strong></span> <span class='ocrx_word' id='word_1_971' title='bbox 1508 4603 1684 4640; x_wconf 86' lang='lat' dir='ltr'><strong>rerum</strong></span> <span class='ocrx_word' id='word_1_972' title='bbox 1717 4603 1819 4640; x_wconf 87' lang='lat' dir='ltr'><strong>non</strong></span> <span class='ocrx_word' id='word_1_973' title='bbox 1849 4604 1938 4655; x_wconf 81' lang='lat' dir='ltr'><strong>ap-</strong></span> 
     </span>
    </p>
   </div>
   <div class='ocr_carea' id='block_1_121' title="bbox 393 4656 1951 4725">
    <p class='ocr_par' dir='ltr' id='par_1_121' title="bbox 393 4656 1951 4725">
     <span class='ocr_line' id='line_1_121' title="bbox 393 4656 1951 4725; baseline 0.001 -16"><span class='ocrx_word' id='word_1_974' title='bbox 393 4660 708 4725; x_wconf 73' lang='lat' dir='ltr'><strong>parentium.</strong></span> <span class='ocrx_word' id='word_1_975' title='bbox 744 4656 868 4709; x_wconf 91' lang='lat' dir='ltr'><strong>Item</strong></span> <span class='ocrx_word' id='word_1_976' title='bbox 899 4669 1021 4723; x_wconf 78' lang='lat' dir='ltr'><strong>Spes</strong></span> <span class='ocrx_word' id='word_1_977' title='bbox 1045 4666 1121 4709; x_wconf 90' lang='lat' dir='ltr'><strong>est</strong></span> <span class='ocrx_word' id='word_1_978' title='bbox 1162 4660 1227 4710; x_wconf 91' lang='lat' dir='ltr'><strong>de</strong></span> <span class='ocrx_word' id='word_1_979' title='bbox 1267 4658 1474 4711; x_wconf 80' lang='lat' dir='ltr'><strong>futuris.</strong></span> <span class='ocrx_word' id='word_1_980' title='bbox 1510 4660 1657 4722; x_wconf 79' lang='lat' dir='ltr'><strong>Quod</strong></span> <span class='ocrx_word' id='word_1_981' title='bbox 1707 4660 1846 4710; x_wconf 91' lang='lat' dir='ltr'><strong>enim</strong></span> <span class='ocrx_word' id='word_1_982' title='bbox 1873 4659 1951 4710; x_wconf 89' lang='lat' dir='ltr'><strong>vi-</strong></span> 
     </span>
    </p>
   </div>
   <div class='ocr_carea' id='block_1_122' title="bbox 391 4729 1951 4796">
    <p class='ocr_par' dir='ltr' id='par_1_122' title="bbox 391 4729 1951 4796">
     <span class='ocr_line' id='line_1_122' title="bbox 391 4729 1951 4796; baseline 0.001 -17"><span class='ocrx_word' id='word_1_983' title='bbox 391 4734 481 4779; x_wconf 85' lang='lat' dir='ltr'><strong>det</strong></span> <span class='ocrx_word' id='word_1_984' title='bbox 510 4730 648 4794; x_wconf 89' lang='lat' dir='ltr'><strong>quis,</strong></span> <span class='ocrx_word' id='word_1_985' title='bbox 680 4742 783 4777; x_wconf 87' lang='lat' dir='ltr'><strong>non</strong></span> <span class='ocrx_word' id='word_1_986' title='bbox 816 4738 1024 4794; x_wconf 60' lang='lat' dir='ltr'><strong>sperat;</strong></span> <span class='ocrx_word' id='word_1_987' title='bbox 1070 4729 1298 4792; x_wconf 82' lang='lat' dir='ltr'><strong>perlecta</strong></span> <span class='ocrx_word' id='word_1_988' title='bbox 1321 4742 1530 4796; x_wconf 86' lang='lat' dir='ltr'><strong>quoque</strong></span> <span class='ocrx_word' id='word_1_989' title='bbox 1557 4729 1788 4781; x_wconf 89' lang='lat' dir='ltr'><strong>cliaritas</strong></span> <span class='ocrx_word' id='word_1_990' title='bbox 1815 4744 1951 4781; x_wconf 88' lang='lat' dir='ltr'><strong>tion-</strong></span> 
     </span>
    </p>
   </div>
   <div class='ocr_carea' id='block_1_123' title="bbox 384 4798 1949 4866">
    <p class='ocr_par' dir='ltr' id='par_1_123' title="bbox 384 4798 1949 4866">
     <span class='ocr_line' id='line_1_123' title="bbox 384 4798 1949 4866; baseline 0.002 -17"><span class='ocrx_word' id='word_1_991' title='bbox 384 4798 535 4861; x_wconf 84' lang='lat' dir='ltr'><strong>dum,</strong></span> <span class='ocrx_word' id='word_1_992' title='bbox 588 4801 680 4849; x_wconf 88' lang='lat' dir='ltr'><strong>sed</strong></span> <span class='ocrx_word' id='word_1_993' title='bbox 712 4800 883 4848; x_wconf 68' lang='lat' dir='ltr'><strong>l‘utnia</strong></span> <span class='ocrx_word' id='word_1_994' title='bbox 915 4808 1011 4848; x_wconf 84' lang='lat' dir='ltr'><strong>est.</strong></span> <span class='ocrx_word' id='word_1_995' title='bbox 1045 4799 1318 4850; x_wconf 70' lang='lat' dir='ltr'><strong>Abscondat</strong></span> <span class='ocrx_word' id='word_1_996' title='bbox 1357 4814 1454 4866; x_wconf 88' lang='lat' dir='ltr'><strong>me,</strong></span> <span class='ocrx_word' id='word_1_997' title='bbox 1484 4800 1718 4866; x_wconf 89' lang='lat' dir='ltr'><strong>inquam,</strong></span> <span class='ocrx_word' id='word_1_998' title='bbox 1765 4815 1813 4851; x_wconf 89' lang='lat' dir='ltr'><strong>ei</strong></span> <span class='ocrx_word' id='word_1_999' title='bbox 1850 4805 1949 4852; x_wconf 86' lang='lat' dir='ltr'><strong>lioc</strong></span> 
     </span>
    </p>
   </div>
   <div class='ocr_carea' id='block_1_124' title="bbox 386 4866 1946 4936">
    <p class='ocr_par' dir='ltr' id='par_1_124' title="bbox 386 4866 1946 4936">
     <span class='ocr_line' id='line_1_124' title="bbox 386 4866 1946 4936; baseline 0.002 -16"><span class='ocrx_word' id='word_1_1000' title='bbox 386 4868 511 4920; x_wconf 78' lang='lat' dir='ltr'><strong>fecit</strong></span> <span class='ocrx_word' id='word_1_1001' title='bbox 558 4868 609 4918; x_wconf 92' lang='lat' dir='ltr'><strong>in</strong></span> <span class='ocrx_word' id='word_1_1002' title='bbox 641 4868 722 4918; x_wconf 91' lang='lat' dir='ltr'><strong>die</strong></span> <span class='ocrx_word' id='word_1_1003' title='bbox 761 4866 1033 4932; x_wconf 86' lang='lat' dir='ltr'><strong>malorum,</strong></span> <span class='ocrx_word' id='word_1_1004' title='bbox 1082 4870 1130 4919; x_wconf 87' lang='lat' dir='ltr'><strong>ld</strong></span> <span class='ocrx_word' id='word_1_1005' title='bbox 1170 4880 1272 4936; x_wconf 73' lang='grc' dir='ltr'>εει,</span> <span class='ocrx_word' id='word_1_1006' title='bbox 1300 4870 1350 4921; x_wconf 91' lang='lat' dir='ltr'><strong>in</strong></span> <span class='ocrx_word' id='word_1_1007' title='bbox 1394 4870 1639 4935; x_wconf 64' lang='lat' dir='ltr'><strong>praesenti</strong></span> <span class='ocrx_word' id='word_1_1008' title='bbox 1688 4881 1946 4936; x_wconf 86' lang='lat' dir='ltr'><strong>tempore,</strong></span> 
     </span>
    </p>
   </div>
   <div class='ocr_carea' id='block_1_125' title="bbox 385 4936 1948 5007">
    <p class='ocr_par' dir='ltr' id='par_1_125' title="bbox 385 4936 1948 5007">
     <span class='ocr_line' id='line_1_125' title="bbox 385 4936 1948 5007; baseline 0.003 -20"><span class='ocrx_word' id='word_1_1009' title='bbox 385 4936 527 5004; x_wconf 68' lang='lat' dir='ltr'><strong>quod</strong></span> <span class='ocrx_word' id='word_1_1010' title='bbox 576 4937 770 4989; x_wconf 84' lang='lat' dir='ltr'><strong>dicitur</strong></span> <span class='ocrx_word' id='word_1_1011' title='bbox 809 4939 919 4988; x_wconf 88' lang='lat' dir='ltr'><strong>oies</strong></span> <span class='ocrx_word' id='word_1_1012' title='bbox 952 4943 1234 5003; x_wconf 88' lang='lat' dir='ltr'><strong>malorum,</strong></span> <span class='ocrx_word' id='word_1_1013' title='bbox 1291 4948 1509 5007; x_wconf 85' lang='lat' dir='ltr'><strong>propter</strong></span> <span class='ocrx_word' id='word_1_1014' title='bbox 1562 4941 1721 5001; x_wconf 87' lang='lat' dir='ltr'><strong>mala,</strong></span> <span class='ocrx_word' id='word_1_1015' title='bbox 1772 4940 1821 4992; x_wconf 90' lang='lat' dir='ltr'><strong>id</strong></span> <span class='ocrx_word' id='word_1_1016' title='bbox 1866 4952 1948 4992; x_wconf 89' lang='lat' dir='ltr'><strong>est</strong></span> 
     </span>
    </p>
   </div>
   <div class='ocr_carea' id='block_1_126' title="bbox 386 5007 1948 5078">
    <p class='ocr_par' dir='ltr' id='par_1_126' title="bbox 386 5007 1948 5078">
     <span class='ocr_line' id='line_1_126' title="bbox 386 5007 1948 5078; baseline 0.006 -25"><span class='ocrx_word' id='word_1_1017' title='bbox 386 5018 613 5078; x_wconf 12' lang='lat' dir='ltr'><strong>propter,</strong></span> <span class='ocrx_word' id='word_1_1018' title='bbox 643 5007 957 5078; x_wconf 77' lang='lat' dir='ltr'><strong>al‘llictiones</strong></span> <span class='ocrx_word' id='word_1_1019' title='bbox 983 5016 1037 5058; x_wconf 91' lang='lat' dir='ltr'><strong>ct</strong></span> <span class='ocrx_word' id='word_1_1020' title='bbox 1083 5009 1421 5076; x_wconf 88' lang='lat' dir='ltr'><strong>tentationes,</strong></span> <span class='ocrx_word' id='word_1_1021' title='bbox 1472 5010 1664 5078; x_wconf 87' lang='lat' dir='ltr'><strong>quibus</strong></span> <span class='ocrx_word' id='word_1_1022' title='bbox 1712 5010 1948 5063; x_wconf 85' lang='lat' dir='ltr'><strong>mortalis</strong></span> 
     </span>
    </p>
   </div>
   <div class='ocr_carea' id='block_1_127' title="bbox 389 5077 1945 5145">
    <p class='ocr_par' dir='ltr' id='par_1_127' title="bbox 389 5077 1945 5145">
     <span class='ocr_line' id='line_1_127' title="bbox 389 5077 1945 5145; baseline 0.004 -18"><span class='ocrx_word' id='word_1_1023' title='bbox 389 5080 496 5128; x_wconf 85' lang='lat' dir='ltr'><strong>vita</strong></span> <span class='ocrx_word' id='word_1_1024' title='bbox 539 5077 802 5145; x_wconf 68' lang='lat' dir='ltr'><strong>subiacet.</strong></span> <span class='ocrx_word' id='word_1_1025' title='bbox 836 5077 938 5129; x_wconf 82' lang='lat' dir='ltr'><strong>Pio</strong></span> <span class='ocrx_word' id='word_1_1026' title='bbox 968 5079 1184 5141; x_wconf 83' lang='lat' dir='ltr'><strong>quodie.</strong></span> <span class='ocrx_word' id='word_1_1027' title='bbox 1223 5080 1437 5133; x_wconf 87' lang='lat' dir='ltr'><strong>assidue</strong></span> <span class='ocrx_word' id='word_1_1028' title='bbox 1467 5077 1517 5133; x_wconf 86' lang='lat' dir='ltr'><strong>iii</strong></span> <span class='ocrx_word' id='word_1_1029' title='bbox 1552 5082 1787 5133; x_wconf 76' lang='lat' dir='ltr'><strong>Ecclesia</strong></span> <span class='ocrx_word' id='word_1_1030' title='bbox 1821 5096 1945 5133; x_wconf 86' lang='lat' dir='ltr'><strong>ora-</strong></span> 
     </span>
    </p>
   </div>
   <div class='ocr_carea' id='block_1_128' title="bbox 383 5147 1950 5211">
    <p class='ocr_par' dir='ltr' id='par_1_128' title="bbox 383 5147 1950 5211">
     <span class='ocr_line' id='line_1_128' title="bbox 383 5147 1950 5211; baseline 0.003 -10"><span class='ocrx_word' id='word_1_1031' title='bbox 383 5161 521 5211; x_wconf 88' lang='lat' dir='ltr'><strong>mus,</strong></span> <span class='ocrx_word' id='word_1_1032' title='bbox 557 5147 661 5201; x_wconf 88' lang='lat' dir='ltr'><strong>Sed</strong></span> <span class='ocrx_word' id='word_1_1033' title='bbox 690 5148 846 5199; x_wconf 87' lang='lat' dir='ltr'><strong>libera</strong></span> <span class='ocrx_word' id='word_1_1034' title='bbox 888 5162 977 5199; x_wconf 86' lang='lat' dir='ltr'><strong>nos</strong></span> <span class='ocrx_word' id='word_1_1035' title='bbox 1008 5163 1037 5198; x_wconf 92' lang='lat' dir='ltr'><strong>a</strong></span> <span class='ocrx_word' id='word_1_1036' title='bbox 1059 5152 1216 5202; x_wconf 86' lang='lat' dir='ltr'><strong>malo.</strong></span> <span class='ocrx_word' id='word_1_1037' title='bbox 1274 5151 1326 5203; x_wconf 92' lang='lat' dir='ltr'><strong>In</strong></span> <span class='ocrx_word' id='word_1_1038' title='bbox 1367 5152 1541 5204; x_wconf 83' lang='lat' dir='ltr'><strong>l&#39;nturo</strong></span> <span class='ocrx_word' id='word_1_1039' title='bbox 1569 5160 1742 5204; x_wconf 87' lang='lat' dir='ltr'><strong>autem</strong></span> <span class='ocrx_word' id='word_1_1040' title='bbox 1792 5160 1950 5205; x_wconf 91' lang='lat' dir='ltr'><strong>erunt</strong></span> 
     </span>
    </p>
   </div>
   <div class='ocr_carea' id='block_1_129' title="bbox 386 5217 1948 5285">
    <p class='ocr_par' dir='ltr' id='par_1_129' title="bbox 386 5217 1948 5285">
     <span class='ocr_line' id='line_1_129' title="bbox 386 5217 1948 5285; baseline 0.003 -15"><span class='ocrx_word' id='word_1_1041' title='bbox 386 5218 499 5271; x_wconf 89' lang='lat' dir='ltr'><strong>dies</strong></span> <span class='ocrx_word' id='word_1_1042' title='bbox 528 5219 809 5280; x_wconf 87' lang='lat' dir='ltr'><strong>bonorum,</strong></span> <span class='ocrx_word' id='word_1_1043' title='bbox 852 5217 971 5284; x_wconf 88' lang='lat' dir='ltr'><strong>quia</strong></span> <span class='ocrx_word' id='word_1_1044' title='bbox 1004 5227 1128 5272; x_wconf 90' lang='lat' dir='ltr'><strong>tunc</strong></span> <span class='ocrx_word' id='word_1_1045' title='bbox 1160 5223 1334 5273; x_wconf 88' lang='lat' dir='ltr'><strong>omnis</strong></span> <span class='ocrx_word' id='word_1_1046' title='bbox 1365 5225 1585 5273; x_wconf 85' lang='lat' dir='ltr'><strong>tentatio</strong></span> <span class='ocrx_word' id='word_1_1047' title='bbox 1615 5220 1864 5285; x_wconf 85' lang='lat' dir='ltr'><strong>cessabit,</strong></span> <span class='ocrx_word' id='word_1_1048' title='bbox 1893 5231 1948 5274; x_wconf 88' lang='lat' dir='ltr'><strong>et</strong></span> 
     </span>
    </p>
   </div>
   <div class='ocr_carea' id='block_1_130' title="bbox 385 5289 1947 5358">
    <p class='ocr_par' dir='ltr' id='par_1_130' title="bbox 385 5289 1947 5358">
     <span class='ocr_line' id='line_1_130' title="bbox 385 5289 1947 5358; baseline 0.004 -20"><span class='ocrx_word' id='word_1_1049' title='bbox 385 5291 707 5356; x_wconf 79' lang='lat' dir='ltr'><strong>persecutio.</strong></span> <span class='ocrx_word' id='word_1_1050' title='bbox 743 5289 805 5341; x_wconf 80' lang='lat' dir='ltr'><strong>Et</strong></span> <span class='ocrx_word' id='word_1_1051' title='bbox 838 5302 941 5339; x_wconf 91' lang='lat' dir='ltr'><strong>non</strong></span> <span class='ocrx_word' id='word_1_1052' title='bbox 970 5291 1140 5341; x_wconf 87' lang='lat' dir='ltr'><strong>solum</strong></span> <span class='ocrx_word' id='word_1_1053' title='bbox 1172 5291 1474 5355; x_wconf 87' lang='lat' dir='ltr'><strong>abscondit,</strong></span> <span class='ocrx_word' id='word_1_1054' title='bbox 1521 5293 1613 5346; x_wconf 89' lang='lat' dir='ltr'><strong>sed</strong></span> <span class='ocrx_word' id='word_1_1055' title='bbox 1641 5291 1798 5345; x_wconf 88' lang='lat' dir='ltr'><strong>etiam</strong></span> <span class='ocrx_word' id='word_1_1056' title='bbox 1827 5308 1947 5358; x_wconf 86' lang='lat' dir='ltr'><strong>pro-</strong></span> 
     </span>
    </p>
   </div>
   <div class='ocr_carea' id='block_1_131' title="bbox 385 5360 1949 5429">
    <p class='ocr_par' dir='ltr' id='par_1_131' title="bbox 385 5360 1949 5429">
     <span class='ocr_line' id='line_1_131' title="bbox 385 5360 1949 5429; baseline 0.002 -18"><span class='ocrx_word' id='word_1_1057' title='bbox 385 5362 509 5411; x_wconf 78' lang='lat' dir='ltr'><strong>texit</strong></span> <span class='ocrx_word' id='word_1_1058' title='bbox 537 5375 615 5411; x_wconf 87' lang='lat' dir='ltr'><strong>me</strong></span> <span class='ocrx_word' id='word_1_1059' title='bbox 645 5374 665 5412; x_wconf 87' lang='lat'><strong><em>:</em></strong></span> <span class='ocrx_word' id='word_1_1060' title='bbox 697 5360 893 5429; x_wconf 85' lang='lat' dir='ltr'><strong>idest,</strong></span> <span class='ocrx_word' id='word_1_1061' title='bbox 948 5362 1329 5424; x_wconf 71' lang='lat' dir='ltr'><strong>protictionetn</strong></span> <span class='ocrx_word' id='word_1_1062' title='bbox 1374 5372 1557 5416; x_wconf 81' lang='lat' dir='ltr'><strong>contra</strong></span> <span class='ocrx_word' id='word_1_1063' title='bbox 1583 5367 1809 5429; x_wconf 86' lang='lat' dir='ltr'><strong>impetus</strong></span> <span class='ocrx_word' id='word_1_1064' title='bbox 1833 5379 1949 5414; x_wconf 89' lang='lat' dir='ltr'><strong>oin-</strong></span> 
     </span>
    </p>
   </div>
   <div class='ocr_carea' id='block_1_132' title="bbox 386 5428 1943 5497">
    <p class='ocr_par' dir='ltr' id='par_1_132' title="bbox 386 5428 1943 5497">
     <span class='ocr_line' id='line_1_132' title="bbox 386 5428 1943 5497; baseline 0.001 -15"><span class='ocrx_word' id='word_1_1065' title='bbox 386 5444 483 5482; x_wconf 86' lang='lat' dir='ltr'><strong>nes</strong></span> <span class='ocrx_word' id='word_1_1066' title='bbox 510 5433 656 5483; x_wconf 88' lang='lat' dir='ltr'><strong>dedit</strong></span> <span class='ocrx_word' id='word_1_1067' title='bbox 705 5428 832 5482; x_wconf 86' lang='lat' dir='ltr'><strong>milii</strong></span> <span class='ocrx_word' id='word_1_1068' title='bbox 876 5429 929 5481; x_wconf 88' lang='lat' dir='ltr'><strong>in</strong></span> <span class='ocrx_word' id='word_1_1069' title='bbox 957 5430 1584 5486; x_wconf 82' lang='lat' dir='ltr'><strong>absconditotabernaculi</strong></span> <span class='ocrx_word' id='word_1_1070' title='bbox 1623 5428 1725 5496; x_wconf 87' lang='lat' dir='ltr'><strong>sui,</strong></span> <span class='ocrx_word' id='word_1_1071' title='bbox 1766 5434 1813 5483; x_wconf 91' lang='lat' dir='ltr'><strong>id</strong></span> <span class='ocrx_word' id='word_1_1072' title='bbox 1842 5444 1943 5497; x_wconf 85' lang='lat' dir='ltr'><strong>cst,</strong></span> 
     </span>
    </p>
   </div>
   <div class='ocr_carea' id='block_1_133' title="bbox 385 5499 1944 5573">
    <p class='ocr_par' dir='ltr' id='par_1_133' title="bbox 385 5499 1944 5573">
     <span class='ocr_line' id='line_1_133' title="bbox 385 5499 1944 5573; baseline 0.002 -21"><span class='ocrx_word' id='word_1_1073' title='bbox 385 5499 438 5553; x_wconf 88' lang='lat' dir='ltr'><strong>iii</strong></span> <span class='ocrx_word' id='word_1_1074' title='bbox 466 5501 1079 5573; x_wconf 73' lang='lat' dir='ltr'><strong>eapartetabernacub,</strong></span> <span class='ocrx_word' id='word_1_1075' title='bbox 1114 5501 1165 5554; x_wconf 88' lang='lat' dir='ltr'><strong>id</strong></span> <span class='ocrx_word' id='word_1_1076' title='bbox 1192 5514 1293 5567; x_wconf 89' lang='lat' dir='ltr'><strong>est,</strong></span> <span class='ocrx_word' id='word_1_1077' title='bbox 1327 5502 1578 5557; x_wconf 68' lang='lat' dir='ltr'><strong>Ecclesia:</strong></span> <span class='ocrx_word' id='word_1_1078' title='bbox 1598 5518 1716 5573; x_wconf 63' lang='lat' dir='ltr'><strong>quae</strong></span> <span class='ocrx_word' id='word_1_1079' title='bbox 1739 5512 1819 5555; x_wconf 88' lang='lat' dir='ltr'><strong>est</strong></span> <span class='ocrx_word' id='word_1_1080' title='bbox 1844 5503 1944 5555; x_wconf 91' lang='lat' dir='ltr'><strong>ab-</strong></span> 
     </span>
    </p>
   </div>
   <div class='ocr_carea' id='block_1_134' title="bbox 386 5569 1946 5628">
    <p class='ocr_par' dir='ltr' id='par_1_134' title="bbox 386 5569 1946 5628">
     <span class='ocr_line' id='line_1_134' title="bbox 386 5569 1946 5628; baseline 0.003 -7"><span class='ocrx_word' id='word_1_1081' title='bbox 386 5569 649 5622; x_wconf 84' lang='lat' dir='ltr'><strong>scondita.</strong></span> <span class='ocrx_word' id='word_1_1082' title='bbox 699 5570 1082 5623; x_wconf 83' lang='lat' dir='ltr'><strong>Absconditum</strong></span> <span class='ocrx_word' id='word_1_1083' title='bbox 1134 5586 1309 5626; x_wconf 89' lang='lat' dir='ltr'><strong>autem</strong></span> <span class='ocrx_word' id='word_1_1084' title='bbox 1353 5569 1677 5628; x_wconf 83' lang='lat' dir='ltr'><strong>tabernaculi</strong></span> <span class='ocrx_word' id='word_1_1085' title='bbox 1730 5586 1946 5625; x_wconf 71' lang='lat' dir='ltr'><strong>vccatur</strong></span> 
     </span>
    </p>
   </div>
   <div class='ocr_carea' id='block_1_135' title="bbox 378 5638 1940 5709">
    <p class='ocr_par' dir='ltr' id='par_1_135' title="bbox 378 5638 1940 5709">
     <span class='ocr_line' id='line_1_135' title="bbox 378 5638 1940 5709; baseline 0.002 -19"><span class='ocrx_word' id='word_1_1086' title='bbox 378 5640 638 5691; x_wconf 76' lang='lat' dir='ltr'><strong>sacerdos</strong></span> <span class='ocrx_word' id='word_1_1087' title='bbox 666 5638 775 5703; x_wconf 88' lang='lat' dir='ltr'><strong>ille,</strong></span> <span class='ocrx_word' id='word_1_1088' title='bbox 792 5642 878 5707; x_wconf 91' lang='lat' dir='ltr'><strong>qui</strong></span> <span class='ocrx_word' id='word_1_1089' title='bbox 903 5642 1136 5694; x_wconf 90' lang='lat' dir='ltr'><strong>introivit</strong></span> <span class='ocrx_word' id='word_1_1090' title='bbox 1160 5643 1322 5696; x_wconf 85' lang='lat' dir='ltr'><strong>semel</strong></span> <span class='ocrx_word' id='word_1_1091' title='bbox 1355 5643 1405 5695; x_wconf 89' lang='lat' dir='ltr'><strong>in</strong></span> <span class='ocrx_word' id='word_1_1092' title='bbox 1430 5656 1605 5697; x_wconf 90' lang='lat' dir='ltr'><strong>sancta</strong></span> <span class='ocrx_word' id='word_1_1093' title='bbox 1631 5653 1940 5709; x_wconf 80' lang='lat' dir='ltr'><strong>sanctorum,</strong></span> 
     </span>
    </p>
   </div>
   <div class='ocr_carea' id='block_1_136' title="bbox 389 5710 1940 5777">
    <p class='ocr_par' dir='ltr' id='par_1_136' title="bbox 389 5710 1940 5777">
     <span class='ocr_line' id='line_1_136' title="bbox 389 5710 1940 5777; baseline 0.003 -17"><span class='ocrx_word' id='word_1_1094' title='bbox 389 5710 736 5760; x_wconf 87' lang='lat' dir='ltr'><strong>absconditus</strong></span> <span class='ocrx_word' id='word_1_1095' title='bbox 756 5725 783 5757; x_wconf 84' lang='lat' dir='ltr'><strong>a</strong></span> <span class='ocrx_word' id='word_1_1096' title='bbox 810 5714 985 5772; x_wconf 87' lang='lat' dir='ltr'><strong>nobis,</strong></span> <span class='ocrx_word' id='word_1_1097' title='bbox 1019 5714 1066 5763; x_wconf 91' lang='lat' dir='ltr'><strong>id</strong></span> <span class='ocrx_word' id='word_1_1098' title='bbox 1090 5722 1190 5774; x_wconf 81' lang='lat' dir='ltr'><strong>est,</strong></span> <span class='ocrx_word' id='word_1_1099' title='bbox 1215 5715 1421 5766; x_wconf 81' lang='lat' dir='ltr'><strong>ablatus</strong></span> <span class='ocrx_word' id='word_1_1100' title='bbox 1442 5716 1507 5769; x_wconf 80' lang='lat' dir='ltr'><strong>ab</strong></span> <span class='ocrx_word' id='word_1_1101' title='bbox 1528 5716 1697 5768; x_wconf 88' lang='lat' dir='ltr'><strong>oculis</strong></span> <span class='ocrx_word' id='word_1_1102' title='bbox 1724 5723 1940 5777; x_wconf 85' lang='lat' dir='ltr'><strong>nostris,</strong></span> 
     </span>
    </p>
   </div>
   <div class='ocr_carea' id='block_1_137' title="bbox 388 5779 1940 5855">
    <p class='ocr_par' dir='ltr' id='par_1_137' title="bbox 388 5779 1940 5855">
     <span class='ocr_line' id='line_1_137' title="bbox 388 5779 1940 5855; baseline 0.003 -23"><span class='ocrx_word' id='word_1_1103' title='bbox 388 5787 444 5833; x_wconf 81' lang='lat' dir='ltr'><strong>et</strong></span> <span class='ocrx_word' id='word_1_1104' title='bbox 470 5781 536 5831; x_wconf 82' lang='lat' dir='ltr'><strong>ad</strong></span> <span class='ocrx_word' id='word_1_1105' title='bbox 558 5779 829 5831; x_wconf 83' lang='lat' dir='ltr'><strong>dexteram</strong></span> <span class='ocrx_word' id='word_1_1106' title='bbox 855 5779 1024 5835; x_wconf 78' lang='lat' dir='ltr'><strong>Patris</strong></span> <span class='ocrx_word' id='word_1_1107' title='bbox 1053 5784 1364 5850; x_wconf 86' lang='lat' dir='ltr'><strong>collocatus,</strong></span> <span class='ocrx_word' id='word_1_1108' title='bbox 1394 5786 1483 5838; x_wconf 89' lang='lat' dir='ltr'><strong>ubi</strong></span> <span class='ocrx_word' id='word_1_1109' title='bbox 1510 5787 1749 5855; x_wconf 81' lang='lat' dir='ltr'><strong>quotidie</strong></span> <span class='ocrx_word' id='word_1_1110' title='bbox 1777 5787 1940 5839; x_wconf 82' lang='lat' dir='ltr'><strong>inter-</strong></span> 
     </span>
    </p>
   </div>
   <div class='ocr_carea' id='block_1_138' title="bbox 2054 4588 3626 4655">
    <p class='ocr_par' dir='ltr' id='par_1_138' title="bbox 2054 4588 3626 4655">
     <span class='ocr_line' id='line_1_138' title="bbox 2054 4588 3626 4655; baseline 0.006 -18"><span class='ocrx_word' id='word_1_1111' title='bbox 2054 4590 2267 4638; x_wconf 89' lang='lat' dir='ltr'><strong>arrliaui</strong></span> <span class='ocrx_word' id='word_1_1112' title='bbox 2308 4588 2487 4651; x_wconf 86' lang='lat' dir='ltr'><strong>dedit,</strong></span> <span class='ocrx_word' id='word_1_1113' title='bbox 2534 4588 2738 4641; x_wconf 89' lang='lat' dir='ltr'><strong>scilicet</strong></span> <span class='ocrx_word' id='word_1_1114' title='bbox 2783 4593 2921 4655; x_wconf 90' lang='lat' dir='ltr'><strong>quod</strong></span> <span class='ocrx_word' id='word_1_1115' title='bbox 2962 4606 3039 4643; x_wconf 86' lang='lat' dir='ltr'><strong>nte</strong></span> <span class='ocrx_word' id='word_1_1116' title='bbox 3082 4592 3135 4643; x_wconf 89' lang='lat' dir='ltr'><strong>in</strong></span> <span class='ocrx_word' id='word_1_1117' title='bbox 3176 4594 3503 4646; x_wconf 84' lang='lat' dir='ltr'><strong>tabernaculo</strong></span> <span class='ocrx_word' id='word_1_1118' title='bbox 3534 4609 3626 4647; x_wconf 86' lang='lat' dir='ltr'><strong>suo</strong></span> 
     </span>
    </p>
   </div>
   <div class='ocr_carea' id='block_1_139' title="bbox 2052 4656 3626 4730">
    <p class='ocr_par' dir='ltr' id='par_1_139' title="bbox 2052 4656 3626 4730">
     <span class='ocr_line' id='line_1_139' title="bbox 2052 4656 3626 4730; baseline 0.005 -22"><span class='ocrx_word' id='word_1_1119' title='bbox 2052 4656 2316 4730; x_wconf 77' lang='lat' dir='ltr'><strong>abscondit</strong></span> <span class='ocrx_word' id='word_1_1120' title='bbox 2342 4668 2488 4730; x_wconf 14' lang='lat' dir='ltr'><strong>,Aelc.</strong></span> <span class='ocrx_word' id='word_1_1121' title='bbox 2513 4698 2527 4720; x_wconf 93' lang='lat'><strong>,</strong></span> <span class='ocrx_word' id='word_1_1122' title='bbox 2560 4671 2686 4725; x_wconf 83' lang='lat' dir='ltr'><strong>ergo</strong></span> <span class='ocrx_word' id='word_1_1123' title='bbox 2717 4673 2933 4730; x_wconf 81' lang='lat' dir='ltr'><strong>securus</strong></span> <span class='ocrx_word' id='word_1_1124' title='bbox 2963 4676 3079 4713; x_wconf 88' lang='lat' dir='ltr'><strong>sum</strong></span> <span class='ocrx_word' id='word_1_1125' title='bbox 3102 4699 3116 4724; x_wconf 87' lang='lat'><strong>,</strong></span> <span class='ocrx_word' id='word_1_1126' title='bbox 3149 4662 3290 4730; x_wconf 86' lang='lat' dir='ltr'><strong>quod</strong></span> <span class='ocrx_word' id='word_1_1127' title='bbox 3320 4663 3540 4716; x_wconf 88' lang='lat' dir='ltr'><strong>tandem</strong></span> <span class='ocrx_word' id='word_1_1128' title='bbox 3572 4666 3626 4716; x_wconf 85' lang='lat' dir='ltr'><strong>in</strong></span> 
     </span>
    </p>
   </div>
   <div class='ocr_carea' id='block_1_140' title="bbox 2051 4728 3626 4798">
    <p class='ocr_par' dir='ltr' id='par_1_140' title="bbox 2051 4728 3626 4798">
     <span class='ocr_line' id='line_1_140' title="bbox 2051 4728 3626 4798; baseline 0.005 -19"><span class='ocrx_word' id='word_1_1129' title='bbox 2051 4729 2211 4779; x_wconf 87' lang='lat' dir='ltr'><strong>domo</strong></span> <span class='ocrx_word' id='word_1_1130' title='bbox 2237 4728 2441 4780; x_wconf 87' lang='lat' dir='ltr'><strong>Domini</strong></span> <span class='ocrx_word' id='word_1_1131' title='bbox 2474 4730 2709 4791; x_wconf 85' lang='lat' dir='ltr'><strong>cantabo,</strong></span> <span class='ocrx_word' id='word_1_1132' title='bbox 2739 4738 2783 4780; x_wconf 86' lang='lat' dir='ltr'><strong>et</strong></span> <span class='ocrx_word' id='word_1_1133' title='bbox 2819 4728 3079 4783; x_wconf 82' lang='lat' dir='ltr'><strong>Psalmum</strong></span> <span class='ocrx_word' id='word_1_1134' title='bbox 3105 4728 3269 4783; x_wconf 67' lang='lat' dir='ltr'><strong>dicam</strong></span> <span class='ocrx_word' id='word_1_1135' title='bbox 3298 4731 3544 4798; x_wconf 88' lang='lat' dir='ltr'><strong>Domino,</strong></span> <span class='ocrx_word' id='word_1_1136' title='bbox 3574 4734 3626 4787; x_wconf 88' lang='lat' dir='ltr'><strong>id</strong></span> 
     </span>
    </p>
   </div>
   <div class='ocr_carea' id='block_1_141' title="bbox 2052 4798 3621 4864">
    <p class='ocr_par' dir='ltr' id='par_1_141' title="bbox 2052 4798 3621 4864">
     <span class='ocr_line' id='line_1_141' title="bbox 2052 4798 3621 4864; baseline 0.003 -14"><span class='ocrx_word' id='word_1_1137' title='bbox 2052 4807 2157 4864; x_wconf 85' lang='lat' dir='ltr'><strong>est,</strong></span> <span class='ocrx_word' id='word_1_1138' title='bbox 2191 4800 2334 4850; x_wconf 88' lang='lat' dir='ltr'><strong>omni</strong></span> <span class='ocrx_word' id='word_1_1139' title='bbox 2359 4798 2637 4851; x_wconf 81' lang='lat' dir='ltr'><strong>aliectione</strong></span> <span class='ocrx_word' id='word_1_1140' title='bbox 2655 4809 2711 4851; x_wconf 91' lang='lat' dir='ltr'><strong>et</strong></span> <span class='ocrx_word' id='word_1_1141' title='bbox 2733 4800 3023 4855; x_wconf 86' lang='lat' dir='ltr'><strong>intentione</strong></span> <span class='ocrx_word' id='word_1_1142' title='bbox 3054 4806 3276 4855; x_wconf 88' lang='lat' dir='ltr'><strong>laudabo</strong></span> <span class='ocrx_word' id='word_1_1143' title='bbox 3310 4803 3621 4857; x_wconf 87' lang='lat' dir='ltr'><strong>Domitium.</strong></span> 
     </span>
    </p>
   </div>
   <div class='ocr_carea' id='block_1_142' title="bbox 2051 4866 3623 4938">
    <p class='ocr_par' dir='ltr' id='par_1_142' title="bbox 2051 4866 3623 4938">
     <span class='ocr_line' id='line_1_142' title="bbox 2051 4866 3623 4938; baseline 0.003 -18"><span class='ocrx_word' id='word_1_1144' title='bbox 2051 4866 2128 4920; x_wconf 89' lang='lat' dir='ltr'><strong>lbi</strong></span> <span class='ocrx_word' id='word_1_1145' title='bbox 2158 4870 2297 4920; x_wconf 89' lang='lat' dir='ltr'><strong>enim</strong></span> <span class='ocrx_word' id='word_1_1146' title='bbox 2328 4883 2485 4921; x_wconf 86' lang='lat' dir='ltr'><strong>omne</strong></span> <span class='ocrx_word' id='word_1_1147' title='bbox 2514 4881 2645 4936; x_wconf 90' lang='lat' dir='ltr'><strong>opus</strong></span> <span class='ocrx_word' id='word_1_1148' title='bbox 2674 4871 2903 4923; x_wconf 73' lang='lat' dir='ltr'><strong>ceSsabit</strong></span> <span class='ocrx_word' id='word_1_1149' title='bbox 2930 4882 3121 4938; x_wconf 70' lang='lat' dir='ltr'><strong>printer</strong></span> <span class='ocrx_word' id='word_1_1150' title='bbox 3148 4874 3354 4926; x_wconf 82' lang='lat' dir='ltr'><strong>laudem</strong></span> <span class='ocrx_word' id='word_1_1151' title='bbox 3389 4872 3623 4929; x_wconf 89' lang='lat' dir='ltr'><strong>Domini.</strong></span> 
     </span>
    </p>
   </div>
   <div class='ocr_carea' id='block_1_143' title="bbox 2051 4940 3623 5009">
    <p class='ocr_par' dir='ltr' id='par_1_143' title="bbox 2051 4940 3623 5009">
     <span class='ocr_line' id='line_1_143' title="bbox 2051 4940 3623 5009; baseline 0.005 -18"><span class='ocrx_word' id='word_1_1152' title='bbox 2051 4940 2177 4991; x_wconf 77' lang='lat' dir='ltr'><strong>Sive</strong></span> <span class='ocrx_word' id='word_1_1153' title='bbox 2216 4940 2534 5005; x_wconf 66' lang='lat' dir='ltr'><strong>autethaus</strong></span> <span class='ocrx_word' id='word_1_1154' title='bbox 2574 4940 2660 4991; x_wconf 90' lang='lat' dir='ltr'><strong>illa</strong></span> <span class='ocrx_word' id='word_1_1155' title='bbox 2709 4943 2822 4992; x_wconf 88' lang='lat' dir='ltr'><strong>sola</strong></span> <span class='ocrx_word' id='word_1_1156' title='bbox 2864 4940 3167 5009; x_wconf 78' lang='lat' dir='ltr'><strong>all&#39;ecdone,</strong></span> <span class='ocrx_word' id='word_1_1157' title='bbox 3198 4959 3263 4994; x_wconf 82' lang='lat' dir='ltr'><strong>an</strong></span> <span class='ocrx_word' id='word_1_1158' title='bbox 3295 4947 3454 4997; x_wconf 80' lang='lat' dir='ltr'><strong>etiam</strong></span> <span class='ocrx_word' id='word_1_1159' title='bbox 3489 4961 3623 4998; x_wconf 86' lang='lat' dir='ltr'><strong>voce</strong></span> 
     </span>
    </p>
   </div>
   <div class='ocr_carea' id='block_1_144' title="bbox 2050 5011 3624 5079">
    <p class='ocr_par' dir='ltr' id='par_1_144' title="bbox 2050 5011 3624 5079">
     <span class='ocr_line' id='line_1_144' title="bbox 2050 5011 3624 5079; baseline 0.004 -18"><span class='ocrx_word' id='word_1_1160' title='bbox 2050 5018 2301 5077; x_wconf 86' lang='lat' dir='ltr'><strong>geratur,</strong></span> <span class='ocrx_word' id='word_1_1161' title='bbox 2336 5011 2602 5077; x_wconf 82' lang='lat' dir='ltr'><strong>ignoratur</strong></span> <span class='ocrx_word' id='word_1_1162' title='bbox 2636 5027 2647 5061; x_wconf 88' lang='lat'><strong>:</strong></span> <span class='ocrx_word' id='word_1_1163' title='bbox 2686 5025 2777 5077; x_wconf 88' lang='lat' dir='ltr'><strong>per</strong></span> <span class='ocrx_word' id='word_1_1164' title='bbox 2814 5014 3028 5065; x_wconf 87' lang='lat' dir='ltr'><strong>cantabo</strong></span> <span class='ocrx_word' id='word_1_1165' title='bbox 3070 5028 3197 5066; x_wconf 86' lang='lat' dir='ltr'><strong>vero</strong></span> <span class='ocrx_word' id='word_1_1166' title='bbox 3220 5054 3234 5077; x_wconf 88' lang='lat'><strong>,</strong></span> <span class='ocrx_word' id='word_1_1167' title='bbox 3278 5022 3323 5067; x_wconf 78' lang='lat' dir='ltr'><strong>et</strong></span> <span class='ocrx_word' id='word_1_1168' title='bbox 3365 5016 3624 5079; x_wconf 67' lang='lat' dir='ltr'><strong>psalmum</strong></span> 
     </span>
    </p>
   </div>
   <div class='ocr_carea' id='block_1_145' title="bbox 2050 5080 3624 5155">
    <p class='ocr_par' dir='ltr' id='par_1_145' title="bbox 2050 5080 3624 5155">
     <span class='ocr_line' id='line_1_145' title="bbox 2050 5080 3624 5155; baseline 0.004 -24"><span class='ocrx_word' id='word_1_1169' title='bbox 2050 5081 2249 5145; x_wconf 88' lang='lat' dir='ltr'><strong>dicam,</strong></span> <span class='ocrx_word' id='word_1_1170' title='bbox 2280 5082 2453 5133; x_wconf 88' lang='lat' dir='ltr'><strong>omnis</strong></span> <span class='ocrx_word' id='word_1_1171' title='bbox 2495 5080 2613 5155; x_wconf 83' lang='lat' dir='ltr'><strong>ideo</strong></span> <span class='ocrx_word' id='word_1_1172' title='bbox 2656 5092 2867 5155; x_wconf 82' lang='lat' dir='ltr'><strong>notatur</strong></span> <span class='ocrx_word' id='word_1_1173' title='bbox 2913 5083 3122 5136; x_wconf 83' lang='lat' dir='ltr'><strong>allectio</strong></span> <span class='ocrx_word' id='word_1_1174' title='bbox 3164 5083 3215 5137; x_wconf 92' lang='lat' dir='ltr'><strong>in</strong></span> <span class='ocrx_word' id='word_1_1175' title='bbox 3258 5085 3456 5146; x_wconf 80' lang='lat' dir='ltr'><strong>futuro,</strong></span> <span class='ocrx_word' id='word_1_1176' title='bbox 3497 5098 3624 5155; x_wconf 84' lang='lat' dir='ltr'><strong>quia</strong></span> 
     </span>
    </p>
   </div>
   <div class='ocr_carea' id='block_1_146' title="bbox 2050 5151 3614 5223">
    <p class='ocr_par' dir='ltr' id='par_1_146' title="bbox 2050 5151 3614 5223">
     <span class='ocr_line' id='line_1_146' title="bbox 2050 5151 3614 5223; baseline 0.003 -20"><span class='ocrx_word' id='word_1_1177' title='bbox 2050 5165 2190 5203; x_wconf 90' lang='lat' dir='ltr'><strong>nunc</strong></span> <span class='ocrx_word' id='word_1_1178' title='bbox 2224 5155 2274 5203; x_wconf 90' lang='lat' dir='ltr'><strong>in</strong></span> <span class='ocrx_word' id='word_1_1179' title='bbox 2308 5151 2555 5223; x_wconf 60' lang='lat' dir='ltr'><strong>praesenti</strong></span> <span class='ocrx_word' id='word_1_1180' title='bbox 2596 5153 2771 5223; x_wconf 89' lang='lat' dir='ltr'><strong>omnis</strong></span> <span class='ocrx_word' id='word_1_1181' title='bbox 2799 5165 2979 5208; x_wconf 86' lang='lat' dir='ltr'><strong>nostra</strong></span> <span class='ocrx_word' id='word_1_1182' title='bbox 3022 5156 3229 5208; x_wconf 78' lang='lat' dir='ltr'><strong>alfectio</strong></span> <span class='ocrx_word' id='word_1_1183' title='bbox 3259 5151 3529 5223; x_wconf 79' lang='lat' dir='ltr'><strong>colligitur</strong></span> <span class='ocrx_word' id='word_1_1184' title='bbox 3561 5160 3614 5207; x_wconf 84' lang='lat' dir='ltr'><strong>in</strong></span> 
     </span>
    </p>
   </div>
   <div class='ocr_carea' id='block_1_147' title="bbox 2048 5221 3622 5293">
    <p class='ocr_par' dir='ltr' id='par_1_147' title="bbox 2048 5221 3622 5293">
     <span class='ocr_line' id='line_1_147' title="bbox 2048 5221 3622 5293; baseline 0.006 -20"><span class='ocrx_word' id='word_1_1185' title='bbox 2048 5235 2181 5273; x_wconf 80' lang='lat' dir='ltr'><strong>Voce</strong></span> <span class='ocrx_word' id='word_1_1186' title='bbox 2227 5230 2282 5272; x_wconf 87' lang='lat' dir='ltr'><strong>et</strong></span> <span class='ocrx_word' id='word_1_1187' title='bbox 2330 5221 2513 5285; x_wconf 85' lang='lat' dir='ltr'><strong>corde,</strong></span> <span class='ocrx_word' id='word_1_1188' title='bbox 2563 5222 2796 5293; x_wconf 70' lang='lat' dir='ltr'><strong>adquae</strong></span> <span class='ocrx_word' id='word_1_1189' title='bbox 2834 5237 2938 5279; x_wconf 90' lang='lat' dir='ltr'><strong>otio</strong></span> <span class='ocrx_word' id='word_1_1190' title='bbox 2985 5226 3213 5293; x_wconf 87' lang='lat' dir='ltr'><strong>pertinet</strong></span> <span class='ocrx_word' id='word_1_1191' title='bbox 3255 5221 3622 5282; x_wconf 72' lang='lat' dir='ltr'><strong>cantarezvel</strong></span> 
     </span>
    </p>
   </div>
   <div class='ocr_carea' id='block_1_148' title="bbox 2047 5292 3623 5365">
    <p class='ocr_par' dir='ltr' id='par_1_148' title="bbox 2047 5292 3623 5365">
     <span class='ocr_line' id='line_1_148' title="bbox 2047 5292 3623 5365; baseline 0.004 -22"><span class='ocrx_word' id='word_1_1192' title='bbox 2047 5296 2354 5357; x_wconf 85' lang='lat' dir='ltr'><strong>operatione</strong></span> <span class='ocrx_word' id='word_1_1193' title='bbox 2381 5333 2394 5357; x_wconf 92' lang='lat'><strong>,</strong></span> <span class='ocrx_word' id='word_1_1194' title='bbox 2428 5294 2491 5343; x_wconf 88' lang='lat' dir='ltr'><strong>ad</strong></span> <span class='ocrx_word' id='word_1_1195' title='bbox 2519 5292 2661 5361; x_wconf 90' lang='lat' dir='ltr'><strong>quod</strong></span> <span class='ocrx_word' id='word_1_1196' title='bbox 2711 5296 2939 5360; x_wconf 87' lang='lat' dir='ltr'><strong>pertinet</strong></span> <span class='ocrx_word' id='word_1_1197' title='bbox 2980 5292 3242 5365; x_wconf 84' lang='lat' dir='ltr'><strong>psalmum</strong></span> <span class='ocrx_word' id='word_1_1198' title='bbox 3283 5298 3483 5351; x_wconf 86' lang='lat' dir='ltr'><strong>dicere.</strong></span> <span class='ocrx_word' id='word_1_1199' title='bbox 3517 5295 3623 5349; x_wconf 84' lang='lat' dir='ltr'><strong>Po-</strong></span> 
     </span>
    </p>
   </div>
   <div class='ocr_carea' id='block_1_149' title="bbox 2049 5364 3621 5436">
    <p class='ocr_par' dir='ltr' id='par_1_149' title="bbox 2049 5364 3621 5436">
     <span class='ocr_line' id='line_1_149' title="bbox 2049 5364 3621 5436; baseline 0.004 -21"><span class='ocrx_word' id='word_1_1200' title='bbox 2049 5370 2152 5415; x_wconf 86' lang='lat' dir='ltr'><strong>test</strong></span> <span class='ocrx_word' id='word_1_1201' title='bbox 2206 5378 2415 5436; x_wconf 83' lang='lat' dir='ltr'><strong>quoqtie</strong></span> <span class='ocrx_word' id='word_1_1202' title='bbox 2458 5378 2616 5431; x_wconf 84' lang='lat' dir='ltr'><strong>supra</strong></span> <span class='ocrx_word' id='word_1_1203' title='bbox 2639 5364 2787 5436; x_wconf 74' lang='lat' dir='ltr'><strong>dicta</strong></span> <span class='ocrx_word' id='word_1_1204' title='bbox 2835 5364 3006 5421; x_wconf 84' lang='lat' dir='ltr'><strong>series</strong></span> <span class='ocrx_word' id='word_1_1205' title='bbox 3058 5370 3212 5421; x_wconf 83' lang='lat' dir='ltr'><strong>aliter</strong></span> <span class='ocrx_word' id='word_1_1206' title='bbox 3252 5368 3393 5436; x_wconf 84' lang='lat' dir='ltr'><strong>legi,</strong></span> <span class='ocrx_word' id='word_1_1207' title='bbox 3425 5368 3621 5421; x_wconf 84' lang='lat' dir='ltr'><strong>videli-</strong></span> 
     </span>
    </p>
   </div>
   <div class='ocr_carea' id='block_1_150' title="bbox 2047 5434 3618 5505">
    <p class='ocr_par' dir='ltr' id='par_1_150' title="bbox 2047 5434 3618 5505">
     <span class='ocr_line' id='line_1_150' title="bbox 2047 5434 3618 5505; baseline 0.002 -20"><span class='ocrx_word' id='word_1_1208' title='bbox 2047 5442 2134 5485; x_wconf 84' lang='lat' dir='ltr'><strong>cet</strong></span> <span class='ocrx_word' id='word_1_1209' title='bbox 2165 5444 2219 5483; x_wconf 80' lang='lat' dir='ltr'><strong>ut</strong></span> <span class='ocrx_word' id='word_1_1210' title='bbox 2245 5434 2321 5485; x_wconf 82' lang='lat' dir='ltr'><strong>sie</strong></span> <span class='ocrx_word' id='word_1_1211' title='bbox 2347 5434 2551 5486; x_wconf 77' lang='lat' dir='ltr'><strong>meatur</strong></span> <span class='ocrx_word' id='word_1_1212' title='bbox 2582 5451 2593 5487; x_wconf 95' lang='lat'>:</span> <span class='ocrx_word' id='word_1_1213' title='bbox 2628 5434 2759 5487; x_wconf 82' lang='lat' dir='ltr'><strong>Pelii</strong></span> <span class='ocrx_word' id='word_1_1214' title='bbox 2790 5453 2946 5489; x_wconf 89' lang='lat' dir='ltr'><strong>uuam</strong></span> <span class='ocrx_word' id='word_1_1215' title='bbox 2980 5441 3285 5505; x_wconf 85' lang='lat' dir='ltr'><strong>petitionem</strong></span> <span class='ocrx_word' id='word_1_1216' title='bbox 3310 5434 3348 5493; x_wconf 58' lang='grc' dir='ltr'><strong>ιι</strong></span> <span class='ocrx_word' id='word_1_1217' title='bbox 3369 5437 3618 5502; x_wconf 83' lang='lat' dir='ltr'><strong>Domino,</strong></span> 
     </span>
    </p>
   </div>
   <div class='ocr_carea' id='block_1_151' title="bbox 2048 5509 3617 5580">
    <p class='ocr_par' dir='ltr' id='par_1_151' title="bbox 2048 5509 3617 5580">
     <span class='ocr_line' id='line_1_151' title="bbox 2048 5509 3617 5580; baseline 0.004 -26"><span class='ocrx_word' id='word_1_1218' title='bbox 2048 5519 2205 5570; x_wconf 87' lang='lat' dir='ltr'><strong>quam</strong></span> <span class='ocrx_word' id='word_1_1219' title='bbox 2236 5520 2500 5580; x_wconf 78' lang='lat' dir='ltr'><strong>nunquam</strong></span> <span class='ocrx_word' id='word_1_1220' title='bbox 2543 5517 2725 5580; x_wconf 82' lang='lat' dir='ltr'><strong>petere</strong></span> <span class='ocrx_word' id='word_1_1221' title='bbox 2756 5509 3037 5573; x_wconf 82' lang='lat' dir='ltr'><strong>desistam,</strong></span> <span class='ocrx_word' id='word_1_1222' title='bbox 3069 5510 3163 5565; x_wconf 73' lang='lat' dir='ltr'><strong>sed</strong></span> <span class='ocrx_word' id='word_1_1223' title='bbox 3193 5526 3404 5580; x_wconf 85' lang='lat' dir='ltr'><strong>semper</strong></span> <span class='ocrx_word' id='word_1_1224' title='bbox 3434 5509 3617 5578; x_wconf 54' lang='lat' dir='ltr'><strong>requiv</strong></span> 
     </span>
    </p>
   </div>
   <div class='ocr_carea' id='block_1_152' title="bbox 2048 5575 3625 5647">
    <p class='ocr_par' dir='ltr' id='par_1_152' title="bbox 2048 5575 3625 5647">
     <span class='ocr_line' id='line_1_152' title="bbox 2048 5575 3625 5647; baseline 0.004 -23"><span class='ocrx_word' id='word_1_1225' title='bbox 2048 5588 2180 5635; x_wconf 54' lang='grc' dir='ltr'>Ικμιιι,</span> <span class='ocrx_word' id='word_1_1226' title='bbox 2213 5584 2264 5647; x_wconf 87' lang='lat' dir='ltr'><strong>ut</strong></span> <span class='ocrx_word' id='word_1_1227' title='bbox 2287 5575 2561 5628; x_wconf 81' lang='lat' dir='ltr'><strong>inhabilem</strong></span> <span class='ocrx_word' id='word_1_1228' title='bbox 2594 5576 2799 5632; x_wconf 77' lang='lat' dir='ltr'><strong>sciliCet</strong></span> <span class='ocrx_word' id='word_1_1229' title='bbox 2825 5583 2876 5631; x_wconf 90' lang='lat' dir='ltr'><strong>in</strong></span> <span class='ocrx_word' id='word_1_1230' title='bbox 2898 5584 3051 5634; x_wconf 89' lang='lat' dir='ltr'><strong>domo</strong></span> <span class='ocrx_word' id='word_1_1231' title='bbox 3074 5580 3278 5635; x_wconf 86' lang='lat' dir='ltr'><strong>Domini</strong></span> <span class='ocrx_word' id='word_1_1232' title='bbox 3299 5575 3326 5645; x_wconf 61' lang='grc'>,⁷</span> <span class='ocrx_word' id='word_1_1233' title='bbox 3344 5581 3392 5633; x_wconf 85' lang='lat' dir='ltr'><strong>id</strong></span> <span class='ocrx_word' id='word_1_1234' title='bbox 3426 5575 3531 5647; x_wconf 71' lang='grc' dir='ltr'>εει,</span> <span class='ocrx_word' id='word_1_1235' title='bbox 3566 5588 3625 5630; x_wconf 87' lang='lat' dir='ltr'><strong>t.t</strong></span> 
     </span>
    </p>
   </div>
   <div class='ocr_carea' id='block_1_153' title="bbox 2049 5646 3620 5715">
    <p class='ocr_par' dir='ltr' id='par_1_153' title="bbox 2049 5646 3620 5715">
     <span class='ocr_line' id='line_1_153' title="bbox 2049 5646 3620 5715; baseline 0.004 -22"><span class='ocrx_word' id='word_1_1236' title='bbox 2049 5657 2144 5710; x_wconf 87' lang='lat' dir='ltr'><strong>per</strong></span> <span class='ocrx_word' id='word_1_1237' title='bbox 2172 5646 2343 5695; x_wconf 75' lang='lat' dir='ltr'><strong>nullas</strong></span> <span class='ocrx_word' id='word_1_1238' title='bbox 2375 5648 2721 5700; x_wconf 84' lang='lat' dir='ltr'><strong>adveisitates</strong></span> <span class='ocrx_word' id='word_1_1239' title='bbox 2760 5654 3008 5704; x_wconf 84' lang='lat' dir='ltr'><strong>secludar</strong></span> <span class='ocrx_word' id='word_1_1240' title='bbox 3053 5672 3080 5706; x_wconf 88' lang='lat' dir='ltr'><strong>a</strong></span> <span class='ocrx_word' id='word_1_1241' title='bbox 3126 5668 3349 5705; x_wconf 90' lang='lat' dir='ltr'><strong>numero</strong></span> <span class='ocrx_word' id='word_1_1242' title='bbox 3376 5646 3620 5715; x_wconf 54' lang='lat' dir='ltr'><strong>iiloruin,</strong></span> 
     </span>
    </p>
   </div>
   <div class='ocr_carea' id='block_1_154' title="bbox 2047 5717 3619 5789">
    <p class='ocr_par' dir='ltr' id='par_1_154' title="bbox 2047 5717 3619 5789">
     <span class='ocr_line' id='line_1_154' title="bbox 2047 5717 3619 5789; baseline 0.006 -26"><span class='ocrx_word' id='word_1_1243' title='bbox 2047 5717 2133 5789; x_wconf 78' lang='lat' dir='ltr'><strong>qui</strong></span> <span class='ocrx_word' id='word_1_1244' title='bbox 2166 5718 2435 5769; x_wconf 83' lang='lat' dir='ltr'><strong>veritatem</strong></span> <span class='ocrx_word' id='word_1_1245' title='bbox 2467 5728 2519 5767; x_wconf 87' lang='lat' dir='ltr'><strong>et</strong></span> <span class='ocrx_word' id='word_1_1246' title='bbox 2554 5729 2810 5775; x_wconf 69' lang='lat' dir='ltr'><strong>unitatem</strong></span> <span class='ocrx_word' id='word_1_1247' title='bbox 2842 5726 2960 5775; x_wconf 75' lang='lat' dir='ltr'><strong>liuet</strong></span> <span class='ocrx_word' id='word_1_1248' title='bbox 2993 5723 3277 5777; x_wconf 69' lang='lat' dir='ltr'><strong>Dntnintcte</strong></span> <span class='ocrx_word' id='word_1_1249' title='bbox 3309 5737 3401 5789; x_wconf 75' lang='lat' dir='ltr'><strong>per</strong></span> <span class='ocrx_word' id='word_1_1250' title='bbox 3422 5733 3619 5784; x_wconf 79' lang='lat' dir='ltr'><strong>tutum,</strong></span> 
     </span>
    </p>
   </div>
   <div class='ocr_carea' id='block_1_155' title="bbox 2048 5783 3617 5861">
    <p class='ocr_par' dir='ltr' id='par_1_155' title="bbox 2048 5783 3617 5861">
     <span class='ocr_line' id='line_1_155' title="bbox 2048 5783 3617 5861; baseline 0.006 -24"><span class='ocrx_word' id='word_1_1251' title='bbox 2048 5783 2230 5839; x_wconf 83' lang='lat' dir='ltr'><strong>otbcui</strong></span> <span class='ocrx_word' id='word_1_1252' title='bbox 2261 5796 2436 5840; x_wconf 86' lang='lat' dir='ltr'><strong>tenent</strong></span> <span class='ocrx_word' id='word_1_1253' title='bbox 2467 5792 2593 5842; x_wconf 65' lang='grc' dir='ltr'>εδει]</span> <span class='ocrx_word' id='word_1_1254' title='bbox 2624 5794 2797 5859; x_wconf 78' lang='lat' dir='ltr'><strong>potius</strong></span> <span class='ocrx_word' id='word_1_1255' title='bbox 2830 5808 3167 5861; x_wconf 64' lang='lat' dir='ltr'><strong>perseverent</strong></span> <span class='ocrx_word' id='word_1_1256' title='bbox 3201 5812 3250 5848; x_wconf 90' lang='lat' dir='ltr'><strong>in</strong></span> <span class='ocrx_word' id='word_1_1257' title='bbox 3277 5783 3617 5849; x_wconf 44' lang='lat' dir='ltr'><strong>L&#39;cclesiasué</strong></span> 
     </span>
    </p>
   </div>
  </div>
