3922 6190
214 311 316 365 Gl?

907 300 969 356 IN
1012 298 1425 356 ρειωιυῖιωι
1470 298 1731 354 LIBRUM
1778 298 1796 352 ι

1904 297 2140 357 ἰϐΕΞΙΒ.
2184 330 2253 343 -—
2294 300 2537 355 PSALM.
2580 294 2768 353 XXVI.

3359 301 3464 354 613

213 422 288 473 cis
315 413 571 471 institutis
597 454 612 477 ,
652 421 701 468 ει
736 410 835 465 sim
872 410 1165 464 membrum
1212 410 1463 479 Ecclesia:
1489 448 1503 473 ,
1536 423 1653 474 quas
1686 423 1788 479 non
1820 414 1870 469 Α
1968 410 2189 477 Adjutor
2211 426 2349 464 meus
2388 418 2511 463 esto.
2548 408 2630 463 Ne
2656 409 2879 463 declines
2908 426 2939 460 a
2967 424 3062 474 me,
3108 410 3340 479 inquam,
3370 417 3466 468 sed

214 492 385 543 solum
415 484 808 539 tabernaculum
833 520 848 543 ,
887 480 977 533 sed
1008 481 1165 533 etiam
1198 482 1387 533 domus
1418 478 1623 532 Domini
1656 478 1787 532 dici-

219 571 305 611 tur
331 598 349 622 ,
381 558 505 610 licet
537 553 823 621 improprie
850 591 878 622 ,7
909 558 1164 622 quantum
1203 550 1268 622 ad
1299 550 1661 622 supradictatn
1696 565 1787 601 ra-

219 619 441 681 tionem.
490 624 555 677 Et
603 619 973 678 hociomnibus
1013 621 1185 672 diebus
1215 621 1329 672 vita:
1370 634 1532 680 meai,
1580 619 1630 670 id
1680 628 1786 684 est,

216 699 454 764 quandiu
484 697 657 747 vivam
680 693 731 745 in
765 696 861 745 hac
888 689 994 743 vita
1025 704 1167 764 mea,
1203 690 1379 764 idest,
1414 688 1557 740 labili
1589 696 1642 740 et
1674 689 1784 764 fra-

218 757 332 840 gili.
368 767 423 821 lu
452 767 550 840 hac
576 765 837 840 sententia
872 759 1083 839 proprie
1122 758 1340 840 pluralis
1376 772 1639 840 numerus
1664 757 1789 840 Idic-

218 827 338 893 rum
368 836 646 903 accipitur.
680 833 745 886 Et
786 827 905 903 ideo
933 829 1263 903 cupio‘nuuc
1304 827 1541 903 habitare
1566 828 1617 878 in
1642 832 1792 878 domo

220 908 436 962 Domini
468 898 521 958 ut
547 905 766 965 videam,
798 900 846 953 id
869 910 980 964 est,
1023 908 1077 951 ut
1107 899 1157 951 in
1190 898 1440 961 praesenti
1470 910 1789 964 cognoscam

217 980 527 1032 voluntatem
558 974 761 1026 Domini
786 1010 802 1033 ,
835 969 934 1022 hoc
958 969 1159 1021 scilicet
1188 966 1292 1021 ﬁne
1322 978 1375 1020 ut
1402 967 1452 1018 in
1480 966 1636 1019 linem
1668 982 1792 1033 per—

221 1048 496 1102 severanti
526 1051 775 1112 appareat
805 1038 1285 1112 mihideleqahilis
1314 1037 1518 1112 species
1543 1076 1557 1099 ,
1589 1051 1688 1112 qua
1712 1038 1792 1112 ta-

219 1121 298 1170 cie
346 1117 415 1170 ad
459 1105 648 1184 faciem
689 1109 1039 1184 contempler.
1083 1107 1232 1173 Quod
1278 1118 1359 1184 est
1399 1105 1577 1184 dicere
1620 1124 1631 1158 :
1670 1105 1793 1184 Ideo

222 1201 367 1241 nunc
398 1186 522 1237 volo
554 1182 736 1236 videre
782 1181 834 1233 in
863 1193 960 1247 spe
984 1220 998 1242 ,
1031 1186 1089 1230 ut
1121 1177 1455 1247 postmodum
1487 1177 1697 1229 videam
1739 1177 1791 1228 in

222 1274 278 1309 re
300 1298 318 1321 ,
354 1266 411 1310 et
439 1255 517 1308 sic
546 1252 754 1306 tandem
779 1244 986 1321 visitem
1018 1246 1296 1300 Dominum
1328 1244 1503 1321 factus
1535 1247 1790 1321 templum

223 1316 367 1397 ejus,
398 1325 603 1397 scilicet
629 1322 858 1397 quando,
891 1318 1135 1397 absorpta
1163 1326 1333 1397 meite
1354 1316 1405 1367 in
1428 1316 1669 1380 victoria,
1692 1316 1792 1368 im-

226 1387 561 1450 mortalitate
589 1387 796 1449 induar,
831 1390 999 1441 lactus
1028 1387 1142 1454 ejus
1174 1388 1449 1453 templum.
1538 1422 1543 1427 -

296 1465 557 1532 Quoniam
586 1462 841 1514 abscondit
864 1473 960 1510 me.
990 1454 1116 1532 Ideo
1139 1465 1280 1532 tanta
1311 1455 1497 1509 tiducia
1518 1454 1679 1532 talem
1706 1468 1791 1519 pe-

223 1526 473 1589 titionem
517 1546 730 1599 semper
777 1538 946 1595 petam
1001 1541 1030 1599 a
1077 1526 1332 1599 Domino,
1375 1526 1622 1599 quoniam
1658 1528 1793 1599 hanc

226 1605 346 1673 ejus
399 1602 611 1673 arrham
637 1594 848 1673 habeo,
893 1594 1031 1673 quod
1076 1595 1329 1673 Dominus
1362 1599 1426 1673 in
1469 1594 1795 1673 tabernaculo

224 1664 317 1727 sita
338 1714 352 1735 ,
388 1673 436 1725 id
460 1681 541 1725 est
570 1671 621 1724 in
651 1668 1045 1737 dispensatione
1075 1665 1331 1718 incarnati
1362 1664 1517 1737 Verbi
1546 1664 1646 1728 sui,
1678 1679 1795 1732 qua:

1898 481 2069 550 potius
2098 490 2202 550 esto
2232 480 2441 550 adju'or
2467 495 2608 533 meus
2633 490 2724 550 ,γει
2752 496 2855 532 non
2884 479 3140 547 relinquas
3173 498 3284 546 me;
3315 484 3469 549 quasi

1895 549 2037 603 dicat
2086 567 2098 601 :
2144 549 2369 602 Posuisti
2410 565 2499 602 me
2526 550 2630 615 jam
2660 549 2711 601 in
2743 565 2823 601 Via
2849 589 2863 612 ,
2894 551 3015 616 quia
3057 551 3280 604 liberum
3322 554 3470 606 arhi-

1896 620 2059 671 trium
2091 627 2145 673 et
2172 619 2433 672 rationem
2474 619 2603 673 mihi
2629 620 2817 673 dedisti
2839 658 2853 678 .
2887 630 2932 672 et
2962 618 3085 673 ideo
3115 637 3214 673 non
3239 622 3463 676 derelin-

1894 705 2024 753 quas
2047 704 2148 754 me,
2182 689 2274 743 sed
2316 689 2505 757 adjnra
2538 707 2548 741 :
2580 689 2699 758 quia
2730 692 2773 743 si
2802 690 3150 757 dereliqueris
3192 706 3311 758 me,
3344 709 3471 747 ecce

1893 757 2205 822 aberraho,
2260 773 2387 831 ecce
2437 760 2759 831 remaneho,
2806 773 2931 831 ecce
2971 760 3210 831 deliciam
3239 803 3251 823 ,
3300 777 3473 831 neque

1896 843 2117 893 prorsus
2149 830 2441 895 proﬁciam.
2477 827 2658 896 Neque
2685 829 2933 897 despicias
2972 845 3050 882 me
3072 868 3087 893 ,
3128 828 3177 882 id
3210 840 3323 893 est,
3365 827 3473 887 non

1892 908 2205 952 COIIlemllﬂS
2238 913 2322 951 me
2353 900 2629 951 mortalem
2659 940 2673 963 ,
2704 907 3032 967 quaerentem
3066 910 3115 951 l0
3155 911 3413 954 aeternum
3450 920 3463 956 Σ

1894 983 1980 1021 me
2007 968 2167 1021 imum
2195 975 2522 1034 quaerentem
2552 977 2603 1022 te
2632 983 2934 1030 summum,
2968 977 3020 1021 tu
3059 968 3148 1036 qui
3186 984 3245 1022 es
3269 972 3471 1024 saluta-

1894 1039 1972 1111 ris
1991 1054 2131 1090 meus
2155 1076 2170 1100 ,
2203 1036 2251 1090 id
2283 1046 2397 1111 est,
2422 1038 2515 1111 qui
2545 1038 2690 1091 solus
2723 1038 2896 1091 salvas
2924 1052 3010 1111 me
3032 1078 3046 1101 ,
3074 1047 3129 1090 et
3158 1053 3348 1111 otnnes
3378 1044 3469 1111 qui

1897 1108 2173 1176 salvantur
2207 1125 2218 1158 :
2249 1108 2388 1176 quod
2416 1106 2592 1161 facere
2624 1116 2816 1175 potest,
2849 1109 2968 1173 quia
2997 1119 3050 1161 tu
3082 1123 3139 1161 es
3176 1108 3336 1163 Deus.

1968 1175 2225 1239 Quoniam
2264 1175 2407 1246 pater
2432 1193 2574 1230 meus
2604 1188 2651 1230 et
2678 1187 2838 1230 mater
2864 1193 2994 1230 mea.
3029 1177 3148 1231 Ideo
3175 1194 3278 1232 non
3308 1179 3472 1236 debes

1896 1261 1981 1300 me
2011 1247 2385 1315 derelinquere
2425 1247 2509 1300 vel
2548 1247 2857 1312 despicere,
2898 1248 3140 1316 quoniam
3171 1261 3312 1315 pater
3339 1268 3474 1306 meus

1898 1326 2049 1370 vetus
2098 1317 2280 1381 homo,
2328 1317 2537 1370 scilicet
2580 1318 2770 1380 Adam,
2815 1328 2861 1369 et
2902 1328 3061 1369 mater
3103 1334 3230 1379 mea,
3279 1321 3326 1373 id
3369 1336 3470 1382 est,

1899 1387 2005 1439 Eva
2029 1428 2041 1451 ,
2076 1401 2167 1454 per
2192 1387 2676 1454 prmvaricationem
2709 1402 2856 1440 suam
2887 1388 3259 1455 dereliqutzrunt
3284 1407 3390 1454 me,
3425 1393 3475 1445 id

1896 1466 1999 1522 est,
2052 1466 2409 1523 exposuerunt
2444 1465 2498 1509 et
2523 1457 3001 1510 exhzeredaverunt
3041 1473 3164 1521 me;
3206 1460 3287 1512 vel
3330 1474 3479 1524 pater

1898 1544 2037 1579 meus
2067 1542 2223 1594 quem
2254 1529 2396 1593 prius
2425 1525 2614 1589 habui,
2653 1528 2700 1578 id
2732 1536 2810 1579 est
2840 1527 3101 1589 diabolus,
3132 1528 3222 1595 qui
3249 1540 3348 1590 est,
3384 1549 3475 1593 pa-

1901 1606 1981 1649 ter
2012 1598 2240 1658 illorum,
2273 1596 2340 1649 de
2371 1596 2557 1663 quibus
2587 1598 2787 1648 dictum
2817 1606 2895 1649 est
2925 1612 2939 1649 :
2983 1595 3084 1648 Vos
3108 1614 3169 1649 ei:
3196 1610 3337 1663 patre
3360 1601 3474 1652 Αἰο-

1898 1666 2012 1718 bolo
2038 1666 2173 1728 estis,
2200 1674 2245 1718 et
2274 1666 2357 1729 qui
2384 1676 2623 1731 operatur
2647 1667 2699 1717 in
2723 1666 2844 1733 [iliis
2877 1666 3189 1732 di/fidentiw.
3228 1667 3289 1719 Et
3312 1682 3471 1723 mater

227 1734 626 1813 tabernaculum
652 1734 764 1806 ejus
788 1736 986 1813 fui_t,_in
1010 1744 1309 1813 qua_con_tra
1335 1734 1620 1813 principem
1640 1750 1791 1787 mun-
1824 1755 1866 1813 Β
1898 1751 2027 1796 mea,
2061 1735 2110 1787 id
2142 1744 2223 1788 cst
2251 1736 2491 1813 societas
2539 1735 2852 1813 inﬁdelium,
2899 1736 2987 1813 qui
3028 1736 3133 1788 duo
3172 1752 3472 1813 genuerunt

224 1813 276 1866 di
308 1809 620 1875 dimicavit,
653 1805 706 1864 et
735 1808 872 1877 quod
910 1807 1026 1877 ipse
1059 1805 1123 1857 ad
1160 1806 1381 1877 salutem
1409 1805 1644 1856 omnium
1675 1818 1790 1877 cre-

221 1883 467 1937 dentium
490 1873 1052 1946 disptisuit'iticarnari,
1075 1890 1206 1940 quos
1237 1873 1289 1927 in
1320 1874 1434 1946 ipso
1459 1886 1582 1946 ante
1606 1874 1785 1926 mtmdi

226 1942 664 2007 constitutionem
697 1947 876 2015 elegit,
902 1946 1161 1997 abscondit
1184 1960 1282 2010 me,
1319 1944 1369 1996 id
1397 1953 1498 2015 est,
1533 1942 1790 2015 disposmt

224 2038 309 2075 me
337 2023 409 2076 ad
439 2022 611 2089 ipsum
650 2014 936 2087 pertinere,
986 2014 1569 2089 tanqunnmrnembrum
1610 2014 1674 2064 ad
1702 2028 1791 2066 ca-

225 2104 337 2159 put.
370 2082 525 2157 Quod
554 2082 918 2143 absconditum
947 2093 1051 2159 est,
1080 2084 1200 2159 quia
1230 2083 1320 2135 lilii
1342 2082 1553 2159 quidem
1582 2096 1784 2159 sumus,

225 2151 321 2215 Sed
357 2151 594 2214 mundum
625 2166 841 2227 apparet
883 2155 1022 2222 quod
1059 2151 1294 2227 erimus;
1346 2151 1399 2206 et
1444 2151 1545 2206 hoc
1590 2152 1711 2227 fecit
1739 2153 1791 2204 in

224 2232 306 2284 die
337 2234 592 2284 malorum
617 2270 631 2293 ,
659 2221 714 2282 id
739 2238 850 2291 est,
881 2221 932 2278 in
965 2225 1208 2293 praesenti
1242 2233 1513 2293 tempore,
1542 2221 1681 2291 quod
1712 2230 1795 2275 est

223 2305 339 2356 dies
373 2303 459 2353 vel
502 2290 650 2367 quies
681 2290 981 2360 malorum,
1014 2304 1071 2367 ut
1097 2295 1204 2361 jam
1238 2290 1688 2367 praedictumest.
1730 2293 1793 2345 Et

224 2373 451 2441 protexit
481 2362 557 2423 me
582 2372 635 2441 in
661 2367 957 2441 abscondito
979 2364 1304 2441 tabernaculi
1314 2363 1428 2441 sui,
1457 2362 1507 2415 id
1537 2372 1639 2441 est,
1672 2377 1794 2431 pro-

225 2432 519 2495 iecnonem
564 2440 691 2493 mihi
730 2448 784 2492 et
821 2435 1161 2491 securitatem
1207 2432 1354 2486 dedit
1395 2433 1445 2485 in
1484 2435 1643 2486 corde
1683 2446 1794 2486 cre-

223 2512 375 2564 denti
409 2512 472 2563 ad
500 2511 757 2578 justitiam
783 2548 795 2569 ,
827 2505 965 2578 quod
991 2519 1084 2578 cor
1105 2513 1187 2558 est
1215 2501 1584 2578 absconditum
1616 2501 1793 2578 taber-

223 2582 409 2635 naculi
435 2573 516 2633 sui
540 2622 552 2643 ,
583 2579 632 2632 id
657 2589 776 2641 est,
809 2573 911 2630 mei
945 2575 1032 2644 qui
1058 2589 1175 2628 sum
1207 2573 1605 2644 tabernaculum
1629 2573 1789 2644 _ejus;

222 2661 271 2703 et
295 2654 352 2704 in
378 2641 556 2719 opera,
581 2650 629 2703 id
658 2658 760 2710 est,
792 2648 842 2719 in
862 2641 1111 2719 lirmitate
1128 2642 1603 2719 etconstantiasua
1628 2641 1795 2719 iit-me

226 2712 671 2789 posita‘exaltavit
695 2734 809 2789 me,
826 2717 877 2789 id
909 2724 1011 2777 est,
1041 2714 1276 2768 eminere
1299 2728 1385 2767 me
1413 2712 1571 2789 fecit,_
1592 2712 1795 2789 scilicet

225 2779 279 2843 in
310 2807 411 2860 per
436 2804 597 2859 Opera
621 2803 736 2842 mea
768 2785 883 2839 aliis
911 2793 1055 2860 esset
1085 2794 1205 2860 nota
1230 2783 1529 2837 constantia
1561 2783 1693 2860 ipsa.
1725 2779 1793 2860 Et

224 2852 325 2926 ter
352 2852 505 2914 illam
535 2859 882 2914 constantiam
922 2854 1161 2926 exultavit
1205 2864 1356 2918 caput
1387 2868 1552 2904 meum
1572 2891 1588 2916 ,
1633 2852 1684 2904 id
1714 2859 1796 2906 est

224 2924 466 2984 ruentem
498 2945 666 2983 meam
694 2969 707 2990 ,
746 2938 799 2981 et
830 2940 967 2979 nunc
995 2924 1119 2978 dum
1148 2926 1322 2977 adhuc
1352 2925 1573 2976 mortale
1602 2936 1794 2990 corpus

222 3016 353 3067 gero
380 3016 538 3068 super
560 3001 788 3052 inimicos
809 3012 967 3068 meos,
999 3004 1055 3068 ut
1076 3005 1425 3068 contemnam
1444 2992 1648 3068 scilicet
1676 3008 1790 3068 eos.

224 3062 341 3139 Ego
364 3062 546 3123 autem
585 3070 719 3139 quid
739 3066 869 3120 l'eei?
913 3064 1262 3139 Feci__utiqne_
1290 3062 1428 3130 quod
1458 3062 1636 3139 debui,
1673 3064 1790 3131 quia

222 3133 442 3192 circuiri
475 3150 523 3192 et
550 3133 808 3192 immolavi
835 3179 848 3203 ,
889 3145 943 3189 ct
982 3133 1199 3201 reliqua.
1231 3133 1505 3186 Sententia
1545 3148 1647 3185 non
1678 3149 1795 3186 mu-

223 3220 391 3262 tatur.
429 3210 495 3262 Et
522 3215 640 3277 quia
666 3209 917 3262 Dominus
944 3204 1181 3277 exultavit
1212 3218 1288 3256 tne
1314 3205 1367 3254 in
1390 3210 1559 3277 petra,
1590 3212 1633 3254 et
1647 3204 1794 3277 exal-

221 3283 352 3332 tavit
374 3272 740 3349 caput'meum,
770 3285 824 3330 et
843 3286 1055 3329 Caetera.
1082 3274 1203 3327 Ideo
1222 3273 1442 3349 ‘cantabo
1466 3282 1511 3324 et
1544 3272 1798 3349 psalmum

223 3344 455 3403 Domino
482 3350 685 3415 dicam,
727 3349 776 3401 id
808 3356 920 3409 est,
949 3360 1074 3407 ore,
1105 3344 1288 3408 corde,
1320 3352 1371 3397 et
1398 3357 1559 3411 Opere
1588 3346 1799 3400 assidue

219 3418 461 3473 laudabo
496 3419 796 3483 hominum,
826 3418 1006 3469 dicens
1029 3416 1098 3467 ita
1132 3431 1143 3465 :
1440 3458 1451 3473 κ

295 3482 549 3552 Exaudi,
581 3482 839 3567 Domine,
878 3501 1046 3539 vocem
1073 3499 1233 3564 meum
1259 3523 1283 3563 ,⁸
1308 3492 1362 3537 ει
1388 3482 1610 3567 reliqua.
1640 3482 1799 3567 iuxta

219 3570 408 3611 autem
444 3551 664 3625 prunam
691 3558 974 3612 lectionem
994 3551 1465 3625 continuatiotalis
1495 3551 1585 3606 liet
1616 3571 1627 3605 :
1659 3553 1795 3625 Cttn—

221 3633 349 3683 tabo
393 3623 605 3697 quidem
650 3631 700 3682 in
742 3628 952 3690 futuro,
990 3635 1035 3679 et
1079 3623 1388 3697 psalmizubo
1419 3624 1471 3697 in
1508 3625 1659 3697 domo
1697 3624 1801 3697 Do-

220 3700 382 3752 mini.
411 3692 560 3752 Nunc
584 3710 760 3752 autem
790 3698 999 3751 interim
1025 3695 1149 3763 quid
1183 3695 1290 3757 (iet,
1321 3694 1473 3762 quasi
1501 3692 1642 3747 dicat
1676 3712 1687 3747 :
1717 3695 1800 3748 lti-

223 3769 633 3837 gemiscendum
685 3776 741 3822 et
793 3768 1207 3837 orandumﬂcst;
1244 3766 1368 3817 dum
1411 3763 1553 3817 enim
1602 3768 1651 3817 in
1694 3765 1803 3837 hoc

219 3835 420 3893 exsilio
448 3854 652 3903 sumus,
683 3838 860 3891 miseri
892 3846 945 3890 et
976 3836 1270 3903 indigentes
1307 3848 1524 3897 sumus,
1556 3845 1608 3887 et
1635 3835 1799 3888 mise-

222 3924 415 3962 rorum
448 3920 531 3962 est
566 3923 779 3978 gemere
805 3946 820 3970 ,
853 3906 1200 3975 indigentium
1228 3914 1310 3978 est
1334 3919 1510 3957 orare.
1541 3904 1716 3968 Quare
1744 3916 1800 3958 ut

220 3980 313 4032 alii
366 3979 472 4031 hoc
511 3976 647 4032 idem
694 3977 888 4031 faciant
924 3990 1041 4029 meo
1081 3976 1359 4041 exemplo,
1387 3988 1595 4041 gemam
1630 3990 1729 4043 ego
1750 3985 1804 4029 et

221 4050 425 4115 orabo,
458 4048 637 4102 dicens
655 4049 723 4102 ita
758 4064 770 4098 :
804 4047 1039 4109 Domine,
1082 4046 1268 4115 exaudi
1304 4059 1472 4115 vocem
1516 4060 1709 4108 meam,
1750 4045 1800 4099 id

220 4129 328 4182 rst,
371 4113 552 4172 vocem
601 4118 777 4173 cordis
827 4118 951 4179 mei,
997 4130 1100 4182 qua
1145 4113 1360 4166 clamavi
1390 4116 1457 4165 ad
1494 4125 1541 4168 te
1566 4155 1579 4177 ,
1612 4117 1660 4167 id
1693 4123 1798 4179 est,

220 4204 396 4257 quam
428 4190 597 4242 valida
637 4188 946 4257 intentione
974 4200 1069 4251 pro
1109 4188 1362 4257 petitione
1396 4200 1497 4237 una
1533 4185 1611 4257 ad
1632 4195 1682 4238 te
1720 4188 1801 4239 di-

224 4255 373 4319 rexi.
416 4268 470 4312 et
509 4260 741 4312 miserere
758 4258 888 4322 mei,
919 4256 1095 4310 dando
1126 4255 1255 4308 tttihi
1297 4256 1440 4307 illam
1474 4255 1796 4320 petitionem,

220 4329 416 4381 exaudi
467 4345 546 4381 me
572 4329 885 4381 clamantem
934 4340 1029 4394 pro
1069 4326 1175 4379 illa.
1212 4325 1472 4391 ltepetitio
1511 4336 1610 4385 est,
1640 4342 1797 4394 quam

220 4400 350 4452 ideo
385 4400 555 4451 lidelis
580 4399 754 4451 anima
787 4396 938 4459 facit,
984 4404 1038 4447 ut
1076 4410 1322 4463 magnum
1350 4410 1469 4448 esse
1498 4400 1637 4463 quod
1668 4400 1798 4463 petit

1898 1820 1981 1860 nte
2010 1804 2368 1873 temporaliter
2397 1813 2450 1857 et
2475 1806 2763 1878 moraliter.
2788 1805 2871 1869 lli,
2908 1807 3160 1878 inquam,
3192 1807 3475 1878 derelique-

1892 1885 2009 1927 runt
2028 1891 2125 1940 me,
2148 1886 2470 1943 quaerentem
2495 1884 2564 1927 te.
2585 1874 2774 1928 Statim
2800 1878 2940 1927 enim
2958 1890 3078 1929 cum
3097 1877 3284 1942 aliquis
3310 1874 3474 1933 trans-

1894 1947 2056 1999 fertur
2094 1947 2143 1997 in
2185 1959 2401 2012 regnum
2442 1945 2607 2008 lucis,
2656 1945 2919 1997 deseritur
2955 1960 2983 1998 a
3027 1960 3192 2013 regno
3234 1950 3473 2002 tenebra-

1895 2031 2031 2088 rutn_.
2070 2013 2318 2088 Dominus
2346 2022 2514 2088 autem
2544 2015 2647 2088 illis
2678 2029 2761 2068 me
2798 2013 3167 2088 deserentibus
3198 2021 3478 2088 assumpsit

1896 2102 1973 2156 me
2004 2085 2309 2156 fovendum,
2343 2083 2706 2156 nutriendum,
2729 2083 3132 2156 consolandum,
3168 2083 3471 2156 temporali-

1896 2154 2032 2208 libus
2066 2155 2217 2208 bonis
2244 2197 2258 2218 ,
2291 2166 2340 2208 et
2370 2154 2776 2208 beatiﬁcandum
2807 2155 3040 2207 aiternis.

1966 2222 2150 2293 Legem
2181 2239 2310 2292 pone
2339 2225 2500 2287 mihi,
2541 2225 2781 2297 Domine.
2814 2225 2867 2277 in
2897 2224 2974 2276 via
3003 2234 3109 2297 tua,
3140 2225 3372 2297 elidirige
3393 2246 3473 2284 me

1896 2295 1949 2347 in
1976 2298 2153 2348 semita
2195 2303 2331 2367 recta
2364 2301 2569 2367 propter
2595 2295 3009 2367 inimicosmeos.
3036 2294 3147 2367 llic
3184 2294 3471 2367 facit'apo-

1895 2367 2166 2430 stropham
2203 2365 2268 2417 ad
2294 2364 2607 2435 Dominum;
2636 2364 2786 2431 quasi
2816 2364 2957 2416 dicat
2986 2380 3000 2417 :
3027 2364 3468 2435 Quandoquidem

1896 2446 1974 2499 tu,
2005 2435 2248 2496 Domine,
2281 2434 2614 2501 assumpsisti
2640 2449 2743 2497 me,
2764 2448 2898 2505 pone
2927 2436 3049 2505 milii
3076 2435 3259 2505 legent,
3278 2434 3342 2491 id
3366 2450 3469 2504 est,

1895 2507 2170 2559 statoriam
2201 2514 2254 2557 et
2294 2505 2500 2556 lirniam
2542 2505 2732 2573 legem.
2760 2502 2875 2573 Fac
2913 2504 3041 2557 tnihi
3072 2502 3234 2557 in'via
3264 2515 3351 2561 tua
3371 2547 3385 2572 ,
3419 2502 3470 2562 id

1895 2585 1997 2639 est,
2032 2574 2082 2628 in
2112 2574 2205 2628 illo
2237 2587 2397 2642 quem
2429 2572 2647 2642 posuisti
2674 2572 2800 2626 mihi
2831 2572 2991 2633 viam,
3025 2573 3228 2629 scilicet
3255 2576 3306 2629 iu
3332 2593 3472 2631 novo

1900 2647 2115 2698 homine
2142 2641 2392 2708 Christo,
2433 2641 2525 2710 qui
2558 2643 2684 2696 diett
2726 2660 2738 2695 :
2776 2641 2884 2712 Ego
2911 2659 3023 2709 sunt
3054 2644 3133 2696 via
3155 2683 3171 2707 ,
3205 2648 3386 2699 veritas
3427 2661 3475 2701 et

1896 2715 2020 2768 vita.
2051 2716 2228 2769 Novus
2254 2714 2396 2767 enim
2427 2714 2585 2767 homo
2612 2729 2746 2766 nova
2780 2721 3041 2783 praecepta
3063 2714 3210 2767 dedit
3241 2718 3467 2783 mundo;

1899 2796 1954 2838 et
1981 2792 2063 2839 est
2083 2784 2263 2838 dicere
2294 2800 2309 2836 :
2353 2783 2459 2837 Fac
2502 2798 2586 2837 me
2614 2784 2898 2850 persistere
2928 2782 2978 2835 in
3012 2785 3188 2851 regula
3218 2784 3347 2839 Novi
3374 2782 3476 2841 Te-

1900 2855 2189 2927 stamenti,
2236 2862 2290 2927 et
2316 2854 2659 2921 postpositam
2698 2854 3241 2927 cominu‘nemulegem
3267 2897 3282 2921 ,
3315 2857 3475 2927 dirige

1900 2941 1979 2977 me
2022 2926 2184 2979 etiam
2226 2924 2564 2993 singulariter
2607 2938 2699 2987 per
2742 2923 3157 2977 tttisericordiatu
3200 2927 3251 2977 in
3298 2923 3474 2982 semita

1898 3006 2058 3062 recta,
2093 2994 2146 3048 id
2172 3004 2255 3049 est
2277 3034 2293 3060 ,
2334 2996 2383 3047 in
2410 2994 2722 3049 rectitudine
2751 3003 3053 3048 str.ctorum
3089 3005 3474 3064 praeceptorum

1902 3078 2112 3120 tuorum
2134 3104 2149 3129 ,
2195 3081 2311 3132 quae
2352 3067 2558 3119 occulta
2604 3074 2729 3118 sunt
2750 3104 2765 3127 ,
2796 3073 2851 3117 et
2875 3066 3054 3128 paucis
3085 3074 3207 3118 uota
3232 3108 3247 3134 ,
3292 3082 3344 3121 et
3374 3069 3478 3126 hoe

1904 3146 2104 3205 prapter
2133 3135 2363 3189 inimicos
2390 3151 2546 3199 meos,
2579 3134 2916 3205 devitandas.

1970 3205 2053 3260 Ne
2074 3206 2345 3258 tradideris
2363 3221 2439 3259 me
2455 3206 2507 3257 in
2527 3205 2721 3257 animas
2743 3204 3095 3257 tribu/nntium
3112 3220 3209 3270 me,
3234 3208 3476 3273 quoniam

1898 3278 2277 3347 insurrererunt
2307 3276 2359 3328 in
2389 3290 2467 3328 me
2497 3284 2644 3327 testes
2670 3274 2860 3347 iniqui,
2885 3282 2932 3347 et
2960 3276 3164 3327 mentita
3190 3285 3260 3347 est
3292 3279 3476 3347 iniqui-

1900 3359 1975 3400 tas
2006 3346 2123 3399 sibi.
2155 3344 2279 3398 ldeo
2311 3359 2439 3416 rogo
2462 3354 2517 3397 ut
2552 3360 2711 3413 ponas
2737 3342 2861 3395 mihi
2892 3342 3089 3412 legem,
3122 3355 3166 3398 et
3205 3342 3397 3416 dirigas
3425 3351 3476 3402 in

1898 3417 2077 3470 semita
2112 3423 2319 3484 prapter
2348 3414 2574 3467 inimicos
2614 3429 2748 3466 meos
2769 3454 2784 3479 ,
2817 3423 2873 3484 ut
2914 3429 3019 3467 non
3056 3416 3235 3484 tradas
3268 3414 3352 3472 me
3376 3458 3389 3482 ,
3424 3419 3476 3473 id

1900 3499 2020 3551 εει,
2074 3482 2306 3540 mentem
2356 3498 2547 3539 meam.
2598 3484 2746 3537 Mens
2792 3482 2934 3537 enim
2967 3483 3238 3554 _eujusque
3284 3487 3331 3540 is
3372 3500 3475 3554 est,

1900 3557 2124 3625 quisque
2164 3556 2217 3608 in
2243 3554 2445 3607 animas
2468 3593 2482 3616 .
2520 3554 2574 3625 id
2607 3563 2690 3607 est
2715 3596 2728 3619 ,
2771 3555 2825 3607 in
2854 3552 3278 3625 conformitatem
3309 3552 3476 3612 tribu;

1903 3624 2121 3681 lantium
2146 3641 2253 3690 me,
2280 3626 2418 3693 quod
2442 3624 2636 3677 animae
2658 3639 2846 3679 eorum
2869 3624 3193 3679 desiderant.
3226 3626 3334 3681 lloe
3356 3628 3476 3683 ideo

1901 3697 1967 3751 ad
1998 3705 2232 3751 mentem
2264 3696 2543 3749 referimus
2585 3704 2787 3748 tantum
2811 3737 2826 3759 ,
2863 3693 2985 3763 quia
3018 3709 3209 3762 corpus
3252 3711 3475 3752 conces-

1903 3782 2019 3819 sum
2051 3775 2135 3820 est
2172 3767 2422 3819 inimicis.
2476 3764 2632 3818 Juxta
2662 3765 2802 3833 quod
2836 3765 2889 3819 in
2912 3765 3013 3819 Job
3044 3765 3237 3819 dicitur
3269 3783 3281 3817 :
3315 3766 3478 3821 Terra

1903 3838 2091 3890 tradita
2127 3846 2200 3889 est
2241 3837 2293 3888 in
2338 3851 2517 3887 manus
2563 3845 2904 3903 peccatorum.
2951 3835 3016 3886 Et
3058 3849 3163 3888 non
3200 3836 3364 3890 debes
3391 3855 3476 3891 me

1904 3908 2113 3961 tradere
2156 3905 2208 3959 iii
2249 3905 2452 3958 animas
2490 3920 2674 3958 eorum
2696 3947 2710 3970 ,
2746 3906 2988 3972 quoniam
3019 3915 3164 3957 testes
3190 3906 3387 3975 iniqui,
3418 3907 3475 3961 id

1903 3986 2014 4041 est,
2050 3977 2146 4045 ipsi
2179 3984 2433 4029 testantes
2460 3975 2635 4042 iniqua
2660 4015 2675 4039 ,
2709 3976 2913 4029 scilicet
2941 3974 3116 4028 conati
3156 3974 3478 4044 persuadere

1902 4049 2129 4114 aliquem
2174 4047 2314 4101 beati
2350 4046 2587 4117 possein
2634 4047 2898 4117 terrenis,
2943 4045 3081 4113 quod
3116 4046 3226 4099 lieri
3270 4049 3474 4117 nequit.

1901 4120 2285 4171 insurrexerunt
2315 4116 2583 4169 adversum
2609 4131 2707 4181 me,
2742 4116 2807 4168 ad
2839 4117 2941 4169 hoc
2962 4124 3016 4168 ut
3042 4130 3227 4170 eorum
3257 4116 3478 4173 confor-

1903 4190 2061 4243 mitas
2091 4195 2372 4256 appareret
2409 4186 2461 4238 in
2485 4201 2588 4239 me.
2633 4187 2694 4239 Et
2724 4195 2935 4249 tamen,
2968 4185 3133 4254 gratia
3164 4196 3249 4241 tua
3279 4191 3472 4243 subve-

1904 4260 2081 4313 niente
2106 4297 2120 4321 ,
2158 4258 2405 4325 iniquitas
2435 4256 2667 4310 nondum
2710 4258 2927 4310 mentita
2976 4266 3057 4309 est
3098 4257 3264 4322 mihi,
3298 4259 3346 4310 id
3374 4271 3477 4321 est,

1903 4330 1975 4383 illi
2027 4326 2190 4396 iniqui
2240 4328 2471 4381 nondum
2520 4327 2853 4380 mendacium
2898 4341 3054 4379 suum
3095 4339 3477 4393 persuaserunt

1902 4398 2055 4461 mihi,
2088 4409 2142 4451 et
2173 4398 2294 4451 ideo
2324 4396 2527 4450 mentiti
2558 4406 2684 4450 sunt
2711 4398 2808 4448 sibi
2841 4404 3078 4461 tantum,
3111 4405 3163 4447 et
3190 4410 3294 4449 non
3326 4398 3481 4450 mihi.

222 4472 422 4521 innuat
449 4509 462 4530 ,
507 4479 559 4521 et
586 4470 706 4522 ideo
731 4467 1011 4534 unicuique
1038 4480 1226 4534 magna
1254 4467 1319 4518 ad
1345 4465 1469 4518 illud
1502 4467 1788 4533 petendum
1827 4463 1877 4524 Ι)
1972 4468 2135 4523 Credo
2165 4469 2332 4521 videre
2369 4472 2498 4520 bona
2540 4466 2748 4519 Domini
2786 4467 2837 4518 in
2868 4475 3002 4518 terra
3027 4466 3318 4517 viventium.
3354 4467 3479 4521 Ideo

225 4554 373 4605 Opus
397 4553 518 4592 e-se
545 4539 843 4591 allectio-e.

293 4607 418 4660 Tibi
447 4609 573 4661 dixit
600 4625 687 4660 cor
711 4623 895 4661 meum.
919 4605 1042 4658 Ideo
1074 4605 1234 4659 delics
1262 4620 1344 4659 me
1372 4604 1650 4674 exaudire,
1677 4609 1800 4675 quia

216 4692 319 4730 cor
359 4694 541 4732 meum
579 4678 717 4746 quod
757 4694 859 4730 non
902 4678 1147 4746 loquitur
1176 4676 1373 4728 homini
1405 4717 1418 4739 ,
1446 4686 1499 4729 et
1529 4679 1669 4744 quod
1705 4683 1801 4730 lto-

220 4746 361 4801 mini
394 4765 499 4802 non
524 4744 729 4801 ostendi
759 4746 888 4799 dixit
919 4746 1031 4810 tibi,
1065 4744 1151 4811 qui
1178 4748 1325 4798 solus
1352 4750 1559 4799 occulta
1587 4746 1704 4814 ejus
1728 4752 1803 4800 iu-

218 4818 445 4885 tclttgis,
481 4817 720 4879 Domine,
746 4819 901 4885 facies
929 4831 1062 4877 mea,
1097 4814 1148 4867 id
1177 4825 1280 4879 est,
1308 4816 1599 4885 iptarsentia
1630 4822 1805 4871 cordis

217 4889 333 4941 mei
354 4884 379 4952 ⁷,
414 4889 641 4955 quazsivit
670 4901 715 4941 te
742 4884 757 4951 ,
789 4888 839 4941 id
861 4892 945 4940 est
969 4925 982 4949 ,
1012 4886 1147 4938 ultra
1175 4884 1351 4937 omnia
1378 4902 1588 4953 semper
1616 4889 1807 4953 quaesi-

214 4962 295 5009 vit
326 4954 668 5025 praesentiam
708 4968 874 5020 tuam,
916 4958 1037 5022 quia
1083 4958 1221 5008 inter
1260 4954 1438 5008 omnia
1472 4971 1573 5007 non
1606 4957 1808 5011 invenit

212 5026 429 5095 aliquid
466 5030 535 5080 ita
582 5028 871 5095 pretiosum
910 5025 962 5079 iti
1005 5035 1076 5079 te.
1114 5027 1173 5077 lit
1211 5026 1277 5078 de
1318 5026 1522 5092 reliquo
1549 5042 1807 5095 requiram

212 5100 415 5166 [aciem
457 5108 595 5149 tuam
620 5141 635 5163 ,
670 5098 720 5151 id
752 5106 872 5161 est,
905 5111 1119 5163 semper
1162 5108 1399 5163 satagam
1426 5107 1478 5147 ut
1513 5106 1562 5149 te
1584 5099 1715 5149 [acie
1738 5098 1801 5150 ad

213 5171 420 5221 laciem
441 5168 667 5232 videam,
684 5181 737 5220 et
769 5166 1161 5230 ideo,l)omine,
1178 5181 1240 5219 ne
1255 5180 1450 5218 avertas
1474 5168 1808 5234 [acrentinam

213 5256 247 5290 α
275 5255 389 5303 me,
419 5236 470 5290 id
491 5248 593 5301 est,
616 5240 880 5291 inveniam
905 5240 1043 5303 quod
1069 5250 1271 5303 qua-ro,
1299 5238 1632 5303 praisentiam
1665 5245 1806 5289 tuam

212 5310 456 5360 scilicet.
490 5306 570 5359 Ne
591 5309 810 5360 declines
826 5323 857 5357 a
877 5321 1015 5358 servo
1038 5316 1121 5357 tuo
1143 5306 1194 5356 in
1216 5308 1314 5368 ira,
1341 5306 1389 5358 id
1415 5316 1515 5368 est,
1546 5320 1596 5357 tu
1619 5309 1704 5374 qui
1723 5308 1810 5360 de-

209 5380 402 5430 clines
420 5378 644 5431 aliheris
665 5381 789 5441 tuis,
816 5381 903 5445 qui
929 5386 977 5428 te
1000 5390 1103 5428 n0n
1127 5386 1317 5445 sponte
1344 5377 1543 5437 colunt,
1568 5379 1659 5429 sed
1690 5392 1808 5441 pro-

212 5457 349 5515 ptel'
380 5448 525 5501 aliud
555 5449 605 5499 in
629 5449 728 5513 ira,
761 5449 811 5499 id
838 5444 955 5510 est,
996 5455 1053 5497 ut
1082 5444 1221 5497 aliud
1250 5460 1405 5511 quam
1439 5456 1489 5498 te
1517 5446 1807 5511 inveniant,

212 5520 270 5568 id
307 5527 427 5580 εει,
462 5526 676 5586 propter
702 5517 839 5584 quod
873 5523 925 5568 te
956 5515 1197 5586 colebant
1231 5532 1240 5566 :
1272 5531 1303 5565 α
1333 5531 1413 5568 tne
1441 5530 1580 5567 servo
1606 5526 1722 5578 tuo,
1757 5519 1808 5571 id

207 5598 330 5652 est,
366 5587 457 5655 qui
492 5584 683 5653 Sponte
713 5604 798 5639 Ine
827 5587 917 5639 tibi
954 5584 1198 5653 subjicio,
1232 5600 1336 5639 non
1368 5586 1602 5638 declines
1630 5586 1681 5637 iii
1708 5589 1806 5653 ira,

209 5670 273 5707 ut
305 5657 456 5709 aliud
482 5657 686 5709 scilicet
713 5671 872 5724 quam
896 5664 945 5707 te
978 5656 1254 5727 inst-niani.
1282 5659 1393 5720 Qua
1422 5657 1495 5707 ira
1530 5658 1667 5708 nulla
1692 5673 1809 5727 gra-

210 5740 342 5779 vior
375 5736 460 5780 est
494 5730 689 5779 amanti
722 5765 737 5791 ,
780 5736 835 5779 ct
881 5726 1157 5778 veritatem
1201 5729 1375 5778 vultus
1408 5727 1479 5780 tui
1528 5726 1808 5795 quaerenti.

634 5820 903 5877 ΡΑτξιοι..
952 5816 1170 5878 XClll.

1905 4541 2147 4608 iniquitas
2178 4540 2273 4590 sibi
2319 4550 2519 4591 tantum
2546 4576 2563 4602 ,
2592 4547 2649 4590 et
2678 4552 2782 4589 non
2814 4536 2941 4588 mihi
2961 4536 3178 4608 intentita
3207 4546 3321 4608 est:
3354 4542 3475 4604 quia

1905 4603 2004 4678 ego
2030 4611 2202 4672 credo,
2235 4608 2284 4661 id
2316 4618 2397 4661 est
2420 4646 2446 4678 ,Α
2468 4612 2518 4659 in
2558 4622 2651 4673 spe
2687 4608 2854 4659 habeo
2887 4604 3212 4678 vidererbona
3245 4603 3478 4671 Domini,

1906 4676 2042 4733 bona
2087 4680 2291 4732 scilicet
2321 4676 2605 4730 inell'abilia
2632 4719 2645 4740 ,
2682 4676 3129 4747 incomututaliilia
3161 4685 3213 4729 et
3243 4687 3479 4747 :elerua;

1905 4765 2002 4818 ego
2030 4750 2150 4802 diro
2182 4749 2384 4816 positus
2408 4749 2459 4799 in
2482 4756 2620 4799 terra
2651 4748 2923 4799 virentium
2953 4787 2968 4812 ,
3002 4745 3055 4799 id
3087 4754 3167 4799 est
3197 4747 3247 4799 itt
3275 4745 3479 4804 cmlesti

1907 4821 2112 4887 requie,
2139 4833 2257 4887 quae
2282 4833 2404 4872 vere
2430 4829 2512 4871 est
2536 4826 2676 4870 terra
2700 4818 2989 4887 viventium
3026 4834 3037 4867 :
3069 4818 3190 4885 quia
3217 4830 3369 4874 eruet
3394 4836 3480 4876 me

1906 4886 2525 4944 deterrainorientium
2571 4888 2683 4951 ille,
2729 4886 2818 4955 qui
2857 4902 2953 4955 pro
3000 4903 3085 4941 me
3114 4887 3358 4956 dignatus
3399 4901 3483 4946 est

1906 4961 2176 5023 suscipere
2204 4967 2397 5011 terram
2445 4958 2801 5021 morientium,
2846 4967 2903 5012 et
2943 4962 3076 5012 mori
3116 4959 3254 5014 intra
3294 4977 3482 5016 manus

1909 5028 2265 5091 morientium,
2300 5029 2347 5079 id
2378 5037 2461 5082 est
2480 5028 2743 5080 Christus.

1982 5100 2231 5169 Exspecta
2261 5098 2532 5169 Dominum
2551 5134 2568 5162 ,
2594 5098 2805 5152 viriliter
2833 5114 2948 5167 age,
2979 5107 3025 5152 et
3054 5102 3369 5168 confortetur
3395 5116 3485 5154 eor

1911 5168 2097 5231 tuum,
2134 5179 2181 5221 et
2215 5170 2405 5221 sustine
2442 5168 2740 5220 Dominum.
2783 5169 2881 5222 llic
2919 5184 2977 5224 se
3004 5172 3263 5225 convertit
3293 5172 3358 5222 ad
3388 5185 3482 5224 ex-

1912 5240 2261 5293 hortationem
2309 5239 2569 5301 alinrum;
2618 5240 2769 5307 quasi
2813 5240 2957 5293 dicat
2998 5258 3011 5293 :
3065 5240 3131 5294 Ut
3169 5250 3220 5292 tu
3260 5239 3483 5307 quilibet

1912 5308 2081 5376 possis
2109 5324 2322 5377 sperare
2346 5349 2359 5371 ,
2392 5320 2444 5362 te
2480 5309 2715 5363 \‘isurnm
2754 5310 2890 5365 bona
2923 5310 3131 5364 Domini
3172 5310 3307 5362 sicut
3334 5325 3431 5378 ego
3466 5328 3478 5362 :

1911 5390 2144 5446 exspecta
2174 5379 2487 5443 Dominum,
2511 5378 2563 5433 id
2589 5390 2709 5444 est,
2741 5382 2863 5434 licet
2894 5379 3145 5432 Dominus
3182 5378 3341 5432 faciat
3369 5396 3483 5434 mo-

1911 5464 2022 5502 ram
2054 5490 2068 5510 ,
2102 5467 2204 5503 non
2247 5462 2421 5503 tamen
2461 5462 2512 5502 tu
2543 5451 2629 5518 qui
2670 5463 2847 5518 portas
2878 5450 3077 5516 pondus
3112 5449 3211 5501 diei
3235 5461 3280 5501 ct
3305 5461 3481 5514 (estus,

1911 5521 2124 5572 amittas
2144 5522 2540 5583 conlidentiatn,
2569 5523 2688 5589 quia
2710 5520 3030 5574 conﬁdentia
3057 5520 3215 5573 habet
3235 5534 3481 5584 magnum

1914 5591 2179 5643 meritum.
2216 5592 2281 5644 Ut
2324 5601 2545 5643 testatur
2585 5591 2869 5657 Apostolus
2892 5629 2908 5655 ,
2939 5600 2993 5643 et
3021 5605 3247 5657 quanam
3285 5592 3355 5641 sit
3383 5607 3480 5644 cx-

1912 5662 2230 5727 spectandus
2278 5660 2533 5714 Dominus
2560 5662 2791 5714 ostendit
2825 5660 3007 5713 dicens
3038 5675 3054 5712 :
3090 5658 3316 5712 Vtriliter
3354 5677 3482 5731 age;

1915 5748 2017 5786 non
2049 5732 2186 5785 cnim
2216 5731 2467 5787 Domitius
2496 5731 2885 5802 exspectandus
2922 5740 3003 5786 est
3041 5731 3281 5786 manilius
3312 5732 3485 5787 disso-

2993 5826 3071 5883 20
